3966 6206
605 280 738 337 1255

1580 276 1637 332 S.
1676 273 1973 332 DlONYSll
2010 273 2312 331 EPISCOP!
2351 272 2815 330 ALEXANDRINI

3664 277 3798 333 £255

601 411 709 463 tur,
739 406 798 453 ut
828 397 929 461 sol,
961 398 1109 459 luna,
1137 397 1322 460 stellae,
1358 403 1497 450 terra
1520 405 1573 449 et
1597 410 1772 464 aqua;
1804 394 1993 462 partim
2028 409 2132 448 sen-

2250 390 2435 445 Ταῦτα
2457 390 2565 462 γὰρ
2587 391 2707 444 οὐδὲ
2730 391 2973 452 Θέλοντες
3028 388 3290 458 ὑπάρχειν
3346 387 3678 462 ἀρνήσασθαι
3711 390 3801 446 δύ-

600 505 721 543 sum
748 487 982 558 fugiunt,
1021 500 1077 542 ut
1100 488 1208 553 dii,
1247 488 1517 542 daemones
1542 495 1595 540 et
1619 486 1820 540 animi?
1857 484 1978 540 Hac
2004 485 2147 539 enim

599 595 720 635 esse
741 620 758 643 ,
784 589 844 634 ut
872 581 1101 634 maxime
1124 580 1318 644 velint,
1373 593 1569 647 negare
1593 592 1700 631 non
1729 585 1971 646 possunt.
2029 576 2148 630 Alia

597 671 869 726 diuturna:
908 671 1196 726 admodum
1241 671 1363 723 vita:
1388 708 1404 733 ,
1451 669 1565 723 sive
1595 668 1947 722 animantium
1972 705 1987 729 ,
2038 668 2150 720 sive

597 765 901 833 plantarum
950 779 1014 816 ex
1062 777 1287 832 genere;
1329 761 1722 826 animantium,
1777 769 1835 815 ut
1858 776 1984 815 aves
2008 760 2150 815 inter

597 856 760 925 (quod
789 856 888 925 ipsi
913 855 1178 919 dictitant)
1203 854 1415 923 aquilae,
1460 854 1609 907 corvi
1634 863 1795 922 atque
1825 853 2141 923 phtenices;

595 963 625 1001 e
657 946 999 1001 terrestribus
1042 946 1218 1009 cervi,
1266 946 1576 1016 elephantes
1603 960 1666 999 ac
1688 945 1983 1011 dracones;
2008 960 2038 999 e
2062 946 2147 1013 pi-

594 1039 797 1104 scibus,
832 1054 955 1107 qua
982 1050 1094 1093 cete
1116 1039 1398 1103 dicuntur;
1435 1038 1738 1107 plantarum
1767 1052 1917 1102 vero,
1945 1046 2002 1090 ut
2029 1036 2145 1106 pal-

591 1146 732 1194 mre,
780 1144 1015 1199 quercus
1054 1138 1106 1183 et
1135 1144 1350 1197 perseae.
1391 1128 1627 1194 Quarum
1669 1128 1831 1182 etiam
1874 1128 2147 1181 nonnulla:

590 1230 901 1290 perpetuam
935 1220 1163 1274 retinent
1184 1219 1527 1283 viriditatem,
1553 1218 1857 1287 cuiusmodi
1887 1226 2147 1285 quatuor-

589 1310 763 1363 decim
811 1324 843 1363 a
885 1307 1137 1379 quopiam
1180 1318 1564 1374 numerantur;
1619 1309 1738 1362 aliae
1777 1317 1924 1362 certo
1957 1311 2147 1362 ﬂorent

591 1408 850 1468 tempore,
881 1406 1029 1452 certo
1054 1413 1270 1467 quoque
1295 1397 1578 1452 frondibus
1599 1406 1893 1452 exuuntur.
1919 1397 2035 1451 Alia
2059 1398 2146 1451 de-

588 1490 789 1557 nique,
836 1503 901 1542 ac
944 1488 1116 1541 multo
1159 1503 1289 1543 sane
1340 1488 1604 1557 plurima,
1645 1489 1758 1543 sive
1801 1502 2145 1543 nascanture

588 1592 751 1643 terra,
781 1582 893 1635 sive
923 1580 1230 1649 gignantur,
1270 1580 1628 1649 iniquissimis
1657 1580 1754 1635 fati
1774 1579 2002 1649 vitaeque
2022 1580 2144 1634 bre-

2248 496 2456 534 νανται.
2487 478 2567 531 Τὰ
2599 479 2658 531 δὲ
2687 477 3103 549 μακροϐιώτατα
3125 477 3240 543 ζῶα
3277 494 3334 531 τε
3365 479 3459 533 καὶ
3490 480 3653 548 φυτά”
3693 480 3801 545 ζῶα

2250 571 2367 640 μὲν,
2404 569 2460 622 ἐν
2482 585 2540 621 τε
2562 568 2784 639 ὄρνισιν,
2821 565 2895 629 ὣς
2923 583 3107 635 φασιν,
3130 567 3298 631 ἀετοὶ,
3326 568 3558 637 κόρακές
3601 586 3685 633 τε,
3713 573 3803 626 καὶ

2245 658 2503 732 φοίνικες·
2540 659 2597 714 ἐν
2624 676 2682 712 τε
2715 657 3007 729 χερσαίοις,
3037 657 3224 727 ἔλαφοί
3248 675 3328 722 τε,
3353 659 3447 712 καὶ
3492 660 3801 729 ἐλέφαντες,
3856 645 3864 657 ’

2245 750 2340 803 καὶ
2359 749 2675 820 δράκοντες;
2703 749 2761 801 ἐν
2793 748 2850 800 δὲ
2871 750 2983 812 τοῖς
3035 749 3295 820 ὲνύδροις,
3332 748 3402 803 τὰ
3427 751 3588 821 κήτη’
3619 750 3802 823 δένδρα

2244 841 2321 905 δὲ,
2353 841 2610 910 φοίνικες,
2668 840 2760 894 καὶ
2787 840 2964 912 δρύες,
3014 841 3107 893 καὶ
3159 841 3408 912 περσιίαι⁸
3460 840 3555 894 καὶ
3606 842 3718 897 τῶν
3741 860 3800 911 γε

2243 931 2495 1003 δένδρων,
2524 931 2591 984 τὰ
2617 932 2715 1001 μέν
2744 933 2888 984 ἐστιν
2914 930 3160 1001 ἀειθαλῆ,
3198 929 3235 984 ὃ.
3259 930 3353 983 καὶ
3389 929 3802 1002 καταριθμήσεις

2243 1040 2326 1087 τις
2364 1018 2513 1076 εἶπεν
2555 1018 2692 1077 εἶναι
2726 1021 3207 1093 τεσσαρακαίδεκα·
3244 1021 3312 1074 τὰ
3360 1021 3418 1074 δὲ
3451 1021 3587 1094 πρὸς
3614 1023 3802 1094 καιρὸν

2244 1114 2414 1178 ἀνθεῖ,
2448 1114 2540 1168 καὶ
2576 1112 2906 1185 φυλλορροεῖ·
2936 1112 3005 1166 τὰ
3034 1114 3091 1167 δὲ
3116 1113 3339 1167 πλεῖστα
3372 1113 3480 1167 τῶν
3513 1130 3572 1166 τε
3602 1114 3803 1185 φυομέο

2243 1223 2348 1259 νων
2373 1205 2467 1259 καὶ
2488 1206 2842 1276 γεννωμένων
2870 1204 3017 1258 ἐστὶν
3053 1203 3314 1276 ὠκύμορα
3336 1204 3431 1258 καὶ
3481 1204 3798 1277 βραχυτελῆ·

2241 1291 2317 1353 ὧν
2348 1299 2464 1351 ἐστι
2494 1299 2588 1351 καὶ
2616 1298 2645 1349 ὁ
2674 1296 2976 1368 ἄνθρωπος,
3002 1296 3078 1360 ὡς
3114 1291 3232 1349 εἶπέ
3264 1313 3347 1360 τις
3374 1296 3505 1366 ἁγία
3548 1295 3681 1366 περὶ
3702 1296 3801 1349 αύ-

2242 1387 2574 1459 τοῦΤραφή’
2599 1387 2822 1455 Βροτὸς
2857 1386 2926 1440 δὲ
2952 1385 3237 1456 γεννητὸς
3262 1386 3572 1455 γυναικὸς,
3605 1384 3801 1453 ἀλιτό-

2242 1483 2384 1547 6ιος.
2427 1480 2585 1535 Ἀλλὰ
2623 1481 2749 1544 τοὺς
2779 1479 3103 1548 συνδέσμους
3143 1481 3375 1550 φήσουσι
3422 1477 3534 1531 τῶν
3583 1478 3799 1547 ἀτόμων

2238 1572 2666 1637 διαλλάττοντας,
2694 1572 2900 1635 αἰτίους
2928 1572 3168 1640 γίνεσθαι
3202 1572 3303 1643 τῆς
3331 1572 3461 1643 περὶ
3483 1571 3585 1643 τὴν
3614 1571 3799 1641 διαμο-

587 1671 823 1725 νίεείηιιιε
847 1672 1108 1739 angustiis
1131 1671 1478 1726 includuntur
1498 1689 1511 1726 :
1539 1687 1569 1727 e
1583 1671 1779 1741 quibus
1799 1671 1962 1725 homo
1977 1671 2132 1725 etiam

2241 1667 2337 1738 νὴν
2361 1665 2655 1738 διαφθορᾶς
2871 1664 2953 1717 Τὰ
2996 1665 3092 1731 μὲν
3119 1662 3227 1734 γὰρ
3275 1664 3365 1717 ὑπ’
3395 1663 3580 1717 αὐτῶν
3624 1680 3799 1717 πεπυ-

587 1762 826 1830 ipseest,
855 1731 1133 1816 ut'alicubi
1162 1762 1343 1817 divina
1364 1762 1430 1818 de
1455 1763 1547 1818 illo
1571 1731 1847 1835 scriptura
1876 1764 2132 1834 loquitur,

2241 1756 2476 1812 κνῶσθαι
2501 1755 2594 1809 καὶ
2623 1752 3018 1824 κατεσφίγχθαι
3040 1752 3274 1821 λέγεται,
3299 1752 3374 1815 ὡς
3394 1751 3569 1804 ταῦτα
3603 1767 3799 1805 παντες

587 1851 715 1905 dum
748 1852 823 1905 ait
857 1870 871 1905 :
908 1851 1151 1906 Mortalis
1195 1861 1371 1907 autem
1414 1862 1568 1909 natus
1617 1853 1680 1909 de
1705 1854 1952 1918 muliere,
2003 1853 2140 1908 brevi

585 1943 755 1996 virens
784 1952 1009 2011 (arripere
1040 1943 1105 1996 “.
1143 1942 1429 2009 Diversos,
1462 1945 1654 2015 Opinor
1675 1985 1689 2009 ,
1722 1954 2025 2000 atomorum
2051 1960 2138 1999 ne-

586 2046 687 2084 xus
707 2071 722 2093 ,
769 2039 930 2085 tanta;
953 2030 1117 2098 hujus
1144 2030 1196 2083 in
1226 2030 1559 2098 persistendo
1589 2030 1902 2085 dilferentize
1943 2044 2138 2085 causas

583 2137 704 2175 esse
746 2120 1161 2190 respondebunt.
1197 2120 1315 2174 Alia
1357 2120 1523 2186 enim,
1573 2119 1847 2178 videlicet.
1894 2119 2138 2189 pressius

584 2212 654 2265 ab
682 2211 747 2265 iis
776 2211 1085 2278 arctiusque
1129 2208 1457 2279 constringi,
1501 2224 1620 2279 qua:
1654 2208 1877 2277 proinde
1904 2208 1979 2262 uti
2002 2208 2137 2262 den-

582 2300 728 2354 siora
753 2339 769 2361 ,
815 2298 894 2354 sic
917 2299 982 2352 ad
1022 2298 1423 2353 dissolvendum
1466 2298 1622 2370 longe
1642 2297 1958 2352 diﬁicillima
1987 2297 2132 2361 sint;

581 2391 687 2446 alia
711 2405 860 2470 vero,
894 2391 1039 2459 quod
1069 2390 1261 2445 laxiori
1293 2405 1357 2446 ac
1378 2390 1622 2447 solutiori
1662 2401 1963 2446 atomorum
1989 2390 2137 2445 colli-

582 2484 796 2554 gatione
818 2482 1061 2537 devincta
1082 2483 1209 2548 sint,
1228 2491 1389 2552 atque
1411 2481 1463 2537 id
1488 2483 1648 2536 etiam
1671 2498 1795 2539 cum
1821 2482 2000 2552 aliquo
2020 2481 2137 2536 dis-

578 2573 840 2639 crimine,
893 2572 1123 2628 celerius
1161 2583 1442 2644 propterea
1488 2574 1571 2629 vel
1619 2573 1825 2630 tardius
1850 2573 1919 2629 ab
1947 2587 2134 2629 earum

583 2670 778 2716 ornatu
806 2662 1197 2733 complexuque
1232 2662 1519 2718 removeri.
1578 2660 1858 2719 Postremo
1888 2678 1953 2718 ex
1975 2663 2136 2718 certis

580 2755 909 2825 quibusdam
961 2756 1090 2822 alia,
1143 2764 1398 2826 certoque
1439 2755 1597 2812 modo
1637 2756 1895 2828 ﬁguratis,
1928 2755 2032 2810 alia
2069 2771 2136 2811 ex

580 2846 701 2899 aliis
725 2859 790 2899 ac
811 2858 931 2899 sese
956 2845 1111 2898 aliter
1136 2844 1459 2900 habentibus
1483 2860 1603 2899 esse
1646 2845 1950 2899 commista.
2005 2842 2131 2907 Sed,

579 2936 704 3005 quis
745 2936 834 2990 ille
877 2950 1040 3005 porro
1081 2935 1415 2991 diversarum
1462 2935 1614 3006 quasi
1656 2936 1896 2989 tribuum
1942 2934 2131 3005 judex,

2238 1849 2344 1912 λῶς
2370 1847 2787 1902 δυσαπάλλακτα
2817 1844 3095 1914 γεγονέναι
3128 1844 3428 1915 πιλήματα·
3487 1844 3559 1897 τά
3611 1844 3669 1897 δὲ
3703 1863 3800 1916 μα-

2238 1941 2462 2012 νοτέραν
2501 1939 2595 1993 καὶ
2629 1937 2876 2010 χαλῶσαν
2934 1935 3032 2007 τὴν
3088 1936 3381 2005 συνάφειαν
3427 1935 3539 1988 τῶν
3587 1936 3799 2007 ἀτόμων

2238 2033 2324 2086 ἐπ’
2356 2032 2630 2102 ἐλαττονῆ
2659 2030 2818 2083 πλέον
2874 2028 3180 2100 ἐσχηκέναι,
3203 2028 3278 2092 ὼς
3310 2030 3342 2098 ἢ
3370 2027 3566 2081 ϐᾶττον
3597 2028 3633 2099 ἦ
3671 2030 3800 2098 μετὶι

2239 2122 2371 2177 πολὺ
2399 2124 2496 2193 τῆς
2530 2123 2848 2193 κοσμήσεως
2874 2119 3051 2172 αὐτῶν
3094 2119 3437 2188 ἀφίστασθαι.
3471 2119 3587 2173 Καὶ
3608 2120 3679 2173 τὰ
3708 2120 3799 2189 μὲν

2238 2215 2301 2266 ὲκ
2322 2213 2535 2266 τοιῶνδε
2558 2214 2650 2267 καὶ
2675 2206 2779 2265 ὧδέ
2811 2228 2926 2274 πως
2979 2212 3483 2283 ὲσχηματισμένων·
3538 2211 3614 2265 τὰ
3639 2212 3717 2276 δὲ,
3746 2210 3803 2274 ἐξ

2238 2305 2441 2377 ἑτέρων
2468 2303 2718 2375 ἐτεροίως
2759 2303 3113 2375 διακειμένων
3147 2303 3549 2375 συμμεμῖχθαι.
3584 2303 3681 2370 Ti;
3713 2298 3799 2357 οὖν

2236 2398 2265 2451 δ
2290 2396 2608 2469 φιλοκρίνων
2637 2394 2770 2467 (56),
2800 2395 3132 2467 συναγείρων
3172 2413 3251 2460 τε,
3283 2396 3376 2449 καὶ
3407 2395 3683 2465 ἀναχέων,
3713 2396 3800 2448 καὶ

2236 2485 2396 2539 τάσδε
2425 2486 2520 2557 μὲν
2542 2484 2682 2538 οὕτω
2715 2485 3017 2539 συντάττων
3042 2486 3123 2548 είς
3142 2484 3312 2554 ἥλιον,
3342 2485 3438 2546 τὰς
3476 2484 3538 2537 δε
3573 2484 3695 2548 ὡδὶ,
3716 2484 3798 2536 ἶνα

2241 2579 2274 2649 ή
2308 2578 2504 2650 σελήνη
2526 2579 2767 2650 γένηται,
2808 2579 2901 2632 καὶ
2928 2578 3134 2632 ἕκαστα
3184 2577 3479 2647 συμφέρων
3518 2576 3670 2629 κατὰ

2235 2671 2535 2744 οἰκειότητα
2562 2672 2696 2744 πρὸς
2729 2670 2954 2725 ἑκάστου
3002 2671 3162 2740 φύσιν
3213 2668 3478 2739 ἀστέρο;;
3522 2668 3670 2721 Οὔτε
3696 2669 3798 2738 γὰρ

2236 2763 2290 2815 al
2321 2761 2539 2832 ήλιακαὶ
2570 2762 2664 2816 καὶ
2717 2760 2946 2824 τοσαίδε,
2980 2759 3075 2814 καὶ
3113 2758 3334 2821 τοιαίδε,
3388 2759 3487 2812 καὶ
3545 2752 3656 2811 ὦδὲ
3687 2774 3797 2819 πως

2236 2851 2534 2914 ἑνωθεῖσαι,
2565 2852 2699 2925 πρὸς
2744 2849 3002 2923 ἐργασίαν
3057 2848 3282 2920 σελήνης
3322 2847 3388 2901 ἂν
3419 2844 3799 2918 καταϐεϐήκε-

2236 2960 2354 3007 σαν,
2384 2942 2491 2997 οὔτ’
2522 2943 2591 2997 ἂν
2625 2945 2681 2999 αἱ
2712 2942 2820 2997 τῶν
2863 2941 3193 3011 σεληνιακῶν
3239 2941 3459 3012 ἀτόμων
3499 2940 3796 2994 πλεκτάναι

578 3027 715 3080 alias
740 3027 902 3096 cogit,
931 3026 1160 3094 dissipat
1178 3027 1350 3080 alias?
1380 3027 1502 3095 quis
1524 3042 1617 3081 eas
1639 3026 1717 3080 sic
1743 3028 1882 3081 inter
1913 3043 1971 3081 se
1990 3042 2132 3082 com-

2233 3034 2524 3105 γεγόνεσάν
2552 3051 2678 3088 ποτε
2705 3033 2871 3104 ἥλιος·
2916 3033 3029 3087 ἀλλ’
3052 3033 3171 3087 οὐδὲ
3223 3030 3575 3104 Ἀρκτοῦρος,
3634 3034 3682 3085 εί
3709 3036 3795 3085 καὶ

578 3120 761 3184 mittit,
807 3128 867 3172 ut
899 3118 1021 3173 inde
1055 3119 1215 3172 modo
1240 3119 1343 3181 sol,
1381 3117 1542 3171 modo
1565 3118 1693 3171 luna
1717 3118 1958 3172 oriatur?
2008 3118 2131 3187 quis

575 3206 810 3276 denique
835 3205 1169 3274 singularum
1197 3205 1471 3259 stellarum
1496 3206 1726 3272 naturis,
1754 3221 1875 3276 quae
1899 3208 2132 3277 quibus-

574 3319 680 3372 que
724 3302 940 3371 propria
970 3311 1097 3355 sunt
1138 3301 1425 3371 nativaque
1450 3302 1780 3357 contribuit?
1843 3302 1953 3360 Nec
1986 3305 2130 3360 enim

579 3391 842 3463 profecto,
871 3400 966 3447 aut
988 3391 1194 3447 solares
1216 3392 1319 3447 illae
1345 3401 1424 3446 tot
1447 3401 1609 3463 atque
1636 3394 1789 3460 tales,
1812 3408 1985 3465 eoque
2010 3411 2133 3450 con-

568 3486 772 3555 juncta:
798 3484 979 3552 modo,
1004 3484 1072 3539 ad
1099 3485 1239 3539 lunae
1263 3484 1689 3553 procreationem
1724 3496 2128 3553 concurrerent,

571 3586 667 3633 aut
704 3576 976 3632 lunarium
1023 3585 1327 3630 atomorum
1354 3590 1526 3630 nexus
1559 3574 1724 3631 solem
1754 3592 1994 3646 unquam
2018 3577 2131 3631 elli—

573 3680 779 3726 rerent.
845 3668 922 3724 Ita
966 3683 1066 3723 nec
1094 3670 1388 3733 Arcturus,
1424 3668 1637 3724 tametsi
1678 3669 2019 3738 perillustris,
2059 3685 2125 3724 ex

576 3776 786 3817 aurorae
809 3802 824 3826 ,
874 3776 975 3816 nec
995 3759 1213 3816 Orionis
1246 3775 1308 3813 ex
1344 3760 1539 3814 atomis
1573 3760 1834 3815 conﬂatas
1866 3776 1925 3815 se
1949 3759 2127 3815 Pleia-

570 3857 665 3910 des
712 3870 951 3924 unquam
999 3851 1313 3925 glorientur.
1371 3851 1634 3907 Praeclare
1658 3852 1800 3906 enim
1824 3850 2024 3907 Paulus
2054 3852 2128 3906 ita

569 3946 820 4001 distinxit
849 3964 861 4000 :
897 3945 1042 4007 Alia,
1078 3945 1272 4015 inquit,
1319 3945 1537 3999 claritas
1565 3946 1713 4012 solis,
1759 3955 1807 3999 et
1837 3945 1945 3999 alia
1971 3946 2128 3998 clari-

573 4050 655 4091 tas
683 4038 858 4101 lunia,
908 4047 957 4091 et
993 4036 1104 4089 alia
1137 4036 1354 4090 claritas
1379 4036 1651 4089 stellarum
1683 4051 1702 4089 :
1732 4036 1887 4089 stella
1921 4036 2059 4090 enim
2094 4052 2127 4090 a

568 4129 723 4184 stella
771 4130 948 4199 differt
979 4130 1035 4181 in
1070 4127 1240 4198 gloria
1285 4128 1348 4180 ".
1386 4115 1633 4181 Profecto
1660 4144 1681 4191 ;
1709 4127 1754 4181 si
1783 4142 1969 4182 earum
2007 4135 2128 4181 tan-

568 4236 730 4292 quam
766 4220 1183 4275 inanimatarum
1228 4218 1621 4283 coagmentatio
1654 4234 1814 4273 sensu
1856 4219 2004 4274 omni
2032 4234 2123 4274 ca-

569 4316 695 4381 ruit,
710 4313 977 4368 industrio
993 4327 1057 4366 ac
1073 4311 1242 4381 perito
1261 4309 1464 4365 artiﬁce
1478 4326 1614 4380 opus
1637 4310 1875 4365 habuere
1902 4328 1915 4364 :
1942 4311 1987 4366 si
2006 4319 2126 4365 tan-

2233 3127 2479 3199 λαμπρός
2502 3129 2636 3191 ἐστι,
2658 3126 2755 3190 τὰς
2777 3127 3080 3198 Ἑωσφόρου
3110 3124 3658 3197 μεγαλοφρονήσαιτό
3678 3139 3798 3176 ποτε

2232 3220 2299 3274 ἂν
2338 3220 2570 3289 ἀτόμους
2624 3218 2785 3287 ἔχειν,
2832 3217 2954 3271 οὐδὲ
2996 3217 3093 3280 τὰς
3123 3217 3373 3289 Ὠρίωνος
3416 3216 3478 3270 αἱ
3519 3215 3794 3277 Πλειάδες.

2231 3310 2426 3374 Καλῶς
2454 3310 2561 3381 γὰρ
2585 3311 2612 3362 ό
2634 3309 2840 3373 Παῦλος
2867 3308 3179 3373 διέστειλεν,
3197 3308 3385 3362 εἰπών’
3420 3308 3629 3377 Ἄλλη
3655 3307 3795 3370 δόξα

2229 3402 2427 3469 ἡλίου,
2457 3403 2551 3456 καὶ
2582 3401 2738 3469 ἄλλη
2783 3400 2933 3466 δόξα
2970 3400 3256 3467 σελήνης,
3289 3400 3389 3453 καὶ
3447 3400 3617 3467 ἄλλη
3654 3398 3794 3463 δόξα

2228 3494 2513 3561 ἀστέρων·
2540 3491 2734 3560 ἀστὴρ
2782 3492 2889 3562 γὰρ
2919 3492 3170 3560 ἀστέρος
3207 3490 3472 3560 διαφέρει
3508 3492 3585 3544 ἐν
3629 3489 3793 3559 δόξῃ.

2229 3585 2339 3638 Καὶ
2360 3585 2407 3636 εί
2437 3582 2535 3654 μὲν
2567 3582 2960 3652 ἀνεπαίσθητος
3006 3580 3182 3635 αὐτῶν
3207 3580 3282 3645 ὡς
3308 3580 3536 3651 ἀψύχων
3564 3580 3602 3652 ἡ
3665 3579 3795 3651 σύμ-

2228 3673 2389 3745 πηξις
2413 3672 2647 3740 ἐγένετο,
2677 3673 3033 3744 ἐπιστήμονος
3058 3673 3248 3736 αὑταῖς
3291 3671 3397 3725 ἔδει
3436 3672 3790 3744 δημιουρτσε.

2227 3765 2275 3818 εί
2302 3762 2358 3816 δὲ
2415 3759 2769 3835 ἀπροαίρετος
2812 3761 2905 3815 καὶ
2934 3763 3052 3814 κατ’
3074 3762 3338 3832 ἀνάγκην,
3388 3760 3468 3825 ὡς
3500 3762 3792 3831 ἀλόγω,ή

2228 3852 2493 3925 σύνερξις,
2552 3852 2711 3922 σοφός
2749 3869 2833 3915 τις
2885 3851 3053 3915 αὐτὰς
3104 3851 3411 3923 ἀγελάρχης
3452 3853 3794 3907 συνελαύνων

2225 3944 2607 4015 ἐπεστάτησεν·
2643 3943 2691 3996 εί
2736 3943 2794 3996 δὲ
2842 3943 3099 4007 ἑκουσίως
3144 3942 3538 4015 ὲθελουργῆσαι
3600 3944 3797 4013 συγκέ-

2226 4035 2486 4099 κλεινται,
2520 4033 2817 4105 θαυμάσιός
2848 4051 2931 4097 τις
2958 4034 3135 4088 αὐτῶν
3177 4034 3519 4107 ἀρχιτέκτων
3573 4036 3793 4108 ὲργοδο-

2223 4128 2331 4182 τῶν
2355 4129 2719 4199 προηγήσατο·
2754 4127 2787 4199 ἥ
2826 4127 3072 4200 καθάπερ
3103 4128 3358 4193 εὔτακτος
3392 4132 3709 4203 στρατηγὸς
3734 4132 3795 4186 οὗ

2225 4218 2720 4291 συγκεχωρημένην
2744 4217 2852 4289 (37)
2892 4219 3040 4272 εἴασε
3063 4218 3158 4291 τὴν
3189 4220 3467 4291 στρατιάν,
3496 4223 3597 4276 καὶ
3619 4224 3799 4276 πάντα

2223 4308 2460 4383 ἀναμὶξ,
2494 4311 2608 4365 ἀλλ’
2641 4314 2698 4366 ὲν
2736 4312 2889 4384 μέρει
2920 4311 3016 4383 μὲν
3048 4312 3145 4383 τὴν
3178 4312 3357 4365 ἵππων
3377 4350 3394 4375 ,
3444 4312 3555 4384 ἰδίᾳ
3584 4315 3645 4368 δὲ
3670 4317 3798 4379 τοὺς

567 4421 730 4474 quam
758 4403 983 4458 rationis
1003 4402 1324 4471 expertium,
1366 4416 1535 4456 vacua
1556 4400 1792 4464 consilii,
1827 4402 2115 4455 necessita-

2232 4403 2458 4467 5πλίτας,
2495 4405 2621 4467 τούς
2649 4420 2707 4457 τε
2744 4403 3059 4467 ἀκοντιστάς
3108 4403 3227 4458 καθ’
3268 4405 3515 4470 ἑαυτοὺς,
3553 4408 3656 4461 καὶ
3682 4427 3797 4478 χω-

569 4508 675 4551 tem
701 4506 784 4551 est
808 4507 990 4552 secuta
1012 4497 1321 4565 coniunctio
1338 4514 1353 4563 ;
1371 4495 1630 4565 sapientis
1644 4495 1867 4550 omnino
1882 4493 2118 4565 pastoris

2218 4496 2302 4567 ρἰς
2338 4495 2463 4558 τοὺς
2493 4492 2731 4560 τοξότας,
2784 4494 2878 4548 καὶ
2903 4496 3027 4559 τοὺς
3059 4495 3400 4564 σφενδονίτας
3418 4535 3433 4560 ,
3464 4495 3600 4550 ἔνθα
3626 4500 3799 4569 ὲχρῆν

569 4605 729 4643 manu
765 4589 942 4643 locum
976 4588 1029 4643 in
1068 4605 1234 4644 unum
1257 4589 1505 4659 compelli
1529 4586 1865 4653 debuere;si
1886 4586 2118 4655 denique

2232 4586 2507 4652 ῐιετάξατο,
2552 4586 2638 4640 ἵνα
2686 4584 2935 4657 ἀλλήλοις
2981 4587 3030 4639 οἱ
3081 4586 3365 4657 όμόσκευοι
3421 4592 3796 4659 συμμαχοῖεν.

567 4690 752 4751 suapte
782 4691 975 4750 sponte
1002 4682 1362 4736 voluntarium
1395 4680 1462 4735 ad
1494 4695 1631 4751 opus
1668 4693 1985 4746 convenere,
2015 4679 2112 4733 ad-

569 4774 829 4828 mirabilis
851 4772 1007 4842 plane
1027 4773 1350 4828 architectus
1371 4786 1701 4841 eperuinque
1721 4787 1936 4842 praeses,
1954 4786 2112 4825 suum

565 4867 762 4935 cuique
786 4881 982 4920 munus
1020 4880 1354 4934 pensumque
1386 4864 1701 4933 descripsit;
1733 4871 1826 4918 aut
1856 4863 2114 4932 quemad-

568 4960 783 5013 modum
808 4956 1012 5011 ordinis
1038 4971 1226 5011 amans
1258 4956 1567 5024 imperator,
1598 4970 1705 5007 non
1744 4953 2112 5023 perturbatum

565 5050 779 5120 reliquit
798 5050 1111 5113 exercitum,
1135 5064 1239 5102 non
1262 5046 1570 5117 permisceri
1593 5046 1774 5100 omnia
1795 5059 1988 5115 passus
2009 5053 2111 5109 est,

561 5152 617 5196 at
638 5143 757 5197 loco
781 5156 880 5197 suo
900 5142 1153 5211 equitem,
1175 5138 1515 5210 peditemque
1534 5152 1634 5193 suo
1656 5137 1938 5205 disposuit,
1960 5135 2115 5207 jacu-

560 5232 761 5290 latores
788 5235 910 5290 item
939 5246 1201 5295 seorsum,
1228 5242 1580 5298 seorsumque
1602 5227 1926 5298 sagittarios,
1954 5234 2114 5297 atque

563 5325 653 5380 ubi
692 5342 789 5396 par
825 5332 942 5380 erat
968 5320 1358 5379 fundihularios
1389 5318 1689 5386 collocavit,
1717 5326 1775 5372 ut
1805 5316 1999 5373 similis
2023 5330 2113 5374 ar-

635 5466 679 5497 ³⁸
707 5463 807 5520 Job
832 5480 944 5528 xiv,
975 5465 1023 5518 Ι.
1104 5458 1193 5516 ιτι
1227 5460 1352 5519 Cor.
1383 5474 1487 5524 xv,
1515 5456 1606 5514 4|.

633 5604 743 5671 (55)
770 5602 1110 5673 Διαφθορᾶς.
1136 5603 1296 5669 Forte
1318 5602 1595 5673 διαφορᾶς.
1631 5600 1818 5673 Ytgen.

635 5668 744 5740 (δυ)
777 5668 1151 5741 Φαὶοκρίνων.
1185 5675 1266 5727 An
1294 5668 1664 5744 φυλοκρινῶνῖ
1689 5668 1765 5725 In.

2216 4682 2279 4736 El
2323 4681 2379 4733 δὲ
2421 4680 2576 4734 τοῦτο
2614 4678 2809 4751 χλεύην
2854 4678 3054 4734 οἴονται
3097 4680 3161 4734 τὸ
3198 4678 3569 4753 παράδειγμα,
3616 4683 3715 4738 διὰ
3741 4683 3801 4738 τὸ

2221 4772 2467 4844 μεγάλων
2522 4773 2785 4845 σωμάτων
2831 4790 2897 4843 με
2947 4773 3083 4846 πρὸς
3114 4772 3182 4828 τὰ
3226 4772 3482 4843 ἐλάχιστα
3520 4777 3803 4831 ιτοιείτθσι

2220 4863 2538 4936 σύγκρισιν,
2573 4864 2663 4916 ἐπὶ
2686 4862 2754 4917 τὰ
2788 4864 3118 4936 σμικρότατα
3162 4864 3608 4936 μεταϐησόμεθα.
3651 4864 3804 4924 Εἶτα

2217 4955 2444 5021 τούτοις
2489 4953 2634 5021 ἑξῆς
2682 4953 2970 5023 ἐπιλέγειθ
3032 4954 3094 5008 El
3149 4953 3205 5007 δὲ
3252 4955 3388 5027 μήτε
3428 4953 3605 5021 λέξις,
3658 4960 3803 5030 μήτε

2218 5045 2434 5117 ἐκλογή,
2477 5047 2610 5117 μήτε
2655 5044 2806 5111 τάξις
2851 5044 3039 5109 αὐταῖς
3075 5046 3330 5117 ἄρχοντος
3363 5046 3674 5113 ἔπικὲοιτο,
3709 5050 3807 5103 cf»

2218 5136 2307 5189 cui.
2344 5136 2399 5189 δὲ
2436 5138 2519 5206 ἐφ’
2565 5135 2768 5189 ἑαυτῶν
2812 5134 2978 5199 αὐτάς
3013 5137 3078 5189 ὲκ
3100 5135 3198 5207 τῆς
3222 5135 3421 5207 πολλῆς
3449 5138 3601 5190 κατὰ
3638 5141 3804 5210 ῥύσιν

2218 5222 2420 5296 τύρϐης
2445 5224 2832 5287 διευθύνουσαι,
2854 5224 2947 5280 καὶ
2966 5224 3056 5279 τὸν
3081 5225 3246 5279 πολὺν
3273 5225 3379 5280 τῶν
3408 5226 3809 5296 συμπτώσεων

2216 5313 2578 5386 διεκπερῶσαι
2607 5314 2878 5386 κυδοιμὸν,
2908 5315 2964 5369 αι
2988 5315 3169 5386 ὅμοιαι
3195 5316 3331 5388 πρὸς
3357 5314 3453 5381 τὰς
3473 5316 3809 5390 epotaque:

2292 5599 2402 5673 (37)
2434 5598 2990 5671 Συγκεχωρτυιένην.
3019 5597 3181 5657 Forte
3205 5598 3647 5673 συγκεχυμένην.
3674 5604 3768 5661 1..
