1983 3103
143 136 215 164 1257

616 137 826 166 FRAGMENTA
844 139 889 166 EX
910 139 1021 169 LIBRIS
1040 140 1084 168 DE
1100 141 1253 170 NATUBA.

1682 127 1754 171 ἠδε

139 196 195 223 ὑπὸ
210 195 257 222 τοῦ
277 194 355 228 θεοῦ,
372 195 441 223 κατά
462 195 508 223 τὸν
532 197 660 232 ποιητὴν,
680 196 798 231 ἄγοιντο.
817 197 923 233 συντρέ-

977 204 1092 229 maturae
1104 200 1202 228 milites
1216 199 1297 228 simul
1309 199 1391 227 etiam
1405 207 1499 228 omnes
1512 199 1681 228 dimicarent.
1702 201 1754 235 Qui

138 249 214 278 χοιεν
228 241 257 268 δὲ
266 241 313 267 καὶ
326 241 546 276 συναγελάζοιντο
555 263 562 274 ,
578 242 757 279 γνωρίζουσαι
768 243 817 275 τὰς
828 252 926 279 συγγε-

138 289 210 320 νεῖς·
235 287 376 324 θαυμαστή
401 297 432 322 γε
455 289 508 315 τῶν
523 288 632 324 ἀτόμων
653 289 863 325 ήδημοκρατία,
882 290 926 316 δε-

139 332 290 368 ξιουμένων
308 341 337 360 τε
360 334 477 370 ἀλλήλας
493 335 546 362 τῶν
562 335 645 369 φίλων
663 335 710 361 καὶ
728 335 926 371 περιπλεκομέ-

137 386 203 411 νων,
212 380 252 410 εἷς
264 379 328 414 μίαν
340 387 370 405 τε
381 379 567 416 κατασκηνοῦν
580 380 717 407 συνοικίαν
731 381 924 416 ἐπειγομένων·

138 426 188 463 καὶ
209 425 260 452 τῶν
279 425 338 460 μὲν,
352 426 621 461 ἀποτετορνευμένων
635 426 794 462 αὐτομάτως
805 428 845 458 είς
853 426 927 461 ἥλιον

137 471 271 507 φωστῆρα
286 471 380 506 μέγαν,
393 471 436 498 ἶνα
446 472 580 507 ποιήσωσι
591 471 639 507 τὴν
654 471 758 507 ἡμέραν
770 480 776 486 ·
789 471 841 498 τῶν
852 471 927 503 δὲείς

138 517 240 549 πολλὰς
265 516 330 548 ῐσως
350 517 506 552 πυραμίδας
526 517 647 553 ἀστέρων
669 516 925 552 ἀναπεφλεγμένων,

138 563 183 590 ἵνα
203 563 249 590 καὶ
264 563 324 590 ὅλον
341 562 531 598 στεφανώσωσι
550 563 596 590 τὸν
614 563 741 599 οὐρανόν·
756 563 810 589 τῶν
825 563 863 595 δὲ,
880 572 927 589 πε-

138 609 349 645 ριτεταγμένων,
367 608 410 634 ἵνα
424 608 504 635 αὑτὸν
512 608 574 643 εἰκῆ
588 608 757 644 στερεώσωσι
776 608 823 635 καὶ
838 617 872 635 κα
877 618 927 643 μα-

137 654 247 690 ρώσωσι
259 654 304 681 τὸν
316 654 411 690 αἰθέρα
426 655 465 686 εἰς
475 654 524 690 τὴν
536 653 588 681 τῶν
603 654 752 689 φωστήρων
766 654 925 690 ἑπιὸἀθραν,

135 700 357 734 ἑπιλέξωνταί·τε
373 701 482 732 ἑαυταῖς
500 701 527 726 αί
545 700 733 735 συνομολογίαι
744 700 798 726 τῶν
811 700 927 735 χυδαίων

136 746 250 782 ἀτόμων
267 746 350 782 μονὰς
362 766 370 779 ,
390 747 435 773 καὶ
453 746 690 782 διακληρώσωνται
705 747 750 773 τὸν
765 747 877 783 οὐρανὸν
887 748 926 779 είς

135 793 228 824 οἴκους
239 793 345 824 ἑαυταῖς
357 793 403 819 καὶ
413 792 557 828 σταθμούς.
571 790 643 819 Εἶτα
651 793 715 827 μεθ’
723 792 810 827 ἕτερά
819 801 924 827 φησιν·

138 838 214 865 Ἀλλ’
237 839 296 865 οὐδὲ
317 839 352 866 τά
373 839 476 874 φανερὰ
495 838 593 874 ὁρῶσιν
607 839 682 866 αὐτοὶ
698 840 722 866 οἱ
747 840 923 875 ἀπρονόητοι,

135 884 235 911 πολλοῦ
261 893 293 919 γε
313 885 401 912 δέουσι
419 885 532 920 συνορᾷν
556 885 602 912 καὶ
627 884 661 912 τὰ
683 886 783 920 ἀφανῆ.
807 886 924 912 Ἑοίκασι

134 931 192 967 γὰρ
216 931 282 967 μηδὲ
301 931 432 963 ἀνατολὰς
450 931 612 958 ὑποπτεύειν
624 932 802 966 τεταγμένας,
814 932 861 959 καὶ
877 932 924 958 δύ-

136 985 206 1009 σεις,
240 978 308 1013 μήτε
336 977 390 1004 τῶν
414 977 509 1009 ἄλλων,
537 978 606 1012 μήτε
628 978 678 1009 τάς
703 977 925 1013 ἑκπρεπεστάτας

135 1022 229 1057 ἡλίου·
257 1022 325 1058 μηδὲ
347 1022 463 1058 χρῆσθαι
479 1023 538 1053 ταῖς
563 1021 595 1048 δι’
620 1022 710 1049 αὐτῶν
727 1022 925 1059 δεδωρημέναις

134 1067 290 1104 ἀνθρώποις
302 1069 482 1104 ἐπικουρίαις,
495 1069 668 1105 ἀναπτομένῃ
684 1068 733 1104 μὲν
745 1069 785 1101 εἰς
795 1069 925 1104 ἐργασίαν

135 1115 245 1151 ἡμέρα,
274 1114 483 1152 ἑπηλυγαςούσῃ
504 1115 531 1141 δὲ
560 1115 636 1141 νυκτὶ
664 1114 732 1150 πρὸς
756 1114 923 1142 ἀνάπαυλαν.

142 1161 351 1193 Ἐξελεύσεται
372 1160 427 1195 τὰρ
439 1160 603 1195 ἄνθρωπος,
624 1160 716 1196 φησὶν,
730 1160 779 1187 ἐπὶ
793 1161 825 1187 τὸ
838 1161 926 1195 ἔργον

133 1206 240 1238 αὑτοῦ,
256 1206 305 1233 καὶ
314 1206 363 1233 ἐπὶ
374 1206 429 1240 τὴν
443 1206 586 1241 ἐργασίαν
597 1206 700 1238 αὐτοῦ,
715 1206 770 1240 ἕως
784 1207 922 1242 ἑσπέρας.

143 1252 211 1278 Ἀλλ’
227 1252 286 1279 οὐδὲ
300 1252 349 1288 τὴν
367 1252 461 1288 ἑτέραν
478 1251 670 1279 ἐπισκοποῦσιν
679 1252 861 1289 ἀνακύκλησιν
873 1254 923 1281 αὑ-

134 1296 193 1330 τοῦ,
211 1297 271 1324 καθ’
286 1297 318 1332 ῆν
331 1296 485 1333 ὡρισμένας
495 1297 578 1333 ὥρας,
593 1297 640 1324 καὶ
651 1299 761 1334 καιροὺς
770 1298 923 1335 εὐκαίρους,

135 1346 184 1372 καὶ
197 1345 300 1381 τροπὰς
310 1345 537 1381 ἀπαρατρέπτους
557 1345 692 1378 ἀποτελεῖ,
711 1346 764 1372 ὑπὸ
780 1346 833 1372 τῶν
849 1347 878 1380 ἑξ
887 1344 924 1374 ὦν

138 1389 211 1417 ἑστιν
234 1390 341 1426 ἀτόμων
366 1389 557 1426 ὁδηγούμενος.
587 1389 666 1416 Ἀλλά
684 1389 734 1417 κᾶν
754 1389 791 1426 μὴ
812 1390 923 1419 θέλωσιν

135 1437 160 1463 οἱ
175 1436 294 1469 δείλαιοι,
315 1436 352 1468 ὡς
368 1436 389 1463 δ’
409 1434 454 1463 οὖν
468 1436 650 1468 πιστεύουσιν,
673 1436 697 1462 οἱ
714 1436 823 1469 δίκαιοι,
838 1436 924 1472 μέγας

135 1482 238 1519 Κύριος
252 1483 266 1509 ό
286 1483 400 1519 ποιήσας
415 1483 505 1515 αὑτὸν,
527 1482 573 1509 καὶ
589 1483 617 1509 ἑν
638 1482 726 1517 λόγοις
747 1483 827 1509 αὑτοῦ
845 1484 924 1510 κατέ-

136 1537 238 1555 σπευσε
253 1529 373 1565 πορείαν.
388 1529 500 1564 Ἀτομοι
511 1529 564 1565 γὰρ
579 1529 643 1564 ὑμῖν
651 1529 771 1564 χειμῶνα
785 1529 921 1566 φέρουσιν,
936 1543 957 1572 c

134 1572 159 1602 ὦ
177 1575 289 1610 τυφλοὶ,
309 1576 355 1602 καὶ
371 1576 463 1607 ὑετοὺς
474 1595 480 1607 ,
497 1576 539 1602 ῖνα
553 1576 569 1611 ἡ
585 1576 620 1611 γῆ
636 1575 737 1611 τροφὰς
752 1576 815 1611 ὑμῖν
829 1584 858 1602 τε
873 1576 919 1602 καὶ

136 1623 204 1650 πᾶσι
215 1624 270 1654 τοῖς
284 1623 327 1649 ἐπ’
341 1622 431 1654 αὐτοῖς
444 1621 521 1654 ζώοις
536 1622 586 1657 ἀνῇ
598 1630 605 1655 ;
624 1622 708 1658 Θέρος
722 1630 750 1648 τε
765 1622 922 1656 ἐπάγουσιν,

135 1669 180 1696 ἵνα
203 1669 249 1695 καὶ
268 1669 330 1700 τοὺς
349 1667 403 1694 ἀπὸ
422 1667 537 1703 δένδρων
557 1669 596 1699 είς
613 1668 718 1704 τρυφὴν
738 1660 859 1704 καρποὺς
878 1667 923 1694 λά-

135 1715 219 1751 6ητε;
237 1716 292 1742 Καὶ
307 1715 350 1742 διὰ
366 1715 392 1742 τί
412 1715 449 1751 μὴ
470 1716 529 1747 ταῖς
544 1715 654 1751 ἀτόμοις
678 1717 853 1751 προσκυνεῖτε
877 1716 922 1742 καὶ

135 1761 214 1789 θύετε
231 1764 291 1794 ταῖς
305 1762 482 1798 ἑπικάρποις;
492 1760 641 1797 Ἀχάριστοί
657 1771 699 1796 γε,
718 1762 784 1797 μηδὲ
798 1762 922 1797 ἀπαρχὰς

134 1810 229 1841 αὑταῖς
249 1809 341 1843 ὀλίγας
362 1810 415 1835 τῶν
431 1809 535 1835 πολλῶν
558 1808 675 1844 δωρεῶν,
702 1808 733 1840 ἃς
750 1809 814 1844 παρ’
833 1808 923 1835 αὐτῶν

135 1856 224 1892 ἔχετε,
245 1856 429 1892 ἀφιεροῦντες.
454 1855 510 1883 Καὶ
535 1856 610 1891 μετὰ
630 1855 746 1890 ,ϐραχέα
760 1856 869 1890 φησίν·
893 1856 922 1883 Ὀ

134 1903 165 1929 δὲ
181 1902 328 1938 πολυεθνὴς
344 1903 390 1929 καὶ
403 1902 554 1938 πολυμιγὴς
569 1902 652 1937 δῆμος
661 1902 714 1927 τῶν
730 1901 860 1936 ἀστέρων,
877 1901 923 1934 οὓς

134 1949 164 1976 αἱ
181 1947 356 1979 πολυπλανεῖς
375 1948 421 1974 καὶ
438 1948 480 1974 ἀεὶ.
500 1946 739 1983 ὃιαρῤιπτούμεναι
757 1946 923 1981 συνέστησαν

137 1994 242 2030 ἄτομοι,
263 1993 354 2030 χώρας
375 1994 480 2025 ἑαυτοῖς
505 1991 575 2020 κατά
591 1992 726 2028 συνθήκας
744 1993 920 2024 ἀπεδὰςαντο,

136 2040 230 2076 ὥσπερ
245 2040 372 2066 ἀποικίαν
388 2039 436 2066 καὶ
457 2039 592 2065 συνοικίαν
615 2038 780 2073 ἀνελόμενοι,
810 2037 922 2073 μηδενὸς

134 2084 255 2112 οἰκιστοῦ
281 2084 346 2120 μηδὲ
368 2084 557 2110 οἰκοδεσπότου
578 2083 793 2119 προεστηκότος·
816 2083 922 2115 καὶτὰς

136 2131 205 2166 προς
229 2131 291 2161 τοὺς
310 2129 512 2165 πλησιοχώρους
525 2129 697 2164 γειτνιάσεις,
713 2129 856 2164 ἐνωμότως
875 2129 922 2155 καὶ

137 2178 196 2213 μετ’
223 2177 332 2213 εἰρήνης
355 2176 547 2210 φυλάττουσιν,
573 2176 622 2210 οὐχ
647 2175 855 2210 ὑπερϐαίνοντες
876 2174 922 2207 οὓς

976 245 999 272 si
1021 245 1165 273 ridiculum
1188 245 1240 273 hoc
1260 243 1376 280 exempli
1395 252 1480 280 genus
1493 253 1554 273 esse
1567 246 1666 279 dicent.
1683 247 1755 282 quod

976 299 1136 327 magnorum
1158 299 1301 327 corporum
1325 299 1387 319 cum
1413 291 1532 319 minimis
1554 293 1755 320 contentionem

976 337 1133 370 instituam;
1151 338 1184 364 ad
1207 338 1318 365 minima
1333 337 1484 366 veniemus.
1508 337 1572 365 Hac
1584 339 1638 366 ille.
1654 338 1755 371 Quibus

976 382 1067 409 deinde
1082 391 1140 417 qum
1155 390 1298 418 sequuntur
1313 383 1434 418 adjungit
1446 390 1456 410 :
1472 382 1549 416 Quod
1564 384 1586 411 si
1603 384 1696 416 ducis,
1712 384 1756 410 in-

976 429 1044 463 quit,
1060 437 1148 464 neque
1163 436 1375 463 nomen,_neque
1389 429 1519 461 delectus,
1535 437 1622 466 neque
1636 429 1756 458 colloca-

977 473 1014 500 tio
1026 473 1054 500 in
1066 481 1160 501 earum
1176 482 1235 502 sese
1254 474 1465 502 moderationem
1485 474 1597 509 ingessit
1612 484 1619 502 :
1636 480 1663 503 at
1679 476 1758 511 ipsae-

977 523 1030 545 mct
1044 522 1139 553 suopte
1163 519 1285 552 arbitrio,
1302 527 1334 547 ex
1348 519 1430 546 multa
1445 526 1505 547 sese
1529 520 1648 547 continui
1666 520 1756 549 ﬂuxus

976 564 1055 591 turba
1077 565 1244 600 colligentes,
1269 573 1420 600 magnoque
1438 565 1572 593 variarum
1585 567 1756 594 commissio-

976 618 1041 637 num
1055 610 1171 638 tumultu
1192 611 1335 644 declinato,
1363 612 1464 639 similes
1480 620 1542 639 cum
1567 612 1701 640 similibus
1718 612 1755 640 ita

976 656 1163 689 convenerint,
1185 661 1214 684 ut
1227 661 1316 684 tamen
1330 665 1384 684 non
1399 657 1482 684 divini
1495 656 1619 685 Numinis
1632 658 1754 691 ductum.

976 703 1201 737 quemadmodum
1213 708 1290 738 poeta
1303 703 1389 738 tingit,
1403 708 1501 730 secutae
1516 704 1568 731 sint
1579 712 1586 736 ;
1598 704 1643 731 sed
1654 705 1754 739 potius,

977 756 1038 776 cum
1062 756 1122 776 sese
1147 748 1240 776 afﬁnes
1264 752 1358 775 mutuo
1382 754 1556 784 cognataque
1579 754 1700 783 nossent,
1726 751 1754 777 in

977 802 1061 821 unum
1078 794 1156 829 quasi
1180 801 1286 830 gregem
1308 794 1501 826 conﬂuxerint;
1525 802 1567 821 na:
1588 795 1754 822 admirabilis

977 839 1034 866 haec
1051 844 1204 866 atomorum
1223 839 1388 866 democratia
1409 843 1466 871 est;
1488 839 1534 865 ubi
1547 840 1641 866 amicae
1652 839 1754 867 amicas

976 885 1110 920 excipiant
1123 889 1203 920 atque
1219 884 1441 919 complectantur,
1460 884 1550 920 itaque
1562 892 1644 912 unum
1660 885 1686 911 in
1702 886 1753 912 do-

974 931 1105 958 micilium
1122 930 1266 958 convoient
1280 930 1422 963 universae.
1442 930 1510 957 Tum
1530 935 1610 958 certa:
1630 930 1752 965 quaedam

975 977 1057 1010 ultro,
1073 977 1101 1003 in
1115 977 1198 1003 solem
1214 984 1340 1014 magnum
1357 976 1423 1003 illud
1444 977 1531 1010 sidus,
1546 976 1663 1011 quodam
1676 976 1754 1011 quasi

975 1024 1054 1047 torno
1070 1019 1259 1052 rotundentur.
1276 1025 1304 1047 ut
1316 1020 1387 1048 diem
1398 1020 1531 1055 elﬁciant;
1546 1021 1615 1055 alim,
1628 1029 1683 1056 quo
1697 1029 1754 1049 cce-

974 1065 1030 1093 lum
1053 1067 1186 1102 integrum
1204 1069 1344 1098 coronent,
1369 1066 1395 1093 in
1412 1066 1543 1101 plurimas
1567 1066 1690 1103 fortassis
1711 1075 1756 1094 ar—

974 1113 1095 1140 dentium
1120 1113 1258 1140 stellarum
1284 1113 1437 1148 pyramides
1461 1114 1626 1149 ﬁgurentur;
1651 1115 1711 1141 aliae
1727 1114 1755 1142 in

974 1159 1067 1187 orbem
1089 1160 1208 1195 digestae,
1225 1160 1360 1187 lirmitatis
1384 1160 1486 1194 aliquid
1510 1160 1604 1187 aetheri
1631 1160 1754 1192 all'erant,

974 1212 1060 1240 eoque
1079 1205 1222 1233 testudinis
1235 1205 1263 1232 in
1278 1213 1380 1232 morem
1394 1211 1594 1239 concamerato,
1611 1206 1755 1234 subeunti-

974 1251 1026 1279 bus
1047 1251 1108 1279 coeli
1133 1251 1292 1283 luminibus,
1317 1251 1449 1287 quosdam
1468 1252 1546 1287 quasi
1568 1252 1666 1288 gradus
1688 1260 1756 1287 pra:-

974 1302 1094 1331 struant;
1106 1298 1226 1332 adeoque
1235 1297 1386 1333 vulgarium
1399 1302 1551 1324 atomorum
1565 1297 1696 1326 factiones
1705 1298 1756 1326 do-

973 1343 1076 1371 micilia
1095 1343 1145 1371 sibi
1157 1343 1287 1378 deligant,
1305 1351 1337 1370 ac
1356 1344 1453 1371 cwlum
1473 1344 1561 1379 ipsum
1587 1345 1710 1379 proprias
1727 1345 1754 1371 in

973 1390 1069 1417 domos
1084 1395 1164 1425 atque
1179 1390 1308 1417 stationes
1322 1385 1391 1416 inter
1402 1398 1462 1417 sese
1477 1391 1638 1425 partiantur.
1651 1390 1753 1417 Rursus

974 1435 1034 1462 aliis
1051 1436 1207 1471 quibusdam
1225 1436 1368 1470 intcrjectis
1384 1443 1393 1462 :
1411 1435 1476 1469 Imo,
1502 1437 1597 1472 inquit,
1620 1444 1654 1464 ne
1674 1437 1753 1465 obvia

974 1481 1082 1515 quidem
1095 1481 1186 1509 vident
1197 1481 1320 1508 homines
1336 1481 1490 1516 improvidi.
1517 1487 1621 1510 tantum
1636 1483 1710 1510 abest
1725 1489 1755 1510 ut
1803 1493 1805 1496 ⁴

974 1527 1079 1554 occulta
1095 1526 1262 1562 provideant.
1285 1525 1385 1561 Utique
1402 1531 1474 1554 ratos
1499 1527 1560 1555 illos
1583 1532 1665 1563 atque
1685 1536 1753 1555 cou-

973 1576 1075 1599 stantes
1098 1577 1174 1599 ortus
1199 1572 1344 1606 obitusque
1365 1572 1495 1606 siderum,
1523 1581 1578 1601 non
1600 1580 1757 1602 umerorum

973 1619 1065 1652 modo,
1079 1626 1172 1645 verum
1186 1619 1267 1645 etiam
1285 1618 1350 1645 solis
1369 1618 1491 1645 omnium
1510 1619 1705 1653 nobilissimos,
1721 1628 1755 1647 ne

973 1663 1137 1701 suspicando
1153 1663 1264 1698 quidem
1290 1663 1414 1691 videnlur
1436 1665 1566 1699 attingere
1581 1674 1588 1692 :
1603 1673 1652 1692 nec
1670 1665 1702 1693 iis
1714 1665 1754 1692 uti

973 1710 1222 1743 commoditatibus,
1235 1719 1303 1745 quas
1319 1710 1457 1737 hominum
1469 1711 1560 1745 generi
1573 1711 1754 1747 suppeditant.

972 1761 1019 1783 aut
1042 1757 1191 1784 collucente
1206 1757 1239 1784 ad
1256 1757 1411 1783 obeundum
1434 1765 1502 1791 opus
1525 1758 1578 1790 die,
1605 1763 1652 1785 aut
1675 1763 1754 1785 nocte

972 1802 1071 1837 quietis
1081 1802 1217 1837 capiendae
1232 1809 1314 1829 causa
1327 1807 1413 1829 terras
1428 1808 1567 1837 opacante.
1582 1802 1674 1830 Exibit
1684 1805 1754 1830 enim

972 1848 1058 1880 homo,
1077 1848 1174 1882 inquit,
1193 1847 1227 1873 ad
1246 1855 1310 1882 opus
1328 1855 1416 1880 suum,
1437 1852 1461 1874 et
1479 1848 1656 1881 operationem
1677 1856 1754 1874 suam

972 1899 1052 1926 usque
1065 1891 1099 1917 ad
1117 1899 1248 1923 vesperum
1266 1891 1296 1918 ⁸⁸.
1313 1890 1368 1917 Nec
1381 1898 1443 1917 vero
1457 1892 1568 1917 alteram
1583 1891 1642 1926 ejus
1656 1892 1755 1918 circui-

973 1938 1072 1964 tionem
1086 1937 1238 1969 attendunt,
1252 1944 1304 1970 qua
1318 1936 1460 1963 distinctas
1472 1941 1643 1971 tempestates
1654 1944 1754 1972 oppor—

971 1988 1091 2019 tunaque
1106 1988 1234 2018 tempora,
1248 1990 1297 2009 nec
1307 1990 1421 2017 usquam
1432 1982 1551 2010 detortas
1563 1984 1753 2010 conversiones

971 2031 1082 2064 eﬂiciat;
1104 2038 1198 2058 carum
1222 2030 1345 2057 videlicet
1362 2037 1393 2056 ex
1422 2029 1522 2064 quibus
1541 2029 1599 2063 ipse
1618 2030 1753 2063 consistit,

972 2082 1123 2105 atomorum
1140 2077 1250 2104 ductum
1266 2080 1385 2103 secutus.
1398 2075 1433 2102 At
1444 2075 1592 2107 enimvero,
1606 2075 1689 2103 velint
1703 2083 1753 2103 no—

972 2125 1022 2151 lint
1040 2124 1163 2151 homines
1186 2131 1281 2158 reapse
1303 2123 1406 2155 miseri,
1431 2123 1568 2157 quomodo
1588 2126 1677 2149 tamen
1701 2123 1753 2150 sibi

972 2172 1146 2206 persuadent,
1163 2170 1312 2206 aiquissimi
1328 2179 1334 2197 :
1349 2177 1464 2204 magnus
1483 2169 1527 2196 ille
1550 2169 1682 2197 Dominus
1706 2170 1753 2205 qui

135 2223 184 2250 καὶ
201 2222 340 2258 εἰλήφασιν
354 2222 383 2254 ἑξ
397 2222 482 2257 ἀρχῆς
496 2222 575 2257 ὄρους
585 2242 592 2253 ,
608 2221 702 2257 ὥσπερ
717 2222 769 2247 ὑπὸ
782 2221 835 2248 τῶν
850 2221 921 2256 βασι-

973 2218 1056 2245 solem
1072 2218 1182 2250 creavit,
1198 2217 1339 2244 verborum
1355 2223 1463 2250 quoque
1475 2223 1585 2243 suorum
1598 2216 1621 2243 vi
1632 2216 1753 2250 ejusdem

135 2270 216 2297 λίδων
237 2269 345 2304 ἀτόμων
365 2268 595 2303 νομοθετούμενοι.
630 2268 697 2294 Ἀλλ’
723 2268 772 2294 οὐκ
795 2267 922 2302 ἄρχουσιν

136 2317 256 2344 ἐκεῖναι·
280 2315 337 2347 πῶς
358 2315 412 2351 γὰρ
432 2315 459 2341 αί
484 2315 544 2350 μηδ’
561 2312 656 2347 οὖσαι;
687 2315 766 2342 Ἀλλὰ
784 2314 863 2341 θείων
880 2314 923 2341 λο-

136 2362 205 2398 γίων
219 2361 387 2388 ἑπακούσατε
397 2369 403 2375 ·
428 2361 479 2388 Ἐν
493 2360 588 2394 κρίσει
609 2361 720 2394 Κυρίου
735 2360 770 2386 τὰ
782 2361 853 2396 ἔργα
867 2362 921 2388 αὺ-

138 2408 203 2437 τοῦ.
234 2408 290 2435 Ἀπ’
305 2407 401 2442 ἀρχῆς
425 2406 475 2434 καὶ
500 2407 559 2434 ἀπὸ
579 2407 726 2440 ποιήσεως
741 2406 848 2439 αὐτῶν,
865 2407 922 2434 6ιέ-

139 2456 242 2482 στειλε
258 2454 379 2489 μερΙδας
401 2452 514 2480 αὐτῶν·
529 2453 699 2487 ἐκόσμησεν
719 2453 762 2486 εὶς
784 2452 873 2479 αἰῶνα
886 2454 922 2481 τὰ

140 2502 213 2536 ἔργα
225 2500 328 2532 αὑτοῦ,
348 2500 396 2527 καὶ
412 2499 465 2533 τὰς
478 2499 572 2534 ἀρχὰς
586 2499 685 2526 αὐτῶν
695 2500 738 2533 είς
753 2500 856 2534 γενεὰς
868 2500 921 2526 αὐ-

137 2547 208 2575 τῶν.
221 2563 256 2568 —-
269 2547 322 2573 Kal
333 2546 407 2581 μετὰ
419 2545 534 2581 βραχέα
548 2546 657 2580 φησιν·
673 2547 709 2572 Ἦ
722 2546 764 2578 τίς
778 2546 863 2578 οὕτως
874 2547 921 2573 eti—

135 2595 243 2624 τάκτως
254 2592 365 2619 πεδιάδα
379 2592 431 2626 γῆν
444 2590 570 2618 διώδευσε
584 2590 699 2626 φάλαγξ,
713 2592 744 2618 οὐ
762 2591 920 2627 προθέοντος

135 2639 252 2670 οὐδενὸς,
261 2639 310 2665 οὐκ
317 2637 524 2674 ἑκτρεπομένου,
533 2637 582 2664 οὐκ
589 2637 844 2672 ἑμποδιστατοῦντος
853 2638 919 2673 (58),

133 2687 187 2713 οὐκ
213 2684 425 2719 ἀπολειπομένου
450 2683 503 2711 τῶν
530 2683 832 2719 συμπαρατεταγμένων
845 2691 852 2698 ·
882 2683 920 2715 ὡς

135 2731 280 2766 ισόστοιχοι
297 2730 343 2757 καὶ
357 2729 579 2760 συνασπιδοῦντες
591 2729 634 2755 ἀεὶ
650 2730 774 2764 προΐασιν
786 2750 793 2761 ,
810 2729 825 2755 ὁ
842 2737 919 2755 συνε-

173 2789 196 2805 ί·
214 2788 286 2816 Psal.
301 2796 359 2822 ctu,
372 2788 417 2815 23.

972 2271 1084 2290 cursum
1101 2264 1231 2289 incttavit.
1249 2263 1336 2289 Atomi
1363 2271 1469 2296 qnippe,
1495 2263 1610 2289 hiemem
1630 2264 1717 2294 vobis,
1738 2271 1754 2287 o

972 2309 1046 2339 caeci.
1065 2317 1096 2336 ac
1110 2310 1213 2343 pluvias
1233 2309 1357 2339 afferunt,
1376 2313 1401 2334 ul
1418 2309 1544 2335 alimenta
1559 2309 1635 2335 vobis
1655 2316 1686 2335 ac
1703 2316 1755 2335 cat-

972 2356 1037 2383 teris
1055 2355 1236 2381 animantibus
1254 2360 1324 2380 terra
1343 2354 1660 2389 producat?Earumdem
1675 2360 1754 2381 aestas

971 2402 1130 2428 beneﬁcium
1145 2406 1195 2432 est,
1211 2405 1238 2426 ut
1252 2401 1379 2426 arborum
1392 2401 1471 2426 etiam
1482 2401 1515 2426 ad
1528 2401 1638 2427 delicias
1650 2400 1754 2426 fruetus

973 2448 1126 2483 colligatis?
1145 2447 1242 2479 Quidni
1264 2455 1345 2481 porro
1362 2447 1458 2474 atomis
1472 2447 1578 2481 frugum
1594 2447 1754 2481 prtusidibus

973 2494 1087 2521 solemni
1111 2494 1183 2520 cultu
1211 2501 1286 2519 sacra
1309 2493 1414 2519 lacitis?
1437 2492 1564 2519 Homines
1582 2494 1689 2527 ingrati,
1708 2494 1754 2527 qui

974 2545 1014 2567 tot.
1025 2540 1158 2568 donorum
1174 2547 1234 2573 quae
1253 2539 1286 2565 ab
1305 2539 1338 2566 iis
1355 2539 1487 2573 accipitis,
1503 2547 1535 2565 ne
1549 2539 1681 2573 primitias
1698 2539 1755 2573 qni-

972 2586 1033 2613 dem
1052 2585 1181 2620 pauculas
1196 2585 1371 2612 consecrctis.
1392 2584 1542 2619 Iterumque
1566 2590 1622 2618 past
1647 2592 1753 2619 pauca:

973 2632 1112 2667 Multiplcx
1130 2636 1229 2663 autem,
1249 2632 1343 2665 inquit,
1358 2631 1401 2657 illa
1418 2631 1556 2658 stellarum
1575 2631 1657 2663 natio.
1672 2639 1752 2665 quam

972 2679 1094 2706 erratica:
1106 2686 1137 2705 ac
1150 2686 1256 2712 semper
1271 2678 1323 2704 huc
1336 2677 1454 2712 illucque
1465 2677 1583 2711 disject.e
1598 2677 1681 2704 atomi
1693 2685 1754 2704 cen-

972 2725 1114 2758 ﬂavel‘llttl,
1129 2725 1207 2752 sedes
1223 2725 1280 2759 ipsa
1293 2723 1354 2757 sibi,
1364 2723 1478 2752 colonia
1492 2723 1634 2758 cujusdam
1651 2728 1698 2752 aut
1709 2730 1756 2752 so~

172 2862 229 2898 (58)
250 2860 562 2896 Ἐμποδιστατοῦντος.
582 2861 659 2889 Forte
672 2859 942 2896 ἑμποδοστατοῦντες.
955 2856 1049 2883 Viam.

298 2908 429 2938 ιἈτιιοι..
451 2908 507 2939 Gn.
528 2909 570 2939 Χ.

1574 2895 1616 2929 ιο
