3930 6864
435 233 576 291 rasa
1418 233 1474 289 s.
1515 232 1809 291 DlONYSll
1845 232 2154 291 EPISCOPI
2191 228 2657 288 ALEXANDRINI
3530 199 3678 274 uiso

427 349 666 408 dalitatis
692 363 864 418 more,
905 349 1180 406 communi
1217 363 1301 421 ex_
1327 360 1486 420 pacto
1527 351 1824 416 distribuit,
1871 353 1990 407 nul-

2096 354 2192 425 χής
2222 370 2282 406 τε
2316 352 2410 406 καὶ
2449 351 2785 413 ἀδιάστατος,
2819 346 3078 419 ἀόχλητός
3127 362 3182 400 τε
3231 345 3326 400 καὶ
3378 344 3684 416 ἀνεμπόδι-

427 444 534 500 lius
566 453 660 499 aut
686 443 1006 510 conditoris,
1037 451 1131 498 aut
1156 440 1376 499 familiae
1406 445 1652 513 praesidis
1689 446 1988 501 auctorita-

2096 462 2212 508 στος
2247 444 2356 498 τῶν
2391 444 2603 516 ἄστρων
2639 440 2899 513 στρατός;
2947 439 3084 492 Ἀλλ’
3117 439 3393 508 ἐγκλίσεσι
3427 438 3524 491 καὶ
3558 437 3682 497 ταῖς

428 545 536 591 tem
561 546 767 593 secuta.
793 535 970 607 Atque
994 535 1066 590 ita
1083 535 1355 606 deinceps,
1375 546 1562 592 mutua
1582 553 1706 593 cum
1724 537 1988 602 ﬁnitimis,

427 631 680 701 religiose
701 629 916 700 altaque
942 644 1065 684 cum
1095 644 1247 698 pace,
1281 644 1472 684 omnes
1503 630 1717 684 viciniae
1739 629 1863 699 jura
1897 647 1992 686 cu-

428 721 692 790 stodiunt,
725 737 827 778 nec
851 737 945 779 eos
973 738 1212 792 unquam
1242 723 1377 778 ﬁnes
1399 738 1537 794 quos
1562 723 1630 778 ab
1659 722 1812 777 initio
1834 737 1990 780 acce-

429 829 579 884 pere,
616 814 954 879 transiliunt,
997 829 1224 884 prorsus
1261 829 1325 870 ac
1351 815 1398 870 si
1430 815 1702 886 regiarum
1729 830 1994 886 quarum-

426 901 551 956 dam
584 909 890 956 atomorum
921 901 1129 973 legibus
1149 912 1483 974 regerentur.
1509 903 1578 959 At
1599 920 1707 960 non
1728 905 1994 976 imperant

425 992 530 1048 illae
556 991 819 1062 profecto.
853 991 1124 1060 Quienim
1163 993 1448 1065 imperent,
1487 1013 1609 1068 qua:
1642 997 1806 1052 nullae
1834 997 1993 1053 sunt?

426 1085 626 1140 Audite
661 1100 789 1142 vero
830 1086 1138 1142 divinorum
1169 1090 1514 1145 oraculorum
1544 1104 1729 1145 vocem
1759 1107 1774 1145 :
1809 1088 1873 1142 In
1895 1089 1992 1159 ju-

425 1176 565 1230 dicio
617 1175 832 1230 Domini
876 1193 1032 1247 opera
1076 1179 1210 1248 ejus.
1261 1179 1337 1234 Ab
1385 1181 1540 1234 initio
1580 1190 1630 1235 et
1665 1197 1698 1234 a
1734 1182 1994 1234 creatione

424 1269 655 1338 ipsorum
683 1269 926 1323 distinxit
955 1281 1129 1340 partes
1152 1270 1386 1324 illorum.
1416 1271 1636 1326 Ornavit
1661 1272 1718 1324 in
1740 1280 1992 1326 wternum

428 1376 582 1431 opera
625 1378 744 1428 sua,
789 1372 839 1416 et
892 1365 1152 1434 principia
1193 1380 1372 1418 eorum
1404 1365 1458 1418 in
1505 1366 1993 1436 generationes‘eo-

422 1466 540 1508 rum
562 1455 621 1508 ⁸⁸.
652 1487 722 1496 -
743 1455 1004 1526 Additque
1033 1458 1190 1526 paulo
1225 1469 1341 1528 post
1374 1473 1391 1511 :
1437 1457 1545 1511 Aut
1591 1473 1713 1529 qua:
1751 1473 1990 1528 unquam

2089 540 2170 601 εἰς
2214 538 2440 605 πλάγιον
2492 536 2725 600 νεύσεσι,
2782 533 3021 603 γίνονταὶ
3069 549 3211 595 τινες
3258 530 3440 584 αὐτῶν
3491 527 3682 599 ἄδηλοι

2089 630 2308 702 τροπαί.
2339 630 2449 682 Kal.
2481 629 2586 700 μὴν
2609 627 2695 680 ἀεὶ
2726 623 3182 698 καιροφυλακοῦσι
3208 623 3301 676 καὶ
3333 621 3680 694 προορῶνται

2089 723 2188 787 τὰς
2231 721 2434 794 χώρας,
2482 720 2605 773 ὅθεν
2645 719 2870 781 ἕκαστος
2899 716 3130 785 ἀνίησιν,
3161 716 3211 768 οἱ
3236 713 3446 774 τούτοις
3475 727 3682 782 προσε-

2093 815 2371 886 σχηκότες.
2422 813 2748 867 Εἰπάτωσαν
2789 806 2880 864 οὖν
2922 811 3056 880 ἡμῖν
3103 808 3151 860 οἱ
3179 806 3287 860 τῶν
3324 806 3552 875 ἀτόμων
3587 821 3681 856 το-

2094 911 2213 979 μεῖς
2231 949 2244 972 ,
2275 907 2370 961 καὶ
2397 907 2505 959 τῶν
2530 904 2752 977 ἀμερῶν
2785 901 3066 974 μερισταὶ,
3099 899 3194 953 καὶ¹
3225 898 3334 951 τῶν
3360 896 3686 952 ἀσυνθέτων

2093 1000 2447 1067 συναγωγεῖς,
2481 998 2576 1050 καὶ
2621 997 2690 1050 τὰ
2732 995 2933 1064 ἄπειρα
2982 989 3380 1063 περινοοῦντες,
3436 988 3610 1041 πόθεν
3650 989 3688 1057 ἡ

2092 1087 2457 1161 κυκλοφορικὴ
2500 1087 2608 1141 τῶν
2664 1085 2928 1156 οὐρανίων
2984 1085 3198 1139 συνοδία
3251 1083 3349 1137 καὶ
3401 1081 3687 1153 περιοδὶα,

2091 1179 2189 1250 οὐχ
2225 1179 2342 1243 ὲνὸς
2368 1179 2690 1250 παραλόγως
2717 1179 2934 1248 ἀτόμων
2971 1176 3257 1246 πήγματος
3282 1171 3428 1226 οὕτω
3461 1170 3692 1241 σφενδο-

2093 1271 2380 1336 νισθέντος,
2417 1271 2551 1324 ἀλλὰ
2586 1271 2838 1325 τοσούτου
2871 1266 3124 1323 κυκλικοῦ
3170 1264 3331 1338 χοροῦ
3369 1263 3520 1318 κατὰ
3553 1263 3691 1334 ῥυθ-

2095 1364 2194 1435 μὸν
2247 1358 2343 1417 ἶσα
2405 1362 2680 1432 βαίνοντας
2735 1362 2830 1416 καὶ
2865 1357 3451 1433 συμπεριδινουμένουο
3513 1353 3692 1407 πόθεν

2091 1454 2421 1519 ἀδιάτακτοι,
2471 1454 2566 1508 καὶ
2595 1455 2966 1527 ἀπροαίρετοι,
3013 1455 3105 1507 καὶ
3148 1451 3387 1520 ἀγνῶτες
3430 1449 3691 1519 ἀλλήλων

425 1545 804 1618 acies,’inquit,
837 1558 944 1602 tam
970 1551 1274 1620 composito
1299 1551 1512 1622 agmine
1531 1566 1781 1622 campum
1813 1559 1992 1607 trans-

2096 1547 2422 1618 συνέμποροι
2473 1546 2823 1618 παμπληθεῖς
2873 1545 3424 1617 συνανεστράφησαν;
3479 1541 3692 1605 Καλῶς

426 1640 593 1704 misit,
626 1650 989 1710 praecurrente
1019 1643 1254 1708 nemine,
1296 1645 1512 1700 nemine
1554 1645 1856 1710 deerrante,
1899 1660 1992 1699 ne-

2096 1657 2152 1693 τε
2198 1641 2226 1694 ὁ
2277 1640 2562 1712 προφήτης
2607 1641 2664 1693 ἐν
2715 1642 2828 1704 τοῖς
2868 1639 3145 1702 ἀδυνάτοις
3185 1639 3275 1691 καὶ
3317 1636 3693 1698 ἀνενδεξκτοις

423 1733 570 1788 mine
605 1743 700 1787 aut
734 1733 1177 1803 impedimentum
1211 1733 1470 1790 oﬂ‘erente
1499 1735 1731 1802 caeteris,
1767 1743 1860 1789 aut
1889 1750 1992 1789 ca:-

2096 1731 2270 1798 ἕταξε,
2327 1731 2507 1796 ξένους
2535 1730 2636 1785 κᾶν
2679 1730 2771 1783 δύο
2824 1731 3174 1802 συνδραμεῖνο
3230 1730 3691 1797 Εισπορεὺσσνπ-

423 1836 570 1882 teros
616 1825 799 1881 minus
847 1835 1214 1896 consequente
1247 1845 1260 1881 :
1292 1842 1456 1897 quam
1505 1828 1735 1897 aequatis
1777 1842 1992 1896 semper

2096 1841 2189 1878 ται
2217 1825 2347 1896 (59),
2380 1826 2531 1895 φησι,
2563 1825 2670 1902 δύο
2691 1824 2789 1877 ἐπὶ
2819 1824 2886 1878 τὸ
2909 1825 3053 1880 αὐτὸ
3083 1823 3417 1893 κατάλυμα,
3448 1823 3570 1877 ἐὰν
3596 1820 3685 1892 μὴ

423 1903 724 1984 ordinibus,
761 1925 817 1972 et
848 1918 1052 1986 pressis
1095 1918 1259 1974 veluti
1296 1919 1521 1990 clypeis,
1557 1928 1851 1990 perpetuus
1880 1919 1989 1982 ille,

2096 1918 2469 1988 γνωρισωσιν
2511 1917 2762 1984 ἑαυτούς
2778 1934 2797 1983 ;

423 2021 523 2060 nec
567 2022 798 2076 usquam
837 2017 930 2063 aut
964 2009 1318 2079 interruptus,
1360 2020 1454 2066 aut
1496 2012 1868 2082 perturbatus,
1933 2018 2027 2065 aut
2063 2010 2218 2065 obice
2273 2010 2383 2064 ullo
2441 2011 2746 2066 retardatus
2780 2019 3049 2067 astrorum
3089 2011 3357 2066 exercitus
3397 2009 3692 2082 progredi-

421 2104 550 2156 tur?
595 2104 759 2175 Atqui
803 2107 1129 2162 transversis
1178 2108 1504 2177 quibusdam
1549 2109 1993 2165 inclinationibus
2051 2124 2115 2164 ac
2158 2109 2403 2171 nutibus,
2455 2108 2702 2163 obscurae
2755 2123 3166 2178 nonnumquam
3231 2123 3420 2162 eorum
3495 2113 3689 2160 muta-

419 2196 595 2252 tiones
627 2196 781 2253 ﬁunt.
815 2196 968 2255 Esto.
1001 2196 1226 2271 Semper
1255 2209 1436 2257 tamen
1501 2210 1555 2258 et
1609 2203 1820 2273 justum
1874 2201 2166 2257 observant
2214 2209 2458 2270 tempus,
2505 2208 2561 2255 et
2608 2200 2725 2255 loca
2770 2200 2861 2255 illa
2926 2202 3069 2255 unde
3135 2199 3342 2271 singula
3403 2198 3690 2260 oriuntur,

418 2289 778 2360 prospiciunt,
829 2293 924 2362 qui
969 2293 1075 2350 hoc
1132 2295 1183 2350 in
1217 2295 1381 2352 studii
1412 2313 1605 2368 genere
1632 2307 1990 2368 occupantur.
2054 2296 2248 2352 Dicant
2290 2312 2418 2367 ergo
2457 2297 2615 2352 nobis
2656 2305 2963 2351 atomorum
3019 2306 3259 2351 sectores
3320 2294 3552 2366 egregii,
3593 2292 3688 2364 qui

418 2392 472 2437 et
501 2383 749 2439 dividunt
778 2384 1078 2454 individua,
1111 2397 1165 2444 et
1191 2389 1381 2445 dissita
1411 2390 1762 2462 sejunctaque
1781 2392 2121 2458 consociant,
2180 2399 2235 2446 et
2290 2390 2497 2445 inﬁnita
2544 2399 2723 2445 mente
2769 2389 3066 2455 deﬁniunt,
3135 2388 3280 2444 unde
3321 2389 3545 2443 tandem
3574 2387 3688 2441 εἰπέ

419 2481 620 2537 cularis
645 2482 735 2538 ille
769 2499 950 2539 rerum
993 2486 1293 2542 caelestium
1331 2487 1763 2559 conjunctusque
1795 2505 1989 2545 cursus
2033 2497 2195 2560 atque
2223 2487 2508 2542 conversio
2553 2505 2567 2541 :
2602 2503 2724 2544 cum
2760 2503 2866 2542 non
2916 2503 3024 2542 una
3069 2486 3315 2558 quaedam
3369 2493 3684 2539 atomorum

419 2587 599 2632 strues
643 2579 722 2635 sic
767 2591 1026 2651 tanquam
1075 2581 1241 2638 funda
1288 2594 1489 2640 temere
1525 2585 1976 2652 circumrotetur;
2018 2585 2111 2641 sed
2148 2586 2353 2642 chorus
2399 2584 2489 2639 ille
2526 2593 2710 2639 tantus
2769 2585 3070 2656 composito
3124 2582 3427 2653 aequalique
3489 2596 3683 2651 gressu

417 2675 694 2745 procedat,
723 2687 776 2732 et
801 2677 854 2732 in
881 2679 1068 2735 orbem
1105 2696 1213 2736 una
1237 2681 1482 2737 volvatur
1511 2699 1524 2737 :
1554 2692 1649 2737 aut
1680 2697 1788 2752 quo
1820 2692 1978 2753 pacto
2014 2684 2127 2753 tiat,
2156 2691 2217 2738 ut
2271 2693 2378 2739 tam
2407 2683 2562 2738 multi
2593 2682 2836 2754 ejusdem
2888 2683 2989 2737 vim
3036 2683 3191 2748 socii,
3245 2699 3276 2736 a
3334 2683 3557 2735 nemine
3595 2694 3684 2735 or.

419 2767 610 2835 dinati,
647 2771 796 2827 nullo
827 2773 1036 2842 praediti
1089 2775 1342 2843 consilio,
1401 2775 1612 2846 sibique
1660 2784 1851 2830 mutuo
1908 2775 2076 2846 ignoti
2115 2789 2325 2843 omnes,
2361 2784 2509 2830 tanta
2541 2776 2703 2831 simul
2732 2777 3019 2831 concordia
3049 2785 3358 2848 susceptum
3393 2775 3498 2830 iter
3520 2773 3684 2829 conti-

421 2860 596 2917 eiant?
629 2863 817 2921 Merito
853 2867 998 2922 enim
1039 2869 1321 2940 propheta,
1365 2870 1467 2926 hoc
1521 2879 1778 2940 tanquam
1822 2884 1890 2924 ex
1923 2871 1989 2926 iis
2024 2885 2192 2924 unum
2221 2886 2341 2941 quae
2388 2887 2488 2926 nec
2526 2870 2641 2924 ﬁeri
2692 2885 2793 2926 nec
2824 2871 3035 2926 ostendi
3075 2879 3298 2941 queant,
3342 2867 3596 2940 protulit,
3625 2879 3682 2925 ut

419 2957 528 3013 duo
569 2960 729 3015 simul
768 2962 1035 3034 peregrini
1078 2974 1431 3033 concurrant,
1476 2965 1604 3020 dum
1640 2965 1716 3020 ait
1753 2983 1766 3020 :
1810 2963 2192 3019 Convenientne
2229 2963 2332 3018 duo
2373 2965 2426 3017 in
2465 2964 2602 3017 idem
2630 2964 2992 3030 diversorium,
3049 2965 3097 3017 si
3133 2981 3234 3018 non
3260 2979 3313 3018 se
3345 2972 3535 3018 mutuo
3589 2977 3678 3016 ne-

425 3058 589 3109 verint
610 3060 633 3113 ἲ

1159 3155 1252 3210 IV.

646 3241 795 3300 Idem
831 3261 895 3300 ea:
926 3247 1152 3301 hominis
1186 3256 1383 3302 natura
1411 3249 1760 3303 concluditur.

494 3337 572 3392 Ac
602 3353 668 3393 ne
697 3353 755 3393 se
780 3338 997 3409 quidem
1025 3339 1194 3410 ipsos,
1223 3355 1322 3396 nec
1347 3355 1468 3410 quae
1497 3348 1707 3397 naturae
1733 3357 1846 3398 suae
1865 3354 1992 3413 pro-

420 3430 536 3499 pria
587 3439 735 3497 sunt,
783 3430 873 3486 isti
921 3430 1124 3487 vident.
1175 3432 1233 3488 Si
1262 3434 1386 3510 quis
1416 3434 1562 3489 enim
1586 3449 1653 3489 ex
1683 3435 1788 3490 illis
1816 3435 1994 3505 impia:

417 3524 678 3580 doctrina:
728 3524 1086 3596 principibus,
1117 3527 1244 3597 quis
1305 3527 1545 3594 tandem,
1582 3536 1678 3582 aut
1722 3529 1866 3584 unde
1899 3531 1990 3593 sit,

417 3629 544 3670 cum
582 3616 767 3670 animo
797 3625 1072 3687 reputaret
1102 3633 1236 3685 suo;
1269 3619 1314 3676 is
1340 3617 1587 3689 profecto
1618 3621 1766 3676 velut
1795 3623 1846 3676 in
1880 3623 1994 3678 sui-

419 3717 529 3762 met
559 3723 777 3763 sensum
803 3709 1089 3776 adductus,
1114 3719 1333 3782 saperet
1351 3712 1516 3777 illico,
1535 3721 1699 3782 atque
1721 3714 1822 3770 hac
1841 3730 1992 3780 voce,

420 3815 528 3856 non
573 3801 689 3871 jam
731 3810 965 3868 atomos,
1017 3803 1112 3858 sed
1158 3801 1372 3860 Patrem
1423 3804 1539 3875 ipse
1571 3805 1995 3878 Creatoremque

419 3907 580 3947 suum
609 3892 903 3962 appellaret
935 3912 948 3948 :
979 3892 1173 3949 Manus
1212 3903 1318 3950 tua:
1347 3896 1704 3966 formaverunt
1733 3915 1811 3953 me
1834 3909 1882 3952 et
1917 3900 1996 3968 fe-

418 3991 600 4036 cerunt
628 3999 708 4038 me
737 3984 804 4037 ²⁰.
835 3983 901 4040 Et
924 3986 1388 4056 quemadmodum
1414 3988 1550 4044 alter
1583 3989 1672 4045 ille
1699 3990 1993 4046 admirabi-

418 4074 523 4128 lem
576 4073 872 4131 molitionis
915 4091 1028 4132 suae
1075 4077 1344 4133 rationem
1389 4088 1692 4150 pertexeret
1741 4099 1754 4136 :
1807 4081 1996 4137 Nonne

417 4167 552 4220 ticut
581 4166 663 4221 lac
689 4167 919 4222 mulsisti
940 4185 1040 4238 me,
1064 4178 1114 4224 et
1146 4171 1512 4225 sicutcaseum
1541 4189 1621 4227 me
1649 4165 1950 4244 coagulasti
1969 4177 1996 4230 ?

422 4257 565 4313 Pelle
607 4268 657 4314 et
696 4276 851 4315 carne
878 4260 1080 4316 eestisti
1112 4277 1212 4329 me,
1261 4263 1466 4318 ossibus
1506 4273 1555 4320 et
1584 4268 1754 4320 nervis
1785 4269 1994 4338 compe-

419 4351 546 4421 gisti
601 4368 718 4417 me;
756 4354 916 4408 vitam
941 4362 991 4408 et
1013 4355 1438 4410 misericordiam
1477 4357 1711 4412 tribuisti
1759 4359 1908 4425 mihi,
1945 4369 1995 4414 et

419 4443 652 4497 visitatio
677 4454 770 4498 tua
802 4445 1083 4500 custodivit
1113 4449 1552 4517 spiritummeum
1575 4453 1640 4506 ἰ.
1661 4450 1804 4519 Quot
1825 4453 1991 4520 enim,

2850 3155 2920 3206 A'.

2414 3243 2546 3298 Ἀπὸ
2593 3244 2704 3312 τῆς
2746 3242 3057 3311 ἀνθρώπου
3103 3243 3361 3312 φύσεως.

2163 3338 2273 3392 Kal.
2313 3335 2435 3391 οὔτε
2473 3337 2729 3400 ἑαυτοὺς,
2767 3335 2889 3390 οὕτε
2918 3334 2988 3388 τὰ
3016 3335 3141 3405 περὶ
3185 3335 3412 3397 ἑαυτοὺς
3452 3334 3671 3407 ὁρῶσιν.

2092 3433 2156 3486 Εἰ
2189 3430 2296 3502 γάρ
2329 3447 2414 3493 τις
2450 3428 2557 3482 τῶν
2601 3427 2929 3500 ἀρχηγετῶν⁴
2948 3427 3041 3480 τοῦ
3067 3427 3165 3498 τῆς
3191 3426 3447 3491 ἀσεϐείας
3473 3427 3676 3496 ταύτης

2091 3523 2377 3594 δόγματος,
2422 3520 2612 3574 ἑαυτὸν
2652 3520 2797 3584 ὅστις
2841 3519 2958 3573 ἐστὶ
2998 3521 3090 3573 καὶ
3127 3519 3266 3583 ὅθεν,
3313 3520 3676 3588 ἀνελογίζετο,

2095 3615 2389 3687 ἐφρόνησεν
2434 3613 2500 3667 ἂν
2538 3611 2726 3683 ὥσπερ
2773 3612 3172 3684 συνῃσθημένος
3217 3613 3433 3676 ἑαυτοῦ,
3472 3616 3572 3668 καὶ
3602 3610 3678 3668 εἴ·

2095 3724 2194 3760 πεν
2225 3709 2285 3761 οὐ
2314 3706 2448 3778 πρὸς
2477 3705 2575 3769 τὰς
2599 3705 2856 3776 ἀτόμους,
2879 3705 3013 3758 ἀλλὰ
3041 3706 3177 3776 πρὸς
3203 3705 3293 3758 τὸν
3316 3707 3542 3779 Πατέρα
3585 3707 3677 3762 καὶ

2094 3797 2330 3870 Ποιητὴν
2374 3796 2600 3851 ὲαυτοιῬ
2650 3800 2719 3850 Αἱ
2766 3797 2959 3867 χεῖρές
2989 3816 3103 3852 σου
3127 3798 3407 3853 ἔπλασάν
3429 3818 3510 3869 με
3581 3801 3679 3855 και

2093 3889 2389 3958 ἐποίησάν
2410 3907 2504 3960 με.
2540 3889 2650 3943 Καὶ
2674 3889 3217 3961 προσεπεξεργάσατο
3252 3890 3318 3944 ἂν
3343 3893 3555 3957 ἐκεῖνος
3587 3893 3675 3947 τὸν

2095 3981 2394 4052 Θαυμάσιον
2445 3980 2544 4052 τῆς
2585 3971 2856 4052 ποιήσεως
2910 3981 3100 4034 ἑαυτοῦ
3146 3983 3376 4052 τρόπον’
3436 3985 3515 4037 Ἣ
3565 3987 3674 4052 οὐχ

2093 4072 2292 4143 ὥσπερ
2321 4071 2473 4144 γάλα
2496 4090 2572 4142 με
2604 4072 2888 4143 ἤμελξας,
2921 4073 3224 4142 ἐτύρωσας
3248 4073 3315 4128 δέ
3332 4093 3411 4144 με
3438 4071 3547 4129 ἴσα
3576 4094 3673 4130 τυ-

2085 4165 2212 4235 ρῷ;
2247 4163 2436 4234 Δέρμα
2459 4163 2555 4218 καὶ
2587 4162 2763 4232 κρέας
2783 4181 2860 4233 με
2888 4163 3200 4231 ὲνέδυσας,
3231 4165 3465 4233 ὀστέοις
3493 4167 3564 4221 δὲ
3579 4167 3675 4223 καὶ

2099 4259 2332 4327 νεύροις
2354 4275 2431 4326 με
2457 4255 2725 4325 ὲνεῒρας;
2771 4255 2923 4325 ζωὴν
2949 4255 3016 4309 δὲ
3044 4257 3141 4311 καὶ
3165 4257 3336 4324 ἔλεος
3359 4260 3504 4313 ἔθου
3539 4262 3672 4328 παρ’

2093 4351 2242 4420 ἐμοὶ,
2279 4350 2316 4414 ἡ
2340 4348 2408 4401 δὲ
2423 4348 2721 4415 ἐπισκοπή
2751 4365 2866 4402 σου
2894 4347 3159 4418 ἐρύλαξέ
3184 4367 3304 4418 μου
3327 4349 3392 4404 τὸ
3412 4352 3669 4421 πνεῦμα.

2094 4441 2274 4505 Πόσας
2302 4441 2408 4513 γὰρ
2424 4441 2658 4513 ἀτόμους
2678 4444 2706 4496 ὁ
2748 4440 2966 4495 Ἐπικού
2977 4458 3066 4509 ρου
3083 4442 3283 4514 πατὴρ,
3300 4438 3396 4496 καὶ
3419 4446 3669 4510 ποταπάς

420 4536 640 4599 amabo,
684 4543 738 4589 et
788 4535 1095 4606 cuiusmodi
1132 4546 1346 4594 atomos
1393 4538 1611 4610 Epicuri
1650 4551 1801 4610 pater
1831 4556 1897 4595 ex
1933 4557 1992 4596 se

2097 4534 2154 4601 ἐξ
2196 4534 2387 4587 ἑαυτοῦ
2418 4533 2698 4606 προέχεεν,
2735 4533 2810 4586 ὅτ’
2836 4534 3276 4606 ἁπεσπέρμαινεν
3314 4537 3667 4610 Ἐπίκουρον;

418 4625 681 4696 profudit,
716 4639 839 4680 cum
884 4625 1178 4694 Epicurum
1231 4629 1667 4698 proseminaret?
1705 4629 1993 4696 Quomodo

419 4718 477 4772 in
514 4716 702 4771 matris
737 4717 857 4787 ejus
888 4717 1068 4771 alvum
1115 4718 1340 4774 inclusae
1385 4721 1726 4786 coaluerunt,
1764 4720 1990 4790 ﬁguram

418 4825 484 4864 ac
513 4809 744 4864 formam
767 4819 1114 4880 acceperunt,
1139 4821 1430 4867 commotae
1455 4821 1602 4880 sunt,
1634 4821 1808 4868 auctae
1835 4813 1994 4868 sunt?

420 4903 707 4970 Quomodo
736 4919 827 4958 ros
849 4903 937 4959 ille
963 4905 1310 4976 perexiguus,
1340 4906 1601 4976 plurimas
1629 4905 1850 4977 Epicuri
1881 4915 1994 4961 ato-

423 5011 544 5052 tuos
588 5011 714 5052 cum
765 4997 1100 5064 advocasset,
1158 4999 1293 5052 alias
1346 5000 1399 5053 in
1446 5008 1626 5055 cutem
1662 5014 1990 5070 carnemque

494 5162 734 5233 ".Eecli.
760 5178 870 5230 xvr,
907 5160 998 5228 26,
1019 5160 1111 5218 27.

2099 4631 2209 4684 Kal.
2226 4630 2339 4694 πῶς
2369 4631 2448 4693 εἰς
2472 4629 2570 4701 τὴν
2605 4628 2861 4700 μητρῴαν
2879 4629 3042 4684 αὐτοῦ
3066 4629 3543 4686 κατακλεισθεῖσαι
3567 4653 3664 4708 ,χαι

2099 4723 2285 4795 στέρα,
2311 4723 2711 4794 συνεπάγησαν,
2734 4723 3228 4796 ὲσχηματίσθησαν,
3248 4724 3668 4799 ὲμορφὼθησαν,

2099 4818 2444 4890 ἐκινήθησαν,
2475 4815 2847 4888 ηὑξύνθησαν;
2877 4818 2986 4870 Kal.
3003 4817 3208 4881 ’πολλὰς
3245 4820 3277 4889 ἡ
3314 4819 3545 4890 βραχεῖα
3575 4823 3670 4892 ῥα-

2099 4909 2181 4972 νὶς
2229 4907 2328 4972 τὰς
2384 4907 2701 4980 Ἐπικούρου
2747 4908 2983 4978 ἀτόμους
3015 4909 3526 4981 προσκαλεσαμένη,
3572 4911 3668 4975 τὰς

2103 5001 2200 5073 μὲν
2235 5001 2571 5074 ὲπημφίεσεν
2614 5000 2788 5058 αὐτῶν
2821 5001 2992 5074 δέρμα
3025 5003 3119 5056 καὶ
3145 5004 3322 5075 σάρκα
3348 5004 3662 5087 γενομένας,

1208 5161 1254 5194 ⁸ο
1285 5159 1428 5217 Psal.
1452 5177 1640 5228 cxvut,
1679 5162 1764 5219 75.
1843 5164 1886 5196 "
1923 5163 2026 5221 Job
2055 5183 2112 5233 χ,
2141 5165 2328 5222 10-12.

494 5305 1456 5397 (592ElUﬂop8150'0Ytttt.'Q‘ll‘aﬁ.lum
1481 5306 1612 5397 hic,
1644 5316 1769 5397 tl‘lm‘
1795 5309 1849 5397 i‘p
1889 5309 1996 5397 [ine
2098 5311 2338 5397 universi
2381 5311 2921 5397 elementis,_partim
2963 5329 3030 5369 ex
3081 5313 3260 5397 omnis
3293 5316 3520 5397 generis
3554 5317 3667 5397 ani-

423 5377 545 5447 cap.
575 5379 607 5431 5
637 5387 893 5446 tanquam
923 5393 952 5431 e
978 5378 1148 5432 sacris
1165 5377 1379 5433 Litteris
1410 5379 1575 5446 petita
1611 5378 1776 5434 relert
1803 5378 1855 5436 S.
1889 5379 1995 5436 Pa-

428 5459 528 5512 ter,
563 5448 810 5517 nuspiam
839 5447 980 5500 κατὰ
1007 5447 1149 5512 λέξιν
1179 5458 1492 5503 occurrunt.
1520 5448 1789 5504 Czeterum
1826 5450 1993 5507 Euse-

425 5518 548 5572 hius
598 5517 681 5588 his
733 5519 971 5572 recitatis
1005 5519 1308 5573 subinfert:
1346 5539 1363 5570 ι
1403 5517 1527 5574 Hice
1572 5521 1680 5575 ille.
1717 5521 1822 5588 Qui
1869 5537 1992 5578 sex-

427 5596 583 5643 centa
633 5587 1479 5663 alia_pet:secutus,susceptum
1509 5587 1778 5663 deinceps
1829 5608 1990 5663 argu-

425 5666 670 5714 mentum
720 5658 968 5728 pluribus
1015 5658 1342 5726 contirmat,
1384 5661 1578 5730 partim
1635 5658 1991 5732 ett—singulis

2098 5383 2361 5456 mantium
2396 5398 2516 5451 qua:
2552 5383 3020 5456 complectuntur,
3054 5383 3430 5452 multitudine;
3467 5389 3663 5456 partim

2095 5467 2162 5527 ex
2198 5453 2320 5527 ipsa
2338 5467 2560 5522 quoque
2586 5453 2822 5527 hominis
2853 5467 3045 5510 natura
3075 5456 3430 5526 depromptis.
3467 5453 3512 5510 E
3544 5460 3666 5527 qui-

2095 5523 2198 5594 bus
2234 5524 2325 5577 ubi
2357 5538 2528 5592 pauca
2551 5525 2796 5592 quaedam
2827 5523 3204 5594 superioribus
3238 5523 3525 5594 addidero,
3553 5523 3664 5583 tum

2092 5593 2311 5669 demunt
2342 5594 2467 5669 huic
2499 5594 2638 5648 libro
2668 5595 2826 5669 tinem
2857 5593 3156 5668 imponam.
3181 5598 3257 5653 Ac
3281 5613 3342 5652 ne
3368 5613 3423 5653 se
3455 5600 3664 5669 quidem

2091 5663 2254 5733 ipsos,
2294 5664 2490 5735 inquit,
2523 5683 2542 5717 ι
2577 5675 2680 5721 etc.
2705 5664 2872 5721 GALL.
