3966 6206
276 293 407 348 "JH

1265 296 1684 354 FRAGMENTA
1722 296 1813 353 EX
1850 297 2071 354 LlBRlS
2113 296 2200 353 DE
2238 297 2546 356 NATURA.

3394 305 3532 361 1'26?

267 421 392 480 ταῖς
437 416 492 470 δὲ
543 417 892 482 όστωθείσαις
923 419 1238 490 ὴνὼρθωται
1265 463 1280 486 ,
1325 423 1444 485 ταῖς
1497 422 1552 476 δὲ
1602 422 1823 476 συνεδέθι

1926 465 1930 483 λ
1962 430 2197 476 mutatas
2222 423 2566 488 convestivit,
2599 422 2722 478 aliis
2755 423 2810 478 in
2841 439 2966 482 ossa
2997 425 3275 482 conversis
3299 430 3531 483 erectior

269 511 822 584 νευρορῤαφουμένη;
870 510 950 567 Τά
1011 531 1070 566 τε
1134 514 1267 568 ἄλλα
1303 515 1472 570 πολλά
1526 515 1661 588 μέλη
1687 556 1700 580 ,
1759 517 1852 570 καὶ

269 600 577 672 σπλάγχνα,
622 603 716 656 καὶ
757 604 964 672 ἔγκατα
997 645 1010 669 ,
1067 607 1160 661 καὶ
1209 607 1573 680 αἰσθητήρια,
1634 607 1701 661 τὰ
1753 608 1850 678 μὲν

267 693 502 758 ἔνδοθεν,
549 695 617 749 τά
660 696 715 749 δὲ
772 696 1004 768 θύραθεν
1041 700 1342 772 ἐφήρμοσε,
1385 703 1452 756 δι’
1502 697 1576 757 ὧν
1624 702 1850 768 ἐζωογο-

264 782 404 855 νήθη
433 785 493 838 τὸ
527 785 714 856 σῶμα;
749 781 849 840 Ὠν
873 789 1022 843 οὐδὲν
1051 792 1220 864 ἀργὸν
1240 831 1254 856 ,
1286 793 1406 846 οὐδὲ
1435 793 1651 864 ἀχρεῖον
1683 809 1847 864 προσ-

266 874 462 946 ετέθη·
531 879 652 931 ἐπεὶ
722 880 854 950 μηδὲ
905 881 974 935 τά
1029 883 1377 952 φαυλότατα,
1433 887 1570 955 μήτε
1627 884 1845 955 τρίχες,

266 971 410 1039 μήτε
469 969 686 1041 ὄνυχες·
743 973 918 1026 πάντα
967 974 1058 1039 δὲ,
1104 975 1174 1029 τὰ
1232 976 1330 1046 μὲν
1369 976 1504 1047 πρὸς
1536 976 1596 1028 τὸ
1631 977 1729 1047 τῆς
1755 994 1848 1029 συ-

264 1063 509 1126 στάσεως
540 1063 748 1132 ὅφελος,
799 1065 864 1118 τὰ
912 1065 967 1120 δὲ
1022 1068 1158 1139 πρὸς
1206 1067 1266 1122 τὸ
1317 1069 1509 1132 κάλλος
1545 1069 1643 1140 τῆς
1675 1069 1848 1139 ὅψεως

260 1156 524 1210 συντελεῖ.
579 1158 650 1212 Oti
699 1158 806 1230 γὰρ
852 1161 949 1230 τῆς
993 1162 1180 1233 χρείας
1221 1163 1409 1234 μόνης,
1457 1162 1592 1216 ἀλλὰ
1626 1165 1718 1217 καὶ
1748 1165 1846 1235 τῆς

257 1250 414 1321 ὧρας
442 1250 704 1322 ἐπιμελὴς
734 1253 764 1321 ἡ
795 1253 1045 1324 Πρόνοια.
1081 1257 1299 1326 Ἔρυμα
1330 1257 1426 1326 μὲν
1459 1255 1566 1328 γὰρ
1601 1258 1694 1310 καὶ
1725 1259 1847 1310 σκέ-

257 1359 459 1413 πασμα
485 1344 665 1414 πάσης
700 1345 798 1414 τῆς
827 1346 1063 1417 κεφαλῆς
1106 1349 1138 1419 ή
1175 1348 1316 1419 κόμη
1338 1365 1350 1378 ·
1384 1349 1686 1421 εὐπρέπεια
1722 1349 1776 1403 δὲ
1818 1350 1844 1400 ό

254 1436 464 1505 πώγων
501 1438 578 1508 τῷ
622 1439 913 1511 φιλοσόφῳ.
953 1443 1063 1513 Τήν
1092 1460 1150 1494 τε
1179 1442 1272 1496 τοῦ
1302 1442 1426 1497 ὅλου
1464 1443 1715 1516 σώματος
1747 1445 1841 1498 τοῦ

250 1528 601 1600 ἀνθρωπείου
652 1531 811 1600 φύσιν
838 1535 901 1586 ἐκ
927 1534 1034 1586 τῶν
1073 1535 1258 1606 μερῶν
1281 1537 1593 1605 ἀναγκαίων
1627 1538 1840 1590 πάντων

247 1620 490 1692 ἥρμοσε,
545 1623 638 1676 καὶ
680 1627 792 1687 τοῖς
840 1625 1024 1696 μέλεσι
1060 1629 1192 1679 πᾶσι
1231 1628 1330 1699 τήν
1369 1645 1425 1680 τε
1458 1628 1592 1698 πρὸς
1638 1628 1840 1700 ἄλληλα

247 1715 540 1769 κοινωνίαν
584 1717 891 1788 περιέϐαλε,
934 1719 1028 1773 καὶ
1064 1720 1162 1791 τὴν
1206 1720 1357 1792 παρὰ
1382 1719 1476 1774 τοῦ
1516 1721 1636 1774 ὅλου
1675 1738 1838 1792 χορη-

245 1808 383 1874 γίαν
431 1808 824 1880 ὲπεμέτρησεν.
862 1806 961 1863 Ὧν
1010 1811 1078 1864 τὰ
1114 1812 1209 1880 μὲν
1242 1813 1540 1884 ὁλοσχερῆ,
1594 1814 1686 1867 καὶ
1721 1817 1833 1877 τοῖς

249 1900 499 1964 ἰδιώταις
528 1903 590 1954 ἐκ
619 1901 720 1971 τῆς
751 1904 947 1974 πείρας
966 1945 980 1966 ,
1017 1904 1082 1975 ἢν
1129 1904 1241 1974 ἔχει
1267 1905 1514 1976 δύναμιν,
1553 1905 1793 1976 πρόδηλα
1814 1924 1827 1936 ·

242 1997 497 2066 κεφαλῆς
531 1997 792 2068 ἡγεμονία
813 2037 826 2060 ,
861 2001 954 2053 καὶ
995 2002 1121 2072 περὶ
1153 2001 1242 2054 τὸν
1273 2001 1570 2070 ἐγκέφαλον
1590 2043 1604 2068 ,
1644 2003 1830 2074 ῶσπερ

240 2088 488 2160 ἄρχοντα
517 2091 575 2141 ὲν
621 2090 937 2161 ἀκροπόλει,
967 2092 1074 2146 τῶν
1107 2093 1406 2166 αἰσθήσεων
1437 2096 1470 2166 ἡ
1498 2095 1792 2167 δορυφορία
1815 2113 1827 2125 °

245 2180 575 2253 προσιοῦσαι
613 2181 719 2252 (40)
757 2184 853 2253 μὲν
881 2183 1064 2254 ὄψεις,
1098 2186 1528 2255 ἁναγγέλλουσαι
1558 2187 1611 2260 δὲ
1646 2187 1828 2252 ἀκοαὶ,

238 2273 416 2344 ἐδωδὴ
467 2273 654 2346 ὥσπερ
688 2275 1086 2346 φορολογοῦσα,
1120 2277 1385 2350 ὅσφρησις
1421 2279 1671 2349 καθάπερ
1717 2281 1831 2333 ἀνι-

238 2365 517 2436 χνεύουσα
544 2367 636 2420 καὶ
651 2367 725 2419 διε
736 2369 1070 2440 ρευνωμένη,
1096 2370 1189 2423 καὶ
1207 2370 1320 2442 ἀφὴ
1344 2373 1450 2424 πᾶν
1471 2371 1829 2426 διατάττουσα

238 2459 310 2511 τὸ
345 2460 602 2530 ὑπήκοον.
638 2460 1070 2531 (Κεφαλαιωδῶς
1119 2463 1228 2535 γὰρ
1260 2463 1354 2517 νῦν
1386 2463 1541 2533 ὀλίγα
1582 2465 1689 2518 τῶν
1730 2467 1829 2536 τῆς

239 2553 527 2620 ’πανσόφου
556 2553 817 2623 Προνοίας
851 2553 1026 2624 ἔργων
1057 2555 1504 2627 ἐπιδραμούμεθα
1525 2598 1538 2622 ,
1575 2559 1690 2628 μετ’
1721 2558 1828 2611 ὀλί-

239 2661 346 2712 γον
369 2645 779 2717 ἀκριϐέστερον,
810 2646 902 2698 τοῦ
938 2647 1072 2700 Θεοῦ
1102 2648 1357 2714 διδόντος,
1390 2650 1827 2722 ὲπεξεργασόμε-

241 2753 360 2799 νοι,
400 2738 527 2790 ὅταν
573 2739 708 2810 πρὸς
740 2739 830 2792 τὸν
861 2739 1120 2794 δοκοῦντα
1164 2741 1482 2814 λογιώτερον
1530 2743 1826 2798 ἀποτεινώ-

246 2829 434 2902 μεθα.)
459 2831 670 2903 Χειρῶν
691 2833 952 2900 διακονία,
979 2833 1044 2886 δι’
1077 2828 1151 2887 ὧν
1177 2835 1424 2907 ἐργασίαι
1455 2854 1513 2890 τε
1549 2840 1819 2901 παντοῖαι,

241 2921 344 2975 καὶ
376 2922 743 2995 πολυμήχανοι
776 2925 1052 2978 τελοῦνται
1094 2927 1300 2997 τέχναι,
1329 2930 1446 2992 ταῖς
1479 2929 1616 2982 κατὰ
1657 2929 1834 3000 μέρος,

239 3013 537 3084 δυνάμεσιν
563 3018 641 3079 είς
670 3016 800 3088 μίαν
847 3017 1132 3089 συνεργίαν
1168 3017 1618 3090 διηρθρωμένων,
1654 3019 1818 3092 ῶμων

1955 531 2019 571 ac
2063 516 2290 570 solidior
2327 517 2594 581 constitit,
2628 517 2749 572 aliis
2788 534 3078 574 nervorum
3111 520 3396 590 complexu
3426 521 3529 575 illi-

1953 617 2108 678 gatus
2131 609 2251 664 est?
2276 609 2395 676 Quo
2423 609 2656 680 denique
2689 609 2850 666 modo
2882 611 2992 666 vim
3023 621 3228 668 tantam
3256 612 3529 668 membro-

1953 715 2073 755 rum
2113 702 2368 768 aliorum,
2415 703 2708 769 viscerum,
2756 702 3159 770 intestinorum,
3211 719 3406 759 sensus
3445 703 3531 756 in—

1951 802 2406 860 strumentorum,
2447 795 2775 850 intrinsecus
2809 796 3216 852 extrinsecnsve
3249 795 3526 861 conﬂavit,

1950 901 2072 956 quae
2109 887 2290 940 vivum
2345 902 2408 941 ac
2459 886 2674 956 spirans
2721 901 2922 958 corpus
2968 887 3240 944 clliceret?
3286 886 3420 942 Nam
3459 905 3526 944 ex

1950 976 2057 1031 illis
2099 977 2318 1046 quidem
2363 977 2619 1031 omnibus
2648 977 2884 1032 otiosum
2926 977 3060 1032 nihil
3091 987 3196 1043 est,
3237 979 3372 1032 nihil
3403 979 3526 1032 inu-

1949 1070 2069 1134 tile;
2107 1083 2213 1122 non
2247 1064 2367 1139 pili,
2416 1084 2522 1122 non
2560 1083 2789 1139 ungues,
2825 1084 2932 1123 non
2978 1078 3168 1124 caetera
3217 1085 3338 1140 qua:
3375 1070 3526 1140 abje-

1945 1161 2192 1216 ctissima
2246 1161 2416 1216 videri
2467 1162 2682 1231 possint
2714 1181 2728 1217 :
2763 1163 2946 1217 omnia
2982 1162 3064 1216 vel
3093 1164 3157 1218 ad
3186 1164 3524 1220 constituen—

1945 1254 2066 1306 dam
2086 1252 2204 1321 ejus
2229 1253 2615 1322 integritatem,
2638 1255 2722 1308 vel
2743 1256 2808 1307 ad
2831 1255 3064 1324 speciem
3093 1255 3524 1329 dignitatemque

1946 1345 2279 1399 conducunt.
2324 1342 2433 1399 Nec
2482 1345 2626 1398 enim
2659 1345 2780 1399 usui
2809 1345 3073 1402 duntaxat
3107 1348 3199 1402 uni
3229 1348 3523 1405 Providen-

1945 1435 2039 1499 tia,
2088 1435 2180 1489 sed
2235 1435 2398 1488 etiam
2447 1434 2837 1503 pulchritudini
2887 1452 2950 1491 ac
2999 1436 3188 1492 formae
3235 1441 3517 1509 prospicit.

1943 1525 2127 1596 Itaque
2173 1526 2337 1581 totius
2385 1525 2579 1594 capitis
2631 1530 3096 1597 propugnaculum
3134 1532 3410 1600 quoddam
3455 1548 3520 1587 ac

1943 1629 2310 1690 tegumentum
2349 1635 2505 1674 coma
2551 1629 2670 1688 est;
2716 1621 2883 1675 barba
2921 1622 3228 1692 philosophi
3264 1625 3432 1680 decus
3463 1636 3518 1679 ct

1942 1721 2348 1767 ornamentum.
2396 1711 2490 1766 Illa
2543 1713 2706 1780 igitur
2748 1712 2942 1783 integri
2995 1715 3241 1783 corporis
3288 1717 3516 1772 humani

1939 1813 2185 1858 naturam
2215 1822 2281 1859 ex
2310 1805 2556 1876 partibus
2588 1806 2911 1861 necessariis
2941 1808 3197 1864 omnibus
3223 1823 3516 1880 coagmen-

1936 1898 2090 1962 tavit,
2125 1899 2496 1968 membrisque
2540 1899 2796 1953 omnibus
2838 1915 2962 1954 cum
3005 1912 3252 1957 mutuam
3284 1905 3427 1958 inter
3456 1923 3515 1959 se

1935 1992 2380 2045 communionem
2416 1990 2630 2058 indidit,
2663 2001 2776 2047 tum
2812 2008 2877 2047 ex
2910 1994 3078 2048 totius
3118 1995 3279 2050 etiam
3319 1998 3513 2065 opibus

1934 2082 2144 2151 prolixe
2187 2083 2480 2138 admodum
2537 2100 2601 2140 ac
2657 2086 2955 2140 liberaliter
3005 2088 3264 2143 admensa
3315 2101 3416 2145 est.
3448 2089 3516 2144 Et

1935 2175 2182 2230 membra
2210 2175 2426 2246 quidem
2461 2177 2768 2247 potissima,
2794 2195 2957 2249 quam
2988 2181 3097 2234 vim
3123 2193 3175 2236 et
3202 2180 3512 2238 facultatem

1935 2268 2193 2332 habeant,
2237 2286 2338 2323 usu
2374 2279 2426 2324 et
2461 2272 2792 2341 experientia
2846 2273 2948 2342 ipsi
2990 2275 3151 2328 etiam
3188 2274 3372 2330 idiota:
3414 2293 3511 2330 no-

1935 2371 2062 2414 runt
2094 2377 2106 2413 :
2144 2361 2338 2431 capitis
2371 2361 2728 2434 principatus,
2761 2365 2905 2419 circa
2941 2367 3222 2420 cerebrum
3250 2377 3507 2438 tanquam

1932 2453 2335 2523 imperatorem,
2384 2458 2644 2512 scnsdum
2687 2457 2740 2510 in
2773 2458 3011 2527 acropoli
3057 2459 3298 2515 excubim
3347 2472 3510 2530 atque

1931 2544 2180 2614 praesidia
2204 2563 2216 2598 :
2239 2547 2644 2616 progredientes
2677 2549 2854 2613 oa-uli;
2887 2564 3046 2603 aures
3081 2550 3306 2604 nuntios
3340 2550 3510 2619 perfe-

1929 2647 2143 2702 rentes;
2199 2646 2447 2707 gustatus
2499 2639 2646 2694 velut
2702 2649 3067 2694 commeatum
3120 2656 3506 2712 annonamque

1929 2729 2272 2794 convehens;
2316 2731 2549 2786 olfactus
2599 2731 2862 2800 indagans
2907 2731 3312 2801 quodammodo
3341 2743 3506 2804 atque

1928 2822 2236 2890 vestigans;
2289 2830 2465 2876 tactus
2514 2822 2735 2877 subdita
2768 2822 2951 2876 omnia
2985 2809 3236 2894 digerens
3270 2833 3325 2880 et
3356 2828 3505 2880 ordi-

1928 2929 2086 2968 nans.
2139 2911 2313 2982 (Nunc
2369 2915 2514 2968 enim
2565 2930 2630 2970 ex
2681 2915 3099 2984 sapientissimae
3143 2915 3504 2974 Providentia:

1925 3007 2180 3076 operibus
2208 3008 2521 3065 summatim
2551 3023 2722 3078 pauca
2758 3018 2970 3062 tantum
3006 3009 3186 3082 aliqua
3224 3013 3498 3082 percurri-

237 3125 304 3160 τε
341 3109 694 3181 ἀχθοφορίαι,
730 3112 834 3168 καὶ,
872 3114 1100 3184 κατοχαὶ
1132 3111 1443 3177 δακτύλων,
1471 3113 1732 3183 ἀγκώνων
1759 3133 1818 3168 τε

1927 3117 2070 3168 mus,
2119 3102 2282 3156 iidem
2322 3103 2486 3172 paulo
2525 3113 2669 3175 post,
2704 3119 2828 3158 cum
2860 3105 3124 3161 adversus
3155 3106 3306 3161 illum
3341 3106 3501 3178 cujus

241 3199 501 3269 καμπαὶ,
552 3201 686 3272 πρός
727 3219 787 3254 τε
831 3202 893 3256 τὺ
934 3203 1090 3274 σῶμα
1129 3203 1259 3256 εἴσω
1297 3205 1694 3276 στρεφόμεναι,
1730 3206 1821 3260 καὶ

242 3291 386 3362 πρὸς
431 3291 490 3344 τὸ
534 3293 689 3356 ὲκτὸς
728 3293 1122 3360 ἀπονεύουσαι,
1157 3295 1246 3348 ἵνα
1279 3294 1602 3364 ἐφέλκεσθαι
1635 3315 1693 3351 τε
1726 3298 1821 3352 καὶ

238 3385 581 3439 ἀπωθεῖσθαι
609 3386 902 3441 δύνωνται·
938 3388 1113 3442 ποδῶν
1145 3388 1440 3460 ὑπηρεσία,
1476 3389 1541 3443 δι’
1568 3384 1644 3446 ὧν
1671 3393 1822 3447 πᾶσα

237 3479 379 3550 ἡμῖν
426 3469 816 3534 ὖποπέπτωκεν
866 3483 899 3552 ή
949 3482 1226 3554 περίγειος
1274 3483 1484 3546 κτίσις,
1524 3483 1750 3556 βάσιμος
1784 3486 1818 3556 ἠ

236 3571 316 3642 γῆ
337 3609 354 3632 ,
389 3569 574 3644 πλωτὴ
610 3573 642 3643 ἡ
677 3573 954 3636 θάλασσα,
999 3574 1293 3646 περάσιμοι
1333 3577 1381 3627 οἱ
1416 3577 1687 3646 ποταμοὶ,
1725 3577 1819 3629 καὶ

233 3665 462 3718 πάντων
496 3664 630 3736 πρὸς
673 3666 848 3720 πάντα
877 3666 1148 3736 ἐπιμιξία.
1180 3667 1219 3718 Γ
1223 3665 1398 3738 ἀστὴρ
1430 3669 1652 3738 ταμεῖον
1697 3684 1820 3738 τρο-

237 3757 360 3828 φῶν
385 3798 399 3820 ,
434 3761 566 3812 πᾶσι
615 3760 728 3823 τοῖς
774 3759 1224 3830 συντεταγμένοις
1258 3760 1494 3830 μέλεσιν.
1527 3759 1586 3824 ἐξ
1619 3759 1816 3830 ἑαυτῆς

234 3853 298 3905 ὲν
347 3851 528 3924 μέτρῳ
576 3852 637 3905 τὸ
669 3853 974 3924 σιτηρέσιον
1002 3852 1330 3924 διανέμουσα
1356 3893 1371 3917 ,
1413 3852 1506 3904 καὶ
1538 3852 1597 3904 τὸ
1631 3869 1815 3922 περιτ-

235 3946 399 4000 τεῦον
433 3947 776 4018 ὲκτιθεμένη.
805 3947 916 4000 Καὶ
954 3946 1024 4000 τά
1060 3946 1192 4000 ἄλλα
1222 3947 1289 4008 δι’
1321 3947 1458 4000 ὅσων
1494 3944 1750 4016 ἐμφανῶς
1780 3947 1813 4017 ἡ

234 4044 505 4115 διοίκησις
545 4044 641 4114 τῆς
697 4043 1033 4114 ἀνθρωπείου
1088 4041 1467 4114 μεμηχάνηται
1533 4040 1810 4112 διανομῆς.

232 4133 339 4190 Ὠν
371 4137 568 4206 ὁμοίως
614 4139 725 4200 τοῖς
767 4135 993 4208 ἄφροσιν
1024 4134 1235 4206 ἔχοντες
1276 4135 1324 4188 oi
1373 4133 1526 4204 σοφοὶ
1557 4133 1655 4206 τὴν
1688 4131 1810 4204 κρί-

236 4243 325 4280 σιν
364 4225 496 4296 (Μ),
523 4225 622 4278 οὐκ
657 4224 863 4295 ἴσχουσι
894 4224 989 4295 τὴν
1022 4225 1241 4294 γνῶσιν.
1275 4226 1338 4277 Οἱ
1371 4226 1470 4296 μὲν
1499 4225 1608 4296 γὰρ
1637 4225 1716 4287 είς
1745 4223 1812 4295 ῆν

233 4317 304 4372 ἂν
339 4317 592 4388 οἰηθῶσιν
621 4317 886 4387 ἀθεότητα
917 4317 1026 4389 (42)
1051 4357 1066 4382 ,
1111 4318 1210 4389 τὴν
1240 4317 1811 4388 ὲπιστημονικωτάτην

231 4411 371 4482 περὶ
407 4411 648 4474 πάντων,
682 4411 774 4464 καὶ
804 4411 903 4482 τὴν
930 4412 1009 4472 εἰς
1040 4411 1264 4475 ἑαυτοὺς
1310 4412 1809 4484 εύεργετικωτάτην

1926 3194 2104 3264 major
2129 3203 2212 3250 est
2241 3196 2567 3252 eruditionis
2589 3196 2795 3266 opinio,
2824 3197 3247 3267 disputabimus,
3278 3200 3502 3255 uberius

1924 3285 2037 3342 Deo
2071 3288 2209 3343 duce
2239 3302 2303 3343 ac
2333 3289 2546 3359 plenius
2591 3290 2772 3345 omnia
2815 3293 3207 3362 persecuturi.)
3239 3291 3496 3349 Mannum

1922 3395 2054 3450 ergo
2077 3379 2334 3450 deinceps
2361 3380 2750 3447 ministerium,
2775 3397 2899 3451 quae
2929 3383 3109 3440 omnis
3135 3385 3348 3455 generis
3376 3385 3501 3441 fun-

1922 3470 2132 3526 ctiones
2161 3471 2384 3536 obeunt,
2409 3483 2661 3542 artesque
2685 3473 2987 3529 moliuntur
3016 3476 3312 3548 singularis
3341 3477 3498 3551 inge-

1921 3565 2021 3628 nii,
2051 3566 2298 3636 'prOpriis
2337 3568 2650 3638 quibusque
2688 3567 3038 3625 facultatibus
3083 3571 3150 3625 ad
3183 3588 3344 3627 unam
3374 3572 3498 3628 fun-

1920 3657 2165 3711 ctionum
2209 3659 2523 3712 societatem
2571 3658 2850 3714 instructa:
2891 3678 2905 3714 :
2955 3660 3169 3717 humeri
3215 3665 3496 3733 gestandis

1920 3751 2178 3806 oneribus
2211 3751 2413 3813 idonei,
2449 3752 2744 3823 digitorum
2783 3754 3190 3822 prehensiones,
3232 3757 3495 3816 ﬂexiones

1918 3843 2249 3910 cubitorum,
2302 3859 2424 3915 qua:
2473 3845 2555 3900 uti
2593 3861 2683 3901 res
2720 3848 2805 3901 vel
2847 3847 3118 3902 attrahere
3157 3851 3369 3920 possint
3412 3855 3493 3908 vel

1917 3935 2203 4004 depellere,
2230 3935 2560 3994 intrinsecus
2587 3939 3036 4010 extrinseCusque
3062 3950 3380 4006 versantur;
3405 3958 3494 4012 pc-

1915 4027 2044 4082 dum
2073 4026 2420 4098 obsequium,
2453 4045 2547 4098 per
2578 4045 2717 4100 quos
2741 4041 2922 4086 creata
2956 4031 3101 4086 circa
3140 4041 3337 4088 terram
3367 4049 3490 4090 om-

1914 4118 2005 4171 nia
2039 4118 2199 4194 nobis
2229 4119 2624 4185 obsecundant,
2660 4122 2860 4193 quibus
2909 4133 3066 4178 terrae
3109 4135 3486 4197 peragranter,

1913 4215 2238 4284 navigantur
2265 4215 2458 4279 maria,
2493 4215 2643 4271 ﬂuvii
2673 4218 3038 4288 trajiciuntur,
3065 4223 3310 4275 omnium
3337 4237 3491 4277 com-

1914 4306 2115 4360 mcrcia
2172 4321 2297 4371 cum
2350 4309 2606 4364 omnibus
2657 4309 2931 4364 ineuntur.
2989 4311 3188 4366 Venter
3237 4312 3488 4368 ciborum

1913 4400 2188 4466 marium,
2218 4400 2479 4455 membris
2515 4401 2770 4455 omnibus
2800 4417 2900 4455 suo
2927 4402 3237 4472 quibusque
3265 4403 3387 4458 loco
3433 4412 3489 4458 et

231 4504 601 4576 ἀναφέρουσιν
633 4505 964 4575 οἰκονομίαν,
992 4506 1297 4577 κρείττονος
1329 4506 1422 4559 καὶ
1455 4505 1604 4570 θείας
1637 4507 1803 4570 ὅντως

1926 4489 2102 4545 )rdine
2134 4491 2437 4575 collocatis,
2467 4491 2672 4561 justam
2708 4508 2800 4561 per
2831 4509 2951 4547 sese
2985 4508 3258 4549 annonam
3299 4493 3488 4550 distri-

231 4597 553 4670 φρονήσεώς
585 4614 644 4650 τε
678 4598 772 4650 καὶ
807 4596 1089 4668 δυνάμεως
1131 4596 1289 4668 ἔργον
1336 4597 1504 4669 αὐτὴν
1539 4592 1676 4650 εἶναι
1716 4615 1804 4650 πι-

233 4691 554 4762 στούμενοι·
590 4691 639 4744 οἱ
671 4691 748 4752 δὲ,
785 4690 1045 4761 συντυχίᾳ
1074 4690 1168 4744 καὶ
1197 4687 1514 4761 συμπτώσει
1542 4689 1649 4742 τῶν
1689 4689 1804 4742 ἀτό-

235 4801 390 4854 μων,
443 4782 698 4846 ἀσκόπως
753 4781 852 4854 τὴν
919 4781 1372 4854 θαυμασιωτάτην
1424 4781 1802 4852 καλλιέργειαν

227 4875 564 4930 ἀνατιθέασι.
599 4875 711 4946 Τὴν
743 4873 798 4926 δὲ
831 4873 1218 4946 ὲνεργεστέραν
1250 4873 1329 4926 ἔτι
1359 4872 1559 4927 τούτων
1588 4871 1804 4926 ἐπίσκε-

225 4967 360 5038 ψιν,
403 4966 497 5020 καὶ
542 4965 641 5038 τὴν
685 4965 791 5018 τῶν
840 4964 1123 5018 ὲνδοσθίων
1168 4963 1426 5028 διάθεσιν,
1478 4965 1648 5037 ἰατροὶ
1703 4964 1802 5034 μὲν

228 5059 477 5133 ἀκριϐῶς
518 5059 992 5131 διερευνησάμενοι
1036 5059 1130 5112 καὶ
1171 5057 1640 5126 καταπλαγέντες,
1681 5056 1801 5123 ἑξε-

227 5152 456 5208 θείασαν
486 5149 586 5222 τὴν
615 5149 807 5220 φύσιν
843 5151 1005 5221 ἡμεῖς
1046 5147 1102 5201 δὲ
1139 5147 1363 5219 ὕστερον
1395 5147 1470 5210 ὡς
1512 5147 1578 5201 ἂν
1609 5140 1710 5200 οἷοί
1741 5163 1802 5199 τε

226 5240 540 5314 γενώμεθα,
569 5240 674 5294 κᾶν
701 5239 961 5311 ἐπιπολῆς
993 5237 1616 5310 (45),ἀναθεωρήσομεν.
1652 5235 1800 5290 Καθ-

324 5401 415 5469 40)
455 5399 841 5469 Προσιοῦσαι.
873 5397 1036 5454 Forte
1071 5395 1377 5469 προῖοῦσαι.
1415 5393 1610 5469 Yicen.

324 5401 394 5455 40
455 5401 841 5468 Προσιοῦσαι.
873 5401 1036 5454 Forte
1071 5401 1377 5469 προϊοῦσαι.
1420 5401 1610 5449 νιοειι.

297 5401 415 5554 illi
455 5468 862 5554 Δ.ιανομῆς.....
911 5470 1131 5536 κρίσιν.
1179 5467 1370 5524 Scribe
1420 5465 1795 5536 διαμονῆς.....

214 5540 444 5616 χρῆσιν.
464 5540 564 5616 μιν.

319 5607 410 5682 ΖΞ)
463 5611 788 5682 Ἀθεότητα.
818 5609 981 5682 Ρρτιθ
1016 5608 1262 5682 θεότητα.
1295 5607 1374 5661 In.

296 5613 410 5684 (42)
463 5613 788 5679 Ἀθεότητα.
818 5613 981 5666 Forte
1016 5613 1262 5678 θεότητα.
1296 5613 1374 5661 In.
1688 5677 1700 5688 .

297 5683 413 5754 (45)
467 5679 1160 5754 Ἐπιστολῆςκευιῃ-ιηίιιὶ
1206 5693 1428 5754 sensum
1457 5691 1796 5754 expressrsse

319 5687 413 5754 45)
467 5687 817 5750 Ἐπιστολῆς.
858 5687 994 5734 Eum
1026 5687 1160 5734 mihi
1206 5693 1428 5732 sensum
1457 5687 1793 5748 expresstsse

223 5687 451 5826 videor,
488 5753 582 5821 qui
633 5768 701 5807 ex
742 5751 918 5808 verbis
962 5749 1068 5807 illis
1105 5748 1337 5823 exprimi
1377 5757 1588 5821 poterat
1634 5765 1646 5802 :
1699 5747 1793 5804 sed

1911 4581 2105 4646 buens,
2137 4567 2472 4657 etquidquid
2505 4584 2837 4654 superﬂuum
2865 4596 2970 4650 est,
2997 4587 3243 4657 ejiciens.
3277 4586 3355 4643 Ac
3381 4575 3488 4643 ca:-

1907 4681 2044 4740 tera,
2066 4689 2301 4745 quorum
2328 4677 2378 4729 vi
2406 4677 2658 4732 humana:
2679 4678 2953 4734 ﬁrmitatis
2975 4691 3028 4735 et
3050 4683 3486 4738 conservationis

1907 4768 2047 4823 ratio
2083 4770 2410 4829 continetur.
2439 4770 2640 4826 Horum
2668 4788 2800 4826 usus
2819 4772 2870 4826 in
2897 4774 3079 4830 stultis
3095 4791 3247 4845 aeque
3265 4777 3482 4845 sapien-

1903 4859 2159 4930 tibusque
2204 4862 2398 4918 similis
2425 4873 2526 4928 est,
2562 4864 2803 4936 cognitio
2828 4865 3128 4920 dissimilis.
3155 4865 3259 4920 Alii
3281 4867 3483 4936 quippe

1905 4971 2070 5028 quam
2125 4957 2309 5010 animo
2341 4958 2682 5014 divinitatem
2720 4957 3087 5026 informarint,
3141 4959 3370 5025 adeam,
3423 4968 3482 5012 ut

1905 5067 2028 5121 qua:
2064 5067 2246 5106 rerum
2277 5053 2520 5107 omnium
2563 5051 2928 5107 scientissima
2973 5053 3064 5118 sit,
3116 5062 3280 5123 atque
3310 5051 3363 5106 in
3391 5067 3481 5105 sc-

1904 5142 2054 5215 ipsos
2097 5143 2614 5209 beneﬁcentissima,
2655 5157 2827 5201 totam
2872 5144 3114 5200 referunt
3141 5145 3306 5215 hujus
3332 5159 3479 5200 oeco-

1905 5236 2104 5292 nomiae
2155 5237 2444 5304 rationem,
2498 5237 2645 5309 quod
2679 5255 2800 5294 eam
2846 5237 3146 5308 superioris
3191 5237 3477 5307 cujusdam

1904 5402 2082 5471 tamen
2122 5393 2378 5471 illaduo,
2422 5394 2474 5449 id
2509 5403 2613 5459 est,
2637 5393 2714 5456 ὡς
2743 5393 2809 5446 ἂν
2837 5387 2938 5471 oio!
2964 5409 3045 5452 τε.
3067 5401 3134 5471 _e_t
3156 5391 3432 5471 ἐπιπολῆς
3458 5430 3474 5454 ,

1903 5465 2086 5518 minus
2111 5465 2402 5530 conjuncta
2435 5481 2557 5520 esse
2593 5479 2752 5534 posse
2777 5464 3034 5534 arbitror.
3065 5460 3279 5534 Mallem
3311 5460 3476 5534 igitur

1900 5534 1994 5586 ἐπὶ
2039 5533 2281 5597 πολλοῖς,
2329 5536 2506 5605 suppl.
2543 5531 2798 5605 ῥήμασι,
2829 5549 2934 5605 seu,
2962 5533 3160 5600 λόγοις.
3196 5531 3474 5605 Particula

1902 5605 2002 5658 κᾶν
2031 5604 2112 5658 vel
2145 5605 2336 5660 abesse
2371 5603 2714 5674 p‘otest'avel
2758 5603 2802 5656 si
2839 5604 3103 5658 retinetur
3126 5644 3142 5669 ,
3170 5603 3473 5672 emphasim

1902 5675 2237 5746 habet_cum
2305 5675 2704 5732 asseveratione
2757 5674 3142 5745 conjunctam,
3217 5684 3277 5728 ut
3335 5687 3478 5746 saepe

1904 5746 2056 5800 alias.
2089 5743 2159 5798 In.
