3966 6206
547 251 685 307 1263

1536 248 1594 304 s.
1634 246 1927 306 momsu
1967 232 2275 304 EPISSOPl
2312 247 2780 306 ALEXANDBINI

3601 261 3710 319 1268

544 390 880 450 prorsusque
918 373 1117 431 divinae
1163 389 1288 431 eum
1337 373 1618 446 sapientiae
1664 383 1778 430 tum
1826 376 2111 446 potestatis

2219 374 2336 430 όλου
2389 374 2446 429 δὲ
2491 374 2587 431 καὶ
2624 372 2953 447 συλλήϐδην,
3009 374 3130 429 δλον
3168 375 3319 431 τοῦτο
3357 376 3413 432 τὺ
3456 380 3621 452 σκῆνος
3648 385 3715 449 τίς

544 484 683 540 opus
705 466 1051 530 existiment;
1084 463 1176 520 alii
1204 475 1391 521 contra
1416 464 1621 520 insulse
1653 464 1970 530 admodum,
2004 463 2114 519 for-

547 569 693 617 tuna;
711 568 765 615 et
787 558 938 615 casui
956 557 1483 615 administrationem
1506 571 1720 611 summa
1738 556 2114 622 dignissimam

549 651 915 709 admiratione
962 648 1235 707 deferunt.
1285 650 1356 704 At
1386 664 1516 705 vero
1548 647 1902 703 cilicaciorem
1937 648 2116 704 adhuc

546 760 731 802 rerum
775 744 1005 801 istarum
1040 741 1527 798 considerationem
1549 781 1568 805 ,
1602 750 1657 795 et
1693 740 1928 811 partium
1974 740 2114 796 inte—

547 839 754 894 riorum
791 835 1084 901 rationem;
1111 834 1308 889 medici
1335 834 1551 905 quidem
1587 832 1752 888 altius
1776 832 2117 901 diligentius-

544 940 653 995 que
687 921 891 987 rimati,
925 936 990 977 ac
1028 920 1405 977 vehementius
1452 921 1726 988 admirati,
1778 922 2115 977 divinitatem

546 1027 754 1072 natura:
775 1016 1080 1071 tribuerunt
1110 1033 1124 1069 :
1151 1029 1251 1071 nos
1274 1030 1393 1069 eam
1420 1023 1628 1085 postea,
1647 1014 1834 1085 jejuno
1865 1014 2115 1070 fortassis

546 1116 601 1163 et
640 1107 873 1173 exiliter,
919 1113 979 1161 at
1014 1118 1112 1175 pro
1167 1102 1423 1158 facultate
1468 1115 1653 1157 nnszra
1700 1116 2111 1173 prosequemur.

546 1197 704 1255 Nunc
734 1207 794 1253 ut
823 1196 1075 1252 universe
1100 1195 1206 1250 hoc
1240 1193 1663 1265 summatimque
1695 1193 1946 1249 dicamus
1973 1211 1987 1247 :
2021 1207 2114 1248 ec-

545 1295 693 1367 quis,
737 1292 986 1355 obsecro,
1021 1299 1191 1345 totum
1227 1290 1330 1343 hoc
1365 1288 1775 1343 tabernaculum
1820 1284 2117 1341 fabricatus

547 1396 650 1452 est,
688 1384 941 1450 sublime,
976 1382 1169 1443 altum.
1216 1390 1480 1446 erectum,
1507 1377 1747 1451 elegans,
1777 1378 1843 1432 ad
1871 1392 2114 1444 sensum,

546 1491 779 1544 motum,
823 1476 1089 1533 actionem
1133 1484 1187 1529 et
1223 1488 1384 1530 omne
1426 1472 1645 1541 quidem
1685 1471 1915 1527 actionis
1946 1483 2116 1541 genus

548 1582 660 1637 tam
698 1570 913 1643 egregie
944 1566 1355 1639 comparatum?
1388 1564 1495 1621 Ista
1523 1564 1772 1619 videlicet
1809 1571 2115 1617 atomorum

546 1662 841 1719 multitudo
874 1660 1107 1715 rationis
1134 1672 1348 1728 expers.
1387 1656 1457 1711 At
1486 1656 1611 1720 illas,
1643 1662 1703 1711 ut
1726 1654 1962 1709 maxime
1991 1667 2116 1708 con-

2216 465 2455 521 τοιοῦτον
2485 466 2906 539 ἐσκηνοποίησεν
2930 507 2946 533 ,
2981 466 3209 538 ὑψηλὸν,
3242 467 3414 535 δρθιον
3432 508 3447 534 ,
3476 469 3717 545 εὔρυθμον,

2216 557 2556 630 εὐαίσθητον,
2585 558 2887 630 εὐκίνητον,
2913 556 3156 631 εὐεργον,
3182 563 3532 634 παντουργόνς
3556 566 3613 617 Ἠ
3634 567 3719 622 τῶν

2215 650 2435 721 ἀτόμων
2473 650 2664 719 ἄλογος
2684 688 2700 714 ,
2737 649 2868 720 φασὶ
2887 691 2902 714 ,
2934 649 3159 722 πληθύς.
3194 651 3329 705 Ἀλλ’
3358 653 3460 707 οὐδ’
3488 653 3546 709 ἂν
3572 656 3723 714 είκόνα

2216 741 2444 814 πηλίνην
2463 744 2668 798 ἐκεῖναι
2689 742 3033 797 συνελθοῦσαι
3058 742 3335 809 πλάσαιεν,
3353 744 3453 798 οὐδ’
3480 746 3721 817 ἀνδριάντα

2215 834 2415 889 λίθινον
2444 835 2677 901 ξέσαιεν,
2707 834 2815 888 οὐδ’
2843 834 2908 889 ἂν
2940 835 3155 890 εἰδωλον
3184 835 3444 908 ἀργυροῦν
3472 837 3504 909 ἢ
3532 839 3723 908 χρυσοῦν

2216 924 2554 998 χωνεύσασαι
2584 923 2981 998 προσαγάγοιεν
2999 943 3012 955 ·
3045 925 3179 979 ἀλλὰ
3204 926 3385 998 τέχναι
3410 928 3498 982 καὶ
3523 946 3725 1003 χειρουρ-

2180 1019 2333 1094 “γίαι
2377 1018 2618 1083 τούτων,
2672 1019 2763 1072 ὑπ’
2808 1017 3111 1091 ἀνθρώπων
3164 1018 3415 1091 εὕρηνται
3463 1037 3728 1096 σωματουρ-

2216 1111 2329 1180 γῶν
2364 1110 2493 1182 (44).
2538 1106 2639 1164 Ὧν
2670 1110 2726 1163 δὲ
2785 1108 3104 1165 ἀπεικασίαι
3149 1111 3244 1164 καὶ⁸
3276 1112 3609 1182 ’σκιαγραφίαι
3633 1113 3728 1183 δίχα

2217 1202 2409 1273 σοφίας
2438 1203 2538 1257 οὐκ
2568 1201 2635 1256 ἀν
2676 1202 2946 1271 γένοιντο,
2991 1200 3109 1266 πῶς
3139 1203 3207 1256 τά
3244 1201 3412 1274 ἀληθῆ
3442 1204 3528 1257 καὶ
3557 1206 3728 1276 πρωτό-

2216 1314 2362 1352 τυπα
2405 1295 2609 1350 τούτων
2639 1294 2961 1365 αὐτομάτως
3005 1292 3347 1365 συμϐέϐηκε;
3379 1294 3528 1365 Ψυχὴ
3549 1295 3598 1347 δὲ
3618 1335 3631 1359 ,
3656 1296 3729 1350 καὶ

2216 1387 2341 1453 νοῦς
2386 1386 2481 1440 καὶ
2518 1385 2709 1455 λόγος,
2760 1385 2925 1438 πόθεν
2957 1385 3215 1454 ἐγγέγονε
3261 1384 3337 1456 τῷ
3383 1385 3654 1457 φιλοσόφως
3674 1386 3729 1440 Ἦ

2217 1479 2368 1552 παρ-ἰ
2404 1477 2510 1532 τῶν
2552 1476 2774 1549 ἀψύχων
2807 1478 2900 1531 καὶ
2936 1478 3178 1549 ἀνοήτων
3206 1477 3298 1531 καὶ
3331 1476 3606 1546 ἀλογίστων
3633 1478 3728 1531 ἀτόο

2221 1588 2337 1643 μων
2383 1569 2532 1624 ταῦτ’
2583 1569 2879 1640 ήρανίσατο
2901 1609 2917 1636 ,
2966 1569 3231 1624 κάκείνων
3286 1567 3430 1639 αὐτῷ
3473 1585 3523 1622 τι
3568 1569 3728 1641 ἑκάστη

2217 1663 2397 1734 νόημα
2424 1662 2521 1717 καὶ
2551 1662 2729 1734 δόγμα
2757 1661 3081 1716 ἐνέπνευσεν
3100 1678 3115 1727 ;
3137 1661 3248 1715 Καὶ
3270 1660 3454 1733 ὥσπερ
3479 1663 3505 1714 ό
3536 1660 3728 1714 Ἡσιόδου

545 1754 791 1821 veniant,
838 1768 907 1807 ne
936 1751 1135 1806 luteam
1165 1748 1382 1819 quidem
1416 1747 1708 1817 imaginem
1736 1744 1998 1812 formare,
2024 1751 2118 1798 aut

2222 1755 2389 1827 μῦθος
2411 1795 2425 1820 ,
2457 1753 2553 1826 τὴν
2581 1753 2875 1825 Πανδώραν
2901 1756 3065 1827 φησὶν
3094 1753 3202 1807 ὑπὸ
3224 1753 3330 1807 τῶν
3358 1752 3508 1819 θεῶν,
3540 1752 3727 1825 οὔτωςή

546 1848 821 1920 lapideum
851 1843 1208 1900 simulacrum
1245 1840 1533 1913 perpolire,
1566 1848 1660 1903 aut
1686 1847 2000 1911 argenteum
2036 1835 2121 1891 vel

545 1954 773 1998 aureum
808 1938 1012 1993 idolum
1042 1935 1280 1992 conflare
1310 1931 1525 2003 possint
1560 1948 1573 1985 :
1605 1945 1838 2001 quorum
1871 1928 2118 1984 omnium

546 2031 798 2106 proprias
823 2044 1085 2085 manuum
1107 2034 1275 2091 artes,
1302 2022 1569 2095 fingendis
1598 2033 1753 2093 aptas
1773 2022 2118 2093 corporibus,

446 2118 451 2123 ’
547 2124 833 2182 hominum
866 2118 1192 2191 excogitavit
1223 2113 1509 2171 industria.
1537 2112 1782 2181 Quorum
1809 2113 1972 2184 igitur
1996 2114 2113 2170 sine

546 2214 816 2288 sapientia
855 2213 946 2268 vel
989 2209 1303 2268 adumbrari
1345 2207 1554 2278 species
1585 2204 1977 2275 iuformarique
2001 2221 2113 2261 non

2221 1846 2380 1918 σοφία
2409 1832 2636 1919 τάνδρὸς
2682 1845 2787 1899 ὐπὸ
2818 1845 2930 1900 τῶν
2974 1846 3194 1917 ἀτόμων
3247 1844 3607 1915 συνετελέσθης
3648 1845 3731 1899 Καὶ

2219 1939 2436 2011 ποίησιν
2459 1938 2516 1993 δὲ
2547 1940 2748 2002 πᾶσαν,
2781 1939 2876 1992 καὶ
2905 1940 3086 1992 πᾶσαν
3113 1940 3400 2010 μουσικήν,
3431 1937 3729 2009 ἀστρονομίαν

2219 2049 2301 2097 τε,
2338 2030 2433 2085 καὶ
2459 2029 2800 2102 γεωμετρίαν
2816 2056 2835 2095 ι,
2863 2030 2957 2083 καὶ
2983 2030 3084 2093 τὰς
3107 2028 3278 2093 ἄλλας
3306 2028 3610 2099 ἐπιστήμας,
3635 2027 3730 2079 οὐκ·

2219 2123 2301 2177 έτι
2342 2122 2479 2177 θεῶν
2527 2123 2814 2195 εὑρήματα
2845 2121 2939 2175 καὶ
2985 2119 3335 2192 παιδεύματα
3372 2120 3610 2191 φήσουσιν
3636 2117 3730 2171 Ἕλ-

2218 2212 2377 2285 ληνες
2439 2207 2612 2276 εἶναι,
2666 2211 2823 2283 μόναι
2869 2210 2931 2265 δὲ
2986 2211 3281 2281 γεγόνασιν
3328 2209 3620 2282 ἐμπειρικαὶ
3663 2208 3730 2262 καὶ

548 2307 743 2382 possit,
790 2307 990 2361 horum
1034 2318 1164 2359 vera
1210 2303 1327 2373 ipsa
1370 2297 1719 2368 exemplaria,
1755 2298 1851 2368 qui
1898 2296 2113 2351 tandem

2224 2305 2387 2375 σοφαὶ
2435 2304 2656 2359 πάντων
2702 2303 2758 2357 ai
2814 2302 3008 2375 ἄτομοι
3053 2302 3310 2357 Μοῦσαιο
3354 2303 3388 2374 ή
3426 2301 3528 2372 γὰρ
3562 2300 3618 2352 ἐκ
3653 2295 3730 2351 τῶν

546 2403 811 2459 exsistere
839 2414 935 2471 per
956 2412 1014 2455 se
1038 2404 1349 2467 temereque
1374 2390 1700 2466 potuerunt?
1725 2389 1843 2447 iam
1870 2392 2116 2446 animum

2222 2395 2442 2467 ἀτόμων
2506 2393 2828 2464 Ἐπικούρου
2880 2393 3161 2463 θεογονία,
3218 2392 3328 2447 τῶν
3388 2392 3482 2464 μὲν
3543 2388 3729 2460 ἀπείρων

548 2498 751 2568 ipsum,
791 2500 1024 2549 mentem
1069 2499 1234 2560 atque
1274 2487 1541 2544 rationem
1579 2486 1936 2557 philosophus
1975 2483 2119 2541 unde

2223 2486 2443 2557 κόσμων
2476 2484 2658 2557 ἐξορός
2686 2485 2865 2550 ἐστιν,
2905 2486 2986 2548 είς
3030 2482 3086 2537 δὲ
3124 2484 3231 2557 τὴν
3259 2485 3477 2557 ἄπειρον
3520 2482 3728 2552 ἀκοσμίαν

549 2588 752 2647 habet?
776 2586 927 2644 Eane
958 2586 1027 2642 ab
1055 2582 1317 2641 inanimis
1350 2589 1404 2637 et
1442 2581 1642 2636 mentis
1669 2594 1734 2635 ac
1760 2577 1987 2634 rationis
2020 2593 2119 2633 ex-

2225 2576 2646 2647 πεφυγάδευται.

549 2683 795 2756 pertibus
827 2680 1026 2737 atomis
1078 2674 1460 2740 emendicavit,
1490 2688 1612 2743 qua;
1667 2670 1772 2729 sibi
1823 2671 2061 2742 aliquam
2126 2669 2353 2741 singula:
2393 2670 2670 2725 notionem
2705 2669 3008 2741 dogmaque
3047 2667 3334 2739 proprium
3374 2661 3661 2723 iufuderiut?
3691 2670 3727 2718 et

548 2775 1010 2850 quemadmodum
1032 2771 1335 2829 Paudoram
1357 2785 1387 2825 a
1409 2769 1514 2826 diis
1531 2766 1798 2824 Hesiodus
1823 2765 2114 2834 fabulatur,
2152 2765 2231 2822 sic
2260 2765 2331 2821 ab
2358 2766 2557 2823 atomis
2584 2765 2834 2822 absoluta
2882 2763 3121 2820 hominis
3157 2763 3421 2836 sapientia
3468 2760 3640 2818 fuerit?
3672 2757 3724 2813 lu

554 2869 740 2943 poesin
764 2868 1019 2937 deinceps
1041 2879 1281 2929 omnem,
1317 2877 1645 2933 omnemque
1677 2861 1966 2927 musicam,
2012 2858 2428 2928 astronomiam,-
2473 2858 2847 2931 geometriam,
2882 2865 3228 2927 caiterasque
3253 2857 3535 2922 doctrinas,
3558 2857 3724 2911 deorum

553 2966 777 3022 inventa
814 2962 988 3020 Graeci
1033 2970 1196 3032 atque
1232 2959 1480 3015 instituta
1530 2972 1724 3014 vocare
1772 2956 2071 3013 desinant:
2117 2953 2246 3011 solae
2291 2954 2535 3010 omnium
2578 2954 2765 3024 perita:
2810 2968 2875 3010 ac
2921 2952 3206 3024 sapientes
3237 2952 3421 3019 atomi,
3452 2950 3599 3006 Musis
3624 2946 3725 3003 cele-

552 3059 797 3115 brentur.
843 3057 979 3112 Nam
1015 3053 1107 3108 illa
1138 3052 1357 3123 quidem
1384 3067 1450 3107 ex
1482 3051 1678 3107 atomis
1710 3048 1932 3121 Epicuri
1974 3048 2282 3122 theogonia,
2329 3062 2397 3103 ex
2425 3047 2652 3104 infinitis
2684 3046 2847 3103 etiam
2875 3045 3097 3101 mundis
3123 3044 3415 3111 exsulavit,
3449 3043 3500 3097 in
3525 3040 3725 3098 inﬁnitam

552 3149 978 3227 perturbationis
1004 3148 1308 3203 vastitatem
1342 3146 1533 3217 ejecta.

1299 3237 1366 3294 ν.

628 3337 860 3407 Operam
885 3347 1106 3388 suorum
1143 3329 1465 3405 molitionem
1502 3328 1610 3384 Deo
1643 3328 1960 3383 laboriosam
1989 3344 2052 3382 ae

1058 3422 1332 3479 molestam
1362 3438 1465 3477 non
1496 3438 1624 3477 esse.

625 3517 804 3574 Moliri
832 3510 1073 3588 aliquid,
1116 3513 1519 3581 administrare,
1565 3510 1904 3581 benefacere,
1943 3512 2128 3583 provi-

552 3610 706 3674 dere,
738 3607 956 3679 aliaque
992 3605 1213 3671 similia,
1248 3604 1517 3660 inertibus
1561 3604 1780 3675 quidem
1816 3619 1882 3659 ac
1921 3603 2123 3670 stultis,

555 3702 826 3758 debilibus
870 3716 935 3757 ac
982 3715 1241 3771 nequam,
1286 3699 1513 3754 molesta
1545 3696 1684 3752 forte
1714 3696 1861 3752 sint:
1892 3712 2124 3766 quorum

557 3810 619 3851 se
649 3807 903 3857 numero,
934 3792 1064 3848 dum
1110 3791 1240 3847 talia
1272 3791 1340 3847 de
1366 3790 1471 3846 diis
1493 3789 1676 3857 sentit,
1726 3787 1995 3859 Epicurus
2032 3789 2128 3844 ad-

553 3887 753 3958 jungit.
793 3886 864 3940 At
888 3900 1019 3940 vero
1047 3884 1330 3949 studiosis,
1364 3883 1692 3949 valentibus,
1722 3882 2006 3939 industriis
2041 3893 2127 3937 ato

557 3995 664 4052 que
690 3979 982 4034 solertibus
1002 4018 1017 4045 ,
1048 3976 1356 4048 cujusmodi
1386 3975 1737 4047 philosophos
1758 3973 1984 4047 (quanto
2012 3990 2127 4030 ma-

558 4075 640 4144 gis
658 4072 787 4127 deos
806 4070 863 4142 ?)
895 4086 1016 4126 esse
1048 4077 1328 4140 oporteat;
1366 4083 1474 4123 non
1506 4069 1666 4124 modo
1696 4082 1803 4123 non
1833 4068 2131 4138 injucunda

557 4168 674 4221 haec
702 4172 868 4235 atque
895 4178 1110 4233 aspera,
1137 4177 1327 4217 verum
1361 4162 1523 4217 etiam
1546 4161 1946 4232 jucundissima
1977 4170 2125 4226 sunt,

510 4278 513 4285 -
558 4255 912 4324 omniumque
942 4250 1305 4308 suavissima:
1335 4248 1535 4320 quibus
1564 4247 1888 4320 negligentia
1915 4262 2129 4303 rerum-

557 4358 665 4415 que
707 4342 976 4398 bonarum
1019 4338 1440 4411 procrastinatio
1481 4338 1732 4395 dedecori
1766 4338 2030 4405 vertitur;
2060 4337 2128 4393 ad

556 4451 698 4509 quos
728 4434 863 4513 illud
891 4435 1289 4488 commouentis
1326 4440 1499 4503 poeta:
1530 4431 1818 4489 consilium
1845 4432 2079 4503 pertinet
2110 4449 2125 4487 :

987 4524 1122 4579 Cras
1152 4539 1216 4577 ne
1241 4534 1541 4594 exspectato
1570 4537 1591 4576 :

562 4625 659 4688 Cui
688 4636 815 4678 mox
848 4617 1335 4675 comminatiouem
1362 4616 1503 4673 hane
1538 4615 1819 4687 adjungit:

698 4714 992 4770 Cunctator
1021 4711 1231 4765 damnis
1261 4726 1462 4780 semper
1490 4709 1723 4763 luctatur
1747 4708 1969 4763 acerbis.

557 4806 629 4863 At
661 4822 763 4862 nos
796 4804 1017 4877 gravius
1051 4803 1285 4859 instituit
1314 4801 1601 4873 propheta,
1639 4802 1768 4884 d‘tm
1800 4811 1854 4858 et
1889 4800 2129 4857 actiones

558 4915 685 4957 cum
712 4899 911 4954 virtute
945 4897 1268 4967 conjunctas
1305 4894 1416 4950 Deo
1458 4910 1588 4950 vero
1620 4895 1814 4966 dignas
1846 4909 1968 4951 esse
1998 4907 2129 4964 pro-

560 4990 813 5056 nuntiat,
860 4998 915 5045 et
973 4987 1240 5042 nefarium
1301 4986 1454 5043 illum
1510 5002 1543 5042 a
1595 5001 1707 5057 quo
1764 4986 2129 5057 negligantur,

560 5080 814 5152 appellat.
865 5078 1183 5133 Maledictus
1226 5078 1388 5144 enim,
1426 5079 1517 5148 qui
1554 5077 1685 5147 facit
1725 5094 1883 5148 opera
1913 5076 2126 5130 Domini

559 5172 877 5244 negligenter
894 5172 961 5225 ".
998 5169 1198 5226 Deinde
1226 5178 1287 5225 ut
1315 5169 1371 5225 in
1395 5169 1587 5241 quavis
1620 5179 1737 5225 arte
1763 5169 1926 5224 rudes
1957 5177 2011 5223 et
2045 5170 2130 5223 in-

632 5310 678 5342 "
715 5307 826 5364 Jer.
864 5321 1058 5373 vam,
1094 5305 1181 5362 10.

656 5444 746 5513 44)
786 5441 1239 5513 Σωματουργῶν.
1269 5439 1888 5513 Βοτίδθησωματουργοί.
1920 5438 2122 5495 'VIGEB.

656 5447 746 5513 44)
786 5447 1239 5513 Σωματουργῶν.
1269 5447 1458 5497 Scribe
1493 5447 1888 5512 σωματουργοί.
1920 5447 2122 5495 νισι-ιιι.

633 5447 743 5586 iis)
780 5512 930 5586 Μηδ⁹
955 5512 1421 5569 ἀναϐάλλεσθαι.
1455 5509 1670 5569 Hesiodi
1703 5514 1863 5568 verba
1901 5519 2028 5567 sunt
2071 5514 2127 5565 in

565 5579 752 5649 ἐρτ.’,
778 5601 829 5638 v.
858 5579 963 5638 ωδ
988 5600 1002 5636 :

629 5601 633 5604 ν
712 5624 727 5639 .
778 5601 829 5638 v.
858 5601 963 5638 sua
988 5601 1002 5636 :

629 5601 783 5744 ξιτ.ηὲ
806 5673 1250 5733 ἀναϐάλλεσθαι
1269 5678 1359 5743 είς
1384 5674 1612 5745 αὔριον,
1639 5677 1727 5743 εἰς
1745 5674 1794 5730 τ’
1817 5675 2089 5745 ﬁrmans.

2149 3242 2199 3307 ε
2254 3254 2258 3259 .

2977 3234 3054 3287 E'.

2350 3328 2472 3383 Ὅτι
2497 3328 2610 3382 οὐκ
2631 3327 2923 3382 ἐπίπονον
2958 3324 3043 3392 τῷ
3075 3325 3207 3393 Θεῷ
3239 3325 3308 3381 τὸ
3337 3320 3652 3395 ἐργάζεσθαι.

2300 3520 2657 3593 Ἑγράζεσθαι
2687 3520 2743 3574 δέ
2765 3537 2850 3590 γε,
2875 3518 2969 3573 καὶ
2992 3518 3242 3586 διοικεῖν,
3265 3516 3359 3573 καὶ
3384 3512 3649 3588 εὐεργετεῖν
3666 3523 3719 3569 τε,

2218 3615 2313 3671 καὶ
2343 3612 2707 3687 προκήδεσθαι
2726 3652 2741 3677 ,
2775 3613 2871 3667 καὶ
2896 3611 2964 3665 τὰ
3004 3610 3271 3680 τοιαῦτα,
3298 3612 3409 3672 τοῖς
3441 3608 3530 3681 μὲν
3550 3602 3720 3676 ἀργοῖς,

2220 3709 2313 3763 καὶ
2358 3708 2586 3780 ἄφροσι,
2630 3708 2725 3761 καὶ
2766 3703 3053 3770 ἀσθενέσι,
3105 3705 3207 3758 καὶ
3257 3702 3590 3774 κακούργοις,
3632 3692 3722 3752 ἴσως

2221 3800 2431 3871 ἐπαχθῆ
2451 3817 2464 3830 ’
2488 3795 2569 3864 οἷς
2591 3797 2942 3869 ἐγκατέλεξεν
2964 3796 3161 3851 ἐαυτὸν
3200 3798 3509 3868 Ἐπίκουρος
3524 3834 3538 3859 ,
3559 3785 3723 3845 τοιαῦτα

2221 3893 2498 3965 φρονήσας
2540 3893 2667 3964 περὶ
2708 3891 2815 3947 τῶν
2859 3890 3018 3946 θεῶν.
3052 3889 3184 3955 Τοῖς
3230 3890 3288 3944 δὲ
3320 3884 3623 3947 σπουδαίοις,
3660 3875 3724 3931 καὶ

2220 3986 2485 4050 δυνατοῖς,
2508 3985 2600 4039 καὶ
2629 3984 2887 4047 συνετὸῖς,
2911 3982 3006 4037 καλ⁸
3033 3980 3333 4055 σώφροσιν,
3355 3982 3492 4045 οἵους
3517 3976 3632 4031 εἶναι
3649 3967 3722 4041 χρὴ

2220 4080 2348 4144 τοὺς
2386 4078 2704 4149 φιλοσόφους
2751 4077 2923 4149 (πόσῳ
2958 4092 3022 4145 γε
3066 4075 3271 4147 μᾶλλον
3304 4075 3426 4138 τούς
3451 4070 3587 4134 θεούς
3600 4067 3629 4139 ς)
3656 4061 3723 4129 οὐχ

2220 4169 2368 4233 ὅπως
2379 4164 2392 4236 [
2403 4165 2525 4239 οὐκ]
2538 4166 2672 4239 ἀηδῆ
2687 4165 2858 4219 ταῦτα
2880 4165 2973 4219 καὶ
2992 4164 3297 4236 προσάντη,
3316 4162 3446 4218 ἀλλά
3460 4160 3544 4215 καὶ
3557 4149 3725 4227 τερπνό-

2221 4276 2378 4324 τατα,
2429 4261 2523 4313 καὶ
2547 4259 2763 4313 πάντων
2793 4256 2992 4329 μᾶλλον
3021 4257 3408 4312 ἁσπαστότατα
3427 4273 3439 4286 ·
3465 4248 3538 4319 οἷς
3565 4250 3614 4304 τὸ
3637 4247 3726 4315 ἀμεσ

2221 4351 2312 4418 λὲς
2330 4390 2346 4417 ,
2374 4350 2467 4405 καὶ
2494 4349 2554 4404 τὸ
2587 4349 2797 4422 μέλλειν
2827 4366 2878 4402 τι
2912 4347 3172 4421 πράττειν
3203 4349 3311 4405 τῶν
3346 4342 3606 4419 χρηστῶν,
3629 4335 3726 4389 ivst-

2218 4442 2340 4509 δος’
2377 4441 2453 4506 ὡς
2493 4442 2735 4504 ἐκείνους
2762 4457 2821 4494 τε
2853 4436 3080 4511 ποιητὴς
3107 4439 3353 4494 νουθετεῖ
3384 4427 3724 4509 συμϐουλεύων

2370 4524 2517 4594 Μηδ’
2545 4523 2987 4579 ἀναϐάλλεσθαι
3012 4521 3121 4595 (45)
3149 4526 3238 4591 εὶς
3262 4523 3493 4590 αὔριον

2230 4621 2326 4675 καὶ
2358 4617 2806 4691 προσεπαπειλῶν
2822 4633 2837 4648 ·

2370 4712 2494 4767 Alei
2516 4710 2568 4765 δ’
2598 4708 2985 4780 ἀμϐολιεργὸς
3015 4706 3172 4777 ἀνὴρ
3193 4707 3371 4777 ἄτῃσι
3394 4700 3627 4758 παλαίει.

2241 4801 2419 4876 Ἦμᾶς
2456 4819 2516 4856 τε
2545 4800 2655 4874 (46)
2693 4800 3015 4872 σεμνότερον
3053 4798 3298 4852 παιδεύει
3333 4781 3729 4876 “Mm”?

2230 4869 2415 4969 πρεπῆ
2445 4895 2541 4968 μὲν
2556 4869 2731 4957 ’ὅντως
2758 4869 2894 4964 ἔργα
2926 4869 3005 4944 τὰ
3044 4890 3168 4943 κατ’
3195 4888 3395 4961 ἀρετὴν
3418 4869 3729 4969 ὑπάρχειν-λέ·

2230 4963 2343 5051 των
2366 5021 2381 5047 ,
2403 4963 2503 5036 ’τὸν
2528 4981 2584 5035 δέ
2615 4963 2981 5052 ὀλιγωροῦντα
3006 4978 3211 5032 τούτων
3236 5015 3252 5041 ν
3293 4975 3585 5044 ἐξάγιστον
3619 4963 3728 5059 1??"

2233 5070 2563 5139 κατάρατος
2600 5069 2711 5142 γὰρ
2746 5072 2778 5124 d
2806 5066 2992 5122 ποιῶν
3018 5067 3091 5122 τὰ
3126 5066 3271 5138 ἔργα
3295 5066 3505 5133 Κυρίου
3529 5056 3726 5142 WG:

2233 5138 2500 5217 Εἷτανκαὶ
2535 5138 2650 5227 rei;
2691 5161 2790 5234 μὲν
2827 5159 3096 5230 ἀμαθέσιν
3127 5155 3437 5231 ἡστινοσοῦν
3465 5151 3634 5223 τέχνης
3662 5138 3729 5196 καὶ

2238 5435 2341 5506 Qui
2369 5435 2614 5506 sequitur
2643 5452 2657 5490 :

2300 5507 2424 5564 Αὶεὶ
2446 5505 2498 5560 δ’
2522 5507 2910 5577 ἀμϐολιεργὸς
2932 5546 2947 5573 ,
2978 5514 3083 5562 etc.

2234 5602 2365 5659 ibid.
2392 5618 2441 5654 v.
2474 5601 2596 5655 Mi.
2632 5600 2707 5655 lo.

2307 5672 2418 5744 (46)
2468 5668 2642 5741 Ἠμᾶς
2668 5688 2750 5726 τε.
2784 5670 2946 5728 Forte
2971 5671 3117 5743 ἡμᾶς
3135 5667 3214 5724 δι.
3251 5667 3326 5723 lo.
