1983 3103
139 150 213 178 1265

633 149 846 179 FRAGMENTA
865 150 910 178 EX
931 149 1042 177 LIBRlS
1061 149 1105 177 DE
1121 149 1279 179 NATURA.

1698 148 1708 175 Β
1715 148 1766 176 “265

133 210 343 247 ἀτελεστέροῖς,
353 211 397 239 διὰ
413 211 443 239 τδ
461 212 512 248 τῆς
531 219 628 249 πείρα-ς
647 213 746 249 ἀληθὲς
767 213 823 250 (Π)
838 214 884 240 καὶ
899 213 923 240 τί

979 213 1081 246 choati,
1095 218 1204 248 propter
1214 211 1387 248 experientiae
1399 212 1547 239 novitatem
1559 215 1642 246 atque
1652 217 1766 245 operum

134 255 193 283 τῶν
217 256 307 292 ἔργων
325 256 453 292 ὰτριὸὲς,
473 257 596 293 κάματος
619 258 757 293 ἐγγίνεται
780 260 841 290 ταῖς
868 259 928 285 ἐπι-

135 303 305 338 χειρήσεσιν.
329 304 360 330 Οί
376 304 404 331 δὲ
422 305 638 341 προκόπτοντες,
660 307 707 333 καὶ
730 306 829 342 μᾶλλον
844 306 884 332 ἐτι
902 307 927 333 οἱ

134 349 252 381 τέλειοι,
270 349 368 386 ῥαδίως
388 350 406 378 ἃ
426 352 534 387 μετίασι
556 352 751 388 κατορθοῦντες
766 352 926 387 γάννυνται,

134 395 184 421 καὶ
203 394 302 430 μᾶλλον
321 395 354 423 ἂν
373 396 474 423 ἕλοιντο
486 397 519 424 τὰ
532 397 646 424 είωθότα
657 397 822 433 πράττοντες
836 396 928 423 ἀνύειν

133 441 185 468 καὶ
207 441 420 478 τελεσιουργεῖν,
440 443 456 479 ἢ
478 443 569 470 πάντα
589 444 679 478 σφίσιν
706 443 823 479 ὑπάρξαι
842 443 875 469 τὰ
899 443 928 470 ὲν

133 487 290 523 ἀνθρώποις
300 488 399 522 ἀγαθά.
416 489 585 526 Δημόκριτος
598 490 663 523 γοῦν
674 489 770 521 αὐτὸς,
783 489 821 521 ὥς
835 497 927 524 φασιν,

133 533 212 568 ἔλεγε
232 533 372 569 βούλεσθαι
394 535 494 570 μᾶλλον
517 536 582 571 μίαν
599 536 689 571 εὑρεῖν
713 535 892 570 αἰτιολογίαν,
910 535 926 571 ἢ

132 579 186 615 τὴν
201 579 314 616 Περσῶν
330 581 355 607 oi
369 580 507 615 βασιλείαν
520 581 664 616 γενέσθαι·
674 582 722 608 καὶ
733 581 827 613 ταῦτα,
839 582 929 618 μάτην

133 626 184 653 καὶ
206 626 333 658 ἀναιτίως
346 627 523 661 αἰτιολογῶν,
544 628 583 660 ὠς
601 627 634 655 ἂν
651 627 704 654 ἀπὺ
726 627 807 663 κενῆς
822 627 926 663 ἀρχῆς,

133 673 185 699 καὶ
200 672 353 704 ὑποθέσεως
369 673 548 710 πλανωμένης
566 673 741 709 ὁρμώμενος,
759 674 807 700 καὶ
821 674 870 709 τὴν
888 673 928 708 ρί-

133 717 197 750 ζαν,
210 719 257 745 καὶ
269 718 317 754 τὴν
330 719 422 755 κοινὴν
437 719 559 755 ἀνάγκην
576 720 625 755 τῆς
643 719 697 746 τῶν
719 719 804 746 όντων
822 719 929 754 φύσεως

132 764 185 798 οὐχ
200 763 286 799 ὀρῶν,
304 764 400 799 σοφίαν
424 764 453 790 δὲ
470 764 603 799 μεγίστην
622 765 789 800 ἡγούμενος,
804 764 853 800 τὴν
873 763 928 791 τῶν

133 809 246 844 ἀσόφως
263 810 310 836 καὶ
334 810 446 845 ἠλιθίως
466 810 670 846 συμϐαινόντων
686 811 865 846 κατανόησιν,
881 810 928 837 καὶ

131 855 185 891 τὴν
195 855 291 891 τύχην,
304 855 359 883 τῶν
376 857 423 891 μὲν
435 856 549 883 καθόλου
566 858 611 884 καὶ
623 857 677 885 τῶν
690 857 769 884 θείων
781 857 926 883 δέσποιναν

133 902 249 937 ἐφιστὰς
265 902 311 929 καὶ
325 902 458 938 βασιλίδα,
472 903 519 930 καὶ
529 903 616 930 πάντα
627 903 753 938 γενέσθαι
768 903 827 930 κατ’
840 902 925 938 αὐτὴν
943 892 962 920 Β

133 949 370 984 ἀποφαινόμενος·
383 949 430 976 τοῦ
445 949 474 976 δὲ
490 949 544 976 τῶν
559 949 710 985 ἀνθρώπων
727 949 811 985 αὐτὴν
823 949 927 985 ἀποκη-

134 994 241 1031 ρύττων
256 995 312 1030 βίου
323 1016 330 1028 ,
347 996 394 1022 καὶ
413 997 477 1028 τοὺς
497 996 696 1032 πρεσὸεύοντας
711 995 794 1031 αὐτὴν
808 995 927 1030 ἐλέγχων

132 1040 305 1076 ἀγνώμονας.
329 1041 389 1068 Τῶν
403 1041 470 1076 γοῦν
490 1041 635 1077 ὑποθηκῶν
659 1041 809 1077 ἀρχόμενος
832 1040 925 1075 λέγει·

135 1086 311 1122 ι’Λνθρωποι
324 1086 409 1122 τύχης
422 1087 531 1114 εἴδωλον
544 1087 705 1119 ὲπλὰσαντο,
715 1087 848 1123 πρόφασιν
859 1086 927 1122 ίδίης

132 1133 238 1168 ἀνοίης.
250 1133 331 1160 Φύσει
344 1133 398 1170 γὰρ
412 1133 508 1170 γνώμη
522 1134 578 1170 (48)
594 1134 663 1170 τύχῃ
676 1134 806 1170 μάχεται·
819 1134 865 1161 καὶ
878 1134 926 1170 τὴν

133 1179 263 1215 ἐχθίστην
275 1181 308 1215 τῇ
325 1180 454 1216 φρονήσει
470 1180 572 1215 ταύτην
582 1181 666 1216 αὐτὴν
680 1181 783 1215 ἔφασαν
800 1181 924 1216 κρατεῖνο

135 1226 238 1261 μᾶλλον
253 1226 282 1253 δὲ
297 1227 343 1253 καὶ
357 1227 460 1263 ταύτην
477 1227 561 1263 ἄρδην
572 1227 758 1263 ἀναιροῦντες,
770 1227 817 1254 καὶ
833 1226 926 1261 ἀφανί-

133 1273 226 1304 ζοντες
237 1292 244 1304 ,
259 1272 366 1308 ἐκείνην
382 1273 603 1300 ἀντικαθιστᾶσιν
619 1273 715 1308 αὐτῆς.
730 1273 768 1300 Οὐ
782 1273 835 1309 γὰρ
848 1273 926 1299 εὐτυ-

133 1318 169 1354 χῆ
188 1318 238 1354 τὴν
260 1319 406 1354 φρόνησιν,
422 1319 479 1346 ἀλλ’
495 1319 717 1355 έμφρονεστάτην
741 1319 854 1355 ὑμνοῦσι
875 1318 925 1355 τὴν

133 1365 219 1401 τύχην
235 1365 300 1401 (49).
318 1375 327 1391 ι
353 1366 384 1392 Ol
399 1365 448 1401 μὲν
461 1364 508 1392 οὗν
521 1365 575 1392 τῶν
598 1365 737 1401 βιωφελῶν
757 1366 845 1402 ἔργων
866 1367 925 1393 ἐπι-

136 1411 244 1444 στάται,
252 1412 313 1443 ταῖς
321 1410 388 1446 πρὸς
396 1411 426 1437 τὸ
432 1411 566 1447 ὁμόφυλον
573 1411 744 1447 ἐπικουρίαις
752 1411 923 1446 ἀγάλλονται,

133 1456 247 1485 ἐπαίνου
263 1465 293 1483 τε
307 1457 448 1493 ὀρέγονται
471 1458 517 1484 καὶ
533 1457 628 1490 κλέους
642 1457 685 1493 ἐφ’
699 1455 740 1489 οἷς
753 1458 841 1485 αὐτῶν
857 1467 924 1494 προ-

133 1503 293 1539 κάμνουσιν,
305 1504 329 1530 οἱ
347 1504 395 1540 μὲν
410 1504 565 1540 τρέφοντες,
578 1505 602 1531 οἱ
612 1504 641 1531 δὲ
658 1504 854 1541 κυϐερνῶντες,
866 1506 890 1532 oi
901 1505 924 1532 δ’

135 1549 256 1584 ἰώμενοι,
272 1549 297 1576 οἱ
312 1549 340 1576 δὲ
353 1549 555 1585 πολιτευόμενοι
567 1557 575 1565 ο
590 1549 651 1576 οἰδέ
665 1558 697 1584 γε
715 1549 865 1586 φιλόσοφοι,
877 1552 924 1578 καὶ
937 1569 958 1599 c

134 1594 238 1631 σφόδρα
260 1594 396 1622 παιδεύειν
420 1594 622 1631 ἐπιχειροῦντες
641 1594 801 1631 ἀνθρώπους
821 1596 923 1632 φρυάτ-

133 1648 236 1667 τονται.
248 1641 284 1666 Ἦ
299 1639 479 1676 τολμήσουσιν
499 1641 659 1676 Ἐπίκουρος
671 1641 687 1676 ἢ
704 1641 873 1677 Δημόκριτος
887 1642 924 1668 εἰ-

134 1687 206 1720 πεῖν,
219 1686 257 1718 ὡς
267 1686 428 1722 ἀσχάλλουσι
443 1686 667 1721 φιλοσοφοῦντες;
682 1687 752 1713 Ἀλλ’
766 1687 826 1714 οὐδὲ
838 1687 925 1724 θυμη-

132 1732 192 1759 δίαν
213 1732 315 1769 ταύτης
336 1732 369 1759 ἂν
394 1733 490 1769 ἑτέραν
524 1733 675 1769 προθεῖντο.
700 1733 756 1760 Καὶ
775 1733 829 1769 γὰρ
850 1735 874 1760 εί
894 1733 924 1760 τὸ

132 1778 236 1813 ἀγαθὸν
252 1778 346 1816 ἡδονὴν
363 1776 433 1806 εἶναι
458 1779 601 1815 φρονοῦσιν
613 1799 620 1811 ,
644 1779 701 1806 ἀλλ’
719 1780 923 1816 αἰδεσθήσονταί

132 1834 165 1861 γε
180 1825 217 1862 μὴ
235 1826 325 1861 λέγειν
344 1826 392 1863 ἡδὺ
407 1826 437 1854 ὃν
452 1826 508 1862 (50)
521 1826 613 1858 αὐτοῖς
629 1824 697 1853 εἶναι
710 1825 741 1852 τὸ
758 1826 921 1861 φιλοσοφεῖν.

133 1872 204 1904 Τοὺς
225 1872 254 1898 δὲ
278 1871 353 1904 θεοὺς
376 1872 440 1908 περὶ
454 1868 491 1899 ὧν
512 1873 536 1898 οἱ
559 1872 608 1907 μὲν
630 1871 739 1908 ποιηταὶ
754 1873 817 1907 παρ’
833 1872 923 1904 αὐτοῖς

133 1918 238 1954 ᾄδουσι,
261 1918 395 1953 δωτῆρας
415 1918 493 1945 ἐάων
513 1918 579 1954 (51),
600 1914 673 1945 οὗτοι
694 1918 721 1945 δὲ
736 1919 761 1944 οἱ
784 1918 922 1953 φιλόσοφοι

135 1964 205 2000 μετὰ
218 1964 330 1997 τωθείας
347 1964 509 2000 εὐφημοῦσι,
521 1965 581 1992 θεοί
594 1964 713 1991 πάντων
720 1963 839 2000 ἀγαθῶν
846 1964 921 1992 ἀδώ-

130 2019 216 2044 ρητοι
226 2010 338 2045 (5Ξ)καὶ
349 2009 498 2044 ἀμέτοχον
513 2010 560 2037 καὶ
575 2010 628 2037 τίνι
638 2010 731 2046 τρόπῳ
743 2010 922 2046 τεκμηριοῦν-

132 2066 178 2084 ται
202 2056 279 2089 θεοὺς
304 2055 383 2088 εἶναι,
401 2057 471 2092 μήτε
487 2057 622 2093 παρόντας
636 2057 683 2084 καὶ
706 2057 875 2093 πράττοντάς
895 2066 921 2084 τι

132 2104 259 2139 ὁρῶντες,
277 2104 315 2136 ὡς
336 2105 361 2130 οἳ
380 2104 426 2131 τὸν
440 2104 515 2139 ἥλιον
538 2104 585 2131 καὶ
602 2104 651 2139 τὴν
669 2104 783 2140 σελήνην
800 2103 922 2137 καὶτοὺς

132 2151 252 2187 ἀστέρας
272 2150 470 2186 θαυμάσαντες,
492 2150 535 2178 διὰ
551 2150 581 2177 τὸ
604 2149 675 2178 θέειν
695 2150 798 2185 ἔφασαν
821 2151 921 2187 κεκλῆ-

133 2198 196 2224 σθαι
218 2197 295 2229 θεούς
306 2206 313 2213 ·
331 2198 400 2233 μήτε
416 2196 475 2224 τινὰ
488 2196 669 2232 δημιουργία-ν
685 2197 776 2229 αὐτοῖς
795 2197 812 2233 ἢ
836 2206 921 2225 κατα-

979 259 1163 293 insolentiam,
1180 259 1244 286 dum
1259 258 1293 286 ad
1308 266 1364 286 rem
1385 265 1446 286 sese
1465 257 1582 293 primum
1608 256 1766 291 accingunt,

979 306 1132 333 molestiam
1158 306 1316 340 patiuntur;
1342 305 1379 331 ita
1406 303 1453 339 qui
1481 303 1583 338 aliquid
1614 301 1766 338 profecere,

979 351 1118 385 multoque
1130 351 1216 386 magis
1230 351 1275 386 qui
1289 349 1465 385 perfectijam
1479 353 1552 381 sunt,
1565 348 1586 376 si
1599 356 1659 382 qua:
1674 355 1768 375 susce-

979 398 1078 432 perint,
1092 397 1156 424 dum
1175 397 1254 425 facile
1269 397 1438 432 feliciterque
1454 395 1613 427 conficiunt,
1629 394 1767 422 exsultant

979 442 1089 475 animis,
1106 450 1138 470 ac
1152 442 1315 470 solemnium
1332 449 1444 477 operum
1460 440 1660 467 absolutionem
1687 439 1767 468 bonis

979 489 1120 516 hominum
1137 488 1265 516 omnibus
1281 492 1458 523 anteponunt.
1472 487 1506 514 Et
1519 494 1583 514 vero
1594 486 1766 514 Democritus

979 535 1046 570 ipse,
1065 543 1176 562 causam
1197 542 1278 562 unam
1294 535 1424 570 aliquam,
1450 538 1480 561 ut
1506 533 1608 565 ferunt,
1632 533 1766 566 invenire,

978 588 1060 615 quam
1075 580 1126 607 sibi
1140 579 1285 607 Persarum
1301 579 1445 614 imperium
1462 578 1590 606 obvenire
1601 577 1743 605 maluisset
1758 586 1764 604 :

978 631 1060 661 atque
1074 626 1098 653 id
1114 626 1196 652 homo
1209 625 1255 660 qui
1271 632 1370 652 causas
1382 624 1484 652 frustra
1495 623 1640 658 causisque
1650 622 1766 651 sublatis

979 672 1138 707 inquireret,
1151 679 1212 699 cum
1227 672 1307 698 inane
1323 671 1485 706 principium
1500 678 1531 698 ac
1546 671 1652 705 plenam
1664 669 1767 696 erroris

978 718 1142 754 hypothesin
1164 722 1284 749 secutus,
1309 721 1390 752 atque
1411 717 1440 743 in
1462 715 1554 744 radice
1573 714 1766 749 communique

978 769 1081 791 naturze
1091 771 1180 791 rerum
1193 762 1354 791 necessitate
1367 763 1524 795 czecutiens,
1534 769 1627 789 eorum
1642 768 1702 796 quae
1714 760 1766 788 im-

977 811 1123 846 prudenter
1135 810 1286 845 stolideque
1299 810 1488 844 contingerent
1501 808 1635 841 notitiam,
1650 815 1766 835 summa:

977 857 1116 892 sapientite
1132 865 1218 893 genus
1231 860 1354 892 putaret;
1380 856 1571 891 fortunamque
1591 863 1681 883 rerum
1700 855 1765 882 uni-

978 904 1125 932 vcrsalium
1147 908 1228 939 atque
1252 904 1406 932 divinarum
1429 903 1566 930 dominam
1588 902 1765 937 reginamque

978 950 1159 982 constituens,
1182 954 1334 985 caeteraque
1360 948 1452 976 omnia
1478 948 1538 983 ejus
1565 948 1679 975 arbitrio
1706 948 1765 975 fieri

977 996 1169 1032 pronuntians,
1183 997 1307 1024 eamdem
1320 1000 1410 1023 tamen
1426 995 1460 1022 ab
1476 995 1601 1022 humanae
1615 995 1678 1022 vitae
1690 1003 1766 1022 com-

977 1043 1079 1071 mercio
1095 1044 1191 1079 procul
1208 1043 1354 1078 ablegaret,
1373 1042 1474 1077 quique
1487 1042 1561 1069 illam
1584 1041 1705 1069 colerent
1723 1042 1766 1068 in-

977 1090 1067 1117 sulsos
1087 1097 1148 1117 esse
1170 1090 1353 1117 convinceret.
1372 1088 1443 1116 Sane
1465 1088 1574 1123 quidem
1593 1087 1709 1123 ipsomct
1724 1089 1765 1115 iii-

977 1136 1150 1164 stitutionum
1174 1144 1286 1163 suarum
1311 1135 1434 1168 exordio,
1457 1135 1498 1162 sic
1520 1135 1662 1169 loquitur:
1681 1144 1690 1160 ‹
1708 1134 1765 1162 llo-

977 1182 1075 1215 mines,
1091 1181 1194 1217 inquit,
1208 1182 1272 1209 dum
1291 1181 1411 1209 stultitia:
1426 1189 1481 1208 sum
1494 1181 1582 1208 velum
1600 1185 1763 1215 qumrcrent,

976 1235 1075 1255 vanum
1091 1227 1207 1255 fortuna:
1220 1227 1398 1255 simulacrum
1414 1226 1550 1254 tinxerunt
1564 1227 1678 1262 (pugnat
1691 1227 1763 1253 enim

976 1280 1072 1309 suapte
1090 1279 1187 1301 natura
1208 1281 1269 1301 cum
1288 1273 1395 1300 fortuna
1415 1273 1583 1307 consilium),
1604 1272 1764 1300 inimicissi-

975 1328 1103 1356 mamque
1116 1321 1267 1355 prudentiae
1277 1320 1412 1348 dominari
1425 1319 1570 1346 voluerunt
1581 1327 1587 1352 ;
1599 1318 1707 1346 tametsi
1720 1327 1764 1354 po-

975 1367 1029 1394 tius
1040 1367 1091 1395 hac
1102 1367 1182 1394 etiam
1197 1366 1563 1402 exterminata.funditusque
1573 1366 1764 1401 sublata,'ejus

974 1412 1002 1439 in
1016 1413 1105 1440 locum
1120 1413 1234 1440 alteram
1247 1412 1319 1439 illam
1332 1412 1484 1444 sufﬁciunt;
1499 1420 1550 1440 nec
1560 1412 1632 1439 enim
1644 1411 1763 1439 fortuna-

974 1463 1030 1485 tam
1052 1458 1097 1486 isti
1120 1458 1304 1493 prudcntiam,
1330 1458 1376 1486 sed
1400 1457 1639 1494 prudentissimam
1662 1463 1764 1487 canunt

974 1503 1169 1539 celebrantque
1189 1504 1338 1532 fortunam.
1357 1514 1367 1531 ›
1384 1504 1470 1532 Porro
1493 1505 1599 1533 utilium
1618 1505 1680 1533 vitae
1698 1513 1764 1541 ope.
1786 1510 1788 1512 ’

975 1559 1035 1578 rum
1045 1550 1231 1578 moderatores
1239 1558 1344 1585 omnes,
1354 1551 1477 1579 navanda
1487 1552 1546 1580 suis
1553 1560 1635 1588 opera
1645 1552 1764 1580 maxime

975 1597 1154 1631 delectantur,
1164 1597 1327 1633 laudemque
1338 1597 1419 1625 simul
1430 1603 1456 1625 et
1468 1599 1580 1634 gloriam
1589 1607 1651 1627 cum
1660 1599 1762 1627 labori-

974 1644 1026 1672 bus
1039 1644 1097 1671 suis
1115 1651 1165 1679 pro
1180 1644 1319 1671 communi
1338 1644 1425 1672 salute
1442 1646 1577 1681 susceptis
1591 1646 1763 1682 compensari

975 1689 1068 1716 volunt
1081 1698 1086 1716 :
1102 1688 1147 1716 alii
1158 1689 1267 1724 quidem
1277 1690 1515 1726 alendogegendo
1523 1692 1632 1725 alii,alii
1650 1692 1762 1719 meden-

974 1735 1019 1766 do,
1028 1734 1073 1761 alii
1084 1735 1280 1769 rempublicam
1298 1735 1432 1770 gerendo;
1443 1736 1548 1771 ipsique
1563 1737 1631 1764 adeo
1644 1737 1763 1771 philoso-

974 1781 1020 1814 phi
1037 1788 1087 1808 suo
1101 1780 1147 1807 illo
1162 1780 1393 1808 instituendorum
1405 1774 1546 1809 hominum
1556 1788 1654 1810 conatu
1668 1791 1700 1810 ac
1708 1787 1763 1810 stu-

974 1826 1019 1853 dio
1031 1826 1163 1861 majorem
1174 1826 1200 1853 in
1211 1826 1321 1854 modum
1334 1827 1493 1855 efferuntur.
1503 1828 1687 1856 Audebuutne
1698 1836 1762 1856 vero

974 1871 1110 1906 Epicurus
1131 1875 1158 1898 et
1176 1870 1349 1899 Democritus
1364 1872 1466 1904 dicere,
1482 1873 1627 1900 molestum
1650 1874 1701 1901 sibi
1722 1879 1763 1901 at-

973 1925 1026 1952 que
1053 1917 1170 1944 invisum
1186 1925 1247 1946 esse
1265 1918 1474 1953 philosophandi
1495 1920 1614 1947 munus?
1632 1919 1690 1947 lmo
1706 1928 1761 1948 non

974 1964 1057 1991 aliam
1075 1963 1198 1999 profccto
1207 1964 1271 1993 huic
1285 1965 1370 1991 animi
1387 1965 1554 2000 voluptatem
1572 1970 1759 2002 anteponant:

973 2011 1024 2038 etsi
1042 2011 1113 2038 enitn
1129 2010 1231 2038 bonum
1244 2011 1408 2046 voluptatem
1429 2019 1537 2039 onmem
1553 2020 1613 2040 esse
1628 2017 1761 2047 statuunt,

973 2057 1025 2085 hoc
1039 2063 1129 2085 tamen
1145 2057 1236 2084 dicere
1253 2057 1429 2090 verebuntur,
1444 2057 1630 2093 philosophari
1643 2059 1694 2086 sibi
1707 2067 1760 2087 non

973 2111 1033 2131 esse
1047 2103 1152 2139 vulgari
1167 2103 1305 2139 voluptate
1318 2104 1476 2137 jucundius.
1491 2103 1560 2132 Deos
1575 2112 1667 2139 porro,
1691 2112 1760 2140 quos

973 2154 1059 2185 poetae
1076 2150 1184 2185 quidem
1197 2151 1324 2177 bonorum
1340 2155 1458 2177 auctores
1470 2150 1628 2184 pra-dicant,
1643 2151 1761 2185 philoso-

973 2197 1018 2232 phi
1031 2204 1097 2224 vero
1111 2197 1165 2231 isti,
1180 2197 1280 2224 nullius
1293 2197 1404 2224 omnino
1421 2197 1484 2224 boni
1495 2197 1535 2224 vel
1547 2202 1672 2224 auctores
1686 2204 1759 2229 esse,

132 2243 234 2279 σκευὴν
251 2243 458 2279 προσνέμοντες,
482 2244 514 2269 ἵν’
531 2244 564 2270 ὲκ
586 2243 632 2271 τοῦ
657 2244 753 2276 θεῖναι,
768 2244 841 2271 τοῦτ’
863 2245 921 2272 ἐστι

976 2243 1016 2270 τοι
1028 2243 1172 2278 participes
1191 2242 1304 2270 ridendo
1316 2242 1440 2277 jactant;
1458 2242 1536 2275 deos,
1554 2241 1760 2277 inquam,illos,

132 2289 256 2325 ποιῆσαι,
267 2288 460 2324 θεοποιήσωσιν
471 2289 568 2320 αὐτούς
579 2289 684 2325 (τούτου
696 2290 751 2326 γὰρ
761 2291 842 2318 ἓνεκα
852 2292 920 2327 πρὸς

131 2335 261 2371 ἀλήθειαν
284 2336 298 2362 ό
323 2335 376 2362 τῶν
401 2335 528 2362 ἁπάντων
554 2336 666 2372 ποιητὴς
691 2337 739 2364 καὶ
758 2337 920 2374 δημιουργὸς

133 2382 214 2418 μόνος
232 2382 289 2409 ἐστὶ
302 2382 378 2417 Θεός)
389 2391 395 2397 ·
414 2383 481 2418 μήτε
496 2383 637 2418 διοίκησιν,
655 2383 672 2419 ἢ
689 2383 790 2419 κρίσιν,
807 2383 824 2419 ἤ
841 2385 920 2420 χάριν

132 2428 223 2456 αὐτῶν
238 2436 299 2455 τινα
315 2428 382 2464 πρὸς
397 2428 557 2464 ἀνθρώπους
578 2429 756 2465 ἐκτιθέμενοι,
778 2430 821 2457 ἴνα
839 2430 919 2465 φόϐον

129 2475 148 2511 ἢ
163 2474 248 2511 τιμὴν
265 2474 432 2510 ὀφλήσαντες
448 2476 679 2511 προσκυνήσωμεν
695 2476 804 2509 αὐτοῖς;
821 2475 860 2504 Ἦ
873 2477 919 2504 τοῦ

131 2521 236 2557 κόσμου
263 2521 405 2557 προκύψας
436 2521 616 2558 Ἐπίκουρος,
645 2523 692 2550 καὶ
720 2523 764 2550 τὸν
796 2523 920 2559 οὐράνιον

131 2568 254 2604 ὑπερϐὰς
271 2567 421 2604 περίδολον,
442 2569 459 2604 ἢ
476 2568 519 2596 διά
536 2578 616 2597 τινων
632 2570 755 2605 κρυφίων
780 2569 812 2602 ἃς
840 2570 920 2605 μόνος

179 2645 224 2682 Π)
250 2645 376 2679 Ἀληθές.
388 2645 476 2682 Forte
488 2645 580 2682 ἄηθες.
599 2647 693 2674 Vicsn.

176 2680 232 2717 ἠδ),
245 2682 336 2708 Φύσει
363 2680 419 2717 γὰρ
440 2680 550 2717 γγῴμή.
577 2682 709 2710 Praeclare
733 2682 839 2711 Tullius
870 2691 918 2717 pro

130 2716 276 2748 Marcello,
297 2721 363 2744 sect.
389 2716 404 2742 7
427 2725 434 2744 :
459 2716 602 2751 Nunquam
629 2718 763 2746 temeritas
786 2727 845 2746 cum
870 2716 919 2745 Vsu-

127 2753 229 2813 pientlt'a
245 2752 439 2784 commiscetur,
454 2760 500 2779 nec
512 2752 547 2778 ad
559 2753 696 2780 consilium
710 2762 788 2781 casus
800 2754 919 2781 admitti-

129 2793 183 2813 tur.
213 2795 239 2813 υ.
692 2810 696 2813 .

129 2793 183 2814 tur.
202 2793 239 2814 ID.
692 2810 696 2813 .

165 2822 221 2858 (49)
255 2821 315 2856 Τὴν
341 2823 448 2883 τύὖῃν.
473 2822 609 2864 llactenus
639 2825 720 2853 verba
751 2824 894 2853 Democriti
910 2832 918 2850 :-

165 2865 191 2883 ιε
212 2862 365 2883 seauuntur
402 2866 498 2883 IonVSll
516 2863 589 2883 sunt.
607 2859 636 2883 In

128 2862 365 2894 quaarsequyntur
377 2859 498 2894 Dionysii
516 2863 589 2886 sunt.
606 2859 644 2886 In.

165 2893 221 2926 (50)
249 2893 316 2921 Ἡδὺ
330 2893 374 2920 ὃν.
394 2893 474 2922 Forte
489 2893 562 2930 ἥδιον

973 2288 1074 2324 quibus
1096 2288 1205 2316 tandem
1231 2288 1382 2315 rationibus
1403 2292 1432 2314 ut
1446 2287 1513 2315 deos
1527 2295 1589 2315 esse
1605 2292 1698 2323 putent
1713 2287 1760 2314 ad-

973 2336 1128 2368 ducuntur;
1144 2342 1214 2369 quos
1233 2342 1283 2362 nec
1300 2337 1449 2369 praesentes
1471 2334 1591 2366 videant,
1605 2342 1654 2361 nec
1669 2341 1760 2361 rerum

973 2381 1121 2417 quidquam
1136 2380 1281 2408 molientes
1299 2380 1383 2416 (quod
1405 2380 1491 2407 secuti
1511 2380 1605 2407 saltem
1623 2380 1760 2413 videntur,

973 2428 1128 2463 quisolem,
1146 2427 1241 2454 lunam
1267 2434 1300 2454 ac
1320 2427 1411 2454 stellas
1435 2426 1572 2460 admirati,
1597 2424 1684 2458 θεούς,
1708 2425 1760 2453 hoc

972 2480 1014 2503 est
1037 2475 1110 2508 deos,
1126 2475 1170 2502 διὰ
1186 2475 1218 2502 τὸ
1244 2475 1335 2508 θέειν,
1354 2474 1381 2502 id
1397 2478 1448 2508 est,
1464 2481 1479 2501 a
1493 2474 1629 2501 currendo
1648 2477 1760 2500 vocatos

973 2529 1033 2550 esse
1060 2521 1212 2557 dixerunt),
1229 2529 1280 2550 nec
1305 2521 1360 2549 ullo
1384 2528 1497 2556 prorsus
1520 2520 1548 2547 in
1572 2527 1686 2555 operum
1711 2523 1758 2546 aut

973 2568 1144 2598 functionum
1164 2577 1265 2605 genere
1285 2569 1386 2597 versari
1411 2569 1533 2600 credant,
1549 2573 1579 2595 ut
1595 2575 1642 2595 eos
1662 2568 1694 2594 ὲκ
1713 2567 1760 2594 τοῦ

1009 2649 1065 2684 (Si)
1085 2648 1222 2683 Δωτῆρας
1236 2649 1321 2676 ἑάων.
1333 2649 1466 2676 llomerus
1479 2647 1575 2684 Odyss.
1590 2647 1611 2674 Θ
1622 2669 1629 2681 ,
1643 2652 1671 2684 ν.
1688 2648 1759 2677 525ε

973 2719 994 2746 Ε
1010 2683 1121 2746 "Erigor
1130 2684 1160 2727 ,δ’
1173 2684 1207 2711 ὲν
1220 2686 1393 2719 προθύροισι
1409 2684 1471 2717 θεοὶ
1485 2683 1614 2718 δωτῆρες
1628 2683 1717 2711 ἐάων.

997 2726 1006 2746 ι
1022 2727 1047 2746 ν.
1081 2727 1114 2746 ao
1129 2728 1136 2746 :

997 2726 1047 2747 tv.
1063 2719 1136 2746 55ὄὲ

1014 2755 1130 2789 Ἑρμεία
1142 2774 1148 2785 ,
1165 2756 1231 2788 Au‘c
1247 2755 1293 2782 υἱὲ
1305 2776 1311 2787 ,
1327 2754 1478 2788 διάκτοίε,
1494 2754 1585 2787 δῶτορ
1601 2754 1686 2780 λάων.

1009 2790 1063 2825 (52)
1091 2789 1258 2823 Ἀδώρητοι.
1275 2791 1301 2817 Id
1319 2795 1369 2824 est,
1388 2790 1521 2816 nul/orum
1541 2796 1659 2816 auctores
1675 2791 1770 2821 dono-

973 2834 1050 2858 rum,
1076 2824 1127 2851 hoc
1148 2825 1258 2864 quidem
1283 2826 1359 2859 loco,
1377 2825 1423 2852 ubi
1441 2825 1561 2860 δωτῆρες
1581 2830 1607 2852 et
1625 2824 1779 2864 ἀδώρητοι

973 2864 1155 2896 opponuntur.
1173 2859 1210 2886 ιυ.
