3966 6206
568 309 704 367 ηοτ

1548 307 1607 364 S.
1648 304 1938 364 DIONYSII
1974 300 2284 360 EPISCOPI
2321 298 2780 357 ALEXANDRIM

3592 309 3698 368 nos

567 434 782 500 θεῖναι,
821 433 925 490 hoc
976 441 1062 488 est
1104 432 1174 487 ab
1214 431 1492 488 alliciendo
1538 432 1947 503 θεοπιὴσωσιν,
1999 430 2129 485 deos

2235 421 2387 489 εἶδεν,
2417 422 2645 490 ἐξελθὼν
2689 419 2888 487 πυλῶν,
2920 419 3015 485 οὓς
3057 418 3167 491 (53)
3199 423 3253 476 ἐν
3284 420 3357 493 τῷ
3383 421 3510 493 κενῷ
3535 429 3704 482 natiiis

569 525 803 582 efﬁciant
838 524 1142 596 (propterea
1194 525 1394 595 quippe
1418 525 1664 579 omnium
1695 522 1919 579 eﬂ'ector
1960 532 2126 592 atque

570 618 791 675 molitor
822 632 964 671 unus
992 630 1121 671 vere
1150 613 1291 670 Deus
1312 614 1449 684 est);
1478 614 1628 670 nullo
1656 614 1889 691 denique
1916 614 1999 669 vel
2029 630 2128 683 gu-

570 705 929 770 bernationis,
968 704 1054 759 vel
1103 704 1319 774 judicii,
1362 704 1446 759 vel
1479 704 1722 759 benelicii
1759 704 1976 759 vinculo
2000 719 2125 759 eum

510 808 516 815 ‘
570 797 886 853 hominibus
922 794 1094 853 teneri
1131 795 1318 860 velint,
1349 802 1409 849 ut
1439 795 1644 850 cultum
1681 795 1749 851 iis
1780 795 2016 865 aliquem
2041 794 2129 850 vel

574 900 718 944 metu
749 887 834 943 vel
866 887 1090 944 honoris
1117 901 1283 943 causa
1327 886 1653 943 debeamus?
1688 886 1827 943 Num
1861 887 2128 958 Epicurus

578 977 735 1042 forte,
779 993 902 1033 cum
943 977 1082 1032 ultra
1139 976 1399 1031 mundum
1449 976 1593 1031 hunc
1649 976 2011 1046 prospiciens,
2064 990 2130 1031 ac

573 1071 842 1126 rmlestem
884 1070 1035 1126 illum
1088 1069 1351 1124 ambitum
1395 1077 1849 1139 praatergressus,
1884 1076 1980 1121 aut
2033 1082 2132 1138 per

572 1157 843 1212 occultum
895 1156 1169 1227 quoddam
1223 1157 1487 1226 posticum
1547 1158 1759 1226 sibique
1800 1155 1902 1212 soli
1936 1165 2129 1235 notum

572 1263 843 1317 egressus,
877 1248 1010 1303 deos
1043 1248 1097 1302 in
1148 1262 1319 1303 vacuo
1367 1246 1624 1318 degentes
1657 1248 1813 1312 vidit,
1860 1263 1925 1303 ac
1976 1262 2130 1302 sum-

572 1359 719 1399 mam
747 1358 935 1398 eorum
959 1343 1125 1397 tantis
1149 1343 1201 1397 in
1232 1336 1444 1399 deliciis
1465 1341 1773 1399 felicitatem
1808 1343 2128 1408 admiratus,

574 1436 906 1505 voluptatem
951 1433 1075 1489 inde
1125 1435 1486 1503 concupiscit,
1533 1445 1695 1505 atque
1743 1434 1890 1489 illam
1925 1450 2046 1504 qua:
2078 1434 2131 1488 in

576 1543 747 1603 vacuo
795 1527 1010 1583 ducitur
1060 1526 1226 1580 vitam
1279 1527 1585 1593 aemulatus,
1630 1542 1822 1582 omnes
1877 1527 2135 1581 continuo

574 1630 832 1688 tanquam
876 1618 1100 1674 deorum
1143 1618 1359 1672 illorum
1400 1619 1609 1674 similes
1644 1619 1881 1683 futuros,
1917 1618 2037 1687 ejus
2065 1616 2131 1671 ad

574 1710 850 1766 felicitatis
896 1709 1334 1765 communionem
1401 1724 1467 1764 ac
1520 1709 1834 1765 societatem
1898 1709 2128 1763 invitat:

574 1801 774 1870 quibus
807 1801 897 1856 ille
924 1801 1287 1867 ctenaculum,
1320 1816 1429 1856 non
1461 1799 1571 1871 jam
1605 1801 1802 1858 emtum
1833 1811 1927 1855 aut
1960 1800 2133 1872 olym-

574 1910 726 1965 pum,
757 1902 815 1949 ut
839 1902 1027 1963 poetae,
1064 1893 1156 1949 sed
1189 1909 1419 1948 vacuum
1459 1895 1699 1959 instruit,
1732 1892 2034 1948 confectam
2065 1908 2131 1948 ex

575 1986 775 2045 atomis
803 1999 1081 2055 apponens
1114 1983 1468 2051 ambrosiam,
1496 1985 1842 2054 indidemque
1875 1983 2131 2039 haustum

576 2084 762 2135 nectar
803 2074 1139 2145 propinans?
1176 2073 1442 2128 Caeterum
1482 2073 1550 2128 iis
1579 2074 1646 2128 de
1667 2074 1830 2127 rebus
1849 2088 1971 2145 quas
1998 2073 2137 2128 nihil

575 2166 643 2222 ad
688 2180 788 2220 nos
837 2165 1161 2235 pertineant,
1195 2163 1339 2219 mille
1363 2163 1672 2235 juramenta
1715 2178 2010 2235 sacrasque
2036 2162 2134 2218 ob-

576 2258 891 2314 testationes
916 2256 1031 2313 suis
1053 2257 1255 2327 passim
1284 2257 1437 2311 libris
1471 2256 1780 2322 inferciens,
1817 2270 1913 2327 per
1947 2254 2134 2312 Jovem

576 2351 796 2407 assidue
823 2350 907 2405 vel
941 2358 1102 2422 negat
1138 2349 1342 2423 aliquid
1380 2349 1460 2406 vel
1495 2349 1760 2414 allirmat;
1792 2351 2138 2419 lectoresque

576 2460 729 2510 suos,
763 2454 817 2500 et
853 2460 948 2501 eos
980 2445 1306 2516 quibuscum
1343 2443 1459 2514 ipse
1488 2444 1752 2513 disputat,
1776 2443 2003 2499 deorum
2041 2442 2140 2498 ob-

576 2538 798 2609 stringit
825 2538 1108 2608 religione,
1129 2551 1235 2592 non
1265 2537 1410 2607 quod
1445 2537 1567 2591 illos
1607 2536 1723 2605 ipse
1748 2542 2020 2599 vereatur,
2044 2542 2139 2589 aut

575 2630 875 2700 perjurium
906 2630 1020 2685 ullo
1050 2630 1213 2685 modo
1241 2628 1591 2695 reformidet;
1623 2630 1716 2683 sed
1750 2628 1968 2683 inanem
1999 2628 2139 2682 hanc

574 2706 740 2792 atque
769 2719 1105 2787 mendacem,
1132 2736 1438 2790 vanamque
1463 2736 1527 2775 ac
1563 2720 1695 2773 nihil
1726 2720 1947 2774 omnino
1972 2718 2140 2788 signi—

578 2815 828 2869 ﬁcantem
870 2813 1301 2884 disputationum
1345 2827 1572 2867 suarum
1623 2813 1972 2882 appendicem
2004 2810 2141 2869 εσυ-

576 2904 739 2971 tiens,
773 2920 880 2959 non
916 2903 1074 2960 aliter
1133 2918 1197 2959 ac
1244 2904 1287 2958 si
1344 2912 1563 2958 excreet
1613 2912 1709 2957 aut
1759 2911 2008 2974 exspuat,
2046 2909 2140 2957 aut

577 3004 861 3054 convertat
906 2998 1134 3060 vultum,
1171 3005 1265 3050 aut
1310 3010 1528 3050 manum
1572 3003 1928 3051 commoveat.
1983 2993 2141 3065 Ejus-

576 3088 725 3144 modi
747 3090 945 3163 quippe
970 3092 1146 3143 omnis
1186 3088 1290 3141 ista
1318 3086 1541 3141 deorum
1576 3087 1866 3155 appellatio
1899 3094 2005 3150 est,
2037 3102 2133 3141 su-
2162 3115 2208 3178 ο

573 3180 778 3251 perﬂua
821 3182 1067 3251 quaedam
1108 3195 1172 3233 ac
1220 3192 1412 3233 sensus
1440 3192 1635 3247 expers
1666 3178 1938 3247 studiique
1963 3178 2135 3231 simu-

575 3273 727 3330 latio.
750 3271 819 3325 At
847 3270 975 3324 illud
1005 3269 1222 3340 quidem
1248 3268 1403 3337 longe
1424 3267 1809 3335 certissimum,
1826 3283 1949 3323 cum
1967 3268 2136 3321 Athe-

575 3364 793 3419 nienses
844 3377 875 3416 a
925 3359 1165 3415 Socratis
1218 3359 1435 3413 interitu
1489 3367 1777 3422 metueret,
1831 3375 1900 3415 ne
1957 3359 2135 3429 qualis

575 3454 695 3510 erat
738 3454 916 3509 atheos
948 3467 1070 3507 esse
1120 3450 1410 3518 videretur,
1437 3466 1639 3507 vacuas
1668 3451 1736 3508 iis
1780 3452 2133 3508 leviculorum

576 3546 803 3602 deorum
841 3545 1064 3600 umbras
1113 3560 1312 3600 novum
1360 3545 1739 3601 circulatorem
1787 3545 2133 3603 informasse.

576 3636 687 3694 Nec
717 3640 860 3693 enim
888 3636 1134 3708 profecto
1160 3645 1254 3692 aut
1286 3637 1623 3707 spiritalibus
1674 3654 1917 3709 unquam
1961 3637 2138 3693 oculis

577 3729 825 3800 suspexit
849 3730 901 3784 in
934 3729 1153 3797 cadum,
1186 3738 1244 3784 ut
1267 3729 1630 3786 clarissimam
1659 3731 1807 3786 illam
1840 3730 2140 3802 superiori-

576 3823 681 3878 bus
710 3838 741 3877 e
767 3822 903 3878 locis
923 3837 1108 3877 vocem
1140 3823 1446 3890 exaudiret,
1483 3839 1591 3894 qua
1624 3825 1863 3880 intentus
1886 3824 1974 3879 ille
2005 3839 2138 3879 con-

576 3915 867 3995 templator
886 3913 1099 3970 adlatus
1115 3930 1239 3972 cum
1262 3926 1426 3981 esset,
1451 3916 1774 3972 exclamavit
1796 3934 1809 3970 :
1836 3915 1964 3972 Catii
1985 3932 2137 3971 enar-

577 4016 700 4060 rant
732 4006 956 4077 gloriam
999 4005 1117 4071 Dei,
1151 4018 1200 4061 et
1236 4024 1393 4078 opera
1438 4024 1693 4063 manuum
1720 4007 1833 4078 ejus
1862 4009 2141 4061 annuntiat

576 4102 970 4171 ﬁrmamentum
987 4100 1053 4153 ".
1092 4098 1201 4155 Aut
1246 4116 1376 4156 vero
1418 4100 1593 4155 solum
1624 4099 1801 4171 ipsum
1837 4106 2019 4154 mente.
2044 4100 2142 4154 de-

578 4193 785 4275 spexit;
816 4193 921 4249 hoc
941 4192 1085 4247 enim
1115 4192 1161 4249 si
1192 4189 1429 4254 iecisset.
1455 4193 1736 4257 didicisset
1767 4192 1974 4261 utique,
1997 4191 2142 4261 quod

2228 504 2403 581 θεοὺς,
2454 514 2550 569 καὶ
2589 513 2686 585 τὴν
2727 513 2925 586 πολλὴν
2970 510 3146 566 αὐτῶν
3197 512 3474 584 ἐμακάρισε
3509 516 3706 586 τρυφὴν,

2227 604 2478 661 κάκεῖθεν
2520 603 2856 675 ἐπιθυμητὴς
2877 602 3163 673 γενόμενος
3185 603 3279 674 τῆς
3315 603 3507 675 ἡδονῆς,
3531 607 3610 659 καὶ
3633 607 3708 678 τῆς

2226 703 2286 755 ἐν
2323 698 2401 770 τῷ
2451 696 2591 768 κενῷ
2624 697 2867 770 ζηλωτὴς
2897 696 3126 767 διαίτης,
3152 694 3290 750 οὕτω
3318 695 3505 761 πάντας
3532 699 3609 751 ἐπὶ
3639 701 3711 754 τοῦ

2231 789 2582 863 μακαρισμοῦ
2619 788 2809 844 τούτου
2861 787 3144 860 μετουσίαν
3163 828 3180 853 ,
3227 786 3713 859 ἐξομοιωθησομὲνους

2228 882 2456 946 ἐκείνοις
2500 882 2612 943 τοῖς
2661 878 2820 943 θεοῖς,
2869 874 3207 951 παρακαλεῖ,
3259 877 3529 948 συμπόσιον
3573 879 3716 943 αὐτοῖς

2232 974 2520 1044 μακάριον,
2564 973 2660 1041 οὐχ
2707 973 2843 1043 ὅπερ
2887 972 2936 1024 oi
2983 970 3219 1041 ποιηταὶ,
3252 970 3337 1024 τὸν
3373 970 3570 1041 οὐρανὸν
3595 971 3624 1041 ἢ
3651 971 3719 1025 τὸν

2230 1068 2492 1137 ὄλυμπον,
2524 1064 2660 1119 ἀλλά
2689 1065 2750 1119 τὸ
2782 1064 2936 1118 κενὸν
2969 1063 3300 1135 συγκροτῶν,
3332 1063 3393 1117 ἐκ
3417 1080 3470 1117 τε
3511 1063 3602 1117 τῶν
3625 1065 3721 1118 ἀτύ-

2235 1175 2350 1227 μων
2380 1157 2490 1229 (54)
2512 1156 2609 1228 τὴν
2642 1155 2946 1228 ἀμϐροσίαν
2977 1156 3158 1218 αὐτοῖς
3186 1152 3504 1226 παρατιθεὶς,
3524 1155 3604 1209 καὶ
3622 1172 3724 1226 προ-

2235 1247 2404 1301 πίνων
2452 1248 2631 1310 αὐτοῖς
2672 1246 2731 1313 ἐξ
2774 1246 2997 1301 ἐκείνων
3045 1244 3107 1299 τὸ
3142 1244 3363 1316 νέκταρ;
3396 1244 3498 1298 Καὶ
3539 1243 3595 1315 δὴ
3633 1247 3725 1299 κατ’

2233 1339 2455 1394 ἐκείνων
2482 1337 2589 1391 τῶν
2624 1338 2791 1409 μηδὲν
2823 1338 2958 1408 πρὸς
2988 1337 3158 1408 ἡμᾶς,
3193 1337 3379 1408 ὅρκους
3412 1352 3468 1388 τε
3508 1337 3590 1389 καὶ
3612 1338 3725 1407 ὁρκι-

2234 1430 2403 1499 σμοὺς
2433 1428 2660 1498 μυρίους
2691 1428 2801 1490 τοῖς
2830 1423 3022 1480 ἑαυτοῦ
3058 1423 3279 1496 βιϐλίοις
3316 1424 3579 1495 ἐγγράφει,
3600 1422 3729 1494 ὀμνύς

2232 1540 2290 1576 τε
2318 1520 2554 1592 συνεχῶς
2586 1519 2661 1591 μὰ
2690 1519 2786 1573 Δία
2818 1519 2913 1573 καὶ
2944 1519 3009 1589 νὴ
3041 1518 3159 1581 Δία,
3190 1515 3418 1588 ἐξορκῶν
3447 1532 3501 1569 τε
3535 1515 3642 1578 τοὺς
3665 1518 3729 1568 ἐν-

2233 1615 2600 1685 τυγχάνοντας
2631 1612 2724 1667 καὶ
2744 1611 2879 1683 πρὸς
2904 1610 2997 1674 οὒς
3020 1608 3340 1677 διαλέγοιτο,
3359 1608 3485 1679 πρὸς
3501 1606 3594 1661 τῶν
3610 1606 3729 1671 θεῶν,

2236 1706 2297 1760 οὗ
2325 1705 2378 1759 τί
2412 1722 2514 1759 που
2547 1702 2732 1768 δεδιὼς
2764 1702 2925 1765 αὐτὸς
2956 1700 3087 1771 (55),
3119 1699 3153 1772 ἢ
3194 1696 3539 1768 δεδιττόμενος
3575 1698 3731 1758 ἐκεῖνος

2167 1765 2208 1820 Β
2233 1800 2331 1870 τὴν
2365 1797 2668 1869 ἐπιορκίαν,
2689 1765 2842 1849 κενὸν
2863 1794 2921 1848 δὲ
2943 1765 3118 1858 τοῦτο,
3141 1765 3249 1846 ’καὶ
3266 1765 3471 1862 ψευδές,
3491 1789 3575 1843 καὶ
3592 1787 3731 1863 ἀργὸν,

2235 1894 2328 1948 καὶ
2347 1892 2559 1964 ἄσημον
2587 1887 3048 1960 ἐπιφθεγγόμενος
3078 1887 3192 1949 τοῖς
3210 1884 3382 1952 λόγοις
3403 1880 3555 1937 αὐτοῦ
3577 1879 3734 1950 παράρ-

2234 2002 2404 2056 τημα,
2421 1980 2531 2037 οἷον
2563 1984 2610 2035 εί
2638 1981 2731 2035 καὶ
2758 1980 3083 2052 χρέμπτοιτο
3115 1977 3212 2031 καὶ
3243 1974 3416 2039 πτύοι,
3442 1974 3500 2028 τό
3520 1990 3573 2028 τε
3605 1973 3732 2044 πρὸσ-

2235 2095 2382 2131 ωπον
2433 2074 2676 2147 στρέφοι,
2729 2072 2823 2126 κα)⁸
2852 2071 2950 2142 τὴν
2983 2073 3140 2143 χεῖρα
3184 2067 3377 2140 κινοίη.
3409 2064 3617 2137 Τοιαύτη
3657 2064 3734 2134 γὰρ

2237 2169 2544 2239 ἀδιανόητος
2574 2161 2642 2236 ἦν
2664 2167 2697 2235 ὴ
2733 2164 2860 2234 παρ’
2894 2160 3042 2233 αύτῷ
3065 2160 3162 2216 καὶ
3198 2159 3399 2231 ματαία
3428 2155 3736 2229 (indicatam)

2235 2263 2344 2317 τῶν
2381 2258 2515 2315 θεῶν
2553 2255 2834 2327 ὀνομασία.
2889 2253 3049 2308 Ἀλλά
3087 2251 3250 2306 τοῦτο
3285 2250 3380 2322 μὲν
3408 2247 3656 2320 πρόδηλον,
3680 2245 3736 2296 ὅτι

2241 2353 2378 2425 μετά
2431 2350 2521 2404 τὸν
2567 2346 2886 2420 Σωκράτους
2950 2343 3181 2399 θάνατον
3235 2338 3573 2410 κατεπτηχὼς
3624 2335 3738 2425 'an-

2237 2422 2438 2507 ναίους,
2482 2440 2556 2505 ὡς
2613 2437 2688 2510 μὴ
2730 2436 2912 2507 δοκοίη
2956 2432 3101 2488 τοῦθ’
3134 2434 3274 2505 ὅπερ
3320 2427 3408 2505 ἦν,
3438 2429 3593 2494 ἄθεος
3620 2422 3735 2485 εἶναι,

2238 2535 2401 2598 κενὰς
2430 2533 2609 2595 αὐτοῖς
2628 2528 3007 2585 ἀνυποστάτων
3027 2525 3165 2580 θεῶν
3193 2521 3628 2596 τερατευσάμενος
3643 2518 3738 2582 ἐζω-

2238 2629 2485 2700 γράφησε
2538 2624 2715 2688 σκιάς.
2766 2621 2902 2676 Οὔτε
2957 2621 3067 2691 γὰρ
3117 2622 3203 2685 είς
3250 2616 3471 2691 οὐρανὸν
3513 2610 3738 2679 ἀνέϐλεψεν

2239 2726 2442 2796 νοεροϊς
2474 2717 2793 2789 ὀφθαλμοῖς,
2827 2715 2916 2771 ἵνα
2947 2713 3046 2783 τῆς
3075 2709 3343 2783 ἐναργοῦς
3381 2706 3568 2764 ἀνωθεν
3610 2700 3739 2773 φωνῆς

2240 2814 2469 2887 ἀκούσῃ,
2488 2806 2568 2883 -ἦς
2588 2813 2616 2864 ὁ
2645 2806 3002 2880 προσεκτικὸς
3033 2803 3235 2875 θεατὴς
3268 2798 3592 2861 κατακούσας
3618 2796 3741 2887 ἐμαρ-

2238 2882 2620 2977 τύρησεν-θὸτι
2667 2902 2734 2953 οι
2775 2895 3018 2965 οὐρανοί
3057 2893 3404 2964 διηγυῦνται
3431 2888 3599 2954 δόξαν
3619 2882 3739 2939 Θεοῦ.

2240 2997 2490 3066 ποίησιν
2512 2993 2579 3048 δὲ
2601 2989 2813 3064 χειρῶν
2832 2987 3019 3044 αὑτοῦ
3033 2986 3392 3056 ἀναγγέλλει
3405 2985 3467 3039 τὸ
3483 2980 3738 3050 στερέωμα.

2241 3090 2376 3144 Οὔτε
2399 3092 2463 3160 τῇ
2493 3084 2696 3155 διανοίᾳ
2716 3082 2957 3138 κατεῖδεν
2980 3080 3058 3145 είς
3078 3078 3346 3150 τοῢδαφος
3362 3095 3376 3109 ·
3412 3074 3566 3148 ἔμαθε
3580 3073 3664 3143 γὰρ
3683 3069 3741 3131 ἂν,

2237 3184 2339 3248 ὅτι,
2350 3182 2458 3236 Τοῦ
2472 3179 2682 3243 ἐλέους
2693 3176 2910 3244 Κυρίου
2923 3173 3169 3243 πλήρης
3184 3175 3223 3242 ή
3240 3170 3337 3244 γῆ,
3354 3172 3447 3224 καὶ
3458 3170 3552 3233 ὅτι,
3570 3165 3657 3220 Τοῦ
3667 3165 3743 3216 Κυ-

2231 3275 2368 3343 ρίου
2391 3273 2429 3341 ἡ
2455 3270 2552 3342 γῆ,
2573 3266 2757 3323 καὶτὸ
2781 3266 3068 3336 πλήρωμα
3089 3264 3305 3333 αὐτῆς
3324 3262 3435 3328 καὶ,
3459 3259 3599 3314 Μετὰ
3613 3255 3744 3309 ταῦτα

2242 3363 2373 3434 γὰρ,
2419 3360 2571 3432 φησὶ,
2620 3360 2838 3427 Κύριος
2880 3359 2968 3422 εὶς
3016 3356 3133 3424 τὴν
3189 3355 3308 3428 γῆν
3354 3351 3639 3418 ἐπέϐλεψε,
3677 3343 3742 3396 καί

2241 3454 2587 3524 ἐνέπλησεν
2611 3450 2804 3519 αὐτὴν
2826 3448 2945 3504 τῶν
2967 3447 3213 3519 ἀπηθῶν
3230 3446 3433 3501 αὑτοῦ.
3457 3440 3645 3513 Ψυχὴν
3667 3434 3742 3506 (56)

2243 3546 2472 3614 παντὸς
2497 3543 2640 3607 ζώου
2670 3542 2941 3612 ἐκάλυψε
2970 3539 3037 3594 τὸ
3081 3543 3412 3610 πρόσωπον
3433 3536 3619 3605 αὐτῆς.
3642 3533 3690 3586 Εἰ
3708 3528 3746 3581 ὀί

2244 3640 2320 3712 μὴ
2348 3638 2552 3710 σφόδρα
2578 3634 2995 3709 τυφλώττουσιν,
3030 3632 3515 3704 ἐπισηψάσθωσαν
3536 3628 3620 3698 τὴν
3644 3639 3747 3712 mgf

2242 3711 2485 3795 ποίκιλον
2532 3730 2640 3784 τῶν
2690 3728 2843 3795 ζώων
2884 3726 3311 3798 πολυπλήθειαν,
3356 3725 3424 3779 τὰ
3470 3722 3678 3794 χερσαῖα,
3703 3711 3747 3764 τὰ

2246 3826 2447 3899 πτηνὰ,
2476 3824 2546 3889 τά
2584 3822 2820 3895 ἔνυδραι·
2857 3822 2950 3887 καὶ
2983 3821 3478 3894 κατανοησάτωσαν
3505 3816 3572 3878 ὡς
3598 3805 3746 3899 einen

2250 3896 2437 3993 intra
2473 3916 2688 3975 πάντων
2718 3915 2896 3988 κρίσει
2930 3913 3041 3984 (57)
3086 3913 3311 3983 γέγονεν
3342 3913 3375 3982 ἡ
3411 3906 3651 3982 μαρτυρία
3682 3896 3746 3953 τοῦ

2250 4015 2546 4067 Δεσπότου·
2580 4012 2689 4066 Καί
2722 4010 2917 4066 πάντα
2940 4010 3089 4075 κατὰ
3114 4008 3236 4078 τὴν
3274 4007 3455 4073 αὐτοῦ
3485 3996 3749 4074 πρόσταξιν

2250 4103 2482 4173 πέφηνε
2505 4100 2663 4157 καλὰ
2689 4092 2827 4172 (58).

578 4269 949 4341 Πίεενίεοτάία
995 4286 1211 4341 Domini
1252 4287 1407 4357 plena
1459 4296 1535 4342 est
1597 4296 1736 4341 terra
1752 4286 1829 4355 ἰς
1865 4287 2151 4359 quodque,
2201 4286 2414 4342 Domini
2465 4297 2540 4342 est
2565 4296 2707 4347 terra
2734 4296 2783 4347 et
2818 4285 3088 4356 plenitudo
3130 4284 3350 4355 ejus“,
3398 4288 3451 4337 et
3481 4274 3633 4334 illud:
3661 4269 3752 4370 Ροξε

578 4383 691 4450 hac
731 4385 890 4448 enim,
939 4383 1135 4454 inquit,
1180 4382 1435 4437 Dominus
1481 4384 1537 4438 in
1587 4392 1782 4445 terram
1830 4385 2082 4454 respexit,
2120 4392 2171 4438 et
2222 4383 2455 4453 impleuit
2505 4382 2655 4437 illam
2706 4381 2853 4436 bonis
2903 4382 3035 4437 suis.
3086 4380 3285 4434 Anima
3325 4377 3489 4434 omnis
3522 4371 3753 4427 animum

579 4481 785 4550 operuit
830 4478 1021 4550 {aciem
1066 4478 1267 4548 ejus“.
1303 4479 1407 4547 Qui
1457 4479 1504 4534 si
1550 4477 1717 4539 nimia
1744 4478 1985 4535 caecitate
2014 4494 2123 4534 non
2170 4479 2441 4546 laborant,
2473 4487 2676 4534 tantam
2731 4478 2880 4533 illam
2924 4492 2988 4532 ac
3043 4485 3155 4531 tam
3206 4473 3417 4530 variam
3453 4462 3753 4525 animantium

581 4574 987 4633 multitudinem
1070 4577 1530 4648 contemplemur,
1594 4585 1955 4643 terrenarum,
2009 4576 2331 4642 volatilium,
2381 4576 2737 4646 aquatilium;
2804 4588 2869 4628 ac
2940 4572 3160 4627 demum
3240 4568 3569 4637 intelligant,
3631 4565 3752 4626 quam

580 4685 770 4736 verum
819 4670 924 4726 hoc
955 4670 1009 4724 in
1044 4672 1287 4737 omnium
1340 4672 1716 4743 procreatione
1765 4672 2140 4729 testimonium
2193 4672 2359 4727 fuerit
2386 4690 2401 4727 :
2430 4671 2497 4726 Et
2541 4671 2718 4725 omnia
2754 4671 3037 4724 secundum
3082 4667 3199 4737 ejus
3239 4664 3545 4725 mandatum
3586 4650 3756 4709 ωιὲωθ

582 4774 706 4821 runt
730 4764 885 4817 bona.

651 4860 698 4892 ⁸³
738 4858 881 4914 Psal.
914 4874 1079 4925 xvm,
1114 4860 1161 4912 l.
1239 4860 1283 4891 “
1320 4858 1466 4923 Psal.
1496 4877 1679 4930 xxxu,
1710 4862 1763 4917 5.
1840 4863 1887 4893 ”
1924 4858 2068 4920 Psal.
2114 4877 2136 4915 ι

2235 4876 2267 4927 ι,
2296 4860 2346 4915 l.
2421 4861 2466 4892 "
2505 4857 2670 4915 Eccli.
2703 4872 2816 4920 xw,
2839 4855 2929 4921 50,
2955 4855 3045 4910 5i.

2184 5003 2231 5057 ι)
2258 5000 2525 5070 descripta
2567 5007 2732 5070 sunt.
2770 4996 2963 5070 subdit
2993 4993 3259 5070 Eusebiae
3287 5011 3322 5070 =.
3345 4986 3525 5044 ταῦτά
3562 4969 3758 5070 M23“.

2254 5042 2525 5128 5:23;;
2551 5042 3514 5141 ξεῖφδῖσςεῖῖέίδν-εβδξιέτςεκοιρφ,
3551 5042 3757 5141 itm

3461 5126 3585 5212 Ηςε

2364 5161 2482 5196 καυ⁷
2518 5161 2664 5212 ημας
2695 5161 2975 5208 Emamth
3022 5161 3423 5204 πεπυιημινων.
3461 5161 3585 5205 ειπερ.
3607 5161 3709 5193 ...μη
3744 5161 3747 5162 ν

2289 5161 2493 5267 aribus
2527 5212 2692 5264 libata
2720 5218 2841 5282 sunt
2872 5217 3027 5277 atque
3061 5205 3349 5282 drccrpta,
3373 5214 3487 5282 qua:

2255 5260 2990 5354 ibiic’bﬁjs'ééaiztanosiér
3025 5260 3274 5354 adversus
3304 5260 3574 5342 Epicurum
3610 5260 3754 5326 dispi-

2255 5350 2407 5423 tavit.
2429 5350 2604 5420 Gut.

675 5001 764 5068 53)
808 5003 943 5069 Οὓς.
975 5002 1137 5058 Forte
1165 5002 1308 5066 τούς.
1344 5002 1535 5057 νιοειι.

678 5073 768 5143 54)
821 5074 1086 5143 Ἀτόμων.
1118 5074 1304 5129 Scribe
1339 5075 1545 5143 ἀτμῶν.
1584 5072 1659 5127 lu.

677 5142 768 5212 55)
807 5142 1017 5212 Αὐτός.
1051 5142 1212 5199 Forte
1240 5142 1456 5211 αὐτούς.
1491 5143 1565 5203 In.

677 5212 767 5287 56)
816 5215 1047 5287 1ξυχήν.
1097 5214 1258 5287 Forte
1301 5212 1467 5287 ψυχῇ.
1514 5217 1591 5287 in.
1628 5243 1698 5287 _—
1733 5214 1925 5287 Ψυχὴν
1969 5224 2148 5269 tamen

578 5283 1125 5359 prtefertibiblioruln
1156 5283 1774 5359 codexAlexandrinus.

654 5355 767 5426 (57)
805 5354 1102 5426 Κρίσου]ΐ
1106 5365 1223 5426 orte
1255 5355 1449 5415 κτίσει.
1485 5355 1560 5410 lo.

658 5423 771 5512 (58)
791 5434 982 5493 καλά,
1026 5423 1124 5481 His
1147 5424 1492 5500 Dionysianis
1516 5426 1698 5483 relatis
1724 5441 1843 5497 qua:
1867 5425 2153 5503 hucusque
