1983 3103
171 158 242 187 1269

681 165 727 193 EX
746 166 856 196 LIBRIS
875 169 1058 199 ADVERSUS
1077 171 1277 201 SABELLIUM.

1715 179 1781 207 1270
1810 178 1812 181 ’

200 232 223 259 Ε
242 234 328 262 lucris
344 234 487 264 Parallelis
503 236 532 264 S.
551 236 663 266 Joannis
676 239 834 269 Damascem'
855 243 932 279 Rupe;

983 245 1080 274 ildinis.
1098 246 1164 281 Opp.
1181 252 1244 286 tor_n.
1259 247 1290 279 11,
1308 256 1366 286 pag.
1381 248 1431 276 752
1446 249 1475 276 C.
1490 250 1553 278 edit.
1572 250 1657 279 Paris.
1674 252 1751 280 1712.

168 281 223 307 Τοῦ
249 282 329 316 ἁγίου
345 285 483 312 Διονυσίου
509 286 709 322 Ἀλεξανδρείας
730 290 800 324 Περὶ
822 292 949 326 φύσεως.
966 296 989 324 Α

203 328 259 363 Οὐχ
280 329 372 362 ἁπλῶς
397 330 450 357 τῶν
475 332 609 367 μεριστῶν
631 334 676 361 τοῦ
702 336 814 372 κόσμου,
834 338 951 366 καὶτῶν

123 382 127 385 '
166 374 214 400 ὑπ’
231 375 320 407 αὑτὸν,
336 377 443 404 καὶ-τοῦ
461 378 576 414 ἀριθμοῦ
598 380 643 407 τοῦ
658 382 770 414 αἰῶνος*
790 383 858 410 ἀλλά
882 384 950 411 πάν-

1123 294 1151 321 S.
1169 294 1289 331 Dionysii
1307 296 1479 324 Alexandrini
1494 297 1529 325 De
1545 303 1653 326 natura.

1041 339 1098 367 Non
1115 341 1195 368 modo
1218 349 1310 368 earum
1333 342 1406 370 orbis
1429 350 1519 370 rerum
1537 352 1597 378 qua:
1610 344 1776 376 dividuntur,

1002 389 1030 412 et
1044 393 1137 412 earum
1157 394 1217 421 qua:
1242 388 1293 414 sub
1317 388 1376 422 ipso
1401 391 1475 420 sunt,
1500 389 1647 423 quinetiam
1672 392 1775 417 numeri

165 430 220 469 των
235 422 282 469 παὶ
298 422 352 450 τῶν
372 424 521 460 ἐλαχίστων
543 425 665 463 ἄπειρος,
687 428 827 461 ἀτέλεστος
850 429 904 456 τῶν
921 431 932 457 ὲ

1003 431 1178 465 aeternitatis;
1195 431 1242 459 sed
1257 436 1284 460 et
1298 433 1418 460 omnium
1431 422 1544 468 prorsus
1558 439 1637 469 alque
1651 435 1775 462 minima—

164 466 321 502 ἀνθρώποις
336 469 353 504 ἡ
369 469 479 503 γνῶσις.

1000 484 1061 504 rum
1074 477 1163 505 nescia
1181 482 1232 510 est,
1248 486 1298 507 nec
1312 479 1427 513 erudita,
1445 480 1584 508 hominum
1594 481 1722 516 cognitio.

167 578 1757 597 Ἢ

919 662 1012 706 III.

444 765 526 811 EX
560 766 755 812 LIBllIS
789 766 1093 814 ADVERSUS
1127 769 1480 816 SABELLIUM.

676 862 784 894 (Eoum,
801 863 913 894 Prwpar.
926 869 1010 895 evang.
1024 863 1067 889 lib.
1080 870 1119 895 vu,
1133 870 1186 896 cap.
1199 865 1248 896 l9.)

226 1014 295 1049 Περὶ
311 1015 364 1042 τοῦ
380 1014 423 1050 μὴ
440 1015 607 1050 ἀγέννητον
624 1013 699 1043 εἶναι
710 1015 768 1051 τὴν
781 1016 868 1051 ὕλην.

191 1061 252 1089 Οὐδ’
276 1062 373 1088 ἐκεῖνοι
399 1061 454 1097 (59)
479 1062 528 1097 μὲν
550 1061 604 1097 γὰρ
623 1063 700 1095 ὅσιοι,
717 1064 741 1090 οἱ
757 1063 807 1099 τὴν
824 1062 888 1098 ὓλην
901 1063 938 1095 ὼς

155 1108 301 1143 ἀγέννητον
322 1107 475 1144 ὑποχείριον
497 1109 537 1140 είς
564 1108 742 1145 διακόσμησιν
766 1109 882 1141 διδόντες
900 1109 939 1145 τῷ

154 1154 214 1190 Θεῷ
224 1163 231 1170 ·
247 1154 370 1191 παθητὴν
384 1155 438 1191 γὰρ
452 1155 546 1191 αὐτὴν,
562 1155 609 1182 καὶ
623 1156 742 1191 τρεπτὴν
754 1156 936 1192 ὑπάρχουσαν,

153 1200 238 1227 εἴκειν
261 1202 322 1233 ταῖς
343 1200 509 1236 θεοποιήτοις
530 1200 698 1228 ἁλλοιώσεσι.
714 1202 769 1228 Καὶ
790 1201 871 1228 πόθεν
884 1201 937 1237 γὰρ

152 1246 268 1282 ὑπάρχει
283 1246 330 1273 καὶ
344 1246 384 1282 τῷ
397 1246 466 1282 Θεῷ,
474 1247 520 1273 καὶ
531 1248 564 1282 τῇ
582 1246 642 1284 ὕλῃ,
655 1247 685 1274 τό
701 1256 729 1274 τε
744 1248 835 1283 ὅμοιον
852 1248 937 1274 καὶτὸ

151 1293 285 1328 ἀνόμοιον,
308 1292 526 1328 διασαφήτωσαν.
562 1292 705 1329 Ἐκατὲρου
732 1293 786 1329 γὰρ
815 1293 855 1320 δεῖ
877 1293 936 1321 τινὰ

151 1339 291 1375 ἐπινοῆσαι
312 1339 463 1375 κρείττονα,
485 1339 499 1366 ὃ
524 1339 591 1375 μηδὲ
611 1339 718 1375 θεμιτὸν
733 1340 857 1375 ἐννοῆσαι
873 1342 936 1377 περὶ

150 1385 196 1411 τοῦ
213 1385 290 1412 Θεοῦ.
304 1386 340 1412 T6
353 1394 383 1412 τε
396 1385 449 1421 γὰρ
459 1385 616 1421 ἀγέννητον,
629 1386 719 1421 ὅμοιον
732 1386 761 1412 ἐν
771 1386 936 1422 ἀμφοτέροις

149 1431 304 1467 λεγόμενον,
322 1431 368 1458 καὶ
384 1431 476 1467 ἕτερον
492 1431 634 1467 νοούμενον
652 1431 716 1467 παρ’
734 1432 873 1468 ἑκάτερον,
887 1433 935 1459 πό-

149 1477 195 1503 θεν
209 1478 239 1504 ὲν
261 1477 352 1508 αὐτοῖς
367 1476 495 1511 ὲγένετο;
512 1477 543 1503 Et
561 1477 610 1512 μὲν
624 1476 678 1512 γὰρ
701 1476 767 1503 αὐτὸ
790 1477 935 1513 ἀγέννητὸν

148 1523 223 1550 ἐστιν
238 1523 253 1550 ὁ
274 1522 350 1555 Θεὸς,
367 1523 414 1549 καὶ
435 1522 513 1549 οὐσία
534 1522 607 1549 ἐστὶν
632 1522 725 1555 αὐτοῦ,
747 1523 784 1555 ὡς
809 1522 842 1550 ἂν
864 1522 934 1550 εἴποι

147 1578 199 1602 τις,
219 1570 235 1604 ἡ
260 1568 416 1605 ἀγεννησία,
435 1569 485 1595 οὐκ
506 1568 539 1596 ἂν
555 1568 702 1603 ἀγέννητον
724 1568 766 1605 εἴη
783 1570 798 1605 ἡ
817 1568 866 1605 ὕλη
878 1577 885 1585 ο
903 1569 933 1596 οὐ

146 1616 201 1652 γὰρ
216 1615 312 1643 ταυτὸν
328 1616 400 1643 ἐστιν
415 1616 431 1651 ἡ
449 1615 509 1651 ὕλη,
528 1616 575 1642 καὶ
586 1617 600 1642 ὁ
617 1616 692 1648 Θεός.
711 1616 743 1642 Et
759 1615 788 1642 δὲ
804 1616 935 1652 ἑκάτερον

146 1662 199 1698 μὲν
223 1661 307 1694 ἔστιν,
320 1661 388 1697 ὅπερ
414 1661 485 1689 ἐστὶν
501 1662 517 1697 ἡ
535 1661 584 1697 ὕλη
602 1662 648 1688 καὶ
663 1663 678 1689 ὁ
701 1661 778 1694 Θεὸς,
804 1662 933 1698 πρόσεστι

145 1708 174 1735 δὲ
191 1708 356 1744 ἀμφοτέροις
373 1708 403 1734 τὸ
417 1708 562 1744 ἀγέννητον
574 1716 581 1724 ο
603 1708 682 1744 δῆλον
697 1709 735 1741 ὡς
750 1709 841 1745 ἕτερόν
859 1710 932 1736 ἐστιν

145 1754 289 1791 ἑκατέρου,
307 1754 353 1782 καὶ
372 1754 533 1790 ἀμφοτέρων
550 1755 732 1791 πρεσϐύτερόν
747 1764 777 1784 τε
802 1756 848 1783 καὶ
864 1757 933 1784 ἀνω-

144 1802 227 1837 τέρω.
257 1801 452 1838 Ἀνατρεπ-τικὴ
477 1802 506 1828 δὲ
532 1801 681 1834 παντελῶς,
706 1802 753 1829 καὶ
777 1802 824 1829 τοῦ
849 1802 933 1830 ταῦτα

145 1847 338 1884 συνυπάρχειν,
354 1847 453 1883 μᾶλλον
469 1848 498 1876 δὲ
510 1847 588 1875 τοῦτο
600 1848 692 1884 ἕτερον
704 1848 793 1875 αὐτῶν
805 1848 853 1884 τὴν
867 1848 932 1884 ὕλην

144 1893 188 1927 ἐφ’
204 1893 303 1928 ἑαυτῆς
320 1893 462 1929 ὑπάρχειν,
480 1893 527 1921 καὶ
539 1895 556 1929 ἠ
571 1894 620 1929 τῆς
634 1894 756 1926 ἐναντίας
774 1894 856 1927 ἕξεως
875 1895 932 1922 δια-

144 1939 226 1975 φορά.
243 1939 403 1967 Εἰπάτωσαν
417 1939 471 1976 γὰρ
485 1939 533 1976 τὴν
550 1940 649 1972 αἰτίαν,
666 1940 699 1966 δι’
720 1941 753 1976 ἢν
770 1940 931 1976 ἀμφοτέρων

143 1984 230 2011 ὅντων
251 1985 416 2021 ἀγεννήτων,
439 1987 454 2013 ὁ
476 1986 525 2021 μὲν
548 1986 613 2018 Θεὸς
637 1985 762 2022 ἀπαθὴς,
786 1987 930 2023 ἄτρεπτος,

143 2030 283 2066 ἀκίνητος,
302 2031 477 2067 ὲργαστικός·
500 2033 517 2067 ἡ
542 2031 581 2064 δὲ,
604 2032 639 2059 τά
664 2032 783 2065 ἐναντία,
810 2032 929 2069 παθητὴ,

142 2076 259 2112 τρεπτὴ,
275 2076 400 2109 ἄστατος,
417 2076 645 2112 μεταποιουμένη.
661 2077 717 2105 Καὶ
733 2077 791 2109 πῶς
806 2077 930 2113 ἥρμοσαν

142 2122 192 2149 καὶ
205 2122 386 2158 συνέδραμονς
403 2123 519 2159 Πότερον
534 2122 602 2149 κατά
624 2123 671 2158 τὴν
690 2123 740 2158 τῆς
763 2123 829 2159 ὕλης
850 2124 930 2159 φύσιν

141 2169 317 2202 ὲξοικειώσας
348 2169 443 2196 ἑαυτὸν
476 2169 657 2205 ὲτεχνίτευσεν
689 2169 774 2206 αὐτὴν
804 2171 819 2197 ὸ
844 2170 928 2203 Θεὸς;

149 2215 231 2243 Ἀλλὰ
249 2215 327 2242 τοῦτό
350 2223 383 2249 γε
408 2215 518 2247 ἄτοπον,
535 2215 635 2250 ὁμοίως
658 2215 810 2250 ἀνθρώποις
830 2224 929 2252 χρυσο-

141 2261 216 2296 χοεῖν
238 2261 286 2288 καὶ
305 2260 478 2297 λιθουργείν,”
486 2261 532 2288 καὶ
555 2261 624 2290 κατὰ
646 2261 695 2293 τὰς
716 2261 798 2295 ἄλλας
820 2262 928 2298 τέχνας,

140 2306 210 2338 ὅσας
225 2307 254 2333 αἱ
277 2305 337 2333 ὕλαι
361 2306 528 2342 μορφοῦσθαι
548 2308 594 2333 καὶ
617 2307 766 2335 τυποῦσθαι
790 2299 927 2342 δύνανται,

1180 1017 1322 1051 Materiam
1336 1024 1396 1046 ortu
1415 1027 1465 1046 non
1477 1028 1574 1048 carere.

1024 1064 1174 1100 lmpietatis
1197 1067 1279 1094 etiam
1301 1066 1367 1094 illud
1384 1071 1436 1100 est,
1459 1067 1531 1102 quod
1546 1067 1668 1103 plerique
1682 1072 1768 1095 mate-

989 1109 1068 1142 riam,
1091 1110 1170 1146 cujus
1188 1116 1278 1139 ortum
1299 1112 1404 1139 nullum
1425 1120 1485 1140 esse
1502 1113 1594 1147 velint,
1611 1113 1709 1141 divinae
1720 1121 1769 1149 po-

988 1156 1079 1184 testati
1102 1157 1276 1192 digerendam
1299 1158 1505 1194 ornandamque
1526 1159 1683 1194 subjiciam,
1699 1159 1764 1187 dum

988 1209 1048 1229 eam
1074 1207 1171 1230 natura
1186 1211 1236 1231 sua
1253 1204 1398 1238 patientem
1422 1210 1503 1240 atque
1521 1205 1701 1238 tractabilem,
1715 1205 1766 1232 im-

987 1255 1096 1282 pressas
1106 1248 1237 1277 divinitus
1254 1249 1419 1278 mutationes
1438 1249 1517 1277 facile
1537 1251 1629 1278 subire
1645 1251 1764 1278 tradunt.

986 1292 1131 1321 Enimvero
1143 1294 1257 1322 doceant
1272 1294 1315 1322 isti
1329 1295 1376 1330 qut
1387 1295 1444 1322 fieri
1461 1295 1587 1330 potuerit,
1602 1300 1631 1323 ut
1643 1296 1669 1322 in
1680 1295 1764 1324 Deum

987 1342 1068 1372 atque
1082 1339 1222 1366 materiam
1239 1340 1388 1367 similitudo
1403 1341 1504 1375 pariter
1521 1348 1553 1368 ac
1573 1340 1765 1368 dissimilitudo

986 1384 1104 1413 caderet.
1125 1382 1193 1412 Nam
1211 1384 1293 1412 alium
1319 1385 1464 1420 quemdam
1491 1390 1605 1420 utroque
1632 1385 1766 1420 potentio-

985 1438 1042 1459 rem
1063 1430 1183 1466 cOgitare
1199 1435 1255 1458 tum
1271 1434 1417 1466 oporteret,
1435 1430 1508 1465 quod
1535 1435 1623 1458 tamen
1654 1431 1687 1459 de
1709 1430 1764 1459 Deo

985 1476 1027 1504 vel
1049 1476 1193 1511 suspicari,
1217 1476 1305 1505 nefas.
1322 1475 1390 1503 Nam
1416 1481 1443 1504 et
1467 1477 1555 1512 ipsum
1573 1481 1634 1504 ortu
1659 1485 1763 1510 carere,

985 1522 1057 1558 quod
1082 1523 1111 1550 in
1128 1527 1245 1558 utroque
1266 1522 1355 1550 simile
1377 1522 1488 1554 dicitur,
1505 1527 1532 1550 et
1548 1522 1662 1550 alterum
1686 1522 1763 1555 illud,

986 1569 1059 1604 quod
1076 1573 1173 1604 praater
1189 1573 1334 1603 utrumque
1346 1569 1490 1604 cogitatur,
1506 1568 1643 1604 quomodo
1655 1568 1763 1595 tandem

985 1616 1014 1643 in
1031 1616 1064 1643 iis
1076 1614 1168 1643 locum
1183 1614 1334 1642 babuit?Si
1345 1615 1417 1642 enim
1431 1614 1496 1642 illud
1513 1615 1602 1650 ipsum
1615 1615 1687 1650 quod
1702 1620 1762 1643 ortu

986 1667 1073 1696 caret,
1088 1661 1159 1690 Deus
1174 1666 1228 1695 est,
1241 1661 1364 1696 ipsaque,
1380 1666 1411 1688 ut
1425 1661 1461 1688 ita
1473 1661 1572 1693 dicam,
1587 1666 1664 1689 ortus
1680 1669 1763 1696 nega-

985 1709 1033 1741 tio,
1048 1708 1138 1736 divina
1154 1708 1271 1736 essentia
1286 1712 1346 1742 est;
1362 1715 1415 1735 non
1429 1708 1485 1743 jam
1500 1708 1569 1735 idem
1584 1707 1672 1742 ipsum
1688 1708 1761 1742 quod

983 1759 1045 1783 ortu
1064 1758 1147 1788 caret,
1166 1754 1279 1782 materia
1302 1753 1394 1787 fuerit,
1418 1761 1481 1782 cum
1502 1753 1574 1781 Deus
1599 1757 1627 1781 et
1649 1754 1763 1781 materia

958 1808 960 1810 '
983 1809 1067 1828 unum
1076 1800 1203 1835 idemque
1215 1807 1269 1826 non
1282 1799 1347 1826 sint.
1362 1799 1410 1827 Sin
1424 1803 1514 1827 autem
1528 1804 1674 1834 utrumque
1688 1800 1762 1827 dixe-

982 1846 1048 1879 rint,
1068 1846 1095 1873 id
1119 1845 1229 1881 quidem
1250 1852 1311 1872 esse
1335 1844 1443 1880 proprie
1458 1846 1531 1881 quod
1552 1849 1603 1878 est,
1621 1846 1761 1873 materiam

981 1891 1117 1924 videlicet,
1142 1895 1223 1926 atque
1248 1890 1344 1924 Deum,
1373 1896 1450 1918 ortus
1474 1895 1564 1918 tamen
1591 1892 1761 1927 negationem

981 1938 1114 1966 ambobus
1124 1937 1270 1965 convenire
1282 1946 1289 1965 :
1301 1937 1446 1965 manifeste
1457 1937 1589 1972 sequitur,
1602 1938 1675 1965 aliud
1683 1938 1761 1972 quid-

980 1984 1053 2020 piam
1068 1987 1165 2019 praater
1187 1987 1331 2018 utrumque
1356 1982 1520 2017 ponendum,
1536 1982 1608 2017 quod
1621 1983 1762 2017 antiquius

981 2036 1015 2057 ac
1040 2029 1167 2064 superius
1187 2033 1304 2065 utroque
1320 2028 1364 2056 sit.
1388 2028 1448 2057 Jam
1467 2028 1614 2064 quominus
1640 2036 1687 2063 per
1702 2037 1762 2057 sese

983 2074 1064 2102 ambo
1081 2074 1163 2102 simul
1190 2082 1250 2103 esse
1263 2075 1378 2109 possint,
1394 2075 1449 2102 imo
1464 2073 1611 2110 quominus
1625 2082 1640 2102 e
1655 2075 1761 2103 duobus

981 2121 1107 2154 alterum,
1125 2121 1177 2148 hoc
1192 2125 1233 2149 est
1255 2121 1379 2153 materia,
1396 2128 1458 2149 esse
1476 2128 1524 2156 per
1535 2128 1596 2149 sese
1608 2126 1700 2156 queat,
1719 2121 1761 2148 vel

980 2168 1040 2203 ipsa
1062 2168 1177 2196 rationis
1207 2172 1234 2196 et
1255 2168 1420 2196 conditionis
1449 2167 1590 2202 utriusque
1617 2167 1761 2195 diversitas

979 2222 1093 2249 prorsus
1125 2215 1264 2250 impediat.
1290 2214 1398 2250 Alioqui
1413 2222 1523 2242 causam
1546 2214 1584 2242 illi
1602 2222 1670 2243 sane
1697 2214 1762 2242 affe-

980 2265 1052 2294 rant,
1067 2262 1244 2297 quamobrem
1262 2269 1323 2289 cum
1349 2266 1411 2288 ortu
1437 2261 1518 2289 ambo
1539 2265 1661 2294 careant,
1689 2261 1760 2301 Deus

980 2307 1089 2342 quidem
1108 2315 1158 2335 nec
1183 2308 1238 2342 pati
1265 2308 1424 2343 quidquam,
1440 2315 1488 2335 nec
1504 2308 1615 2341 mutari,
1637 2315 1687 2336 nec
1703 2316 1760 2335 mo-

140 2353 333 2387 χειροκμητεϊν
357 2353 401 2381 τὸν
422 2352 497 2381 Θεόν.
516 2353 547 2380 Et
569 2354 597 2380 δὲ
622 2354 679 2380 οἵαν
701 2354 781 2385 αὐτὸς
806 2354 929 2382 ἐϐούλετο

983 2354 1039 2382 veri
1055 2354 1152 2389 possit,
1167 2354 1292 2389 idemque
1315 2353 1397 2381 simul
1419 2353 1552 2382 cﬂiciendi
1567 2354 1621 2381 vim
1637 2354 1736 2382 habent
1751 2363 1763 2383 :.

141 2397 214 2425 κατὰ
231 2398 279 2434 τὴν
295 2398 389 2426 ἑαυτοῦ
405 2399 500 2434 σοφίαν
522 2399 633 2435 ἐποίησε
658 2400 708 2435 τὴν
730 2400 806 2437 ὓλην.
822 2401 852 2428 τὸ
878 2410 927 2428 roo-

142 2442 291 2481 λύμορφον,
309 2445 356 2472 καὶ
372 2445 554 2481 παμποίκιλον
568 2446 619 2481 τῆς
637 2446 815 2483 δημιουργίας
831 2447 927 2474 ἑαυτοῦ

144 2489 240 2525 σχῆμα
264 2491 313 2518 καὶ
334 2490 419 2518 τύπον
445 2491 690 2528 ὲνσφραγιζόμενος
716 2493 795 2529 αὐτῇ,
821 2493 868 2522 καὶ
885 2493 928 2521 εὖ·

181 2600 237 2637 (59)
259 2601 326 2630 Οὐδ’
342 2602 459 2635 ἐκεῖνοι,
475 2612 507 2633 κη
519 2612 544 2632 τ.
563 2604 588 2631 λ.
605 2603 738 2633 Eusebius
754 2605 772 2632 l‘.
789 2612 814 2633 e.
831 2606 888 2634 haec
903 2612 929 2635 et

144 2637 432 2676 sequentiarecitaris2
444 2640 480 2676 ita
497 2640 685 2676 proloquitur:
697 2640 777 2675 Θήσω
790 2640 818 2667 δὲ
836 2641 928 2676 φωνὰς

141 2671 203 2711 τῶν.
215 2672 267 2707 πρὸ
282 2672 360 2711 ημῶν
366 2674 406 2711 -τὸ
416 2671 508 2711 Αδόγμα
521 2671 748 2711 διηχριὸωκάτωὺ.
759 2675 804 2702 καὶ
819 2671 927 2711 πρώτου

142 2714 176 2746 γε
190 2707 327 2746 ιξιονυσίου
337 2729 344 2741 ,
365 2708 394 2740 ὃς
405 2709 442 2746 μὲν
456 2707 494 2745 τῷ
514 2707 614 2746 πρῶτῳ
629 2710 682 2737 τῶν
700 2711 767 2746 πρὸς
783 2707 926 2738 Σαῦέλλιον

142 2742 220 2782 αὐτῷ
236 2742 487 2782 γεγυμνασμένων,
508 2742 571 2782 τᾶᾷε
596 2742 660 2782 περξι
677 2742 728 2772 ’ποῦ’
746 2747 925 2782 προκειμένου

164 2777 255 2816 ράςρει.
271 2777 388 2816 [pianiet
401 2788 489 2806 eorum
501 2780 576 2807 verba
589 2777 731 2815 producam
746 2777 791 2816 qui
804 2777 864 2808 ante
877 2790 923 2809 nas

159 2821 193 2852 ac
212 2813 443 2852 in__dispu_lalione
462 2816 558 2852 versati
579 2813 657 2848 sunt,
683 2813 761 2852 atque
778 2817 806 2843 in
831 2817 922 2851 primis

146 2847 285 2887 pionyaii,
300 2847 349 2887 qui»
360 2850 387 2876 in
403 2851 486 2887 primo
500 2850 628 2887 librorum
640 2847 729 2878 eorum
743 2860 807 2887 quos
824 2847 852 2878 in
871 2848 921 2879 Sa-

145 2882 250 2912 bellium
261 2882 434 2917 elucubravit,
444 2887 511 2913 hunc
527 2886 553 2913 in
566 2886 669 2914 modum
682 2888 714 2915 de
732 2882 759 2915 re
776 2892 829 2916 tota
840 2887 923 2923 philo-

979 2401 1092 2428 materia
1110 2407 1174 2427 vero
1196 2399 1331 2427 contraria
1349 2399 1445 2427 subeat
1466 2399 1569 2431 omnia,
1587 2399 1685 2434 quippe
1699 2407 1760 2433 qua:

979 2447 1035 2482 pati
1064 2446 1220 2481 mutarique
1245 2446 1340 2480 possit,
1371 2446 1538 2479 inconstans,
1564 2450 1592 2472 et
1619 2445 1760 2480 multiplici

979 2492 1188 2527 conﬁgurationi
1211 2492 1340 2519 obnoxia.
1351 2491 1412 2519 iam
1424 2492 1472 2527 qui
1488 2491 1686 2522 tandemintcr
1700 2499 1760 2520 sese

979 2605 1115 2640 sophatur.
1130 2603 1216 2633 Porro
1227 2605 1259 2632 ad
1271 2605 1322 2633 ista
1336 2605 1485 2641 Eusebiana
1497 2605 1556 2632 haec
1568 2604 1650 2632 habet
1663 2604 1760 2641 doctus
1805 2638 1808 2641 ι

980 2641 1113 2675 interpres
1128 2648 1135 2666 ε
1156 2650 1164 2666 ε
1180 2641 1314 2668 Sabcllius
1325 2662 1332 2672 ,
1356 2649 1371 2668 a
1390 2649 1444 2675 quo
1458 2640 1639 2668 Personarum
1663 2640 1690 2667 in
1706 2640 1757 2668 SS.

979 2675 1077 2703 Triade
1088 2676 1226 2703 distinctio
1243 2677 1344 2703 nefario
1362 2678 1518 2707 tolle-luitur,
1531 2676 1642 2702 alterum
1661 2675 1710 2702 hoc
1726 2677 1758 2702 de

977 2715 1091 2738 materia
1112 2712 1248 2739 somnium
1275 2712 1308 2738 ab
1332 2711 1496 2745 Hermogene
1519 2715 1667 2744 acceperat.
1695 2710 1757 2737 Plu-

977 2754 1020 2773 res
1042 2746 1171 2774 adversus
1197 2746 1343 2774 Sabelliqu
1370 2747 1450 2773 istum
1478 2746 1561 2773 libros
1587 2753 1602 2772 a
1629 2745 1757 2781 DionySio

976 2780 1160 2808 Alexandrino
1178 2781 1331 2808 elaboratus
1343 2789 1414 2812 esse,
1433 2788 1485 2807 non
1503 2786 1605 2808 tantum
1622 2789 1716 2813 unum,
1729 2787 1762 2809 ιιι-

977 2823 1031 2844 non
1047 2823 1125 2842 nemo
1140 2816 1269 2849 credidit,
1285 2817 1327 2843 vel
1342 2816 1394 2844 hoc
1408 2816 1518 2845 Eusebii
1539 2818 1602 2849 loco.
1613 2816 1760 2848 manifeste

977 2850 1157 2882 convincitur.
1173 2861 1182 2878 ι
1200 2851 1283 2883 GALL,
