3966 6206
488 293 628 350 1275

1451 295 1510 353 S.
1561 295 1856 355 DIONYSII
1893 297 2201 357 EPISCOPI
2252 292 2723 355 ALEXANDRINI

3581 283 3723 339 {276

484 417 605 465 erat
632 416 813 463 autem
847 407 1060 478 species
1099 409 1220 480 ejus
1262 418 1322 464 ut
1354 405 1558 482 fulgur,
1591 421 1646 466 et
1674 411 2050 468 indumentum

2176 414 2331 468 ἰάτων
2382 415 2448 482 τῇ
2499 404 2884 479 ἐπιφωσκούσῃ
2933 403 3015 467 είς
3067 403 3196 474 μίαν
3243 399 3559 465 Σαϐϐάτων,
3595 395 3727 470 ἦλθε

485 505 608 574 ejus
651 501 834 556 album
872 513 931 556 ut
963 502 1075 556 uix.
1114 503 1160 555 A
1193 503 1388 558 timore
1433 512 1613 557 autem
1654 504 1774 573 ejus
1806 506 2057 560 concussi

488 607 617 652 sunt
646 596 743 666 qui
763 595 1076 660 servabant,
1100 602 1154 649 et
1175 593 1304 650 lacti
1327 605 1455 651 sunt
1485 605 1542 651 ut
1568 598 1790 651 mortui.
1815 595 2057 668 Respon-

490 688 626 744 deus
655 697 836 743 autem
881 687 1127 758 angelus,
1169 688 1310 742 dixit
1359 688 1679 744 mulieribus
1715 687 1825 744 :Ne
1876 689 2060 745 timete

493 795 610 845 vos,
640 779 759 834 scio
792 778 940 834 enim
991 779 1140 849 quod
1189 777 1376 852 )esum
1424 780 1742 835 cruciﬁxum
1774 780 2054 849 quaeritis:

405 904 418 918 .
494 886 602 925 non
633 881 718 926 est
752 871 842 927 hic
867 889 881 926 :
907 872 1210 927 resurrexit
1239 871 1407 938 enim,
1435 872 1578 926 sicut
1607 871 1825 926 dixit“.
1867 870 1933 925 Id
1959 889 2060 926 au-

493 974 599 1019 tem
625 961 765 1034 quod
789 962 990 1015 dictum
1024 970 1124 1028 est,
1151 977 1395 1032 vespere,
1426 961 1524 1016 alii
1550 962 1761 1032 quidem
1785 964 2066 1017 existinta~

494 1055 622 1110 bunt
650 1055 936 1110 secundum
966 1056 1107 1109 verbi
1156 1056 1585 1109 communitatem
1630 1057 1932 1127 signiﬁcare
1972 1073 2056 1110 ve-

496 1165 702 1218 sperum
736 1148 993 1212 Sabbati;
1021 1149 1366 1217 sapientiores
1397 1157 1573 1203 autem
1614 1148 1669 1202 id
1703 1149 2061 1216 exaudientes,

495 1258 599 1296 non
625 1242 746 1309 hoc,
779 1241 868 1295 sed
901 1240 1219 1311 profundam
1270 1249 1472 1294 noctem
1513 1257 1625 1296 esse
1664 1241 1861 1305 dicent,
1895 1241 2066 1296 tardi-

497 1345 660 1388 tatem
680 1345 728 1389 et
753 1333 966 1404 longum
995 1341 1197 1402 tempus
1225 1349 1430 1403 vespere
1456 1333 1806 1403 signiﬁcante.
1842 1331 1910 1386 Et
1929 1332 2066 1403 quod

498 1434 702 1478 noctem
758 1424 888 1478 dicit
921 1434 969 1477 et
1005 1439 1108 1476 non
1146 1439 1432 1491 vesperam,
1479 1423 1788 1492 subjunxit:
1813 1420 1948 1476 Cum
1983 1421 2067 1475 lu—

500 1525 738 1573 cesceret
774 1517 826 1570 in
856 1515 1084 1584 primam
1119 1513 1478 1570 hebdomadis
1503 1513 1684 1580 diem;
1719 1523 1768 1567 et
1802 1523 2067 1580 uenerunt,

501 1609 754 1674 nondum,
795 1618 850 1661 ut
881 1609 1066 1678 reliqui
1093 1607 1298 1673 dicunt,
1333 1614 1577 1660 aromata
1614 1606 1854 1675 ferentes,
1878 1606 1966 1660 sed
2001 1604 2070 1658 ad

502 1701 841 1770 spectandum
881 1701 1215 1770 sepulcrum,
1270 1708 1319 1754 et
1367 1699 1671 1752 invenerunt
1717 1698 1914 1767 factunt
1961 1713 2071 1752 esse

2159 504 2348 574 Μαρία
2375 505 2407 573 ὴ
2431 499 2762 572 Μαγδαληνὴ
2789 499 2883 551 καὶ
2905 498 2940 568 ἡ
2973 495 3106 567 ἄλλη
3129 495 3318 565 Μαρία
3339 493 3612 564 θεωρῆσαι
3638 491 3728 544 τὸν

2159 597 2346 666 τάφον.
2374 596 2485 648 Καὶ
2518 593 2627 647 ἰδοὺ
2654 591 2873 662 σεισμὸς
2896 589 3110 659 ἐγένετο
3145 587 3316 658 μέγας
3333 603 3346 616 ·
3378 584 3606 654 ἅγγελος
3621 583 3730 656 γὰρ

2159 690 2364 762 Κυρίου
2406 686 2648 749 καταϐὰς
2695 684 2754 750 ἐξ
2793 681 3021 755 οὐρανοῦ
3058 678 3387 753 προσελθὼν,
3435 677 3731 731 ἀπεκύλισε

2157 781 2250 834 τὸν
2287 779 2454 845 λίθον,
2500 777 2595 831 καὶ
2635 773 2866 845 ἐκάθητο
2899 771 3083 825 ἐπάνω
3120 769 3309 824 αὐτοῦ·
3341 764 3409 839 ἦν
3438 767 3496 820 δὲ
3537 769 3570 838 ὴ
3617 765 3726 818 ἰδέα

2160 872 2326 928 αὑτοῦ
2354 871 2430 935 ὡς
2460 867 2735 944 ἀστραπὴ,
2760 866 2853 920 καὶ
2882 865 2942 918 τὸ
2969 864 3170 934 ἔνδυμα
3197 861 3358 916 αὑτοῦ
3387 859 3576 912 λευκὸν
3600 857 3730 912 ὡσεὶ

2162 964 2492 1039 χιώνυἌπδ
2536 963 2594 1016 δὲ
2623 960 2718 1014 τοῦ
2766 961 2931 1030 φόϐου
2965 959 3151 1023 αὐτοῦ,
3202 955 3524 1027 ἐσείσθησαν
3560 955 3611 1006 οἱ
3640 970 3734 1025 τη-

2166 1059 2407 1132 ροῦντες,
2441 1057 2534 1110 καί
2562 1054 2814 1123 ἐγένοντο
2845 1052 2978 1106 ὡσεὶ
3006 1049 3208 1121 νεκροί.
3256 1044 3596 1118 Ἀποκριθεὶς
3625 1043 3681 1096 δὲ
3703 1042 3735 1095 ὁ

2163 1152 2392 1222 ἄγγελος
2423 1149 2543 1204 εἷπε
2571 1151 2693 1212 ταῖς
2724 1145 2969 1217 γυναιξί·
3001 1143 3091 1216 Μὴ
3125 1141 3371 1212 φοϐεῖσθε
3417 1141 3595 1210 ὑμεῖς,
3622 1132 3734 1191 οἶδα

2165 1243 2275 1316 γὰρ
2299 1243 2381 1297 ὅτι
2420 1239 2627 1312 Ἰησοῦν
2654 1238 2744 1293 τὸν
2769 1235 3180 1308 ἐσταυρωμένον
3207 1232 3442 1304 ζητεῖτε,
3468 1230 3568 1283 οὐκ
3591 1227 3735 1282 ἔστιν

2165 1330 2294 1391 ὧδεο
2323 1334 2530 1408 ἠγέρθη
2556 1333 2666 1406 γὰρ
2697 1329 2879 1394 καθὼς
2921 1323 3061 1382 εἷπε.
3118 1325 3296 1382 Τοῦτο
3333 1323 3403 1377 δὲ
3433 1323 3498 1376 τὸ
3520 1320 3736 1391 λεχθὲν

2167 1427 2285 1498 ὀψὲ,
2321 1431 2374 1482 οί
2397 1425 2513 1497 μέν
2545 1442 2705 1491 τινες
2731 1423 3040 1491 οἰήσονται
3080 1416 3233 1473 κατὰ
3274 1415 3388 1484 τὴν
3423 1413 3735 1479 κοινότητα

2168 1521 2274 1576 τοῦ
2291 1519 2558 1592 ῥήματος
2586 1518 2701 1589 τὴν
2724 1516 2988 1585 ἑσπέραν
3006 1513 3237 1582 δηλοῦν
3264 1509 3368 1564 τσῦ
3402 1505 3701 1563 Σαϐϐάτου
3718 1521 3732 1534 ·

2170 1618 2224 1670 οί
2251 1614 2318 1668 δὲ
2345 1612 2684 1684 σοφώτερον
2735 1609 3152 1676 έξακούοντες,
3201 1606 3272 1660 οὺ
3325 1601 3535 1657 τοῦτο’
3585 1597 3740 1655 ἀλλὰ

2171 1709 2360 1763 νύκτα
2414 1706 2668 1772 βαθεῖαν
2715 1703 2959 1773 ἐροῦσιν
3008 1701 3187 1756 εἶναι·
3253 1695 3604 1766 ,ϐραδύτητα
3648 1690 3738 1745 καὶ

503 1805 658 1852 terra:
691 1803 913 1856 motum,
947 1802 996 1846 et
1023 1793 1267 1862 angelum
1316 1807 1474 1861 super
1518 1790 1746 1859 lapidem
1786 1793 2070 1855 sedentem,

2176 1800 2398 1873 μακρὸν
2434 1801 2655 1870 χρόνον
2683 1797 2789 1853 τοῦ
2836 1796 2937 1867 ὀψὲ
2981 1792 3333 1862 δηλοῦντος.
3366 1788 3476 1844 Καὶ
3519 1786 3613 1840 ὅτι
3649 1785 3744 1837 νύ-

437 1910 440 1913 ν
503 1894 550 1938 et
576 1882 858 1937 audierunt
885 1883 950 1936 ab
981 1884 1094 1951 ipso
1120 1897 1138 1934 :
1160 1879 1277 1936 Non
1308 1890 1394 1936 est
1419 1881 1529 1948 hic,
1555 1881 1810 1936 surrexit.
1867 1881 2071 1936 Simili-

503 1990 580 2032 ter
605 1976 837 2031 Joannes
874 1991 893 2028 :
916 1975 1099 2030 Prima
1138 1956 1498 2030 hebdomadis
1543 1974 1701 2041 feria,
1729 1976 1919 2046 inquit,
1958 1975 2070 2030 Ma-

506 2070 584 2124 ria
617 2069 929 2140 Magdalene
960 2070 1107 2124 venit
1135 2085 1314 2133 mane,
1356 2085 1482 2124 cum
1509 2078 1694 2123 essent
1719 2070 1897 2124 adhuc
1925 2078 2071 2123 tene-

507 2165 635 2229 brae,
665 2164 731 2218 ad
781 2172 1231 2229 monumentum;
1273 2172 1327 2216 et
1357 2161 1491 2218 vidit
1530 2163 1762 2233 lapidem
1796 2164 2069 2219 sublatum

505 2272 534 2312 a
565 2264 916 2310 monumento
931 2256 974 2287 ⁸²
1000 2272 1014 2320 ;
1071 2256 1162 2308 sed
1183 2255 1342 2322 juxta
1365 2255 1500 2309 illud
1524 2272 1648 2310 cuin
1679 2256 1856 2311 adhuc
1889 2265 2075 2311 essent

506 2349 761 2414 tenebrat,
795 2358 1154 2418 praecesserat.
1206 2347 1379 2402 Lucas
1413 2358 1590 2403 autem
1638 2349 1807 2404 dicit:
1838 2347 2074 2403 Salibato

506 2442 728 2510 quidem
761 2442 1086 2512 quieverunt
1138 2445 1439 2500 secundum
1498 2453 1847 2512 praceptum.
1891 2441 2074 2496 Prima

508 2544 688 2590 autem
740 2519 1094 2589 hebdomadis
1145 2534 1277 2590 feria
1329 2549 1545 2589 summo
1583 2549 1742 2588 mane
1765 2533 1833 2588 ad
1883 2548 2076 2588 monu-

509 2639 751 2682 mentum
774 2642 975 2682 veneru
985 2639 1062 2692 nt,
1083 2627 1320 2682 ferentes
1333 2642 1454 2698 quae
1471 2635 1792 2697 paraverant
1807 2635 2072 2692 aromata,

510 2723 834 2776 invenerunt
885 2730 1066 2776 autem
1112 2721 1344 2792 lapidem
1386 2739 1416 2776 a
1459 2730 1812 2778 monumento
1865 2720 2077 2776 devolu~

511 2815 705 2870 tum”.
745 2813 1020 2868 Summum
1056 2831 1209 2868 mane
1235 2815 1460 2883 fortasse
1488 2815 1808 2868 matutinum
1830 2812 2076 2883 splendo-

512 2924 640 2972 rem,
676 2908 767 2978 qui
807 2909 954 2978 prius
995 2908 1331 2976 subapparet,
1364 2909 1628 2978 significat
1679 2909 1864 2977 prima:
1895 2906 2073 2976 feriae;

514 3011 565 3055 et
603 3003 855 3072 quoniam
886 3001 1002 3070 jam
1052 3005 1276 3070 perfecte
1304 3001 1571 3070 praeterito
1601 3017 1719 3053 cum
1751 3009 1861 3052 tota
1900 3013 2079 3052 conse-

511 3103 695 3163 quente
731 3105 876 3147 nocte
916 3093 1172 3155 Sabbato,
1218 3101 1267 3146 et
1313 3094 1421 3147 alio
1464 3094 1547 3147 die
1585 3094 1884 3161 incipiente,
1932 3107 2079 3145 rene-

512 3194 633 3238 runt
664 3196 908 3240 aromata
939 3196 986 3238 et
1013 3196 1276 3254 unguenta
1330 3185 1590 3252 ferentes;
1625 3186 1836 3254 quando
1860 3185 1976 3252 jam
2006 3185 2080 3238 vi-

511 3277 696 3331 delicet
727 3279 822 3330 diu
869 3289 991 3330 ante
1022 3285 1346 3330 surrexerat.
1381 3275 1497 3329 Hoc
1535 3275 1749 3330 Marcus
1777 3293 1978 3346 quoque
2003 3293 2082 3330 se-

512 3371 714 3440 quitur,
739 3371 915 3422 dicens
935 3385 954 3422 :
974 3368 1230 3422 Emerunt
1259 3377 1524 3430 aromata,
1557 3375 1617 3421 ut
1653 3367 1929 3422 venientes
1957 3382 2080 3421 eum

514 3468 799 3530 ungerent.
833 3457 899 3513 Et
929 3459 1082 3513 valde
1137 3474 1296 3513 mane
1352 3458 1540 3528 prima:
1581 3457 1727 3514 ierim
1759 3459 1983 3515 veniunt
2014 3459 2083 3514 ad

517 3560 933 3606 monumentum
985 3559 1105 3605 orto
1146 3551 1258 3620 jam
1311 3551 1502 3605 sole“.
1539 3549 1703 3606 Valde
1746 3552 1884 3605 enim
1925 3567 2084 3608 mane

515 3646 599 3699 hic
631 3661 830 3715 quoque
855 3645 1010 3707 dixit,
1036 3643 1173 3712 quod
1201 3645 1339 3698 idem
1362 3653 1438 3698 est
1465 3661 1526 3698 ac
1573 3659 1790 3699 summo
1821 3644 2082 3711 diluculo,

515 3748 566 3793 et
605 3737 877 3806 subjunxit
903 3751 920 3789 :
948 3735 1080 3791 Orto
1121 3735 1234 3806 jam
1276 3737 1408 3792 sole.
1457 3736 1725 3806 Profectio
1774 3737 2006 3807 quidem,
2032 3748 2082 3793 et

517 3832 620 3885 iter
646 3847 829 3884 earum
852 3845 1055 3882 summa
1081 3828 1313 3882 diluculo
1329 3838 1377 3882 et
1406 3829 1553 3885 valde
1578 3845 1728 3883 mane
1765 3827 1998 3898 incepit;
2028 3833 2083 3884 in

519 3926 712 3996 itinere
755 3934 936 3978 autem
969 3932 1018 3977 et
1066 3927 1207 3977 circa
1236 3934 1650 3988 monumentum,
1676 3938 1879 3976 moram
1913 3932 2078 3976 trase-

520 4027 644 4071 runt
674 4033 835 4087 usque
861 4017 928 4070 ad
972 4026 1147 4069 ortum
1182 4017 1311 4070 solis
1331 4032 1349 4078 ;
1372 4023 1420 4068 et
1456 4015 1530 4068 eis
1554 4015 1778 4084 quidam
1808 4024 1930 4066 tunc
1957 4013 2088 4066 dicit

520 4109 820 4164 adolescens
851 4110 1204 4162 candidatus:
1229 4107 1569 4169 Resurrexit,
1589 4122 1693 4160 non
1721 4117 1804 4160 est
1825 4106 1933 4160 hic.
1961 4105 2089 4160 Haec

521 4213 697 4256 autem
723 4217 842 4254 cum
881 4201 956 4253 ita
978 4216 1030 4253 se
1058 4200 1302 4263 habeant,
1327 4198 1422 4251 hoc
1447 4198 1513 4252 iis
1536 4198 1625 4268 qui
1650 4198 1948 4251 accuratius
1975 4197 2091 4251 sub-

523 4294 772 4365 tiliusque
809 4292 1167 4356 considerant,
1217 4291 1554 4344 enuntiamus
1603 4300 1765 4360 quota
1824 4290 1976 4355 hora,
2013 4289 2090 4346 vel

520 4387 683 4441 etiam
713 4384 1036 4440 semihorula
1076 4383 1152 4436 vel
1198 4391 1390 4452 quarta
1435 4382 1598 4448 hora,
1628 4391 1828 4451 oportet
1862 4383 2091 4452 incipere

2174 1909 2285 1948 κτα
2313 1893 2475 1964 λέγει
2503 1892 2602 1946 καί
2636 1893 2746 1960 οὐχ
2776 1887 3064 1957 ἑσπέραν,
3107 1884 3388 1955 ἐπήγαγε,
3421 1882 3503 1952 Τῇ
3542 1881 3743 1948 ἐπιφω-

2177 1983 2379 2055 σκούσῃ
2411 1985 2490 2048 εἰς
2519 1981 2644 2053 μίαν
2677 1978 2996 2035 Σαϐϐάτωνο
3032 1977 3129 2031 καί
3154 1971 3325 2045 ἧκον,
3353 1971 3543 2033 οὔπω,
3584 1968 3668 2033 ὡς
3697 1968 3746 2018 el

2174 2077 2375 2131 λοιποί
2397 2091 2569 2145 φασι,
2601 2073 2673 2128 τὰ
2699 2071 2975 2143 ἀρώματα
3005 2070 3318 2140 φέρουσαι,
3348 2064 3514 2120 ἀλλὰ
3539 2059 3748 2129 θεωρῆ-

2175 2181 2279 2223 σαι
2307 2167 2415 2221 τὸν
2452 2165 2663 2236 τάφον,
2693 2165 2790 2219 καί
2821 2159 2999 2232 εὖρον
3026 2161 3132 2216 τὸν
3159 2157 3416 2229 σεισμὸν
3466 2154 3748 2224 γεγονότα

2178 2258 2276 2312 καὶ
2321 2257 2659 2328 καθήμενον
2692 2255 2800 2310 τόν
2827 2253 3084 2325 ἄγγελον
3133 2251 3232 2306 ἐπὶ
3259 2248 3366 2304 τοῦ
3408 2248 3614 2310 λίθου,
3659 2243 3747 2297 καί

2178 2353 2476 2420 ἀκηκόασι
2529 2351 2664 2418 παρ’
2714 2347 2933 2404 αὐτοῦ’
2980 2347 3093 2400 Οὐκ
3145 2343 3291 2398 ἐστιν
3343 2334 3468 2404 ὧδε,
3522 2337 3744 2408 ἠγέρθη.

2191 2445 2432 2515 Ὁμοίως
2488 2449 2521 2499 ὁ
2589 2443 2896 2511 ἰωάννηςο
2965 2442 3052 2495 Ἐν
3115 2441 3211 2511 μιᾷ
3261 2439 3370 2492 τῶν
3419 2433 3744 2490 Σαϐϐάτων.

2179 2535 2556 2609 φησὶ,Μαρία
2582 2539 2616 2608 ὴ
2642 2533 2971 2604 Μαγδαληνὴ
2995 2527 3126 2603 ἦλθε
3156 2528 3301 2602 πρωῒ
3331 2526 3552 2591 σκοτίας
3571 2522 3748 2578 Esto!)-

2183 2647 2283 2701 σης
2314 2631 2391 2694 εἰς
2418 2629 2482 2683 τὸ
2517 2629 2806 2702 μνημεῖονο
2855 2626 2951 2680 καὶ
2989 2623 3174 2695 βλέπει
3210 2622 3301 2675 τὸν
3344 2620 3491 2673 λίθον
3521 2617 3752 2690 ἠρμένον

2182 2723 2291 2776 ἀπὸ
2317 2721 2408 2776 τοῦ
2441 2721 2739 2794 μνημείου’
2772 2717 2938 2788 πλὴν
2981 2717 3143 2785 παρὰ
3177 2713 3376 2781 τοῦτο,
3409 2709 3633 2774 σκοτίας
3674 2709 3747 2761 ἔτι

2181 2815 2368 2887 οὔσης,
2396 2815 2808 2885 προεληλύθει.
2856 2813 2918 2866 '0
2943 2810 3011 2864 δὲ
3053 2807 3291 2875 Λουκᾶς
3331 2822 3515 2876 gener
3553 2804 3629 2857 Τὸ
3664 2803 3751 2873 μὲν

2183 2908 2456 2964 Σάϐϐατον
2479 2909 2757 2979 ἡσύχασαν
2786 2903 2926 2960 κατὰ
2951 2903 3048 2975 τὴν
3078 2902 3294 2973 ἐντολήν
3311 2918 3324 2930 ο
3351 2902 3416 2971 τῇ
3448 2898 3508 2952 δὲ
3533 2898 3636 2969 μιᾷ
3657 2895 3752 2947 τῶν

2181 3001 2476 3056 Σαϐϐάτων
2496 3041 2510 3067 ,
2553 2999 2749 3072 ὄρθρου
2783 2997 2970 3070 βαθέος
3003 2996 3095 3049 ἐπὶ
3133 2995 3194 3048 τὸ
3226 2993 3414 3066 μνῆμα
3439 2987 3629 3063 ἦλθον,
3669 2987 3755 3056 φέ-

2185 3108 2373 3165 ρουσαι
2421 3095 2458 3147 ἃ
2499 3093 2802 3164 ἡτοίμασαν
2851 3089 3148 3162 ἀρώματα’
3197 3083 3357 3160 εὗρον
3403 3086 3458 3139 δὲ
3492 3085 3587 3138 τὸν
3618 3081 3757 3134 λίθον

2182 3183 2676 3254 ἀποκεκυλισμένον
2710 3181 2817 3236 ἀπὸ
2849 3181 2942 3235 τοῦ
2979 3179 3280 3252 ’μνημείου.
3327 3180 3390 3233 '0
3425 3178 3632 3244 ,βαθὺς
3668 3172 3757 3240 ὀρ·

2182 3281 2320 3344 θρος
2351 3277 2497 3341 ἴσως
2527 3272 3124 3344 προϋποςραινομένην
3146 3271 3341 3338 αὐτὴν
3375 3270 3636 3339 ἑωθινὴν
3657 3271 3756 3339 έμ-

2182 3363 2407 3435 φανίζει
2450 3365 2560 3434 τῆς
2585 3365 2725 3435 μιᾶς
2763 3363 2884 3418 τῶν
2923 3361 3256 3424 Σαϐϐἀτων,
3293 3360 3391 3414 διὰ
3429 3360 3540 3414 τοῦ
3569 3376 3757 3428 παρῳ-

2183 3459 2441 3528 χηκότος
2487 3457 2604 3527 ήδη
2648 3458 2888 3524 τελείως
2929 3456 3051 3510 σὺν
3090 3455 3168 3524 τῇ
3216 3455 3343 3524 μετ’
3386 3454 3535 3508 αὐτὸ
3595 3451 3758 3522 νυκτί

2184 3551 2352 3620 πάσῃ
2385 3551 2491 3605 τοῦ
2526 3549 2850 3613 Σαϐϐάτου,
2884 3548 2982 3602 καί
3013 3547 3220 3616 ἐτέρας
3250 3544 3593 3616 ἀρχομένης
3632 3544 3760 3613 ἠμέ-

2177 3661 2313 3712 ρας,
2354 3637 2546 3714 ἦλθον
2587 3643 2660 3697 τὰ
2698 3636 2971 3712 ἀρώματα
2999 3640 3096 3693 καὶ
3144 3637 3215 3692 τὰ
3251 3637 3415 3707 μῦρα
3443 3636 3756 3706 φέρουσαι·

2185 3736 2284 3791 ὅτε
2315 3733 2506 3804 δῆλον
2532 3736 2612 3802 ὡς
2638 3735 2978 3802 ἀνειστήκει
3002 3731 3114 3800 πρὸ
3144 3731 3399 3786 πολλοῦ.
3422 3734 3617 3796 Τούτῳ
3638 3749 3761 3784 κατ-

2184 3829 2506 3885 ακολουθεῖ
2533 3829 2631 3883 καὶ
2663 3831 2695 3883 ό
2723 3825 2967 3895 Μάρκος
3005 3824 3198 3894 λέγων
3217 3841 3230 3853 ”
3269 3823 3580 3894 Ἠγόρασαν
3632 3823 3762 3894 ἀρώ-

2193 3939 2338 3992 ματα
2367 3921 2456 3974 ἴνα
2502 3918 2754 3973 ἐλθοῦσαι
2781 3915 3072 3986 ἀλείψωσιν
3106 3915 3285 3970 αὐτόν.
3329 3916 3440 3968 Καὶ
3478 3915 3602 3968 λίαν
3633 3913 3763 3985 πρωϊ

2188 4012 2288 4083 τῆς
2319 4013 2446 4083 μιᾶς
2473 4011 2765 4066 Σαϐϐάτων
2794 4009 3040 4081 ἔρχονται
3063 4007 3156 4060 ἐπὶ
3180 4006 3242 4060 τὸ
3261 4024 3374 4078 μνη
3385 4010 3537 4076 μεῖον
3564 4007 3763 4060 ἀνατεί-

2190 4104 2378 4167 λαντος
2410 4101 2500 4156 τοῦ
2531 4103 2702 4174 ἡλίου.
2739 4101 2873 4156 Δίαν
2897 4100 3013 4171 μὲν
3038 4101 3148 4170 γὰρ
3187 4099 3331 4172 πρωῒ
3355 4100 3453 4153 καί
3490 4096 3676 4166 οὗτος
3694 4095 3764 4152 εἶ-

2192 4211 2306 4254 πεν
2335 4239 2349 4264 ,
2399 4197 2544 4266 ὅπερ
2576 4196 2795 4250 ταύτόν
2836 4194 2968 4247 ἐστι
3020 4191 3100 4259 τῷ
3151 4192 3340 4264 βαθέος
3392 4192 3633 4264 ὄρθρου,
3677 4189 3764 4245 καὶ

2191 4288 2526 4360 ἐπήγαγεν,
2571 4286 2950 4348 ἀνατείλαντος
2992 4283 3087 4338 τοῦ
3127 4283 3300 4355 ἡλίου.
3357 4283 3424 4337 Ἡ
3460 4284 3586 4352 μὲν
3613 4285 3757 4352 ὁρμὴ

2193 4382 2290 4436 καὶ
2313 4383 2350 4450 ή
2387 4379 2526 4446 όδὸς
2553 4377 2769 4443 αὐτῶν,
2798 4376 2992 4447 δῆλον
3027 4378 3109 4443 ὡς
3141 4375 3354 4445 ὄρθρου
3380 4376 3634 4444 βαθέος,
3679 4377 3767 4429 καὶ

523 4479 771 4533 lanitium
796 4477 859 4529 ob
889 4475 1102 4531 Domini
1133 4476 1301 4532 nostri
1325 4491 1357 4528 a
1389 4475 1608 4528 mortuis
1638 4475 2068 4528 resurrectionem

2194 4474 2335 4529 λίαν
2364 4471 2514 4540 πρωῒ
2541 4469 2863 4539 κατήρχθη.
2898 4467 3259 4537 Παρέτειναν
3283 4465 3352 4520 δὲ
3380 4467 3537 4520 κατά
3573 4485 3640 4520 τε
3666 4468 3768 4535 τὴν

523 4570 630 4624 Eos
655 4567 864 4638 quidem
892 4569 982 4637 qui
1026 4567 1250 4620 nimium
1277 4567 1549 4637 festinant,
1593 4575 1643 4622 et
1701 4575 1820 4620 ante
1861 4567 2074 4620 median

2195 4566 2442 4636 πορείαν
2473 4563 2571 4618 καὶ
2619 4562 2752 4630 περὶ
2790 4563 2854 4616 τὸ
2886 4559 3181 4631 μνημεῖον
3217 4558 3634 4627 διατρίϐουσαι
3675 4560 3765 4630 μέ-

523 4670 732 4716 noctem
785 4667 1032 4728 surgunt,
1062 4666 1119 4711 ut
1169 4667 1547 4728 contemptores
1595 4668 1645 4713 et
1691 4659 2074 4730 intemperante

2194 4677 2328 4730 χρις
2358 4653 2659 4723 ἀνατολῆς
2679 4653 2857 4720 ήλίου
2875 4668 2887 4682 ο
2923 4652 3019 4705 καὶ
3047 4649 3209 4722 λέγει
3241 4651 3340 4705 καὶ
3366 4652 3502 4705 τότε
3531 4653 3764 4715 ταύταις

527 4751 975 4823 reprehendimus,
1021 4759 1078 4803 ut
1122 4751 1212 4820 qui
1256 4752 1629 4820 propemodum
1669 4763 1950 4822 antequam
1997 4769 2074 4824 ραι

2197 4754 2230 4806 ό
2289 4748 2609 4812 νεανίσκος
2665 4748 2698 4799 ό
2756 4745 3115 4814 λευχείμωνο
3184 4744 3444 4816 Ἠγέρθη,
3473 4744 3579 4797 οὐκ
3626 4744 3763 4798 ἐστιν

525 4847 616 4910 sit,
649 4860 862 4900 cursum
908 4844 1233 4912 abruperint,
1264 4845 1467 4900 dicente
1515 4847 1627 4899 viro
1681 4843 2074 4917 sapiente:Nor

2198 4837 2319 4898 ὧδε.
2356 4843 2584 4897 Τούτων
2620 4838 2809 4905 οὕτως
2843 4837 3140 4907 ἐχόντων,
3176 4837 3350 4892 τοῦτο
3376 4836 3503 4904 τοῖς
3544 4839 3764 4907 ἀκριϐε-

524 4954 719 5010 parum
753 4943 838 4991 est
882 4935 937 4990 in
993 4935 1124 4998 vita,
1163 4933 1308 5003 quod
1343 4950 1529 5004 parum
1557 4937 1726 4991 abest.
1782 4937 1886 4989 Eos
1919 4945 2074 4988 auten

2197 4935 2584 5005 λογουμένοις
2615 4931 3072 5000 ’ἀποφαινόμεθα
3113 4930 3264 4984 κατὰ
3311 4929 3491 4983 ποίαν
3541 4929 3700 5000 ὤραν
3730 4927 3764 4996 ἦ

525 5031 616 5102 qui
641 5029 918 5098 diﬁ'erunt,
947 5041 998 5082 et
1021 5027 1307 5098 plurimum
1338 5028 1629 5096 perferunt,
1660 5038 1709 5082 et
1743 5028 1813 5080 ad
1843 5035 2074 5097 quartan

2193 5029 2292 5085 καὶ
2335 5027 2509 5081 ποῖον
2551 5024 2831 5095 ήμιὼριον
2882 5023 2922 5092 ἢ
2955 5023 3113 5092 ὥρας
3153 5022 3436 5092 τέταρτον
3482 5023 3764 5092 ἄρχεσθαι

526 5141 688 5195 usque
721 5123 959 5195 vigiliam
993 5121 1200 5193 fortiter
1235 5119 1517 5186 abstinent,
1546 5122 1598 5175 in
1625 5137 1729 5191 qua
1755 5122 1916 5174 etiam
1945 5121 2074 5174 navit

2194 5119 2465 5191 προσῆκε
2489 5117 2600 5188 τῆς
2630 5116 2728 5170 ἐπὶ
2763 5115 2840 5185 τῇ
2870 5116 2976 5170 τοῦ
3004 5117 3225 5186 Κυρίου
3251 5117 3422 5186 ἡμῶν
3447 5118 3518 5172 ἐκ
3545 5117 3766 5188 νεκρὼ*

526 5215 774 5288 gentibus
809 5213 1060 5270 Servator
1080 5223 1257 5269 noster
1278 5215 1333 5268 in
1355 5215 1493 5268 mari
1522 5213 1798 5269 ambulans
1822 5212 2070 5282 apparuit

2193 5211 2526 5270 ἀναστάσει
2560 5208 2765 5281 χαρᾶς.
2811 5209 2956 5276 Τοὺς
2984 5207 3101 5278 μὲν
3124 5209 3267 5264 λίαν
3294 5209 3768 5280 ἐπιταχύναντας

527 5321 584 5364 ut
614 5325 888 5381 generosos
936 5317 987 5364 et
1037 5309 1279 5363 laborum
1324 5306 1604 5361 tolerantes
1643 5306 1982 5376 suscipimus.
2012 5302 2074 5359 li:

2197 5306 2297 5361 καὶ
2323 5304 2434 5374 πρὸ
2461 5303 2680 5373 νυκτὸς
2707 5303 2886 5373 ἐγγὺς
2911 5302 3028 5372 ἤδη
3044 5304 3353 5373 μεσούσης
3373 5302 3675 5370 ἀνιέντας,
3695 5305 3767 5369 ὡς

529 5414 706 5456 autem
741 5402 831 5473 qui
881 5402 1082 5456 interea
1133 5409 1189 5454 ut
1236 5399 1366 5453 moti
1419 5407 1562 5464 sunt,
1587 5398 1665 5452 vel
1701 5407 1758 5452 ut
1789 5404 2068 5468 potuerunt

2199 5397 2520 5467 ὀλιγώρους
2551 5394 2649 5449 καί
2667 5393 2960 5464 ἀκρατεῖς,
2983 5396 3349 5466 μεμφόμεθα,
3382 5397 3465 5464 ὡς
3492 5398 3634 5469 παρ’
3659 5398 3770 5451 ἐλί-

531 5493 826 5562 quiescunt,
869 5510 974 5548 non
1002 5492 1155 5547 valde
1189 5491 1394 5548 molesti
1427 5492 1592 5547 simus
1621 5506 1640 5546 :
1671 5491 2074 5562 quandoquiden

2198 5505 2310 5561 γον
2351 5489 2878 5557 προκαταλύοντας
2909 5486 3016 5541 τὸν
3048 5487 3287 5556 δρόμον,
3328 5488 3620 5558 λέγοντος
3668 5492 3770 5544 dr-

533 5599 624 5636 nec
646 5601 734 5638 sea:
747 5585 1079 5653 jejuniorum
1115 5586 1226 5639 dies
1254 5583 1548 5656 a'qualiter,
1581 5599 1672 5637 nec
1702 5583 1950 5637 similiter
1984 5599 2067 5637 om

2201 5584 2342 5653 δρὸς
2372 5581 2600 5652 σοφοῦ·
2656 5583 2731 5636 Οὐ
2788 5582 2981 5655 μικρὸν
3026 5582 3083 5634 ὲν
3133 5581 3231 5653 βίῳ
3259 5581 3319 5634 τὸ
3372 5583 3521 5655 παρὰ
3557 5584 3768 5657 μικρόν.

615 5770 649 5804 ³³
676 5769 866 5826 Matth.
902 5787 1095 5839 xxvut,
1125 5772 1236 5831 1-6.
1313 5775 1355 5807 ³³
1385 5773 1539 5831 loan.
1582 5790 1672 5843 xx,
1707 5773 1757 5831 l.
1838 5773 1879 5805 "
1907 5771 2038 5830 Luc.
2074 5788 2242 5842 nm,
2275 5773 2377 5843 56;
2410 5787 2568 5842 xxiv,
2597 5771 2728 5847 1,2.
2801 5769 2846 5804 ³⁸
2873 5768 3038 5828 Marc.
3071 5785 3158 5827 xv:
3181 5810 3196 5838 ,
3228 5770 3278 5836 l,
3309 5770 3372 5841 2,,
3395 5771 3452 5826 ϐ.

528 5863 560 5896 6
