1983 3103
167 173 237 202 (ΞΠ

557 170 726 199 EPISTOLA
744 163 918 199 CANONlCA
940 169 985 198 AD
1003 167 1187 197 BASILIDEM
1203 164 1406 196 EPISCOPUM.

1721 163 1790 191 H78

163 234 237 267 Τοὺς
264 233 299 260 δὲ
324 231 577 268 ύςθυστερίζοντας
604 233 654 259 καὶ
683 232 881 266 διαρκοῦντας
903 232 937 260 ἐπ

1005 240 1049 259 nes
1065 235 1236 266 exspectant;
1253 230 1299 258 sed
1316 228 1365 256 alii
1390 228 1504 264 quidem,
1526 228 1566 255 vel
1592 235 1679 254 omnes
1701 231 1791 253 trans-

159 279 316 311 πλεῖστον,
334 279 382 306 καὶ
403 278 490 313 μέχρι
505 278 648 313 τετάρτης
665 277 803 313 φυλακῆς
815 278 950 314 διεγκαρ-

158 325 331 360 τεροῦντας,
349 325 413 351 καθ’
434 324 474 359 ἢν
497 324 623 357 καὶτοῖς
640 324 788 352 πλέουσιν
811 326 827 352 δ
848 324 950 359 Σωτὴρ

159 371 245 406 ἡμῶν
257 370 427 405 περιπατῶν
445 371 495 397 ἐπὶ
509 370 563 405 τῆς
577 371 736 405 θαλάσσης
747 370 881 406 ἐπεφάνη
891 391 898 403 ,
910 371 950 404 ὡς

158 416 317 451 γενναίους
332 416 381 443 καὶ
396 418 581 451 φιλοπόνους
594 417 808 452 ἀποδεχόμεθα.
834 417 898 450 τοῖς
916 417 950 443 δὲ

155 462 270 496 μεταξὺ
282 462 322 495 ὡς
333 461 520 496 ἐκινήθησαν
532 462 550 496 ἢ
561 463 601 495 ὡς
611 462 808 496 ἠδυνήθησαν
817 463 949 489 ἀναπαυ-

157 507 311 541 σαμένοις,
323 506 366 541 μὴ
388 506 468 533 πάνυ
486 506 665 542 διοχλῶμεν·
679 507 745 534 ἐπεὶ
754 507 832 542 μηδὲ
845 507 898 540 τὰς
914 507 949 540 ἒξ

157 552 218 579 τῶν
233 552 383 587 νηστειῶν
400 552 514 588 ἡμέρας
529 553 602 586 ίσως
618 553 696 588 μηδὲ
713 553 821 588 ὁμοίως
838 553 949 587 πάντες

155 597 368 632 διαμένουσιν·
386 598 455 624 ἀλλ’
472 599 498 624 οὶ
512 597 570 632 μὲν
583 597 632 624 καὶ
652 597 753 631 πάσας
774 598 948 632 ὑπερτιθέα-

155 653 210 672 σιν
228 644 326 671 ἄσιτοι
345 644 564 677 διατελοῦντες,
580 646 606 671 οί
620 644 654 671 δὲ
667 644 733 677 δύο,
748 646 774 671 ol
801 644 835 671 δὲ
853 645 947 679 τρεῖς,

155 692 184 718 οι
212 690 248 718 δὲ
271 691 433 725 τέσσαρας,
458 692 485 718 ol
510 690 544 717 δὲ
562 690 713 726 οὐδεμίαν.
737 691 793 718 Kal
808 692 870 724 τοῖς
888 691 947 726 μὲν

154 736 237 764 πάνυ
256 736 483 771 διαπονηθεῖσιν
501 737 536 763 ἐν
558 737 623 770 ταῖς
644 736 858 771 ὐπερθέσεσιν,
883 736 947 764 εἶτα

153 782 346 817 ἁποκαμοῦσι
359 782 409 809 καί
423 782 554 817 μονονοὺ
577 782 763 814 ἐκλείπουσι,
787 783 947 818 συγγνώμη

154 827 212 863 τῆς
232 827 398 864 ταχυτέρας
420 829 561 863 γεύσεως.
582 829 617 855 El
638 827 671 854 δέ
695 836 775 860 τινες
795 829 851 862 οὐχ
869 827 948 861 ὅπως

153 876 211 909 οὐχ
232 874 463 909 ὑπερτιθέμενοι,
483 873 563 901 ἀλλὰ
583 873 661 909 μηδὲ
678 874 904 908 νηστεύσαντες
927 874 946 908 ἢ

1003 278 1124 309 mittunt,
1135 277 1223 312 jejuni
1236 279 1428 312 permanentes,
1445 274 1493 301 alii
1505 274 1581 305 duos,
1594 273 1643 300 alii
1659 278 1721 305 tres,
1741 272 1791 299 alii

1001 328 1128 357 quatuor,
1162 321 1211 348 alii
1244 321 1358 348 nullum.
1385 319 1418 346 Et
1447 319 1481 346 iis
1503 319 1607 353 quidem
1624 317 1710 352 quiin
1733 316 1788 343 illis

1003 368 1216 395 trausmitteudis
1239 367 1316 394 valde
1343 366 1539 396 laboraverunt,
1568 363 1662 391 deinde
1691 362 1788 397 defessi

1002 419 1073 448 sunt,
1086 419 1109 442 et
1125 414 1312 449 propemodum
1324 413 1458 447 deﬁciunt,
1470 410 1654 447 ignoscendum
1664 414 1703 435 est
1716 408 1785 444 quod

1000 462 1111 489 celerius
1125 466 1242 497 gustent.
1257 460 1287 488 Si
1305 460 1349 495 qui
1367 463 1454 486 autent
1468 466 1519 485 non
1544 457 1620 483 modo
1633 463 1683 482 nou
1700 460 1787 482 trans-

999 509 1087 535 missis
1112 508 1158 535 sed
1173 516 1202 534 ne
1210 507 1341 542 jejunatis
1355 505 1471 540 quidem,
1490 504 1528 531 vel
1551 503 1630 530 etiam
1646 502 1673 529 in
1689 502 1787 528 delica-

1000 556 1033 582 tis
1057 555 1229 590 opiparisque
1254 553 1389 583 conviriis.
1405 550 1566 585 consumptis
1581 547 1787 585 prrecedeulibus

998 605 1112 636 quatuor
1123 600 1226 631 diebus,
1242 599 1276 626 ad
1294 599 1360 625 duos
1378 605 1472 633 eosque
1490 597 1560 624 solos
1584 600 1712 622 extremos
1730 594 1787 621 dies

998 655 1056 673 cum
1069 647 1196 678 venerint,
1210 645 1265 672 illis
1280 654 1295 672 a
1309 653 1335 672 se
1349 645 1405 671 cibo
1425 652 1475 671 non
1488 647 1594 678 gustato
1611 639 1785 672 transmissis,

997 693 1146 720 Parasceve
1157 698 1181 719 et
1200 691 1326 724 Subbalo,
1342 698 1466 725 magnum
1493 688 1557 724 quid
1567 694 1590 715 et
1614 687 1745 723 egregium
1759 693 1787 712 se

999 740 1086 774 facere
1107 739 1274 770 existimant,
1292 737 1315 764 si
1337 736 1371 763 ad
1397 743 1523 762 auroram
1538 741 1619 768 usque
1634 738 1785 767 permanse-

999 786 1069 815 rint;
1092 793 1143 811 non
1163 784 1286 811 existimo
1310 790 1353 809 eos
1376 789 1408 808 ea:
1432 789 1506 815 wquo
1523 784 1652 807 certamen
1673 777 1786 804 subiisse

999 839 1057 857 cum
1070 831 1101 857 iis
1115 831 1160 867 qui
1172 839 1198 857 se
1208 829 1328 865 pluribus
1335 828 1426 865 diebus
1437 828 1510 861 prius
1523 829 1705 853 exercueruul.
1720 823 1784 851 "(ne

999 868 1115 912 quidem,
1132 881 1160 904 ut
1179 876 1273 909 sentio,
1288 877 1425 903 consulens
1440 873 1552 900 dehisce
1563 872 1665 905 scripsi.

154 922 204 948 καὶ
219 921 426 956 τρυφήσαντες
454 920 508 954 τὰς
534 920 725 957 προαγούσας
745 920 905 955 τέσσαρας,
932 919 995 948 εἶτα
1010 923 1150 957 ἐλθόντες
1162 923 1211 949 ἐπὶ
1226 923 1279 956 τὰς
1291 921 1462 953 τελευταίας
1473 920 1527 947 δύο
1542 919 1589 946 καὶ
1606 920 1702 954 μόνας
1714 918 1785 953 ἠμέ-

150 979 218 1005 ρας,
232 970 325 1003 αὑτὰς
338 969 554 1004 ὐπερτιθέντες,
570 968 627 1003 τήν
639 978 671 995 τε
684 969 885 1003 Παρασκευὴν
894 969 943 996 καὶ
959 970 991 997 τὸ
1024 971 1184 1004 Σάϐϐατον,
1204 973 1280 1007 μέγα
1297 979 1324 997 τι
1349 970 1397 997 καὶ
1427 968 1565 1003 λαμπρὸν
1590 966 1685 994 ποιεῖν
1701 966 1784 999 νομί-

152 1016 256 1047 ζουσιν
270 1017 309 1044 ἂν
323 1017 411 1052 μέχρι
423 1017 478 1052 τῆς
492 1018 529 1044 ἕω
547 1017 756 1052 διαμείνωσιν,
787 1018 843 1044 οὐκ
876 1016 954 1053 οἶμαι
973 1018 1031 1052 τὴν
1053 1019 1126 1053 ἴσην
1143 1019 1273 1054 ἄθλησιν
1301 1017 1411 1051 αὐτοὺς
1430 1016 1618 1051 πεποιῆσθαι,
1646 1015 1707 1048 τοῖς
1731 1015 1784 1048 τὰς

150 1065 296 1098 πλείονας
310 1065 419 1099 ἡμέρας
442 1066 660 1100 προησκηκόσι.
689 1065 783 1092 Ταῦτα
799 1065 867 1099 μὲν,
886 1066 926 1099 ὠς
942 1067 1052 1101 φρονῶ,
1068 1068 1283 1102 συμϐουλεύων
1296 1067 1361 1102 περὶ
1379 1067 1492 1093 τούτων
1501 1065 1626 1100 ἔγραψα.

187 1111 285 1138 ΒΛΛΣ.
309 1110 471 1137 Ἐπισκόπου
493 1111 566 1142 τινὸς
582 1111 769 1146 ἐρωτήσαντος
792 1111 837 1137 τὸν
856 1110 937 1145 μέγαν

1029 1112 1109 1139 ΒΑιε.
1128 1112 1196 1139 Cum
1215 1113 1361 1147 episcopus
1377 1111 1488 1146 quidam
1505 1116 1633 1144 magnum
1649 1107 1723 1134 hunc
1734 1115 1782 1133 an-

149 1156 281 1193 ἀρχιερέα
293 1156 395 1188 τοῦτον,
409 1156 469 1183 καθ’
482 1157 514 1192 ἣν
529 1155 603 1192 ὥραν
614 1156 713 1191 ἀνέστη
726 1156 740 1182 6
753 1156 880 1192 Χριστὸς,
895 1158 941 1191 ἐφ’

150 1199 172 1237 ᾧ
189 1203 260 1230 κατὰ
270 1202 318 1239 τὴν
341 1203 393 1239 πρὸ
412 1202 513 1239 ταύτης
532 1202 605 1239 ὤραν
629 1202 838 1237 ἀπονηστίζειν,
853 1204 867 1230 6
891 1203 942 1239 ἀρ·-

150 1249 260 1285 χιερεὺς
285 1249 415 1286 προέθετο
437 1249 479 1276 ὅτι
496 1250 513 1284 ἡ
537 1248 617 1285 ἑορτὴ
639 1248 685 1275 τοῦ
703 1248 799 1283 Πάσχα
823 1248 891 1284 μετά
912 1249 941 1274 τὸ

149 1295 300 1331 ἀναστῆναι
314 1296 359 1322 τὸν
374 1295 487 1331 Κύριον,
509 1296 635 1331 ἄρχεται’
662 1295 709 1321 καὶ
726 1295 778 1326 ἕως
792 1294 852 1321 τότε
866 1294 940 1329 6e25-

149 1341 232 1377 λομεν
253 1341 408 1377 νηστεύεινο
423 1340 572 1376 τηνικαῦτα
589 1340 627 1372 δὲ,
645 1340 675 1366 οὺ
693 1339 745 1376 πρὸ
762 1340 811 1375 τῆς
823 1340 939 1367 ἀναστά-

151 1396 231 1420 σεως,
255 1386 455 1423 ἀπονηστίζειν.
481 1387 542 1413 Ὂτι
556 1386 585 1413 δὲ
604 1386 653 1412 οὐκ
675 1386 738 1422 ὲξῆν
755 1386 829 1421 αὐτῷ
853 1387 939 1413 εἰπεῖν

149 1434 200 1470 τὴν
225 1433 300 1469 ὥραν
321 1433 380 1460 καθ’
397 1434 430 1469 ἢν
454 1434 469 1460 6
491 1432 595 1468 Κύριος
617 1433 726 1468 ἀνέστη,
752 1433 939 1469 ἀπελογήσατο

149 1480 204 1506 ἀπὸ
219 1479 348 1515 ῥημάτων
360 1479 493 1515 διαφόρων
502 1478 771 1513 εὐαγγελιστῶν,ὅτι·
789 1478 821 1506 Et
836 1480 883 1505 καὶ
898 1480 934 1516 μὴ

148 1526 254 1559 ἔξεστιν
270 1526 324 1553 ἀπὸ
339 1525 439 1553 τούτων
459 1524 560 1559 γνῶναι
576 1525 625 1561 τὴν
643 1524 717 1562 ὦραν
738 1525 798 1552 καθ’
814 1525 848 1561 ἣν
862 1526 937 1561 ὀφεί-

149 1573 233 1609 λομεν
254 1572 457 1608 ἀπονηστὶζειν,
475 1572 543 1600 ἀλλὰ
563 1572 627 1603 τοὺς
646 1572 697 1607 μὲν
719 1572 772 1608 πρὸ
788 1572 834 1599 τοῦ
858 1581 939 1608 μεσο.

148 1620 259 1648 νυκτίου
280 1620 392 1652 λύοντας
417 1619 467 1654 τὴν
491 1619 629 1655 νηστείαν,
654 1618 691 1650 ὡς
718 1618 865 1655 ὀλιγώρους
891 1620 937 1645 καὶ

148 1667 278 1702 ἀκρατεῖς
304 1665 481 1702 μεμφόμεθα·
500 1665 562 1696 τοὺς
583 1664 611 1691 δὲ
635 1665 716 1701 μέχρι
731 1665 865 1701 τετάρτης
886 1675 935 1701 φυ-

147 1713 235 1749 λακῆς
259 1712 317 1747 ἦτοι
344 1711 442 1748 ὄρθρου
464 1709 706 1747 ἐγκαρτεροῦντας,
731 1711 934 1746 ἀποδεχόμεθα·

146 1758 212 1789 τοὺς
225 1757 252 1783 δὲ
268 1758 296 1784 ἐν
310 1756 348 1792 τῷ
363 1756 466 1792 μεταξῦ
479 1755 693 1787 ἀναπαυοέντας,
704 1755 754 1782 οὐκ
768 1756 918 1791 αἰτιώμεθα
927 1765 933 1772 ·

997 1158 1111 1186 tistitem
1127 1158 1333 1193 interrogasset,
1354 1165 1407 1192 qua
1430 1157 1496 1183 hora
1515 1153 1781 1185 surrexitChristus,

996 1209 1026 1232 ut
1046 1205 1115 1232 hora
1137 1213 1198 1240 qua:
1222 1205 1295 1231 illam
1316 1203 1465 1239 prteeessit,
1490 1201 1625 1236 jejunium
1654 1200 1780 1231 solveret,

996 1251 1142 1288 proposuit
1164 1252 1279 1279 antistes
1291 1251 1363 1286 qund
1380 1250 1479 1278 festum
1495 1249 1618 1280 Pasclne,
1636 1252 1780 1282 postquam

995 1298 1128 1326 Dominus
1158 1297 1318 1330 surrexerit,
1341 1296 1447 1330 incipit,
1458 1301 1484 1322 et
1501 1303 1533 1322 eo
1550 1301 1636 1329 usque
1650 1293 1780 1320 debemus

992 1345 1137 1380 jejunare:
1154 1349 1219 1372 tunc
1235 1339 1346 1377 autem,
1361 1351 1414 1370 non
1444 1347 1507 1370 ante
1533 1340 1779 1372 resurrectionem,

991 1392 1126 1427 jejunium
1143 1392 1256 1419 solvere.
1275 1391 1344 1424 Quia
1369 1395 1459 1418 autem
1484 1397 1538 1416 non
1560 1393 1664 1424 poterat
1689 1388 1780 1415 dicere

994 1439 1089 1466 horam
1106 1446 1159 1473 qua
1174 1438 1301 1466 Christus
1315 1437 1475 1470 resurrexit,
1490 1436 1630 1471 respondit
1643 1443 1676 1462 ex
1691 1434 1779 1462 diver-

998 1484 1036 1511 sis
1056 1485 1146 1512 verbis
1161 1484 1400 1519 evangelistarum,
1411 1483 1484 1518 quod
1498 1492 1504 1509 :
1518 1481 1574 1509 Etsi
1586 1489 1617 1508 ex
1635 1481 1669 1508 iis
1682 1480 1776 1507 horam

992 1538 1044 1565 qua
1057 1530 1193 1565 jejunium
1218 1530 1324 1558 solvere
1341 1530 1482 1561 debemus,
1501 1535 1666 1563 cognoscere
1678 1535 1731 1554 non
1746 1526 1779 1553 Ιί-

992 1581 1062 1609 ceat,
1077 1583 1125 1604 eos
1138 1581 1227 1603 tamen
1239 1576 1286 1610 qui
1305 1580 1367 1603 ante
1390 1575 1506 1602 mediam
1534 1578 1641 1601 nectent
1669 1574 1778 1600 solvunt

989 1621 1136 1657 jejunium,
1152 1626 1182 1649 ut
1205 1626 1406 1657 contemptores
1431 1626 1458 1648 et
1483 1620 1696 1655 intemperantes
1707 1619 1777 1646 vitu-

989 1675 1137 1702 peramus;
1158 1675 1205 1697 eos
1226 1673 1329 1702 autem,
1346 1670 1392 1704 qui
1414 1668 1446 1695 ad
1469 1672 1594 1704 quartam
1610 1675 1696 1701 usque
1710 1667 1778 1703 vigi-

990 1715 1066 1748 liam,
1089 1723 1137 1742 seu
1162 1715 1196 1743 ad
1213 1715 1363 1743 diluculum
1381 1722 1480 1749 usque,
1500 1714 1605 1741 fortiter
1617 1710 1775 1749 perdurant,

989 1761 1196 1797 amplectimur;
1213 1769 1260 1790 eos
1277 1770 1340 1788 vero
1351 1762 1397 1796 qui
1412 1761 1517 1788 interea
1531 1760 1774 1795 interquieverunt,

146 1806 189 1832 ὅτι
206 1803 266 1829 οὐδὲ
281 1802 329 1834 τὰς
344 1802 374 1835 ἓξ
390 1802 496 1839 ἡμέρας
515 1801 566 1836 τῆς
579 1801 626 1828 τοῦ
650 1801 752 1833 πάθους
771 1801 817 1829 τοῦ
833 1802 936 1838 Κυρίου

990 1815 1044 1834 non
1056 1808 1288 1848 reprehendimus,
1302 1807 1365 1842 quia
1383 1815 1432 1848 nec
1449 1815 1496 1834 sex
1518 1807 1654 1842 passionis
1668 1806 1775 1833 Domini

146 1849 295 1884 ἑϐδομάδος
311 1848 411 1881 πάντες
426 1849 526 1885 ὁμοίως
543 1849 677 1877 ἀνύουσιν.
696 1849 727 1875 Οἱ
750 1849 799 1884 μὲν
814 1849 868 1885 γὰρ
887 1850 936 1881 τὰς

147 1894 240 1926 πάσας
263 1894 449 1930 νηστεύουσιν,
471 1895 496 1921 οἱ
521 1895 549 1921 δὲ
571 1894 628 1927 δύο,
652 1894 677 1920 οἱ
698 1894 726 1920 δὲ
748 1895 833 1930 τρεῖς,
860 1895 885 1921 οἰ
906 1895 934 1921 δὲ

146 1941 269 1973 πλείους.
280 1941 304 1967 οἱ
319 1941 347 1968 δὲ
361 1941 497 1977 οὐδεμίαν.
507 1941 568 1973 Τοῖς
580 1938 626 1968 οὖν
643 1942 671 1968 ὲν
684 1940 802 1968 πλείοσιν
818 1941 935 1979 ἡμέραις

145 1986 323 2023 νηστεύσασι,
340 1987 387 2014 καὶ
402 1988 573 2019 κοπιάσασιν,
589 1988 612 2014 εἰ
627 1987 774 2022 ταχύτερον
794 1986 934 2021 γεύσονται

143 2034 260 2069 τροφῆς,
278 2033 441 2069 συγγνώμην
452 2033 556 2060 δοτέον·
571 2034 627 2065 τοῖς
642 2032 670 2059 δὲ
684 2032 819 2069 τέσσαρας
829 2032 934 2068 ἡμέρας

146 2081 186 2116 μὴ
203 2079 390 2116 νηστεύσασιν,
408 2079 475 2107 ἀλλά
498 2079 546 2107 καὶ
560 2080 724 2115 τρυφήσασι,
749 2079 819 2106 κατὰ
838 2079 866 2105 δὲ
886 2079 934 2115 τὴν

144 2126 327 2161 Παρασκευὴν
347 2126 392 2153 καὶ
406 2126 436 2152 τὸ
450 2126 587 2153 Σάϐϐατον
604 2125 775 2161 νηστεύσασι,
799 2125 836 2161 μὴ
855 2134 932 2160 νομι-

143 2174 223 2209 σθείη
242 2173 312 2209 μέγα
328 2182 354 2200 τι
379 2174 474 2205 ποιεῖν,
490 2174 514 2199 εἰ
536 2172 617 2207 μέχρι
630 2172 736 2208 πρωϊας
751 2171 800 2207 τῆς
816 2172 933 2198 ἀναστα-

143 2220 227 2256 σίμου
258 2220 366 2256 ἡμέρας
396 2219 644 2255 ὲγκαρτερὴσουσιν
683 2218 786 2245 ἄσιτοι·
817 2218 847 2244 οὐ
878 2218 931 2254 γὰρ

142 2267 242 2303 ὁμοίαν
262 2266 399 2295 ποιοῦνται
421 2265 544 2301 ἄθλησιν.
562 2265 617 2291 Καὶ
633 2266 649 2300 ἡ
667 2264 717 2300 μὲν
739 2263 872 2298 ἀπολογία
886 2264 932 2291 τοῦ

141 2313 266 2349 Πατρὺς,
283 2312 363 2349 αὓτη.
379 2312 414 2339 Σὺ
436 2311 464 2338 δὲ
483 2310 620 2346 ἀνάγνωθι
642 2310 687 2337 τὸν
705 2309 748 2336 πθ¹
768 2310 867 2337 κανόνα
884 2311 932 2346 τῆς

100 2356 105 2359 ’
141 2360 174 2386 ὲν
197 2358 324 2395 Τρούλλῳ
348 2357 467 2389 συνόδου,
493 2357 675 2393 διοριζόμενον
703 2355 932 2392 ἀπονηστίςεσθαι

142 2405 210 2441 περὶ
221 2404 305 2440 μέσας
320 2404 420 2435 νύκτας
427 2403 475 2430 τοῦ
485 2403 603 2439 μεγάλου
616 2403 755 2432 Σαῦὸάτου
765 2411 771 2417 ·
786 2402 835 2434 τὰς
846 2402 873 2428 δὲ
884 2402 931 2430 ἄλ-

140 2451 192 2483 λας
200 2449 359 2487 ἡμέρας-τοῦ
370 2449 504 2486 σωτηρίου
514 2449 626 2481 πάθους,
636 2450 664 2475 ὲν
673 2448 784 2485 νηστείᾳ
791 2448 838 2476 καὶ
845 2457 930 2485 προσ-

141 2496 211 2530 ευχῇ
230 2494 277 2521 καὶ
291 2494 435 2528 κατανύξει
447 2494 561 2529 διάγειν.
575 2494 651 2520 Ἐπεὶ
663 2493 691 2520 δὲ
713 2493 811 2527 ἔξωθεν
825 2493 871 2520 τοῦ
883 2494 931 2520 αύ-

139 2540 188 2568 τοῦ
196 2541 306 2573 κανόνος
314 2541 482 2577 ὲσαφηνίσθη
490 2542 507 2576 ἡ
515 2541 573 2573 ὥρα
581 2541 630 2576 τῆς
637 2540 753 2576 Χριστοῦ
762 2540 934 2572 ἀναστάσεως

139 2587 197 2614 ἀπὸ
220 2587 355 2623 διαφόρων
369 2587 514 2623 Γραφικῶν
525 2587 580 2623 [Ζσ.
595 2586 722 2623 Γραφῶν]
738 2586 806 2619 τέως
823 2586 891 2613 κατά
902 2586 933 2613 τὺ

138 2633 280 2669 ἐγχωροῦν
293 2633 333 2670 (τὸ
342 2633 397 2671 γὰρ
410 2633 508 2670 ἀληθὲς
520 2633 599 2670 μόνος
608 2631 677 2660 οἶδεν
687 2633 701 2660 ὁ
713 2632 830 2664 ἀναστὰς
839 2633 928 2669 Θεὸς),

137 2681 283 2717 ὀφείλομεν
294 2681 382 2712 είπεῖν
395 2682 436 2708 ὅτι
453 2681 533 2718 μέχρι
553 2682 603 2717 μὲν
619 2681 668 2717 τῆς
684 2681 767 2717 ἕκτης
787 2681 862 2717 ὥρας
882 2682 929 2710 καὶ

139 2727 226 2762 αὐτῆς
235 2727 282 2754 τοῦ
293 2727 451 2764 νυκτερινοῦ
468 2727 606 2755 Σα6ὁάτου
618 2727 760 2763 ὀφείλομεν
775 2727 925 2763 νηστεύειν.

145 2773 212 2799 Ἀπὸ
230 2773 259 2800 δὲ
274 2774 325 2809 τῆς
343 2773 461 2810 ἑϐδόμης
478 2773 553 2810 ὥρας
572 2774 633 2800 ἐπεὶ
654 2773 766 2809 ἄρχεται
784 2774 801 2808 ἡ
826 2773 926 2809 κυριώα

139 2828 223 2855 νυμος
239 2820 298 2846 καθ’
313 2820 347 2855 ἢν
368 2821 415 2847 καὶ
430 2820 528 2856 ἀνέστη
544 2821 558 2847 6
573 2819 688 2855 Χριστὸς
705 2819 794 2855 (εἰκὸς
809 2819 837 2846 δέ
854 2820 927 2846 ὲστιυ

138 2864 158 2900 ἢ
173 2865 243 2892 κατὰ
255 2866 305 2902 τὴν
324 2866 439 2902 ἐσδόμην
460 2867 476 2902 ἢ
493 2866 563 2893 κατὰ
584 2866 633 2901 τὴν
649 2865 745 2901 ὀγδόην
760 2866 834 2902 ὥραν
854 2868 927 2901 γενέ-

141 2911 204 2944 σθαι
215 2912 263 2949 τὴν
280 2912 449 2949 ἀνάστασιν),
465 2913 515 2940 οὐκ
531 2912 673 2950 ὀφείλομεν
688 2913 757 2942 κατά
771 2914 872 2946 ταύτας
885 2922 927 2951 νη-

990 1852 1167 1881 hebdomadas:
1189 1854 1258 1886 dies,
1270 1845 1373 1880 omnes
1398 1845 1527 1880 'similitcr
1552 1857 1693 1887 peragunt.
1721 1853 1773 1879 Alii

988 1899 1062 1926 enim
1076 1907 1172 1927 omnes
1190 1899 1328 1935 jejunant,
1348 1899 1394 1925 alii
1413 1906 1478 1926 vero
1492 1899 1572 1930 duos,
1586 1898 1631 1924 alii
1647 1903 1711 1931 tres,
1728 1898 1774 1925 alii

987 1951 1078 1975 autem
1097 1945 1201 1981 plures,
1216 1945 1262 1972 alii
1286 1953 1350 1973 vero
1370 1944 1486 1972 nullum.
1498 1944 1534 1971 lis
1551 1952 1616 1980 cngo
1627 1944 1672 1979 qui
1689 1944 1774 1979 pluri-

987 1991 1040 2019 bus
1054 1991 1150 2019 diebus
1164 1991 1324 2026 jejunarunt
1349 1995 1375 2017 et
1392 1990 1562 2022 laborarunt,
1580 1990 1602 2018 si
1614 1991 1772 2017 alimentum

986 2038 1069 2066 citius
1084 2038 1262 2074 gustaverint,
1277 2037 1354 2065 venia
1379 2036 1468 2064 danda
1481 2040 1523 2064 est
1536 2046 1543 2070 ;
1556 2044 1604 2064 eos
1619 2041 1710 2063 autent
1724 2038 1770 2072 qui

986 2089 1105 2120 quatuor
1117 2085 1175 2112 dies
1197 2092 1251 2112 non
1272 2084 1441 2119 jejunarunt,
1455 2083 1502 2111 sed
1515 2083 1632 2111 delicate
1647 2083 1772 2118 opipare—

987 2139 1042 2166 que
1056 2131 1194 2163 vixerunt,
1208 2131 1234 2157 in
1253 2130 1404 2158 Parasceve
1418 2134 1507 2157 autem
1524 2134 1551 2157 et
1574 2129 1771 2166 Sabbatojeju-

985 2185 1094 2211 navere,
1105 2178 1262 2205 existimare
1270 2185 1324 2204 non
1339 2181 1445 2212 oportet
1455 2184 1583 2212 magnum
1594 2176 1659 2212 quid
1671 2176 1769 2210 facere,

985 2224 1008 2252 si
1035 2231 1122 2259 usque
1150 2224 1183 2251 ad
1211 2223 1375 2250 matutinum
1401 2222 1610 2251 resurrectionis
1632 2222 1685 2249 diei
1711 2222 1770 2250 sine

985 2270 1047 2298 cibo
1057 2270 1145 2307 jejuni
1169 2270 1389 2306 permanserint:
1407 2277 1496 2304 neque
1520 2269 1593 2296 enim
1611 2269 1698 2296 simile
1711 2277 1769 2296 cer-

984 2320 1074 2343 tamen
1087 2315 1197 2342 adeunt.
1208 2314 1296 2349 Atque
1312 2314 1368 2341 haec
1381 2314 1490 2349 quidem
1502 2318 1542 2340 est
1553 2312 1642 2340 Patris
1657 2320 1768 2348 respon-

984 2362 1034 2389 sio.
1047 2361 1087 2389 Tu
1102 2365 1192 2390 autem
1212 2361 1270 2396 lege
1280 2360 1313 2388 89
1325 2368 1387 2388 ean.
1405 2368 1466 2396 syn.
1485 2360 1512 2402 in
1527 2359 1631 2393 Trullo,
1646 2364 1768 2387 statuen-

983 2411 1038 2436 tem
1054 2408 1189 2443 jejunium
1208 2407 1368 2436 solvendum
1389 2414 1451 2434 esse
1468 2406 1541 2434 eirea
1560 2406 1664 2433 medias
1674 2410 1768 2433 noctes

984 2455 1075 2490 magni
1087 2453 1213 2487 Sabbati;
1224 2453 1386 2481 aliisautcm
1397 2452 1492 2480 diebus
1504 2450 1650 2479 salutiferae
1661 2450 1767 2486 passio—

982 2501 1037 2533 nis,
1062 2500 1088 2527 in
1110 2500 1217 2535 jejunio
1229 2504 1257 2527 et
1272 2499 1397 2527 oratione
1408 2505 1435 2526 et
1445 2498 1654 2533 compunctione
1663 2497 1766 2525 versari

982 2553 1118 2583 oportere.
1150 2546 1285 2580 Quoniam
1307 2552 1397 2574 autem
1426 2546 1598 2573 extrinsecus
1619 2545 1653 2572 al)
1670 2544 1764 2572 eodem

981 2602 1085 2622 canone
1094 2594 1229 2621 declarata
1242 2598 1284 2621 est
1301 2594 1368 2621 hora
1384 2592 1485 2620 Christi
1502 2590 1714 2619 resurrectionis
1727 2597 1761 2617 ex

980 2640 1095 2668 diversis
1124 2639 1297 2675 Scripturis,
1332 2639 1420 2675 quoad
1461 2638 1519 2666 ﬁeri
1549 2637 1638 2673 potuit
1657 2637 1763 2671 (verum

979 2687 1052 2716 enim
1074 2687 1150 2715 solus
1171 2686 1259 2720 novit,
1274 2686 1322 2721 qui
1352 2685 1501 2713 resurrexit
1517 2684 1615 2719 Deus);
1631 2684 1764 2712 debemus

979 2733 1081 2766 dicere,
1105 2732 1178 2768 quod
1205 2740 1293 2767 usque
1314 2731 1348 2759 ad
1369 2731 1464 2758 horam
1488 2735 1606 2764 sextam,
1623 2736 1651 2759 et
1674 2731 1762 2766 ipsum

979 2782 1143 2806 nocturnum
1160 2777 1320 2810 Sabbatum,
1332 2776 1463 2804 debemus
1483 2777 1619 2813 jejunare.
1641 2777 1683 2804 Ab
1696 2777 1764 2805 hora

977 2827 1068 2851 autem
1098 2824 1224 2859 septima,
1248 2822 1377 2858 quoniam
1403 2823 1498 2857 incipit
1523 2823 1681 2850 Dmniniens
1707 2831 1762 2857 quo

978 2868 1059 2896 etiam
1076 2869 1228 2897 resurrexit
1242 2868 1367 2896 Christus
1385 2869 1437 2903 (est
1456 2874 1545 2895 autem
1561 2869 1707 2896 verisimile
1721 2870 1760 2896 vel

978 2922 1014 2943 vn
1029 2914 1073 2942 vel
1091 2921 1139 2942 vut
1156 2913 1224 2942 liora
1245 2913 1330 2942 fuisse
1356 2915 1583 2942 resurrectionem
1598 2914 1760 2951 u-jus),jeju-

1586 3063 1603 3091 Δ
