3966 6206
533 291 674 348 1279

1489 295 1545 350 s.
1611 276 1906 351 promsn
1957 293 2266 352 EPISCOPI
2304 295 2770 352 ALEXANDRINI

3585 305 3697 360 lﬁ'80

530 425 666 467 nare
695 425 804 466 non
837 408 1102 466 debemus
1127 424 1228 466 nec
1252 409 1516 481 jejunium
1550 413 1780 479 solvere,
1814 429 1882 468 ne
1907 413 2093 468 videa-

2204 414 2430 479 στεύειν,
2483 415 2604 469 οὐδὲ
2653 415 3052 486 ἀπονηστίςειν,
3085 415 3168 470 ἵνα
3221 416 3294 488 μὴ
3327 416 3544 490 δόξωμεν
3574 421 3700 478 ἐναν-

530 505 659 558 mul-
691 516 1000 573 repugnare
1031 504 1338 559 canonibus
1371 505 1466 575 qui
1503 515 1752 561 statuunt
1780 522 1882 562 nos
1905 507 2096 563 diebus

531 594 833 650 Dominicis
862 610 970 650 non
998 595 1199 651 debere
1230 596 1501 667 jejunare.
1533 597 1647 654 Etsi
1678 599 1823 654 enim
1849 599 1967 654 dies
1989 608 2097 654 ter-

531 687 642 740 tius
692 694 978 756 reputetur
1004 685 1343 754 Dominicus,
1381 689 1556 744 solum
1601 699 1777 745 tamen
1812 704 2096 761 propterea

531 779 677 834 quod
721 779 886 833 trium
922 779 1132 834 dierum
1172 776 1501 837 resurrectio
1528 797 1654 837 eum
1707 782 1954 852 attingat,
1986 791 2097 838 ter-

534 872 644 926 tius
697 871 898 926 dicitur
925 887 939 923 :
965 879 1050 926 est
1089 872 1235 926 enim
1271 873 1500 942 primus.
1539 873 1604 928 Et
1635 874 1704 929 89
1751 890 1873 929 can.
1897 891 2017 946 syn.
2041 875 2097 930 in

537 962 723 1016 Trnllo
748 962 1151 1030 convenienter,
1175 961 1295 1028 dic,
1320 972 1444 1017 ante
1473 963 1662 1017 horam
1686 965 1968 1032 septimam
2001 978 2099 1018 no-

535 1055 715 1109 cturni
748 1053 973 1108 Sabbati
1002 1055 1202 1109 debere
1224 1071 1326 1110 nos
1348 1054 1616 1124 jejunium
1643 1057 1853 1110 solvere
1884 1055 1936 1108 in
1960 1071 2098 1125 qua-

535 1161 751 1216 cunque
781 1147 914 1200 hora
943 1146 1177 1200 voluerit
1213 1145 1481 1216 quispiam
1518 1160 1584 1200 ex
1632 1161 1724 1200 sex
1767 1145 1958 1216 primis
2002 1147 2100 1200 ho-

535 1236 633 1301 ris,
667 1237 830 1306 idque
867 1237 1093 1291 omnino
1125 1251 1194 1291 ex
1245 1236 1418 1291 libera
1471 1236 1902 1308 uniuscujusque
1948 1245 2102 1308 pote-

534 1336 675 1384 state
701 1337 757 1382 et
779 1328 1028 1384 arbitrio.

606 1414 812 1474 Zorun.
890 1415 1032 1472 Huic
1105 1417 1520 1489 interrogationi
1558 1419 1849 1490 respondet
1906 1417 1954 1474 is
2011 1419 2098 1474 cui

535 1509 814 1578 proposita
877 1509 1230 1581 interrogatio
1288 1519 1374 1566 est
1429 1528 1445 1565 :
1497 1510 1793 1567 Postulasti
1858 1510 2098 1565 sedulam

537 1600 741 1670 imponi
786 1601 981 1672 legem,
1011 1602 1116 1656 hoc
1143 1610 1246 1669 est,
1296 1602 1537 1673 regulam
1593 1599 1934 1671 formamque
1960 1616 2099 1671 prae-

535 1693 741 1758 scribi,
788 1709 853 1748 ac
891 1694 1130 1748 adhibita
1168 1693 1450 1765 diligentia
1492 1695 1626 1750 certi
1676 1692 1883 1764 aliquid
1934 1692 2097 1748 statui

536 1787 604 1843 de
640 1788 773 1844 hora
804 1787 1099 1843 Dominicae
1130 1788 1581 1856 resurrectionis;
1613 1789 1758 1857 quod
1789 1786 2010 1858 quidem
2043 1795 2098 1839 et

535 1881 750 1937 dillicile
784 1891 869 1937 est
918 1894 972 1936 et
1020 1881 1290 1936 lubricum
1319 1901 1332 1936 :
1361 1881 1828 1952 quandoquidem,
1862 1888 1985 1950 post
2005 1895 2100 1934 ex-

535 1975 760 2028 citatum
787 1989 817 2027 a
843 1974 1074 2029 mortuis
1104 1973 1394 2028 Dominum
1423 1975 1840 2036 resurrectionis
1866 1972 2088 2028 celebri.

537 2069 700 2116 tatem
758 2062 1005 2116 inchoari
1039 2071 1270 2132 oportet,
1304 2064 1587 2133 hucusque
1617 2064 1950 2134 jejunantes,
1981 2063 2100 2118 ani-

535 2151 721 2220 mique
745 2151 850 2207 hoc
886 2161 1045 2222 pacto
1070 2147 1454 2209 demissionem
1479 2164 1754 2208 curantes.
1784 2152 1842 2208 ln
1859 2169 1924 2208 ea
1947 2169 2102 2208 nam-

533 2258 642 2313 que
690 2259 812 2312 qua:
861 2259 958 2312 per
988 2245 1255 2314 jejunium
1298 2253 1382 2301 est
1432 2245 1676 2314 corporis
1732 2245 2097 2314 aﬂlictatione,

534 2334 703 2388 animi
733 2335 993 2390 demissio
1016 2338 1312 2406 quatritur;
1347 2347 1406 2392 ut
1459 2338 1689 2407 proinde
1714 2339 1759 2394 si
1791 2339 1987 2394 elatior
2027 2340 2098 2394 sit

527 2427 827 2497 jejunantis
872 2429 1111 2492 animus,
1143 2429 1356 2483 irritum
1398 2443 1519 2484 esse
1558 2430 1829 2501 jejunium
1855 2432 2099 2486 omnium

535 2520 882 2576 confessione
917 2519 1217 2591 judicetur.
1255 2519 1487 2591 Subjicit
1513 2523 1705 2577 deinde
1734 2541 1748 2579 :
1779 2522 2102 2594 Quicunque

535 2613 602 2667 ad
637 2613 947 2683 sepulcrum
998 2622 1126 2668 sunt
1172 2613 1423 2683 profecti,
1451 2630 1545 2670 eos
1581 2614 1693 2685 jam
1743 2615 2037 2670 excitatum
2069 2631 2098 2670 a

535 2705 770 2759 mortuis
805 2703 1097 2760 Dominum
1149 2706 1472 2775 reperiisse;
1507 2722 1681 2776 neque
1711 2706 1996 2772 dissidere,
2025 2707 2103 2761 in-

534 2797 674 2866 quit,
711 2811 775 2852 ac
805 2797 907 2851 sibi
939 2797 1169 2853 invicem
1211 2799 1488 2854 adversari
1537 2800 1900 2870 evangelistas
1949 2799 2100 2854 arbi-

538 2897 764 2954 tremur,
811 2890 956 2959 quod
1011 2906 1136 2946 cum
1186 2891 1376 2946 eadem
1426 2899 1585 2946 nocte
1637 2891 1926 2947 Dominum
1979 2907 2102 2947 sur-

536 2979 745 3034 rexisse
777 2979 1054 3033 communi
1100 2993 1372 3035 consensu
1414 2978 1652 3045 tradant,
1679 2997 1916 3050 quanam
1965 2982 2101 3036 hora

537 3069 797 3134 surrexit,
831 3071 1015 3123 minus
1059 3070 1340 3139 extplorate
1393 3072 1657 3126 indicant.
1696 3070 1833 3124 Tum
1870 3071 2101 3140 ipsamet

537 3161 722 3225 verba,
755 3160 842 3215 vel
871 3161 1052 3230 potius
1089 3162 1240 3217 locos
1294 3161 1590 3232 Scriptura:
1619 3162 1848 3232 profert,
1887 3162 1942 3215 in
1976 3161 2098 3232 qui-

536 3254 641 3308 bus
663 3251 1114 3321 evangelistarum
1148 3252 1376 3322 quilibet
1401 3252 1469 3307 de
1496 3252 1898 3307 resurrectione
1916 3251 2099 3306 Domi-

537 3345 660 3398 nica
691 3343 955 3411 loquitur,
989 3359 1053 3398 ac
1081 3359 1199 3398 eam
1233 3360 1353 3414 qua:
1398 3345 1537 3398 inter
1565 3344 1713 3415 ipsos
1744 3344 1959 3399 videtur
1983 3359 2102 3399 esse

536 3436 958 3506 discrepantiam
1004 3439 1304 3506 componit.
1346 3437 1523 3507 Atque
1571 3437 1637 3490 ad
1673 3435 1953 3502 haaczQui
1980 3436 2103 3506 qui-

535 3526 659 3581 dem
704 3537 831 3582 ante
871 3529 1049 3583 noctis
1071 3529 1306 3584 medium
1360 3529 1582 3584 solvunt
1611 3530 1904 3600 jejunium,
1935 3529 2102 3584 veluti

538 3628 943 3690 contemptores
1011 3621 1545 3693 intemperantesque
1616 3622 2101 3693 reprehendimus,

539 3714 739 3784 quippe
787 3715 1042 3785 exiguum
1075 3715 1142 3770 ad
1171 3725 1384 3786 tempus
1432 3715 1629 3786 jejunii
1661 3730 1884 3770 cursum
1909 3714 2106 3770 dissol-

538 3815 708 3873 vunt;
735 3805 976 3876 quivero
993 3807 1060 3861 ad
1085 3816 1336 3877 quartam
1362 3823 1535 3877 usque
1568 3808 1830 3878 vigiliam,
1867 3807 1969 3862 hoc
2001 3815 2104 3874 est,

538 3897 870 3954 matutinum
919 3904 1132 3970 tempus
1169 3897 1382 3954 fortiter
1439 3899 1735 3964 abstinent,
1768 3915 1864 3954 eos
1909 3899 2108 3970 proba-

538 4006 664 4047 mus
687 4009 701 4045 :
723 3990 768 4047 si
799 3991 892 4059 qui
924 4007 1055 4046 vero
1085 4003 1210 4062 post
1240 3991 1476 4046 mediam
1511 4002 1726 4047 noctem
1762 3994 2105 4060 quieverunt,

540 4083 646 4139 hoc
668 4091 752 4139 est
778 4083 1118 4139 afﬂictionem
1141 4100 1206 4139 ex
1235 4084 1444 4154 jejunio
1473 4083 1769 4154 profectam
1799 4091 1857 4138 ut
1887 4093 2109 4153 potuere

541 4177 886 4245 sedaverunt,
907 4177 995 4243 iis,
1017 4177 1212 4247 inquit,
1241 4176 1377 4230 nihil
1401 4176 1613 4232 molesti
1639 4177 1843 4244 simus;
1874 4177 2108 4242 hoc.est,

542 4268 678 4322 nihil
715 4277 798 4324 est
837 4270 981 4339 quod
1015 4284 1131 4336 eos,
1165 4269 1294 4339 quia
1330 4283 1438 4322 non
1474 4269 1541 4322 ad
1580 4269 1903 4322 matutinum
1939 4282 2112 4338 usque

543 4369 757 4430 tempus
779 4361 1211 4429 perduraverint,
1237 4375 1586 4415 accusemus:
1614 4360 1741 4429 quia
1773 4375 1866 4413 sex
1895 4374 2110 4430 quoque

2195 507 2442 560 τιοῦσθαι
2474 511 2586 572 τοῖς
2609 508 2794 561 κανόσι
2825 510 2938 571 τοῖς
2968 509 3347 581 διοριζομένοις
3377 511 3505 564 κατά
3532 513 3615 576 τὰς
3629 532 3682 568 ita

2200 597 2501 669 ριωνύμους
2525 599 2599 669 μὴ
2629 597 2908 669 νηστεύειν
2929 601 3096 670 ἡμᾶς.
3128 601 3243 654 Κᾶν
3268 602 3372 673 γὰρ
3391 603 3533 673 τρίτη
3555 603 3704 675 ἡμέρα

2195 690 2530 763 λογίξηταιή
2574 691 2932 765 κυριώνυμος,
2967 692 3080 764 ἀλλ’
3111 695 3187 758 εἰς
3224 694 3379 765 μόνον
3415 695 3472 748 τὸ
3509 697 3706 766 ἅψασθαι

2195 780 2399 851 ταύτης
2445 781 2542 852 τὴν
2574 782 2868 852 τριήμερον
2916 782 3227 846 ἀνάστασιν,
3253 783 3519 854 ,λογίζεται
3558 785 3704 856 τρίτη*

2199 872 2387 946 πρώτη
2416 875 2522 945 γάρ
2571 875 2685 927 ἐστι
2706 891 2720 904 ·
2751 876 2842 929 καὶ
2871 874 3178 939 ἀκολούθως
3213 875 3290 945 τῷ
3323 875 3406 928 πθ¹
3436 877 3600 930 κανόνι
3630 878 3708 948 τῆς

2197 966 2256 1018 ὲν
2286 965 2360 1035 τῷ
2392 965 2644 1038 Τρούλλῳ
2675 966 2910 1028 συνόδου,
2943 966 3065 1036 λέγε
3095 967 3202 1038 πρὸ
3232 968 3328 1038 τῆς
3361 967 3572 1039 ἑϐδόμης
3591 967 3710 1040 ὥρας

2196 1057 2291 1111 τοῦ
2319 1057 2628 1127 νυκτερινοῦ
2661 1058 2936 1112 Σαϐϐάτω
2959 1059 3195 1128 ὀφείλειν
3235 1060 3380 1129 ἡμᾶς
3405 1060 3712 1131 ἀπονηστίζε-

2200 1147 2324 1202 σθαι
2352 1149 2410 1204 ἐν
2443 1150 2532 1221 οἶα
2560 1148 2678 1222 ὥρᾳ
2709 1150 2921 1222 θελήσει
2960 1168 3046 1214 τις
3075 1150 3184 1204 τῶν
3219 1149 3278 1216 ἒξ
3319 1151 3534 1222 πρώτων
3565 1151 3712 1223 ὡρῶν,

2201 1240 2416 1304 πάντως
2452 1242 2594 1296 κατά
2619 1241 2714 1313 τὴν
2745 1242 2952 1296 οἰκείαν
2986 1242 3211 1314 δύναμιν
3244 1243 3338 1296 καὶ
3371 1243 3670 1314 προαίρεσιν.

2268 1423 2509 1475 ΖΩΝΑΡ.
2554 1423 2695 1494 Πρὸς
2725 1422 2785 1476 τὸ
2819 1421 3078 1494 ἐρώτημα
3105 1422 3264 1476 τοῦτο
3302 1424 3461 1494 φησὶν
3498 1425 3525 1477 ὁ
3549 1424 3714 1496 ἐρωτη-

2200 1513 2332 1576 θεὶς,
2362 1514 2461 1565 ὃτν
2500 1511 2794 1583 Ἐξῄτησας
2815 1512 3018 1584 ἀκριϐῆ
3052 1514 3178 1584 ὅρον
3223 1512 3542 1582 ἐπιτεθῆναι,
3579 1513 3710 1582 ἤγουν

2201 1607 2401 1660 κανόνα
2425 1607 2519 1660 καὶ
2547 1605 2714 1658 τύπον
2733 1607 3036 1678 ὁρισθῆναι,
3073 1608 3167 1660 καὶ
3195 1605 3576 1677 σαφηνισθῆναι
3595 1608 3715 1676 ἀκρι-

2201 1695 2308 1761 ϐῶς
2342 1695 2439 1767 τὴν
2497 1695 2644 1770 ὥραν
2684 1698 2780 1768 τῆς
2823 1697 3173 1764 ἀναστάσεως
3218 1698 3311 1752 τοῦ
3360 1697 3574 1769 Κυρίου,
3613 1699 3714 1767 ὅπερ

2199 1786 2291 1839 καὶ
2316 1786 2568 1840 δύσκολον
2605 1786 2700 1840 καὶ
2741 1787 3005 1857 σφαλερόν
3039 1790 3220 1841 ἐστιν·
3255 1789 3336 1841 ὅτι
3373 1787 3468 1859 μὲν
3495 1789 3589 1859 γὰρ
3614 1788 3716 1858 μετὰ

2199 1878 2258 1932 τὸ
2281 1878 2576 1948 ἀναστῆναι
2607 1878 2698 1931 τὸν
2727 1878 2932 1950 Κύριον
2961 1878 3058 1948 τῆς
3080 1879 3278 1950 ἑορτῆς
3304 1879 3402 1950 τῆς
3425 1879 3714 1940 ἀναστάσεως

2199 1969 2459 2042 ἄρχεσθαι
2492 1970 2590 2033 δεῖ,
2626 1969 2730 2033 ἐως
2762 1969 2953 2023 τούτου
2996 1968 3380 2040 νηστεύοντας,
3419 1971 3508 2023 καὶ
3544 1969 3625 2034 τὰς
3645 1970 3716 2040 ψυ-

2199 2064 2297 2134 χὰς
2327 2063 2498 2126 οὕτως
2534 2063 2937 2128 ταπεινοῦντας-
2985 2064 3049 2116 Ἦ
3094 2065 3212 2136 γάρ
3252 2063 3338 2116 διὰ
3385 2062 3478 2133 τῆς
3516 2063 3716 2134 νηστείας

2197 2157 2522 2220 ταπείνωσις
2552 2155 2644 2208 τοῦ
2680 2155 2951 2227 σώματος,
2981 2156 3068 2209 διὰ
3097 2155 3202 2228 τὴν
3237 2156 3336 2226 τῆς
3370 2154 3536 2227 ψυχῆς
3569 2157 3714 2224 ἐπιτη-

2197 2247 2408 2302 δεύεται
2441 2249 2764 2302 ταπείνωσιν
2785 2265 2797 2278 ·
2844 2248 2919 2313 ὡς
2950 2249 3061 2318 εἴγε
3099 2247 3396 2320 ἐπηρμένη
3439 2248 3517 2317 εἴη
3546 2246 3624 2300 τοῦ
3647 2263 3712 2316 νη-

2201 2339 2478 2406 στεύοντος
2529 2343 2562 2412 ἡ
2604 2341 2771 2413 ψυχὴ,
2825 2341 3030 2412 ματαία
3079 2341 3113 2413 ἡ
3163 2340 3394 2412 νηστεία
3443 2339 3570 2403 ἐστὶ,
3602 2335 3714 2391 τοῦτο

2199 2431 2644 2504 ὁμολογούμενον.
2705 2431 2929 2500 Ἐπάγει
2973 2430 3030 2482 δὲ
3063 2431 3145 2484 ὅτι
3202 2429 3316 2484 ὅσοι
3364 2428 3495 2501 πρὸς
3532 2427 3584 2481 τὸ
3619 2443 3715 2496 μνη-

2203 2528 2351 2597 μεῖον
2380 2523 2640 2596 ἀπῆλθον,
2669 2523 2978 2579 ἀναστάντα
3005 2523 3102 2595 ήδη
3129 2517 3298 2596 εὗρον
3323 2521 3413 2576 τὸν
3441 2521 3643 2592 Κύριονο
3663 2517 3713 2590 μὴ

2197 2618 2503 2687 διαφωνεῖν,
2535 2617 2690 2687 φησὶ,
2721 2615 2817 2670 καὶ
2845 2613 3232 2670 ἐναντιοῦσθαι
3264 2613 3505 2685 ἀλλήλοις
3533 2612 3714 2681 δόξωμεν

2198 2710 2324 2772 τοὺς
2355 2707 2764 2777 εὐαγγελιστάς,
2798 2709 2882 2761 ὅτι
2911 2706 3339 2778 συμφωνοῦντες
3379 2706 3497 2778 περὶ
3520 2706 3602 2776 τῆς
3622 2704 3714 2756 ἀνσ-

2202 2801 2440 2864 στάσεως
2473 2800 2547 2863 ὼς
2569 2801 2627 2854 ἐν
2657 2799 2838 2871 ἐκείνῃ
2867 2801 2933 2870 τῇ
2962 2799 3120 2852 νυκτὶ
3147 2797 3251 2850 τοῦ
3281 2798 3483 2869 Κυρίου
3511 2794 3714 2850 ἀναστὰν·

2201 2909 2311 2958 τος,
2355 2891 2452 2964 τὴν
2488 2891 2638 2964 ὥραν
2678 2891 2800 2945 καθ’
2834 2892 2900 2962 ἣν
2932 2889 3132 2961 ἀνέστη
3172 2888 3370 2957 σαφῶς
3410 2889 3467 2942 οὐ
3506 2887 3712 2957 λέγουσιν.

2201 2981 2335 3040 Εἶτα
2378 2986 2472 3040 καὶ
2500 2985 2640 3039 αύτά
2665 2983 2736 3038 τά
2778 2985 3000 3056 ῥήματα
3031 2982 3064 3054 ἢ
3115 2981 3327 3055 μᾶλλον
3363 2981 3431 3034 τά
3465 2981 3614 3053 χωρία
3647 2976 3715 3047 τῆς

2201 3077 2423 3150 Γραφῆς
2449 3076 2662 3148 τίθησιν
2680 3115 2695 3140 ,
2724 3076 2825 3129 ὅσα
2861 3075 3092 3138 ἕκαστος
3130 3075 3249 3130 τῶν
3277 3071 3634 3144 εύαγγελιστῶν
3653 3066 3713 3121 λί-

2199 3191 2286 3242 γει
2310 3172 2437 3244 περὶ
2459 3172 2557 3242 τῆς
2581 3169 2932 3232 ἀναστάσεως
2953 3167 3049 3222 τοῦ
3074 3169 3313 3240 Κυρίου,
3341 3167 3433 3223 καὶ
3459 3160 3712 3238 συμϐιϐάξει

2199 3262 2294 3334 τὴν
2345 3259 2604 3314 δοκοῦσαν
2657 3258 2954 3328 διαφωνίαν
3009 3257 3219 3311 αὐτῶν.
3275 3259 3386 3313 Καὶ
3413 3253 3514 3310 ’ἐπὶ
3563 3253 3714 3313 τούτοις

2199 3354 2326 3416 τοὺς
2357 3351 2454 3422 μὲν
2488 3349 2596 3422 πρὸ
2618 3347 2713 3403 τοῦ
2746 3347 3100 3420 μεσονυκτίου
3133 3347 3370 3412 λύοντας
3397 3348 3488 3418 τὴν
3506 3345 3713 3418 νηστείαν,

2201 3445 2275 3509 ὡς
2297 3440 2591 3514 ὀλιγώρους
2618 3443 2712 3496 καὶ
2735 3443 3012 3515 ἀκρατεῖς,
3045 3441 3209 3513 φησι,
3235 3439 3564 3515 μεμφόμεθα,
3592 3437 3648 3499 ὡς
3668 3433 3714 3488 δι’

2202 3535 2386 3606 ὀλίγην
2411 3532 2559 3606 ὥραν
2604 3533 2694 3588 τὸν
2723 3530 3059 3605 δρόμον’τῆς
3096 3532 3358 3602 νηστείας
3391 3527 3712 3586 καταλύοντας

2203 3625 2328 3692 τοὺς
2357 3625 2413 3679 δέ
2450 3625 2608 3697 μέχρι
2633 3623 2894 3696 τετάρτης
2916 3621 3186 3693 φυλακῆς,
3223 3623 3341 3693 ῆτοι
3370 3620 3550 3692 ὄρθρου
3571 3618 3715 3684 ἐγκαρ-

2203 3719 2494 3792 τεροῦντας
2529 3716 2922 3788 ἀποδεχόμεθα.
2966 3717 3030 3770 El
3068 3716 3126 3769 δέ
3155 3699 3312 3780 τινες
3360 3715 3491 3786 μετά
3524 3712 3574 3766 τὸ
3603 3723 3715 3780 μεσο-

2205 3812 2420 3866 νύκτιον
2466 3809 2864 3874 ἀνεπαύσαντο,
2914 3809 3080 3880 ῆγουν
3121 3807 3233 3880 τὴν
3289 3803 3624 3861 κακοπάθειαν
3647 3796 3713 3865 τὴν

2192 3890 2272 3958 ’ὲκ
2316 3904 2414 3975 τῆς
2455 3903 2710 3974 νηστείας
2753 3901 2994 3954 ἔπαυσαν
3039 3899 3114 3963 ὡς
3154 3899 3516 3971 ἠδυνήθησαν,
3545 3890 3712 3949 τούτοις»

2209 3992 2364 4064 φησὶ,
2397 3993 2470 4064 μὴ
2499 3991 2801 4062 ἐνοχλῶμεν
2835 3990 2977 4061 (ἀντὶ
2999 3988 3116 4052 τοῦ,
3151 3989 3232 4061 μὴ
3261 3991 3344 4044 ὅτι
3376 3989 3476 4050 ἕως
3506 3981 3625 4056 πρωῒ
3649 3977 3715 4030 οὒκ

2208 4085 2581 4157 ἐκαρτέρησαν
2608 4081 2907 4152 αἰτιώμεθα
2933 4081 3170 4150 αὐτοὺς),
3201 4084 3283 4136 ὅτι
3308 4080 3423 4136 οὐδὲ
3446 4077 3536 4140 τὰς
3557 4074 3605 4140 ἐξ
3625 4067 3717 4141 ἡμέο

2211 4193 2310 4248 ρας
2353 4175 2452 4246 τῆς
2481 4172 2576 4226 τοῦ
2626 4171 2829 4238 πάθους
2871 4170 2966 4225 τοῦ
3007 4171 3218 4243 Κυρίου
3260 4168 3538 4241 ἑϐδομάδος
3572 4161 3716 4217 πάντες

2209 4266 2408 4340 ὁμοίως
2438 4265 2718 4319 ἀνύουσιν·
2765 4265 2812 4317 οί
2852 4263 2949 4335 μὲν
2990 4263 3098 4335 γὰρ
3143 4263 3248 4328 τὰς
3281 4264 3458 4324 πάσας
3496 4251 3719 4328 νηστεύου-

2212 4377 2314 4424 σιν,
2348 4360 2395 4411 οἱ
2424 4357 2480 4410 δὲ
2507 4357 2598 4410 δύο
2629 4356 2662 4425 ἧ
2693 4357 2862 4427 τρεῖς,
2904 4355 2954 4408 οἱ
2989 4354 3045 4408 δὲ
3077 4353 3320 4418 πλείους,
3351 4354 3400 4406 οί
3423 4351 3476 4406 δὲ
3503 4343 3716 4415 οὐδεμίαν.

544 4449 662 4505 dies
688 4450 806 4520 ejus
842 4450 1194 4506 hebdomadae
1222 4465 1329 4521 qua
1357 4466 1552 4522 passus
1581 4458 1663 4506 est
1687 4449 1969 4517 Dominus,
1998 4465 2104 4504 non

2213 4449 2336 4512 Τοῖς
2371 4443 2462 4502 οὖν
2490 4449 2582 4500 ἐπὶ
2616 4445 2828 4509 πλείους
2863 4445 3076 4518 ἡμέρας
3110 4444 3437 4516 νηστεύσασι
3468 4443 3552 4495 καὶ
3579 4431 3720 4492 κοπιάο

546 4558 737 4598 omnes
780 4543 972 4598 eodem
1015 4545 1178 4598 modo
1232 4545 1560 4616 transigunt.
1593 4542 1726 4597 Nam
1770 4543 1860 4597 alii
1890 4543 2109 4613 quidem

545 4650 738 4691 omnes
772 4635 1042 4706 jejunant,
1096 4635 1190 4689 alii
1244 4651 1375 4690 vero
1408 4635 1568 4703 duos,
1610 4633 1808 4700 tresvc‘,
1841 4636 1932 4690 alii
1982 4652 2110 4691 vero

547 4727 752 4801 plures,
778 4727 869 4782 alii
896 4742 1059 4797 porro
1085 4742 1151 4781 ne
1199 4742 1366 4781 unum
1393 4726 1633 4797 quidem.
1667 4724 1737 4780 lis
1766 4741 1894 4797 ergo
1921 4725 2014 4796 qui
2046 4726 2113 4780 ad

547 4821 732 4890 plures
758 4821 874 4875 dies
904 4819 1312 4890 jejunaverunt,
1337 4819 1681 4890 ampliusque
1710 4818 2111 4884 laboraverunt,

548 4912 598 4966 si
648 4912 808 4968 citius
850 4912 1027 4966 cibum
1080 4911 1454 4981 degustarint,
1495 4911 1848 4983 ignoscimus.
1909 4909 1966 4964 Si
2020 4909 2115 4980 qui

549 5018 680 5058 vero
701 5019 809 5057 non
835 5002 994 5057 modo
1019 5001 1136 5058 dies
1191 5003 1398 5072 aliquot
1429 5003 1575 5059 haud
1605 5003 1944 5074 jejunarunt,
1980 5003 2112 5073 quin

552 5095 732 5167 potius
768 5095 889 5151 aliis
933 5078 1167 5165 quatuor
1205 5094 1560 5150 hebdomade:
1605 5096 1799 5150 diebus
1832 5095 2115 5148 luxuriose

552 5188 825 5255 vixerunt,
859 5188 913 5242 in
947 5186 1246 5242 Parasceve
1285 5194 1463 5240 autem
1512 5193 1568 5240 et
1625 5185 1860 5240 Sabbato
1903 5199 1934 5239 a
1992 5184 2115 5238 cibo

553 5279 953 5347 abstinuerunt,
996 5295 1061 5334 ac
1087 5293 1343 5349 magnum
1369 5277 1628 5348 quiddam
1666 5277 1846 5332 facere
1885 5290 1944 5332 se
1969 5275 2118 5330 arbi-

558 5381 766 5427 trantur
818 5372 862 5428 si
910 5387 1084 5442 usque
1137 5372 1203 5425 ad
1265 5370 1588 5425 matutinam
1630 5369 1818 5424 horam
1859 5368 1966 5424 diei
2022 5369 2118 5440 qui

553 5465 959 5520 resurrectione
1015 5480 1169 5520 sacer
1222 5473 1326 5532 est,
1369 5463 1543 5535 jejuni
1597 5469 1962 5534 perseverent,
2007 5476 2118 5516 non

557 5558 759 5623 simile,
797 5557 994 5628 inquit,
1039 5568 1317 5615 certamen
1365 5558 1817 5629 perficiuntzhoe
1865 5566 1968 5624 est,
2008 5571 2121 5612 non

560 5647 769 5725 pariter
791 5649 1134 5716 laborarunt,
1161 5651 1228 5707 iis
1256 5649 1351 5722 qui
1383 5665 1442 5706 se
1485 5650 1736 5722 pluribus
1763 5649 1956 5705 diebus
1972 5642 2119 5720 jeju-

2215 4556 2338 4593 σασι
2377 4537 2573 4609 μᾶλλον
2607 4539 2654 4590 εί
2682 4535 2974 4607 ταχύτερον
3007 4534 3293 4604 γεύσονται
3320 4533 3518 4606 τροφῆς
3541 4519 3718 4595 συγγνῶ-

2218 4646 2332 4700 μεν.
2361 4629 2423 4682 El
2465 4627 2521 4680 δέ
2555 4644 2697 4690 τινες
2728 4627 2787 4679 οὐ
2814 4625 2971 4696 μόνον
3003 4626 3091 4694 ἐφ’
3112 4625 3326 4697 ἡμέρας
3353 4624 3498 4686 τινὰς
3528 4619 3614 4672 οὐκ
3635 4610 3719 4680 ὲνῆ·

2216 4739 2465 4786 στευσαν,
2511 4720 2645 4775 ἀλλά
2697 4720 2791 4773 καὶ
2831 4717 3147 4790 ἐτρύφησαν
3199 4718 3300 4782 τάς
3348 4717 3532 4788 ἐτέρας
3573 4710 3719 4763 τέσσα-

2209 4811 2314 4886 ρας
2362 4815 2462 4885 τῆς
2523 4811 2807 4882 ἐῧδομάδος
2878 4810 3092 4882 ἡμέρας
3117 4850 3133 4875 ,
3193 4809 3340 4864 κατά
3395 4809 3449 4862 δὲ
3506 4806 3593 4875 τὴν
3643 4801 3720 4853 lla-

2219 4905 2487 4980 ρασκευὴν
2548 4905 2639 4958 καὶ
2692 4905 2752 4956 τὸ
2801 4902 3075 4957 Σάϐϐατον
3121 4903 3422 4974 ἀπέσχοντο
3483 4896 3720 4970 βρώσεως,

2219 5001 2311 5054 καὶ
2344 4999 2486 5070 μέγα
2513 5017 2564 5051 τι
2596 5001 2767 5051 ποιεῖν
2806 4997 3136 5068 νομίζουσιν,
3167 4998 3212 5049 εί
3246 4995 3406 5068 μέχρι
3438 4991 3625 5064 πρωῖας
3651 4982 3722 5052 τῆς

2217 5093 2586 5163 ἀναστασίμου
2617 5091 2826 5162 ἡμέρας
2851 5091 3349 5163 ἐγκαρτερήσουσιν
3376 5089 3556 5146 ἄσιτοι,
3587 5081 3635 5134 οὗ
3655 5075 3722 5144 τὴν

2217 5186 2406 5258 ὁμοίαν
2435 5184 2657 5256 ἄθλησιν
2685 5181 2989 5235 ποιοῦνται·
3017 5183 3314 5247 τουτέστιν,
3347 5181 3441 5250 ούχ
3466 5173 3640 5249 ὁμοίως
3657 5183 3720 5258 κεῖ

2221 5255 2518 5331 κοπιάκασι
2560 5255 2681 5339 τοῖς
2722 5273 2972 5336 πλειόνας
3011 5273 3229 5346 ἡμέρας
3269 5272 3548 5342 ἀσκήσασι.
3591 5259 3678 5316 Καὶ

2225 5368 2309 5422 πθ¹
2364 5367 2541 5422 κανὼν
2570 5367 2670 5438 τῆς
2715 5366 2767 5432 ς’
2803 5367 3051 5428 συνόδου,
3097 5366 3224 5438 περὶ
3261 5363 3428 5435 μέσας
3459 5359 3633 5416 νύκτας
3654 5361 3720 5401 του

2229 5460 2461 5533 μεγάλου
2508 5457 2783 5512 Σαϐὁάτου
2831 5459 2962 5529 φησὶ
3008 5457 3118 5511 δεῖν
3166 5449 3611 5526 ἀπονηστίζεσθαι,
3651 5439 3722 5533 τᾲς

2226 5528 2388 5616 ἀλλας
2414 5551 2624 5624 ἡμέρας
2665 5549 2764 5620 τῆς
2796 5528 3088 5622 ἑϐδομάδος
3113 5547 3206 5602 τοῦ
3240 5545 3438 5609 πάθους
3467 5546 3519 5596 ἐν
3550 5528 3722 5608 νηστείᾌ

2229 5647 2324 5700 καὶ
2356 5644 2627 5717 προσευχῇ
2659 5642 2752 5696 καὶ
2784 5641 3070 5708 κατανύξει
3101 5640 3397 5708 διάγοντας.

561 5743 657 5804 nio
687 5753 1065 5798 exercuerunt.
1097 5742 1288 5800 Nonus
1313 5760 1530 5816 quoque
1557 5762 1718 5819 supra
1741 5745 2129 5816 octogesimum
2166 5751 2328 5798 seum
2375 5738 2562 5809 synodi
2617 5753 2810 5804 canon,
2849 5720 3059 5791 circiter
3087 5732 3316 5790 mediam
3347 5723 3512 5797 magni
3543 5715 3720 5774 Sabim“
