3966 6206
281 237 416 291 1281

1046 230 1383 286 EPISTULA
1421 229 1767 286 CANONICA
1805 232 1894 286 AD
1928 229 2290 284 BASILIDEM
2330 227 2737 287 EPISCOPUM.

3375 231 3514 286 £382

280 368 520 425 noctem,
542 357 812 429 jejunium
855 355 1174 413 solvendum
1227 357 1446 419 asserit,
1484 357 1725 427 reliquos
1747 356 2094 412 hebdomadas
2119 371 2225 424 qua
2255 355 2506 410 Christus
2527 369 2722 425 passus
2748 361 2830 407 est
2861 352 3000 416 dies,
3025 361 3079 408 et
3103 351 3157 407 in
3199 355 3514 423 precatione

275 464 332 510 et
363 453 547 510 cordis
572 453 986 523 compunctione
1030 460 1368 520 peragentes.

893 547 1131 599 ΚΑΝΩΝ
1152 548 1229 598 εΒ¹.

348 639 490 708 Περὶ
515 637 583 691 δὲ
603 638 721 692 τῶν
743 638 812 692 ἐν
848 639 1202 709 ἀφέδρῳ(65)
1232 638 1548 709 γυναικῶν,
1576 641 1630 693 el
1651 652 1837 708 προσ-

277 729 428 798 ῆκεν
448 731 633 796 αὐτὰς
665 730 815 783 οὕτω
848 729 1214 799 διακειμένας
1251 733 1337 798 είς
1381 732 1489 786 τὸν
1525 727 1693 784 οἷκον
1717 733 1840 784 εισ-

276 824 429 878 ιέναι
471 823 587 892 ¹τοῦ
645 823 816 884 Θεοῦ,
872 823 1147 891 περιττόν
1181 823 1248 877 δὲ
1301 825 1368 877 τὸ
1433 823 1839 878 πυνθάνεσθαι

272 914 504 984 νομίζω.
536 913 686 968 Οὐδὲ
708 913 817 983 γὰρ
842 915 1026 979 αὑτὰς
1055 915 1232 984 οἶμαι,
1262 915 1478 980 πιστὰς
1512 916 1702 981 οὔσας
1739 915 1836 968 καὶ

271 1005 569 1072 εὐλαϐεῖς,
617 1005 941 1075 τολμήσειν
1000 1007 1186 1072 οὕτως
1232 1006 1599 1076 διακειμένας
1623 1048 1637 1069 ,
1687 1007 1724 1076 ἢ
1762 1005 1837 1076 τῇ

270 1097 527 1167 τραπέζῃ
574 1096 650 1166 τῇ
709 1099 848 1166 ἁγίᾳ
897 1099 1272 1166 προσελθεῖν,
1310 1099 1347 1168 ἢ
1407 1100 1510 1165 τοῦ
1570 1099 1838 1169 σώματος

273 1191 374 1244 καὶ
424 1191 528 1245 τοῦ
596 1191 841 1260 αἵματος
902 1193 1007 1245 τοῦ
1077 1192 1337 1260 Χριστοῦ
1385 1192 1832 1260 προσάψασθαι.

278 1282 433 1336 οὐδὲ
461 1282 568 1350 γὰρ
619 1284 656 1349 ὴ
707 1281 819 1350 τὴν
855 1282 1182 1353 δωδεκαετῆ
1206 1285 1391 1352 ρῦσιν
1429 1284 1658 1352 ἔχουσα
1688 1284 1837 1351 πρὸς

271 1376 393 1444 τὴν
444 1377 610 1430 ἴασιν
653 1376 850 1445 ἔθιγεν
883 1377 1088 1431 αὐτοῦ·
1123 1377 1284 1430 ἀλλὰ
1331 1377 1522 1446 μόνου
1551 1377 1655 1429 τοῦ
1694 1393 1834 1444 κρα-

274 1467 526 1522 σπέδου.
587 1469 1032 1536 Προσεύχεσθαι
1079 1467 1196 1537 μὲν
1247 1469 1357 1537 γὰρ
1393 1468 1550 1534 ὅπως
1602 1467 1677 1522 ἂν
1725 1469 1834 1538 ἔχῃ

271 1577 384 1627 τις,
419 1562 514 1614 καὶ
547 1562 626 1626 ὡς
653 1560 728 1614 ἂν
767 1559 1069 1624 διάκειται,
1107 1561 1443 1630 μεμνῆσθαι
1479 1561 1584 1614 τοῦ
1614 1562 1836 1615 Δεσπό-

273 1669 401 1717 του,
437 1651 532 1705 καί
556 1651 784 1705 δεῖσθαι
812 1651 1096 1725 βοηθείας
1135 1649 1358 1719 τυχεῖν,
1415 1649 1833 1719 ἀνεπίφθονον.

273 1746 382 1810 Εἰς
408 1743 476 1797 δὲ
503 1744 575 1798 τὰ
605 1745 776 1814 ’Ἅγια
797 1743 916 1797 τῶν
941 1744 1143 1812 ἁγίων,
1177 1746 1209 1797 ό
1250 1741 1336 1813 μὴ
1363 1742 1556 1812 πάντη
1582 1743 1839 1811 καθαρὸς

273 1837 373 1890 καί
447 1835 619 1906 ψυχῇ
684 1836 781 1890 καὶ
849 1836 1111 1906 σώματι,
1183 1835 1490 1904 προσιέναι
1566 1835 1836 1903 κωλυθή-

272 1945 462 1983 σεται.

343 2021 540 2074 ΒΑΛΣ.
572 2021 637 2073 Αἱ
704 2018 980 2092 Ἐὁραῖδες
1030 2019 1285 2087 γυναῖκες
1310 2018 1437 2070 ὅταν
1491 2015 1714 2088 γένηται
1742 2015 1838 2069 αύ-

271 2114 450 2184 ταῖςὴ
483 2111 591 2166 τῶν
649 2113 906 2183 ἐμμήνων
964 2110 1136 2183 ρὖις,
1173 2113 1228 2163 ὲν
1268 2111 1416 2182 τόπῳ
1474 2109 1837 2180 μεμονωμένῳ

272 2203 598 2275 καθήμεναι,
629 2203 1003 2276 ἡσυχάζουσιν,
1031 2203 1134 2266 ἕως
1167 2203 1233 2256 ἂν
1281 2202 1480 2275 ἡμέραι
1528 2202 1665 2256 ἑπτά
1697 2218 1838 2272 παρ-

282 2296 498 2360 έλθωσι,
541 2297 689 2367 καὶὴ
719 2296 825 2350 τῶν
857 2296 1114 2367 ἐμμήνων
1158 2293 1310 2365 ρὖις
1364 2294 1687 2366 καθαρισθῇο
1716 2293 1838 2348 ὅθεν

271 2387 526 2457 εἴληπται
553 2386 613 2438 τὸ
633 2387 702 2439 ἐν
731 2387 985 2455 ἀφέδρῳ,
1031 2387 1151 2458 ήτοι
1205 2386 1264 2439 τὺ
1310 2385 1636 2458 κεχωρίσθαι
1670 2385 1837 2458 αὐτὰς

271 2478 386 2534 άπδ
409 2479 506 2549 τῆς
535 2477 641 2531 τῶν
665 2477 862 2531 λοιπῶν
890 2479 1069 2550 ἕδρας,
1097 2477 1172 2541 ὡς
1203 2477 1562 2550 ἀκαθάρτους.
1603 2478 1839 2550 Ἐρωτη-

272 2572 389 2636 θεὶς
417 2566 510 2625 οὖν
557 2572 585 2624 ὁ
612 2571 763 2639 ἅγιος
792 2569 916 2642 περὶ
943 2570 1050 2623 τῶν
1081 2569 1287 2623 πιστῶν
1338 2569 1629 2638 γυναικῶν,
1663 2571 1710 2623 εἰ
1732 2569 1837 2641 χρὴ

270 2662 474 2725 ταύτας
501 2663 628 2715 ὅταν
659 2661 760 2714 ὑπὸ
780 2659 886 2715 τῶν
915 2662 1169 2733 ἐμμήνων
1197 2659 1478 2731 ὀχλῶνται,
1507 2660 1728 2714 εἰσιέναι
1759 2661 1840 2723 εἰς

271 2755 585 2826 ἐκκλησίαν,
615 2755 881 2825 ἀπεκρίθη
919 2753 990 2825 μὴ
1017 2755 1126 2807 δεῖν
1152 2752 1308 2806 τοῦτο
1333 2753 1594 2823 γίνεσθαι,
1619 2754 1710 2807 καὶ
1739 2753 1838 2826 τὴν

275 2850 335 2901 ὲν
365 2846 443 2918 τῷ
467 2845 781 2917 Εύαγγελίῳ
839 2845 1234 2916 αἰμορῤοοῦσαν
1275 2848 1592 2918 παρήγαγεν
1624 2849 1702 2910 εἰς
1729 2864 1835 2901 πα.-

275 2937 565 3010 ράδειγμα,
603 2935 676 3006 μὴ
704 2935 1052 3006 τολμήσασαν
1112 2935 1254 3000 θίξαι
1285 2935 1378 2988 τοῦ
1404 2936 1628 3006 Κυρίου,
1660 2935 1772 2990 ἀλλ’
1801 2936 1833 3010 ἢ

275 3028 439 3100 μόνου
465 3027 556 3080 τοῦ
589 3027 892 3098 κρασπέδου
923 3024 1106 3079 αὑτοῦ.
1163 3025 1430 3096 Εῠχεσθαι
1484 3026 1581 3097 μὲν
1608 3027 1714 3099 γὰρ
1745 3027 1838 3080 καὶ

269 3120 367 3174 τοῦ
395 3120 597 3192 Κυρίου
630 3119 959 3190 μεμνῆσθαι,
993 3119 1174 3189 φησὶν,
1204 3119 1309 3172 οὐδ’
1330 3119 1387 3172 ὲν
1415 3118 1638 3190 τοιούτῳ
1664 3118 1839 3191 καιρῷ

270 3213 699 3286 κωλυθήσονταιο
731 3213 810 3276 εἰς
833 3213 957 3266 ναὸν
988 3211 1043 3264 δὲ
1073 3210 1205 3264 Θεοῦ
1229 3211 1452 3264 εἰσιέναι
1492 3210 1524 3281 ἢ
1561 3211 1837 3281 μεταλαμ-

271 3307 457 3360 ὕάνειν
502 3303 671 3368 αὐτὰς
725 3303 832 3356 τῶν
865 3303 1237 3373 ἀγιασμάτων,
1266 3303 1326 3354 οὐ
1389 3302 1484 3355 δεῖ.
1522 3302 1704 3355 Ταῦτα
1738 3302 1832 3356 τοῦ

271 3397 510 3469 μεγάλου
540 3395 836 3468 ἀρχιερέως
859 3394 1254 3466 διορισαμένου,
1297 3392 1565 3463 βλέπομεν
1599 3394 1836 3465 σήμερον

267 3491 351 3553 είς
370 3489 439 3543 τά
461 3491 740 3559 γυναικεῖα
761 3487 853 3540 καλ⁵
878 3485 1072 3558 μᾶλλον
1105 3486 1434 3556 μοναστήρια
1467 3485 1632 3548 ἀδεῶς
1659 3485 1838 3538 τοιαύ-

266 3600 370 3646 τας
398 3581 688 3652 ἱσταμένας
715 3583 975 3648 γυναῖκας
1006 3579 1086 3639 εἰς
1116 3577 1242 3640 τοὺς
1265 3577 1532 3648 προνάους
1558 3578 1836 3641 παντοίαις

267 3674 456 3744 ἁγίαις
482 3674 653 3726 εἰκόσι
691 3668 1252 3741 κεκαλλωπισμένους,
1303 3669 1397 3722 καὶ
1421 3670 1500 3733 είς
1531 3668 1836 3738 δοξολογίαν

265 3767 406 3822 Θεοῦ
434 3767 886 3838 ἀπονεμηθέντας·
923 3765 1016 3818 καὶ
1057 3762 1362 3834 ἐρωτῶντες
1393 3763 1540 3826 ὅπως
1568 3763 1724 3816 τοῦτο
1751 3763 1836 3832 γί-

265 3878 443 3927 νεται,
473 3859 742 3931 ἀκούομεν
795 3857 867 3928 μὴ
911 3855 1288 3927 ἐκκλησιάζειν
1319 3855 1505 3919 αὐτὰς,
1549 3855 1685 3926 ὅπερ
1713 3856 1836 3926 ἐμοὶ

265 3955 410 4017 τέως
437 3954 498 4007 οὐ
523 3954 685 4006 δοκεῖ.
723 3952 796 4005 Οὐ
823 3949 930 4021 γάρ
952 3951 1086 4002 εἰσιν
1137 3949 1186 4002 oi.
1234 3947 1457 4019 πρόναοι
1483 3949 1648 4000 κοινοὶ
1671 3948 1745 4011 ὠς
1767 3947 1835 4001 τὰ

265 4049 377 4102 τῶν
403 4043 702 4114 ἐκκλησιῶν
732 4041 1016 4113 προαύλια,
1049 4039 1184 4094 ἀλλά
1232 4039 1395 4111 μέρος
1433 4039 1611 4093 αὐτῶν
1644 4041 1836 4093 ἀπονε-

269 4139 442 4212 μηθὲν
467 4139 587 4199 ταῖς
616 4134 827 4203 γυναιξὶ
853 4136 982 4196 ,ταῖς
1015 4131 1088 4204 μὴ
1139 4131 1504 4202 κωλυομέναις
1546 4131 1836 4202 ἐκκλησιά-

265 4233 404 4298 ζειν.
443 4232 538 4292 Ὃς
557 4228 620 4299 δὴ
647 4226 898 4298 πρόναος,
919 4225 1080 4287 τόπος
1098 4223 1354 4294 δευτέρας
1385 4223 1498 4275 ἐστὶ
1528 4223 1831 4292 μετανοίας,

275 4323 432 4383 ὁτῶν
484 4319 843 4391 ἀκροωμένων
891 4317 1196 4386 λεγόμενος.
1255 4314 1366 4368 Καὶ
1407 4316 1464 4367 ὲν
1523 4314 1670 4384 αὐτῷ
1715 4306 1835 4366 οὐδὲ

265 4413 524 4483 ἀνδράσιν
574 4411 779 4477 ἐφεῖται
812 4405 1082 4466 ἵστασθαι,
1138 4402 1506 4474 ὲπιτιμηθεῖσι
1532 4403 1606 4473 μὴ
1638 4402 1834 4472 ἐκκλη-

267 4505 502 4568 σιάζειν,
535 4501 668 4555 ἀλλὰ
694 4499 889 4563 ἔξωθεν
915 4496 1078 4550 αὑτοῦ
1114 4494 1480 4566 προσκλαίειν.
1527 4494 1670 4546 Ἔδει
1701 4493 1830 4562 γοῦν

2561 538 2786 598 CANON
2826 539 2890 594 ll.

1951 635 1960 650 ‘
2013 634 2091 688 De
2136 633 2442 688 mulieribus
2485 644 2657 686 autem
2693 647 2810 702 qua:
2851 640 2971 684 sunt
3019 631 3075 684 in
3121 629 3365 684 abscessu
3392 670 3410 695 ,
3443 646 3512 683 an

1941 739 2029 778 eas
2053 725 2130 778 sic
2159 724 2376 791 a/fectas
2406 731 2642 791 oporteat
2672 721 2884 773 domum
2914 718 3008 773 Dei
3051 718 3278 788 ingredi,
3323 734 3509 786 super-

1942 829 2227 868 vacaneum
2261 813 2336 866 vel
2366 815 2691 881 interrogare
2721 811 2990 864 existimo.
3031 808 3210 878 Neque
3251 809 3388 864 enim
3421 826 3510 862 eas

1941 907 2206 969 existimo,
2243 905 2289 958 si
2328 905 2432 958 sint
2463 907 2565 973 pia:
2603 914 2650 958 et
2679 904 2880 973 ﬁdeles,
2908 904 2985 956 sic
3018 903 3258 971 affectas,
3283 919 3508 956 ausurus

1943 996 2019 1050 vel
2054 997 2122 1049 ad
2153 1005 2391 1049 sanctam
2424 1012 2654 1048 mensam
2686 996 2950 1058 accedere,
2983 994 3059 1048 vel
3089 1010 3273 1063 corpus
3306 1005 3355 1048 et
3381 1010 3504 1048 san-

1943 1090 2148 1158 guinem
2172 1087 2382 1140 Domini
2406 1088 2679 1157 attingere.
2708 1087 2881 1156 Neque
2910 1087 3068 1153 enim,
3099 1103 3216 1156 qua:
3237 1086 3508 1139 duodecim

1944 1197 2202 1234 annorum
2250 1182 2455 1248 [luxum
2497 1179 2716 1233 habebat
2753 1180 2818 1245 ³⁵,
2862 1181 3033 1250 ipsum
3081 1180 3150 1232 ad
3197 1179 3511 1232 medicinam

1943 1274 2132 1342 tetigit,
2174 1273 2263 1324 sed
2301 1272 2472 1325 solam
2514 1271 2626 1340 ejus
2666 1272 2952 1340 ﬁmbriam.
2997 1271 3163 1326 Orare
3205 1271 3342 1324 enim
3376 1285 3509 1340 quo-

1942 1364 2299 1434 modocunque
2337 1379 2390 1416 se
2427 1362 2616 1416 habeat
2651 1363 2867 1432 aliquis,
2897 1373 2944 1416 et
2976 1372 3235 1432 utcunque
3267 1362 3340 1414 sit
3379 1360 3513 1429 affe-

1943 1465 2055 1508 ctus
2089 1454 2301 1508 Domini
2333 1455 2646 1519 meminisse,
2684 1463 2744 1506 et.
2765 1455 3029 1507 auxilium
3067 1452 3380 1523 implorare,
3407 1469 3508 1505 non

1941 1557 2020 1602 est
2062 1546 2554 1617 reprehendendum.
2610 1544 2694 1600 Ad
2727 1544 2924 1600 Sancta
2964 1553 3140 1598 autem
3182 1554 3508 1608 sanctorum,

1942 1642 2028 1712 qui
2063 1659 2161 1694 non
2199 1641 2410 1694 omnino
2451 1641 2632 1693 animo
2670 1641 2873 1709 pariter
2898 1650 2946 1693 et
2975 1653 3187 1707 corpore
3215 1653 3377 1707 purus
3405 1645 3506 1703 est,

1943 1734 2182 1789 accedere
2206 1733 2582 1804 prohibebitur.

2008 2008 2166 2064 BALS.
2216 2005 2496 2062 Hebraicaa
2523 2005 2801 2071 mulieres,
2833 2004 3050 2075 quando
3078 2004 3238 2060 fuerit
3265 2004 3345 2060 eis
3380 2018 3509 2074 pro-

1937 2101 2160 2156 ﬂuvium
2227 2109 2604 2162 menstruum,
2671 2097 2728 2152 in
2782 2098 2902 2152 loco
2961 2096 3208 2152 solitario
3259 2096 3508 2152 sedentes

1936 2193 2247 2266 quiescunt,
2281 2193 2455 2246 donec
2476 2199 2679 2260 septem
2714 2189 2830 2244 dies
2859 2189 3240 2258 praeterierint,
3277 2196 3330 2242 et
3356 2203 3508 2242 men-
3559 2241 3576 2263 ,

1937 2297 2211 2343 struorum
2267 2285 2449 2339 ﬂuxus
2503 2291 2834 2353 expurgatus
2881 2281 3108 2336 steterit.
3160 2278 3314 2335 Unde
3357 2295 3509 2335 acce-

1936 2386 2088 2448 ptum
2118 2385 2200 2432 est
2238 2376 2392 2440 illud,
2433 2375 2487 2428 in
2519 2373 2784 2439 abscessu,
2814 2387 2918 2442 pro
2943 2387 3008 2427 eo
3034 2370 3178 2440 quod
3209 2381 3312 2433 est,
3349 2385 3510 2439 sepa-

1935 2478 2082 2523 ratas
2116 2482 2237 2522 esse
2288 2466 2433 2535 ipsas
2466 2465 2510 2519 'a
2541 2463 2875 2534 reliquorum
2925 2460 3053 2516 sede
3086 2468 3144 2514 ut
3174 2460 3504 2516 immundas.

1936 2558 2308 2628 Interrogatus
2341 2570 2470 2626 ergo
2499 2564 2725 2611 sanctus
2756 2553 2822 2608 de
2875 2553 3122 2608 ﬁdelibus
3163 2551 3504 2617 mulieribus,

1938 2666 2006 2706 an
2058 2664 2152 2704 eas
2196 2655 2463 2718 oporteat,
2513 2645 2732 2716 quando
2788 2659 2818 2697 a
2866 2643 3162 2698 menstruis
3215 2650 3504 2708 vexantur,

1935 2741 2220 2797 ecclesiam
2252 2737 2481 2810 ingredi,
2509 2736 2788 2808 respondit
2811 2750 2918 2790 non
2947 2742 3198 2804 Oportere
3225 2735 3330 2789 hoc
3357 2734 3502 2801 ﬁeri;

1935 2841 1990 2887 et
2015 2831 2294 2885 mulierem
2335 2845 2457 2899 quae
2489 2827 2772 2898 sanguinis
2810 2826 3076 2898 proﬂuvio
3123 2825 3178 2879 in
3213 2824 3506 2896 Evangelia

1937 2924 2232 2990 laborabat,
2261 2922 2316 2977 in
2347 2920 2653 2990 exemplum
2683 2919 2931 2985 adduxit,
2966 2933 3074 2973 non
3103 2933 3292 2974 ausam
3322 2916 3505 2972 Domi-

1936 3031 2068 3071 num
2121 3023 2376 3084 tangere,
2423 3013 2517 3067 sed
2571 3010 2744 3066 solam
2789 3010 2963 3080 ipsius
2999 3009 3289 3064 ﬁmbriam.
3338 3007 3508 3064 Orare

1939 3106 2084 3161 enim
2138 3112 2193 3160 et
2238 3103 2454 3158 Domini
2505 3101 2863 3167 meminisse,
2916 3101 3133 3170 inquit,
3179 3116 3247 3155 ne
3299 3101 3356 3154 in
3403 3101 3506 3154 hoc

1938 3199 2154 3269 quidem
2193 3205 2438 3265 tempore
2480 3194 2946 3264 prohibebuntur;
3003 3193 3268 3262 templum
3321 3200 3503 3247 autem

1939 3289 2183 3361 ingredi,
2229 3288 2315 3342 vel
2355 3297 2670 3341 sanctorum
2721 3284 2870 3354 ipsas
2909 3299 3029 3338 esse
3067 3283 3354 3354 participes
3396 3296 3505 3336 non

1938 3381 2209 3439 convenit.
2267 3377 2392 3434 Haec
2438 3392 2562 3432 cum
2615 3375 2840 3430 antistes
2898 3375 3204 3441 deﬁnierit,
3260 3374 3508 3428 videmus

1937 3475 2096 3528 hodie
2134 3475 2187 3527 in
2218 3471 2482 3543 gynaeceis
2509 3478 2560 3524 et
2589 3468 2824 3524 maxime
2872 3469 2926 3522 in
2959 3467 3325 3532 monasteriis,
3369 3467 3506 3522 tales
3605 3513 3616 3530 ,

1936 3563 2190 3618 mulieres
2220 3577 2411 3616 secure
2458 3568 2602 3615 stare
2633 3562 2685 3614 in
2713 3567 3036 3628 templorum
3061 3559 3362 3625 vestibulis,
3385 3573 3507 3628 qua:

1937 3655 2142 3709 sanctis
2175 3653 2354 3707 omnis
2393 3653 2605 3721 generis
2653 3652 2980 3721 imaginibus
3023 3662 3302 3714 exornata,
3343 3657 3398 3703 et
3433 3649 3503 3703 ad

1938 3743 2032 3798 Dei
2077 3743 2290 3797 laudem
2334 3743 2588 3811 deputata
2633 3752 2761 3795 sunt
2799 3758 2811 3792 :
2856 3747 3064 3793 etcum
3102 3739 3505 3809 interrogamus

1935 3834 2207 3906 quomodo
2237 3835 2339 3889 hoc
2369 3833 2481 3900 ﬁat,
2515 3831 2768 3886 audimus
2797 3845 2889 3885 eas
2926 3845 3035 3882 non
3068 3844 3190 3882 esse
3235 3828 3290 3882 in
3331 3828 3507 3882 eccle-

1935 3929 2049 3994 sia,
2081 3927 2222 3998 quod
2264 3926 2395 3980 mihi
2429 3924 2647 3995 quidem
2691 3940 2795 3976 non
2835 3922 2905 3975 ita
2945 3936 3066 3976 esse
3097 3920 3332 3975 videtur.
3387 3919 3503 3975 Non

1940 4023 2069 4082 sunt
2131 4021 2275 4076 enim
2336 4018 2603 4074 vestibula
2662 4013 2971 4082 communia
3028 4021 3089 4066 ut
3150 4012 3503 4067 ecclesiarum

1936 4114 2096 4180 atria,
2141 4111 2232 4167 sed
2263 4126 2390 4182 pars
2423 4101 2555 4164 sunt
2593 4107 2832 4177 ipsarum
2879 4103 3204 4159 mulieribus
3245 4103 3503 4157 attributa

1935 4222 2056 4278 quae
2105 4205 2162 4259 in
2213 4203 2440 4259 ecclesia
2492 4199 2697 4255 versari
2755 4213 2863 4251 non
2911 4196 3288 4266 prohibentur.
3351 4191 3505 4259 Quod

1935 4299 2152 4370 quidem
2183 4295 2514 4351 vestibulum
2553 4301 2636 4347 est
2683 4291 2837 4346 locus
2883 4286 3133 4343 secundae
3179 4283 3506 4354 pmnitcntiae

1934 4388 2028 4460 qui
2060 4387 2261 4442 dicitur
2293 4383 2626 4439 audientium
2659 4389 2750 4435 :et
2781 4380 2835 4433 in
2875 4379 2994 4448 ipso
3036 4391 3103 4430 ne
3125 4375 3256 4429 viris
3285 4373 3502 4444 quidem

1935 4489 2080 4536 stare
2121 4478 2474 4549 permittitur,
2515 4473 2714 4544 quibus
2753 4471 3006 4540 imposita
3041 4476 3123 4523 est
3153 4480 3312 4535 poena
3345 4478 3412 4518 ne
3448 4463 3502 4516 in

262 4597 394 4658 τοὺς
416 4592 687 4654 τοιούτους
708 4589 972 4662 προνάους
993 4589 1072 4650 είς
1097 4585 1190 4648 οὓς
1230 4587 1286 4639 αἱ
1316 4584 1556 4638 τοιαῦται
1597 4583 1834 4656 ἀκάθαρ-

1939 4573 2163 4628 ecclesia
2195 4577 2498 4632 versentur,
2523 4566 2613 4621 sed
2639 4574 2790 4618 extra
2819 4564 2997 4633 ipsum
3042 4559 3257 4614 deﬂere.
3283 4557 3505 4627 Oportet

264 4707 350 4743 τοι
371 4690 627 4757 γυναῖκες
658 4683 878 4756 ἔμελλον
927 4678 1195 4744 ἵστασθαι,
1258 4677 1332 4749 μὴ
1372 4676 1716 4748 ἀναπληροῦν
1745 4676 1834 4730 τό-

265 4797 371 4836 πον
396 4775 696 4850 ὲκκλησιῶν
729 4774 789 4839 ἐξ
816 4772 996 4844 ὀρθοῦ,
1031 4769 1172 4823 ὥστε
1215 4769 1309 4822 καὶ
1345 4769 1506 4840 ἱερεῖς
1555 4767 1692 4838 μετά
1723 4767 1832 4819 τῶν

265 4873 429 4927 θείων
483 4865 860 4940 ἀγιασμάτων
887 4861 1191 4935 διέρχεσθαι
1232 4860 1372 4914 κατὰ
1397 4860 1486 4912 τὸν
1515 4858 1832 4931 χερουὸικὸν

265 4965 298 5018 ὓ
308 4981 458 5036 μνον,
488 4963 582 5017 καὶ
605 4960 803 5031 θυμιᾷν
826 4958 952 5021 τοὺς
979 4959 1037 5010 ὲν
1062 4954 1235 5026 τούτῳ
1289 4952 1418 5016 ἴσως
1439 4952 1598 5015 ὄντας
1629 4951 1833 5020 τάφους

265 5057 364 5112 καὶ
395 5056 600 5126 ἁγίους,
639 5054 731 5107 καὶ
761 5048 1015 5112 τελευτὰς
1041 5047 1212 5117 ἀγιῶν
1249 5045 1420 5117 εὐχῶν
1449 5047 1638 5098 ποιεῖν·
1670 5044 1704 5115 ἢ
1733 5043 1832 5098 κᾶν

344 5194 388 5226 ³⁸
426 5191 615 5247 Matth.
644 5205 720 5258 ιι,
741 5188 848 5255 20;
876 5186 1009 5243 Luc.
1045 5201 1166 5252 vm,
1193 5183 1284 5239 4'5.
1324 5202 1330 5208 ·

342 5326 454 5399 (65)
491 5325 638 5399 Περί
661 5322 728 5376 δὲ
755 5320 872 5375 τῶν
901 5321 970 5374 ἐν
999 5318 1250 5399 ἀφέδρῳ.
1281 5312 1830 5399 Constaptinus‘llar-

267 5385 596 5467 meliopulus
629 5397 771 5467 hunc
797 5385 1167 5467 canoncmsic
1189 5387 1607 5467 compendit'acit
1630 5404 1643 5439 :
1670 5387 1732 5467 ᾼὶ
1766 5385 1824 5467 έν

265 5453 482 5540 άιρῂέδρῷ
521 5469 612 5540 καὶ
646 5463 802 5516 θείων
826 5463 965 5515 ναῶν
999 5460 1092 5514 καὶ
1119 5461 1277 5529 ἱερῶν
1312 5453 1620 5540 μυστηρίῳν
1645 5453 1823 5540 εξργέ-

268 5525 498 5596 σθωέαν.
529 5535 659 5601 Quae
689 5537 741 5587 in
771 5549 970 5586 secessu
1000 5540 1142 5592 sunt,
1170 5525 1287 5601 tam
1314 5525 1354 5582 ἰι
1389 5525 1580 5582 divinis
1619 5525 1821 5601 templis

264 5627 424 5677 quam
446 5599 618 5677 sacris
641 5604 898 5675 mysteriis
920 5609 1220 5677 arceantur.
1240 5599 1324 5677 __ln
1351 5615 1514 5677 quam
1549 5599 1821 5677 epitomen

269 5668 584 5741 scholiastes
609 5668 722 5730 hinc
749 5682 898 5728 notat
928 5690 940 5727 :
969 5673 1033 5724 Al
1060 5672 1119 5725 ὲν
1149 5668 1364 5743 ἀφέδρῳ
1387 5671 1551 5741 ἤγουν
1575 5669 1631 5721 ὲν
1663 5682 1822 5720 κατα-

1935 4675 2063 4729 ergo
2110 4657 2378 4728 ejusmodi
2429 4655 2693 4710 vestibula
2744 4653 2797 4706 in
2847 4651 3046 4722 quibus
3089 4651 3308 4704 stabunt
3357 4648 3504 4716 ejus-

1935 4752 2083 4807 modi
2121 4749 2415 4804 immunda:
2443 4747 2721 4810 mulieres,
2756 4742 3112 4799 ecclesiarum
3149 4741 3325 4794 locum
3361 4737 3505 4791 dire-

1935 4853 2023 4900 cto
2058 4859 2165 4898 non
2206 4843 2452 4912 implere,
2493 4848 2554 4893 ut
2591 4836 2755 4893 etiam
2800 4837 3106 4890 sacerdotes
3146 4847 3266 4884 cum
3301 4827 3503 4881 divinis

1938 4935 2294 4993 sacramentis
2335 4934 2390 4987 in
2425 4929 2718 4987 cherubico
2752 4927 2954 4998 hymno
3002 4930 3297 4986 transeant,
3330 4927 3382 4973 et
3416 4933 3502 4972 se-

1938 5027 2127 5100 pulcra
2171 5041 2292 5098 quae
2335 5024 2446 5080 illic
2490 5022 2626 5078 forte
2655 5028 2814 5087 sunt,
2846 5018 3061 5074 suﬂiant
3094 5024 3146 5070 et
3181 5021 3417 5075 sanctos,
3449 5020 3501 5064 et

1943 5307 2149 5380 μηνίοις
2167 5304 2288 5380 ..διὰ
2309 5303 2370 5380 τί)
2396 5299 2814 5380 κεχωρισμένως
2835 5297 3033 5380 ταύτας
3061 5292 3210 5380 παρὰ
3235 5289 3502 5380 Ἰουδαίων

1938 5367 2276 5440 καθέζεσθαι.
2325 5367 2760 5439 ριιιιι’ἷιιέεεεδειι
2796 5367 3067 5440 snnt,hoc
3089 5375 3187 5426 est,
3213 5378 3328 5440 qua,
3360 5377 3501 5440 men:

1927 5465 2007 5502 ses
2042 5432 2163 5500 suos
2204 5432 2390 5498 habent
2418 5458 2436 5495 .'
2459 5451 2732 5512 propterea
2767 5438 3018 5512 quoduhq:
3049 5435 3328 5501 separatim
3359 5432 3498 5512 apud

1927 5518 2144 5571 Judtt’os
2201 5505 2474 5588 degebant;
2521 5505 2854 5579 Harmendp.
2904 5506 3045 5577 Epit.
3088 5522 3235 5572 can.,
3270 5511 3402 5560 sect.
3443 5505 3494 5556 ti.

1927 5589 2094 5644 GALL.
