3930 6864
493 263 634 321 1285

1479 271 1536 328 S.
1575 270 1869 331 DlONYSll
1907 273 2213 334 EPISCOPI
2249 278 2717 341 ALEXANDRINI

3590 286 3730 342 ιεει

489 393 768 437 sacrarum
794 393 1012 449 precum
1033 380 1577 457 mysteria'péragant
1590 404 1610 453 ;
1639 391 1721 444 vel
1751 390 1915 446 etiam
1933 407 2040 447 cun

2163 395 2302 466 μετά
2332 398 2692 472 ὲπισκοπικῆς
2718 400 3020 472 ἐπιτροπῆς
3059 402 3184 466 τοὺς
3230 400 3503 466 τοιούτους
3532 405 3733 468 τόπους

488 471 783 543 episc0pali
813 472 1177 542 permissione
1208 474 1474 545 ejusmodi
1519 481 1636 534 loca
1675 497 1961 550 separare,
2000 494 2061 539 ut

488 565 782 621 immundae
811 566 1066 622 mulieres
1093 568 1146 621 in
1172 569 1252 624 eis
1283 569 1403 624 sine
1424 572 1736 641 prmjudicio
1759 586 1903 629 stare
1934 591 2061 645 pos-

486 659 618 713 sint.
665 656 774 727 Ego
805 666 986 713 autem
1023 659 1137 713 vidi
1163 660 1326 715 etiam
1369 662 1638 730 ejusmodi
1682 666 1960 721 mulierem
2002 661 2074 722 it!

484 750 754 804 vestibulo
794 758 1025 804 stantem
1044 792 1060 816 ,
1086 759 1142 805 et
1178 752 1356 807 arrha:
1382 753 1686 808 orationem
1714 757 1784 810 ab
1812 757 2059 813 antistite

483 842 840 912 accipientem
885 844 1070 913 :quod
1123 844 1341 913 quidem
1383 860 1503 901 sum
1548 847 1869 903 admiratus.
1914 848 2055 905 Olim

481 943 685 1000 autem,
721 942 780 987 ut
831 944 914 989 est
957 935 1271 1000 verisimile,
1301 937 1556 993 mulieres
1594 939 1662 993 ad
1694 940 1863 995 altare
1898 957 2056 996 acce-

482 1029 714 1094 debant,
759 1036 814 1082 et
853 1028 919 1082 de
966 1037 1153 1083 sancta
1205 1044 1392 1084 mensa
1450 1030 1866 1101 participabant.
1923 1031 2056 1087 Pro-

482 1131 664 1190 pterea
697 1121 842 1174 enim
888 1120 1077 1174 altaris
1102 1136 1319 1191 quoque
1365 1137 1541 1176 canon
1595 1123 1863 1177 meminit.
1918 1123 2057 1195 Lege

481 1211 552 1265 ιι
580 1226 844 1266 canouem
900 1212 1093 1282 synodi
1152 1210 1501 1277 Laodiceme,
1534 1227 1589 1267 et
1632 1213 1702 1269 69
1742 1231 1794 1269 γι
1839 1215 2054 1285 synodi.

484 1303 746 1359 Similiter
794 1303 912 1373 lege
955 1312 1010 1358 ct
1038 1304 1101 1357 Π
1131 1306 1396 1360 novellam
1448 1307 1593 1377 regis
1625 1307 1832 1360 domini
1858 1304 2056 1360 Leonis

483 1396 756 1466 Sapientis
801 1398 915 1452 bazc
957 1398 1009 1452 in
1047 1408 1198 1467 parte
1247 1407 1567 1453 tractantem
1599 1414 1612 1450 :
1651 1397 1951 1452 Statuimus
1987 1398 2057 1453 de

480 1490 801 1545 mulieribus
841 1506 963 1560 qua:
993 1480 1337 1559 pepererunt,
1366 1500 1419 1545 et
1458 1491 1525 1544 de
1560 1491 1628 1545 iis
1660 1506 1781 1560 qua:
1821 1490 2051 1544 naturali

480 1582 802 1653 purgatione
827 1582 1156 1648 detinentur,
1184 1582 1453 1652 siquidem
1483 1598 1669 1636 earum
1698 1582 1804 1636 vita
1840 1598 1870 1635 a
1901 1582 2051 1636 nulla

2160 488 2533 559 ἀφορίζεσθαι,
2563 492 2701 546 ὥστε
2742 494 3219 566 ἀποκριματίστως
3243 494 3497 549 ἵστασθαι
3525 497 3585 548 ὲν
3634 497 3735 549 ac).

2158 581 2269 643 τοῖς
2295 578 2394 644 τὰς
2424 582 2764 655 ἀκαθάρτους
2816 589 3098 654 γυναῖκας.
3155 584 3294 654 Ἐγὼ
3351 585 3410 639 δὲ
3463 582 3606 640 εἶδον
3637 591 3729 645 καὶ

2157 670 2412 743 τοιαύτην
2437 676 2672 742 γυναῖκα
2724 677 2817 729 ἐπὶ
2861 676 3098 747 προνάου
3140 675 3408 741 ἑστῶσαν,
3443 677 3540 730 καὶ
3564 678 3730 747 εὐχὴν

2157 761 2474 832 ἀρραδῶνος
2520 766 2670 837 παρά
2716 766 3015 838 ἀρχιερέως
3076 767 3391 838 δεξαμένην·
3442 770 3583 841 ὅπερ
3638 771 3730 824 καὶ

2158 852 2462 924 ἐθαύμασα.
2535 856 2623 921 Ὡς
2649 857 2794 911 ἔοικε
2818 859 2896 924 δὲ,
2927 858 2990 911 τὸ
3026 860 3254 913 παλαιὸν
3282 862 3608 932 είσήρχοντο
3637 879 3728 930 γυ-

2156 948 2339 1008 ναῖκες
2366 948 2445 1008 είς
2465 947 2526 999 τὸ
2573 948 2972 1022 θυσιαστήριον,
3024 952 3118 1005 καὶ
3149 952 3256 1005 ἀπὸ
3284 953 3378 1022 τῆς
3404 954 3570 1021 ἀγίας
3601 971 3731 1023 τρα-

2157 1033 2328 1105 πέζης
2361 1037 2781 1107 μετελάμϐανον.
2815 1039 2911 1093 Διά
2957 1040 3113 1093 τοῦτο
3139 1040 3245 1112 γάρ
3277 1042 3368 1094 καὶ
3415 1042 3509 1095 τοῦ
3539 1042 3730 1098 θυσια-

2158 1120 2378 1190 στηρίου
2408 1122 2678 1196 μέμνηται
2710 1127 2737 1178 ό
2781 1125 2979 1181 κανών.
3033 1129 3142 1182 Καὶ
3199 1130 3471 1197 ἀνάγνωθι
3502 1132 3601 1186 τὸν
3646 1134 3727 1203 μδ⁴

2155 1211 2353 1264 κανόνα
2377 1212 2476 1283 τῆς
2528 1216 2585 1267 ὲν
2612 1216 2894 1288 Λαοδικείᾳ
2929 1219 3165 1283 συνόδου,
3210 1221 3304 1274 καὶ
3353 1221 3444 1274 τὸν
3495 1221 3576 1286 ξθ¹
3630 1222 3729 1293 τῆς

2157 1307 2209 1364 ς’
2261 1304 2497 1358 συνόδου.
2545 1306 2817 1372 Ὡσαύτως
2849 1309 3119 1377 ἀνάγνωθι
3145 1312 3237 1364 καὶ
3286 1312 3385 1383 τὴν
3413 1312 3475 1378 ιε’
3527 1318 3729 1385 νεαρὰν

2155 1391 2249 1444 τοῦ
2266 1391 2532 1462 βασιλέως
2560 1398 2752 1468 κυρίου
2781 1398 3007 1463 Λέοντος
3023 1399 3115 1453 τοῦ
3140 1401 3453 1471 Φιλοσόφου,
3484 1406 3550 1458 ὲν
3573 1405 3727 1476 μέρει

2153 1483 2321 1537 ταῦτα
2352 1486 2836 1559 διαλαμϐάνουσαν·
2855 1493 3136 1565 Ὀρίζομεν
3159 1496 3286 1568 περὶ
3317 1497 3604 1551 τεκουσῶν
3628 1517 3725 1567 γυ-

2151 1577 2351 1630 ναικῶν
2373 1582 2466 1633 καὶ
2493 1583 2621 1653 περὶ
2650 1582 2758 1637 τῶν
2804 1584 2924 1638 ὅσαι
2952 1588 3019 1657 τῇ
3072 1590 3272 1658 φυσικῇ
3328 1588 3603 1661 καθάρσει
3633 1609 3728 1644 xa-

480 1675 585 1729 alia
627 1674 881 1729 morbosa
930 1673 1216 1729 all'ectione
1262 1673 1631 1744 perturbatur,
1670 1683 1729 1727 ut
1772 1688 1892 1743 qua:
1937 1689 2040 1727 non

2150 1667 2601 1740 ταλαμῶνονται,
2645 1675 2995 1748 ἀνενοχλήτου
3034 1678 3131 1749 μὲν
3162 1677 3221 1743 ἐξ
3243 1678 3409 1751 ἄλλης
3442 1681 3598 1745 τινὸς
3618 1682 3730 1735 6.1-

479 1778 607 1823 sunt
631 1768 849 1840 quidem
883 1767 1126 1831 initiata},
1159 1737 1278 1820 non-
1299 1765 1408 1821 sint
1432 1737 1845 1819 illumination'is
1873 1765 2040 1835 parti-

2152 1737 2353 1825 θέσεως
2384 1766 2611 1836 νοσερᾶς
2638 1766 2735 1837 τῆς
2765 1737 3121 1836 ζωῆςάὑτῶν
3158 1737 3540 1842 συντελούσης,
3567 1737 3729 1842 ἀμετ-

476 1862 657 1930 cipes;
698 1876 821 1930 qua:
863 1868 1042 1915 autem
1084 1866 1214 1913 sunt
1249 1859 1303 1912 in
1345 1858 1543 1913 divinis
1581 1858 1899 1913 ministeriis
1940 1857 2045 1911 ini-

480 1953 643 2018 tiatae,
687 1952 966 2022 impolluta
1017 1951 1270 2022 mysteria
1318 1966 1426 2005 non
1472 1950 1829 2020 participent,
1876 1964 2048 2019 usque

476 2043 542 2097 ad
572 2043 928 2113 quadraginta
959 2043 1170 2097 dierum
1202 2040 1516 2096 terminum.
1562 2039 1718 2106 Quod
1749 2039 1795 2094 si
1822 2039 2048 2093 morbus

476 2134 755 2198 invaserit,
787 2144 842 2189 et
870 2151 928 2190 se
961 2136 1125 2189 vitam
1158 2135 1516 2203 abrupturum
1550 2133 1810 2194 minetur,
1842 2142 1902 2185 ut
1932 2132 2045 2186 sint

474 2226 701 2280 omnino
754 2227 1077 2281 sacramenti
1136 2225 1445 2296 participes.
1506 2221 1570 2277 Et
1612 2231 1735 2291 post
1762 2222 2043 2289 nonnulla,

475 2317 592 2385 ipsa
623 2332 816 2372 rursus
853 2317 1007 2386 jubet
1046 2318 1113 2371 de
1144 2316 1444 2371 infantibus
1485 2316 1715 2380 novella,
1765 2324 1823 2369 ut
1856 2316 2045 2371 morbo

471 2409 693 2481 quidem
738 2425 845 2463 non
880 2418 1105 2480 urgente
1152 2409 1189 2463 ii
1228 2417 1352 2480 post
1386 2418 1635 2462 octavum
1677 2406 1822 2462 diem
1869 2392 2055 2477 bapti-t

473 2513 666 2560 tentur
713 2520 727 2557 :
773 2504 918 2574 quod
967 2503 1014 2559 si
1064 2516 1211 2557 mors
1258 2500 1577 2565 immineat,
1630 2498 1669 2553 ii
1709 2499 1869 2554 etiam
1921 2508 2046 2554 ante

470 2606 722 2653 octavum
769 2596 1129 2667 baptizentur.
1189 2592 1293 2648 Sed
1346 2592 1472 2662 quia
1518 2590 1702 2645 audivi
1753 2592 2043 2661 quemdam

471 2690 739 2744 dicentem
770 2702 878 2741 non
922 2686 1119 2741 debere
1149 2694 1460 2755 segregatos
1506 2682 1675 2738 laicos
1702 2691 1856 2738 extra
1883 2682 2047 2737 vesti-

471 2778 658 2833 bulum
686 2786 892 2833 stautes
917 2777 1127 2831 divinas
1152 2775 1486 2846 psalmodias
1508 2774 1716 2839 audire,
1749 2775 1841 2830 sed
1870 2790 2045 2844 neque

470 2871 732 2942 psallere;
759 2871 809 2925 ei
846 2868 1168 2939 respondeo,
1194 2867 1339 2937 quod
1374 2885 1386 2921 :
1415 2864 1548 2932 Quae
1579 2867 1633 2920 in
1670 2867 1923 2936 praesenti
1953 2880 2045 2921 ca-

472 2979 614 3019 none
656 2964 856 3034 scripta
895 2971 1041 3027 sunt,
1072 2961 1190 3024 tibi,
1229 2975 1261 3013 o
1294 2959 1456 3014 homo
1516 2959 1610 3029 qui
1640 2959 1754 3013 haec
1781 2956 1942 3025 dicis,
1977 2973 2041 3013 0s

2147 1850 2304 1918 όχους
2348 1849 2482 1909 εἶναι
2509 1872 2523 1885 ·
2554 1856 2651 1918 τάς
2679 1856 2777 1927 μὲν
2806 1858 3140 1925 ἀτελέστους,
3173 1859 3265 1913 τοῦ
3294 1862 3605 1933 φωτισμοῦο
3632 1865 3727 1931 τὰς

2146 1947 2201 2000 δὲ
2237 1947 2838 2018 μεμυσταγωγημένας,
2892 1948 3000 2002 τῶν
3058 1950 3340 2022 ἀχράντων
3402 1956 3727 2026 μυστηρίων

2146 2038 2246 2108 τῆς
2281 2038 2652 2109 μεταλήψεωςν
2709 2039 2871 2112 μέχρι
2902 2040 3005 2111 τῆς
3054 2042 3164 2096 τῶν
3214 2050 3267 2115 μ’
3317 2044 3547 2117 ἡμερῶν
3600 2065 3727 2119 πρ)-

2147 2128 2407 2201 θεσμίας·
2452 2132 2755 2201 νοσήματος
2802 2132 2861 2185 δέ
2910 2149 3053 2198 τινος
3109 2136 3469 2206 κατασχόντος
3503 2139 3605 2192 καὶ
3629 2140 3725 2209 τὴν

2145 2221 2407 2293 διακοπὴν
2437 2222 2536 2292 τῆς
2569 2219 2711 2294 ζωῆς
2736 2222 3105 2289 ἀπειλοῦντος,
3155 2228 3315 2282 παντὶ
3337 2229 3529 2300 τρόπῳ
3559 2248 3725 2300 μετα-

2145 2310 2441 2382 λαμϐάνειν
2465 2311 2633 2376 αύτάς
2652 2312 2746 2366 τοῦ
2782 2314 3136 2385 ἀγιάσματος.
3169 2319 3278 2371 Καὶ
3302 2320 3441 2389 μετά
3460 2337 3589 2373 τινα
3617 2323 3722 2375 πά-

2144 2403 2226 2457 λιν
2253 2404 2683 2483 παρακελεύεται
2715 2408 2749 2478 ή
2770 2406 2908 2478 αὑτὴ
2930 2408 3098 2479 νεαρά
3127 2410 3254 2481 περὶ
3281 2410 3526 2482 βρεφῶν,
3559 2416 3722 2483 νοσήο

2147 2479 2315 2564 ματος
2350 2494 2447 2566 μὲν
2472 2495 2545 2565 μὴ
2581 2495 3018 2563 κατεπείγοντος,
3047 2495 3184 2567 μετά
3202 2479 3331 2568 τὴν
3356 2498 3555 2570 ὀγδόην
3578 2479 3721 2571 ήμέο

2149 2601 2247 2657 ραν
2276 2585 2449 2640 ταῦτα
2479 2584 2853 2656 βαπτίζεσθαι*
2891 2586 3117 2641 θανάτου
3144 2587 3201 2641 δὲ
3218 2590 3609 2661 ἐφισταμένου.
3628 2594 3723 2645 καὶ

2143 2677 2243 2747 τῆς
2272 2677 2463 2748 ὀγδόης
2494 2678 2709 2749 ἡμέρας
2751 2679 2898 2743 ἐντὸς
2947 2679 3085 2733 αύτά
3131 2679 3508 2750 βαπτίζεσθαι.
3569 2684 3723 2736 Ἐπεὶ

2140 2768 2199 2823 δὲ
2237 2769 2445 2839 ἥκουσά
2476 2786 2617 2832 τινος
2645 2768 2890 2838 λέγοντος
2921 2770 2997 2833 ὡς
3039 2773 3137 2825 οὐκ
3168 2772 3472 2842 ὀφείλουσιν
3494 2777 3546 2829 οἱ
3570 2776 3721 2844 datu)-

2145 2861 2387 2934 ρισμένοι
2414 2860 2590 2914 λαῐκοὶ
2621 2860 2653 2932 ἢ
2683 2860 2991 2932 ἀκροᾶσθαι
3045 2861 3202 2916 θείων
3234 2863 3717 2936 ψαλμωδημάτων.

2142 2952 2340 3025 ἔξωθεν
2385 2952 2479 3006 τοῦ
2508 2951 2741 3024 προνάου
2792 2953 3100 3024 ἱστάμενοι,
3148 2953 3262 3008 ἀλλ’
3304 2954 3426 3008 οὐδὲ
3464 2956 3714 3026 ψάλλειν·

468 3056 783 3113 occludunt.
832 3051 1304 3122 Quemadmodum
1352 3052 1496 3105 enim
1542 3064 1665 3120 qum
1711 3050 1765 3103 in
1808 3048 2037 3104 ecclesia

2144 3045 2512 3118 ἀπολογοῦμαι
2545 3045 2682 3118 πρὸς
2722 3045 2883 3100 αὑτὸν
2912 3046 3015 3099 ὅτι·
3047 3047 3129 3100 Τὰ
3160 3050 3217 3101 ὲν
3254 3047 3331 3119 τῷ
3358 3050 3587 3121 παρόντι
3618 3068 3718 3103 κι-

469 3148 675 3205 versari
710 3163 819 3203 non
847 3148 1099 3202 sinuntur
1131 3142 1404 3207 mulieres,
1429 3156 1587 3196 orare
1614 3156 1722 3195 non
1755 3149 2033 3205 vetantur;

467 3240 547 3296 ita
584 3254 684 3294 nec
720 3239 813 3309 qui
855 3246 983 3292 sunt
1030 3235 1314 3306 segregati,
1351 3249 1447 3303 per
1486 3246 1546 3288 se
1590 3247 1747 3286 orare
1781 3232 2035 3302 prohibe-

468 3331 705 3397 buntur;
765 3328 857 3384 sed
900 3336 955 3381 et
996 3335 1147 3381 extra
1193 3324 1438 3380 ecclesiae
1485 3320 1816 3379 vestibulum
1867 3330 2033 3385 stare,

464 3430 521 3477 et
558 3419 770 3476 divinas
818 3417 1143 3485 psalmodias
1196 3415 1416 3480 audire;
1454 3424 1513 3469 et
1555 3413 1660 3467 hoc.
1697 3412 1841 3467 enim
1883 3412 1942 3465 tit
1968 3410 2037 3465 ad

467 3512 730 3583 majorem
759 3524 946 3565 eorum
972 3507 1439 3564 exercitationem.

2138 3138 2250 3192 νὸνι
2276 3138 2633 3209 γεγραμμένα
2683 3138 3091 3210 ὲπιστομίζουσί
3134 3157 3214 3204 σε,
3263 3141 3545 3213 ἄνθρωπε,
3599 3159 3715 3195 τοι-

2138 3226 2281 3282 αῦτα
2329 3228 2575 3298 λέγοντα.
2610 3230 2819 3302 Ὠσπερ
2849 3229 2959 3301 γὰρ
2990 3231 3047 3283 αἱ
3079 3231 3153 3302 μὴ
3215 3231 3716 3304 παραχωρούμεναι

2138 3318 2517 3390 ἐκκλησιάζειν
2544 3324 2798 3389 γυναῖκες
2831 3322 3222 3394 προσεύχεσθαι
3275 3323 3335 3376 οὐ
3390 3322 3715 3391 κωλύονται,

2137 3408 2308 3474 οὕτως
2337 3409 2458 3463 οὐδὲ
2497 3410 2548 3462 οἱ
2574 3411 2946 3483 ἀφωρισμένοι
2995 3394 3397 3485 κωλυθήσονται
3434 3413 3559 3467 καθ’
3584 3417 3715 3468 ἑαυ-

2136 3500 2263 3565 τοὺς
2297 3499 2575 3571 εὔχεσθαι·
2610 3502 2860 3556 ἵστασθαι
2887 3502 2943 3558 δὲ
2982 3505 3075 3557 καὶ
3119 3503 3316 3569 ἔξωθεν
3344 3503 3437 3557 τοῦ
3472 3507 3713 3578 προνάου

964 3604 1060 3659 καὶ
1091 3601 1394 3677 ἀκροᾶσθαι
1437 3599 1545 3655 τῶν
1599 3600 1760 3655 θείων
1809 3563 2279 3671 ψαλμωδημάτων.
2344 3563 2487 3651 διότι
2535 3597 2692 3652 τοῦτο
2736 3598 2872 3671 πρὸς
2916 3599 3135 3655 πλείονα
3160 3563 3483 3672 ⁷συντριὸὴν
3517 3563 3712 3656 ἀὐτῶν

467 3701 637 3756 ἐστίν.

536 3821 738 3877 Ζοιυιι.
810 3819 1162 3877 Hebraeorum
1240 3821 1497 3878 mulieres
1559 3837 1682 3878 cum
1752 3819 2035 3893 sanguinis

465 3908 726 3970 menstrui
750 3907 929 3965 ﬂuxus
960 3909 1094 3979 ipsis
1116 3911 1402 3983 contingit,
1432 3910 1485 3967 in
1516 3911 1763 3967 solitario
1788 3912 2035 3967 sedentes

465 4000 609 4065 loco,
647 4001 919 4056 neminem
960 4002 1066 4057 nisi
1106 4012 1227 4072 post
1262 4012 1467 4073 septem
1508 4003 1723 4073 elapsos
1755 4004 1871 4059 dies
1901 4003 2034 4057 allo-

462 4102 706 4162 quuntur
744 4111 756 4147 :
798 4094 939 4148 unde
972 4094 1195 4148 verbum
1239 4094 1393 4158 illud,
1433 4094 1488 4147 in
1518 4093 1782 4160 abscessu,
1814 4094 2032 4149 desum-

463 4193 613 4253 ptum
652 4191 755 4248 est,
788 4183 1035 4240 indicans
1062 4200 1156 4239 eas
1188 4185 1256 4239 ab
1288 4185 1517 4239 aliarum
1562 4200 1848 4250 consessu,
1884 4185 2029 4240 velut

462 4278 706 4349 impuras
738 4277 908 4334 fuisse
938 4288 1265 4349 segregatas.
1300 4276 1543 4349 Rogatus
1569 4293 1730 4348 porro
1755 4278 1842 4333 hic
1869 4276 2028 4333 Pater

461 4370 531 4427 de
565 4371 812 4426 ﬁdelibus
853 4372 1210 4440 mulieribus,
1245 4386 1375 4426 num
1414 4386 1509 4426 eas
1548 4387 1670 4425 cum
1714 4380 2027 4425 menstruo-

2206 3815 2449 3872 ΖΩΝΔΡ.
2511 3816 2790 3889 Ἐϐραΐδες
2822 3821 3077 3887 γυναῖκες
3121 3820 3211 3873 ὅτε
3261 3819 3488 3891 γένηται
3515 3821 3715 3885 αὐταῖς

2132 3909 2167 3981 ή
2199 3907 2307 3962 τῶν
2334 3909 2596 3980 ἐμμήνων
2628 3908 2803 3981 ῥῦσις,
2852 3912 2911 3963 ὲν
2956 3910 3106 3981 τόπῳ
3140 3912 3509 3983 μεμονωμένῳ
3536 3912 3717 3984 καθή-

2134 4017 2314 4072 μεναι,
2341 4001 2725 4072 ἡσυχάζουσιν,
2753 4000 2860 4065 ἕως
2889 4001 2956 4055 ἂν
3003 4002 3142 4055 ἑπτὰ
3169 4002 3371 4073 ἡμέραι
3418 4003 3711 4075 παρέλθω-

2132 4109 2235 4147 σιν⁸
2270 4092 2391 4146 ὅθεν
2416 4091 2666 4163 εἴληπται
2698 4092 2761 4145 τὸ
2786 4094 2857 4147 ἐν
2887 4093 3142 4163 ἀφέδρῳ,
3200 4093 3392 4165 δηλοῦν
3424 4094 3488 4147 τὺ
3529 4113 3716 4167 κεχω-

2137 4184 2315 4257 ρίσθαι
2347 4183 2519 4247 αὐτὰς
2560 4185 2668 4239 ἀπὸ
2726 4185 2828 4255 τῆς
2877 4186 2983 4240 τῶν
3031 4185 3230 4240 λοιπῶν
3257 4186 3416 4258 ἕδρας
3447 4187 3529 4251 ὡς
3562 4190 3713 4243 ἀκα-

2133 4274 2378 4358 θάρτους.
2424 4274 2749 4348 Ἐρωτηθεὶς
2798 4277 2856 4330 δὲ
2888 4279 2918 4331 ό
2967 4277 3158 4349 Πατὴρ
3209 4271 3363 4342 οὗτος
3415 4279 3546 4350 περὶ
3597 4281 3713 4334 τῶν

2133 4367 2336 4422 πιστῶν
2363 4368 2655 4436 γυναικῶν,
2689 4370 2737 4421 εί
2761 4368 2864 4440 χρὴ
2896 4371 3096 4435 ταύτας
3125 4372 3212 4425 ὅτε
3228 4363 3271 4443 ’ή
3298 4371 3406 4425 τῶν
3436 4374 3715 4445 ἐμμήνων

461 4477 583 4516 rum
613 4460 757 4516 lluxu
789 4460 1134 4529 divexantur,
1179 4462 1234 4517 in
1276 4462 1561 4517 ecclesiam
1610 4461 1818 4532 ingredi
1863 4476 2026 4531 opor-

2144 4458 2282 4524 Βῦσις
2315 4460 2504 4523 αὑταῖς
2536 4460 2759 4531 ἐνοχλεῖ,
2812 4462 3033 4516 είσιὲναι
3087 4466 3168 4528 είς
3210 4440 3531 4537 ἐκκλησίαν,
3566 4440 3713 4521 ἀπε-

462 4561 592 4618 teat,
633 4554 775 4608 haud
811 4562 1063 4623 oportere
1097 4554 1395 4623 respondit,
1438 4552 1748 4623 profertque
1794 4550 2026 4620 exempli

460 4644 583 4701 loco
629 4645 774 4700 illam
820 4662 887 4700 ex
927 4643 1218 4717 Evangelia
1268 4646 1553 4701 mulierem
1585 4659 1705 4716 qua:
1744 4643 2026 4714 sanguinis

458 4736 663 4794 ﬂuxum
708 4736 1032 4809 patiebatur,
1089 4753 1211 4808 qua
1246 4737 1536 4793 Dominum
1594 4737 1769 4807 ipsum
1823 4749 2026 4804 nequa-

457 4845 621 4901 quam
663 4846 795 4886 ausa
826 4840 909 4886 est
939 4829 1269 4901 contingere,
1308 4829 1401 4885 sed
1428 4829 1596 4885 vestis
1631 4829 1747 4899 ejus
1783 4837 2023 4881 tantum-

456 4928 621 4982 modo
667 4927 913 4982 limbum.
977 4925 1195 4981 Precari
1243 4940 1407 4997 porro
1456 4940 1522 4980 ac
1562 4922 1778 4978 Domini
1828 4920 2023 4976 tuemi-

456 5018 623 5083 nisse,
652 5019 849 5089 inquit,
880 5033 1219 5090 nequaquam
1249 5032 1316 5073 eo
1344 5030 1585 5087 tempore
1629 5013 2019 5095 prohibentur;

454 5124 644 5164 verum
696 5111 749 5164 in
799 5112 1055 5180 templum
1103 5108 1198 5164 Dei
1232 5109 1381 5179 ipsas
1430 5106 1662 5177 ingredi,
1710 5113 1806 5161 aut
1848 5102 2022 5161 sacris

454 5202 727 5274 mysteriis
756 5201 1184 5270 communicare,
1217 5200 1361 5255 baud
1398 5199 1540 5254 licet.

1077 5332 1305 5392 CANON
1349 5331 1436 5388 ill.

524 5462 691 5520 Porro
730 5466 821 5537 qui
857 5468 990 5521 satis
1032 5467 1103 5521 ad
1140 5466 1194 5521 id
1227 5465 1475 5521 instructi
1501 5474 1620 5519 sunt
1658 5475 1708 5519 et
1737 5478 2019 5518 consenue-

455 5564 599 5618 runt,
631 5556 813 5611 debent
846 5574 957 5613 esse
987 5560 1071 5613 sui
1096 5558 1329 5628 judices.
1363 5557 1518 5623 Quod
1556 5557 1694 5613 enim
1732 5575 1765 5612 a
1797 5572 1852 5612 se
1880 5558 2015 5611 iuui-

452 5664 559 5704 cem
597 5664 662 5704 es
698 5665 961 5728 QORSt’nﬂl‘
986 5654 1247 5710 abstinere
1280 5655 1575 5714 conveniat.
1612 5663 1670 5708 ut
1710 5653 1778 5709 ad
1814 5663 2015 5723 tempus

2129 4549 2289 4622 κρίθη
2345 4549 2418 4622 μὴ
2445 4550 2573 4614 δεῖν,
2597 4554 2693 4605 καὶ
2714 4552 2810 4624 τὴν
2839 4554 2898 4606 ὲν
2926 4553 3004 4624 τῷ
3035 4554 3351 4626 Εὑαγγελίῳ
3379 4557 3714 4631 αἱμορῤωᾷ

2129 4656 2227 4694 σαν
2258 4642 2576 4713 παρήγαγεν
2597 4643 2676 4706 είς
2697 4643 3066 4716 παράδειγμα,
3090 4644 3165 4717 μὴ
3185 4645 3535 4717 τολμήσασαν
3556 4647 3710 4713 θίξαι

2124 4731 2219 4784 τοῦ
2255 4732 2477 4805 Κυρίου,
2511 4731 2623 4786 ἀλλ’
2659 4732 2692 4804 ἢ
2728 4735 2889 4805 μόνου
2910 4734 3004 4788 τοῦ
3030 4736 3336 4808 κρασπέδου
3365 4737 3556 4791 αὐτοῦ.
3599 4739 3708 4793 Εὖ-

2124 4823 2316 4893 χεσθαι
2345 4824 2442 4895 μὲν
2471 4824 2580 4897 γὰρ
2630 4827 2840 4880 καὶτοῦ
2881 4827 3084 4899 Κυρίου
3133 4829 3467 4900 μεμνῆσθαι,
3512 4834 3704 4903 φησὶν,

2123 4918 2231 4972 οὐδ’
2258 4920 2315 4971 ὲν
2340 4919 2419 4991 τῷ
2449 4919 2676 4992 τοιούτῳ
2706 4920 2883 4992 καιρῷ
2904 4920 3333 4992 κωλυθήσονται·
3370 4923 3452 4985 είς
3486 4924 3625 4977 ναὸν
3647 4925 3705 4978 δὲ

2123 5010 2257 5064 Θεοῦ
2291 5011 2534 5080 εἰσιέναι,
2560 5011 2593 5085 ἢ
2625 5012 3055 5085 μτώαμόάνειν
3086 5012 3257 5078 αὑτάς
3286 5012 3399 5071 τῶν
3423 5016 3704 5088 ἀγιασμάο

2120 5121 2229 5159 των
2259 5105 2319 5158 οὺ
2344 5105 2442 5159 δεῖ.

2731 5334 2968 5388 KANON
3000 5335 3072 5390 Ρ.

2190 5468 2509 5538 Αὐτάρκεις
2539 5468 2608 5522 δὲ
2636 5469 2735 5523 καί
2766 5475 2821 5526 οἱ
2845 5473 3257 5542 γεγηρακότες,
3280 5474 3519 5532 ἑαυτῶν
3544 5480 3690 5550 ἀφει.

2116 5563 2334 5615 λουσιν
2350 5557 2502 5616 εἶναι
2528 5563 2740 5630 κριταί.
2774 5563 2892 5617 Ὅτι
2922 5565 3032 5634 γὰρ
3049 5566 3379 5635 ἀπέχεσθαι
3397 5570 3688 5639 ἀλλήλων

2118 5653 2429 5724 προσῆκον
2458 5654 2528 5709 ἐκ
2556 5656 2924 5727 συμφωνίας,
2960 5658 3061 5712 ἵνα
3091 5658 3241 5729 πρὸς
3284 5660 3502 5734 καιρὸν
3544 5680 3682 5735 σχο-
