3966 6206
191 265 333 323 1283

969 273 1309 332 EPISTOLA
1346 273 1696 333 CANONICA
1736 275 1827 331 AD
1864 274 2233 333 BASILIDEM
2273 274 2685 334 EPISCOPUM.

3296 271 3442 332 1296

185 385 425 438 ,ιὰσωσι
480 385 557 458 τῇ
610 387 942 458 προσευχῇ,
975 391 1073 445 καί
1129 391 1316 447 πάλιν
1358 392 1456 447 ἐπὶ
1506 393 1574 448 τὸ
1625 392 1770 449 αὐτὸ

1879 401 2056 447 vacent
2089 392 2339 456 orationi,
2366 404 2416 447 et
2443 408 2627 446 rursus
2656 391 2988 460 conveniant,
3015 389 3249 447 Paulum
3269 393 3445 450 dicen-

183 475 361 542 ὦσιν,
399 481 697 549 ἀκηκόασι
721 483 967 537 Παύλου
996 483 1343 554 γράφοντος.

262 575 460 628 ΒΑΛΣ.
503 575 588 638 Ὦς
633 573 826 640 ἔοικεν,
857 576 1115 649 ἠρωτήθη
1148 579 1177 630 6
1211 577 1364 647 ἅγιος
1409 578 1503 632 ἐὰν
1550 579 1767 651 ἐνδέχη-

186 686 282 722 ται
306 669 434 731 τοὺς
488 666 754 736 συζύγους
805 670 1205 741 γεγηρακότας,
1248 671 1368 725 καθ’
1395 671 1488 736 οὓς
1543 675 1768 744 καιροὺς

189 759 471 830 όφείλουσι
506 759 926 832 προσεύχεσθαι,
975 763 1075 834 τῆς
1122 764 1400 835 ἐπιμιξίας
1445 765 1764 836 ἀπέχεσθαι’

189 855 290 908 καί
321 871 485 926 φησιν
514 854 590 917 ὼς
646 856 693 907 οἱ
727 854 980 922 τοιοῦτοι,
1027 856 1234 911 ἑαυτῶν
1286 859 1468 928 κριταὶ
1517 858 1771 928 γινέσθω-

191 965 314 1002 σαν·
347 947 441 1002 καί
476 965 603 1023 ποτε
635 947 878 1019 ἀλλήλων
900 949 964 1003 ὲκ
995 950 1282 1021 συμφώνου
1312 953 1477 1023 ἤγουν
1505 954 1567 1006 ἐκ
1589 952 1768 1006 κοινοῦ

191 1040 518 1112 θελήματος,
555 1022 940 1110 ἀπεχέτωσαν,
965 1041 1134 1110 ἦγουν
1179 1022 1341 1096 κατάν
1376 1043 1502 1106 τοὺς
1545 1043 1770 1114 καιροὺς

193 1133 315 1188 καθ’
373 1133 469 1197 οὒς
522 1132 886 1204 ἐνετάλθησαν
944 1135 1376 1206 προσεύχεσθαι,
1436 1135 1770 1203 διαγέτωσαν

195 1225 338 1296 μετά
370 1226 554 1296 πάσης
611 1225 980 1298 σωφροσύνης,
1029 1229 1124 1282 καὶ
1176 1227 1336 1281 πάλιν
1392 1229 1484 1280 ἐπὶ
1527 1228 1587 1280 τὸ
1639 1228 1772 1281 αὐτὸ

190 1319 459 1375 εστωσαν.
501 1320 620 1373 Ὅτι
650 1321 743 1373 καὶ
789 1322 817 1373 6
849 1319 1017 1391 μέγας
1048 1320 1256 1384 Παῦλος
1284 1319 1441 1374 τοῦτο
1472 1320 1768 1387 διετάξατο.

191 1410 306 1463 Kal
335 1412 364 1463 6
399 1410 496 1480 μὲν
529 1410 705 1464 κανὼν
731 1411 858 1482 περὶ
891 1412 1275 1483 γεγηρακότων
1299 1411 1478 1484 φησίν·
1521 1413 1772 1478 Ἐξακου-

194 1500 353 1554 στέον
382 1501 438 1554 δὲ
471 1501 540 1554 τὰ
558 1503 615 1555 ὲν
640 1502 788 1572 αὐτῷ
810 1503 902 1556 καὶ
934 1505 1011 1568 είς
1057 1504 1262 1568 πάντας
1293 1507 1418 1569 τοὺς
1449 1506 1768 1576 ὁμοζύγους.

191 1594 394 1658 Καλῶς
419 1595 474 1648 δὲ
502 1591 622 1648 εἶπε
657 1596 717 1648 τὸ
744 1596 810 1649 ἐκ
837 1598 1182 1668 συμφώνου.
1240 1599 1387 1652 Οὔτε
1416 1598 1524 1667 γὰρ
1557 1602 1588 1651 ὀ
1619 1597 1773 1668 ἀνὴρ

190 1685 527 1752 ἐξουσιάζει
554 1688 659 1742 τοῦ
703 1688 856 1743 ἰδίου
888 1690 1178 1760 σώματος·
1207 1692 1344 1746 οὔτε
1373 1693 1411 1758 ἡ
1439 1691 1614 1761 γυνὴ,
1633 1693 1773 1746 κατά

191 1780 285 1833 τὸν
316 1779 489 1851 μέγαν
525 1781 862 1839 Ἀπόστολον.
917 1784 1015 1836 Διά
1059 1785 1216 1838 τοῦτο
1269 1781 1361 1838 οὗν
1404 1784 1662 1855 ἀλλήλους
1694 1785 1774 1838 δεῖ

195 1877 511 1944 συμφωνεῖν
544 1875 671 1945 περὶ
699 1875 930 1946 ἀποχῆς,
955 1877 1040 1929 ἵνα
1077 1876 1377 1947 σχολάσωσι
1404 1881 1470 1950 τῇ
1497 1883 1769 1950 προσευχῇ

194 1967 292 2020 καὶ
325 1971 391 2039 τῇ
427 1967 666 2040 νηστείᾳ.
700 1970 763 2022 Ei
807 1969 914 2040 γὰρ
941 1969 1014 2040 μὴ
1048 1972 1112 2023 ὲκ
1157 1973 1471 2041 συμφωνίας
1514 1972 1771 2044 γίνοιτοή

193 2061 708 2132 ἀποχη,ἀποστερεῖ
734 2061 948 2124 πάντως
971 2062 1030 2114 τὸ
1073 2063 1146 2132 μὴ
1178 2062 1496 2134 βουλόμενον
1529 2065 1626 2135 τὴν
1659 2083 1776 2118 συν-

193 2153 385 2206 ουσίαν
446 2153 628 2224 μέρος,
685 2153 745 2206 τὸ
785 2152 992 2225 ταύτην
1041 2154 1353 2224 ὲπιζητοῦν.
1403 2158 1512 2210 Kal.
1563 2157 1680 2220 πῶς
1708 2157 1773 2211 ἂν

194 2243 400 2310 δόξειεν
431 2245 762 2311 ὲξουσιάζειν
785 2245 878 2299 τοῦ
928 2244 1176 2316 σώματος
1199 2247 1290 2300 τοῦ
1323 2248 1396 2319 μὴ
1429 2248 1772 2320 συγχωροῦν-

195 2354 287 2402 τος
341 2337 540 2409 μέρους
567 2339 630 2391 16
653 2340 750 2410 τὴν
787 2339 1077 2408 συνάφειαν
1105 2336 1300 2408 ζητοῦν
1332 2341 1427 2396 καὶ
1460 2342 1532 2412 μὴ
1562 2359 1774 2412 συγχω-

201 2429 494 2501 ρούμενον;
534 2431 826 2501 Συμϐαίνει
851 2431 906 2484 δὲ
953 2433 1044 2485 καὶ
1068 2430 1166 2502 τὴν
1199 2431 1290 2485 τοῦ
1325 2432 1552 2502 θατέρου
1580 2434 1776 2506 ὲγκρά-

197 2539 349 2576 τειαν
375 2525 454 2586 εἰς
482 2523 685 2595 βλάϐην
730 2525 859 2588 ἴσως
904 2522 1220 2578 ἀποϐαίνειν
1267 2524 1514 2593 θατέρου.
1560 2526 1622 2578 Ei
1666 2525 1774 2598 γὰρ

199 2617 417 2672 νικᾶται
443 2616 546 2668 ὑπὸ
570 2617 667 2686 τῆς
691 2615 985 2687 ἐπιθυμίας
1007 2618 1102 2670 καὶ
1124 2617 1182 2669 ού
1207 2619 1638 2688 παραχωρεῖται,
1687 2635 1775 2670 πε-

202 2711 510 2781 ριπεσεῖται
536 2708 678 2779 μίξει
705 2708 948 2780 ἀθέσμῳ.
1003 2711 1146 2782 Ἐρεί
1169 2709 1226 2762 δέ
1252 2728 1354 2776 τις,
1379 2709 1453 2774 ώς
1481 2711 1602 2763 ἐπεὶ
1623 2712 1650 2763 6
1678 2729 1775 2764 κα-

199 2802 309 2854 νών
340 2819 503 2872 φησιν
525 2800 933 2854 ἀποδαστασθαι
959 2803 1084 2865 τοὺς
1127 2802 1426 2873 ὁμοζύγους
1465 2803 1552 2856 ἵνα
1579 2802 1772 2874 σχολά-

202 2911 339 2947 σωσι
361 2895 427 2964 τῇ
456 2896 752 2964 προσευχῇ,
780 2894 808 2946 6
875 2893 1192 2958 Ἀπόστολος
1223 2893 1280 2948 δὲ
1305 2894 1596 2966 διορίζεται
1625 2895 1775 2949 ἀδια-

200 2985 436 3049 λείπτως
457 2987 604 3058 ἡμᾶς
631 2985 1046 3057 προσεύχεσθαι,
1073 2987 1160 3041 ἀεὶ
1181 2986 1286 3059 χρὴ
1313 2989 1405 3041 κα)⁸
1448 2988 1572 3052 τοὺς
1601 3005 1776 3042 συνοι-

201 3077 433 3141 κοῦντας
477 3078 721 3148 ἀλλήλων
764 3078 1099 3149 ἀπέχεσθαι;
1164 3079 1301 3131 Ἀλλ’
1328 3080 1390 3132 οὐ
1445 3081 1570 3153 περὶ
1593 3081 1773 3152 πάσης
1800 3096 1845 3159 C

199 3170 518 3242 προσευχῆς
540 3173 568 3224 ὁ
591 3169 746 3239 λόγος
779 3171 915 3224 ἐστί·
969 3171 1095 3244 περὶ
1131 3171 1188 3224 δὲ
1229 3172 1330 3243 τῆς
1355 3173 1778 3245 σπουδαιοτέρας

199 3262 371 3332 ⁴ήγουν
394 3261 490 3331 τῆς
517 3260 623 3313 τῶν
656 3261 825 3329 ἁγίων
873 3262 1156 3332 νηστειῶν,
1183 3263 1264 3316 ὅτι
1301 3264 1394 3317 καὶ
1417 3263 1504 3318 διὰ
1535 3264 1627 3318 τοῦ
1652 3267 1780 3318 Μω-

204 3354 390 3417 σέωςό
430 3353 560 3418 Θεὸς
585 3354 1015 3426 παρηγγυήσατο
1035 3358 1147 3418 τοῖς
1185 3355 1456 3420 Ἰουδαίοις
1498 3357 1778 3428 μέλλουσιν

199 3445 433 3500 ἀκοῦσαι
457 3445 563 3498 τῶν
587 3447 644 3499 ὲν
668 3445 746 3516 τῷ
769 3445 1067 3517 ὖρειθείων
1088 3446 1300 3515 φωνῶν,
1331 3448 1632 3519 ἀπέχεσθαι
1669 3450 1777 3504 τῶν

199 3539 417 3592 οἰκείων
446 3538 719 3609 γαμετῶν.
746 3537 857 3592 Καὶ
881 3539 910 3591 6
932 3539 1215 3610 προφήτης
1239 3540 1413 3612 Ἰωήλ·
1453 3539 1774 3610 Ἀτιάσατε,

201 3629 358 3701 φησι,
411 3629 716 3695 νηστείαν,
773 3628 871 3682 καί
927 3627 1214 3692 ἐξελθέτω
1270 3631 1528 3699 νυμφίος
1573 3632 1641 3686 ἐκ
1672 3633 1779 3687 τοῦ

199 3721 488 3788 κοιτῶνος
513 3722 722 3786 αὑτοῦ,
749 3721 850 3776 καὶ
880 3723 1082 3792 νύμφη
1134 3722 1204 3776 ἐκ
1251 3722 1358 3777 τοῦ
1381 3725 1618 3779 παστοῦ
1673 3727 1780 3779 αὑ-

198 3813 331 3882 τῆς.
364 3813 584 3868 Τούτων
627 3813 684 3868 δὲ
735 3814 907 3878 οὕτως
953 3816 1206 3886 ἐχόντων,
1255 3816 1316 3868 ού
1363 3817 1570 3889 συνορῷ
1605 3819 1779 3884 ποίοις

199 3907 500 3978 ἐπιτιμίοις
525 3906 1098 3978 καθυποὸληθήσονται
1146 3909 1194 3962 οί
1232 3906 1404 3962 ταῦτα
1456 3908 1532 3981 μὴ
1579 3909 1780 3979 φυλάτ-

199 4017 407 4062 τοντες.
438 3999 661 4071 Νομίζω
701 3999 758 4054 δὲ
801 4000 882 4052 ὅτι
923 3998 1066 4054 κατά
1105 4000 1202 4071 τὴν
1245 3999 1516 4072 διάκρισιν
1543 4000 1634 4054 τοῦ
1681 4000 1778 4073 τὴν

201 4093 522 4166 ὲξαγορείαν
546 4093 838 4164 δεχομένου
863 4094 895 4164 ἠ
922 4093 1186 4163 θεραπεία
1226 4095 1514 4165 γενήσεται
1540 4095 1675 4167 πρὸς
1711 4095 1780 4149 τὰ

201 4187 471 4258 πρόσωπα
492 4185 586 4239 καὶ
609 4185 708 4255 τὴν
729 4185 972 4256 ἀνάγκην
993 4185 1090 4256 τῆς
1112 4183 1344 4254 φύσεως.
1376 4186 1484 4239 Καὶ
1508 4184 1778 4255 ἀνάγνωθι

198 4277 293 4331 τὸν
325 4280 400 4351 ρβν
457 4277 655 4331 κανόνα
676 4275 776 4347 τῆς
798 4277 855 4330 ὲν
876 4275 952 4347 τῷ
974 4275 1228 4348 Τρούλλῳ
1261 4276 1495 4331 συνόδου.

273 4370 517 4423 ΖΩΝΑΡ.
561 4369 695 4440 Περὶ
719 4367 828 4423 τῶν
851 4369 908 4422 ὲν
932 4368 1095 4441 γάμῳ
1115 4369 1331 4442 νομίμῳ
1363 4369 1618 4440 βιούντων
1643 4371 1780 4442 ἐρω-

1872 494 1973 540 tcm
2003 487 2313 540 audiverunt
2338 486 2403 540 ³⁸.

1940 577 2097 632 Bans.
2136 575 2206 631 Ut
2245 588 2328 634 est
2361 577 2678 643 verisimile,
2714 575 2894 632 fuerat
2941 587 3164 634 sanctus
3210 577 3440 633 interre-

1869 679 2059 738 gatus,
2105 685 2174 724 an
2226 671 2494 735 admittat,
2553 670 2815 741 conjuges
2867 671 2960 740 qui
3016 683 3438 734 consenuerunt,

1869 777 1980 831 quo
2018 770 2262 832 tempore
2301 764 2498 818 debent
2546 778 2726 826 orare,
2777 778 2807 816 a
2847 763 3228 833 conjunctione
3273 764 3444 818 absti-

1870 869 2040 908 nere:
2082 863 2136 908 et
2175 855 2326 920 dicit,
2371 855 2516 924 quod
2562 855 2655 925 qui
2706 855 2840 909 tales
2888 864 3034 922 sunt,
3079 856 3276 910 debent
3322 871 3445 912 esse

1870 946 1952 1000 sui
1977 945 2220 1014 judices,
2249 955 2302 1000 et
2328 947 2618 1017 aliquando
2649 962 2678 1001 a
2709 961 2767 1002 se
2796 947 3028 1003 invicem
3053 963 3120 1004 ex
3147 964 3446 1018 consensu,

1871 1053 1967 1093 seu
2008 1054 2076 1092 ex
2125 1041 2400 1094 communi
2444 1041 2742 1103 voluntate,
2779 1040 3097 1109 abstinere;
3136 1043 3210 1097 ita
3245 1052 3305 1097 ut
3334 1059 3448 1113 quo

1873 1137 2114 1199 tempore
2161 1145 2320 1186 orare
2372 1141 2702 1194 statuerunt,
2749 1149 2872 1187 cum
2911 1134 3058 1188 omni
3107 1137 3447 1190 continentia

1871 1231 2194 1288 versentur,
2257 1234 2310 1278 ct
2359 1241 2550 1279 rursus
2597 1226 2758 1280 simul
2809 1227 3156 1280 conveniant.
3210 1226 3342 1281 Nam
3374 1224 3447 1282 ἰιι

1871 1332 2102 1386 magnus
2139 1317 2340 1371 Paulus
2374 1319 2478 1372 hoc
2515 1318 2722 1372 statuit.
2757 1317 2819 1372 Et
2854 1335 3026 1373 canon
3057 1320 3274 1388 quidem
3314 1321 3448 1375 dicit

1873 1405 1939 1482 de
1975 1407 2043 1462 iis
2071 1408 2164 1476 qui
2211 1409 2596 1462 consenuerint
2631 1425 2644 1461 :
2691 1419 2774 1464 est
2814 1419 2996 1463 autem
3036 1410 3199 1464 etiam
3247 1413 3446 1466 intelli—

1879 1499 2085 1569 gendus
2109 1499 2175 1553 de
2205 1501 2460 1554 omnibus
2507 1501 2854 1571 conjugibus.
2888 1501 3052 1558 Recte
3097 1515 3278 1560 autem
3309 1507 3448 1561 dixit

1874 1590 2035 1656 illud,
2078 1608 2142 1646 ex
2173 1609 2424 1646 consensu
2459 1611 2476 1648 :
2518 1593 2697 1664 Neque
2719 1595 2856 1647 enim
2898 1597 2976 1648 vir
3007 1596 3159 1651 habet
3204 1600 3289 1652 sui
3328 1617 3446 1652 cor-

1877 1685 2018 1751 poris
2045 1693 2351 1753 potestatem
2375 1729 2389 1751 ,
2427 1703 2515 1739 nec
2544 1687 2732 1740 mulier
2755 1687 2822 1753 ³⁷,
2851 1689 3150 1744 secundum
3186 1706 3444 1762 magnum

1873 1777 2214 1847 Apostolum.
2259 1777 2547 1848 Propterea
2581 1795 2710 1849 ergo
2741 1796 2835 1834 eos
2865 1769 3079 1851 Oportet
3117 1785 3256 1838 inter
3288 1801 3346 1840 se
3377 1786 3446 1841 de

1874 1869 2201 1924 continendo
2243 1871 2580 1938 consentire,
2622 1882 2681 1925 ut
2715 1881 2907 1928 vacent
2955 1875 3187 1930 orationi
3221 1887 3274 1931 et
3306 1877 3451 1948 jeju-

1873 1958 1985 2012 nio.
2039 1957 2154 2014 Nisi
2199 1959 2342 2013 enim
2386 1976 2453 2013 ex
2497 1976 2766 2016 consensu
2804 1963 3141 2029 abstineant,
3171 1981 3297 2034 pars
3325 1983 3449 2036 quae

1873 2066 1979 2104 non
2017 2052 2134 2111 vult
2186 2051 2410 2104 omnino
2457 2055 2936 2122 conjunctioncm,
2987 2057 3284 2113 frustratur
3325 2076 3446 2114 eam

1873 2158 1994 2212 qua:
2023 2145 2257 2212 postulat
2288 2162 2301 2197 :
2331 2152 2385 2197 et
2416 2147 2693 2214 quomodo
2726 2163 2789 2202 ea
2820 2164 2944 2218 pars
2970 2167 3092 2218 quae
3115 2153 3450 2220 conjunctio-

1874 2249 1996 2288 nem
2030 2235 2224 2304 quaerit
2262 2245 2450 2290 etnon
2481 2239 2827 2306 permittitur,
2869 2242 2988 2310 ejus
3028 2260 3150 2312 qua:
3188 2261 3294 2299 non
3327 2263 3450 2315 per-

1875 2326 2036 2378 mittit
2084 2335 2401 2394 potestatem
2437 2327 2638 2384 habere
2681 2331 2964 2386 videatur?
3005 2334 3215 2388 Accidit
3263 2347 3448 2392 autem

1874 2426 1935 2469 ut
1959 2417 2121 2470 etiam
2163 2418 2388 2473 alterius
2431 2421 2764 2474 continentia
2803 2422 3027 2477 alterius
3051 2429 3220 2494 partis
3245 2428 3446 2483 damno
3486 2463 3495 2471 -

1874 2509 2048 2563 cedat.
2104 2507 2159 2563 Si
2209 2515 2354 2564 enim
2411 2527 2442 2566 a
2489 2512 2787 2583 cupiditate
2834 2502 3089 2583 vincitur,
3145 2527 3195 2574 et
3243 2537 3351 2574 non
3390 2525 3444 2578 lit

1873 2600 1922 2655 ei
1970 2612 2227 2671 potestas,
2281 2604 2334 2658 in
2382 2605 2583 2659 coitum
2638 2606 2975 2676 illegitimum
3039 2610 3261 2669 incidet.
3306 2613 3445 2670 Dicit

1874 2704 2054 2746 autem
2108 2695 2376 2765 quispiam
2427 2715 2440 2750 :
2491 2696 2629 2751 Cum
2673 2714 2849 2753 canon
2912 2701 3056 2756 dicat
3111 2708 3444 2772 separandos

1873 2797 1993 2838 esse
2040 2785 2300 2856 conjuges
2356 2796 2417 2842 ut
2473 2789 2707 2844 orationi
2759 2801 2971 2858 vacent,
3023 2793 3211 2848 deﬁnit
3262 2805 3442 2852 autem

1873 2874 2167 2944 Apostolus
2217 2894 2318 2933 nos
2354 2879 2551 2934 debere
2591 2883 2709 2936 sine
2741 2883 3150 2940 intermissione
3188 2903 3346 2943 orare
3370 2891 3442 2958 a";

1875 2983 2158 3038 semperne
2221 2981 2436 3041 oportet
2461 2985 2557 3030 eos
2583 2975 2675 3044 qui
2707 2967 3039 3043 cohabitant,
3073 2995 3103 3033 a
3133 2995 3190 3035 se
3216 2981 3445 3038 invicem

1875 3059 2188 3116 abstinere?
2225 3063 2318 3118 sed
2360 3081 2466 3120 non
2497 3066 2563 3120 de
2589 3068 2784 3137 quavis
2825 3070 3072 3125 oratione
3115 3074 3313 3141 agitur,
3354 3077 3446 3133 sed

1876 3152 1942 3206 de
1989 3156 2406 3222 praestantiore,
2457 3170 2770 3213 sanctorum
2830 3162 3042 3216 scilicet
3089 3163 3448 3233 jo-juniorum.

1877 3243 2011 3298 Nam
2042 3255 2097 3301 et
2127 3263 2222 3316 per
2247 3247 2488 3320 Moysem
2525 3250 2668 3306 Deus
2697 3250 2901 3308 Judmis
2922 3255 3136 3312 divinas
3178 3273 3341 3315 voces
3391 3260 3448 3315 in

1878 3348 2063 3394 monte
2120 3341 2391 3398 audituris
2439 3345 2696 3414 praecepit
2739 3356 2798 3401 ut
2847 3363 2876 3402 a
2918 3351 3156 3420 propriis
3186 3355 3449 3410 uxoribus
3525 3401 3531 3412 .

1879 3434 2215 3489 abstinerent
2247 3436 2313 3488 δ’.
2361 3435 2426 3490 Ει
2458 3439 2718 3508 pr0pheta
2755 3439 2871 3495 ,Ιουι
2905 3461 2917 3496 :
2952 3441 3316 3514 Sanctiﬁcate,
3361 3450 3448 3504 in-

1879 3530 2026 3598 quit,
2060 3529 2350 3598 jejunium,
2386 3541 2434 3584 et
2474 3543 2623 3586 exeat
2662 3551 2884 3603 sponsus
2921 3553 2986 3590 ea:
3031 3541 3194 3593 cubili
3228 3558 3356 3609 suo,
3397 3555 3449 3598 et

1879 3640 2069 3693 sponsa
2103 3641 2168 3678 ea:
2199 3642 2294 3678 suo
2331 3625 2564 3680 thalamo
2597 3628 2662 3682 ⁸ο.
2711 3628 2849 3684 Cum
2895 3630 3010 3686 haec
3053 3642 3234 3688 autem
3278 3637 3348 3690 ita
3391 3653 3452 3692 se

1880 3718 2134 3781 habeant,
2166 3734 2272 3773 non
2317 3718 2476 3773 video
2508 3720 2834 3786 quibusnam
2869 3723 3047 3791 pwnis
3089 3727 3450 3795 sulijieientur

1879 3808 1973 3877 qui
2023 3808 2136 3862 hare
2183 3823 2292 3862 non
2346 3819 2585 3864 servant.
2647 3811 2910 3865 Existimo
2946 3822 3126 3866 autem
3173 3816 3314 3884 quod
3351 3832 3451 3886 pro

1877 3899 2084 3971 judicio
2119 3900 2236 3969 ejus
2265 3901 2358 3970 qui
2400 3902 2552 3956 audit
2589 3901 3012 3969 confessionem,
3041 3905 3313 3961 medicina
3353 3909 3448 3962 ad-

1881 3991 2096 4047 hibetur
2129 3993 2397 4062 personis,
2445 4003 2500 4048 et
2547 3994 2853 4050 necessitati
2902 4007 3131 4052 naturze.
3183 3997 3323 4071 Lege
3352 4002 3450 4055 1υὲ

1880 4099 2004 4141 can.
2029 4100 2148 4157 syn.
2181 4086 2233 4139 in
2262 4083 2469 4142 Trullo.

1953 4359 2150 4416 Ζοιιλιι.
2192 4361 2265 4417 De
2308 4361 2376 4419 iis
2413 4364 2506 4435 qui
2552 4365 2789 4435 legitimo
2828 4365 2968 4422 inter
3001 4381 3062 4424 se
3097 4367 3450 4426 matrimonio

198 4462 388 4536 τηθεὶς
419 4464 468 4516 εί
501 4463 605 4535 χρὴ
637 4439 934 4534 ἀπέχεσθαι
962 4439 1224 4534 ἀλλήλων,
1249 4439 1460 4534 *ἔφησεν
1509 4462 1584 4527 ώς
1627 4439 1775 4533 ὀφεί-

1884 4454 2121 4524 copulati
2153 4465 2300 4519 sunt,
2343 4465 2568 4528 rogatus
2607 4473 2738 4512 num
2781 4459 3054 4514 abstinere
3092 4460 3322 4514 invicem
3353 4461 3451 4517 de-

197 4555 384 4610 λουσιν
432 4557 482 4609 οί
535 4557 762 4610 τοιοῦτοι
804 4555 957 4610 αὐτοὶ
1004 4555 1209 4610 ἑαυτῶν
1263 4551 1400 4610 εἶναι
1431 4556 1636 4627 κριταὶ,
1683 4555 1776 4610 καί

199 4662 335 4698 ποτε
387 4644 630 4717 ἀλλήλων
676 4643 973 4716 ἀπέχεσθαι
1027 4647 1091 4698 ὲκ
1142 4643 1454 4715 συμφώνου,
1492 4645 1658 4716 ήγουν
1712 4646 1776 4698 ἐκ

197 4734 384 4790 κοινοῦ
415 4733 736 4806 θελήματος.
773 4733 908 4789 Οὔτε
939 4735 1046 4808 γάρ
1079 4737 1107 4789 6
1150 4734 1287 4807 ἀνὴρ
1337 4735 1636 4802 ἐξουσιάζει
1679 4734 1774 4788 τοῦ

202 4822 336 4877 ίδίου
368 4821 634 4893 σώματος,
669 4821 792 4876 οὔτε
834 4827 867 4896 ὴ
917 4824 1073 4896 γυνὴ,
1107 4823 1249 4878 κατὰ
1274 4824 1365 4878 τὸν
1402 4825 1573 4895 μέγαν
1617 4825 1777 4878 Ἀπό-

201 4915 411 4968 στολον.
439 4915 537 4969 Διά
569 4914 726 4969 τοῦτο
777 4911 869 4970 οῦν
920 4917 1228 4988 συμφωνεῖν
1259 4914 1516 4987 ἀλλήλους
1543 4915 1623 4969 δεῖ
1653 4916 1781 4988 περὶ

199 5007 418 5077 ἀποχῆς
449 5007 536 5061 ἵνα
562 5007 863 5078 σχολάσωσι
895 5011 962 5080 τῇ
996 5010 1292 5080 προσευχῇ,
1315 5008 1408 5062 καὶ
1440 5011 1505 5080 τῇ
1534 5010 1776 5081 νηστείᾳ.

201 5099 268 5152 Et
305 5099 380 5170 μὴ
413 5099 520 5171 γὰρ
551 5101 616 5152 ὲκ
648 5098 934 5171 συμφώνου
967 5100 1166 5171 γίνοιτο
1193 5103 1226 5174 ή
1256 5102 1454 5174 ἀποχὴ,
1490 5103 1782 5177 ἀποστερεῖ

201 5192 425 5255 πάντως
461 5193 521 5246 τὸ
569 5191 642 5264 μὴ
677 5191 998 5264 βουλόμενον
1033 5194 1132 5266 τὴν
1167 5194 1451 5248 συνουσίαν
1499 5195 1682 5267 μέρος,
1716 5196 1778 5250 16

199 5283 410 5354 ταύτην
443 5283 755 5356 ὲπιζητοῦν.
786 5287 895 5340 Kal.
921 5285 1040 5351 πῶς
1077 5286 1142 5342 ἂν
1175 5287 1301 5362 δόξῃ
1329 5287 1658 5354 ὲξουσιάζειν
1686 5287 1778 5343 τοῦ

203 5375 460 5448 σώματος
488 5377 582 5431 τοῦ
616 5378 690 5449 μὴ
726 5378 1130 5451 συγχωροῦντος
1160 5380 1376 5452 μέρους,
1404 5381 1466 5434 16
1489 5382 1588 5453 τὴν
1623 5383 1784 5436 συνά-

203 5485 367 5541 φειαν
400 5468 596 5540 ζητοῦν
626 5471 717 5524 καὶ
760 5470 836 5542 μὴ
878 5471 1354 5542 συγχωρούμενον;
1401 5474 1695 5545 Συμσαίνει
1725 5474 1782 5528 δὲ

202 5561 307 5616 καὶ
347 5559 448 5634 τήν
494 5561 719 5635 θατέρου
761 5561 1107 5635 ἐγκράτειαν,
1141 5564 1223 5628 εἰς
1251 5563 1456 5637 βλάϐην
1487 5566 1620 5630 ῑσως
1645 5566 1780 5620 ἀπο-

281 5750 330 5785 “
357 5749 376 5806 l
405 5750 531 5809 Cor.
568 5767 664 5823 vn,
699 5751 754 5808 5.
830 5752 873 5786 ⁸⁷
910 5751 1042 5810 Ibid.
1073 5752 1127 5809 1.
1201 5753 1249 5805 .⁸⁸
1284 5751 1308 5810 1
1338 5752 1532 5812 Thess.
1562 5771 1612 5826 v,
1648 5755 1732 5812 l7.

1894 5753 2061 5810 Exod.
2101 5771 2211 5824 xu,
2243 5755 2325 5812 15.

1883 4544 2065 4609 beant,
2083 4546 2383 4614 respondit,
2397 4556 2647 4617 oportere
2666 4548 2932 4618 ipsosmet
2961 4550 3046 4605 sui
3073 4566 3192 4608 esse
3214 4552 3449 4622 judices,

1881 4645 1936 4692 et
1973 4637 2266 4707 aliquando
2307 4638 2580 4695 abstinere
2621 4640 2886 4706 invicem,
2926 4658 2989 4698 ex
3022 4659 3314 4712 consensu,
3347 4647 3452 4702 hoc

1882 4736 1963 4784 est
1991 4729 2266 4784 communi
2309 4731 2598 4802 utriusque
2624 4733 2927 4790 voluntate.
2975 4736 3160 4809 Neque
3191 4740 3334 4794 enim
3369 4741 3452 4794 vir

1885 4830 2200 4892 potestatem
2250 4823 2412 4878 habet
2462 4825 2548 4880 sui
2602 4828 2869 4896 corporis,
2920 4845 3095 4902 neque
3143 4832 3358 4899 mulier,
3392 4841 3452 4889 ut

1885 4930 2115 4985 magnus
2144 4915 2438 4985 Apostolus
2473 4917 2567 4972 ait.
2606 4917 2838 4975 Proinde
2877 4937 3007 4993 ergo
3039 4925 3331 4981 convenire
3369 4927 3453 4980 in-

1886 5016 1966 5063 ter
1992 5023 2050 5063 se
2081 5008 2308 5063 invicem
2337 5019 2550 5079 Oportet
2577 5012 2642 5066 de
2668 5013 3014 5079 abstinentia,
3049 5024 3109 5070 ut
3150 5019 3449 5086 precationi

1887 5117 1950 5157 ac
1985 5101 2192 5173 jejunio
2214 5112 2422 5157 vacent.
2457 5101 2666 5159 Etenim
2707 5107 2752 5161 si
2787 5121 2891 5162 non
2928 5123 2992 5161 ex
3023 5123 3294 5165 consensu
3323 5111 3451 5166 abs-

1883 5194 2111 5262 tineant,
2165 5191 2437 5250 fraudabit
2498 5197 2656 5267 plane
2690 5213 2754 5254 ea
2790 5215 2914 5270 pars
2944 5217 3066 5270 quae
3097 5217 3450 5274 congressum

1881 5287 2082 5354 renuit,
2115 5287 2339 5342 alteram
2380 5305 2502 5360 qua:
2540 5292 2684 5348 hunc
2721 5294 2981 5363 deposcit.
3018 5295 3179 5366 Atqui
3210 5312 3449 5366 quonam
3483 5305 3488 5310 ‘

1883 5383 2044 5436 modo
2104 5381 2257 5438 dicas
2314 5390 2632 5452 potestatem
2696 5384 2892 5440 habere
2957 5386 3009 5440 in
3070 5403 3270 5459 corpus
3330 5390 3451 5459 ejus

1883 5473 2052 5543 partis
2077 5489 2199 5543 qua:
2232 5490 2583 5545 congressum
2633 5476 2845 5544 abnuit,
2881 5478 3104 5534 alteram
3159 5481 3246 5536 cui
3285 5482 3453 5551 depo-

1885 5565 2056 5620 scenti
2113 5564 2202 5618 ille
2251 5567 2672 5638 haudquaquam
2739 5569 3112 5639 permittitur?
3170 5572 3450 5646 Cominth

2405 5755 2449 5788 ⁸⁸
2481 5757 2616 5818 Joel.
2647 5777 2703 5830 ιι,
2740 5761 2826 5831 15,
2863 5760 2948 5819 16.
