1983 3103
122 150 192 179 ’τεο

491 143 683 174 EPISTTOLA
702 143 877 172 CANONICA
897 144 943 172 AD
962 142 1145 171 BASILIDEM
1166 143 1371 172 EPlSCUPUM.

1678 141 1744 168 {29¢

120 209 194 235 κεῖον
211 207 328 238 συνειδδς
342 206 439 242 κριτὴν
451 206 586 241 ἐχέτωσαν
598 214 604 220 ·
621 205 692 232 ὥστε
709 205 734 232 ει
752 204 802 240 μὲν
817 205 853 241 μή
870 213 904 230 τι-

959 202 1078 238 judieem
1103 203 1221 231 habeam
1251 203 1389 240 propriam
1417 201 1643 240 conscientiam;
1666 205 1696 228 ut
1723 198 1747 229 si

119 261 164 285 νος
181 252 332 287 ὲμπαθείας
349 251 592 287 προῦποκειμένης,
604 250 702 286 συνέϐη
714 251 805 283 αὐτοῖς
816 251 904 282 τοῦτο,

118 299 279 334 αὐτομάτως
304 298 353 333 τῆς
374 297 479 332 φύσεως
504 297 667 332 ὲκκρινάσης
687 297 724 328 ὡς
748 297 905 333 περιττωμα

118 344 167 380 τὴν
193 344 302 379 ὲκροὴν,
319 344 368 370 οὐκ
392 343 632 379 ὲμποδισθήσονται
654 342 708 369 τῶν
728 343 905 376 ἁγιασμάτων

120 390 291 426 μεταλαϐεῖν.
310 390 341 415 Εἰ
357 389 385 415 δέ
400 398 455 415 τισι
472 388 645 424 προῦπῆρξεν
664 389 694 422 ἐξ
709 388 846 424 ὲμπαθοῦς
863 389 906 416 λο-

117 434 217 470 γισμοῦ
235 434 377 470 ἐπιθυμία,
390 434 534 471 καὶταύτῃ
551 434 766 470 ἐπηκολούθησεν
782 435 874 470 ἑκροὴ,
888 435 904 470 ἢ

120 481 147 514 ἒξ
162 482 296 517 ἀκρασίας
308 481 458 517 βρωμάτων
476 482 523 508 καὶ
540 483 645 513 πόσεως
662 482 758 517 συνέϐη
781 482 869 514 τοῦτο,
881 483 905 509 οἱ

120 526 233 554 τοιοῦτοι
244 528 293 553 οὐκ
305 527 356 554 εἰσὶ
366 527 480 563 καθαροί
490 535 497 542 ⁶
513 527 542 554 οὺ
557 527 600 553 διὰ
611 526 660 562 τὴν
673 527 749 563 ρῧσιν
761 527 807 554 τοῦ
822 529 905 565 σπέρ-

94 578 97 609 f
120 582 203 609 ματος
220 573 268 608 (οὺ
286 573 340 608 γὰρ
354 573 506 609 ἀκάθαρτον
529 572 617 605 τοῦτο,
634 573 695 599 ἐπεὶ
718 573 784 609 μηδὲ
801 573 817 608 ἡ
837 573 905 609 σὰρξ

117 619 148 652 ἐξ
158 616 193 654 ἦς
207 620 293 645 ἐκεῖνο
306 619 496 654 περίττωμα),
513 619 581 646 ἀλλὰ
595 619 638 646 διὰ
652 619 683 645 τὺ
699 619 814 655 πονηρὸν
829 619 905 645 ἐνθύ-

119 674 180 700 μιον
195 666 262 701 ὅπερ
277 665 388 700 ὲμόλυνε
400 666 448 701 τὴν
460 665 587 692 διάνοιαν.
597 666 625 691 ’0
640 665 704 700 γοῦν
719 665 846 697 τοιοῦτος,
856 666 904 692 οὐκ

117 711 312 747 εὖσυνείδητος,
332 712 476 738 κάντεῦθεν
491 711 544 738 οὐδ’
560 712 793 747 εὐπαρῤησίαστος
814 713 853 743 εἰς
874 712 905 738 τὸ

117 757 276 792 προσελθεῖν
287 757 325 792 τῷ
336 757 404 792 Θεῷ.
413 758 524 792 Ἑπάγει-
536 758 562 784 δὲ
575 758 622 784 καὶ
636 758 685 793 τὴν
700 758 796 794 χρῆσιν
812 759 844 784 ὲκ
857 759 903 785 τοῦ

118 803 239 838 μεγάλου
255 803 362 830 Παύλου
379 803 531 839 γράψαντος
553 804 616 839 περ).
637 804 691 829 τῶν
710 804 902 836 εἰδωλοθύτων,

115 851 157 876 ὅτι
175 851 191 877 ό
207 849 438 884 διακρινόμενος,
454 850 508 877 ἐὰν
518 849 608 885 φάγῃ,
624 850 837 884 κατακέκριται.
851 851 904 877 Πε-

959 250 1033 277 nulla
1046 250 1217 285 praecedente
1234 250 1318 277 animi
1334 249 1538 285 perturbatione
1552 249 1604 277 hoc
1616 247 1656 275 eis
1672 249 1746 275 acci-

958 295 1045 328 derit,
1063 300 1160 323 natura
1177 303 1227 323 sua
1243 301 1339 331 sponte
1357 295 1427 322 hanc
1445 294 1592 322 ﬂuvionem
1613 298 1745 328 tanquam

958 346 1161 370 excrementum
1190 347 1371 371 excernenle.
1402 349 1456 368 non
1480 340 1660 375 impedientur
1685 346 1746 366 esse

958 393 1191 416 sacramentorum
1219 388 1376 423 participes.
1404 385 1432 413 Si
1461 386 1561 421 quibus
1593 388 1683 413 autem
1710 392 1744 412 ex

959 434 1075 462 rationis
1099 435 1303 469 perturbatione
1323 433 1483 469 prmexstitit
1504 432 1648 468 cupiditas,
1673 440 1743 459 eam~

958 488 1012 515 que
1029 481 1138 508 eﬂluxio
1153 484 1299 508 consecuta
1315 480 1361 513 sit,
1375 480 1417 506 vel
1430 487 1462 507 ex
1477 479 1600 507 ciborum
1611 484 1745 514 potusque

959 526 1167 561 intemperantia
1184 528 1235 555 hoc
1253 526 1384 558 evenerit,
1411 525 1429 552 ii
1443 526 1503 560 puri
1519 533 1574 553 non
1591 530 1672 559 sunt;
1689 533 1744 553 non

961 578 1070 607 propter
1086 573 1188 600 ﬂuxum
1205 573 1318 601 seminis
1334 573 1398 608 (non
1414 576 1455 600 est
1470 572 1542 599 enim
1558 572 1610 599 hoc
1626 571 1745 599 immun-

958 618 1034 651 dum,
1049 619 1119 646 sicut
1138 627 1188 647 nec
1201 627 1281 652 caro,
1298 619 1376 653 cujus
1398 623 1439 646 est
1452 618 1678 651 excrementum).
1695 618 1743 645 sed

958 669 1067 698 propter
1082 665 1180 692 malam
1202 665 1404 700 cogitationem,
1417 673 1478 699 quae
1497 668 1613 692 mentem
1634 665 1741 699 polluit.

957 709 1008 742 Qui
1034 710 1116 744 igitur
1140 715 1182 738 est
1201 711 1346 745 ejusmodi,
1370 719 1423 738 non
1445 710 1526 738 habet
1551 711 1649 737 bonam
1674 718 1742 737 con-

958 755 1112 787 scientiam,
1138 760 1165 782 et
1184 763 1237 783 non
1257 756 1338 782 habet
1361 755 1421 782 ideo
1435 758 1593 789 potestatem
1610 754 1642 781 ad
1656 753 1740 781 Deum

957 801 1113 829 accedendi.
1142 802 1287 837 Subjungit
1310 806 1400 829 autem
1426 806 1454 828 et
1478 809 1510 828 ex
1535 808 1635 835 magno
1656 799 1741 827 Paulo

958 845 1130 881 sententiam,
1153 849 1201 883 qui
1226 848 1334 884 scripsit
1358 849 1391 876 de
1413 848 1579 882 idolothytis,
1602 847 1675 882 quod
1697 847 1744 882 qui

118 895 145 929 ρὶ
158 894 186 921 δὲ
204 895 252 930 τῆς
263 895 309 921 τοῦ
327 895 483 931 σπέρματος
496 895 625 931 ῥεύσεως,
642 895 717 931 ζήτει
733 896 778 922 καὶ
794 896 840 922 τοῦ
860 904 904 931 με-

957 894 1077 925 dubitat,
1100 894 1123 920 si
1145 893 1305 927 comederit,
1326 894 1513 920 condemnatus
1536 898 1585 920 est.
1608 892 1646 920 De
1667 892 1742 920 ﬂuxu

114 940 200 974 γάλου
223 941 380 968 Ἀθανασίου
407 941 549 977 ἐπιστολὴν
576 941 644 977 πρὸς
670 942 789 977 Ἀμμοῦν
819 942 902 977 μονά-

115 986 208 1018 ζοντα.

150 1032 272 1059 ΖΩΝΑΡ.
293 1033 348 1059 Καὶ
360 1032 446 1059 ταῦτα
464 1033 532 1069 προς
548 1032 681 1068 ἐρώτησιν
696 1033 709 1058 ὁ
726 1033 819 1069 Πατὴρ
837 1034 904 1060 ἀπο-

115 1078 420 1114 κρίνεται.¹Ερωτηθεὶς
435 1078 489 1114 γὰρ
502 1079 526 1105 εἰ
538 1078 578 1105 δεῖ
591 1079 654 1110 τοὺς
675 1079 703 1105 ὲν
724 1079 800 1114 ῥύσει
822 1079 903 1115 σπέρ-

116 1132 202 1159 ματος
215 1124 376 1159 γενομένους
384 1124 580 1160 ἀπροαιρέτως,
589 1124 642 1152 τῶν
649 1125 824 1160 ἁγιασμάτων
838 1134 902 1160 μετ-

115 1170 198 1205 έχειν,
215 1170 266 1206 ἔφη
282 1170 333 1201 ὅτι,
349 1171 379 1197 Οξ
395 1171 473 1198 τοῦτο
490 1171 630 1203 παθόντες,
659 1171 697 1207 τῷ
710 1172 802 1206 οἰκείῳ
817 1180 903 1198 συνει-

115 1216 169 1243 δότι
187 1216 468 1244 κατακολουθείτωσαν
482 1226 488 1232 ·
506 1218 588 1253 ἤγουν
610 1218 640 1244 τὺ
662 1218 779 1250 συνειδὸς
805 1218 903 1253 ἐχέτω-

115 1272 167 1290 σαν
191 1262 238 1290 τοῦ
266 1264 424 1299 πράγματος
441 1264 580 1299 δικαστὴν,
595 1265 645 1300 τὴν
660 1264 762 1292 οἰκείαν
783 1265 902 1301 δηλονότι

114 1310 327 1336 διάνοιαν.”Ωστε
343 1311 367 1336 εἰ
384 1311 420 1345 μή
439 1319 510 1342 τινος
531 1310 682 1346 ὲμπαθεὶας
702 1312 902 1347 προϋποκειμέ-

114 1365 165 1391 νης
179 1356 349 1391 συμϐέϐηκεν
365 1356 524 1391 αὐτομάτως
545 1357 561 1392 ὴ
583 1357 632 1392 τῆς
647 1357 729 1392 γονῆς
743 1357 836 1394 ὲκροὴ,
853 1357 902 1393 τῆς

115 1399 221 1433 φύσεως
232 1399 315 1434 αὐτὴν
331 1400 369 1431 ὡς
385 1400 544 1435 περίττωμα
560 1401 724 1437 ἑκκρινάσης
735 1410 742 1417 ο
753 1402 769 1438 ἢ
781 1403 805 1429 εἰ
818 1403 855 1438 μὴ
870 1403 902 1429 ὲκ

115 1444 256 1480 παροινίας
269 1446 315 1471 καὶ
330 1445 359 1477 ἐξ
373 1445 540 1481 ἀδδηφαγὶας
551 1447 667 1481 ἐγένετο,
679 1448 728 1475 οὐκ
739 1448 903 1485 ὲμποδισθή-

116 1497 190 1516 σεται
210 1491 224 1517 ὁ
240 1490 317 1516 τοῦτο
333 1490 426 1518 παθὼν
441 1491 479 1526 τῷ
492 1492 561 1526 ἁγίῳ
578 1493 737 1529 προσελθεῖν
753 1494 901 1531 θυσιαστη-
920 1499 923 1502 “

115 1534 166 1571 ρίῳ
177 1543 183 1550 ·
210 1536 233 1562 εἰ
259 1536 288 1562 δέ
312 1545 353 1568 τις
370 1537 544 1573 προῦπῆρξεν
559 1539 683 1575 ἐμπαθὴς
699 1539 836 1575 λογισμὸς,
855 1540 902 1568 καὶ

114 1577 193 1613 οὗτος
218 1582 443 1618 ἐμφιλοχωρήσας
464 1584 496 1618 τῇ
517 1583 620 1620 διανοίᾳ
643 1584 735 1617 αὑτοῦ,
754 1586 904 1620 φαντασίαν

113 1627 250 1663 ἐπήνεγκε
261 1629 430 1665 νυκτερινὴν,
439 1630 486 1656 καὶ
500 1630 584 1666 ταύτῃ
596 1631 814 1668 ἐπηκολούθησεν
825 1634 841 1668 ἡ
855 1633 904 1669 τῆς

113 1673 197 1708 γονῆς
213 1673 305 1709 ἐκροὴ,
324 1675 369 1701 καὶ
382 1674 411 1706 ἐξ
427 1675 561 1710 ἀκρασίας
578 1675 728 1712 βρωμάτων
743 1678 789 1704 καὶ
800 1678 905 1710 πόσεως

115 1718 230 1754 συνέόηε
249 1720 263 1745 ὁ
279 1719 397 1751 τοιοῦτος
412 1720 441 1746 οὺ
459 1720 578 1754 καθαρός
595 1722 678 1753 ἐστιν,
696 1722 725 1748 οὑ
742 1722 785 1748 διὰ
798 1723 846 1758 τὴν
862 1723 905 1759 {r3-

115 1774 159 1792 σιν
184 1765 231 1791 τοῦ
257 1766 413 1801 σπέρματος
436 1767 485 1801 (οὐ
502 1767 555 1802 γὰρ
571 1767 723 1803 ἀκάθαρτον
737 1768 826 1801 τοῦτο,
843 1770 904 1795 ἐπεὶ

117 1814 167 1848 μὲν
184 1813 244 1839 οὐδὲ
260 1814 276 1848 ὴ
290 1813 357 1849 σὰρξ
372 1813 405 1851 ἧς
421 1814 508 1840 ἐκεῖνο
526 1814 715 1850 περίττωμα),
733 1815 800 1841 ἀλλὰ
814 1815 857 1842 διὰ
873 1817 904 1843 τὸ

114 1859 234 1895 πονηρὸν
251 1860 384 1895 ἐνθύμιον,
398 1860 466 1896 ὅπερ
482 1860 593 1895 ὲμόλυνε
602 1860 651 1895 τὴν
659 1860 786 1888 διάνοιαν.
796 1862 824 1888 'O
840 1862 904 1896 γοῦν

113 1905 234 1937 τοιοῦτος
250 1906 299 1932 οὐκ
318 1907 511 1942 εὑσυνείδητος,
530 1906 675 1934 κάντεῦθεν
693 1907 746 1934 οὐδ’
763 1908 904 1944 εὐπαρρη-

115 1952 225 1984 σίαστος
241 1952 284 1979 διὰ
299 1952 329 1979 τὸ
346 1952 411 1979 ἴδιον
425 1953 557 1988 ἐνθύμιον.
576 1953 638 1985 Πῶς
657 1951 703 1980 οὖν
725 1954 904 1989 προσελεύσε-

115 2007 161 2025 ται
172 1997 211 2033 τῷ
225 1997 285 2033 Θεῷ
300 1998 515 2034 διακρινόμενος;
535 1999 646 2032 Ἐπάγει
658 1999 686 2026 δὲ
702 1999 748 2026 καὶ
763 2001 859 2036 χρῆσιν
873 2002 905 2028 ὲκ

114 2043 164 2070 τοῦ
187 2044 305 2079 μεγάλου
321 2044 428 2071 Παύλου
447 2045 599 2079 γράψαντος
616 2046 679 2080 περὶ
693 2045 747 2073 τῶν
766 2046 905 2073 εἰδωλοθύ-

115 2099 181 2121 των,
195 2090 235 2116 ὅτι
260 2089 481 2125 διακρινόμενος
503 2092 557 2117 ἐὰν
578 2091 668 2126 φάγῃ,
687 2092 903 2127 κατακέκριται.

115 2136 185 2171 Περὶ
209 2136 237 2163 δὲ
262 2136 311 2172 τῆς
333 2136 379 2163 τοῦ
405 2137 557 2174 σπέρματος
573 2138 690 2173 ῥεύσεως
710 2139 756 2165 καὶ
778 2140 792 2165 ὁ
818 2139 905 2174 μέγας

121 2182 280 2214 Ἀθανάσιος
306 2182 430 2215 πλατέως
450 2183 566 2219 ἔγραψεν
592 2184 659 2220 πρὸς
682 2184 803 2220 ’Δμμοῦν
823 2186 904 2221 μονά-

114 2228 205 2262 ζοντα.

257 2915 381 2943 Ριηιοι.
410 2913 466 2942 Gn.
484 2912 522 2942 Χ.

957 944 1048 966 autem
1073 938 1207 972 seminis,
1233 946 1324 974 quzere
1351 938 1442 973 magni
1467 945 1578 974 quoque
1599 938 1742 966 Athanasii

956 984 1099 1019 epistolam
1118 984 1152 1011 ad
1166 984 1293 1011 Ammum
1310 986 1487 1011 monachum.

995 1031 1095 1058 Zona.
1117 1030 1166 1058 llic
1183 1039 1293 1066 quoque
1307 1030 1456 1065 praeposita:
1479 1030 1684 1066 interrogationi
1701 1040 1744 1059 re-

957 1077 1072 1112 spondet
1087 1077 1177 1104 Pater.
1201 1076 1322 1112 Rogatus
1339 1084 1458 1111 namque
1474 1084 1507 1103 an
1526 1077 1605 1104 liceat
1628 1078 1662 1105 iis
1682 1079 1744 1113 qui-

957 1123 1009 1150 bus
1031 1123 1144 1151 seminis
1170 1124 1260 1150 ﬂuxus
1285 1131 1339 1150 non
1363 1127 1460 1157 sponte
1482 1124 1632 1159 contingit,
1658 1126 1743 1153 sacris

956 1169 1160 1196 communicare
1173 1169 1327 1204 mysteriis,
1351 1168 1491 1203 respondit
1513 1177 1520 1195 :
1543 1169 1594 1203 Qui
1619 1170 1671 1198 hoc
1695 1179 1743 1205 pa~

956 1214 1077 1248 tiuntur,
1107 1215 1245 1250 propriam
1270 1219 1420 1249 sequantur
1445 1215 1655 1249 conscientiam,
1690 1217 1743 1244 hoc

956 1266 1008 1293 est,
1032 1260 1096 1288 facti
1121 1261 1240 1296 judicem
1267 1264 1388 1288 statuant
1415 1262 1629 1294 conscientiam,
1660 1271 1740 1290 suum

955 1308 1080 1335 videlicet
1106 1308 1227 1334 animum
1258 1314 1290 1334 ac
1319 1311 1457 1340 mentem;
1485 1309 1522 1335 ita
1541 1313 1571 1335 ut
1593 1309 1615 1336 si
1633 1309 1741 1344 quidem

955 1354 1031 1382 nulla
1053 1353 1197 1381 aﬂ'ectione
1217 1353 1421 1388 praegrediente,
1438 1354 1509 1381 ultro
1526 1355 1638 1382 seminis
1652 1355 1741 1383 ﬂuxus

956 1400 1057 1431 evenit,
1081 1399 1165 1427 veluti
1190 1399 1357 1434 superﬂuum
1382 1401 1445 1435 quid
1472 1400 1560 1435 ipsum
1580 1408 1743 1430 ercet-uento

955 1451 1054 1474 natttra
1069 1466 1075 1477 ,
1106 1452 1194 1481 neque
1212 1446 1249 1472 illi
1267 1454 1376 1473 (ausam
1391 1447 1537 1474 vinolentia
1556 1448 1595 1474 vel
1611 1448 1742 1483 gulositas

955 1491 1082 1528 praebuit,
1097 1492 1130 1519 ad
1144 1496 1269 1519 sanctum
1289 1492 1373 1519 altare
1397 1493 1525 1520 accedere
1539 1493 1584 1528 qui
1601 1493 1626 1521 id
1643 1501 1742 1528 passus

956 1542 1007 1570 est,
1025 1537 1238 1572 haudquaquam
1259 1537 1411 1570 vetabitur;
1438 1537 1460 1564 si
1483 1545 1548 1564 vero
1566 1538 1673 1565 mollior
1691 1538 1741 1565 ali-

956 1590 1010 1618 qua
1031 1582 1160 1618 cogitatio
1183 1583 1338 1617 praecessit,
1358 1590 1445 1617 eaque
1467 1583 1549 1609 menti
1568 1583 1670 1610 diutius
1694 1584 1744 1610 ob-

956 1634 1064 1658 versata
1089 1634 1251 1657 nocturnam
1277 1630 1393 1664 speciem
1418 1630 1535 1663 induxit,
1552 1638 1634 1666 quam
1648 1635 1743 1665 postea

955 1679 1069 1707 sctninis
1090 1678 1180 1705 ﬂuxus
1201 1682 1243 1705 est
1260 1683 1435 1711 consecutus,
1460 1683 1541 1712 atque
1566 1686 1600 1706 ex
1627 1678 1744 1705 inconti-

955 1726 1048 1753 nentia
1072 1725 1196 1752 ciborum
1218 1730 1244 1752 et
1260 1725 1376 1760 potionis
1402 1725 1500 1758 evertit,
1522 1726 1593 1753 haud
1616 1727 1743 1761 estt-jus-

955 1771 1027 1799 modi
1046 1771 1127 1798 homo
1147 1779 1231 1806 purus
1245 1792 1251 1803 ,
1272 1779 1324 1798 non
1349 1772 1384 1798 ob
1399 1771 1535 1798 dcﬂuxum
1556 1773 1668 1800 seminis
1686 1774 1744 1809 (ne-

955 1824 1008 1851 qtte
1021 1816 1092 1843 enim
1108 1816 1160 1843 hoc
1175 1816 1322 1850 impurum.
1336 1817 1555 1851 quandoquidem
1570 1826 1619 1845 nec
1636 1819 1743 1853 impura

955 1870 1030 1895 caro,
1047 1863 1126 1897 cujus
1140 1862 1191 1889 hoc
1202 1861 1427 1896 excrementum),
1443 1862 1488 1889 sed
1501 1863 1535 1889 ob
1548 1863 1741 1898 cogitationem

955 1915 1078 1943 pravam,
1099 1915 1159 1942 qua:
1181 1907 1302 1934 animum
1328 1907 1490 1942 inquinavit.
1519 1906 1578 1934 Non
1595 1913 1637 1935 est
1651 1908 1743 1943 itaque

956 1953 1001 1980 hic
1025 1953 1127 1980 nullius
1155 1952 1206 1980 sibi
1230 1952 1358 1980 conscius
1384 1953 1470 1985 labis,
1497 1953 1665 1988 proindeque
1692 1962 1743 1982 nec

955 1999 1033 2034 plena
1063 1999 1101 2025 illi
1125 1999 1233 2031 fiducia,
1259 1999 1295 2026 ob
1312 2007 1387 2026 suam
1411 1999 1597 2034 cupiditatem.
1621 2000 1678 2033 Qua
1697 2009 1743 2027 ra-

956 2046 1030 2073 tione
1049 2045 1131 2081 igitur
1145 2044 1200 2072 Deo
1217 2045 1445 2080 appropinquabit
1462 2045 1610 2073 dubitans?
1626 2045 1743 2081 Subjieit

957 2099 1066 2128 quoque
1094 2092 1184 2128 magni
1213 2092 1290 2119 Pauli
1317 2092 1499 2125 sententiam,
1523 2091 1557 2119 de
1585 2092 1741 2129 idolothytis

955 2138 1111 2170 scribentis,
1130 2138 1201 2173 quod
1220 2139 1243 2165 si
1258 2139 1381 2165 dubitans
1402 2137 1530 2171 comedat,
1553 2140 1740 2166 condemnatus

955 2189 1004 2211 est.
1029 2184 1114 2211 l’orro
1136 2185 1169 2211 de
1191 2185 1303 2212 seminis
1330 2184 1463 2217 ﬂuxione,
1491 2191 1606 2220 magnus
1632 2191 1742 2219 quoque

954 2230 1121 2257 Athanasius
1146 2230 1238 2257 multis
1262 2230 1352 2257 verbis
1371 2230 1404 2258 ad
1421 2230 1549 2258 Ammum
1575 2228 1740 2258 moaachum

954 2277 1073 2312 scripsit.

1590 2900 1625 2930 hi
