3966 6206
424 239 552 296 1291

1413 248 1470 304 S.
1512 249 1807 307 DIONYSII
1841 250 2151 310 EPISCOPI
2187 253 2655 312 ALEXANDBINI

3528 237 3670 289 12θὲ

428 486 3635 530 W

1450 676 2665 900 DIONYSII

895 1044 1761 1202 EPISCOPI
1884 1043 2658 1202 ALEXAN
2664 1050 3123 1203 DRIN
3129 1051 3197 1202 Ι

1754 1312 1945 1381 eum?
1962 1298 2378 1371 SUPERSUNT

950 1496 1596 1640 OPERUM
1709 1497 1909 1622 ET
2023 1490 3145 1627 EPISTOLARUM

1769 1907 2121 2023 PARS
2226 1908 2329 2022 ΙΙ

998 2131 1071 2194 ln
1133 2148 1259 2213 qua
1319 2130 1732 2195 continentur
1766 2128 2069 2209 Epistolas
2096 2130 2234 2192 sive
2266 2128 2687 2207 epistolarum
2722 2127 3097 2209 fragmenta.

1283 2445 1621 2503 EPISTOLA
1654 2446 1692 2502 Ι.
1723 2477 1793 2487 -
1831 2447 1922 2502 AD
1954 2443 2294 2505 DOMITIUII
2329 2443 2417 2498 ET
2454 2441 2784 2500 DIDYMUM.

1667 2607 2031 2673 (Euseb.,l!ist.
2055 2607 2195 2672 ccci,
2232 2622 2313 2669 vn,
2342 2609 2441 2673 11.)

491 2924 531 2981 Ι.
570 2924 801 2982 Nostros
828 2936 957 2979 vero
990 2919 1301 2993 (martyres)
1335 2917 1674 2989 superﬂuum
1705 2925 1790 2973 est
1816 2915 1992 2972 nomi-

2162 2913 2241 2965 A'.
2274 2908 2411 2973 Τοὺς
2439 2908 2496 2963 δὲ
2524 2904 2828 2980 ἡμετέρους
2859 2902 3087 2969 πολλούς
3112 2921 3171 2958 τε
3199 2902 3361 2969 ὄντας
3385 2906 3481 2961 καὶ
3502 2905 3692 2976 ἁγὼ

420 3020 591 3075 natim
621 3030 927 3081 recensere,
961 3028 1085 3070 cum
1115 3020 1169 3067 et
1188 3009 1408 3081 plurimi
1437 3009 1546 3063 sint
1575 3016 1628 3063 et
1655 3006 1811 3063 vobis
1835 3007 1991 3078 ignoo

419 3114 480 3167 ti.
520 3109 578 3166 Id
612 3118 825 3165 tantum
852 3109 908 3163 in
940 3106 1257 3162 universum
1294 3101 1436 3157 scire
1466 3115 1562 3155 vos
1591 3099 1877 3164 convenit,
1906 3097 1989 3153 vi-

417 3217 509 3259 ros
536 3210 590 3258 et
616 3200 873 3255 mulieres
892 3240 907 3265 ,
933 3197 1159 3268 juvenes
1188 3210 1253 3249 ac
1292 3207 1481 3256 senes,
1513 3191 1720 3261 puellas
1741 3199 1795 3245 et
1826 3206 1986 3255 anus,

418 3293 621 3350 milites
648 3306 713 3346 ac
746 3304 1017 3361 paganos,
1043 3303 1111 3342 ex
1140 3285 1287 3341 omni
1313 3283 1547 3352 denique
1578 3281 1860 3336 hominum
1892 3296 1988 3351 ge-

417 3384 743 3454 nere'atque
774 3390 951 3445 astate,
982 3380 1121 3435 alios
1148 3377 1437 3448 ﬂagrorum
1464 3373 1782 3429 verberibus
1802 3412 1817 3436 ,
1850 3373 1987 3427 alios

416 3476 547 3532 ferri
591 3474 744 3539 acie,
779 3472 915 3527 alios
947 3470 1164 3541 ignibus
1196 3468 1250 3521 in
1283 3464 1578 3522 certamine
1609 3462 1877 3533 superatis
1901 3474 1990 3516 co—

416 3581 586 3624 ronas
619 3565 892 3622 retulisse.
948 3561 1235 3617 Nonnullis
1280 3573 1411 3614 vero
1439 3555 1820 3627 longissimum
1852 3563 1988 3608 tem—

414 3660 565 3732 poris
598 3658 834 3729 spatium
869 3670 978 3710 non
1011 3652 1145 3708 satis
1178 3651 1281 3706 fuit
1311 3648 1379 3704 ad
1411 3649 1548 3713 hoc,
1601 3654 1661 3701 ut
1686 3644 1795 3700 Deo
1830 3659 1987 3701 acce-

412 3751 643 3825 ptabiles
670 3748 983 3804 viderentur
1018 3763 1031 3800 :
1067 3744 1228 3800 sicuti
1258 3757 1358 3797 nec
1384 3740 1520 3795 mihi
1550 3740 1605 3793 in
1639 3738 1785 3793 hunc
1815 3750 1989 3806 usque

416 3847 582 3901 diem.
648 3839 869 3897 Scilicet
901 3840 955 3894 in
988 3830 1136 3894 aliud
1165 3845 1528 3907 opportunum
1560 3841 1808 3901 tempus,
1840 3829 1988 3901 quod

412 3937 516 4007 ipsi
544 3935 715 4007 probe
752 3933 1037 4006 cognitum
1068 3938 1152 3986 est
1171 3971 1186 3997 ,
1236 3943 1324 3983 me
1354 3925 1564 3982 distulit
1594 3923 1861 3980 Dominus
1890 3922 1989 3992 qui

411 4026 547 4081 dicit
593 4045 606 4080 :
645 4022 708 4079 In
741 4034 968 4093 tempore
996 4028 1207 4092 accepto
1234 4017 1482 4074 exaudiui
1512 4026 1581 4085 te,
1622 4026 1672 4071 et
1704 4018 1758 4070 in
1793 4016 1878 4069 die
1898 4030 1989 4069 sa-

413 4117 543 4171 lutis
578 4114 873 4186 opitulatur
904 4128 1020 4166 sum
1051 4112 1145 4164 tibi
1176 4113 1242 4163 η.

482 4208 547 4264 ll.
597 4209 673 4264 De
699 4210 863 4264 rebus
895 4216 1073 4262 autem
1110 4205 1313 4261 nostris
1343 4201 1781 4275 quandoquidem
1805 4199 1988 4257 scisci-

411 4301 637 4364 tamini,
672 4316 736 4355 ac
777 4298 1040 4355 certiores
1070 4295 1188 4351 ﬁeri
1228 4294 1391 4351 vultis
1432 4308 1543 4365 quo
1575 4294 1631 4348 in
1678 4300 1819 4348 statu
1856 4307 1986 4362 aga-
2016 4282 2061 4343 B

411 4407 571 4461 mus;
624 4391 911 4447 audivistis
964 4388 1183 4460 quidem
1233 4388 1491 4453 omnino,
1527 4399 1637 4456 quo
1666 4393 1824 4455 pacto
1856 4399 1984 4440 cum

330 4557 339 4565 ε
410 4501 513 4560 ego
544 4494 599 4542 et
629 4483 799 4539 Caius
830 4493 884 4538 et
910 4481 1144 4539 Faustus
1175 4496 1300 4537 eum
1342 4480 1503 4536 Petro
1533 4490 1587 4535 et
1614 4478 1787 4535 Paulo
1819 4479 1984 4535 vincti

481 4619 529 4650 ’θ’
570 4616 673 4672 lsa.
704 4629 855 4682 χιιι,
877 4613 931 4669 8.

481 4732 592 4804 (65)
646 4730 822 4804 Ἐπεὶ⁸
850 4726 1276 4804 πυξςθάνέτσθᾳιΣ
1322 4726 1504 4804 ςοάςι
1533 4727 1672 4784 Med.
1694 4770 1709 4795 ,
1761 4727 1897 4804 l'j‘uk.
1929 4737 1985 4783 et

409 4797 550 4859 Man;
575 4797 785 4857 habent
809 4798 995 4870 ἐπειδὴ
1027 4817 1086 4853 π.
1112 4799 1218 4870 καὶ
1251 4797 1557 4870 βοιξλεσθαι,
1582 4808 1638 4855 et
1668 4800 1832 4870 paulo
1859 4808 1983 4869 post

403 4873 792 4948 ἀπαχομένομς
824 4884 921 4939 pro
947 4868 1290 4948 dyopévou§,_
1304 4868 1504 4948 Vates.

480 4938 611 5014 (66f
632 4942 743 4996 Καὶ
776 4938 1144 5014 στρατηγῶν.
1187 4938 1334 5014 Male
1362 4939 1833 5014 interpretes__hoc
1859 4938 1981 4995 loco

402 5009 584 5069 duces
611 5012 951 5081 interpretati
994 5009 1155 5077 sunt;
1192 5011 1465 5081 quodest
1495 5009 1979 5081 absurdissimum.

401 5086 519 5141 Cur
545 5084 692 5141 enim
734 5079 982 5153 pluribus
1013 5096 1163 5153 opus
1184 5090 1301 5135 erat
1330 5079 1560 5135 ducibus
1595 5081 1663 5134 ad
1711 5079 1984 5153 deducen-

401 5158 539 5211 dum
568 5149 885 5227 Dionysium
919 5152 986 5227 in
1009 5149 1261 5227 eisilium
1283 5190 1298 5215 ,
1324 5164 1449 5227 cum
1478 5165 1621 5227 unus
1644 5158 1853 5227 tantum
1880 5149 1981 5203 ad-

407 5235 557 5283 esset
596 5218 881 5281 cetifurio?
926 5220 1072 5278 Vidit
1115 5221 1256 5276 hanc
1295 5219 1684 5275 absurditatem
1727 5218 1980 5274 Christo-

407 5298 741 5371 phorsonus,
755 5309 930 5371 eaque
953 5294 1020 5349 de
1037 5308 1204 5371 causa
1220 5305 1319 5361 pro
1335 5289 1657 5371 στρατηγῶν
1672 5290 1983 5371 emendavit

407 5358 748 5440 στρατηγοῦ,
795 5358 857 5420 ρι’
883 5365 1068 5419 ducem
1102 5358 1487 5432 interpretatus
1530 5358 1635 5416 est.
1668 5358 1777 5415 Sed
1804 5375 1982 5431 neque

407 5440 517 5495 hoc
550 5439 714 5494 modo
744 5435 1132 5492 absurditatem
1165 5433 1337 5489 vitare
1378 5431 1572 5503 potuit.
1604 5429 1792 5501 Neque
1832 5435 1980 5503 enim

406 5511 522 5567 dux
570 5508 687 5578 ipse
737 5522 860 5578 reos
905 5507 961 5561 in
999 5506 1252 5578 exsilium
1282 5500 1553 5560 deducere
1595 5500 1833 5578 solebat,
1874 5500 1981 5578 Sed

406 5574 724 5648 hujusmodi
742 5576 989 5648 cilicium
1023 5577 1382 5631 mandabatur
1414 5575 1721 5630 centurioni
1746 5574 1840 5630 aut
1868 5575 1981 5648 spi-

403 5642 663 5708 euiatori.
723 5647 883 5702 Aliud
940 5648 1104 5718 igitur
1150 5647 1423 5717 signiﬁcat
1470 5662 1576 5701 vox
1621 5642 1973 5718 στρατηγῶν,

404 5732 605 5790 nempe
634 5718 953 5776 duumviros
970 5717 1071 5774 seu
1102 5719 1454 5790 magistratus
1487 5717 1860 5773 Alexandrinie
1897 5718 1976 5771 ei-

2094 3021 2191 3067 τας
2212 3003 2361 3073 ὑμῖν,
2397 2999 2656 3072 περισσὸν
2691 2998 2948 3069 ὀνομαστὶ
2973 2996 3329 3068 καταλέγειν
3376 2998 3518 3069 πλὴν
3563 3000 3687 3056 (ac:

2092 3095 2173 3148 ὅτι
2207 3092 2396 3165 ἄνδρες
2430 3091 2524 3145 καὶ
2550 3091 2805 3159 γυναῖκες
2828 3129 2844 3155 ,
2872 3088 2966 3142 καὶ
3003 3088 3111 3143 νέοι
3137 3090 3231 3143 καὶ
3262 3089 3555 3162 γέροντες,
3581 3093 3689 3146 καὶ

2093 3185 2253 3258 κόραι
2287 3183 2383 3237 καὶ
2412 3179 2762 3255 πρεσϐύτιδες
2783 3218 2799 3243 ,
2833 3179 2929 3232 καὶ
2957 3180 3282 3248 στρατιῶται
3315 3181 3411 3235 καὶ
3444 3181 3683 3247 ἰδιῶται,

2094 3279 2188 3334 καὶ
2222 3278 2329 3331 πᾶν
2354 3276 2510 3345 γένος
2535 3272 2627 3327 καὶ
2657 3272 2808 3324 πᾶσα
2831 3269 3018 3342 ἡλικία
3035 3310 3051 3336 ,
3078 3273 3129 3325 οἱ
3157 3272 3254 3343 μὲν
3277 3271 3367 3326 διὰ
3395 3273 3682 3344 μαστίγων

2093 3371 2186 3425 καὶ¹
2216 3368 2385 3441 πυρὸς
2410 3407 2425 3432 ,
2473 3368 2521 3421 οἱ
2553 3367 2610 3421 δὲ
2635 3368 2723 3423 διὰ
2750 3370 2969 3443 σιδήρου
3011 3370 3101 3424 τὸν
3136 3366 3322 3437 ἀγῶνα
3350 3369 3683 3439 νικήσαντες

2092 3462 2217 3526 τοὺς
2259 3444 2555 3530 στεφάνονς
2601 3461 2964 3534 ἀπειλήφασν
3014 3464 3124 3525 τοῖς
3169 3460 3227 3513 δὲ
3274 3458 3336 3511 οὐ
3380 3459 3680 3530 πάμπολυς

2092 3556 2374 3628 αὐτάρκης
2402 3552 2579 3624 ἀπέὀη
2613 3555 2821 3626 χρόνος,
2861 3558 2939 3621 εἰς
2976 3555 3038 3608 τὸ
3073 3554 3302 3624 φανῆναι
3333 3552 3560 3615 δεκτοὺς
3599 3552 3681 3622 τῷ

2092 3649 2284 3722 Κυρίῳ
2307 3666 2320 3679 ·
2350 3647 2539 3720 ὥσπερ
2561 3644 2653 3703 οὖν
2681 3649 2822 3702 ἔοικε
2854 3649 2989 3720 μηδὲ
3015 3649 3139 3719 ἐμοὶ
3164 3647 3193 3700 ὃ
3226 3646 3389 3717 μέχρι
3412 3643 3531 3698 νῦν.
3558 3644 3680 3697 Διό-

2093 3759 2201 3812 περ
2232 3744 2309 3805 el;
2340 3742 2398 3794 ὃν
2435 3738 2572 3795 οἶδεν
2603 3742 2763 3807 αὐτὸς
2796 3741 3097 3812 ἐπιτήδειον
3143 3739 3332 3810 καιρὸν
3376 3737 3679 3808 ὑπερέθετό

2098 3850 2185 3905 με,
2212 3836 2240 3887 ὁ
2265 3832 2436 3903 λέγων
2458 3851 2472 3864 ·
2509 3833 2702 3902 Καιρῷ
2743 3832 2929 3899 δεκτῷ
2955 3830 3275 3902 ἐπήκουσᾶ
3300 3845 3442 3896 σου,
3476 3829 3575 3884 καὶ
3604 3829 3678 3883 ἐν

2093 3927 2280 3998 ἡμέρᾳ
2306 3927 2609 3997 σωτηρίας
2635 3924 2937 3997 ἐϐοήθησὰ
2968 3941 3085 3981 σοι.

2165 4202 2238 4255 B'.
2276 4201 2357 4256 Τὰ
2402 4201 2511 4274 γὰρ
2554 4201 2677 4256 καθ’
2720 4202 2868 4272 ἡμᾶς
2911 4199 3097 4273 ἐπειδὴ
3146 4200 3487 4256 πυνθάνεσθε
3529 4201 3667 4275 (65),

2091 4297 2184 4351 καὶ
2222 4295 2472 4367 βούλεσθε
2503 4294 2806 4367 δηλωθῆναι
2833 4294 2960 4365 ὑμῖν
3002 4294 3148 4358 ὅπως
3184 4294 3465 4366 διάγομεν,
3500 4297 3673 4366 ἡκοῦ-

2093 4406 2219 4443 σατε
2264 4387 2361 4459 μὲν
2407 4387 2660 4452 πάντως,
2701 4388 2849 4451 ὅπως
2889 4387 3037 4457 ἡμᾶς
3067 4385 3348 4456 δεσμώτας
3381 4388 3672 4459 ἀπαγομέ-

2090 4498 2213 4545 νους
2241 4479 2346 4533 ὑπὸ
2375 4479 2771 4552 ἑκατοντάρχου
2808 4478 2904 4534 καὶ
2934 4480 3255 4551 στρατηγῶν
3290 4478 3402 4554 (66)
3438 4481 3538 4536 καὶ
3563 4481 3674 4536 τῶν

2089 4731 2290 4786 vitatis.
2320 4730 2492 4802 Graeci
2515 4729 2665 4802 enim
2692 4731 2765 4784 ita
2794 4731 3079 4797 vocabant,
3112 4740 3173 4786 ut
3199 4732 3451 4802 pluribus
3474 4748 3669 4789 exem-

2126 4801 2192 4855 lis
2253 4801 2478 4871 probavi
2530 4802 2596 4856 ad
2657 4801 2857 4856 librum
2916 4818 3046 4856 χιιι
3097 4801 3278 4858 Amm.
3338 4802 3664 4862 Marceilini.

2134 4886 2262 4944 orro
2291 4872 2345 4925 bi
2373 4872 2728 4944 magistratus
2748 4887 2873 4944 cum
2901 4871 3168 4944 baberent
3211 4873 3484 4930 modicam
3513 4891 3672 4930 coer-

2089 4941 2344 5014 eitionem
2365 4980 2382 5005 ,
2408 4941 2789 5014 ut'loquuntur
2807 4942 3188 5014 jurisconsulti
3210 4984 3226 5009 ,
3255 4960 3380 5000 reos
3414 4960 3671 5014 compre-

2088 5010 2326 5086 hendere
2350 5051 2365 5076 ,
2393 5010 2598 5086 carceri
2630 5010 2960 5086 mancipare,
2991 5022 3044 5068 et
3070 5012 3429 5086 interrogare,
3457 5023 3516 5071 et
3533 5010 3682 5086 Acta.

2087 5081 2356 5138 coniicere
2383 5083 2649 5154 solebant,
2677 5081 2925 5139 Romano
2945 5082 3161 5153 praesidi
3195 5081 3465 5154 judicium
3494 5088 3564 5141 de
3596 5088 3663 5141 iis

2087 5161 2544 5225 reservantes,‘ut
2568 5153 2776 5225 discere
2800 5163 2885 5208 est
2916 5170 2982 5209 ex
3011 5153 3240 5210 Actibus
3260 5157 3662 5225 apostolorum,

2086 5229 2235 5294 et_ex
2275 5220 2425 5281 Actis
2455 5221 2629 5294 Pionii
2664 5224 2916 5294 martyris
2946 5234 3000 5278 et
3027 5220 3515 5292 aliorumeuare
3554 5220 3685 5283 nou.

2088 5291 2289 5346 mirum
2325 5300 2435 5359 est,
2465 5293 2513 5348 si
2546 5291 2895 5367 magistratus
2924 5294 3275 5367 Alexandriae
3305 5291 3412 5352 hoc
3444 5297 3502 5351 in
3543 5299 3661 5354 loco

2087 5377 2306 5435 operam
2335 5378 2502 5435 suam
2521 5365 2869 5435 commodam
2900 5365 3096 5420 rectori
3126 5365 3439 5435 provincia,
3465 5369 3534 5421 ad
3562 5370 3653 5419 de-

2087 5432 2394 5506 ducendum
2439 5433 2763 5506 Dionysium
2807 5434 2864 5489 in
2899 5432 3198 5492 exsilium:
3246 5452 3409 5506 quem
3453 5438 3660 5493 scilicet

2087 5503 2190 5578 ipsi
2216 5503 2770 5578 comprehenderant,
2815 5507 2971 5578 etin_
2988 5503 3281 5576 judicium‘
3297 5521 3486 5562 coram
3521 5525 3657 5578 pra:-

2088 5573 2230 5647 fecto
2277 5573 2492 5647 Egypti
2538 5574 2895 5647 addugerantl
2941 5573 3047 5631 sed
3098 5585 3158 5647 et
3194 5593 3317 5647 quae
3352 5573 3656 5647 sequuntur

2084 5645 2268 5706 verba,
2292 5646 2386 5720 καὶ
2408 5644 2513 5698 τῶν
2538 5646 2634 5699 σὺν
2649 5645 2831 5709 αὐτοῖς
2856 5644 3323 5720 στρατιωτῷνκαὶ
3345 5644 3655 5720 ὑπήρετῶν,

2082 5717 2407 5772 sententiam
2461 5726 2701 5772 nostram
2743 5716 3087 5773 conlirinant.
3141 5716 3275 5773 Nam
3321 5716 3654 5789 στρατιῶται
