1965 3432
144 122 157 148 Ι
163 122 218 150 293

640 127 750 156 EHST.
771 127 817 155 AD
834 127 1004 157 DOMlTlUM
1024 128 1068 156 ET
1088 127 1257 157 DIDYMUM.

1706 125 1777 153 19.94

143 183 195 207 σὺν
214 180 307 213 αὐτοῖς
325 184 498 218 στρατιωτῶν
523 186 570 212 καὶ
596 186 749 222 ὑπηρετῶν,
770 187 820 222 ἐμέ
837 196 867 214 τε
891 197 921 214 κα

989 187 1154 214 duceremur
1166 195 1181 213 a
1195 175 1354 214 centurione
1365 189 1392 213 et
1403 185 1619 221 magistratibus,
1629 185 1777 213 militibus-

142 228 236 259 Γάϊον,
249 228 381 261 Φαῦστον,
399 231 445 257 καὶ
459 231 562 267 Πέτρον
575 233 622 259 καὶ
643 233 758 266 Παῦλον,
778 234 936 266 ἐπελθόντες

141 274 217 306 τινες
231 275 284 301 τῶν
298 275 455 311 Μαρεωτῶν
470 276 536 312 (67),
558 277 674 310 ἄκοντας
687 278 734 305 καὶ
750 279 818 315 μηδὲ
836 279 936 315 ἑπομέ-

141 329 217 351 νους,
236 320 280 356 βίᾳ
294 328 323 347 τε
344 321 472 356 σύροντες
487 322 543 358 (68)
561 323 743 359 ἀφήρπασαν·
765 325 820 360 ἐγὼ
840 325 869 352 δὲ
889 326 935 353 νῦν

141 368 191 394 καὶ
214 368 294 399 Γάϊος
314 369 361 395 καλ⁸
384 368 497 405 Πέτρος,
524 371 600 405 μόνοι
621 371 675 398 τῶν
701 371 789 399 ἄλλων
813 373 934 407 ἀδελφῶν

140 414 401 449 ἀπορφανισθέντες,
416 416 445 441 ὲν
456 416 552 451 ἐρήμῳ
564 418 610 443 καί
622 417 756 453 αὐχμηρῷ
770 418 819 453 τῆς
832 419 936 455 Λιδύης

142 459 219 494 τόπῳ
235 459 498 496 κατἀκεκλείσμεθα,
515 462 598 497 τριῶν
616 463 727 498 ἡμερῶν
743 463 802 490 ὁδὸν
814 464 861 491 τοῦ
878 465 934 491 Πα-

143 505 278 540 ραιτονίου
293 506 474 540 διεστηκότες.

177 551 215 578 I".
234 551 288 578 Kal
304 552 512 587 ὑποκαταϐὰς,
527 554 637 587 φησιν·
647 554 690 581 Ἑν
703 554 731 581 δὲ
743 556 775 590 τῇ
793 555 868 582 πόλει
886 564 934 582 κα-

141 597 319 625 ταδεδύκασιν
334 598 445 633 ἀφανῶς
461 599 688 635 ἐπισκεπτόμενοι
703 602 766 633 τοὺς
783 602 912 637 ἀδελφούς
925 612 931 618 ·

142 642 323 679 πρεσϐύτεροι
347 644 405 678 μὲν,
430 644 566 680 Μάξιμος,
593 646 747 682 Διόσκορος,
778 649 933 685 Δημήτριος

142 688 192 715 καὶ
214 688 343 720 Λούκιος’
364 689 389 715 οἱ
411 689 465 726 γὰρ
488 691 517 716 ἐν
539 691 577 726 τῷ
600 691 694 727 κόσμῳ
718 694 932 730 προφανέστεροι

140 735 289 767 Φαυστίνος
306 736 352 762 καὶ
373 737 495 768 Ἀκύλας,
508 737 537 763 ὲν
552 737 682 773 Αἰγύπτῳ
695 739 864 767 πλανῶνται·
879 741 933 768 διὰ-

141 789 215 808 κονοι
231 781 259 808 δὲ
274 782 298 808 οἱ
318 782 387 817 μετὰ
407 784 470 814 τοὺς
487 784 515 809 ἐν
532 785 564 819 τῇ
587 784 657 819 νόσῳ
680 785 735 821 (69)
755 786 932 822 τελευτήσαν-

140 835 192 858 τας
208 827 425 862 ὑπολειφθέντες,
447 829 577 861 Φαῦστος,
600 829 739 863 Εὑσέὸιος,
760 832 928 868 Χαιρήμων·

141 872 271 905 Εὐσέϐιος
287 873 316 900 ὃν
333 875 362 907 ἐξ
377 875 463 910 ἀρχῆς
474 876 488 901 ὁ
505 875 571 907 Θεὸς
585 876 782 912 ἐνεδυνάμωσε,
801 878 848 904 καὶ
860 886 931 913 παρ-

139 919 273 946 εσκεύασε
288 920 338 952 τὰς
354 921 506 956 ὑπηρεσίας
518 921 571 948 τῶν
586 923 615 948 ὲν
627 924 687 955 ταῖς
703 923 836 957 φυλακαῖς
854 932 931 958 γενο-

141 965 230 1000 μένων
247 966 419 1002 ὀμολογητῶν
436 967 590 1001 ἐναγωνίως
609 968 794 1004 ἀποπληροῦν,
814 970 861 996 καὶ
881 970 931 1002 τὰς

138 1012 196 1038 τῶν
215 1013 347 1047 σωμάτων
364 1013 526 1049 περιστολὰς
544 1013 599 1049 (70)
622 1014 676 1042 τῶν
692 1015 801 1042 τελείων
815 1018 862 1042 καὶ
877 1025 930 1052 μα-

138 1058 244 1094 καρίων
263 1059 408 1095 μαρτύρων
423 1059 473 1086 οὐκ
489 1060 638 1092 ἀκινδύνως
660 1061 789 1089 ἐκτελεῖν.
807 1063 861 1089 Καὶ
875 1063 929 1100 γὰρ

138 1104 221 1140 μέχρι
238 1104 285 1131 νῦν
303 1105 353 1131 οὐκ
369 1105 475 1141 ἀνίησιν
495 1105 510 1131 ὀ
525 1106 685 1142 ἡγούμενος,
702 1108 765 1139 τοὺς
784 1108 834 1143 μὲν
848 1109 927 1136 ἀναι-

139 1151 207 1186 ρῶν,
224 1151 262 1182 ώς
284 1152 424 1187 προεῖπον,
446 1152 529 1188 ὠμῶς
549 1152 602 1179 τῶν
623 1154 852 1189 προσαγομένων·
865 1157 928 1188 τοὺς

135 1196 167 1223 δὲ
184 1197 311 1232 βασάνοις
329 1199 497 1231 καταξαίνων
510 1208 516 1214 ·
538 1200 601 1232 τοὺς
615 1200 644 1227 δὲ,
664 1201 797 1236 φυλακαῖς
816 1202 863 1229 καὶ
885 1202 927 1229 δε-

138 1243 217 1278 σμοῖς
229 1244 363 1279 ἐκτήκων,
379 1245 555 1281 προστάσσων
570 1255 599 1273 τε
614 1247 716 1283 μηδένα
727 1249 830 1282 τούτοις
842 1259 927 1286 προσ-

139 1288 226 1314 ιέναι·
245 1289 291 1315 καὶ
314 1290 465 1326 ἀνερευνῶν
492 1292 527 1326 μή
550 1300 591 1323 τις
612 1293 719 1329 φανείη.
744 1295 798 1322 Καὶ
816 1295 890 1330 ὅμως
912 1297 926 1322 ό

137 1334 204 1366 Θεὸς
216 1336 249 1370 τῇ
265 1335 402 1372 προθυμία
416 1338 461 1363 καὶ
479 1337 609 1375 λιπαρείᾳ
627 1339 681 1366 τῶν
694 1340 816 1376 ἀδελφῶν
835 1342 926 1369 διανα-

138 1382 221 1409 παίει
237 1384 299 1415 τοὺς
316 1384 523 1419 πεπιεσμένους.

140 1449 297 1489 referuntur
326 1451 359 1478 ad
389 1451 759 1489 centurionempbnnpérat
791 1461 856 1482 vero
889 1455 924 1482 ad

137 1485 298 1514 duumviros
314 1494 363 1514 seu
378 1487 553 1523 magistratus
565 1488 665 1522 quibus
675 1485 823 1523 parebant.
836 1490 923 1517 Atha-

137 1522 234 1549 nasius
246 1529 366 1560 quoque,
382 1522 409 1549 in
423 1523 536 1558 epistola
556 1523 589 1560 ad
605 1522 754 1557 solita’rios,
769 1525 922 1560 στρατηγόν

136 1561 216 1584 vocat
239 1557 412 1584 duumvirum
437 1566 484 1585 seu
517 1558 705 1589 magistratum
731 1557 921 1589 Alexandrinae

135 1592 266 1630 civitatis.
280 1592 408 1630 Loquens
422 1593 493 1630 enim
511 1593 544 1630 de
558 1592 668 1630 Arionis
684 1595 731 1630 qui
747 1595 920 1630 presbyteros

136 1635 170 1664 ac
191 1628 321 1655 diaconos
334 1627 504 1655 Alexandria:
518 1629 545 1655 in
561 1627 860 1664 judicium'pertractos
873 1638 920 1658 ex-

135 1663 198 1691 silio
217 1664 412 1692 multaverant.
429 1664 464 1690 ita
485 1664 578 1691 scribit
591 1671 598 1690 :
611 1665 665 1691 Kal.
686 1663 743 1697 πῶς
756 1666 854 1697 αὐτοὺς
874 1667 921 1693 ἐπὶ

133 1698 182 1724 τοῦ
203 1699 296 1730 δουκὸς
309 1699 355 1735 καὶ
373 1698 426 1735 τῶν
438 1698 787 1735 δικαστῶννὲφυγὼδευσαν,
800 1701 920 1735 καταφέ-

136 1742 230 1768 ροντες
255 1735 286 1760 ὲκ
304 1733 357 1761 τῶν
376 1734 458 1760 οἴκων
471 1734 535 1765 τοὺς
556 1734 672 1767 οἰκείους
692 1735 781 1762 αὐτῶν
800 1736 844 1762 διὰ
864 1733 919 1763 τῶν

135 1769 310 1813 στρατιωτῶν
325 1770 372 1796 καὶ
390 1769 435 1796 τοῦ
451 1769 604 1813 στρατηγοῦ
626 1770 773 1813 Γοργονίου⁸
787 1771 834 1797 καὶ
850 1771 919 1813 πλη-

134 1806 197 1838 γαῖς
210 1807 427 1836 κατακόπτοντες
437 1825 444 1836 ,
462 1805 487 1831 id
500 1810 551 1836 est,
565 1806 693 1839 quomodo
711 1806 785 1833 ducis
799 1814 831 1833 ac
842 1805 918 1840 judi-

134 1847 195 1866 cunt
209 1847 286 1874 opera
300 1849 342 1867 eos
355 1841 383 1867 in
397 1840 520 1867 exsiliunt
532 1848 604 1874 egere
612 1849 622 1872 ;
638 1842 795 1868 necessarios
809 1841 917 1869 illorum

133 1882 168 1911 ea:
179 1876 298 1902 domibus
313 1875 476 1903 extrahentes
492 1876 602 1902 militari
623 1884 712 1909 ntanu,
727 1881 752 1902 et
764 1877 917 1911 adjumento

136 1909 263 1946 Gargonii
282 1912 463 1946 magistratus.
485 1911 552 1947 Male
572 1911 643 1938 enim
665 1909 803 1946 interpres
818 1911 918 1947 Gorgo-

135 1948 209 1972 nium
226 1947 317 1973 ducent
330 1947 419 1973 vertit.
437 1947 517 1980 Atqui
537 1946 590 1973 dux
607 1947 663 1981 ipse
680 1947 857 1974 Sebastianus
870 1946 918 1974 vo-

134 1982 259 2014 cabatur,
270 1987 337 2009 teste
350 1982 516 2013 Athanasio;
530 1981 682 2016 Gorgonius
695 1990 758 2009 vero
772 1982 917 2017 magistra-

134 2021 180 2043 tus
201 2022 259 2043 erat
279 2025 326 2044 seu
348 2017 475 2044 duumvir
497 2017 683 2050 Alexandria;
707 2017 785 2051 cujus
802 2017 828 2044 id
852 2025 916 2052 pro-

134 2052 222 2086 prium
232 2060 332 2079 munus
341 2056 410 2083 erat,
418 2056 447 2079 ut
460 2060 521 2079 reos
533 2053 775 2087 comprehenderet
784 2057 811 2080 et
822 2060 916 2080 coram

134 2087 286 2121 majoribus
307 2087 445 2122 judieibus
464 2088 581 2114 sisteret.
606 2087 733 2115 Testatur
756 2088 783 2115 id
807 2088 915 2116 libellus

133 2123 336 2156 protestationis
350 2123 440 2157 populi
456 2122 641 2155 Alexandrini,
656 2131 737 2158 quem
749 2123 915 2151 Athanasius

132 2158 256 2192 epistola:
278 2166 334 2185 suae
351 2156 483 2192 subjecit,
501 2158 542 2185 his
560 2159 648 2186 verbis
665 2156 672 2185 Ξ
687 2156 747 2185 ora;
764 2158 850 2185 ταῦτα
867 2159 915 2185 καὶ

132 2194 147 2219 ὁ
166 2193 316 2229 στρατηγὸς
330 2194 378 2228 τῆς
400 2193 503 2229 πόλεως
522 2193 663 2229 Γοργόνιος
680 2202 686 2219 :
702 2198 729 2222 et
742 2194 821 2229 paulo
842 2200 912 2228 post,

131 2228 275 2265 ᾁπέστειλε
286 2229 335 2265 τὸν
343 2229 392 2264 τῆς
402 2228 504 2265 τάξεως
521 2228 626 2264 δήμιον,
643 2230 691 2255 καὶ
703 2229 748 2256 τὸν
763 2229 914 2265 στρατηγὸν

133 2263 219 2290 θέλων
231 2264 299 2291 αὐτὰ
320 2262 385 2299 ἆραι
397 2284 404 2296 ,
421 2264 449 2291 id
472 2268 527 2296 est,
547 2262 621 2291 misit
636 2262 821 2299 spiculatorcin
838 2262 915 2299 ofﬁcii

131 2301 191 2332 sui,
212 2305 236 2326 et
251 2299 455 2334 magistratum,
471 2303 499 2326 ut
515 2307 591 2327 arma
613 2300 661 2326 illa
679 2307 713 2327 ea:
733 2299 843 2331 ecclesia
862 2299 915 2327 tol-

130 2334 205 2361 leret.
222 2334 320 2362 VALES.

168 2369 223 2406 (67)
249 2370 444 2404 Ἔπελθόντες
455 2370 536 2404 τινὲς
550 2369 609 2397 τῶν
619 2370 792 2405 Μαρεωτῶν.
808 2369 870 2397 Haec
886 2371 914 2398 in

129 2406 218 2441 prima
244 2407 431 2440 persecutione
452 2407 503 2433 sub
527 2406 610 2433 Decio
631 2406 816 2441 contigerunt,
850 2410 914 2434 tunc

130 2440 194 2468 cum
208 2441 354 2477 Dionysius
369 2442 462 2468 Sabini
479 2442 598 2477 praefecti
611 2440 912 2477 sententiarTaposiriut

128 2477 262 2504 deductus
281 2476 322 2503 est
333 2498 339 2508 ,
357 2483 386 2503 ut
401 2477 496 2504 scribit
516 2477 573 2510 ipse
589 2476 733 2511 Dionysius
749 2476 775 2502 in
791 2476 906 2511 epistola

128 2513 263 2540 adversus
285 2512 470 2543 Germanum,
489 2512 558 2539 infra
581 2512 675 2539 relata.
698 2511 777 2538 Certe
792 2512 839 2546 qui
854 2511 912 2545 epi-

128 2548 228 2575 stolam
244 2548 317 2574 illam
333 2547 452 2582 Dionysii
464 2548 594 2574 adversus
604 2547 769 2574 Germanum
786 2554 848 2574 cum
862 2546 912 2582 hac

128 2591 191 2618 quae
207 2582 239 2609 ad
257 2581 409 2609 Domitium
421 2584 519 2617 scripta
533 2587 574 2609 est
586 2581 746 2613 contulerit,
763 2590 815 2609 non
833 2581 913 2609 dubi-

128 2619 197 2645 tabit
212 2618 277 2653 quin
289 2619 322 2645 de
338 2626 391 2645 una
403 2620 551 2653 eademque
569 2626 598 2645 re
617 2618 761 2652 utrobique
784 2618 912 2653 loquatur

127 2651 286 2688 Dionysius.
301 2653 390 2686 Quare
405 2651 513 2681 fallitur
521 2653 665 2685 Eusebius,
680 2651 726 2687 qui
737 2653 763 2679 in
782 2651 833 2679 bac
850 2651 911 2678 Dio-

126 2689 198 2724 nysii
214 2691 245 2715 ad
262 2688 407 2716 Domitium
422 2689 534 2724 cpistola
547 2696 579 2716 ca
601 2688 704 2715 narrari
726 2688 830 2722 putavit
849 2695 911 2721 quae

125 2723 161 2751 ad
180 2723 315 2751 Valeriani
342 2723 556 2759 persecutionem
581 2724 766 2759 pertinebant;
789 2724 860 2758 quod
876 2730 909 2749 ex

128 2761 188 2794 ipso
204 2758 428 2795 Dionysiorifacile
443 2766 485 2787 est
500 2759 632 2787 refellere.
652 2759 758 2786 Etenim
772 2758 799 2795 in
816 2766 909 2792 persc-

126 2795 237 2822 cutione
249 2794 302 2822 sub
319 2794 473 2827 Valeriano,
490 2795 635 2830 Dionysius
651 2802 705 2821 non
719 2799 761 2821 est
776 2794 909 2821 deductus

127 2832 155 2857 in
175 2831 301 2858 exsilium
324 2839 385 2857 cum
403 2831 526 2858 custodia
549 2830 679 2861 militari,
704 2837 755 2857 nec
777 2836 909 2864 superve-

129 2867 233 2894 nientes
248 2866 387 2898 Marcone,
417 2866 515 2900 fugatis
532 2866 676 2898 militibus,
702 2873 763 2893 eum
787 2873 833 2900 per
854 2866 907 2890 vim

989 241 1043 269 que
1056 238 1083 260 et
1097 233 1313 268 apparitoribus,
1336 232 1383 267 qui
1397 239 1452 259 una
1467 240 1529 260 cum
1543 232 1610 267 ipsis
1623 235 1715 264 erant,
1729 238 1777 259 su-

989 280 1179 315 pervenientes
1199 279 1310 314 quidam
1327 287 1360 306 ex
1374 278 1522 312 Mareotis,
1548 278 1648 306 invitos
1664 286 1714 305 nos
1729 286 1778 305 nec

988 331 1085 361 sponte
1109 330 1254 361 sequentes
1278 333 1326 360 per
1341 325 1398 351 vim
1416 324 1608 352 abstraxerint.
1638 324 1694 359 Ego
1715 325 1776 359 qui-

988 372 1049 398 dem
1066 378 1139 398 nunc
1155 376 1182 399 et
1203 370 1301 398 Petrus
1317 375 1342 397 et
1356 370 1440 398 Caius
1456 370 1526 403 soli,
1555 370 1666 404 reliquis
1684 369 1777 397 fratri-

988 418 1039 445 bus
1064 418 1163 450 orbati,
1193 418 1220 444 in
1236 418 1344 444 deserto
1364 421 1392 444 et
1414 416 1538 452 squalido
1554 416 1670 452 quodam
1687 417 1777 452 Libym

987 464 1048 492 loco
1063 463 1188 491 conclusi
1201 471 1298 491 smnus
1308 485 1315 497 ,
1338 463 1421 491 tridui
1435 463 1533 491 itinere
1547 463 1679 491 distantes
1695 472 1710 491 a
1724 464 1777 491 Pa-

986 509 1110 536 raetonio.

1027 553 1071 582 lll.
1093 554 1127 581 Et
1144 554 1282 590 aliquanto
1296 559 1356 589 post
1368 554 1419 581 aln
1433 554 1527 581 urbem
1538 576 1545 587 ,
1567 554 1666 589 inquit,
1683 555 1775 581 occul-

985 604 1078 628 tarunt
1094 608 1123 628 se
1135 621 1143 633 ,
1169 605 1198 628 ut
1216 600 1314 628 fratres
1327 601 1450 628 clanculo
1467 601 1587 628 iuvisant
1601 610 1608 628 :
1625 600 1775 636 presbyteri

985 647 1105 681 quidem,
1119 646 1265 679 Maximus,
1279 647 1435 679 Dioscorus,
1452 646 1604 674 Demetrius
1615 652 1642 674 et
1656 647 1773 679 Lucius;

984 691 1132 719 Faustinus
1149 693 1221 719 enirn
1238 696 1265 719 et
1277 691 1373 727 Aquila
1384 712 1390 723 ,
1407 697 1499 727 utpote
1520 693 1546 719 in
1567 693 1670 728 majore
1685 693 1775 720 ltomi-

984 747 1049 765 num
1064 739 1125 766 luce
1142 738 1233 773 positi,
1261 746 1308 773 per
1322 738 1469 773 Egyptum
1491 744 1637 774 vagantur;
1664 739 1773 766 diaconi

984 792 1050 812 vero
1063 785 1197 819 pastillos
1209 785 1255 820 qui
1271 785 1367 812 morbo
1379 785 1534 820 consumpti
1554 789 1627 817 sunt,
1642 786 1774 820 supersti-

984 840 1036 868 tes,
1049 834 1180 866 Faustus,
1196 834 1341 867 Eusebius,
1355 835 1514 862 Chaeremon
1526 844 1534 868 ;
1563 835 1694 863 Eusebius
1704 858 1711 869 ,
1730 837 1773 864 in-

982 888 1075 916 quam,
1090 888 1170 915 quem
1184 879 1256 907 Deus
1266 880 1323 915 jant
1342 880 1405 907 inde
1417 880 1451 907 ab
1464 880 1543 907 initio
1558 881 1705 914 roboravit,
1721 882 1773 908 im-

983 926 1106 961 pulitque
1126 930 1156 953 ut
1169 925 1375 953 confessoribus
1391 925 1417 952 in
1430 926 1553 953 custodia
1571 926 1667 960 positis
1688 927 1772 953 mitti-

982 973 1065 1000 steria
1079 977 1188 1001 Strenue
1198 972 1353 1003 exhiberet;
1372 975 1455 1005 utque
1474 976 1726 999 consummatorum
1738 980 1772 1000 ac

981 1018 1124 1046 beatorum
1142 1022 1292 1053 martyrum
1317 1017 1449 1044 cadavera
1473 1024 1527 1044 non
1543 1017 1602 1044 sine
1617 1018 1713 1052 capitis
1727 1019 1770 1045 sui

980 1065 1103 1100 periculo
1129 1065 1266 1100 sepeliret.
1296 1062 1363 1091 Nam
1387 1063 1414 1090 in
1438 1063 1512 1090 hunc
1528 1071 1613 1098 usque
1628 1065 1698 1091 diem
1714 1073 1769 1092 non

980 1115 1069 1138 cessat
1084 1110 1227 1145 prmfcctus
1243 1113 1352 1136 nostros
1367 1108 1412 1143 qui
1425 1110 1575 1143 praisentia:
1591 1109 1676 1144 ipsius
1690 1110 1770 1137 exhi-

979 1155 1088 1187 bentur,
1104 1156 1202 1190 partim
1216 1155 1367 1182 intertieere
1382 1153 1583 1185 crudelissime,
1598 1155 1696 1189 partim
1713 1160 1769 1182 tor-

979 1201 1079 1229 mentis
1101 1201 1252 1234 dilaniare,
1273 1201 1371 1235 partim
1394 1201 1522 1236 squalore
1538 1201 1658 1228 carceris
1673 1207 1699 1229 ct
1713 1203 1770 1230 vin-

978 1247 1048 1276 culis
1062 1254 1216 1281 macerare;
1232 1246 1399 1274 interdiceus
1412 1247 1518 1281 nequis
1531 1247 1565 1274 ad
1581 1254 1630 1275 eos
1643 1249 1766 1281 accedat,

978 1301 1005 1322 et
1028 1299 1201 1330 perscrutans
1223 1302 1287 1320 num
1308 1292 1371 1328 quis
1396 1292 1466 1320 forte
1487 1293 1610 1321 videatur
1626 1295 1764 1323 accedere.

978 1340 1171 1367 Verumtamen
1189 1338 1259 1366 Deus
1270 1347 1302 1366 ex
1317 1338 1458 1366 alacritate
1478 1346 1510 1365 ac
1528 1339 1694 1375 benignitate
1707 1339 1765 1368 fras

977 1391 1061 1418 trum,
1077 1385 1204 1412 solatium
1221 1384 1331 1412 assidue
1345 1388 1456 1419 praestat
1467 1383 1583 1412 afﬂictis.

976 1451 1142 1479 abstractum
1160 1451 1185 1477 in
1201 1450 1353 1477 libertatem
1375 1450 1572 1482 restituerunt;
1599 1458 1648 1478 nec
1666 1451 1763 1480 Caium

975 1492 1002 1514 et
1026 1486 1155 1513 Faustum
1174 1490 1200 1513 et
1222 1485 1332 1513 Petrum
1348 1493 1381 1521 ac
1395 1485 1510 1513 Paulum
1527 1486 1700 1521 presbyteros
1721 1495 1764 1515 se—

975 1530 1037 1550 cum
1062 1526 1127 1549 tunc
1142 1521 1288 1556 Dionysius
1311 1520 1415 1548 habuit.
1432 1521 1499 1554 Quae
1512 1520 1615 1548 omnia
1627 1521 1654 1548 in
1670 1530 1763 1556 perse-

973 1557 1084 1585 cutione
1102 1557 1147 1584 illa
1160 1555 1221 1591 quae
1235 1556 1316 1591 paulo
1342 1561 1404 1584 ante
1424 1555 1498 1584 Decii
1514 1556 1658 1590 imperium
1671 1555 1763 1592 coepta

973 1598 1031 1624 est,
1047 1592 1176 1627 Dionysio
1193 1592 1383 1627 contigerunt,
1401 1597 1434 1624 ut
1453 1591 1509 1625 ipse
1527 1595 1642 1618 testatur
1664 1592 1691 1619 in
1708 1591 1763 1627 epi-

973 1628 1041 1655 stola
1056 1628 1187 1655 adversus
1202 1627 1379 1654 Germanum.
1405 1628 1439 1654 At
1456 1627 1481 1655 in
1505 1627 1692 1660 persecutione
1711 1629 1763 1656 sub

973 1663 1129 1694 Valeriano,
1144 1662 1301 1697 Dionysium
1314 1662 1437 1697 cornitan
1453 1666 1518 1689 sunt
1531 1662 1556 1688 in
1567 1662 1664 1689 exsilio
1675 1662 1762 1690 Maxi-

972 1707 1034 1726 mus
1059 1696 1220 1733 presbyter,
1235 1702 1269 1733 ριν
1288 1697 1395 1733 diaconi
1421 1696 1553 1733 Faustus,
1575 1697 1710 1725 Eusebius
1734 1704 1763 1726 et

971 1732 1150 1764 Chaeremon,
1163 1738 1189 1759 et
1207 1732 1317 1768 quidam
1331 1732 1445 1759 clericus
1461 1732 1617 1765 Romanus,
1630 1735 1762 1768 quemad-

970 1769 1082 1796 modum
1096 1768 1192 1803 scribit
1205 1767 1277 1795 idcm
1296 1767 1442 1803 Dionysius
1458 1768 1486 1795 in
1501 1768 1614 1802 epistola
1628 1767 1760 1797 adversus

970 1803 1146 1831 Germanum.
1160 1802 1197 1829 lo.

1007 1838 1061 1874 (68)
1074 1839 1128 1874 Βίᾳ
1142 1846 1173 1864 τε
1183 1838 1231 1864 καὶ
1246 1838 1400 1871 σύροντες.
1413 1836 1441 1863 In
1456 1836 1633 1874 codice_Med.
1648 1843 1674 1865 et
1689 1838 1758 1868 Maz.

969 1872 1066 1909 legitur
1083 1873 1128 1908 βίᾳ.
1141 1873 1311 1909 τεᾼσρροντες
1335 1873 1435 1909 rectius
1448 1879 1456 1897 :
1473 1880 1523 1900 nec
1536 1872 1613 1901 aliter
1626 1874 1759 1909 scriptunt

969 1907 1050 1937 habet
1064 1907 1148 1936 codex
1166 1907 1340 1935 Fuk’ctianus.
1358 1907 1397 1934 lo.

1005 1944 1060 1980 (69)
1082 1944 1130 1980 ‘Er
1146 1943 1183 1978 τῇ
1197 1944 1287 1975 νόσῳ.
1308 1942 1423 1980 Rufinus
1439 1943 1503 1978 legit
1516 1944 1598 1980 νήσῳ.
1623 1944 1668 1972 Sic
1683 1945 1756 1973 enim

968 1978 1072 2007 vertit:
1091 1978 1142 2006 Sed
1158 1988 1191 2007 ea:
1206 1979 1467 2015 diaconisrquosdant
1484 1980 1510 2015 in
1526 1978 1620 2015 insula
1629 1985 1686 2014 post
1702 1989 1756 2015 pae-

969 2023 1016 2043 nas
1037 2015 1207 2049 confessionis
1234 2022 1289 2041 esse
1302 2014 1476 2051 adeﬁmctos,
1490 2014 1589 2051 Verum
1612 2014 1757 2051 Dionysium

969 2052 1039 2078 luem
1059 2048 1184 2085 intelligit
1196 2070 1203 2081 ,
1220 2057 1280 2084 qua:
1297 2049 1365 2076 Galli
1389 2054 1415 2076 et
1429 2048 1570 2077 Volusiani
1587 2048 1755 2084 temporibus

968 2091 1090 2120 grassata
1104 2090 1146 2112 est
1161 2093 1207 2120 per
1222 2090 1308 2112 totum
1331 2085 1425 2111 orbem
1443 2085 1608 2117 Romanum,
1625 2091 1654 2112 ut
1669 2085 1755 2113 Euse-

967 2122 1029 2148 bius
1053 2122 1079 2148 iit
1097 2120 1226 2148 Chronico
1246 2120 1346 2155 aliique
1364 2125 1507 2147 testantur.
1527 2120 1592 2147 Vide
1612 2121 1753 2148 Aurelium

970 2155 1115 2184 Victorem.
1145 2155 1273 2190 Ejusdem
1298 2155 1385 2182 morbi
1410 2155 1535 2182 meminit
1558 2155 1702 2190 Dionysius
1726 2158 1753 2183 in

966 2192 1081 2226 cpistola
1103 2191 1223 2226 paschali
1244 2191 1278 2217 ad
1301 2191 1518 2223 Alexandrinos,
1545 2191 1589 2217 ubi
1611 2192 1691 2217 etiam
1719 2192 1754 2219 de

966 2227 1090 2254 diaconis
1104 2226 1225 2261 loquitur
1234 2233 1310 2261 quos
1325 2226 1410 2260 pestis
1425 2226 1469 2252 illa
1487 2226 1668 2260 consumpsit.
1685 2226 1721 2253 In.

1002 2262 1059 2297 (70)
1074 2260 1267 2295 Περίστολάς.
1286 2260 1368 2297 Hauc
1379 2268 1471 2287 vocem
1488 2261 1755 2295 Christopliorsonus

967 2296 1053 2332 longo
1063 2298 1209 2324 verborum
1223 2296 1339 2323 circuitu
1363 2296 1399 2323 ita
1419 2301 1460 2323 est
1482 2296 1674 2331 interpretatus
1688 2305 1695 2323 :
1711 2298 1752 2323 Ad

966 2333 1059 2365 lintea,
1074 2333 1166 2368 quibus
1184 2339 1294 2392 corlpora
1310 2332 1443 2358 beatorum
1459 2338 1606 2366 martyrum
1621 2332 1680 2366 jam
1699 2333 1752 2359 vita

966 2369 1149 2392 defunctorum
1163 2367 1221 2392 int-0
1236 2372 1365 2392 verentur.
1375 2367 1546 2392 conficienda.
1564 2366 1686 2392 Habebat
1698 2367 1752 2392 sci-

965 2366 1149 2401 defunctorum
1163 2366 1365 2398 involverentur,
1375 2367 1546 2401 conficienda.
1564 2366 1686 2394 Habebat
1698 2367 1754 2395 sci-

965 2403 1027 2431 licet
1040 2411 1096 2438 pra:
1111 2402 1198 2429 oculis
1214 2402 1481 2436 Cllrislopltorsonus
1509 2402 1681 2438 morelnrwvi
1702 2410 1754 2429 no-

965 2437 1112 2473 stri,’quo
1130 2442 1255 2473 mortuos
1269 2437 1351 2464 linteo
1366 2438 1472 2472 operire
1484 2457 1491 2469 ,
1514 2442 1595 2473 atque
1617 2437 1653 2473 ita
1669 2438 1754 2464 humo

964 2471 1081 2502 condere
1095 2473 1225 2501 solemus.
1243 2471 1320 2506 Apud
1335 2471 1462 2507 antiquos
1479 2480 1546 2507 vero
1559 2472 1603 2507 (de
1618 2471 1753 2499 Christia-

965 2511 1008 2537 n'rs
1022 2510 1105 2536 etiam
1127 2507 1242 2543 loquor)
1269 2508 1338 2534 alius
1360 2506 1419 2535 mos
1434 2512 1501 2534 erat.
1526 2506 1653 2543 Vestibus
1677 2509 1750 2534 enim

964 2545 1093 2572 cadavera
1110 2542 1274 2571 atnicicbaut
1286 2564 1293 2576 ,
1306 2548 1332 2570 et
1347 2543 1454 2578 quidem
1472 2542 1678 2578 pretiosissimis
1689 2562 1696 2573 ,
1722 2548 1751 2570 ut

964 2580 1044 2608 docet
1057 2579 1190 2607 Eusebius
1206 2579 1253 2605 lib.
1264 2586 1313 2609 vn,
1330 2576 1390 2613 cap.
1405 2579 1447 2610 to“,
1463 2576 1495 2604 de
1511 2578 1631 2604 Asturio.
1646 2576 1673 2604 Si
1687 2579 1750 2612 quis

964 2621 1054 2643 tamen
1077 2614 1317 2649 Cbristophorsoni
1339 2615 1489 2641 versiOucm
1514 2613 1577 2640 velit
1595 2613 1748 2649 defendere,

964 2651 1111 2684 habet,quo
1126 2647 1199 2676 illam
1218 2653 1336 2679 tueatur,
1355 2649 1540 2684 testimonium
1557 2649 1709 2684 Athanasii.
1724 2647 1750 2676 is

962 2687 1033 2713 enim
1047 2682 1076 2712 in
1096 2685 1155 2711 Vita
1170 2685 1200 2711 Β.
1219 2684 1327 2710 Antonii
1342 2685 1378 2710 ita
1393 2684 1487 2711 scribit
1500 2693 1507 2710 :
1522 2682 1610 2710 Solent
1627 2683 1750 2719 Aigqptt'i

961 2721 1002 2755 pie
1015 2721 1199 2755 defunctorum
1213 2739 1220 2751 ,
1240 2723 1317 2753 atque
1331 2720 1465 2755 inprimis
1480 2724 1630 2746 sanctorum
1648 2725 1749 2755 marty-

962 2764 1021 2782 rum
1040 2764 1149 2790 corpura
1170 2756 1292 2789 [unerare
1304 2754 1409 2789 quidem
1421 2774 1427 2785 ,
1449 2760 1472 2781 et
1489 2755 1577 2781 tinteis
1598 2754 1747 2788 involvere;

961 2800 1012 2817 non
1026 2795 1112 2817 autem
1132 2792 1256 2816 mandare
1269 2794 1361 2822 terras;
1377 2791 1421 2826 sed
1434 2790 1558 2826 imposita
1579 2790 1693 2825 lectulis,
1706 2799 1748 2819 tn-

961 2833 1002 2854 tra
1015 2827 1131 2861 privatos
1145 2826 1258 2860 parietes
1277 2825 1396 2852 retinere.
1413 2825 1450 2853 lo.

32 3098 1395 3259 v

1813 886 1829 904 Χ

1836 2980 1880 3013 ,ιι-
