3966 6206
315 308 445 361 HO!
1433 299 1653 356 EPIST.
1695 300 1785 353 AD
1824 296 2083 355 FABIUM
2123 294 2443 352 ANTIOCH.
3426 296 3566 353 i302

308 428 607 498 θρασύτητι
644 425 704 479 τὸ
760 423 892 498 μηδὲ
934 422 1197 495 πρότερον
1225 422 1542 493 Χριστιανοὶ
1572 420 1849 491 γεγονέναι

1989 415 2188 488 pusillo
2222 415 2406 470 animo
2431 431 2569 471 esse.
2597 415 2700 469 Alii
2732 426 2859 469 vero
2883 414 3187 486 promptius
3214 414 3279 468 ad
3311 429 3435 469 aras
3470 417 3565 470 ad—

309 516 439 589 περ)⁸
478 508 553 569 ὧν
598 517 630 586 ἡ
670 513 763 568 τοῦ
808 514 1012 585 Κυρίου
1062 513 1365 585 πρόρρησις
1406 512 1765 585 ἀληθεστάτη,
1800 512 1860 565 ὅτ

1985 508 2307 571 currebant,
2361 506 2618 563 audacter
2656 507 2983 563 aflirmantes
3011 522 3290 578 nunquam
3324 521 3382 560 se
3403 516 3560 560 antea

303 607 577 670 δυσκόλως
603 604 953 676 σωθήσονται.
983 603 1104 658 Τῶν
1134 605 1192 657 δὲ
1219 602 1438 668 λοιπῶν,
1467 605 1514 656 οἱ
1551 604 1648 674 μὲν
1670 604 1865 657 εἵποντι

1982 599 2324 656 Christianos
2378 599 2549 656 fuisse
2590 600 2696 655 :de
2747 600 2947 670 quibus
2996 600 3279 654 verissime
3310 597 3561 667 praedixit

303 697 515 761 τούτοις
559 696 871 768 ἑκατέρως’
918 696 967 749 οί
1006 694 1062 748 δὲ
1100 694 1361 763 ἔφευγον
1400 694 1450 746 oi
1488 692 1542 746 δὲ
1578 693 1859 764 ἡλίσκοντο

1982 692 2110 746 olim
2137 690 2425 755 Dominus.
2452 692 2721 763 ejusmodi
2748 692 2995 747 homines
3018 707 3157 761 aegre
3184 677 3410 744 salutem
3438 705 3565 743 con-

302 790 413 844 Καὶ
438 789 641 843 τούτων
662 791 708 841 οἱ
758 787 855 859 μὲν
888 788 1014 859 ἄχρι
1039 786 1255 857 δεσμῶν
1290 786 1383 840 xal.
1413 785 1655 855 φυλακῆς
1697 786 1865 856 χωρή-

1982 793 2290 840 secuturos.
2345 785 2534 840 Cmteri
2583 794 2763 839 autem
2805 783 3000 853 partim
3043 783 3333 837 alterutros
3371 796 3560 835 eorum

302 900 494 946 σαντες
525 899 539 913 ο
594 880 687 935 καί
735 898 907 945 τινες,
959 879 1053 933 καὶ
1098 878 1346 941 πλείονας
1399 877 1609 949 ἡμέρας
1656 876 1865 948 καθειρ-

1985 893 2123 948 quos
2153 876 2389 932 diximus
2419 919 2432 941 ,
2492 876 2890 946 sequebantur;
2942 874 3137 944 partim
3186 890 3242 928 se
3290 873 3343 926 in
3378 872 3559 941 fugam

299 972 538 1043 χθέντες,
574 969 690 1026 εἶτα
715 972 808 1026 καὶ
831 972 958 1043 πρὶν
983 972 1062 1034 είς
1086 970 1426 1041 δικαστήριον
1451 967 1727 1031 εἰσελθεῖν,
1755 966 1865 1031 ἐξω

1984 969 2223 1035 dabant;
2278 970 2476 1040 partim
2534 968 3151 1038 comprehendebantur.
3217 964 3294 1018 Ex
3361 965 3559 1034 quibus

301 1067 566 1135 μόσαντο’
602 1068 649 1119 οί
682 1065 739 1119 δὲ
772 1066 865 1118 καὶ
900 1064 1150 1134 βασάνοις
1199 1062 1294 1116 ἐπὶ
1328 1062 1491 1115 ποσὸν
1541 1063 1865 1133 ἐγκαρτερή-

1982 1062 2260 1127 nonnulli,
2296 1078 2418 1116 cum
2452 1076 2625 1129 usque
2660 1060 2725 1115 ad
2760 1060 2971 1113 vincula
3012 1069 3065 1113 et
3095 1058 3395 1113 custodiam
3434 1070 3562 1126 pro-

299 1174 516 1221 σαντες,
543 1156 677 1228 πρὸς
706 1155 764 1209 τὸ
793 1155 917 1226 ἑξῆς
951 1156 1200 1209 ἀπεῖπον.

1981 1155 2154 1223 gressi
2196 1163 2412 1219 essent,
2441 1156 2661 1225 quidam
2696 1155 2857 1208 etiam
2885 1154 3159 1223 plusculos
3194 1152 3309 1205 dies
3351 1152 3402 1205 in
3438 1165 3561 1205 car-

293 1263 422 1304 cere
449 1248 846 1317 perstitissent,
895 1247 1046 1316 prius
1083 1255 1262 1299 tamen
1312 1259 1474 1315 quam
1517 1243 1570 1297 in
1609 1243 1873 1313 judicium
1925 1243 2335 1311 inducerentur,
2396 1248 2557 1301 fidem
2614 1246 2917 1316 ejurarunt.
2973 1242 3225 1298 Nonnulli
3254 1257 3380 1297 vero
3433 1256 3555 1296 cunt

297 1340 615 1411 aliquandiu
652 1348 918 1393 tormenta
955 1338 1166 1391 fortiter
1192 1338 1599 1402 sustinuissent,
1630 1336 1697 1390 ad
1736 1337 1943 1406 reliqua
1979 1339 2545 1408 quaefintentabantur
2594 1337 2853 1408 supplicia
2891 1335 3102 1390 animos
3128 1333 3555 1403 desponderunt.

368 1437 446 1489 E'.
479 1436 542 1487 Οἱ
568 1434 623 1486 δὲ
650 1434 866 1504 στερροὶ
896 1432 990 1485 καὶ
1026 1434 1282 1503 μακάριοι
1309 1431 1489 1484 στῦλοι
1517 1430 1609 1484 τοῦ
1646 1431 1872 1503 Κυρίου,

293 1524 732 1599 κραταιωθέντες
767 1525 859 1576 ὑπ’
908 1524 1095 1587 αὑτοῦ,
1132 1524 1225 1576 καὶ
1273 1524 1370 1594 τῆς
1403 1524 1628 1596 ἰσχυρᾶς
1661 1524 1718 1576 ὲν
1752 1525 1877 1577 ἐαυ-

294 1623 409 1683 τοῖς
436 1619 668 1680 πίστεως
696 1616 852 1683 ἀξίαν
878 1616 971 1670 καὶ
995 1616 1253 1685 ἀνάλογον
1285 1617 1513 1688 δύναμιν
1553 1617 1647 1671 καὶ
1678 1634 1868 1688 καρτε-

297 1712 421 1783 ρίαν
448 1711 723 1774 λαϐόντες,
754 1709 1058 1779 θαυμαστοὶ
1111 1708 1396 1778 γεγόνασιν
1442 1709 1603 1763 αὐτοῦ
1637 1710 1737 1778 τῆς
1774 1709 1868 1779 βα-

2050 1431 2115 1487 V.
2158 1432 2357 1488 Verum
2393 1434 2535 1488 beati
2573 1434 2645 1487 illi
2671 1448 2734 1486 ac
2781 1432 3002 1487 stabiles
3031 1431 3295 1485 columna:
3321 1428 3556 1501 Domini,

1976 1524 2044 1579 ab
2071 1526 2190 1594 ipso
2216 1527 2544 1593 confirmati,
2571 1536 2625 1580 et
2652 1525 2773 1579 fidei
2809 1540 2920 1579 suae
2953 1524 3135 1578 robori
3167 1532 3554 1593 congruentem

1975 1627 2027 1671 et
2072 1634 2138 1672 ex
2178 1634 2334 1689 aequo
2382 1619 2798 1688 respondentem
2849 1616 2956 1670 vim
2986 1626 3149 1686 atque
3190 1614 3553 1669 constantiam

1976 1709 2151 1775 nacti,
2206 1706 2555 1763 admirabiles
2594 1710 2741 1778 regni
2787 1707 2931 1761 illius
2979 1714 3145 1761 testes
3183 1705 3358 1759 ell'eeti
3404 1712 3553 1761 sunt.

294 1802 498 1865 σιλείας
526 1802 818 1873 μάρτυρες.
855 1795 953 1853 Ὧν
983 1800 1198 1871 πρῶτος
1258 1801 1558 1865 Ἰουλιανὸς,
1591 1801 1865 1873 ἄνθρωπος

1976 1801 2217 1867 Quorum
2256 1802 2465 1871 primus
2512 1800 2761 1855 Julianus
2789 1842 2803 1866 ,
2852 1800 2935 1853 vir
2976 1797 3227 1868 podagrae
3271 1796 3553 1851 doloribus

296 1896 589 1967 ποδαγρὸς,
629 1896 702 1967 μὴ
737 1898 949 1968 στῆναι,
1008 1895 1082 1967 μὴ
1138 1894 1348 1965 βαδίσαι
1407 1894 1721 1965 δυνάμενος,
1776 1896 1871 1947 σὺν

293 1986 507 2057 ἑτέροις
538 1986 631 2039 δύο
664 1989 775 2050 τοῖς
829 1987 1083 2059 φέρουσιν
1133 1985 1315 2048 αὐτὸν,
1377 1984 1660 2056 προσήχθη
1683 2001 1694 2013 ·
1737 1977 1811 2037 ὧν
1843 1986 1871 2037 ὁ

296 2079 397 2149 μὲν
426 2077 631 2149 ἕτερος,
681 2077 842 2140 εὐθὺς
899 2078 1191 2148 ἠρνήσατο·
1234 2078 1263 2129 ὀ
1310 2076 1356 2129 δ’
1408 2076 1593 2146 ἕτερος
1625 2075 1870 2146 Κρονίων

289 2169 541 2239 ὀνόματι,
574 2168 799 2239 ἐπίκλην
832 2169 887 2221 δὲ
919 2167 1142 2233 Εὔνους,
1178 2169 1271 2221 καὶ
1304 2167 1464 2231 αὐτὸς
1506 2169 1534 2219 ὁ
1560 2166 1871 2238 πρεσϐύτης

303 2262 609 2326 ,1ουλιανὺςν
657 2262 1087 2333 ὁμολογήσαντες
1131 2262 1223 2316 τὸν
1276 2261 1509 2332 Κύριον,
1559 2261 1644 2314 διὰ
1690 2261 1871 2332 πάσης

286 2352 393 2423 τῆς
426 2352 631 2415 πόλεως
662 2353 925 2423 μεγίστης
946 2351 1135 2423 οὔσης,
1159 2352 1240 2415 ὡς
1281 2352 1415 2415 ἴστε,
1448 2350 1718 2421 καμήλοις
1745 2353 1869 2403 ἐπο-

287 2444 543 2515 χούμενοι
572 2445 665 2497 καὶ
690 2444 953 2516 μετέωροι
987 2443 1601 2515 μαστιγούμενοι,τέλος
1621 2442 1868 2513 ἀσϐέστῳ

291 2537 426 2609 πυρὶ
479 2537 589 2607 (89)
650 2538 1076 2608 περικεχυμένου
1134 2536 1225 2589 τοῦ
1274 2536 1441 2607 δήμου
1478 2536 1676 2599 παντὸς
1704 2553 1867 2588 κατε-

288 2632 526 2702 κάησαν.
554 2629 900 2702 Στρατιώτης
947 2647 1006 2682 τε
1063 2629 1244 2692 αὐτοῖς
1284 2628 1650 2698 ἀπαγομένοις
1690 2644 1866 2697 παρα-

288 2722 447 2787 στὰς,
481 2722 573 2776 καὶ
604 2724 716 2786 τοῖς
749 2722 1129 2793 ἐφυϐρίζουσιν
1176 2721 1534 2785 ἐναντιωθεὶς,
1568 2719 1865 2791 ἐκϐοησάν-

285 2831 399 2866 των
430 2814 653 2867 ἐκείνων
684 2813 1012 2885 προσαχθεὶς
1062 2814 1090 2866 ὁ
1139 2812 1516 2883 ἀνδρειότατος
1560 2811 1866 2882 ὁπλομάχος

285 2904 384 2957 τοῦ
415 2905 549 2957 Θεοῦ
575 2906 776 2975 Βησάς,
803 2906 904 2957 κάν
938 2904 1015 2974 τῷ
1066 2905 1285 2976 μεγάλῳ
1339 2904 1563 2975 πολέμῳ
1615 2904 1692 2975 τῷ
1740 2905 1866 2975 περὶ

287 2997 392 3067 τῆς
416 2998 694 3061 εὐσεϐείας
751 2997 1099 3069 ἀριστεύσας,
1160 2998 1448 3069 ἀπετμήθη
1476 2997 1575 3068 τὴν
1599 2997 1861 3069 κεφαλήν.

293 3090 405 3144 Καί
449 3109 531 3153 τις
556 3091 741 3162 ἕτερος
768 3090 829 3142 τὸ
876 3090 973 3160 μὲν
1014 3090 1167 3158 γένος
1194 3089 1381 3154 Λίϐυς,
1430 3089 1526 3161 τὴν
1569 3090 1626 3143 δὲ
1659 3107 1864 3160 προση-

285 3184 479 3254 γορίαν
529 3184 646 3251 ἅμα
692 3182 787 3235 καὶ
837 3181 934 3252 τὴν
963 3181 1210 3249 εὐλογίαν
1265 3180 1468 3252 ἀληθὴς
1498 3181 1697 3253 Μάκαρ
1726 3182 1858 3252 (90),

287 3274 607 3347 προτροπῆς
640 3273 788 3344 αὐτῷ
815 3272 1015 3343 πολλῆς
1048 3272 1153 3326 ὑπὸ
1202 3270 1297 3325 τοῦ
1320 3271 1572 3325 δικαστοῦ
1598 3273 1733 3345 πρὸς
1760 3274 1859 3345 ἄρ-

286 3384 445 3438 νησιν
474 3366 791 3438 γενομένης,
822 3366 919 3436 οὐχ
950 3364 1231 3435 ὑπαχθεὶς,
1258 3362 1366 3427 ζῶν
1399 3364 1856 3434 καταπέφλεκται·

301 3458 600 3529 Ἐπίμαχός
640 3475 699 3510 τε
759 3458 874 3528 μετ’
908 3456 1105 3519 αὐτοὺς
1160 3458 1253 3509 καὶ
1298 3453 1661 3527 Ἀλέξανδρος,
1725 3456 1863 3527 μετὰ

288 3550 463 3604 πολὺν
498 3550 607 3620 (91)
655 3550 712 3603 δν
757 3548 979 3620 ἔμειναν
1013 3547 1285 3619 δεσμῶται
1320 3547 1531 3619 χρόνον,
1564 3547 1759 3619 μυρίας
1783 3549 1861 3601 δι-

287 3642 603 3711 ενεγκόντες
659 3641 991 3713 ἀλγηδόνας,
1052 3639 1345 3711 ξυστῆρας,
1406 3639 1692 3709 μάστιγας,
1729 3641 1861 3711 πυρὶ

286 3735 539 3807 ἀσϐέστῳ
569 3736 663 3789 καὶ
692 3729 837 3790 οὗτοι
866 3732 1205 3805 διεχύθησαν.

362 4012 452 4079 ς’.
494 4009 605 4064 Καὶ
639 4010 734 4065 σὺν
762 4009 941 4075 αὐτοῖς
980 4010 1233 4079 γυναῖκες
1259 3992 1539 4081 τέσσαρες·
1583 4010 1860 4079 Ἀμμωνά-

291 4121 407 4158 οιον
440 4120 499 4155 τε
528 4104 659 4171 ἀγία
700 4103 984 4174 παρθένος,
1012 4104 1151 4157 πάνυ
1202 4102 1517 4171 φιλονείκως
1542 4102 1710 4173 αὐτὴν
1738 4103 1859 4154 ἐπι-

291 4197 538 4251 πλεῖστον
594 4196 689 4249 τού
723 4197 975 4250 δικαστοῦ
1033 4196 1438 4267 βασανίσαντος,
1492 4195 1585 4248 an
1618 4212 1859 4265 προαπο-

289 4288 606 4359 φηναμένην
638 4288 713 4351 ὡς
746 4288 909 4359 μηδὲν
938 4281 1013 4341 ὧν
1044 4291 1246 4351 ἐκεῖνος
1298 4286 1508 4341 κελεύοι
1552 4285 1858 4355 φθέγξαιτο,

287 4379 632 4449 ἀληθεύσασα
661 4379 758 4449 τὴν
814 4380 1163 4447 ἐπαγγελίαν,
1217 4380 1456 4451 ἀπήχθη·
1486 4382 1541 4432 αἱ
1571 4379 1627 4432 δὲ
1652 4379 1859 4441 λοιπαὶ,

288 4473 324 4542 ἡ
362 4472 876 4544 σεμωπρεπεστάτη
940 4472 1234 4544 πρεσϐύτις
1293 4472 1638 4543 Μερκουρία,
1699 4472 1791 4524 καὶ
1826 4474 1858 4541 ἡ
1900 4505 1939 4558 D

290 4563 561 4628 πολύπαις
600 4565 718 4635 μὲν,
751 4564 848 4635 οὐχ
878 4565 1017 4635 ὑπὲρ
1048 4564 1139 4617 τὸν
1174 4564 1379 4635 Κύριον
1422 4564 1477 4616 δὲ
1531 4564 1864 4633 ἀγαπήσασα

291 4656 494 4727 ἑαυτῆς
536 4657 605 4710 τὰ
659 4655 827 4710 τέκνα
859 4656 1109 4711 Διονυσία
1142 4655 1274 4726 (92),
1312 4655 1751 4719 καταιδεσθέντος
1786 4657 1863 4719 είς

364 4855 476 4925 (89)
515 4854 804 4919 Ἂσόἐστφ
827 4856 988 4925 πυρί.
1016 4854 1197 4925 Potest
1218 4855 1360 4908 enim
1390 4855 1522 4908 verti
1558 4855 1683 4908 riva'
1704 4856 1863 4909 calcis

293 4924 554 4979 incendio.
583 4925 673 4979 Sic
700 4927 840 4979 infra
869 4927 933 4978 de
960 4924 1251 4993 Epimacho
1284 4935 1337 4979 et
1372 4926 1679 4977 Alexandro
1707 4925 1861 4988 dixit.

294 4998 427 5069 πυρὶ
457 4996 703 5069 ἀσϐέστῳ
739 4994 1212 5069 διεχύθησανηΡτρ
1247 4994 1736 5069 quoENieephorus
1766 4996 1864 5069 hai-

294 5063 386 5119 liet
418 5067 636 5136 τιτάνῳ.
675 5063 744 5120 ⁷1η
791 5063 992 5120 Menam
1043 5066 1108 5120 ad
1163 5063 1306 5136 diem
1351 5066 1419 5117 30
1469 5063 1863 5136 Octobrisfubi

294 5138 500 5191 mentio
547 5134 605 5190 fit
660 5137 852 5191 horum
933 5146 1229 5206 martyrum
1283 5134 1502 5205 Juliani,
1573 5136 1865 5190 (lronionis

291 5215 347 5260 et
400 5206 905 5277 Macariitlegitur
950 5206 1211 5260 ἀσϐέστου
1260 5206 1469 5271 ζέοντος
1520 5207 1637 5259 κατ’
1690 5207 1866 5260 αὐτῶν

291 5277 631 5345 ἐκχυθέντος.
670 5276 873 5331 Vastis.

367 5347 478 5416 (90)
514 5347 623 5400 Καὶ
664 5348 777 5414 τὴν
820 5348 1104 5414 εὐλογίαν
1143 5347 1375 5413 ἀληθὴς
1404 5346 1628 5415 Μάκαρ.
1667 5346 1867 5399 Alludit

295 5417 589 5485 Dionysius
622 5420 689 5471 ad
719 5418 881 5471 verba
906 5418 993 5470 illa
1028 5419 1229 5471 Christi
1258 5420 1310 5471 in
1348 5417 1638 5487 Evangelio
1665 5432 1676 5468 :
1714 5417 1865 5487 Beati
1908 5455 1911 5457 .

293 5488 444 5549 ustis,
477 5504 593 5539 cum
626 5489 881 5555 persecuti
914 5504 998 5540 ros
1039 5488 1233 5555 fuerint
1265 5486 1519 5550 homines,
1551 5498 1679 5550 etc.,
1722 5486 1866 5555 quod

295 5569 478 5611 tamen
518 5572 624 5609 non
663 5559 793 5611 vidit
817 5558 1362 5623 Christophorsonus.
1389 5558 1491 5623 Qui
1522 5559 1679 5611 etiam
1717 5557 1768 5607 in
1802 5570 1866 5608 eo

296 5627 663 5697 hallucinatus
695 5636 797 5693 est,
831 5630 975 5697 quod
1013 5628 1304 5681 Macarium
1343 5628 1486 5682 hunc
1521 5628 1649 5697 facit
1674 5625 1862 5697 Afrum

296 5711 397 5762 pro
426 5696 645 5768 Libyco.
683 5696 963 5767 Eleganter
991 5706 1169 5751 autem
1202 5697 1431 5751 Rufinus
1460 5699 1604 5751 hunc
1629 5696 1862 5768 Dionysii

297 5769 478 5822 locum
530 5766 600 5821 ita
656 5766 858 5822 vertit:
900 5768 1050 5821 Alius
1096 5768 1307 5836 quidam
1362 5770 1437 5822 t'ir
1499 5768 1721 5823 nominis
1783 5766 1865 5818 sui

1973 1896 2322 1960 constrictus,
2359 1895 2451 1965 qui
2481 1909 2580 1947 nec
2606 1903 2749 1947 stare
2776 1898 2986 1962 poterat
3012 1905 3112 1944 nec
3138 1889 3408 1953 incedere,
3442 1901 3551 1941 una

1972 2004 2095 2043 cum
2126 1988 2341 2042 duobus
2368 1986 2488 2041 aliis
2511 1985 2605 2056 qui
2634 1986 2815 2055 ipsum
2843 1982 3132 2053 portabant
3160 1979 3423 2035 adductus
3447 1986 3551 2033 est.

1973 2082 2177 2138 llorum
2218 2083 2353 2137 alter
2381 2081 2561 2137 statim
2591 2079 2823 2149 negavit.
2860 2078 3009 2131 Alter
3037 2075 3257 2131 nomine
3287 2072 3551 2135 Cronion,

1971 2175 2067 2245 qui
2107 2174 2295 2229 Enuus
2333 2172 2840 2243 cognominabatur,
2877 2183 3088 2223 necnon
3135 2175 3189 2220 et
3237 2180 3401 2221 senex
3436 2164 3565 2233 ipse-

1969 2270 2239 2337 .lulianus,
2287 2286 2411 2326 cum
2454 2269 2733 2323 Christum
2776 2263 3013 2321 confessi
3053 2270 3254 2327 essent,
3288 2276 3387 2330 per
3427 2257 3551 2313 uni-

1968 2377 2183 2417 versam
2216 2362 2426 2423 urbem,
2457 2375 2577 2430 qua:
2603 2358 2844 2428 quidem,
2874 2364 2932 2408 ut
2958 2354 3155 2420 nostis,
3182 2353 3418 2405 maxima
3442 2359 3547 2415 est,

1969 2455 2193 2510 camelis
2232 2454 2550 2515 insidentes,
2580 2449 2762 2519 ﬂagris
2806 2446 3065 2501 sublimes
3092 2443 3390 2508 verberati,
3428 2452 3548 2497 tan-

1968 2547 2091 2602 dem
2163 2545 2545 2601 ardentissimo
2585 2544 2707 2612 igne
2758 2537 3089 2595 circumfusa
3152 2538 3318 2592 totius
3361 2536 3544 2607 populi

1968 2635 2313 2691 multitudine
2356 2633 2665 2702 consumpti
2707 2639 2852 2686 sunt.
2906 2628 3058 2683 Miles
3100 2643 3228 2685 vero
3270 2629 3363 2698 qui
3412 2627 3545 2697 ipsis

1967 2730 2095 2782 dum
2136 2728 2201 2783 ad
2241 2728 2567 2797 supplicium
2610 2726 2937 2779 ducerentur
2968 2724 3213 2787 astabat,
3257 2731 3311 2775 ct
3351 2730 3541 2775 contu-

1968 2820 2186 2873 meliam
2225 2818 2518 2873 inferentes
2548 2816 2880 2887 prepulerat,
2916 2814 3111 2869 Bersas
3142 2814 3383 2877 nomine,
3412 2825 3545 2867 con-

1968 2910 2237 2964 elamante
2270 2909 2529 2963 adversus
2558 2922 2679 2962 eum
2722 2906 2921 2975 populo
2950 2906 3001 2959 in
3026 2905 3115 2974 jus
3140 2904 3409 2958 adductus
3435 2911 3539 2957 est.

1968 3000 2068 3057 Ubi
2116 3001 2450 3056 fortissimus
2490 3000 2583 3054 Dei
2621 3006 2888 3069 pugnator
2912 3039 2926 3063 ,
2966 3013 3089 3053 cum
3124 2997 3178 3051 in
3226 3010 3422 3067 magno
3451 2994 3544 3049 illo

1966 3111 2064 3165 pro
2098 3095 2295 3165 pietate
2343 3094 2637 3149 certamine
2664 3104 2883 3147 strenue
2928 3106 2985 3145 se
3034 3091 3326 3159 gessisset,
3364 3087 3540 3143 securi

1968 3201 2260 3256 percussus
2292 3195 2397 3239 est.
2433 3185 2586 3239 Alius
2618 3184 2745 3237 item
2779 3182 3043 3237 oriundus
3063 3197 3127 3234 ex
3158 3180 3345 3251 Libya,
3374 3188 3426 3234 et
3447 3192 3543 3233 vo-

1968 3278 2164 3332 cabulo
2196 3286 2250 3332 ct
2272 3276 2453 3331 divina
2478 3274 2853 3330 benedictione
2883 3288 3007 3327 vere
3031 3272 3229 3337 Macar,
3261 3287 3382 3325 cum
3412 3287 3440 3325 a
3461 3271 3543 3341 ju-

1967 3368 2088 3423 dice
2117 3367 2373 3422 omnibus
2408 3367 2585 3421 modis
2611 3368 2956 3430 sollicitatus,
2992 3374 3050 3419 ut
3079 3364 3353 3420 Christum
3383 3378 3544 3431 nega-

1968 3468 2086 3522 ret,
2130 3457 2271 3513 fleeti
2318 3474 2595 3527 nunquam
2644 3459 2945 3528 potuisset,
2993 3457 3150 3510 vivus
3181 3455 3539 3510 comburitur.

1966 3550 2095 3606 Post
2116 3550 2216 3603 hos
2243 3548 2571 3618 Epimachus
2600 3560 2654 3603 et
2680 3550 3004 3613 Alexander,
3035 3562 3159 3603 cum
3191 3554 3313 3615 post
3338 3546 3541 3599 diuturo

1967 3661 2097 3698 num
2123 3644 2357 3698 carceris
2378 3643 2659 3697 horrorem
2693 3644 2745 3697 in
2774 3658 2883 3713 quo
2909 3641 3072 3695 vincti
3107 3644 3538 3709 permanserant,

1971 3734 2176 3790 ferreos
2202 3748 2430 3803 ungues,
2455 3732 2620 3804 ﬂagra
2643 3750 2707 3788 ac
2741 3735 2888 3788 mille
2917 3733 3168 3787 dolorum
3203 3747 3399 3802 genera
3424 3747 3540 3801 per-

1969 3826 2240 3893 tulissent,
2263 3825 2401 3879 viva:
2423 3825 2590 3879 calcis
2631 3825 2881 3881 incendio
2908 3824 3070 3879 etiam
3098 3824 3198 3893 ipsi
3223 3823 3540 3893 colliquel'a-

1968 3918 2039 3973 eti
2066 3917 2363 3987 perierunt.

2037 4010 2126 4064 Vl.
2167 4010 2429 4065 Eumdem
2451 4022 2572 4064 cum
2604 4008 2736 4078 ipsis
2760 4007 2985 4060 exitium
3016 4006 3220 4061 sortita:
3252 4013 3380 4063 sunt
3403 4020 3542 4077 qua-

1968 4114 2094 4160 tuor
2120 4105 2394 4158 molieres.
2420 4100 2828 4155 Ammonarium
2856 4100 3071 4169 quidem
3116 4099 3267 4169 virgo
3305 4099 3537 4153 sanctis-

1970 4196 2107 4250 sima
2127 4235 2142 4261 ,
2171 4209 2293 4248 cum
2328 4208 2357 4246 a
2391 4192 2571 4262 judice
2600 4190 2907 4246 diutissime
2929 4196 3068 4242 torta
3106 4187 3297 4242 fuisset
3333 4190 3535 4258 ingenti

1968 4304 2092 4342 cum
2118 4287 2412 4357 pertinacia
2435 4324 2449 4349 ,
2487 4294 2768 4354 propterea
2802 4282 2947 4353 quod
2975 4281 3151 4351 palam
3215 4275 3534 4350 praedixerat

1970 4381 2105 4434 nihil
2151 4394 2340 4434 eorum
2403 4393 2523 4447 qua:
2569 4376 2734 4447 judex
2795 4376 3033 4446 jusserat
3080 4371 3411 4442 prolaturatn
3478 4385 3539 4425 se

1968 4489 2120 4539 esse;
2152 4471 2594 4542 pollicitationem
2618 4486 2769 4523 suam
2797 4468 3129 4523 exsecutioni
3156 4463 3437 4528 mandans,
3468 4464 3535 4516 ad

1970 4564 2294 4633 supplicium
2339 4562 2569 4616 abducta
2616 4572 2718 4616 est.
2770 4559 3020 4615 Residua:
3064 4572 3227 4624 vero,
3271 4555 3535 4609 Mercuria

1968 4654 2172 4709 scilicet
2221 4668 2359 4707 auus
2414 4652 2469 4707 in
2513 4651 2705 4722 primis
2750 4650 3055 4706 veneranda
3083 4690 3097 4714 ,
3146 4662 3197 4704 et
3238 4646 3534 4719 Dionysia,

1976 4857 2266 4917 Macarius,
2298 4864 2444 4923 gente
2469 4854 2716 4924 Libycus.
2745 4856 2835 4908 Sic
2855 4855 2999 4908 enim
3023 4845 3198 4924 Latini
3222 4849 3531 4924 loquuntur,

1974 4940 2032 4983 ut
2068 4920 2370 4981 Trebellius
2405 4920 2589 4981 Pollio
2615 4928 2668 4980 iu
2722 4926 2969 4989 Aureolo,
3016 4932 3069 4976 et
3106 4920 3447 4988 Lampridius
3478 4921 3532 4972 in

1974 4998 2284 5053 Commodo.
2322 4996 2394 5051 lo.

2046 5068 2155 5140 (91)
2182 5067 2317 5140 Μετ’
2346 5070 2421 5140 οὺ
2474 5052 2691 5140 πόλύν.
2736 5064 2795 5140 lp
2843 5063 3026 5140 codice
3072 5061 3211 5140 gled.
3246 5076 3323 5140 _ae
3371 5058 3533 5140 May,

1971 5131 2110 5194 Fuk.
2139 5131 2197 5192 'ct
2232 5139 2423 5202 Savil.,
2457 5149 2511 5192 et
2554 5138 2694 5207 apud
2745 5131 3537 5207 GeorgiumSyncellumdegiT

1972 5220 2059 5265 tur
2094 5208 2229 5281 μετὰ
2257 5199 2439 5271 πολύν,
2462 5199 2792 5281 ςιυαίὶοοιίο-
2827 5199 2997 5281 magis
3042 5199 3533 5281 placet,_et.ﬂutiui

1973 5270 2295 5335 auctoritate
2345 5270 2719 5333 confirmatur.
2774 5275 2829 5329 In
2883 5270 3067 5328 codice
3124 5272 3289 5342 Regio
3341 5270 3536 5341 legitur

1971 5352 2134 5404 etiam
2176 5350 2235 5402 ὃν
2273 5350 2584 5418 ἐνέμειναν,
2625 5357 2728 5400 etc.
2781 5347 2911 5410 Qua:
2951 5345 3204 5418 lectiomsi
3248 5356 3370 5395 vera
3418 5349 3533 5418 est,

1971 5422 2197 5473 omnino
2252 5412 2441 5475 abesse
2481 5426 2691 5488 Oportet
2740 5418 3043 5484 negativam
3098 5414 3241 5468 illam
3294 5412 3535 5481 particu-

1969 5488 2487 5629 laTéﬁgnihcrvala.
2519 5556 2645 5629 Post
2679 5556 2791 5609 hmo
2838 5558 2995 5609 verba
3037 5555 3212 5612 addidi
3240 5568 3305 5629 ex
3340 5548 3537 5629 Rufino

2043 5562 2161 5681 (92)
2186 5562 2487 5612 Διονυσία.
2519 5562 2645 5610 Post
2680 5562 2791 5609 hmo
2838 5562 2995 5609 verba
3037 5562 3212 5612 addidi
3245 5568 3305 5606 ex
3343 5562 3536 5603 κιειίηο

1976 5632 2068 5683 καὶ
2108 5632 2137 5681 ἰ
2172 5631 2483 5701 μμωνάριον
2506 5628 2681 5701 ἑτέρα.
2713 5630 2954 5701 Quatuor
2974 5629 3115 5683 enim
3144 5626 3395 5681 mulieres
3419 5623 3536 5677 illas

1980 5701 2146 5757 fuisse
2173 5697 2339 5769 supra
2371 5697 2504 5754 dixit
2538 5698 2839 5766 Dionysius.
2874 5697 2943 5751 In.
