3966 6206
538 257 673 313 1519
1547 253 1603 308 S.
1642 252 1931 311 DIONYSII
1972 251 2102 311 EN!

2209 250 2284 305 ῬΙ
2319 248 2791 307 ΑιΕΧΑΝοιιιΝῐ
3641 253 3799 307 ιδεο

530 371 600 428 de
645 370 804 427 nobis
852 376 991 425 bene
1040 368 1237 425 mereri
1277 367 1504 432 vellent,
1546 365 1770 421 orabam
1803 375 1859 421 ut
1890 381 1985 422 eos
2017 367 2102 433 qui

2214 383 2285 437 με
2315 365 2537 435 φθάσαι,
2568 365 2662 419 καὶ
2689 365 2790 437 τὴν
2830 364 3073 437 κεφαλὴν
3101 363 3298 428 αὐτοὺς
3325 363 3425 435 τὴν
3467 362 3611 436 ἐμὴν
3653 364 3804 418 ἀπο-

534 480 620 519 me
652 463 996 518 abducebant
1022 462 1280 516 satellites
1308 459 1686 530 praevenirent,
1714 457 1925 527 ipsique
1947 466 2102 527 caput

2210 460 2394 528 τεμεῖν
2426 456 2627 527 ἠξίουν.
2663 458 2774 512 Καὶ
2798 457 3023 511 τοιαῦτα
3058 455 3310 526 βοῶντος,
3353 456 3428 518 ὡς
3458 456 3643 509 ίσασιν
3678 472 3806 509 κοιρ-

537 556 671 609 mihi
710 554 1009 609 demerent.
1043 551 1168 607 Haec
1213 566 1299 605 me
1330 549 1755 615 vociferantem,
1801 557 1862 602 ut
1908 555 2102 603 norunt

2212 549 2371 602 νωνοί
2399 564 2501 619 μου
2535 549 2630 602 καὶ
2654 548 2872 619 μέτοχοι
2913 548 3130 603 πάντων
3158 548 3459 617 γενόμενοι,
3486 547 3802 602 ἀνίστασαν

534 648 574 703 ii
602 649 695 718 qui
729 647 861 702 mihi
898 655 1185 702 consortes
1204 652 1259 698 et
1287 642 1559 713 principes
1590 655 1957 697 :erumnarum
1991 655 2111 695 om—

534 737 686 793 nium
716 736 888 801 fuere,
923 736 1152 790 invitum
1184 748 1407 804 surgere
1440 741 1753 801 coegerunt.
1775 730 1855 785 Ac
1884 745 1969 784 me
1995 730 2113 799 qui-

536 829 658 883 dem
701 830 818 897 ipse
850 827 1000 882 humi
1046 826 1299 895 supinum
1345 822 1539 892 abjeci.
1577 821 1658 875 llli
1706 838 1833 876 vero
1880 822 2109 891 pedibus

538 920 899 989 manibusque
927 916 1444 986 comprehendentes
1476 928 1563 969 me
1594 913 1807 967 trahere
1846 923 2010 983 atque
2052 929 2111 968 e-

535 1011 734 1065 ducere
757 1016 1054 1078 cmperunt.
1087 1005 1461 1075 Sequebantur
1487 1018 1573 1057 me
1596 1002 1762 1057 Caius
1778 1013 1832 1058 et
1850 1002 2106 1064 Faustus.

537 1100 728 1157 Petrus
755 1118 820 1157 ac
842 1100 1080 1167 Paulus;
1114 1099 1206 1168 qui
1242 1099 1435 1152 horum
1461 1097 1702 1151 omnium
1738 1104 1900 1152 testes
1927 1095 2106 1161 fuere;

536 1195 628 1264 qui
675 1208 761 1248 me
793 1193 1172 1262 suscipientes,
1216 1204 1283 1244 ex
1327 1188 1583 1259 oppidulo
1625 1197 2012 1257 exportarunt,
2044 1205 2111 1245 ac

536 1285 731 1341 deinde
761 1285 907 1339 nudo
938 1282 1250 1353 impositum
1285 1282 1439 1337 asino
1462 1280 1826 1335 abduxerunt.

608 1387 697 1443 ιν.
738 1387 1000 1458 Equidem
1032 1399 1224 1439 vereor
1259 1398 1328 1438 ne
1364 1382 1421 1436 in
1458 1383 1787 1437 dementiam
1821 1398 1886 1437 ac
1916 1389 2108 1451 stupo-

538 1498 652 1537 rem
681 1483 866 1551 lapsus
891 1496 1011 1536 esse
1040 1480 1247 1543 videar,
1287 1478 1415 1533 dum
1444 1476 1648 1531 referre
1673 1492 1839 1547 cogor
1865 1476 2104 1530 admira-

538 1576 699 1630 bilem
723 1590 849 1645 erga
875 1589 973 1629 nos
1001 1572 1094 1627 Dei
1123 1570 1512 1642 providentiam
1541 1585 1603 1624 ac
1624 1570 2101 1638 dispensationem.

537 1664 644 1720 Sed
680 1666 938 1734 quoniam
976 1678 1238 1717 arcanum
1281 1662 1499 1732 quidem
1540 1661 1682 1732 regis
1720 1662 2013 1725 occultare,
2047 1672 2106 1716 ut

2210 639 2344 712 πρὸς
2375 639 2516 710 βίαν.
2561 639 2731 709 Κάγὼ
2781 641 2879 711 μὲν
2919 641 3144 713 παρῆκα
3192 639 3425 711 ἐμαυτὸν
3465 631 3668 693 ὕπτιον
3714 642 3800 704 είς

2206 731 2489 801 τοῠδαφος.
2537 733 2599 785 Oi
2664 732 2721 785 δὲ
2765 732 3110 797 διαλαϐόντες
3163 731 3363 804 χειρῶν
3404 733 3500 785 καὶ
3566 731 3798 795 ποδῶν.

2211 823 2462 894 σύροντες
2502 822 2791 895 ἐξήγαγον.
2830 823 3336 894 Ἐπηκολούθουνδέ
3379 842 3468 897 μοι
3492 828 3543 879 οἱ
3580 824 3798 878 τούτων

2209 915 2426 969 πάντων
2464 915 2747 986 γενόμενοι
2799 914 3099 987 μάρτυρες
3140 916 3318 979 Γάῐος,
3359 915 3646 981 Φαῦστος,
3688 916 3795 969 Πέ-

2207 1024 2354 1082 τρος,
2387 1009 2630 1073 Παῦλος·
2676 1010 2727 1062 οἱ
2765 1010 2858 1063 καὶ
2901 1008 3262 1072 ὑπολαϐόντες
3282 1008 3394 1079 ('52)
3426 1025 3493 1079 με
3542 1009 3792 1079 φοράδην

2207 1101 2475 1175 ἐξήγαγον
2506 1101 2601 1155 τοῦ
2646 1100 2917 1172 πολιχνίου
2938 1117 2952 1131 ’
2997 1101 3090 1155 καὶ
3141 1100 3247 1171 ὄνῳ
3291 1100 3482 1172 γυμνῷ
3534 1099 3791 1154 ἑπισιὸἁο

2208 1194 2735 1269 σαντεςνάνῑτήγαγον.

2274 1377 2349 1429 Δ’.
2385 1377 2479 1437 Είς
2522 1374 2834 1445 ἀφροσύνην
2885 1362 2944 1426 δὲ
2995 1371 3289 1426 κινδυνεύω
3310 1371 3418 1445 (55)
3452 1371 3657 1443 πολλὴν
3690 1371 3785 1428 καὶ

2205 1468 2555 1539 ἀναισθησίαν
2586 1466 2756 1528 ὅντως
2797 1465 3087 1535 ἐμπεσεῖν,
3116 1465 3196 1526 είς
3222 1463 3463 1533 ἀνάγκην
3509 1463 3785 1534 συμϐιϐα-

2206 1563 2428 1633 ζύμενος
2471 1558 2564 1612 τοῦ
2613 1555 2915 1628 διηγεῖσθαι
2958 1555 3059 1627 τὴν
3105 1554 3419 1626 θαυμαστὴν
3457 1556 3589 1627 περὶ
3637 1556 3783 1626 ἡμᾶς

2207 1652 2513 1724 οἰκονομίαν
2547 1649 2641 1705 τοῦ
2672 1648 2828 1702 Θεοῦ.
2877 1647 3013 1700 Ἀλλ’
3043 1646 3228 1717 ἐπειδὴ
3273 1648 3591 1719 μυστήριον,
3626 1648 3783 1717 φησὶ,

536 1755 614 1808 ait
660 1722 938 1824 Scriptura
970 1754 1036 1819 ⁵⁵,
1070 1722 1399 1808 laudandum
1430 1761 1546 1815 est,
1586 1722 1679 1805 Dei
1730 1763 1911 1806 autem
1941 1767 2102 1821 opera

2213 1722 2472 1815 βασιλέως
2503 1741 2703 1814 κρύψαι
2752 1738 2935 1802 καλὸν,
2955 1737 3025 1792 τὰ
3057 1738 3115 1793 δὲ
3157 1738 3293 1810 ἔργα
3319 1737 3412 1791 τοῦ
3458 1736 3599 1791 Θεοῦ
3648 1740 3777 1793 ἀνα-

536 1844 829 1916 przcdicare
872 1843 1201 1913 gloriosum;
1253 1841 1514 1897 adversus
1550 1841 1805 1896 Germani
1845 1842 2105 1912 impetum

533 1934 784 1990 cominus
826 1932 1133 1987 decertabo.
1190 1928 1323 1985 Veni
1346 1931 1413 1984 ad
1457 1929 1809 1985 JEmilianum
1861 1946 1971 1986 non
2012 1947 2105 1987 so-

532 2027 655 2087 ius,
684 2025 781 2079 sed
805 2022 1191 2079 comitantibus
1228 2036 1317 2076 me
1359 2020 1594 2076 Maximo
1630 2022 2102 2093 compresbytero,

535 2126 589 2171 et
618 2115 837 2179 Fausto,
888 2113 1122 2169 Eusebio
1174 2128 1239 2167 ac
1284 2112 1636 2168 Chaeremone
1673 2114 1943 2170 diaeonis.
1973 2114 2106 2181 Qui-

533 2210 659 2263 dam
691 2207 853 2262 etiam
887 2222 953 2260 ex
1006 2205 1263 2260 fratribus
1309 2204 1569 2259 Romanis
1597 2205 1691 2275 qui
1735 2216 1844 2260 tum
1881 2206 2109 2260 aderant

536 2299 821 2353 nobiscum
850 2297 1125 2366 ingressus
1157 2305 1258 2350 est.
1292 2294 1463 2350 Porro
1486 2295 1814 2351 IEmilianus
1842 2313 1947 2351 non
1969 2296 2107 2352 dixit

535 2388 668 2442 mihi
708 2389 882 2457 prima
930 2385 1107 2441 fronte
1161 2404 1174 2439 :
1222 2383 1299 2439 Ne
1333 2394 1631 2440 conventus
1667 2401 1816 2457 agas.
1858 2384 1914 2439 id
1958 2387 2103 2441 enim

535 2476 613 2532 illi
649 2492 1044 2546 supervacuum
1095 2487 1211 2532 erat
1258 2493 1320 2531 ac
1360 2485 1729 2547 postremum,
1781 2477 1848 2532 ad
1876 2477 1928 2531 id
1959 2479 2105 2548 quod

535 2571 770 2640 primum
794 2585 857 2624 ac
882 2571 1209 2639 prtecipuum
1238 2578 1320 2625 est
1350 2572 1669 2625 recurrenti.
1702 2570 1912 2641 Quippe
1933 2572 2106 2628 haud—

535 2678 808 2732 quaquam
848 2664 1092 2725 curabat,
1143 2679 1209 2718 ne
1252 2664 1390 2718 alios
1440 2679 1862 2734 congregarem;
1917 2664 2010 2720 sed
2050 2665 2104 2720 id

535 2755 764 2826 agebat,
807 2769 876 2809 ne
919 2754 1021 2824 ipsi
1052 2753 1348 2810 Christiani
1374 2770 1638 2810 essemus.
1673 2755 1739 2809 Et
1764 2756 1832 2809 ab
1859 2771 1925 2811 eo
1956 2757 2105 2811 cultu

534 2849 797 2903 desistere
841 2863 927 2901 me
954 2847 1210 2916 jubebat,
1260 2857 1411 2903 ratus
1452 2849 1677 2913 scilicet,
1717 2849 1762 2903 si
1792 2865 1893 2919 ego
1927 2852 1996 2904 ab
2037 2865 2103 2904 eo

534 2943 684 2997 cultu
710 2942 1079 3005 descivissem,
1102 2951 1325 2995 ρωποι-οε
1350 2942 1655 3010 exemplum
1680 2956 1859 2996 meum
1886 2952 2103 2997 secutu-

535 3049 648 3088 ros.
698 3031 968 3101 liespondi
1015 3046 1124 3085 non
1168 3031 1623 3099 intprobabiliter,
1671 3034 1970 3102 nec‘longe
2019 3050 2105 3086 ar-

2208 1837 2501 1892 καλύπτειν
2557 1832 2799 1901 ἔνδοξον,
2866 1831 3033 1902 ὁμόσε
3096 1832 3333 1902 χωρήσω
3379 1832 3445 1901 τῇ
3496 1829 3779 1901 Γερμανοῦ

2209 1927 2318 1998 βίᾳ.
2349 1919 2521 1979 Ἧκον
2563 1923 2700 1995 πρὸς
2739 1920 3053 1992 Αἰμιλιανὸν
3080 1921 3139 1972 ού
3179 1919 3338 1990 μόνος
3359 1960 3374 1984 ,
3404 1917 3783 1992 ἠκολούθησαν

2205 2020 2264 2073 δέ
2293 2037 2380 2091 μοι
2416 2015 2897 2088 συμπρεσϐύτερὸς
2936 2015 2995 2067 τὲ
3051 2031 3152 2086 μου
3204 2012 3484 2084 Μάξιμος,
3528 2016 3628 2067 καὶ
3674 2015 3784 2069 διὰ·

2207 2127 2376 2173 κονοι,
2396 2108 2640 2172 Φαῦστος
2668 2108 2760 2160 καὶ
2793 2105 3052 2173 Εὐσέϐιος
3074 2105 3169 2158 καὶ
3209 2106 3531 2177 Χαιρήμων.
3558 2107 3674 2159 Καί
3704 2124 3781 2170 τις

2206 2202 2312 2256 τῶν
2358 2203 2465 2256 ἀπὸ
2511 2200 2727 2272 Ῥώμης
2766 2199 3044 2270 παρόντων
3085 2197 3328 2268 ἀδελφῶν
3393 2200 3526 2268 ἡμῖν
3575 2217 3783 2254 συνεισ-

2207 2295 2389 2366 ῆλθεν.
2433 2294 2747 2366 Αίμιλιανὸς
2789 2293 2844 2345 δὲ
2897 2293 2998 2345 οὐκ
3030 2288 3152 2344 εἶπέ
3189 2309 3277 2363 μοι
3320 2294 3778 2364 προηγουμένως·

2206 2386 2299 2459 Μὴ
2345 2386 2565 2455 σύναγε.
2617 2384 2880 2456 Περιττὸν
2912 2382 3020 2455 γὰρ
3067 2382 3224 2437 τοῦτο
3261 2379 3329 2456 ἦν
3370 2383 3545 2454 αὐτῷ,
3598 2386 3696 2439 καὶ
3726 2387 3779 2439 το

2205 2480 2510 2533 τελευταῖον
2533 2481 2626 2533 ἐπὶ
2654 2478 2714 2533 τὸ
2757 2476 2969 2547 πρῶτον
2997 2476 3367 2548 ἀνατρέχοντι.
3399 2477 3471 2531 Ού
3505 2478 3618 2549 γὰρ
3661 2481 3778 2549 περὶ

2206 2571 2300 2625 τοῦ
2328 2572 2402 2645 μὴ
2423 2572 2675 2640 συνάγειν
2698 2570 2915 2643 ἐτέρους
2942 2574 2971 2625 ὁ
2995 2571 3150 2639 λόγος
3170 2566 3238 2641 ἦν
3269 2570 3437 2641 αὐτῷ,
3489 2569 3632 2624 ἀλλὰ
3660 2573 3777 2640 περὶ

2205 2665 2301 2720 τοῦ
2330 2665 2405 2737 μὴ
2431 2666 2477 2719 δ’
2504 2665 2697 2728 αὐτοὺς
2715 2666 2863 2744 ἡμᾶς
2882 2659 3022 2720 εἶναι
3054 2662 3439 2734 Χριστιανούς·
3470 2665 3571 2717 καὶ
3596 2662 3775 2716 τούτου

2203 2756 2538 2830 προσέταττε
2571 2754 2910 2809 πεπαῦσθαι·
2946 2756 2995 2807 εἰ
3022 2752 3424 2825 μεταϐαλοίμην
3451 2752 3656 2822 ἔγωγε,
3692 2754 3779 2808 καὶ

2205 2850 2330 2912 τοὺς
2350 2847 2540 2911 ἄλλους
2555 2846 2775 2917 ἕψεσθαί
2793 2863 2883 2917 μοι
2919 2844 3172 2917 νομίζων.
3191 2843 3602 2917 ’Δπεκρινάμην
3613 2844 3676 2898 δὲ
3688 2844 3777 2898 οὐκ

2206 2940 2539 3003 ἀπεοικότως
2562 2939 2692 3009 (54),
2726 2938 2845 2993 οὐδὲ
2878 2937 3135 3009 μακράνί
3156 2935 3507 3006 Πειθαρχεῖν
3539 2935 3639 2990 δεῖ
3664 2935 3777 3000 Θεῷ

2201 3030 2443 3102 μᾶλλον
2486 3033 2524 3100 ἢ
2570 3029 2929 3098 ἀνθρώποις·
2965 3028 3078 3083 ἀλλ’
3122 3028 3381 3100 ἄντικρυς
3418 3027 3778 3099 διεμαρτυρά-

535 3124 733 3178 cessila
787 3122 1140 3190 responsione
1189 3120 1462 3175 :Obedire
1518 3131 1717 3191 oportet
1768 3122 1877 3177 Deo
1938 3125 2102 3194 magis

2213 3142 2337 3196 μην,
2367 3125 2449 3177 ὅτι
2480 3123 2571 3176 τὸν
2605 3123 2736 3176 Θεὸν
2768 3121 2859 3174 τὸν
2895 3120 3023 3175 ὄντα
3051 3120 3229 3192 μόνον,
3252 3120 3348 3174 καὶ
3378 3119 3573 3174 οὐδένα
3597 3120 3776 3192 ’ἐτερω

532 3230 693 3286 quam
713 3214 1005 3266 hominibus
1037 3210 1105 3265 ⁸⁷.
1137 3210 1240 3265 Sed
1279 3213 1451 3281 palam
1479 3222 1532 3267 et
1559 3222 1740 3283 aperte
1768 3225 2104 3272 contestatus

536 3321 693 3371 sum,
741 3320 826 3358 me
868 3305 1017 3357 illum
1053 3303 1144 3372 qui
1191 3304 1341 3358 solus
1382 3312 1466 3358 est
1509 3303 1681 3372 Deus,
1731 3321 1905 3376 neque
1937 3308 2101 3362 alium

536 3398 706 3452 ultum
739 3405 929 3466 praeter
957 3397 1101 3451 hunc
1125 3396 1372 3477 adorare;
1408 3412 1509 3452 nec
1540 3412 1570 3452 a
1600 3401 1877 3467 proposito
1907 3399 2112 3455 disces-

534 3502 724 3543 surum
748 3502 843 3551 ine
863 3501 1004 3548 esse,
1038 3501 1137 3541 nec
1157 3487 1577 3541 commissurum
1606 3501 1842 3556 unquam
1867 3497 1925 3542 ut
1946 3488 2106 3542 Chri-

2210 3214 2403 3279 σέϐων,
2430 3214 2537 3266 οὐδ’
2565 3214 2632 3268 ἂν
2672 3213 3085 3285 μετατεθείμην,
3121 3213 3239 3267 οὐδὲ
3285 3215 3611 3285 παυσαίμην
3656 3215 3774 3270 ποτὲ

2206 3303 2529 3377 Χριστιανὸς
2561 3302 2655 3357 ὧν.
2692 3303 2815 3356 Ἐπὶ
2850 3303 3058 3367 τούτοις
3096 3303 3379 3357 ἐκέλευσεν
3418 3306 3574 3376 ἡμεῖς
3620 3305 3779 3359 ἀπελ-

2208 3394 2320 3450 θεῖν
2381 3397 2462 3461 είς
2509 3395 2701 3469 κώμην
2748 3396 2973 3467 πλησίον
3025 3396 3124 3468 τῆς
3181 3398 3387 3470 ἐρήμου
3440 3397 3773 3469 καλουμένην

2208 3492 2329 3559 Κεφ
2338 3488 2432 3562 ρώ.

535 3584 743 3639 stianus
777 3600 897 3641 esse
925 3583 1248 3638 desinerem.
1290 3581 1535 3639 Posthac
1557 3585 1708 3640 abire
1760 3599 1863 3640 nos
1892 3584 2055 3655 jussit
2083 3586 2138 3641 in
2166 3586 2347 3642 vicum
2401 3585 2690 3658 quemdam
2742 3584 3025 3641 solitudini
3050 3585 3397 3657 proximum,
3440 3585 3537 3641 cui
3583 3599 3774 3641 nomen

534 3687 620 3735 est
646 3677 880 3747 Cephro.

608 3773 673 3831 V.
715 3773 821 3828 Sed
852 3772 1013 3827 verba
1044 3773 1159 3842 ipsa
1185 3786 1305 3841 qum
1332 3770 1402 3825 ab
1423 3779 1653 3842 utroque
1680 3780 1926 3828 nostrum
1955 3773 2099 3830 dicta

535 3877 684 3932 sunt,
715 3867 855 3921 sicut
885 3866 1036 3921 Actis
1073 3866 1303 3936 publicis
1328 3864 1531 3921 inserta
1557 3865 1828 3936 leguntur,
1853 3868 2097 3938 accipite.

608 4005 655 4036 “
686 4003 822 4058 Tob.
848 4020 945 4063 xu.
975 4002 1026 4058 7.
1103 4002 1148 4034 ’⁵⁷
1178 4003 1297 4058 Act.
1334 4018 1383 4069 ν,
1410 4002 1504 4058 29.

607 4140 717 4213 (5‘).)
760 4137 953 4213 claui
983 4139 1408 4213 ὑπολαϐόντες.
1454 4136 1578 4213 lianc
1613 4137 1774 4192 verba
1818 4136 2099 4213 referenda

532 4207 656 4268 esse
698 4207 952 4265 existimo
1001 4211 1066 4261 ad
1118 4210 1309 4262 Caium
1366 4218 1421 4262 et
1466 4207 1725 4262 Faustum
1771 4217 1824 4263 et
1856 4209 2098 4277 reliquos

535 4281 917 4352 presbyteros,
973 4280 1066 4348 qui
1123 4277 1437 4352 Dionysium
1489 4292 1554 4352 ett
1599 4278 1795 4352 Oppidp
1848 4276 2097 4347 Taposiri

531 4348 924 4442 eximi-larunt;
958 4365 1066 4404 non
1096 4348 1648 4442 auteni.ad‘.rusticqs
1681 4348 1801 4403 illos
1840 4358 1894 4402 et
1921 4359 2097 4442 temq—
2126 4382 2174 4442 ο

539 4418 715 4476 lentos
749 4419 1027 4490 convivas,
1057 4428 1116 4473 ut
1147 4419 1329 4473 retulit
1348 4418 1908 4490 Clrristophorsonus:
1935 4420 2074 4490 φορά

534 4493 631 4560 δην
660 4505 806 4553 vero,
858 4489 909 4541 id
949 4497 1033 4542 est
1075 4489 1132 4541 in
1180 4490 1341 4560 ulla.
1380 4487 1550 4560 Porro
1572 4487 1741 4560 lquid
1776 4487 1975 4560 factum
1994 4487 2097 4560 _'sit

535 4556 815 4630 Dionysio,
872 4569 1161 4630 postquam
1212 4559 1401 4613 rustici
1447 4558 1524 4630 illi
1577 4556 1777 4630 fugatis
1827 4558 2095 4630 militibus

532 4628 951 4699 eutn‘Taposiri
982 4629 1243 4699 excedere
1287 4628 1685 4699 compulerunt,
1716 4628 1831 4697 ipse
1874 4628 2094 4699 quidem

538 4702 629 4756 hic
656 4702 763 4754 non
784 4696 945 4751 dicit.
973 4696 1078 4752 Sed
1102 4699 1154 4750 in
1184 4696 1497 4767 epistola'ad
1528 4696 1819 4753 Domitium
1847 4696 1906 4754 et
1931 4697 2096 4769 Didy-

539 4778 689 4826 mum
708 4811 723 4835 ,
753 4784 874 4839 qua:
922 4768 1154 4823 refertur
1182 4768 1237 4822 in
1279 4769 1418 4839 libro
1438 4784 1537 4834 vn,
1572 4783 1691 4837 cap.
1717 4768 1777 4822 11
1806 4768 2095 4839 (superius

541 4785 723 4835 mum,
794 4784 874 4821 uae
922 4784 1154 4823 retertur
1182 4785 1237 4822 ιιι
1279 4784 1418 4823 tmro
1438 4784 1537 4834 vn,
1572 4784 1691 4837 cap.
1717 4784 1777 4822 ιι
1806 4784 2095 4839 (superius

541 4784 822 4909 reeitata‘s,
852 4839 949 4903 ait,
974 4856 1031 4894 se
1074 4853 1180 4909 una
1209 4853 1330 4893 cum
1373 4838 1506 4896 Caio
1527 4848 1581 4892 et
1612 4839 1789 4909 Petro_
1809 4839 1941 4909 solis
1961 4878 1975 4904 ,
2007 4853 2095 4892 se-

532 4906 788 4981 iunctum
815 4925 843 4962 a
874 4906 1401 4981 reliquisiratribus,
1429 4910 1481 4961 in
1508 4909 1744 4981 quodam
1769 4907 1950 4981 Dibya:
1973 4909 2093 4981 loco

537 4976 753 5036 deserto
796 4987 959 5048 atque
990 4976 1155 5033 arido
1196 4976 1744 5033 conclusum'i'uisse.
1790 4976 2097 5032 Permansit

537 5060 719 5106 autem
748 5050 803 5105 in
843 5051 947 5104 hoc
994 5048 1188 5103 exsilio
1228 5049 1518 5119 Dionysius
1562 5064 1743 5119 usque
1781 5048 2094 5119 ad_o_bitum

542 5122 684 5177 Decii
715 5121 847 5188 imp.
881 5129 935 5174 et
960 5135 1026 5174 ex
1054 5134 1137 5188 eo
1157 5119 1287 5188 loco
1326 5116 1531 5173 litteras
1557 5116 1774 5188 scripsit
1811 5116 1879 5171 ad
1907 5116 2095 5172 Domi-

542 5137 684 5177 ttecn
715 5137 786 5173 tm
833 5159 847 5174 .
881 5137 935 5174 et
960 5137 1026 5174 ex
1054 5137 1120 5174 eo
1167 5137 1287 5173 IOCO

538 5194 674 5246 tium
700 5205 765 5245 ae
794 5137 1097 5261 Bidymum.
1116 5186 1325 5261 ννλιεβ.

609 5261 722 5342 (55)
761 5263 865 5326 Εἰς
890 5255 1246 5342 demereri-1r
1267 5258 1335 5312 δὲ
1374 5256 1727 5342 χιιι-ῥυνεςύιιζΣ
1761 5255 2095 5342 Eademne».-

539 5327 823 5387 cuSatione
857 5327 1027 5386 uti—tur
1063 5330 1265 5385 Paulus
1302 5328 1578 5398 apostolus
1607 5329 1659 5381 in
1688 5327 1926 5398 Epistula
1956 5327 1999 5381 ll
2026 5330 2094 5384 ad

540 5402 874 5465 Corinthios,
911 5418 1031 5472 cap.
1058 5416 1287 5472 tit,_cum
1331 5415 1391 5454 se
1406 5399 1548 5472 _ipse
1573 5399 1895 5472 laudaturus
1926 5409 2092 5472 esset,

540 5471 632 5525 ubi
659 5473 778 5525 vide
800 5487 922 5539 quae
947 5468 1097 5527 notat
1120 5470 1358 5527 Joannes
1396 5468 1839 5540 Cbrysostomus.
1862 5469 2093 5540 Adeunt

539 5542 704 5609 igitur
741 5538 893 5595 Pauli
936 5542 1113 5611 locum
1167 5542 1359 5596 alludit
1403 5538 1713 5611 Dionysius.
1742 5542 1912 5594 ln.—
1938 5538 2093 5605 Quod

539 5611 783 5681 sequitur
808 5611 1017 5681 insigne
1042 5610 1403 5681 fragmentum
1428 5626 1492 5664 ex
1518 5610 1764 5679 epistola,
1790 5627 1881 5664 seu
1909 5611 2091 5677 potius

537 5679 679 5736 libro
702 5679 939 5747 Dionysii
979 5679 1239 5738 adversus
1272 5682 1598 5738 Germanum
1645 5683 1983 5753 episcopum,-
2008 5697 2093 5735 re-

2275 3774 2351 3827 E'.
2382 3772 2567 3826 Αύτῶν
2602 3771 2659 3826 δὲ
2697 3769 3035 3824 ὲπακούσατε
3068 3769 3176 3824 τῶν
3208 3770 3300 3824 ὑπ’
3328 3769 3661 3842 ἀμφοτέρων
3689 3772 3774 3825 λέ-

2206 3866 2442 3937 χθέντων
2470 3864 2546 3929 ὡς
2579 3862 3032 3936 ὑπεμνηματίσθη
3068 3861 3199 3935 (55).
3245 3863 3627 3935 Είσαχθέντων
3658 3867 3773 3920 Διο-

2204 4133 2336 4189 citat
2364 4131 2632 4204 Eusebius
2658 4133 2751 4188 lib.
2780 4149 2879 4195 vu,
2906 4149 3041 4204 cap.
3075 4134 3159 4199 il.
3194 4132 3653 4204 jungendumque
3692 4145 3773 4190 est

2204 4219 2328 4276 eum
2368 4205 2539 4258 altero
2580 4203 2823 4276 ejusdem
2863 4202 3363 4276 libri'rfragmento,
3411 4202 3578 4274 quod
3602 4215 3775 4259 exstat

2205 4274 2297 4346 lib.
2326 4291 2400 4339 vi,
2425 4289 2545 4343 cap.
2575 4274 2663 4328 40.
2690 4272 2888 4346 Vates.
2916 4305 2987 4315 —
3010 4272 3143 4342 Qua".
3168 4274 3385 4343 quidem
3429 4272 3671 4346 utraque
3694 4277 3776 4331 hic

2205 4345 2372 4399 habes
2400 4346 2706 4412 conjuncta.
2737 4344 2904 4399 GALL.

2274 4415 2387 4484 (54)
2430 4417 2551 4468 Οὐκ
2586 4416 2965 4481 ἀπεοικότως.
3002 4413 3190 4484 Malim
3218 4416 3461 4470 scribere
3494 4416 3602 4469 οὐκ
3624 4417 3777 4471 ἀπι-

2196 4483 2392 4557 κότως.
2418 4484 2542 4539 Mox
2566 4487 2730 4557 verba
2755 4486 2868 4552 illa,
2894 4483 3210 4557 πειθαρχεῖν
3222 4485 3310 4557 ίδεῖ
3333 4483 3455 4556 Θεῷ
3499 4487 3711 4557 μᾶλλον
3743 4488 3772 4555 ἦ

2195 4554 2524 4627 ἀνθρώποις,
2565 4555 2797 4627 delenda
2845 4571 2967 4610 esse
3012 4554 3143 4610 mihi
3184 4554 3438 4610 videntur
3465 4554 3776 4627 {leguntur

2195 4626 2413 4694 quidem
2439 4626 2553 4682 haec
2587 4627 2747 4679 verba
2787 4626 2841 4678 in
2871 4641 2992 4695 cap.
3022 4641 3051 4679 v
3106 4627 3341 4695 Actuum
3369 4626 3773 4695 apostolorum,

2196 4690 2288 4750 sed
2324 4696 2462 4752 nihil
2489 4694 2701 4765 facient
2722 4696 2790 4750 ad
2823 4690 2969 4752 hunc
3001 4696 3222 4762 locum;
3252 4690 3356 4750 nisi
3384 4690 3553 4751 malis
3578 4697 3774 4765 legere,

2196 4775 2256 4819 ut
2275 4776 2358 4822 est
2381 4767 2438 4838 in
2460 4768 2649 4838 codice
2677 4763 2867 4838 Regio,
2896 4765 3282 4838 ἀπεκρινάμην
3312 4766 3369 4838 δε
3389 4767 3493 4820 οὐκ
3525 4767 3779 4821 ἀπεοικό-

2194 4852 2323 4901 τως,
2339 4837 2459 4909 eos:
2480 4835 2695 4909 μακράν
2722 4837 2838 4909 τοῦ,
2856 4835 3192 4909 πειθαρχεῖν.
3210 4835 3323 4909 etc.
3350 4835 3403 4889 ιιι
3432 4844 3542 4909 est,
3562 4854 3777 4909 respon-

2194 4922 2315 4979 sant
2332 4906 2633 4979 dedi,'quod
2657 4923 2761 4961 non
2786 4907 2936 4976 longe
2957 4906 3100 4979 abest
3111 4907 3182 4979 ab
3199 4906 3294 4979 ilio
3315 4906 3773 4976 αροειοιίεοΝΑι.

2268 4978 2380 5047 (55)
2423 4976 2516 5044 Ὡςῖ
2534 4979 3054 5047 ὑπεμνηματίσθη.
3078 4976 3217 5032 Male
3235 4976 3778 5046 Christopborsonus

2195 5046 2559 5104 hunc'locum
2604 5046 2676 5102 ita
2703 5046 2884 5114 vertit,
2911 5050 3047 5101 sicut
3088 5065 3122 5101 α
3163 5048 3501 5119 quibusdam
3525 5048 3587 5103 in
3633 5065 3777 5102 cont-

2196 5118 2674 5190 mcntqriosrelata
2719 5128 2862 5171 sunt.
2902 5116 3507 5190 Ύπομνήματαϐτεεοὶ
3557 5127 3777 5190 vocant.

2194 5203 2315 5254 qua:
2337 5186 2515 5243 Latini
2542 5190 2697 5255 Actu,
2727 5198 2787 5242 ut
2810 5186 3225 5244 observavimus
3247 5189 3315 5243 ad
3335 5188 3539 5243 librum
3575 5204 3593 5242 ι
3622 5189 3769 5243 Hist.

2194 5256 2320 5310 εδει.
2372 5256 2625 5326 Eusebii,
2675 5260 2767 5313 ubi
2813 5261 2880 5314 de
2924 5259 3075 5314 Actis
3103 5258 3288 5314 Pilati.
3334 5258 3441 5324 Qui
3485 5259 3609 5316 haec
3642 5262 3777 5314 Acta

2196 5329 2601 5402 conﬁciebant,
2656 5329 2991 5402 dicebantur,
3037 5345 3067 5384 a
3115 5328 3319 5402 Graecis
3359 5330 3773 5402 ιὺπομνηματο-

2195 5396 2415 5470 γράφοι.
2444 5399 2620 5454 Latini
2649 5416 2744 5454 cus
2770 5400 2833 5454 ab
2875 5400 3022 5454 Actis
3048 5400 3337 5465 vocabant,
3370 5409 3433 5455 ut
3475 5396 3682 5470 legitur
3723 5401 3774 5452 in

2256 5471 2408 5523 atina
2438 5471 2647 5539 imperii
2678 5471 2923 5525 Romani.
2955 5470 3588 5541 Hypomnematograpbi
3614 5470 3777 5541 urbis

2196 5539 2576 5610 Alexandrina:
2609 5543 2811 5595 mentio
2840 5541 2898 5594 iit
2921 5542 2973 5595 in
3005 5539 3118 5610 iege
3140 5540 3563 5610 ultimacodicis
3597 5540 3774 5595 Theo-

2196 5609 2431 5680 dosiani,
2470 5610 2543 5680 de
2588 5611 2992 5666 decurionibus.
3062 5609 3193 5680 Ejus
3228 5612 3463 5666 cilicium
3509 5609 3776 5667 describit

2196 5677 2351 5735 Philo
2375 5683 2427 5735 in
2452 5679 2728 5747 Flaccum,
2755 5684 2845 5736 tibi
2869 5684 2934 5738 de
2953 5677 3229 5753 Lampoue
3251 5681 3491 5752 quodam
3514 5683 3771 5753 loquens,
