3930 6864
525 291 663 347 1523

1514 290 1572 345 S.
1613 289 1908 347 DlONYSlI
1944 289 2253 348 EPISCOPI
2290 290 2758 349 ALEXANDRINI

3574 296 3717 355 -ιειι

520 427 554 465 a
584 408 851 479 corporali
901 416 1194 471 conventu,
1246 407 1471 463 Domino
1504 409 1748 477 jnvante,
1802 408 2087 467 abfuimns.

2198 411 2296 482 τῆς
2329 413 2488 483 ἡμεῖς
2538 411 2676 483 μετά
2703 411 2795 465 τοῦ
2831 411 3050 484 Κυρίου
3082 409 3399 481 συναγωγῆς
3424 410 3721 483 ἀπέστημεν·

521 501 724 559 Verum
751 518 846 558 eos
871 502 963 573 qui
990 501 1046 556 in
1073 501 1207 556 urbe
1248 510 1435 568 erant,
1482 502 1703 571 perinde
1734 518 1799 557 ac
1844 503 1891 558 si
1940 503 2096 557 ades-

518 612 661 660 sem,
695 595 903 665 majore
948 595 1130 650 studio
1163 596 1483 665 congregari
1519 596 1572 649 in
1621 594 1941 661 ecclesiam;
1999 595 2095 649 ab-

519 704 649 745 sens
694 688 916 759 quidem
962 701 1208 757 corpore,
1260 696 1321 741 ut
1344 686 1458 756 jam
1503 686 1652 751 dixi,
1685 686 1869 741 animo
1912 693 2093 740 autem

516 796 779 852 praesens.
829 779 985 851 Apud
1010 779 1223 849 Cephro
1245 793 1376 833 vero
1410 778 1694 834 nobiscum
1722 793 1917 849 magna
1962 778 2094 832 fide-

516 878 649 932 lium
680 876 855 933 adfuit
885 876 1210 941 multitudo;
1260 875 1456 945 partim
1503 891 1691 929 eorum
1724 875 1816 945 qui
1857 874 1927 928 ab
1958 873 2093 928 urbe

472 956 483 965 κ
516 986 619 1027 nos
644 970 814 1026 secuti
847 969 1081 1035 fuerant,
1123 970 1316 1039 partim
1359 969 1592 1023 aliorum
1630 969 1723 1038 qui
1770 984 1838 1023 ex
1882 967 2088 1037 reliqua

515 1065 749 1138 Egypto
796 1064 1157 1120 conﬂuebant.
1188 1062 1262 1116 lbi
1290 1077 1507 1132 quoque
1543 1061 1767 1131 januam
1817 1059 1977 1115 nobis
2004 1076 2094 1130 pa-

514 1155 700 1211 tefecit
741 1155 886 1210 Deus
923 1154 990 1209 ad
1024 1154 1462 1223 przedicationem
1502 1153 1648 1206 verbi
1686 1153 1791 1207 sui.
1838 1150 1904 1206 Et
1935 1150 2090 1205 initio

514 1246 733 1318 quidem
769 1245 1203 1315 persecutionem
1244 1243 1412 1313 passi,
1462 1252 1515 1296 et
1546 1242 1816 1312 lapidibus
1861 1240 2089 1311 impetiti

513 1352 727 1394 sumus.
765 1334 1121 1391 Postmodum
1151 1347 1281 1387 vero
1321 1347 1428 1386 non
1479 1334 1637 1403 pauci
1666 1349 1731 1388 ex
1764 1331 2088 1402 gentilibus,

512 1430 719 1487 relictis
767 1427 1098 1491 simulacris,
1142 1427 1209 1482 ad
1256 1426 1423 1482 Deum
1475 1425 1720 1482 conversi
1754 1434 1900 1480 sunt.
1936 1423 2091 1480 Tunc

512 1521 658 1576 enim
698 1520 938 1591 primum
964 1516 1106 1588 apud
1128 1516 1252 1571 illos
1278 1515 1427 1571 verbi
1456 1515 1625 1571 divini
1654 1531 1750 1585 per
1770 1529 1872 1569 nos
1899 1529 2089 1584 sparsa

512 1621 644 1669 sunt
688 1611 933 1676 semina,
984 1620 1109 1665 cum
1154 1608 1285 1664 illud
1336 1619 1494 1663 antea
1552 1623 1660 1663 non
1700 1607 2086 1677 suscepissent.

510 1706 593 1761 Ae
619 1718 849 1775 prorsus
877 1703 1036 1774 quasi
1064 1701 1209 1759 Deus
1237 1701 1358 1772 ejus
1408 1700 1486 1755 rei
1526 1716 1694 1756 causa
1730 1715 1831 1756 nos
1868 1698 1935 1755 ad
1967 1697 2089 1754 illos

2201 500 2335 555 ἀλλά
2380 503 2506 566 τοὺς
2549 502 2647 571 μὲν
2677 504 2733 555 ὲν
2770 506 2835 574 τῇ
2881 503 3045 556 πόλει
3081 500 3482 571 σπουδαιότερον
3512 506 3727 577 συνηκρό-

2198 609 2324 646 τουν
2357 592 2433 656 ώς
2468 593 2641 647 συνών
2659 610 2671 625 ·
2702 594 2857 648 ἀπὼν
2886 594 2991 665 μὲν
3025 593 3108 665 τῷ
3136 592 3345 664 σώματι
3368 594 3439 658 ὡς
3470 590 3601 648 εἷπον
3620 598 3727 667 (Η),

2200 685 2390 757 παρὼν
2420 685 2476 739 δὲ
2506 685 2585 756 τῷ
2623 686 2912 757 πνεύματι.
2960 688 3055 740 Ἐν
3075 687 3135 739 δὲ
3167 689 3233 757 τῇ
3266 688 3484 757 Κεφροῖ,
3523 675 3603 741 καί
3630 690 3730 743 πολ-

2199 775 2264 848 λὴ
2288 778 2568 851 δσυνεπεδή
2578 796 2749 849 μησεν
2790 782 2916 849 ἡμῖν
2944 778 3254 849 ὲκκλησία’
3287 778 3391 832 τῶν
3430 781 3519 851 μὲν
3546 782 3638 834 ἀπὸ
3657 784 3731 854 τῆς

2198 868 2405 934 πόλεως
2454 870 2696 940 ἀδελφῶν
2737 873 3056 942 ἑπομένων,
3101 872 3212 924 τῶν
3262 872 3319 923 δὲ
3362 872 3620 925 συνιόντων
3660 876 3731 928 ἀπ’

2196 957 2497 1027 Αἰγύπτου.
2534 961 2713 1012 Κάκεῖ
2760 960 2926 1032 θύραν
2970 962 3109 1031 ἡμῖν
3164 961 3194 1011 ὁ
3253 960 3383 1024 Θεὸς
3439 961 3618 1033 ἀνέῳξε
3663 962 3733 1018 τοῦ

2196 1050 2378 1119 λόγου.
2426 1051 2536 1104 Καὶ
2566 1034 2628 1104 τὸ
2666 1052 2766 1121 μὲν
2809 1052 3030 1123 πρῶτον
3076 1050 3445 1123 ὲδιώχθημεν,
3483 1054 3736 1126 ἑλιθοὸολή-

2198 1142 2405 1215 θημενο
2446 1141 2670 1216 ὕστερον
2702 1144 2761 1197 δέ
2799 1161 2944 1208 τινες
2977 1144 3158 1213 ὀλίγοι
3176 1144 3289 1198 τῶν
3315 1144 3477 1199 ἐθνῶν
3497 1146 3560 1199 τά
3585 1148 3735 1201 εἴδωλα

2196 1235 2606 1301 καταλιπόντες,
2650 1237 2993 1308 ἐπέστρεψαν
3036 1238 3137 1291 ἐπὶ.
3163 1238 3259 1291 τὸν
3289 1238 3439 1291 Θεόν.
3485 1239 3553 1291 Οὐ
3578 1240 3733 1310 πρότεο

2200 1345 2290 1400 ρον
2336 1327 2445 1399 γὰρ
2508 1329 2974 1400 παραδεξαμένοις
3022 1331 3252 1396 αὐτοῖς,
3291 1332 3412 1385 τότε
3456 1331 3647 1404 πρῶτον
3684 1334 3734 1387 δι’

2193 1420 2353 1493 ἡμῶν
2383 1422 2414 1473 ό
2445 1420 2602 1488 λόγος
2633 1423 2943 1495 ἐπεσπάρη.
2992 1425 3112 1478 Καὶ
3155 1423 3349 1493 ὥσπερ
3382 1422 3561 1476 τούτου
3592 1424 3734 1477 ἕνεκεν

2193 1514 2498 1585 ἀπαγαγὼν
2540 1517 2687 1589 ἡμᾶς
2719 1518 2857 1590 πρὸς
2890 1519 3096 1583 αὐτοὺς
3136 1522 3166 1572 ό
3190 1518 3359 1582 Θεὸς,
3392 1517 3508 1571 ἐπεὶ
3541 1517 3625 1589 τὴν
3649 1519 3735 1572 δια-

2194 1609 2379 1663 κονίαν
2427 1608 2633 1681 ταύτην
2680 1611 3080 1685 ὲπληρώσαμεν
3106 1652 3123 1677 ,
3160 1612 3325 1666 πάλιν
3362 1613 3664 1683 ἀπαγήοχεν.
3693 1613 3735 1665 '0

2193 1698 2302 1771 γάρ
2341 1700 2655 1771 Αἰμιλιανὸς
2685 1703 2766 1766 είς
2796 1704 3178 1774 τραχυτέρους
3205 1703 3330 1775 μὲν,
3359 1701 3436 1766 ὡς
3470 1701 3643 1765 ἐδόκει,
3665 1704 3733 1758 καὶ

510 1797 877 1868 perduxisset,
927 1806 1217 1866 postquam
1257 1793 1390 1848 illud
1440 1792 1804 1848 ministerium
1850 1791 2087 1863 implevi-

2191 1791 2602 1865 Λιϐυκωτέρους
2639 1796 2787 1865 ἡμᾶς
2837 1796 3189 1868 μεταστῆσαι
3238 1796 3439 1859 τόπους
3481 1795 3730 1866 ἐϐουλήθη·

510 1903 639 1943 mus
664 1924 679 1953 ,
728 1886 923 1942 iterum
957 1900 1059 1941 nos
1089 1886 1199 1939 alio
1244 1884 1536 1940 transtulit.
1587 1883 1800 1940 Etenim
1843 1883 2088 1939 IEmilia-

509 1992 618 2033 nus
645 1980 699 2033 in
728 1977 1005 2048 asperiora
1036 1978 1283 2047 quaedam
1313 1978 1453 2039 loca,
1497 1985 1552 2031 et
1598 1986 1659 2031 ut
1698 1976 1955 2033 credebat
1980 1991 2091 2030 ma-

510 2072 596 2143 gis
626 2069 848 2141 Libyca,
876 2083 978 2124 nos
1004 2077 1375 2139 transportare
1407 2068 1712 2125 constituit.
1765 2067 1834 2124 Et
1878 2070 2092 2126 cunctis

508 2161 875 2230 undecunque
914 2159 981 2214 ad
1011 2157 1359 2214 Mareotieam
1394 2158 1770 2231 pmfecturam
1815 2158 2091 2214 conﬂuere

506 2246 700 2318 jussis,
734 2248 885 2302 vicos
912 2261 1008 2315 per
1033 2248 1310 2318 regionem
1345 2248 1490 2303 illam
1541 2248 1819 2319 dispersos
1862 2248 2091 2318 singulis

509 2339 812 2411 assignavit
844 2357 857 2394 :
887 2354 989 2395 nos
1020 2354 1151 2394 vero
1190 2341 1364 2409 magis
1408 2341 1475 2394 ad
1514 2340 1656 2394 viam
1692 2340 1987 2410 publicam,
2031 2350 2092 2395 ut

2196 1883 2294 1938 καὶ
2324 1884 2451 1947 τοὺς
2476 1887 2778 1957 πανταχόσε
2814 1890 2892 1953 είς
2924 1888 3017 1942 τὸν
3047 1886 3369 1960 Μαρεώτην
3390 1887 3622 1941 ἐκέλευσε
3646 1890 3734 1959 συρ.

2199 1977 2333 2045 ῥεῖν,
2379 1976 2573 2046 κώμας
2618 1977 2867 2043 ἑκάστοις
2904 1982 3014 2034 τῶν
3065 1979 3215 2035 κατά
3257 1979 3441 2052 χώραν
3478 1980 3729 2051 ἀφορίσας’

2196 2069 2345 2139 ἡμᾶς
2384 2069 2441 2122 δὲ
2469 2069 2667 2140 μᾶλλον
2695 2071 2754 2124 ἐν
2784 2071 2909 2143 ὁδῷ,
2950 2073 3047 2126 καὶ
3096 2071 3356 2144 πρώτους
3378 2071 3731 2143 καταληφθησο-

2200 2158 2394 2228 μένους
2437 2159 2646 2227 ἔταξεν·
2694 2162 2962 2234 ᾠκονόμει
3014 2163 3130 2236 γὰρ
3177 2163 3442 2235 δηλονότι,
3489 2164 3575 2217 καὶ
3599 2180 3730 2234 παρι-

2199 2250 2482 2318 σκεύαζεν,
2520 2255 2607 2308 ἵνα
2648 2255 2847 2311 ὁπόταν
2883 2255 3181 2329 βουληθείη
3225 2256 3530 2320 συλλαϐεῖν,
3570 2256 3730 2319 πάντας

2196 2344 2500 2409 εὐαλώτους
2528 2347 2664 2417 ἔχοι.

507 2432 671 2505 primi
712 2433 1317 2503 comprehenderemur,
1345 2436 1649 2491 collocavit.
1682 2433 1738 2490 ld
1771 2436 1915 2490 enim
1945 2438 2215 2507 praecipue
2253 2443 2447 2513 agebat
2490 2459 2555 2498 ac
2594 2442 2953 2513 moliebatur,
3001 2456 3061 2501 ut
3094 2446 3533 2518 quandocunque
3566 2445 3724 2498 voluis-

508 2533 613 2589 set,
644 2540 833 2581 omnes
861 2526 1011 2581 nullo
1040 2529 1257 2596 negotio
1285 2528 1404 2598 capi
1433 2542 1739 2598 possemus.

581 2619 694 2676 VII.
735 2620 847 2692 Ego
877 2638 1008 2677 vero
1044 2638 1168 2678 cum
1195 2622 1411 2693 Cephro
1444 2624 1680 2694 primum
1711 2624 1862 2680 abire
1895 2624 2086 2694 jussus

511 2728 657 2777 sum,
685 2712 898 2768 tametsi
932 2713 1151 2769 ubinam
1183 2715 1337 2770 locus
1372 2714 1463 2769 ille
1506 2716 1644 2771 situs
1672 2725 1835 2780 esset,
1872 2715 2090 2786 ignora-

509 2808 659 2871 bam,
707 2804 909 2874 quippe
954 2804 1048 2876 qui
1088 2806 1177 2860 vix
1221 2821 1420 2862 nomen
1463 2807 1612 2861 illius
1660 2816 1815 2862 antea
1855 2807 2092 2864 audivis-

511 2913 659 2966 aem;
697 2896 1051 2953 nihilominus
1102 2897 1269 2954 alacri
1311 2900 1699 2970 constantique
1747 2901 1932 2956 animo
1965 2916 2091 2972 per-

509 2991 647 3047 rexi.
687 2991 1046 3063 Posteaquam
1088 3006 1218 3046 vero
1250 2991 1384 3045 mihi
1424 2994 1792 3048 renuntiatum
1819 3002 1903 3050 est
1936 3001 1996 3050 ut
2018 2997 2089 3051 ad

508 3081 873 3138 Collutbionis
898 3084 1177 3155 regionem
1209 3084 1521 3155 migrarem,
1549 3093 1753 3139 norunt
1780 3085 1817 3139 ii
1844 3084 1937 3155 qui
1971 3095 2086 3140 tum

506 3183 803 3243 praesentes
832 3172 1077 3240 aderant,
1103 3172 1377 3243 quomodo
1399 3174 1624 3229 affectus
1651 3176 1836 3228 animo
1864 3175 2082 3230 fuerim.

505 3268 609 3321 llic
645 3265 790 3319 enim
830 3264 1144 3333 memetipse
1183 3266 1453 3319 accusabo
1500 3283 1513 3319 :
1550 3264 1816 3334 principio
1864 3266 2084 3335 quidem

507 3374 651 3429 aegre
696 3358 990 3413 admodum
1039 3372 1105 3411 ac
1155 3357 1380 3412 moleste
1421 3356 1542 3412 tuli.
1592 3356 1708 3412 Etsi
1746 3358 1893 3412 enim
1934 3360 2087 3429 regio

506 3450 600 3504 illa
629 3449 809 3504 notior
834 3448 994 3503 nobis
1023 3448 1303 3518 magisque
1327 3446 1613 3503 familiaris
1649 3457 1767 3503 erat
1794 3464 1958 3519 quam
1991 3450 2087 3506 Ce-

505 3541 678 3613 phro,
709 3550 890 3596 tamen
924 3540 1186 3596 fratribus
1217 3557 1281 3596 ac
1326 3540 1509 3611 probis
1540 3539 1673 3595 viris
1712 3555 1920 3595 vacuus
1961 3556 2086 3597 esse

505 3636 663 3691 locus
686 3634 985 3696 dicebatur,
1020 3646 1074 3688 et
1101 3635 1366 3688 viatorum
1397 3635 1570 3690 turbis
1600 3635 1980 3705 latronumque
2009 3636 2086 3689 in-

506 3728 856 3783 cursionibus
879 3725 1171 3782 obnoxius.
1205 3726 1308 3781 Sed
1335 3727 1565 3782 multum
1594 3727 1728 3781 mihi
1757 3727 2086 3783 consolatio-

504 3826 593 3881 nis
634 3826 835 3891 attulit,
882 3825 1026 3895 quod
1083 3823 1275 3882 fratres
1320 3841 1408 3881 me
1450 3825 1852 3881 admonuerunt
1903 3826 2082 3882 locum

505 3918 657 3973 illum
703 3933 733 3973 a
773 3918 991 3972 civitate
1037 3918 1262 3988 propius
1318 3918 1527 3974 abesse.
1592 3916 1778 3988 Itaque
1834 3919 2083 3989 quamvis

504 4011 719 4082 Cepbro
760 4011 1055 4097 maximam
1109 4012 1269 4068 nobis
1314 4011 1716 4066 multitudinem
1753 4011 1981 4066 fratrum
2017 4028 2084 4067 ex

505 4103 744 4176 Ευριο
797 4102 1187 4160 confluentium
1229 4103 1573 4169 adduxisset,
1610 4104 1746 4160 adeo
1800 4112 1861 4159 ut
1906 4104 2084 4160 laxius

382 4270 397 4281 μ
500 4199 615 4271 jam
649 4205 950 4253 conventus
988 4211 1144 4267 agere
1173 4209 1459 4266 possemus
1485 4214 1500 4250 :
1530 4195 1641 4251 illic
1663 4207 1865 4264 tamen,
1896 4196 1967 4251 ob
1997 4196 2083 4250 vid

505 4292 780 4349 ciuitatem
810 4290 995 4357 urbis,
1042 4290 1490 4347 charissimorum
1520 4297 1576 4345 et
1601 4289 2084 4360 conjunctissimo—

503 4401 629 4442 rum
677 4383 962 4439 hominum
1005 4391 1229 4453 aspectu
1276 4382 1521 4438 crebrius
1568 4396 1670 4437 nos
1707 4380 1924 4436 aiebant
1963 4395 2086 4437 esse

2265 2629 2334 2686 Z'.
2352 2626 2493 2697 Ἐγὼ
2513 2628 2570 2683 δὲ
2589 2630 2677 2683 ὅτε
2698 2631 2795 2702 μὲν
2820 2632 2900 2695 εἰς
2923 2633 3163 2705 Κεφρὼν
3189 2631 3580 2703 ὲκεκελεύσμην
3599 2630 3722 2685 ἀπελ-

2195 2717 2307 2773 θεῖν
2331 2759 2347 2785 ,
2385 2722 2481 2775 καὶ
2526 2723 2618 2776 τὸν
2658 2724 2822 2778 τόπον
2860 2726 3089 2795 ἠγνόουν
3126 2727 3253 2780 ὅποι
3283 2726 3412 2780 ποτὲ
3437 2721 3575 2789 οὗτός
3595 2727 3717 2786 ἐστιν,

2193 2811 2313 2865 οὐδὲ
2349 2812 2408 2865 τὸ
2447 2813 2617 2884 ὄνομα
2657 2816 2841 2885 σχεδὸν
2868 2816 3141 2889 πρότερον
3169 2816 3457 2888 ἀκηκοώς·
3503 2816 3584 2869 καὶ
3612 2816 3720 2884 ὅμως

2194 2898 2468 2971 εὐθύμως,
2509 2904 2603 2956 καὶ
2644 2904 2932 2975 ἀταράχως
2972 2907 3197 2978 ἀπῄειν.
3242 2908 3393 2961 Ἐπεὶ
3425 2907 3716 2977 δὲμετασκηο

2194 2987 2388 3045 νώσειν
2422 2994 2504 3057 είς
2534 2978 2601 3048 τά
2624 2995 3022 3062 Κολλουθίωνος
3046 2998 3163 3071 (42)
3190 2997 3477 3069 ἀπηγγέλη
3505 3015 3598 3069 μοι,
3629 2996 3715 3049 ἶσα-

2196 3103 2280 3141 σιν
2304 3087 2353 3142 οἱ
2378 3089 2643 3160 παρόντες
2668 3090 2815 3155 ὅπως
2837 3090 3081 3166 διετέθην
3100 3111 3115 3125 ’
3148 3094 3388 3165 ὲνςαῦθα
3410 3092 3511 3164 γὰρ
3530 3088 3711 3162 ἐμαυτοῦ

2188 3182 2570 3252 κατηγορήσω.
2602 3184 2674 3236 Τὸ
2712 3185 2811 3255 μὲν
2838 3185 3051 3258 πρῶτον
3075 3186 3357 3258 ἠχθέσθην
3380 3186 3471 3240 καὶ
3500 3185 3601 3237 λίαν
3620 3185 3713 3253 ἐχα-

2187 3273 2423 3347 λέπηνα*
2466 3276 2558 3329 καὶ
2604 3276 2714 3349 γάρ
2739 3280 2787 3331 εἰ
2829 3280 3247 3355 γνωριμώτεροι
3283 3280 3379 3335 καὶ
3403 3277 3709 3349 συνηθέστεροι

2186 3365 2484 3437 ἐτύγχανον
2527 3370 2659 3439 ἡμῖν
2695 3371 2744 3421 oi
2782 3370 2956 3435 τόποι,
2992 3369 3109 3424 ἀλλ’
3151 3372 3361 3443 ἔρημον
3390 3372 3482 3442 μὲν
3504 3367 3707 3436 ἀδελφῶν,

2187 3459 2280 3511 καὶ
2329 3459 2630 3513 σπουδαίων
2678 3460 2983 3533 ἀνθρώπων
3018 3463 3264 3531 ἔφασκον
3290 3460 3427 3517 εἶναι
3455 3462 3510 3515 τὸ
3528 3460 3708 3533 χωρίον’

2185 3552 2304 3614 ταῖς
2328 3549 2385 3603 δὲ
2423 3550 2531 3604 τῶν
2567 3551 2989 3625 ὁδοιπορούντων
3030 3555 3381 3627 ὲνοχλήσεσι,
3425 3555 3512 3608 καὶ
3551 3547 3707 3621 λῃστῶν

2185 3644 2553 3715 καταδρομαῖς
2608 3646 2923 3717 ἐγκείμενον
2971 3647 3103 3718 (45).
3136 3650 3373 3719 Ἔτυχον
3417 3646 3470 3699 δὲ
3518 3640 3703 3714 παραθυ-

2189 3736 2338 3807 μίας,
2396 3737 2823 3808 ὑπομνησάντων
2868 3755 2936 3809 με
2981 3738 3090 3793 τῶν
3137 3739 3405 3809 ἀδελφῶν,
3445 3738 3520 3791 δτι
3549 3730 3706 3802 γειτνιᾷ

2188 3826 2388 3896 μᾶλλον
2426 3830 2493 3899 τῇ
2536 3828 2708 3882 πόλει.
2759 3828 2870 3882 Καὶ
2917 3831 2949 3898 ή
2994 3828 3094 3899 μὲν
3130 3829 3370 3901 Κεφρὼν
3408 3826 3584 3895 πολλὴν
3609 3822 3705 3892 ἡμῖν

2183 3914 2317 3990 ἦγεν
2353 3920 2597 3990 ἀδελφῶν
2641 3920 2748 3975 τῶν
2783 3920 2878 3975 ἀπ’
2916 3921 3192 3990 Αἰγύπτου
3235 3923 3334 3994 τὴν
3360 3917 3626 3990 ἐπιμιξίαν,
3648 3910 3703 3972 ὡς

2185 4012 2518 4085 πλατύτερον
2543 4012 2923 4084 ἐκκλησιάζειν
2948 4014 3216 4070 δύνασθαι
3238 4033 3251 4046 ·
3292 4016 3407 4068 ἐκεῖ
3429 4013 3484 4067 δὲ
3505 4001 3698 4080 πλησιαὶ-

2183 4123 2337 4178 τερον
2381 4105 2548 4177 οὖα-ης
2598 4107 2695 4178 τῆς
2753 4107 2958 4171 πόλεως
2988 4148 3003 4173 ,
3068 4109 3447 4180 συνεχέστερον
3488 4103 3577 4173 τῆς
3623 4095 3697 4150 τῶν

2183 4196 2352 4262 ὅντως
2402 4197 2702 4267 ἀγαπητῶν
2770 4198 2867 4253 καὶ
2913 4198 3269 4254 οἰκειοτάτων
3335 4198 3428 4253 καὶ
3487 4189 3699 4264 φιλτάτων

2183 4286 2359 4358 ὅψεως
2401 4287 2795 4361 ἀπολαύσομεν.
2857 4289 3166 4359 ’Δφίξονται
3208 4291 3321 4365 γάρ
3377 4290 3466 4345 καὶ
3501 4279 3695 4341 ἀναπαύ-

2187 4398 2367 4436 σονται
2387 4397 2401 4415 ’
2427 4382 2521 4436 καὶ
2546 4378 2622 4447 ὡς
2644 4384 2703 4436 ὲν
2725 4383 3069 4455 προαστείοις
3103 4380 3434 4457 πορρωτέρω
3465 4375 3696 4450 κειμένοις.

503 4477 791 4534 fruituros.
849 4473 956 4530 Eos
989 4476 1190 4546 quippe
1221 4488 1544 4530 accessuros
1572 4474 1754 4544 ibique
1781 4488 2083 4529 commora-

2191 4473 2326 4528 κατά
2386 4468 2550 4548 μέρος
2597 4474 2811 4530 ἔσονται
2858 4474 3174 4547 συναγωγαί
3225 4477 3358 4550 (ιε).
3421 4472 3521 4528 Καὶ
3570 4465 3695 4524 οὕτως

504 4580 662 4625 turos
707 4575 810 4623 :et
857 4575 1115 4635 tanquam
1168 4565 1224 4620 in
1281 4564 1609 4621 suburbanis
1664 4564 2085 4632 remotioribus,

504 4660 864 4734 particulares
896 4656 1005 4712 illic
1038 4668 1336 4714 conventus
1366 4656 1599 4715 futuros.
1647 4656 1815 4727 quue
1859 4657 1932 4712 ita
1959 4673 2088 4714 con-

506 4754 650 4825 tigit.

582 4908 711 5032 (“3.
741 4908 926 4962 Ἆπὼν
948 4906 1066 4977 μὲν
1092 4904 1171 4971 τῷ
1201 4904 1455 4986 σώμασι,
1628 4901 1820 4959 εἷπον.
1869 4902 2089 4958 Rectius

584 4986 658 5032 'co
699 4994 782 5032 tce
810 4977 950 5032 Maz.
981 4986 1036 5031 et
1064 4974 1203 5031 Med.
1239 4975 1499 5031 scribitur
1522 4992 1597 5032 ως
1628 4976 1821 5028 εἰπεῖν.
1861 4973 1916 5027 In
1946 4973 2081 5028 Fuk.

509 4973 782 5035 in‘codice
810 4973 964 5033 Μαι(
981 4986 1036 5031 et
1064 4974 1203 5031 Med.
1239 4973 1499 5031 scribitur
1522 4976 1597 5038 ὼς
1628 4976 1821 5028 εἰπεῖν.
1861 4973 1916 5027 In
1946 4973 2081 5028 Fuk.

509 5060 565 5105 et
597 5049 767 5104 Savil.
810 5048 1079 5108 scriptum
1106 5047 1309 5106 inveni,
1354 5045 1430 5108 ὼς
1461 5040 1614 5099 εἶπεν
1667 5048 1696 5099 ό
1746 5045 2083 5108 Ἀπόστολος.

510 5120 672 5176 Certe
705 5119 899 5175 alludit
925 5115 1313 5189 Dionysiusad
1341 5116 1521 5170 locum
1545 5115 1788 5185 Apostoli
1819 5116 1874 5169 in
1908 5116 2088 5184 priore

510 5191 577 5246 ad
611 5190 949 5255 Corinthios,
977 5185 1101 5258 cap.
1132 5203 1184 5241 ν.
1223 5185 1419 5242 νΑιεε.

580 5260 829 5333 (42))Τά
887 5253 1359 5333 Κολλοιιθίωχος.
1434 5256 1813 5333 _Supplendum
1875 5253 2088 5333 videtur

557 5325 800 5404 épq.'_Sic
845 5346 1010 5401 supra
1047 5330 1188 5404 dixit
1225 5325 1647 5404 Dionysii-15,14
1674 5325 1815 5397 μέρη
1843 5327 1942 5404 τῆς
1984 5327 2083 5379 Λι-

509 5351 675 5455 ἓιερη.
708 5351 800 5388 διο
845 5351 1010 5401 supra
1049 5351 1188 5385 uult
1225 5351 1537 5400 UIUIIySIus,
1573 5351 1643 5379 τα
1674 5351 1815 5397 μερη
1843 5351 1941 5398 της
1984 5351 2083 5379 λιι-

548 5403 666 5472 ύης.
685 5402 813 5457 Erat
841 5413 1024 5457 autem
1046 5401 1136 5456 hic
1162 5401 1317 5455 locus
1342 5400 1397 5453 in
1426 5396 1715 5452 Mareotica
1741 5395 2084 5465 przefectura.

510 5471 603 5528 Sic
626 5473 792 5527 etiam
814 5472 882 5526 τὰ
915 5471 1179 5526 Βουκόλου
1202 5478 1409 5525 tractus
1435 5468 1656 5539 quidam
1683 5466 1902 5539 Egypti
1933 5468 2084 5539 dice-

507 5544 691 5606 batur,
732 5558 761 5597 a
810 5543 1031 5597 nomine
1071 5542 1279 5598 scilicet
1326 5537 1695 5603 dominorum,
1730 5537 1824 5607 qui
1869 5554 1934 5593 ea
1967 5537 2086 5593 loca

506 5615 639 5669 olim
672 5612 1044 5683 possederant.
1091 5612 1250 5683 Apud
1280 5609 1645 5683 Nicephorum
1682 5607 1974 5664 Κολούθιον
2000 5610 2088 5683 hic

508 5685 665 5739 locus
728 5682 925 5736 dicitur
972 5697 1100 5738 cum
1141 5681 1381 5753 simplici
1436 5682 1706 5753 lambda:
1748 5695 1913 5751 quam
1946 5681 2085 5737 scri-

509 5766 723 5828 pturam
753 5752 1035 5808 rectiorem
1067 5763 1216 5824 pulo.
1243 5751 1374 5808 Nam
1409 5751 1747 5807 Κολλουθίων
1776 5767 1975 5809 nomen
2002 5760 2087 5809 est

2188 4566 2418 4636 ἐγένετο,

2186 4898 2453 4972 deflexum
2477 4916 2509 4955 a
2532 4900 2787 4972 Colutho,
2812 4902 2956 4972 quod
2983 4917 3180 4957 nomen
3214 4902 3317 4959 fuit
3338 4884 3690 4972 frequensapltd

2189 4969 2494 5047 [Egyptios
2517 4971 2676 5047 certe
2706 4972 2778 5027 ita
2801 4965 2980 5047 dictus
3001 4984 3086 5047 est
3106 4987 3265 5043 poeta
3293 4965 3496 5047 quidem
3519 4965 3692 5047 celem}?

2187 5036 2526 5113 temporibus
2572 5042 2877 5113 Anastasii,
2931 5036 3200 5099 oriundus
3252 5036 3323 5100 ex-
3367 5036 3622 5113 Thebaide.
3648 5036 3689 5113 ul

2188 5120 2420 5166 testatur
2451 5111 2667 5168 Suidas.
2697 5112 2821 5166 Fuit
2846 5122 2900 5168 et
2925 5113 3060 5169 alter
3083 5114 3350 5171 Coluthus
3376 5111 3687 5180 scltismatietls

2188 5182 2243 5234 in
2295 5180 2529 5253 {Egypto
2591 5184 2923 5253 temporibus
2982 5186 3165 5253 magni
3216 5182 3515 5243 Athanasii,
3573 5181 3686 5253 CUI”?

2188 5243 2462 5325 crebravii't
2493 5243 2770 5325 mentio-in
2794 5257 2832 5306 Α
2841 5243 3228 5325 ροΙοςὸαίΕιιιη
3251 5254 3547 5325 Acolutlnttn
3569 5243 3682 5325 ι’θςξι

2189 5320 2483 5392 Gregorius
2508 5321 2780 5394 Nyssenus
2808 5310 2858 5377 nl
2883 5310 2989 5379 lib:
3004 5342 3065 5390 ll,
3095 5327 3296 5381 Contra
3317 5321 3608 5394 Eunomium.
3630 5310 3681 5394 Ιρς

2261 5387 2371 5464 (ἆῦ)
2406 5387 2810 5463 Κατάδρομαῖς
2840 5387 3212 5466 ἐγκείμενον.
3239 5393 3563 5453 Scribendum
3588 5387 3681 5452 Ρυίθ

2190 5464 2524 5515 ἐκκείμενον.
2555 5467 2632 5515 In.

2220 5465 2524 5527 κκείμενον.
2555 5467 2632 5519 In.
2885 5465 2888 5466 ⁷
3003 5465 3012 5466 ί
3620 5515 3654 5527 ..

2259 5483 2784 5608 1’μέρος
2823 5538 3189 5608 συναγωγαί.
3226 5537 3440 5605 Quoties
3479 5515 3679 5608 subuflff

2189 5591 2851 5689 paulo'rem'otiora'eraut
2877 5608 2947 5689 ab
2967 5591 3122 5671 urbe,
3167 5610 3220 5689 ii_
3235 5591 3340 5679 qui
3360 5607 3445 5689 _in.
3461 5591 3673 5689 ευυξζίίξξξ

2189 5665 2295 5732 illis
2323 5676 2631 5740 manebant,
2657 5691 2773 5751 non
2800 5665 3129 5751 cogebantur
3156 5680 3223 5734 ad
3263 5665 3474 5747 'majoris
3493 5665 3675 5751 ςροξεξξξ

2188 5757 2487 5806 conventus
2510 5734 2796 5805 accedere:
2828 5734 2919 5803 55d
2943 5748 2998 5803 in
3025 5764 3092 5805 eo
3116 5734 3376 5806 suburbio
3394 5735 3676 5815 particulam
3820 5734 3823 5859 1
