3930 6864
275 267 414 322 ίῖηθ

1434 282 1648 338 EPlST.
1690 283 1781 336 AD
1824 280 2370 336 ΠΕΠΜΑΜΜΟΝΕΜ.

3385 263 3536 343 ιδδο

275 385 404 449 τοὺς
434 390 543 457 ’μεν
577 388 870 462 καθαροὺς,
906 394 1000 447 καὶ
1025 396 1203 460 ὁσίους
1229 398 1425 469 ἄνδρας
1454 400 1733 455 κτίνυσθαι
1762 400 1855 453 καὶ

1964 408 2164 464 sceret;
2201 399 2397 467 jubens
2440 405 2498 452 ut
2539 405 2718 452 castos
2760 397 2976 467 quidem
3023 408 3076 454 et
3117 411 3336 456 sanctos
3373 405 3518 461 viros

273 475 565 533 διώκεσθαι
589 482 844 548 κελεύων,
876 485 951 549 ὡς
979 487 1305 553 ἀντιπάλους
1343 491 1436 544 καὶ
1469 492 1715 557 κωλυτὰς
1742 492 1852 545 τῶν

274 571 618 644 παμμιάρων
666 575 759 628 καὶ
812 575 1115 645 βδελυκτῶν
1173 581 1436 636 ὲπαοιδῶν
1487 583 1847 655 ὑπάρχοντας·

273 663 372 716 καὶ
410 662 520 735 γὰρ
553 665 661 718 εἰσὶ
693 667 785 719 καὶ
827 663 967 738 ἦσαν
1000 671 1170 725 ἱκανοὶ
1212 673 1474 744 παρόντες
1520 675 1614 728 καὶ
1642 675 1852 747 ὁρώμε-

271 773 378 818 νοι,
431 757 524 809 καὶ
572 756 732 827 μόνον
778 761 1104 830 ἐμπνέοντες
1148 765 1283 834 (59),
1339 766 1433 818 καὶ
1473 767 1849 838 φθεγγόμενοι,

270 846 623 902 διασκεδάσαι
660 850 758 914 τὰς
784 851 890 906 τῶν
919 853 1212 927 ἀλιτηρίων
1249 857 1515 928 δαιμόνων
1541 858 1847 921 ἐπιϐουλάς·

273 939 499 1005 τελετὰς
542 942 600 994 δὲ
634 944 902 1012 ἀνάγνους
931 947 1024 1000 καὶ
1060 951 1395 1019 μαγγανείας
1419 951 1733 1020 ἐξαγίστους
1761 955 1853 1006 καὶ

274 1031 589 1102 ἱερουργίας
643 1034 1072 1107 ἀκαλλιερήτους
1128 1040 1393 1096 ἐπιτελεῖν
1445 1040 1848 1113 ὑποτιθέμενος,

273 1121 476 1184 παῖδας
526 1121 742 1187 ἀθλίους
789 1126 1155 1195 ἀποσφάττειν
1179 1169 1193 1191 ,
1244 1131 1336 1183 καὶ
1377 1130 1542 1183 τέκνα
1579 1131 1852 1204 δυστήνων

277 1213 536 1284 πατέρων
575 1214 884 1278 καταθύειν,
915 1219 1009 1271 καὶ
1039 1218 1318 1290 σπλάγχνα
1353 1223 1571 1292 νεογενῆ
1604 1222 1850 1294 διαιρεῖν,

275 1305 374 1358 καὶ
418 1305 486 1359 τά
526 1305 622 1360 τοῦ
676 1308 809 1361 Θεοῦ
856 1311 1241 1375 κατακόπτειν,
1294 1313 1388 1365 κα)⁵
1441 1314 1852 1386 καταχορδεύειν

278 1397 594 1470 πλάσματα,
620 1399 696 1464 ὡς
725 1403 788 1455 ὲκ
822 1403 1024 1457 τούτων
1055 1404 1545 1476 εὐδαιμονήσοντας
1579 1407 1708 1477 (60).

349 1583 423 1635 Γ’.
460 1584 570 1637 Καὶ
598 1586 829 1651 τούτοις
865 1586 1125 1655 ἐπιφέρει
1149 1587 1342 1658 λέγων
1361 1605 1374 1618 ·
1413 1588 1568 1642 Καλὰ
1596 1588 1723 1656 γοῦν
1755 1591 1854 1643 αύ-

276 1678 392 1739 τοῖς
423 1676 736 1745 Μακριανὸς
760 1677 868 1747 (61)
885 1679 986 1748 τῆς
1012 1678 1369 1751 ἐλπιζομένης
1395 1680 1664 1750 βασιλείας
1690 1698 1856 1744 προσ-

1954 499 2366 560 persequeretur
2395 499 2555 560 atque
2585 488 2874 555 occideret,
2901 490 3098 562 quippe
3140 491 3235 562 qui
3275 495 3518 550 scelestis

1953 597 2017 636 ac
2042 582 2372 635 detestandis
2417 579 2875 635 incantationibus
2920 582 3332 638 adversarentur
3358 595 3520 656 atque

1953 674 2250 728 obstarent.
2289 671 2452 727 Erant
2480 675 2622 727 enim
2657 685 2712 730 et
2742 684 2869 730 sunt
2892 677 3188 732 etiamnum
3230 677 3517 748 ejusmodi,

1954 764 2044 833 qui
2077 763 2158 816 vel
2194 765 2478 832 praesentia
2509 773 2670 834 atque
2698 775 2918 834 aspectu
2947 781 3068 830 suo,
3105 777 3160 822 et
3186 768 3520 827 ittsulllantes

1953 859 2218 911 duntaxat
2247 871 2310 911 ac
2337 872 2522 910 vocem
2558 857 2777 913 edentes
2803 898 2816 918 .
2867 859 3174 913 daemonum
3222 861 3522 931 praestigias
3553 873 3555 876 ‘

1953 945 2260 1001 disturbare
2303 945 2532 1013 possint.
2587 943 2922 1000 lnitiationes
2955 955 3133 999 autem
3173 946 3435 1017 impuras,
3468 958 3523 1003 et

1955 1036 2317 1091 abominanda
2352 1035 2635 1100 maleﬁcia,
2676 1044 2730 1091 et
2752 1036 3013 1091 sacriﬁcia
3038 1040 3367 1093 exsecranda
3399 1055 3524 1108 per-

1955 1143 2112 1198 agere
2142 1142 2265 1181 eum
2295 1127 2479 1196 jussit,
2516 1127 2743 1181 miseros
2771 1125 3004 1181 infantes
3033 1139 3290 1196 mactare,
3323 1121 3520 1183 immo-

1955 1217 2065 1271 lare
2103 1217 2302 1270 liberos
2334 1215 2630 1270 infelicium
2672 1226 2987 1285 parentum,
3037 1234 3225 1274 recens
3271 1228 3522 1274 natorum

1955 1307 2142 1360 rimari
2172 1307 2400 1370 viscera,
2433 1305 2525 1360 Dei
2557 1307 2811 1377 ﬁgmenta
2840 1317 3001 1376 atque
3029 1323 3191 1377 opera
3217 1310 3526 1379 discerpere

1955 1414 2018 1452 ac
2044 1398 2385 1462 detruncare,
2417 1399 2573 1468 quasi
2625 1400 2726 1453 hoc
2773 1398 2913 1454 facto
2952 1399 3016 1454 ad
3048 1415 3317 1455 summam
3360 1401 3527 1456 felici-

1955 1500 2115 1544 tatem
2148 1499 2293 1544 esset
2320 1499 2694 1559 perventurus.

2027 1579 2114 1635 lll.
2156 1579 2350 1634 Postea
2398 1581 2572 1633 subdit
2617 1597 2635 1633 :
2681 1579 2962 1652 Egregiam
3015 1599 3142 1636 vero
3197 1583 3420 1652 gratiam
3457 1585 3529 1639 ob

1957 1683 2232 1742 speratum
2265 1672 2552 1741 imperium
2583 1681 2636 1725 et
2677 1674 2930 1742 praeclara
2967 1690 3188 1728 munera
3218 1672 3527 1728 Macrianus

276 1768 474 1839 ήνεγκε
503 1769 872 1842 ’χαριστήρια·
903 1746 962 1833 ὃς
1016 1746 1275 1842 πρότερον
1454 1773 1546 1825 ἐπὶ
1572 1771 1680 1827 τῶν
1719 1774 1852 1826 καθ-

1964 1771 2034 1825 eis
2059 1770 2269 1824 obtulit.
2305 1768 2406 1835 Qui
2441 1769 2593 1823 initio
2638 1769 2884 1840 quidem,
2922 1786 3042 1824 cum
3093 1769 3374 1832 καθολικός
3398 1809 3413 1831 ,
3473 1770 3528 1823 id

276 1858 399 1912 όλου
436 1859 608 1929 λόγων
661 1862 771 1933 (62)
827 1863 1117 1934 λεγόμενος
1162 1859 1299 1918 εἶναι
1348 1865 1644 1935 βασιλέως,
1703 1865 1853 1919 οὐδὲν

281 1946 525 2018 εὔλογον,
565 1950 688 2004 οὐδὲ
729 1951 1014 2006 καθολικὺν
1057 1953 1165 2024 (6'5)
1209 1955 1525 2027 ἐφρόνησεν,
1565 1956 1678 2009 ἀλλ’
1723 1958 1855 2009 ὑπο-

280 2119 502 2180 qnoque
525 2119 642 2180 prae
667 2105 876 2180 caeteris
903 2108 1524 2180 mortalibuscallebant
1558 2126 1589 2165 a
1611 2109 1854 2180 Necepso

280 2174 568 2296 reggoipsis
600 2175 874 2242 traditam,
907 2189 962 2230 ut
997 2178 1185 2232 scribit
1222 2178 1498 2235 Ausonius
1522 2197 1692 2236 carm.
1725 2174 1850 2250 409,

282 2259 340 2296 v.
468 2263 480 2296 :

282 2259 340 2298 ν.
377 2259 448 2296 211
468 2263 480 2296 ε

378 2312 584 2386 Quique
611 2329 792 2386 magos
821 2315 998 2370 docuit
1015 2319 1281 2386 imysteria
1305 2336 1440 2373 vana
1464 2317 1750 2384 Necepsus.

282 2383 539 2469 Clemens
565 2384 618 2437 in
642 2384 780 2437 libro
803 2387 978 2454 primo
999 2383 1451 2469 ζζιςέρρηὶιίοηωιι,
1475 2391 1577 2469 sub
1599 2383 1812 2445 initium
1834 2411 1846 2446 :

283 2452 579 2531 Ai'gypium
603 2452 975 2526 petamfatque
993 2457 1070 2531 ibi
1093 2452 1448 2531 hieropltantis
1482 2459 1558 2531 vel
1589 2464 1851 2531 prapltetis

281 2525 582 2600 quigadytis
613 2534 868 2593 praesunt,
891 2525 1094 2600 amicus
1121 2525 1336 2596 eﬂiciar,
1361 2539 1411 2584 et
1439 2525 1602 2583 multa
1632 2525 1854 2600 pecunia

282 2595 565 2647 inritatum
595 2611 803 2665 magum
838 2597 1109 2665 precabor,
1140 2595 1197 2651 ut
1235 2600 1424 2653 educat
1449 2600 1576 2653 milii
1611 2595 1845 2656 animam

283 2665 350 2736 de
395 2664 613 2736 infernis
661 2664 753 2734 per
802 2664 915 2718 eam
972 2684 1127 2736 quant
1189 2671 1602 2724 necromantiam
1647 2685 1851 2727 vocant.

283 2734 474 2788 Graeca
503 2733 796 2808 Clementis
820 2733 992 2808 verba
1018 2739 1062 2792 si
1089 2739 1211 2807 quis
1251 2738 1387 2794 forte
1431 2741 1735 2808 desiderat,
1768 2743 1856 2798 hic

283 2819 556 2876 apponam
582 2820 647 2858 ex
678 2805 919 2876 ejusdem
945 2805 1192 2876 Epitoine
1221 2826 1248 2863 a
1277 2809 1529 2865 Turnebo
1554 2811 1693 2866 edita
1721 2805 1735 2866 ἐ
1762 2813 1856 2876 Εἰς

283 2873 558 2946 Αἴγυπτον
596 2875 949 2946 πορεύσομαι,
987 2873 1169 2943 εἷπον,
1225 2881 1318 2933 καὶ
1355 2884 1466 2944 τοῖς
1512 2882 1619 2934 τῶν
1649 2873 1857 2937 ἀδύτων

288 2945 652 3023 ἱεροφάνταις,
679 2947 771 3023 καί
788 2945 1096 3023 προφήταις
1121 2948 1537 3023 φιλιωθήσομαι,
1559 2952 1652 3005 καὶ
1683 2953 1856 3023 μάγον

285 3015 528 3094 ζητήσας
551 3016 645 3094 καὶ
669 3015 872 3094 supini),
908 3015 1151 3094 χρήμασι
1188 3015 1358 3073 πείσω
1397 3015 1635 3094 πολλοῖς,
1676 3015 1856 3094 φυχῆς

285 3036 528 3084 pyrrica;
551 3036 645 3068 και
677 3036 872 3086 ευριυν,
946 3036 976 3088 ρ

284 3085 616 3158 ἀναπομπῂν
663 3086 751 3158 διὰ
785 3087 882 3158 τὴν
908 3036 977 3139 ὶλε

283 3154 503 3208 σασθαι.
536 3154 748 3232 _Plinius
790 3154 1017 3232 quidem
1052 3154 1185 3213 'tres'
1211 3154 1439 3232 magicae
1484 3165 1692 3232 species
1723 3154 1861 3219 enu-

285 3233 461 3301 nterat
489 3247 506 3301 ί
535 3223 828 3301 Persicam,
863 3225 1220 3301 Judaicam_et
1247 3223 1541 3301 Cypriani}
1572 3233 1665 3288 sed
1690 3249 1854 3301 quam

283 3295 378 3371 ille
405 3293 685 3371 iudaicam
709 3305 887 3371 vocat,
917 3307 1084 3371 caesi
1111 3293 1385 3371 Egypiia,
1410 3313 1469 3356 ut
1490 3303 1573 3356 vel
1597 3319 1663 3356 ex
1689 3293 1859 3370 ipsius

280 3364 443 3445 Plinii
464 3367 643 3445 verbis
659 3367 944 3433 colligitur.
964 3364 1209 3424 Ait’enini
1221 3364 1460 3445 Plinius,
1481 3388 1600 3426 eam
1625 3389 1654 3426 a
1677 3364 1859 3445 Moyse

279 3434 937 3513 et_Jambre__repertam
993 3454 1153 3506 esse,
1200 3440 1577 3511 {Egyptiorum
1626 3434 1854 3513 magos,

282 3506 381 3576 qui
427 3506 584 3574 jussu
611 3505 910 3562 Pharaonis
956 3505 1205 3576 portenta
1248 3505 1530 3565 ediderunt
1568 3505 1856 3568 adversum

279 3575 547 3653 Moysen],
562 3592 840 3653 perperam
860 3575 1196 3653 confundens
1211 3596 1275 3635 cu
1284 3597 1332 3634 m
1342 3581 1550 3653 Moyse.
1567 3583 1724 3653 Certe
1742 3599 1859 3638 ma-

286 3648 423 3720 gicae
462 3655 608 3720 ar_tes
644 3656 698 3701 ct
745 3649 1144 3720 incantationes
1192 3667 1406 3718 semper
1443 3648 1586 3720 apud
1641 3651 1856 3710 Iudaeos

285 3715 472 3789 j'etitae
519 3715 690 3789 fuere.
731 3719 996 3772 Caeterum
1050 3735 1238 3789 magos
1272 3715 1325 3774 in
1366 3715 1625 3776 comitatu
1671 3738 1855 3778 secum

287 3786 568 3861 habebant
619 3787 970 3861 imperatores
1005 3786 1528 3861 lion'tanirexemplo
1565 3793 1856 3848 Alexandri

285 3855 547 3940 Μυσοί-ει
583 3855 1169 3940 τεςιξιιιηΡοτείεοΓυῐςι.
1193 3860 1291 3940 _Sic
1339 3860 1406 3914 Μ.
1442 3855 1757 3940 ’Λιιιιιιιίιιυξ
1781 3864 1855 3940 _in

282 3926 628 4000 expeditione
655 3926 745 3982 illa
775 3928 1093 3983 Germanica
1121 3931 1309 3986 habuit
1335 3948 1520 3987 secum
1549 3933 1852 4000 Arnuphim

288 4013 506 4072 _magum
529 3996 860 4072 A‘ngptium,
879 4011 934 4054 ut
951 4001 1137 4072 scribit
1167 4000 1283 4056 Dio.
1309 4001 1623 4061 Valerianus
1637 3996 1856 4072 quoque

285 4067 585 4142 imperator
609 4067 800 4142 magos
828 4071 878 4142 iu
904 4071 1144 4124 exercitu
1172 4072 1572 4142 circumduxit,
1615 4067 1852 4142 quorum

285 4139 662 4213 antistesierat
686 4138 1014 4213 Macrianus,
1041 4151 1181 4213 _teste
1211 4141 1611 4213 hic‘Dionysio.
1632 4138 1852 4198 Ὕλης.

361 4209 474 4278 (59)
511 4209 620 4262 Καὶ
645 4210 836 4276 μόνον
868 4209 1243 4282 ἐμπνέοντες.
1297 4209 1626 4282 Ιιιδιιηῑὶιηιεδ
1671 4214 1805 4267 verti
1836 4230 1848 4265 :

286 4293 399 4352 qua
425 4293 564 4352 voce
619 4294 751 4352 usus
779 4280 1242 4352 _estPrudentius
1277 4283 1331 4336 in
1378 4280 1552 4352 agone
1597 4283 1851 4344 Romani.

290 4349 553 4422 solebant
582 4349 730 4422 enim
769 4349 1063 4422 Christiani
1094 4351 1366 4406 daemonas
1393 4349 1693 4422 eorumque
1719 4369 1856 4422 prae-

286 4418 500 4487 stigias,
536 4419 754 4487 templa,
789 4421 1079 4474 simulacra
1111 4422 1426 4487 exsuﬁlare;
1463 4418 1767 4480 abominari
1798 4439 1856 4478 se

1957 1871 2039 1917 est
2089 1860 2367 1915 rationalis
2415 1861 2756 1929 imperatoris
2805 1861 3092 1926 diceretur,
3143 1861 3279 1913 nihil
3329 1859 3528 1914 rationi

1959 1967 2283 2016 consonant,
2332 1951 2465 2006 nihil
2499 1952 2828 2007 catholicum
2879 1951 3048 2006 sensit
3092 1959 3186 2004 aut
3215 1950 3524 2020 publicum;

2035 2106 2148 2177 (61)
2191 2106 2361 2160 Καλὰ
2407 2106 2556 2175 γοῦν
2594 2106 2796 2172 αὐτοῖς
2836 2105 3152 2174 Μακρῖνος.
3192 2104 3531 2177 subaudien-

1959 2178 2087 2232 dum
2130 2176 2241 2248 est
2273 2179 2384 2248 rei;
2416 2177 2666 2248 δαίμοσι,
2715 2193 2819 2230 ιιοιι
2863 2187 3042 2248 autem
3085 2179 3196 2248 τοῖς
3231 2176 3528 2248 βασιλεῦσι,

1963 2258 2024 2302 ιιι
2065 2247 2274 2318 putavit
2319 2245 2880 2318 Claristbphorsonus.
2909 2245 2983 2318 De
3020 2247 3146 2318 solo
3178 2245 3320 2301 enim
3368 2245 3528 2302 Vale-

1959 2316 2116 2372 riano
2148 2317 2236 2371 hic
2257 2331 2439 2372 sermo
2465 2329 2565 2380 est,
2605 2326 2661 2370 ut
2692 2317 2802 2385 jam
2832 2316 2964 2370 dixi.
3002 2316 3172 2382 Adde,
3213 2318 3356 2386 quod
3383 2319 3524 2387 perit

1959 2389 2139 2443 omnis
2167 2402 2362 2442 sensus
2403 2387 2564 2454 hujus
2582 2387 2728 2456 ioci,
2775 2387 2820 2440 si
2869 2387 3246 2456 interpretatio
3279 2387 3525 2442 Christo-

1960 2458 2220 2528 phorsoni
2243 2455 2632 2528 retineatur._ln
2657 2467 2838 2510 nostra
2857 2465 3036 2528 autem
3059 2457 3308 2511 versione
3329 2473 3527 2513 sensus

1959 2525 2044 2583 est
2063 2529 2438 2598 apertissimus
2464 2545 2476 2580 :
2515 2525 2844 2591 Macrianus,
2870 2527 3064 2595 inquit,
3092 2543 3210 2598 cum
3239 2543 3302 2581 ea:
3329 2529 3532 2582 dremo-

1962 2597 2548 2667 num’prtedictionibus
2570 2606 2724 2666 atque
2755 2599 3025 2666 pl'UPSnglS
3047 2597 3114 2650 ad
3148 2613 3288 2667 spem
3311 2599 3526 2666 imperii

1960 2665 2290 2738 pervenisset,
2309 2669 2444 2721 hanc
2474 2665 2699 2736 gratiam
2722 2668 2853 2738 ipsis
2879 2665 3078 2738 retulit,
3098 2677 3169 2738 ut,
3195 2665 3531 2721 Valerianum

1961 2736 2017 2792 in
2060 2738 2390 2794 Christianos
2435 2747 2687 2790 armaret.
2720 2736 2965 2790 Porroiu
3006 2737 3282 2792 codicibus
3327 2739 3529 2793 nostris

1961 2808 2123 2872 Maz.,
2156 2808 2295 2864 Med.
2333 2818 2388 2864 et.
2428 2807 2563 2862 Fuk.
2607 2807 2862 2861 scribitur
2911 2808 3246 2877 Μακριανός,
3302 2810 3525 2862 rectius.

1962 2881 2041 2933 Ita
2061 2880 2205 2934 enim
2233 2880 2376 2933 hunc
2399 2888 2684 2949 tyrannum
2709 2877 2978 2949 appeliaut
2995 2876 3243 2949 Historiae
3264 2877 3527 2949 Augusta:
3557 2897 3562 2902 δ

1963 2951 2258 3018 scriptores
2279 2958 2334 3003 et
2358 2946 2564 3002 nummi
2591 2958 2820 3002 veteres.
2851 2946 2953 3001 Sed
2980 2957 3034 3002 et
3051 2949 3102 3000 in
3139 2948 3523 3018 antiquissimo

1961 3017 2146 3073 codice
2166 3018 2422 3073 Vaticano
2443 3033 2624 3087 quem,
2651 3028 2875 3088 rogante
2904 3033 3007 3080 me,
3025 3017 3526 3088 consuluitdoctis-

982 3087 1217 3172 γομένην
1263 3092 1650 3172 νεκρομαντίαν
1691 3087 1855 3164 Epyti-

1964 3091 2136 3172 siinus
2166 3088 2455 3172 vir.Lu_cas
2475 3088 2809 3172 lHolstenius,
2842 3089 3225 3172 seriptft‘tin'est
3270 3087 3526 3158 Μακρια-

1963 3160 2074 3223 νός,
2109 3169 2221 3213 ιυιη
2260 3159 2314 3212 iu
2351 3160 2454 3213 hoc
2473 3158 2612 3219 loco,
2640 3167 2753 3211 tum
2783 3159 2835 3211 in
2860 3173 2978 3226 cap.
3007 3156 3095 3212 25.
3121 3157 3197 3210 In.

2031 3261 2144 3332 (62)
2187 3263 2310 3316 Ἐπὶ
2342 3262 2458 3315 τῶν
2485 3263 2747 3317 καθόλου
2773 3262 2986 3330 λόγων.
3009 3259 3106 3332 rlta
3135 3260 3305 3316 Graeci
3359 3277 3528 3319 voca-

1958 3331 2285 3404 bant,rquos
2328 3333 2506 3404 Latini
2552 3335 2742 3404 dicunt
2785 3331 3092 3404 rationales,
3125 3346 3238 3404 _seu
3275 3349 3532 3400 procura-

1961 3413 2099 3457 tores
2136 3401 2355 3458 summa:
2390 3403 2486 3466 rei,
2516 3413 2572 3457 ut
2601 3402 2924 3472 jampridem
2959 3401 3137 3472 notavi
3177 3403 3242 3455 ad
3273 3415 3528 3472 excerpta

1958 3473 2328 3542 Constantini,
2354 3471 2813 3542 Porpltergeneti
2856 3486 2922 3525 ex
2969 3471 3140 3526 Dione
3172 3471 3528 3542 Cocceiani),

1959 3559 2081 3614 pag.
2125 3544 2246 3598 119..
2299 3541 2431 3608 Quae
2464 3540 2701 3614 quidem
2727 3543 2814 3594 hic
2856 3551 3097 3614 repetere
3131 3540 3266 3614 nihil
3292 3543 3526 3614 _attinet.

1957 3610 2234 3682 Addemus
2286 3610 2550 3666 duntaxat
2601 3611 2865 3682 insignem
2916 3610 3094 3682 locum
3146 3610 3426 3682 Porphyrii
3471 3615 3528 3666 in

1971 3681 2090 3736 Vita
2131 3681 2354 3747 Plotini,
2411 3682 2505 3750 qui
2543 3698 2572 3736 ιι
2609 3680 2924 3750 doctissimo
2974 3681 3267 3750 interprete
3306 3680 3412 3750 non
3445 3693 3531 3737 est

1960 3753 2288 3818 intellectus.
2344 3749 2598 3820 Loquens
2642 3751 2786 3806 enim
2836 3749 3168 3820 Porphyrius
3219 3751 3284 3820 de
3345 3749 3530 3805 Thau-

1959 3823 2133 3876 masio
2167 3819 2529 3892 quodam,’sic
2556 3821 2668 3876 ait:
2715 3821 2875 3892 Ὥστε
2914 3819 3344 3892 καιΘαυμασίου
3386 3821 3530 3892 τινὸς

1956 3889 2631 3964 τοῦνομαῖᾷὲπεισελθόντος
2653 3929 2666 3954 ,
2698 3890 2832 3964 Δτοὺς
2870 3889 3094 3964 καθόλου
3130 3889 3316 3957 λόγους
3357 3891 3529 3964 πράτ-

1957 3959 2163 4027 τοντος.
2195 3961 2362 4016 Porro
2388 3961 2672 4030 eujusnam
2697 3959 3040 4030 imperatoris
3058 3971 3381 4029 procurator
3404 3959 3526 4016 Tue-

1957 4035 2029 4088 rit
2053 4033 2381 4098 Macrianus,
2416 4029 2680 4086 incertum
2715 4040 2816 4085 est.
2849 4029 2991 4084 Cave
3037 4030 3182 4083 enim
3225 4030 3528 4095 existimes,

1956 4120 2081 4158 eum
2115 4103 2384 4159 Valeriani
2403 4111 2813 4172 procuratorem
2840 4099 3028 4155 fuisse.
3069 4099 3147 4153 In.

2031 4205 2139 4273 (65)
2185 4203 2336 4258 Οὐδὲ
2366 4205 2705 4258 ωθολικόν.
2735 4201 2895 4256 Ludit
2915 4201 3207 4272 Dionysius
3231 4203 3284 4273 in
3307 4203 3530 4257 nomine

1959 4272 2241 4340 catholici,
2276 4289 2386 4344 quo
2411 4283 2465 4328 et
2513 4274 2797 4344 rationalis
2845 4273 3102 4344 cilicium,
3133 4282 3186 4344 et
3217 4272 3528 4328 Christiana

1958 4345 2152 4412 religio
2183 4341 2521 4413 designatur.
2574 4341 2724 4397 Unde
2756 4342 2985 4411 Optatus
3037 4343 3090 4395 in
3135 4343 3227 4396 lib.
3269 4359 3306 4396 ιι
3346 4345 3532 4397 catho-

1959 4416 2121 4469 licam
2153 4417 2310 4470 lidem
2344 4431 2409 4469 ex
2434 4429 2499 4467 eo
2524 4413 2726 4467 dictum
2768 4429 2888 4466 esse
2915 4413 3130 4477 asserit,
3163 4413 3306 4482 quod
3344 4414 3410 4468 sit
3441 4429 3530 4468 ra-

289 4483 435 4542 hauc
472 4483 784 4556 spurcitiem
830 4504 895 4543 eo
947 4490 1150 4544 indicio
1205 4483 1566 4547 declarantes.
1624 4493 1699 4547 De
1755 4495 1855 4547 hoc

1965 4485 2182 4540 tionalis
2208 4503 2220 4539 :
2263 4483 2362 4537 Ubi
2394 4499 2515 4556 ergo
2552 4484 2658 4556 erit
2686 4483 3257 4556 proprietascatholici
3279 4483 3527 4556 nominis,

286 4573 443 4612 more
475 4559 642 4612 multa
685 4559 1011 4627 jampridem
1054 4562 1258 4615 notavit
1281 4561 1594 4617 Brissonius
1628 4564 1681 4616 in
1712 4579 1863 4616 eom-

289 4629 560 4682 tnentario
584 4628 652 4681 ad
691 4630 773 4682 tit.
809 4629 932 4683 cod.
963 4630 1168 4684 'l'heod.
1191 4634 1254 4685 de
1281 4633 1448 4754 Leriis,
1478 4642 1526 4686 et
1561 4643 1683 4701 post
1711 4634 1861 4686 illum

289 4696 556 4752 Heraldus
583 4697 635 4750 in
673 4699 816 4752 notis
845 4701 912 4753 ad
954 4699 1242 4754 Minutium
1301 4701 1536 4754 ‘elicem.
1568 4703 1688 4754 Ouo
1721 4703 1861 4754 refe-

289 4696 556 4752 Heraldus
583 4697 635 4750 in
673 4699 816 4752 notis
845 4701 912 4753 ad
954 4699 1242 4754 Minutiutn
1281 4696 1536 4758 Felicem.
1562 4696 1688 4768 Quo
1721 4703 1863 4756 refe-

288 4769 521 4841 rendum
563 4779 694 4837 puto
746 4770 924 4841 locum
988 4769 1228 4841 Dionysii
1281 4773 1422 4841 apud
1471 4771 1765 4827 Eusebium
1807 4773 1861 4825 in

294 4839 436 4892 libro
475 4853 548 4911 vt,
577 4854 697 4906 cap.
736 4842 798 4911 4]
843 4840 987 4911 (vid.
1031 4839 1193 4910 supra
1237 4839 1392 4911 epist.
1434 4843 1468 4898 5
1506 4847 1573 4896 ad
1612 4842 1860 4908 Fabium,

289 4925 445 4963 uuln.
472 4909 518 4982 Δ1
545 4912 587 4982 ),
633 4911 701 4964 de
752 4908 950 4975 Quinta
971 4952 984 4973 ,
1019 4908 1285 4982 imuliere'
1311 4912 1655 4977 Christiana,
1697 4928 1860 4982 quam

288 4978 484 5054 pagani
526 4978 607 5054 ad
630 4983 890 5054 templum
925 4981 1192 5054 idolorum
1239 4990 1546 5054 traxerant,
1592 4978 1861 5054 ἀποστρε-

289 5048 532 5122 φομένην
564 5049 620 5101 δὲ
649 5052 741 5122 καὶ
767 5049 1208 5122 βδελυττομένην,
1234 5063 1338 5107 etc.
1364 5051 1564 5107 Eodem
1593 5048 1864 5122 pertinent

291 5119 408 5172 haec
459 5121 774 5173 'lertulliani
815 5122 974 5175 verba
1022 5119 1082 5175 in
1131 5119 1226 5175 lib.
1265 5123 1340 5176 De
1386 5119 1607 5176 anima}
1652 5125 1860 5188 Quanto

286 5188 502 5262 dignior
526 5200 681 5262 atque
703 5194 1029 5244 constantior
1052 5189 1373 5247 Christianae
1397 5194 1668 5262 sapientiae
1689 5208 1863 5247 asser-

293 5260 370 5312 tio
409 5259 560 5328 cujus
599 5259 800 5328 aﬂlatui
847 5271 956 5314 tota
1003 5263 1076 5316 vis
1119 5266 1418 5316 dwmonum
1460 5259 1643 5316 cedit?
1686 5263 1751 5317 Et
1805 5263 1859 5316 in

291 5330 390 5383 lib.
429 5328 510 5450 ge
536 5329 866 5450 idololatria,
895 5347 1015 5401 cap.
1050 5333 1150 5398 M;
1185 5333 1418 5413 denique
1452 5334 1504 5386 in
1537 5333 1861 5403 Apologetici

291 5414 415 5450 can.
479 5413 530 5450 ο.
584 5415 634 5450 n.

288 5414 415 5454 can.
442 5413 530 5452 ‘ZO.
563 5413 634 5454 ID.

363 5416 1109 5542 ῗ6ὦοὲ¹ἕὲαιμονήσανταᾳ
1154 5471 1397 5537 Quatuor
1429 5473 1599 5526 nostri
1621 5473 1857 5534 codices,

294 5538 499 5612 Μαῖαν.
524 5551 576 5594 et
591 5538 755 5604 Med},
780 5560 901 5597 cum
930 5541 1062 5594 Fuk.
1088 5553 1141 5597 et
1162 5543 1353 5605 Savil.,
1377 5545 1639 5612 scriptum
1660 5544 1861 5607 habent

303 5610 782 5681 εὐδαιμονήσοντας
838 5615 1074 5683 rectius,
1131 5613 1424 5683 dummodo
1485 5610 1538 5666 in
1596 5614 1858 5683 singulari

303 5695 528 5754 nurnero
556 5683 764 5754 scribas
805 5682 1277 5754 εὐδαιμονήσοντα.
1316 5681 1390 5737 De
1427 5685 1542 5739 solo
1578 5681 1721 5740 enim
1757 5681 1858 5736 Va-

307 5749 513 5804 leriano
543 5751 628 5806 hic
658 5753 896 5822 loquitur
931 5749 1237 5826 Dionysius.
1269 5754 1339 5808 In.

1968 4572 2085 4608 cum
2110 4555 2230 4608 inde
2263 4555 2406 4608 dicta
2445 4552 2516 4608 sit
2550 4553 2831 4614 catholica,
2870 4553 3007 4622 quod
3045 4553 3114 4606 sit
3146 4552 3445 4618 rationalis,
3476 4567 3528 4607 et

1968 4624 2437 4705 aequandi/fusa?
2486 4622 3179 4705 Quanquam.catholicam
3212 4624 3528 4705 religionem

1968 4696 2039 4748 ob
2067 4692 2117 4747 id
2143 4694 2271 4763 dici,
2295 4695 2439 4763 quod
2466 4693 2748 4747 rationalis
2789 4693 2879 4753 sit,
2912 4707 3017 4746 non
3051 4692 3208 4746 facile
3233 4693 3366 4746 mihi
3405 4709 3532 4763 per-

1968 4766 2192 4819 suadeo.
2221 4762 2407 4833 Neque
2441 4768 2587 4818 enim
2623 4763 2906 4826 καθολικὸς
2927 4763 3268 4833 simpliciter,
3295 4772 3348 4816 et
3369 4762 3530 4833 abso-

1969 4835 2079 4889 lute
2117 4831 2434 4888 rationalem
2480 4833 2783 4904 signiﬁcat,
2833 4833 2938 4886 nisi
2984 4832 3341 4904 subaudiatur
3373 4831 3527 4904 λογο-

1967 4905 2146 4974 θέτης.
2189 4905 2456 4959 Caeterum
2481 4903 2781 4974 icatholicte
2817 4917 3115 4974 cognomen
3155 4902 3372 4974 quando
3417 4902 3527 4974 pri-

1967 4971 2114 5028 mum
2144 4975 2430 5029 adita-serit
2461 4973 2716 5029 Ecclesiae
2741 4971 2857 5038 Dei,
2878 4971 3091 5027 difﬁcile
3109 4971 3191 5027 est
3226 4971 3430 5026 dicere.
3470 4971 3526 5025 In

1965 5045 2192 5116 epistola
2229 5045 2445 5116 quidem
2479 5044 2899 5116 Smyrnaeorutn
2956 5043 3023 5096 de
3050 5043 3341 5116 _martyrio
3383 5043 3527 5116 beati

1967 5109 2304 5188 Polyearpi',
2324 5115 2546 5188 mentio
2567 5109 2940 5188 ﬁ'tchclesiar
2958 5109 3260 5188 catholicae.
3305 5109 3435 5166 Item
3470 5113 3527 5166 in

1965 5183 2114 5242 Actis
2167 5183 2438 5256 passionis
2492 5185 2669 5239 Pionii
2714 5184 2975 5256 mat-_tyris
2997 5220 3032 5256 ,_
3069 5183 3162 5251 qui
3204 5197 3402 5256 passus
3445 5193 3528 5256 est

1965 5252 2268 5325 principatu
2314 5255 2460 5310 Decii
2498 5255 2767 5325 Augusti:
2809 5252 2950 5325 _Titm
2995 5252 3228 5325 Polemo,
3264 5252 3526 5306 Christia-

1965 5322 2084 5396 nus,
2118 5322 2308 5396 inquit,
2333 5327 2428 5378 es?
2466 5322 2752 5396 Respondit
2786 5323 3018 5396 _Pionin_s
3040 5337 3058 5374 :
3091 5322 3224 5396 Sunt
3269 5328 3521 5396 profecto.

1963 5394 2146 5465 Cujus,
2162 5392 2326 5465 inquit
2350 5396 2584 5455 Polemo.
2599 5413 2652 5449 es
2671 5392 2955 5465 Ecclesiae?
2967 5392 3248 5465 Respondit
3271 5393 3492 5465 l’ionius
3506 5407 3526 5444 :

1964 5462 2250 5519 Cat/rolicti!
2266 5483 2283 5518 :
2298 5467 2445 5519 nulla
2465 5466 2600 5518 enim
2617 5477 2690 5518 est
2707 5463 2817 5534 alia
2833 5462 3276 5529 apud'CItristum.
3295 5463 3529 5534 Apparet

1962 5535 2147 5602 igitur,
2167 5538 2270 5591 hoc
2288 5550 2585 5606 cognomen
2607 5533 2856 5606 Ecclesia:
2873 5534 3100 5606 inditum
3117 5549 3236 5587 esse
3250 5533 3393 5588 circa
3421 5538 3500 5606 pri
3516 5565 3526 5572 -

1963 5605 2106 5658 mam
2125 5603 2495 5675 apostolorum
2511 5604 3067 5675 successionem,cum
3089 5603 3323 5659 haereses
3345 5604 3528 5657 multis

1963 5675 2014 5727 in
2041 5674 2172 5729 locis
2194 5687 2412 5737 exortae,
2443 5690 2620 5728 veram
2653 5674 2854 5728 Christi
2891 5675 3048 5728 ﬁdem
3080 5684 3134 5728 et
3158 5675 3524 5744 apostolorum

1966 5745 2305 5803 traditionem
2339 5747 2650 5804 subvertere
2691 5755 3037 5800 conarentur.
3090 5745 3241 5800 'l'unc
3275 5746 3437 5809 enim,
3473 5755 3530 5794 ut
