3966 6206
329 288 466 344 1357

1484 293 1697 368 EPIST.
1738 296 1828 349 AD
1868 295 2427 353 ALEXANDRINOS.

3445 304 3581 360 1558

322 407 566 460 ελαττον.
626 408 921 479 Ἀπέσχετο
962 410 1061 480 μὲν
1100 411 1205 482 γὰρ
1244 411 1364 464 οὑδὲ
1413 412 1569 484 ἡμῶν
1592 431 1605 443 ·
1642 414 1808 485 πολλὴ
1851 414 1891 467 δὲ

2011 430 2075 469 ac
2101 426 2315 468 caetera.
2383 412 2569 483 Neque
2598 415 2742 469 enim
2775 430 2803 466 a
2834 415 2991 469 nobis
3020 414 3283 470 abstinuit
3312 416 3428 471 lues
3464 419 3578 479 illa,

323 499 548 571 ἐξῆλθεν
592 500 707 571 (80)
753 502 832 563 εἰς
871 501 939 554 τὰ
979 499 1127 572 ἔθνη.
1182 503 1416 569 Τούτοις
1450 503 1594 571 ἑξῆς
1636 504 1901 573 ἐπιφέρει

321 589 550 659 λέγων’
600 592 662 643 Οἱ
709 590 839 659 γοῦν
896 591 1135 645 πλεῖστοι
1178 592 1285 645 τῶν
1336 594 1579 663 ἀδελφῶν
1627 596 1783 666 ἡμῶν
1835 596 1901 648 δι’

323 681 770 753 ὑπερϐάλλουσαν
804 683 1020 755 ἀγάπην
1057 684 1151 738 καὶ
1180 686 1524 755 φιλαδελφίαν
1560 686 1902 757 ἀφειδοῦντες

323 773 533 827 ἑαυτῶν
570 774 664 825 καὶ
702 774 942 845 ἀλλήλων
988 777 1260 846 ἐχόμενοι,
1296 779 1721 843 ἐπισκοποῦντες
1764 783 1902 849 ἀφυ-

320 862 536 925 λάκτως
585 863 709 925 τοὺς
754 864 1081 929 νοσοῦντας,
1137 867 1383 939 λιπαρῶς
1432 871 1921 942 ὑπηρετούμενοι,.

322 954 723 1026 θεραπεύοντες
781 958 837 1009 ὲν
887 959 1138 1029 Χριστῷ,
1196 962 1697 1033 συναπηλλάττοντο
1756 966 1901 1017 ὲκεί-

320 1064 436 1110 νοις
488 1049 600 1119 (81)
649 1049 1057 1119 ἀσμενέστατα⁸
1108 1052 1200 1105 τοῦ
1252 1057 1383 1125 παρ’
1415 1056 1613 1125 ἑτέρων
1658 1056 1901 1128 ἀναπιμ-

319 1140 587 1211 πλάμενοι
620 1141 843 1207 πάθους,
879 1144 972 1196 καὶ
1014 1144 1109 1215 τὴν
1152 1146 1303 1198 νόσον
1338 1147 1420 1214 ἐφ’
1449 1149 1672 1212 ἑαυτοὺς
1716 1149 1901 1203 ἕλκονο

318 1251 415 1296 τες
457 1233 563 1287 ἀπὸ
605 1234 711 1286 τῶν
753 1236 1001 1304 πλησίον,
1043 1237 1137 1290 καὶ
1190 1238 1405 1301 ἑκόντες
1461 1239 1900 1311 ἀναμασσὸμενοι

316 1324 423 1387 τὰς
451 1324 749 1394 ἀλγηδόνας
784 1314 929 1394 (82)⁵
967 1329 1059 1379 καὶ
1094 1327 1274 1380 πολλο)¹
1309 1332 1769 1400 νοσοκομήσαντες
1808 1333 1903 1386 καὶ

321 1414 604 1484 ῥώσαντες
635 1415 875 1486 ἐτέρους,
919 1418 1276 1491 ἐτελεύτησαν
1322 1421 1496 1483 αὐτοὶ,
1547 1422 1636 1475 τὸν
1680 1424 1903 1477 ἐκείνων

314 1505 552 1559 θάνατον
581 1507 661 1569 είς
700 1507 924 1571 ἑαυτοὺς
961 1511 1461 1580 μεταστησάμενοι·
1499 1514 1593 1566 καὶ
1623 1514 1682 1566 τὸ
1720 1515 1905 1585 δημῶ-

314 1598 411 1662 δες
446 1599 594 1669 ῥῆμα
637 1599 804 1669 μόνης
841 1600 927 1652 ἀεὶ
968 1599 1158 1652 δοκοῦν
1197 1601 1593 1675 φιλοφροσύνης
1637 1604 1745 1675 (85)
1780 1606 1902 1676 ἔχει

319 1691 469 1754 σθαι,
499 1690 645 1761 ἔργῳ
672 1690 734 1759 δὴ
764 1690 883 1743 τότε
907 1691 1258 1763 πληροῦντες,
1284 1693 1530 1758 ἀπιόντες
1554 1696 1731 1749 αὑτῶν
1766 1699 1899 1752 πάν-

315 1799 430 1836 των
464 1783 751 1855 περίψημα
790 1783 897 1854 (84)
920 1800 933 1812 ’
969 1784 1017 1836 οἱ
1058 1782 1187 1850 γοῦν
1222 1784 1434 1855 ἄριστοι
1465 1785 1570 1839 τῶν
1600 1790 1728 1859 παρ’
1765 1792 1897 1859 ἡμῖν
1928 1768 1969 1821 Β

316 1874 585 1944 ἀδελφῶν,
623 1877 811 1930 τοῦτον
867 1876 956 1928 τὸν
994 1875 1189 1945 τρόπον
1234 1876 1577 1950 ἐξεχώρησαν
1610 1880 1702 1933 τοῦ
1749 1879 1893 1950 βίου’

316 1964 679 2037 πρεσϐύτεροί
724 1967 784 2019 τέ
830 1983 977 2028 τινες
1020 1966 1114 2018 καὶ
1154 1964 1387 2018 διάκονοι
1417 1983 1430 1996 ·
1486 1970 1578 2021 καὶ
1630 1970 1738 2023 τῶν
1790 1972 1897 2025 ἀπὸ

318 2056 415 2109 τοῦ
455 2055 583 2109 λαοῦ
632 2056 749 2109 λίαν
794 2056 1174 2126 ἐπαινούμενοι
1212 2071 1225 2084 ⁶
1270 2055 1347 2117 ὡς
1388 2058 1481 2109 καὶ
1528 2058 1619 2111 τοῦ
1663 2058 1894 2114 θανάτου

314 2149 476 2202 τοῦτο
506 2149 566 2201 τὸ
596 2146 730 2213 εἶδος
761 2150 848 2202 διὰ
873 2149 1073 2220 πολλὴν
1106 2151 1386 2204 εὐσέϐειαν
1419 2150 1512 2205 καὶ
1535 2153 1716 2206 πίστιν
1747 2155 1897 2224 ἰσχυ-

318 2242 422 2311 ρὰν
447 2242 747 2314 γινόμενον,
780 2243 943 2313 μηδὲν
977 2244 1191 2297 ἀποδεῖν
1217 2246 1516 2317 μαρτυρίου
1553 2245 1749 2299 δοκεῖν.

392 2515 466 2567 Δ’.
494 2513 605 2566 Kal
640 2512 708 2567 τὰ
744 2512 970 2585 σώματα
1013 2516 1069 2569 δὲ
1113 2516 1219 2569 τῶν
1266 2517 1433 2585 ἁγίων
1477 2518 1696 2582 ὑπτίαις
1737 2521 1893 2591 χερσὶ

316 2602 411 2655 καὶ
448 2600 665 2665 κόλποις
710 2603 1194 2673 ὑπολαμϐάνοντες,
1243 2606 1629 2677 καθαιῳῦντές
1667 2626 1727 2663 τε
1768 2611 1894 2674 τοὺς

316 2695 648 2767 ὀφθαλμοὺς,
686 2698 778 2751 καὶ
819 2699 1058 2768 στόματα
1105 2698 1474 2767 συγκλείοντες
1499 2719 1512 2731 ·
1560 2703 1892 2774 ὁμοφοροῦν-

314 2788 410 2851 τές
434 2805 494 2840 τε
531 2787 624 2841 καὶ
661 2788 986 2853 διατιθέντες
1024 2788 1166 2860 (85),
1206 2791 1675 2863 προσκολλὼμενοι
1700 2834 1713 2857 ,
1750 2811 1891 2865 συμ-

318 2880 673 2951 πλεκόμενοι,
707 2881 948 2955 λουτροῖς
976 2900 1033 2935 τε
1068 2883 1163 2936 καὶ
1203 2885 1546 2954 περιστολαῖς
1577 2885 1685 2955 (86)
1724 2905 1891 2941 κατα-

320 2971 651 3043 κοσμοῦντες
670 2990 683 3003 ·
735 2974 1066 3047 μεταμικρὸν
1109 2974 1401 3045 ἐτύγχανον
1443 2976 1550 3030 τῶν
1599 2979 1725 3031 ἴσων
1744 2996 1756 3009 ο
1806 2980 1893 3033 ἀεὶ

313 3064 423 3118 τῶν
471 3064 927 3135 ὑπολειπομένων,
975 3066 1325 3136 ἐφεπομένων
1367 3071 1480 3132 τοῖς
1533 3070 1639 3139 πρὸ
1689 3070 1885 3125 αὐτῶν.

314 3156 395 3210 Τὰ
424 3157 482 3211 δέ
525 3175 588 3226 γε
624 3157 750 3228 ἔθνη
784 3159 890 3211 πᾶν
924 3159 1230 3214 τούναντίον
1250 3178 1263 3192 ο
1301 3161 1397 3215 καὶ
1443 3164 1617 3216 νοσεῖν
1650 3161 1879 3233 ἀρχομέο

387 3354 497 3427 (80)
538 3355 713 3432 Πολρ
732 3354 805 3432 δέ
824 3356 1118 3432 ἐξῆνξθεν,
1138 3359 1213 3414 lta
1240 3360 1460 3432 quidem
1495 3362 1754 3432 scriptum
1794 3365 1889 3416 ba-

315 3423 405 3502 bet
454 3423 626 3502 code);
677 3423 1162 3502 Regius'Seddin
1206 3423 1433 3502 reliquis
1490 3423 1923 3502 exemplaribus'

314 3495 480 3574 Dial"
505 3495 641 3574 Med.
678 3512 743 3574 ac
761 3492 912 3574 Fuit:
948 3500 1203 3554 scribitur
1231 3492 1887 3574 remanemus-Subau-

318 3566 468 3621 ditur
498 3567 640 3619 enim
667 3567 839 3630 νόσος.
868 3566 1066 3623 VALES.

387 3637 499 3705 (81)
540 3637 1122 3705 Συναπηλλάττοντο
1151 3639 1424 3705 ἐκείνοις.
1453 3639 1581 3694 Post
1602 3643 1700 3695 has
1724 3655 1887 3695 voces

317 3707 374 3761 in
406 3706 602 3779 codice
620 3708 861 3779 regioin
877 3709 1112 3765 editione
1150 3709 1372 3764 Roberti
1419 3708 1677 3779 Stephani
1719 3726 1886 3779 appo-

315 3780 417 3849 sita
442 3776 784 3849 estvirgula.
810 3776 1017 3849 Verum
1061 3781 1111 3833 in
1152 3781 1324 3835 tribus
1367 3776 1568 3834 nostris
1603 3776 1881 3849 exempla-

314 3848 470 3902 ribus
497 3845 662 3912 Μαι,
706 3847 844 3902 Med.
893 3857 947 3902 et
979 3848 1115 3903 Fuk.
1149 3851 1253 3904 alia
1285 3859 1369 3905 est
1409 3850 1705 3905 distinctio.
1754 3845 1885 3903 Nam

314 3927 438 3986 post
468 3932 657 3972 vocem
681 3918 1076 3989 ἀσμενέστατα,
1109 3920 1356 3989 apposita
1381 3930 1461 3974 est
1488 3920 1663 3974 media
1695 3919 1887 3974 distin-

316 3988 591 4060 ctioniseu
648 3987 822 4043 mora.
859 3987 1016 4060 Quod
1062 3987 1281 4060 quidem
1327 3990 1529 4044 idcirco
1553 3991 1885 4044 monendum

316 4074 439 4113 esse
466 4059 617 4130 duxi,
646 4074 714 4113 ne
742 4059 867 4127 quis
895 4058 1037 4114 forte
1059 4058 1388 4130 suspicetur,
1422 4060 1693 4130 vulgatam
1721 4061 1887 4113 inter-

315 4128 666 4201 punctionem
704 4139 925 4201 temere,
960 4144 1025 4183 ac
1057 4128 1175 4201 sine
1196 4128 1541 4201 auctoritate
1556 4132 1884 4201 scriptorum

314 4199 568 4253 codicum
605 4214 634 4252 a
658 4199 818 4252 nobis
845 4209 1109 4253 mutatam
1151 4200 1337 4255 fuisse.
1376 4200 1451 4254 lo.

387 4268 498 4337 (82)
548 4268 1053 4338 Ἀναμασσόμενοι
1076 4272 1181 4336 τὰς
1203 4271 1565 4340 ἀλγηδόνας.
1596 4269 1813 4337 Laugus
1835 4280 1889 4326 et

315 4339 849 4411 Christophorsonus
887 4348 1169 4411 verterunt
1218 4339 1558 4411 mitigantes:
1594 4341 1886 4411 quamin-

315 4410 758 4480 terpretationem
788 4410 1034 4477 equidem
1074 4411 1303 4480 probare
1334 4410 1439 4464 non
1473 4427 1714 4480 possum.
1750 4410 1882 4465 Nam

312 4479 670 4549 ἀναμάσσειν,
707 4480 821 4533 sive
863 4479 1181 4550 ἐκμάσσειν,
1220 4482 1359 4535 idem
1397 4479 1487 4535 est
1520 4482 1662 4550 quod
1706 4483 1882 4550 expri-

313 4566 471 4621 mere,
500 4559 810 4621 extergere.“
836 4550 927 4604 Ait
964 4551 1129 4619 igitur
1172 4551 1498 4621 Dionysius,
1539 4552 1882 4607 Christianos

315 4620 410 4690 qui
441 4634 615 4689 aegros
654 4619 929 4689 pestilenti
974 4622 1164 4675 morbo
1200 4619 1508 4675 laborantes
1552 4621 1879 4687 iuvisebant,

312 4705 605 4759 expressos
632 4691 1008 4759 :egrotantium
1032 4691 1249 4745 dolores
1281 4691 1334 4743 in
1355 4692 1676 4759 semetipsos
1706 4700 1884 4745 trans-

324 4761 535 4814 tulisse.
594 4758 649 4813 ld
690 4758 837 4813 enim
880 4760 1275 4829 signiﬁcatvox
1318 4758 1756 4831 ἀναμασσόμενοι
1781 4801 1795 4825 ,
1832 4762 1884 4816 id

313 4840 397 4885 est
418 4830 667 4900 excipere
697 4831 751 4883 in
792 4844 871 4894 se,
907 4841 960 4884 et
997 4835 1155 4899 quasi
1187 4830 1450 4900 exsugere
1484 4830 1708 4885 alterius
1737 4847 1885 4885 mor-

313 4901 465 4955 bum.
484 4899 627 4972 ldem
650 4900 815 4968 igitur
835 4908 938 4972 est,
958 4902 1102 4972 quod
1129 4899 1448 4972 antea_dixit
1462 4900 1772 4972 Dionysius,
1792 4902 1885 4955 καὶ

311 4972 412 5041 τὴν
439 4970 592 5023 νόσον
616 4972 701 5039 ἐφ’
736 4970 959 5034 ἑαυτοὺς
988 4970 1368 5041 ἓλκοντες.ί1ο.

387 5041 498 5111 (85)
537 5041 759 5111 Μάνης
771 5042 1245 5111 φιλοφροσύνης.
1269 5039 1385 5093 Non
1420 5049 1583 5102 recte,
1616 5055 1736 5094 meo
1761 5040 1885 5110 qui-

313 5111 437 5167 dem
484 5111 713 5181 judicio,
744 5111 1025 5166 Masculus
1057 5120 1111 5165 et
1147 5111 1677 5181 Cbristophorsonus
1711 5128 1886 5164 veram

314 5182 741 5262 beucvol_entiam_
770 5181 1214 5262 interpretantur,
1248 5198 1369 5262 cum
1385 5180 1797 5262 Μφιλοφροσύνη-
1816 5184 1888 5236 sit

310 5255 497 5322 potius
521 5252 893 5307 benevolentia
917 5250 971 5304 in
994 5267 1246 5322 sermone
1269 5261 1322 5305 et
1342 5250 1661 5322 affabilitate
1684 5250 1881 5319 posita,

312 5321 436 5391 quae
476 5324 700 5376 comitas
740 5322 941 5376 dicitur
983 5338 1014 5377 a
1060 5321 1290 5377 Latinis.
1329 5321 1530 5376 Gallice
1577 5322 1886 5375 civilitatem

309 5402 365 5447 et
405 5391 837 5462 complementum
849 5406 1158 5462 Avocamus.
1184 5391 1407 5447 Videtur
1434 5401 1613 5446 autem
1647 5393 1760 5446 haec
1781 5407 1887 5444 vox

314 5460 605 5534 περίψημα
626 5477 747 5534 qua
764 5463 823 5534 in
840 5460 1097 5531 Epistolis
1116 5462 1267 5517 Pauli
1295 5462 1693 5534 legitur,rvulgo
1719 5462 1886 5534 fuisse

312 5532 400 5587 ab‘
423 5532 804 5587 Aleitandrinis
852 5543 1131 5601 usurpata,
1179 5533 1393 5602 quoties
1424 5550 1482 5587 se
1516 5533 1567 5585 in
1604 5532 1888 5586 salutatio-

312 5606 474 5657 nibus
510 5611 701 5657 mutuo
733 5603 1120 5671 compellarent
1146 5641 1161 5662 ,
1199 5614 1251 5657 et
1277 5618 1497 5671 operam
1543 5612 1703 5670 atque
1723 5603 1885 5656 obse-

313 5674 501 5741 quium
538 5674 903 5743 sponderent:
941 5672 1081 5740 Ἐγώ
1113 5674 1225 5743 εἰμι
1260 5672 1545 5743 περίψημα
1576 5689 1688 5743 σοι)ξ
1730 5671 1885 5737 Quod

304 5755 461 5801 arte
495 5741 583 5801 hic
626 5742 869 5817 Dionysii
915 5743 1067 5801 locus
1118 5741 1610 5805 videtur’innuerc.
1644 5741 1755 5797 Nisi
1780 5757 1884 5819 po-

2006 507 2133 561 lieet
2164 507 2460 574 p!urimum
2496 507 2549 559 in
2577 506 2804 577 gentiles
2829 516 3073 575 grassata
3101 508 3193 563 sit.
3233 508 3398 563 A‘ddit
3424 509 3578 563 dein-

2004 598 2118 650 de-:
2152 595 2375 650 Plurimi
2410 598 2627 666 quidem
2644 612 2708 650 ev
2733 596 2991 651 fratribus
3014 600 3235 662 nostris,
3259 600 3328 654 ob
3353 600 3577 655 nimiam

2016 691 2337 745 cbaritatem
2374 707 2559 745 curam
2587 706 2803 745 omnem
2836 694 3066 761 propria:
3095 695 3286 748 salutis
3319 694 3573 763 abjicien-

2006 788 2086 836 tes
2114 781 2327 850 sibique
2368 790 2556 834 mutuo
2582 782 3034 847 adhaerescentes,
3062 783 3189 835 dum
3213 798 3388 851 aegros
3415 799 3576 839 seco-

2006 889 2063 926 re
2108 882 2269 941 atque
2317 874 2574 927 audacter
2620 875 2895 941 invisunt,
2947 876 3135 944 eisque
3172 875 3389 929 assidue
3419 877 3579 929 mini-

2007 972 2182 1015 strant
2212 972 2265 1016 et
2286 964 2625 1017 curationem
2654 964 2911 1018 adhibent
2964 965 3017 1017 in
3046 965 3287 1025 Christo,
3323 982 3427 1019 una
3453 982 3575 1019 cum

2008 1053 2114 1106 illis
2142 1055 2343 1107 mat-tui
2380 1064 2505 1108 sunt
2535 1075 2547 1108 :
2577 1055 2808 1109 aliorum
2853 1057 3174 1125 aegritudine
3215 1057 3575 1112 libentissime

2008 1159 2128 1197 sese
2163 1145 2465 1214 itnplentes,
2514 1155 2566 1199 et
2592 1146 2968 1215 proximorum
3001 1148 3250 1201 morbum
3291 1148 3345 1200 in
3378 1157 3577 1203 semet-

2009 1234 2156 1304 ipsos
2186 1236 2591 1305 quodammodo
2625 1238 2983 1303 attrahentes,
3032 1238 3357 1308 doloresque
3384 1253 3574 1293 eorum

2009 1339 2205 1395 sponte
2246 1344 2343 1383 sua
2377 1330 2738 1398 exprimentes
2771 1340 2933 1399 atque
2978 1340 3336 1401 extergentes.
3395 1331 3580 1387 Multi-

1966 1478 1969 1481 ,
2009 1435 2117 1489 que
2151 1421 2286 1475 adeo
2316 1421 2407 1489 qui
2435 1420 2571 1473 alios
2599 1428 2921 1489 aegrotantes
2944 1432 3267 1475 curaverant
3300 1431 3353 1476 et
3386 1422 3438 1476 in
3466 1423 3578 1493 pri-

2005 1514 2207 1568 stinam
2254 1514 2612 1568 valetudinem
2657 1515 3022 1579 restituerant,
3066 1516 3166 1582 ipsi
3195 1516 3515 1571 interierunt
3555 1535 3571 1572 :

2008 1612 2239 1658 mortem
2268 1604 2482 1657 illorum
2516 1604 2569 1657 in
2596 1604 2802 1672 seipsos
2831 1606 3208 1670 traducentes;
3239 1606 3572 1676 verbumque

2009 1696 2141 1750 illud
2171 1696 2390 1767 vulgare
2411 1695 2555 1764 quod
2578 1693 2829 1748 olliciosaa
2853 1695 3113 1749 duntaxat
3141 1696 3416 1750 comitatis
3438 1696 3570 1750 bac-

1999 1796 2156 1843 tenus
2184 1788 2358 1842 visum
2388 1786 2592 1852 fuerat,
2627 1786 2802 1856 reipsa
2838 1786 3213 1855 adimplentes,
3240 1803 3377 1843 .cum
3427 1787 3564 1841 alio-

1998 1896 2122 1934 rum
2173 1880 2475 1948 peripsetna
2513 1879 2687 1933 eil'ecti
2733 1894 2797 1931 ex
2850 1878 2952 1932 hac
3002 1879 3111 1931 vita
3147 1879 3459 1948 migrarent.
3500 1881 3569 1933 Et

1999 1968 2105 2023 hoc
2151 1969 2369 2038 quidem
2405 1976 2563 2037 pacto
2612 1969 2801 2037 optimi
2854 1970 3057 2038 quique
3088 1985 3155 2024 ex
3180 1969 3441 2025 fratribus
3468 1988 3566 2026 no-

1998 2061 2150 2127 stris,
2191 2076 2425 2130 quorum
2473 2061 2718 2114 nonnulli
2754 2061 3054 2131 presbyteri
3089 2077 3246 2117 erant
3286 2079 3350 2118 ac
3382 2065 3569 2120 diaco-

1998 2153 2090 2217 ni;
2144 2161 2198 2206 et
2250 2167 2316 2205 ex
2360 2152 2560 2221 populo
2610 2152 3020 2207 laudatissituus
3066 2153 3296 2223 quisque
3340 2164 3571 2209 mortem

2000 2243 2345 2312 oppetierunt
2371 2261 2383 2295 :
2410 2242 2547 2297 adeo
2573 2251 2633 2297 ut
2658 2259 2828 2313 genus
2861 2244 2965 2297 hoc
2999 2245 3190 2299 mortis
3218 2245 3287 2298 ob
3316 2246 3570 2315 pietatem

2000 2333 2233 2402 ﬁdeique
2266 2334 2631 2387 constantiam
2665 2349 3009 2404 nequaquam
3055 2334 3281 2391 inferius
3311 2340 3571 2409 martyrio

1995 2432 2300 2477 censeatur.

2066 2512 2154 2566 IV.
2196 2511 2261 2565 Hi
2285 2528 2415 2583 ergo
2448 2523 2764 2567 sanctorum
2813 2529 3043 2583 corpora
3077 2516 3289 2585 supinis
3319 2518 3569 2576 inanibus

1995 2600 2310 2671 gremioque
2341 2602 2693 2671 excipientes,
2743 2605 2933 2657 oculos
2966 2605 3072 2659 illis
3098 2618 3150 2659 et
3174 2621 3268 2659 ora
3303 2609 3566 2664 clauden-

1994 2701 2093 2757 tes,
2131 2693 2435 2763 bajulantes
2467 2695 2654 2747 eadem
2697 2694 2940 2750 humeris
2977 2697 3113 2763 suis,
3156 2710 3565 2770 componentes,

1996 2783 2426 2838 adhaerescentes
2471 2783 2597 2847 illis,
2655 2785 3094 2854 complectentes,
3144 2788 3362 2844 lavacro
3397 2804 3451 2846 et
3475 2809 3568 2848 ve-

1994 2874 2265 2930 SIimentis
2288 2885 2545 2931 ornantes
2568 2894 2581 2930 :
2606 2878 2769 2945 paulo
2792 2887 2913 2947 post
2942 2880 3128 2934 eadem
3156 2880 3328 2935 oilicia
3352 2884 3423 2938 ab
3442 2885 3567 2940 aliis

1996 2967 2277 3021 consecuti
2312 2975 2471 3033 sunt;
2511 2984 2633 3021 cum
2669 2969 2988 3037 superstites
3016 2986 3230 3041 semper
3257 2988 3445 3027 eorum
3470 2976 3565 3045 qui

1993 3069 2427 3131 praacesserant,
2483 3060 2724 3131 vestigiis
2773 3060 3105 3117 insisterent.
3165 3062 3403 3119 Gentiles
3435 3082 3566 3121 vero

1992 3168 2221 3223 prorsus
2246 3151 2520 3208 contraria
2544 3151 2631 3205 his
2656 3160 2900 3222 egerunt.
2924 3151 3059 3207 Nam
3094 3163 3148 3208 et
3167 3171 3260 3211 eos
3280 3157 3371 3226 qui
3392 3173 3567 3227 aegro-

1990 3364 2099 3418 tius
2156 3362 2557 3431 intelligamus,
2596 3360 2937 3415 Christianos
2991 3362 3151 3431 vulgo
3195 3376 3224 3414 a
3272 3362 3566 3431 gentilibus

1988 3443 2212 3488 vocatos
2259 3433 2428 3487 fuisse
2475 3432 2578 3485 hoc
2623 3432 2862 3504 nomine,
2904 3432 3119 3504 πάντων
3151 3431 3459 3504 περίψημα,
3507 3434 3565 3489 id

1990 3450 2212 3488 νοεθιοε
2259 3450 2428 3487 1111558
2475 3450 2578 3485 HOC
2623 3450 2862 3495 liOllllnC,
2904 3450 3119 3485 παντων
3152 3450 3417 3555 περιψημι

1990 3515 2072 3559 est
2102 3513 2446 3572 purgamenta
2471 3501 2653 3572 swculi
2680 3517 2696 3553 :
2732 3503 2874 3572 quod
2913 3503 3083 3571 magis
3114 3502 3306 3571 placet.
3362 3519 3417 3556 ι).

2061 3574 2172 3644 (84)
2209 3571 2421 3626 Ὰὺτών
2452 3571 2779 3644 περίψημα.
2815 3571 2997 3644 Godex
3029 3572 3166 3626 Med.
3204 3581 3262 3644 et
3288 3572 3428 3629 Maz.
3455 3590 3561 3629 una

1987 3640 2119 3697 voce
2146 3640 2420 3696 auctiores
2460 3649 2608 3694 sunt.
2645 3640 2734 3693 Sic
2775 3641 2919 3693 enim
2958 3642 3173 3706 habent,
3206 3642 3384 3695 αὐτῶν
3424 3644 3563 3696 πάνι

1986 3729 2094 3765 των
2143 3712 2447 3783 περίψημα.
2493 3709 2777 3775 Quomodo
2823 3710 2986 3763 etiam
3032 3712 3085 3764 in
3118 3710 3254 3765 Fuit.
3296 3712 3559 3782 scriptum

1988 3782 2191 3836 inveni.
2222 3782 2302 3833 lo.

2062 3851 2172 3917 (85)
2212 3851 2321 3904 Kal
2364 3849 2743 3916 διατιθέντες.
2794 3848 3327 3919 ChristOphorsonus
3355 3852 3556 3907 vertit:

1988 3920 2227 3974 decenter
2257 3931 2535 3979 ornantes,
2573 3922 2732 3973 male.
2762 3919 2895 3973 Nam
2937 3920 3004 3973 de
3052 3930 3245 3972 ornatu
3283 3935 3409 3974 mox
3433 3922 3562 3976 sub-

1985 3992 2166 4061 juugit
2193 3990 2502 4060 Dionysius.
2537 3988 2757 4061 Rectius
2784 3992 2947 4061 igitur
2978 3990 3143 4061 verti,
3175 4002 3558 4059 componentes,

1988 4057 2264 4132 quoinodo
2291 4057 2585 4132 loquuntur
2620 4057 2826 4132 Latini:
2856 4060 2950 4132 Sic
2978 4057 3234 4132 Persius:

2442 4131 2750 4199 tandemque
2778 4130 3015 4183 beatulus
3048 4130 3157 4183 alto

2040 4236 2051 4245 -
2301 4200 2633 4268 Compositus
2662 4203 2811 4263 lecto,
2841 4210 2943 4254 etc.

1986 4267 2353 4341 Hieronymus
2382 4267 2475 4324 lib.
2511 4287 2524 4323 ι
2558 4269 2624 4322 1η
2653 4270 3031 4341 Iovinianum;
3063 4268 3464 4341 Compositoque
3494 4289 3560 4327 ea:

1986 4357 2129 4392 more
2158 4338 2399 4394 cadaveri
2424 4357 2490 4412 _s_e
2521 4342 2635 4409 ipsa
2660 4342 2955 4412 superjecit.
2987 4338 3122 4412 Hinc
3145 4338 3438 4412 compostus
3462 4359 3559 4412 pro

1993 4411 2203 4478 sepulto
2234 4412 2375 4479 apud
2424 4408 2800 4479 Virgiliumet
2843 4409 3143 4463 Horatium.
3180 4408 3476 4466 Possidius
3504 4415 3555 4467 in

2002 4479 2122 4533 Vita
2169 4480 2234 4533 B.
2284 4482 2611 4550 Augustini:
2658 4480 2944 4549 Confestim
2970 4497 3086 4532 vero
3132 4496 3223 4549 pro
3252 4484 3363 4550 ejus
3411 4500 3557 4537 com-

1987 4551 2303 4622 mendanda
2334 4552 2568 4618 corporis
2622 4550 2944 4619 depositione
2992 4551 3226 4604 oblatum
3281 4564 3389 4617 est,
3438 4570 3557 4622 per-

1982 4632 2203 4689 actoque
2225 4620 2526 4692 solemniter
2549 4623 2913 4691 exsequiarum
2931 4623 3251 4692 ministerio,
3284 4620 3558 4692 insigniter

1980 4692 2322 4759 compositus,
2359 4690 2757 4761 deportatus'ac
2792 4691 3026 4761 sepultus
3056 4702 3153 4746 est.
3188 4692 3261 4746 Ita
3297 4690 3440 4747 eniin
3477 4695 3555 4747 le-

1984 4762 2131 4831 gitur
2156 4763 2208 4815 in
2240 4762 2421 4814 codice
2442 4760 2816 4815 Mosciacensi.
2848 4760 2919 4815 In.

2055 4830 2165 4901 (86)
2204 4832 2311 4883 Καὶ
2344 4831 2745 4898 περιστολαῖς.
2773 4830 2882 4886 Nec
2913 4832 3052 4885 hanc
3081 4848 3266 4885 vocem
3292 4832 3554 4886 intellexit

1984 4900 2549 4972 Christopborsonus,
2582 4903 2675 4969 qui
2722 4904 2921 4964 vertit,
2958 4902 3119 4954 linteo
3150 4902 3355 4969 funebri
3386 4903 3555 4955 invol-

1984 4987 2118 5024 vere.
2144 4970 2399 5025 Solebant
2421 4972 2567 5024 enim
2596 4972 2824 5025 Romani
2850 4980 2978 5024 tunc
3002 4972 3259 5039 temporis
3288 4973 3550 5026 cadavera

1984 5041 2228 5095 vestibus
2262 5040 2502 5095 amicire.
2531 5042 2609 5096 Ac
2640 5042 2706 5096 de
2738 5042 3026 5111 gentilibus
3055 5042 3271 5110 quidem
3315 5059 3401 5096 res
3430 5058 3553 5110 pro-

1988 5111 2109 5164 trita
2157 5120 2274 5175 est,
2321 5112 2459 5165 adeo
2491 5120 2550 5165 ut
2582 5113 2844 5180 exemplis
2875 5128 2980 5165 non
3012 5121 3185 5181 egeat.
3233 5111 3383 5180 ipsos
3424 5128 3548 5167 vero

1983 5181 2323 5235 Christianos
2367 5182 2607 5236 ﬁdelium
2657 5185 2917 5237 cadavera
2963 5182 3260 5249 splendidis
3308 5182 3549 5237 vestibus

1985 5252 2283 5313 obtexisse,
2313 5253 2471 5306 docet
2501 5253 2810 5320 exemplum
2838 5253 3042 5307 Asturii
3072 5253 3212 5319 apud
3253 5250 3547 5307 Eusebium

1985 5322 2078 5376 lib.
2112 5338 2209 5385 vn,
2242 5338 2362 5391 cap.
2404 5321 2488 5375 16.
2524 5322 2884 5392 Hieronymus
2920 5323 2974 5375 in
3004 5321 3291 5391 Epitapbio
3317 5320 3497 5376 Paulae
3527 5340 3544 5379 :

1986 5392 2115 5455 Quis
2141 5392 2355 5461 inopum
2383 5394 2606 5445 moriens
2631 5409 2732 5444 non
2766 5392 2911 5444 illius
2939 5394 3252 5445 vestimentis
3275 5392 3547 5449 obvolutus

1983 5465 2103 5516 est?
2152 5460 2261 5516 Nec
2307 5462 2465 5515 aliter
2504 5463 2882 5529 intelligendus
2937 5471 3021 5516 est
3086 5463 3240 5517 locus
3276 5462 3544 5529 Possidii,

2026 5546 2147 5583 nem
2188 5541 2346 5585 antea
2390 5533 2570 5585 citavi.
2608 5531 2779 5585 Graeci
2822 5532 2873 5585 id
2908 5542 3105 5586 vocant
3153 5534 3542 5589 περιστέλλειν.

1986 5601 2274 5673 Athenaeus
2310 5604 2362 5655 in
2394 5602 2487 5673 lib.
2535 5615 2606 5673 tt,
2642 5616 2761 5668 cap.
2810 5601 2859 5666 7,
2890 5601 2948 5655 ὃν
2979 5602 3178 5673 τρόπον

1986 5604 2274 5655 Athenaeus
2310 5604 2362 5655 in
2394 5604 2487 5685 lib.
2535 5615 2606 5659 ll,
2642 5616 2761 5668 cap.
2810 5604 2859 5666 7,
2890 5604 2948 5655 ὃν
2979 5604 3178 5673 τρόπον
3225 5604 3545 5687 Πυθιονίκηι

1985 5671 2314 5742 περιέστειλε
2346 5672 2741 5741 τελευτήσασαν
2769 5674 2796 5724 ὁ
2831 5674 3118 5745 Ἀρπαλός.
3156 5671 3232 5737 In.
