3966 6206
290 282 420 336 1341

1529 349 1532 352 .
1576 291 1804 348 EPIST.
1846 291 2174 348 FESTALIS
2211 290 2301 347 1V.

3377 279 3516 338 i542

285 402 647 474 ἐπλήμμυρεν
687 404 820 474 (92),
855 407 928 470 ὡς
963 409 1142 462 πᾶσαν
1181 409 1280 480 τὴν
1323 411 1646 483 περίχωρον,
1675 414 1771 477 τάς
1803 432 1859 467 τε

1966 414 2099 484 ipsis
2132 413 2195 466 ad
2227 421 2410 482 potum
2445 407 2757 463 eflluxissct.
2797 404 3066 459 interdum
3092 417 3219 458 vero
3240 409 3517 471 tantopere

271 492 434 558 ⁹ὁδοὺς
482 495 574 547 καὶ
613 497 736 559 τοὺς
779 498 980 569 ἀγροὺς
1022 501 1410 565 ὲπικλύσαντα,
1453 503 1551 572 τῆς
1592 505 1684 557 ὲπ).
1729 504 1852 558 Νῶε

280 584 580 655 γενομένης
609 584 700 638 τοῦ
743 586 927 652 ὓδατος
960 591 1130 660 φορᾶς
1159 592 1453 660 ἐπαγαγεῖν
1486 593 1732 664 ἀπειλήν.

355 768 431 819 B'.
474 767 583 820 Ἀεὶ
620 767 676 820 δὲ
704 769 894 837 αἵματι
927 770 1019 822 καὶ
1060 771 1237 839 φόνοις
1265 774 1358 825 καὶ¹
1399 763 1852 844 καταποντισμοῖς

270 859 496 913 ’κάτεισι
544 861 930 930 μεμιασμένος,
977 856 1085 925 οἷος
1132 863 1235 916 ὑπὸ
1280 866 1504 918 Μωῦσεῖ
1546 866 1736 934 γέγονε
1777 865 1853 936 τῷ

275 948 502 1021 Φαραὼ,
530 950 842 1020 μεταϐαλὼν
873 953 953 1016 είς
977 947 1115 1023 αἷμα
1138 954 1228 1007 καὶ
1258 954 1542 1018 ὲποζέσας.
1571 957 1680 1010 Καὶ
1706 960 1852 1010 ποῖον

281 1041 479 1110 γένοιτ’
507 1041 571 1094 ἂν
603 1041 696 1094 τοῦ
729 1041 901 1096 πάντα
931 1043 1280 1114 καθαίροντος
1317 1046 1506 1111 ὕδατος
1545 1047 1689 1119 ὕδωρ
1729 1047 1853 1101 ἀλλο

281 1130 611 1202 καθάρσιον;
647 1131 772 1196 Πῶς
812 1132 877 1186 ἂν
911 1135 940 1186 6
979 1134 1143 1198 πολὺς
1184 1135 1278 1188 καὶ
1311 1136 1615 1208 ἀπέραντος
1647 1138 1855 1210 ἀνθρὼ-

283 1240 410 1286 ποις
433 1221 670 1284 ὠκεανὸς
703 1223 998 1294 ἐπιχυθεὶς,
1024 1224 1120 1292 τὴν
1153 1227 1352 1296 πικρὰν
1385 1225 1584 1296 ταύτην
1607 1229 1850 1300 ἀποσμή-

283 1313 376 1378 ξαι
405 1313 706 1379 Galatiam;
748 1315 819 1366 Ἦ
845 1314 960 1378 πῶς
989 1315 1053 1370 ἂν
1079 1318 1106 1369 6
1145 1317 1316 1387 μέγας
1345 1318 1585 1388 ποταμὸς
1621 1320 1650 1371 6
1691 1322 1854 1372 ἐκπο-

285 1405 576 1476 ρευόμενος
599 1403 659 1470 ἐξ
680 1405 860 1476 Ἐδὲμ,
886 1407 986 1470 τὰς
1011 1407 1281 1478 τέσσαρας
1314 1409 1484 1478 ἀρχὰς
1517 1410 1596 1472 εἰς
1625 1407 1690 1472 ἃς
1721 1410 1854 1478 ἀφοα

285 1495 493 1568 ρίζεται
530 1497 919 1566 μετοχετεύσας
950 1499 1030 1561 εἰς
1072 1499 1200 1569 μίαν
1239 1499 1330 1552 τοῦ
1371 1499 1524 1571 Γηὼν
1552 1500 1680 1571 (95),
1715 1501 1852 1555 ἀπο-

276 1588 482 1642 πλύναι
515 1588 575 1641 τὸ
603 1587 830 1660 λύθρονς
862 1591 933 1642 Ἢ
967 1590 1094 1642 πότε
1139 1592 1166 1644 6
1206 1591 1567 1662 τεθολωμένος
1608 1592 1711 1646 ὑπὸ
1746 1593 1852 1646 τῶν

282 1679 538 1751 πονηρῶν
579 1680 910 1751 πανταχόθεν
943 1681 1354 1753 ἀναθυμιάσεων
1391 1683 1518 1754 ἀὴρ,
1558 1683 1852 1755 εἰλικρινὴς

1960 505 2295 569 exundavit,
2351 510 2409 556 ut
2441 499 2764 555 circumsita:
2807 498 3009 567 regioni
3047 497 3254 566 viisque
3291 503 3344 548 et
3369 495 3517 564 agris

1955 597 2212 651 omnibus
2240 594 2583 664 superfusus,
2617 605 2881 661 aquarum
2917 590 3176 643 diluvium
3212 587 3514 658 cuiusmodi

1955 688 2295 757 temporibus
2330 685 2443 740 Noe
2472 685 2686 745 accidit,
2714 682 2906 736 minari
2931 682 3218 734 videretur.

2031 779 2094 832 ll.
2138 779 2401 834 Caeterum
2425 777 2660 830 caadibus
2683 784 2735 830 et
2763 787 2956 826 cruore
2978 781 3030 826 et
3051 769 3516 825 submersionihus

1956 870 2246 925 hominum
2307 870 2582 924 continuis
2631 867 2944 936 inquinatus
2992 863 3288 927 evolvitur;
3341 861 3518 930 qualis

1952 962 2090 1017 olim
2127 978 2156 1016 a
2183 961 2364 1032 Moyse
2397 961 2669 1030 prmstitus
2692 967 2774 1012 est
2799 955 3090 1019 Pharaoni,
3121 955 3174 1008 in
3201 953 3516 1023 sanguinem

1956 1067 2252 1107 conversus
2278 1067 2342 1105 ac
2370 1051 2611 1105 fmtidus.
2661 1049 2916 1114 Quaenam
2945 1046 3108 1115 igitur
3145 1045 3290 1098 unda
3318 1043 3520 1097 lustra-

1955 1160 2016 1200 re
2046 1143 2244 1213 poterit
2287 1159 2481 1212 aquam
2507 1158 2611 1212 qua
2640 1140 2822 1194 omnia
2865 1139 3201 1208 purgantur?
3233 1136 3519 1202 Quomodo

1955 1245 2143 1290 vastus
2175 1235 2264 1289 ille
2289 1249 2386 1288 nec
2410 1233 2722 1288 hominibus
2757 1229 3097 1300 permeabilis
3125 1244 3386 1292 oceanus,
3415 1228 3520 1282 hoc

1958 1341 2201 1381 amarum
2224 1326 2445 1394 pelagus
2473 1339 2712 1394 unquam
2739 1320 3090 1376 absterserit?
3116 1320 3223 1374 Aut
3247 1319 3520 1390 quomodo

1957 1419 2144 1489 ingens
2197 1419 2285 1472 ille
2331 1417 2528 1471 ﬂuvius
2569 1415 2661 1485 qui
2709 1429 2774 1468 ex
2823 1413 2989 1468 Edem
3030 1412 3268 1483 profluit,
3305 1411 3519 1466 etiamsi

1962 1517 2196 1577 quatuor
2220 1508 2340 1561 illos
2363 1507 2416 1560 in
2444 1521 2580 1575 quos
2605 1505 2864 1559 dividitur
2891 1504 3074 1558 alveos
3105 1503 3158 1556 in
3184 1517 3350 1555 unum
3382 1501 3522 1555 Geo-

1958 1598 2047 1651 nis
2081 1598 2292 1651 alveum
2341 1597 2724 1662 transfundat,
2782 1604 2984 1650 tantam
3035 1595 3175 1648 hanc
3213 1593 3394 1646 abluet
3428 1605 3520 1644 sa-

1958 1691 2099 1744 niem
2123 1689 2144 1742 ?
2178 1688 2473 1757 Ecquando
2501 1687 2900 1742 scclestissimis
2924 1685 3283 1754 undecunque
3314 1683 3524 1754 vapori-

280 1748 523 1839 yévo'tiro;
565 1748 802 1824 Tom-31:6:
841 1773 949 1845 γὰρ
989 1774 1095 1826 ἀπὸ
1121 1748 1231 1844 ’τῆς
1260 1776 1362 1845 γῆς
1398 1748 1582 1846 ἀτμοὶ,
1619 1748 1712 1830 καί
1748 1748 1855 1830 ἀπὸ

1963 1781 2060 1836 bus
2089 1781 2433 1834 obnubilatus
2457 1795 2571 1844 aer,
2606 1795 2774 1848 purus
2801 1779 3013 1833 tandem
3045 1792 3375 1846 serenusque
3402 1775 3524 1830 red-

281 1864 560 1935 θαλάσσης
596 1865 822 1934 ἄνεμοι,
871 1867 1128 1937 ποταμῶν
1171 1884 1230 1920 τε
1279 1865 1442 1938 αὖραι
1488 1870 1598 1922 καὶι
1625 1868 1855 1939 λιμένων

283 1957 574 2026 ἀνιμήσεις
604 1957 982 2022 ἀποπνέουσιν,
1025 1959 1100 2021 ὡς
1137 1961 1454 2031 σηπομένων
1487 1963 1544 2014 ὲν
1584 1963 1715 2014 πᾶσι
1745 1963 1856 2024 τοῖς

283 2047 669 2119 ὑποκειμένοις
725 2051 1007 2119 στοιχείοις
1063 2051 1270 2122 νεκρῶν
1331 2052 1532 2122 ἰχῶρας
1575 2048 1710 2106 εἶναι
1759 2055 1856 2116 τὰς

281 2140 529 2212 δρόσους.
570 2139 700 2195 Εἶτα
741 2141 1075 2212 θαυμάζουσι
1108 2143 1200 2196 καὶ
1233 2143 1566 2215 διαποροῦσι,
1609 2143 1770 2196 πόθεν
1807 2145 1856 2196 οἱ

285 2235 534 2302 συνεχεῖς
575 2233 749 2302 λοιμοί
795 2233 937 2303 (94)·
972 2233 1134 2286 πόθεν
1175 2235 1228 2286 αί
1270 2233 1500 2304 χαλεπαὶ
1537 2234 1716 2285 νόσοι·
1761 2232 1858 2286 πύ-

275 2323 380 2378 ιθεν
408 2326 460 2376 αἱ
490 2325 823 2377 παντοδαπαὶ
861 2322 1087 2394 φθοραί·
1120 2324 1281 2378 πόθεν
1308 2327 1336 2376 ὁ
1371 2324 1611 2387 ποικίλος
1633 2324 1726 2377 καὶ
1756 2341 1858 2378 ποτ

280 2415 384 2478 λὺς
415 2414 520 2467 τῶν
562 2414 863 2486 ἀνθρώπων
899 2415 1146 2486 ὄλεθρος·
1185 2414 1271 2468 διὰ
1303 2415 1353 2468 τί
1385 2415 1580 2486 μηκέτι
1607 2415 1857 2470 τοσοῦτον

287 2506 493 2577 πλῆθος
529 2507 892 2578 οίκητόρωνὴ
939 2508 1166 2578 μεγίστη
1211 2508 1365 2571 πόλις
1408 2509 1464 2562 ὲν
1501 2510 1634 2579 αὐτῇ
1678 2509 1854 2579 φέρει,

287 2596 397 2648 ἀπὸ
436 2597 644 2666 νηπίων
682 2595 959 2667 ἀρξαμένη
999 2597 1201 2649 παίδων
1241 2597 1402 2670 μέχρι
1441 2597 1546 2651 τῶν
1575 2601 1654 2660 είς
1691 2599 1856 2669 ἄκρον

289 2686 700 2756 γεγηρακότων,
744 2687 902 2751 ὅσους
947 2687 1330 2758 ὠμογέροντας
1376 2689 1486 2759 (95)
1534 2687 1628 2752 οὓς
1671 2690 1854 2742 ὲκάλει

288 2779 552 2848 πρότερον
585 2778 744 2841 ὄντας
779 2778 1029 2850 ἔτρεφενς
1079 2779 1212 2831 Ἀλλ’
1256 2781 1304 2831 οἱ
1338 2779 1856 2849 τεσσαρακοπθτοῦται

291 2871 385 2922 καὶ
427 2871 586 2940 μέχρι
623 2871 730 2924 τῶν
772 2871 1140 2943 ἑϐδομήκοντα
1187 2872 1344 2935 ἐτῶν,
1390 2872 1639 2926 τοσοῦτον
1679 2873 1858 2926 πλείο-

289 2975 382 3021 νες
412 2959 553 3022 τότε,
593 2958 731 3012 ὥστε
773 2959 845 3030 μὴ
891 2960 1338 3030 συμπληροῦσθαι
1378 2962 1470 3014 νῦν
1509 2963 1598 3016 τὸν
1624 2962 1856 3034 ἀριθμὸν

1959 1873 2153 1926 detur?
2213 1870 2535 1940 linjusmodi
2565 1873 2708 1924 enim
2741 1871 2942 1925 halitus
2976 1885 3038 1924 ex
3069 1877 3210 1924 terra
3234 1910 3248 1934 ,
3282 1883 3347 1922 ex
3384 1866 3521 1921 mari

1956 1963 2136 2026 venti,
2185 1978 2249 2016 ex
2299 1962 2612 2017 fluminibus
2659 1978 2837 2027 aurae,
2871 1977 2936 2015 ex
2979 1961 3242 2030 portubus
3269 1958 3522 2030 fuligines

1959 2055 2201 2124 spirant,
2240 2063 2297 2108 ut
2324 2054 2716 2109 tabescentium
2766 2053 2818 2107 in
2846 2053 3097 2108 omnibus
3121 2050 3523 2120 subiacentibus

1958 2147 2240 2202 elementis
2276 2145 2598 2201 cadaverum
2659 2145 2839 2199 sanies
2872 2159 2970 2215 pro
3003 2159 3126 2198 rore
3151 2144 3240 2197 sit.
3300 2141 3366 2196 Et
3403 2150 3525 2212 post

1959 2239 2074 2292 haec
2096 2238 2364 2290 mirantur
2394 2245 2447 2291 et
2474 2236 2753 2304 ambigunt
2779 2235 3043 2300 homines,
3076 2235 3346 2288 undenam
3379 2248 3517 2288 con—

1959 2330 2125 2382 tinum
2150 2335 2355 2396 pestes,
2389 2327 2655 2381 undenam
2685 2332 2874 2396 gravies
2897 2325 3090 2386 morbi,
3118 2325 3404 2393 omnisque
3431 2337 3525 2392 ge-

1959 2420 2107 2475 neris
2132 2420 2298 2484 labes,
2345 2428 2399 2474 ct
2443 2419 2770 2488 multiplices
2799 2418 3044 2486 variique
3075 2416 3354 2470 hominum
3386 2415 3524 2468 inte-

1957 2511 2133 2566 ritus:
2166 2510 2294 2579 quid
2319 2524 2497 2564 causa:
2524 2509 2613 2573 sit,
2646 2524 2746 2562 cur
2779 2508 2910 2561 urbs
2938 2506 3172 2559 maxima
3205 2513 3412 2559 tantum
3439 2507 3523 2560 ci-

1957 2603 2105 2657 vium
2137 2617 2421 2655 numerum
2457 2601 2690 2670 amplius
2719 2615 2824 2654 non
2860 2597 3016 2664 ferat,
3052 2598 3262 2652 etiamsi
3293 2597 3361 2651 ab
3389 2598 3523 2666 ipsis

1957 2692 2256 2754 infantibus
2301 2692 2367 2746 ad
2413 2691 2714 2760 decrepitos
2760 2705 2936 2758 usque
2958 2704 3114 2744 senes
3143 2697 3518 2752 numerentur,

1957 2792 2090 2854 quot
2124 2792 2281 2838 antea
2322 2783 2519 2836 crudos
2561 2797 2718 2836 senes
2767 2781 2846 2835 sic
2874 2789 3093 2834 vocatos
3119 2779 3289 2832 aluit?
3321 2777 3522 2832 Verum

1958 2885 2090 2929 tunc
2115 2875 2373 2945 temporis
2398 2874 2531 2928 adeo
2564 2872 2746 2941 plures
2781 2880 2936 2926 erant
2960 2870 3375 2942 quadragenarii
3399 2911 3414 2935 ,
3470 2878 3526 2924 et

1960 2982 2121 3036 supra
2173 2967 2271 3020 hos
2314 2981 2487 3036 usque
2512 2966 2578 3018 ad
2602 2963 3058 3032 septuagesimum
3106 2962 3279 3016 aetatis
3318 2977 3522 3019 annum

289 3048 488 3113 αὐτῶν,
529 3050 1051 3122 προσεγγραφέντων
1088 3052 1180 3106 καὶ
1218 3053 1728 3122 συγκαταλεγέντων
1770 3055 1851 3119 εἰς

1963 3059 2262 3129 progressi,
2324 3068 2381 3112 ut
2427 3073 2686 3112 numerus
2737 3071 2922 3110 eorum
2970 3069 3113 3108 nunc
3166 3055 3367 3126 expleri
3413 3070 3524 3110 non

288 3145 350 3197 τὸ
390 3145 640 3215 δημόσιον
683 3146 1005 3216 σιτηρέσιον,
1055 3146 1160 3199 τῶν
1201 3147 1308 3200 ἀπὸ
1355 3149 1855 3218 τεσσαρεσκαίδεκα

291 3237 426 3290 ἑτῶν
462 3237 618 3308 μέχρι
647 3236 752 3288 τῶν
785 3237 1108 3308 ὀγδοήκοντα
1128 3256 1140 3268 ·
1170 3239 1262 3292 καὶ
1291 3240 1573 3307 γεγόνασιν
1604 3234 1714 3292 οἷον
1743 3239 1860 3311 ηλι-

290 3327 483 3381 κιῶται
531 3328 636 3381 τῶν
694 3329 859 3384 πάλαι
911 3332 1267 3402 γεραιτάτων,
1314 3333 1360 3386 οἱ
1411 3331 1529 3400 ὄψει
1581 3332 1855 3385 νεώτατοι.

292 3421 402 3473 Καὶ
441 3419 581 3472 οὕτω
627 3419 941 3490 μειούμενον
982 3423 1067 3474 ἀεὶ
1117 3423 1208 3475 καὶ
1257 3422 1640 3492 δαπανώμενον
1688 3423 1857 3494 ὀρῶν-

291 3526 387 3572 τες
418 3510 476 3560 τὸ
517 3509 606 3562 ἐπὶ
634 3509 735 3580 γῆς
774 3511 1071 3584 ἀνθρώπων
1106 3513 1279 3579 γένος,
1312 3514 1371 3564 οὐ
1405 3515 1724 3584 τρέμουσιν’
1755 3515 1854 3567 ατ)-

294 3601 518 3670 ξομένου
549 3603 641 3656 καὶ
667 3603 1062 3674 προκόπτοντος
1082 3603 1174 3657 τοῦ
1207 3604 1500 3669 παντελοῦς
1525 3607 1698 3661 αὐτῶν
1727 3608 1860 3676 ἀφα-

292 3693 508 3765 νισμοῦ.

1964 3151 2154 3220 possit,
2192 3149 2481 3218 adscriptis
2515 3149 2639 3203 licet
2670 3157 2723 3202 et
2758 3149 2810 3202 in
2842 3148 3024 3201 album
3059 3145 3240 3200 relatis
3267 3145 3334 3199 ad
3358 3161 3526 3199 anno-

1965 3257 2089 3296 nam
2135 3257 2197 3295 ex
2247 3241 2462 3310 publico
2516 3239 2884 3308 accipiendam
2939 3239 3022 3293 his
3071 3239 3162 3308 qui
3195 3237 3526 3307 quatuordc-

1964 3331 2069 3385 cim
2106 3345 2278 3385 annos
2325 3330 2435 3383 nati
2466 3338 2632 3392 sunt,
2669 3344 2840 3398 usque
2889 3328 2955 3382 ad
2996 3326 3389 3397 octogenarios.
3457 3323 3528 3379 Et

1964 3422 2054 3491 qui
2105 3422 2282 3491 specie
2325 3421 2438 3489 ipsa
2491 3418 2875 3474 adolescentuli
2922 3427 3082 3483 sunt,
3119 3417 3351 3486 aquales
3389 3430 3526 3486 quo-

1962 3515 2250 3568 dammodo
2302 3528 2447 3566 nunc
2500 3512 2626 3566 facti
2679 3519 2806 3565 sunt
2853 3526 3039 3564 eorum
3073 3510 3164 3578 qui
3195 3509 3323 3562 olim
3370 3522 3526 3562 senes

1959 3616 2132 3660 erant.
2175 3605 2418 3673 Cumque
2445 3605 2498 3656 in
2529 3603 2689 3658 terris
2724 3603 3020 3654 humanum
3049 3616 3218 3669 genus
3247 3609 3526 3667 tantopere

1957 3696 2302 3752 imminutum
2362 3706 2414 3750 et
2467 3705 2848 3763 consumptum
2898 3693 3142 3753 videant,
3202 3699 3527 3759 augescente

1957 3789 2012 3847 in
2047 3788 2164 3842 dies
2205 3796 2259 3842 et
2301 3794 2578 3841 crescente
2628 3785 2867 3854 ipsorum
2902 3782 3150 3845 excidio,
3204 3796 3314 3834 non
3351 3780 3524 3835 intre-

1959 3879 2215 3933 miscunt.

1655 4111 1993 4168 EPISTOLA
2037 4111 2176 4168 XIV.

477 4203 550 4276 (Ε
578 4204 747 4260 sacris
773 4202 1064 4258 Parallelis
1100 4202 1415 4258 Damasceni
1474 4111 1852 4278 Rupefiiziji:

1963 4111 2247 4283 fam.
2281 4225 2341 4267 ιι.
2375 4222 2496 4277 pag.
2535 4204 2659 4269 755,
2690 4201 2753 4268 C,
2776 4203 2900 4256 edit.
2924 4200 3104 4256 Paris.
3132 4200 3316 4272 1712.)

372 4299 643 4354 Διονυσίου
694 4298 1128 4372 Ἀλεξανδρείας,
1178 4299 1242 4353 ὲκ
1288 4299 1386 4371 τῆς
1430 4299 1473 4354 δ’
1509 4301 1866 4379 ἑορταστικῆς

298 4389 589 4462 ἐπιστολῆς
621 4389 752 4462 (96).

2095 4303 2340 4377 Dionysii
2371 4300 2738 4366 Alexandrini,
2774 4315 2839 4354 ex
2867 4299 3091 4370 epistola
3121 4315 3175 4354 tv
3203 4298 3396 4355 festali.

385 4483 449 4536 Ἦ
479 4483 669 4554 ἀγάπη
702 4481 955 4556 προπηδᾷ
979 4483 1215 4550 πάντως,
1254 4483 1307 4538 τὶ
1335 4482 1525 4554 ὀνῆσαι
1550 4483 1644 4537 καὶ
1668 4486 1859 4546 ἄκοντα

2037 4487 2288 4544 Charitas
2314 4494 2562 4557 prompta
2587 4491 2670 4539 est
2695 4491 2752 4538 ut
2781 4483 3033 4538 omnibus
3063 4483 3267 4552 prosit,
3295 4496 3528 4550 eumque

375 4617 487 4688 (9:2)
532 4616 829 4684 Τοσοῦτος
855 4615 1390 4688 ἐπλήμμυρενᾘωο
1425 4626 1506 4688 est
1531 4617 1690 4673 lectio
1716 4621 1867 4674 codi-

301 4688 384 4744 cis
417 4686 592 4758 Regii,
641 4703 748 4742 non
797 4686 1024 4743 omnino
1055 4686 1371 4758 reﬁcienda.
1418 4687 1634 4758 Beliqui
1681 4699 1862 4744 tamen

303 4759 519 4813 codices
550 4757 685 4829 Maz,
717 4774 780 4814 ac
813 4758 952 4829 Med.
991 4774 1112 4814 cum
1133 4757 1271 4813 Fuk.
1315 4767 1368 4812 et
1411 4757 1576 4815 Savil.
1602 4760 1864 4829 scripturn

303 4829 505 4884 habent
531 4827 804 4882 τοσοῦτον.
835 4827 1035 4882 νλιεε.

378 4898 491 4966 (93)
530 4897 722 4964 Γηὼν.
763 4898 837 4952 Ita
873 4897 1044 4966 codex
1076 4895 1230 4952 Alex.
1265 4895 1332 4949 At
1363 4893 1508 4959 Vat.,
1545 4895 1715 4966 I‘atbv:
1739 4895 1863 4952 Hinc

300 4982 432 5040 vox,
459 4969 712 5040 alterutra
747 4965 970 5040 ratio_ne‘
987 4967 1210 5040 scripta,
1233 4966 1574 5021 desideratur
1597 4967 1651 5020 in
1675 4965 1869 5022 Tromp

302 5039 400 5093 ιιιῙί
430 5038 831 5091 Concurdantiis
866 5036 1082 5092 ercis'.
1110 5036 1276 5090 GALL.

379 5107 489 5174 (94)
531 5111 593 5159 Οἱ
621 5107 900 5176 συνεχεῖς
930 5106 1144 5175 λοιμοι.
1169 5105 1287 5160 Jam
1317 5104 1440 5159 inde
1472 5117 1519 5176 a‘i
1537 5106 1870 5176 temporibus

306 5177 448 5231 Galli
470 5185 524 5230 et
556 5175 862 5243 Volusiani,
893 5178 1008 5231 lues
1043 5187 1211 5230 totum
1261 5191 1398 5244 pene
1446 5175 1630 5229 orbem
1667 5175 1868 5230 Roma-

306 5263 439 5303 num
471 5249 724 5304 vastavit.
777 5247 938 5302 Certe
985 5245 1277 5315 Eutropius
1320 5246 1684 5315 principatum
1731 5246 1868 5300 Galli

303 5325 362 5371 et
410 5315 709 5386 Volusiani,
756 5319 871 5372 sola
913 5318 1452 5386 pestilentiainotum
1499 5315 1668 5386 fuisse
1715 5317 1865 5383 dicit,

302 5385 469 5439 Addit
497 5387 752 5440 Aurelius
785 5385 990 5453 Victor,
1023 5386 1175 5440 Gallo
1202 5385 1602 5455 Volusianoque
1633 5385 1869 5438 favorem

303 5472 375 5512 ex
398 5470 465 5509 eo
497 5458 785 5524 quaesitum
825 5457 1026 5518 fuisse,
1059 5455 1204 5524 quod
1257 5455 1558 5509 tenuissimi
1607 5457 1871 5524 cujusque

306 5523 600 5594 exsequias
630 5527 859 5580 sollicite
897 5523 1254 5579 curavissent.
1296 5524 1370 5578 De
1411 5525 1512 5579 hac
1546 5534 1696 5594 peste
1746 5523 1872 5578 Hie-

306 5611 574 5665 ronymus
607 5595 661 5648 in
703 5596 956 5649 Chronico
993 5597 1066 5648 ita
1113 5595 1302 5648 scribit
1343 5610 1486 5648 anno
1529 5595 1701 5663 primo
1738 5594 1868 5663 imp.

307 5664 447 5719 Galli
480 5683 492 5716 :
534 5665 786 5721 Pasti/ens
817 5666 1026 5717 morbus
1057 5665 1250 5716 multas
1286 5666 1444 5716 totius
1487 5665 1626 5718 urbis
1658 5665 1868 5731 provin-

309 5737 425 5788 cias
469 5741 758 5805 occupavit,
811 5737 1132 5808 maximeque
1180 5732 1554 5788 Alexandriam
1595 5742 1643 5788 et
1695 5733 1868 5810 z’Egy-

1965 4631 2145 4692 ptum;
2168 4628 2224 4672 ut
2245 4617 2424 4692 scribit
2448 4611 3085 4692 DionysiusLerGypi-iani
3108 4615 3182 4668 De
3200 4613 3530 4692 mortalitate

1969 4685 2113 4744 testis
2161 4699 2238 4742 est
2299 4689 2448 4740 liber.
2489 4686 2681 4740 Postea
2735 4685 2962 4739 Gallieni
3020 4685 3356 4753 temporibus
3411 4685 3528 4737 lues

1968 4763 2163 4816 iterum
2213 4765 2458 4827 grassata
2506 4766 2597 4827 est
2641 4754 2826 4827 Romae
2889 4765 2943 4809 et
2987 4755 3039 4827 in
3080 4755 3415 4827 provinciis,
3468 4762 3528 4806 ut

1968 4830 2160 4952 scribit
2215 4822 2401 4882 'Pollio
2451 4827 2506 4879 in
2560 4824 2846 4890 Gallieno,
2905 4834 2958 4879 et
3005 4824 3258 4878 Aurelius
3321 4822 3523 4880 Victor.

2019 4915 2166 4952 ALES.

2019 4915 2166 4953 ALES.

2039 4969 2153 5037 (95)
2195 4964 2627 5035 Ὠμοτέροντας.
2665 4963 3001 5018 Alexandriae
3035 4961 3405 5037 ὠμογέροντες
3439 4961 3526 5015 di-

1966 5033 2311 5094 cebautur‘a
2338 5033 2761 5104 quadragesimo
2801 5051 2944 5086 anno
2985 5049 3155 5102 usque
3195 5033 3261 5086 ad
3308 5042 3525 5100 septua-

1971 5108 2258 5178 gesimum.
2293 5105 2490 5158 Eorum
2542 5105 2760 5178 nomina
2805 5105 2856 5156 in
2885 5104 3006 5178 albo
3044 5105 3326 5171 descripta.
3349 5111 3524 5166 erant,

1971 5174 2034 5248 eo
2071 5179 2214 5248 quod
2238 5190 2507 5248 annonam
2543 5176 2808 5242 publicam
2841 5174 3165 5248 acciperent,
3198 5183 3259 5248 ut
3297 5181 3526 5248 testatur

1972 5243 2284 5318 Dionysius.
2325 5244 2440 5318 ΠίεΔ
2467 5253 2732 5318 pra-crant
2775 5244 3194 5318 archigerniLtes,
3230 5243 3295 5318 de
3325 5243 3527 5318 quibus

1973 5321 2032 5371 fit
2078 5311 2282 5371 mentio
2330 5316 2382 5368 in
2429 5311 2543 5383 lege
2601 5313 3026 5383 primadeodicis
3069 5311 3428 5365 Theodosiani
3460 5315 3528 5366 de

1971 5387 2349 5440 Alexandrina:
2386 5381 2557 5454 plebis
2591 5381 3101 5454 primatibusziluc
3135 5383 3295 5435 etiam
3334 5383 3524 5436 referri

1972 5465 2166 5524 potest,
2201 5455 2343 5522 quod
2386 5449 2906 5524 'seribit’Gregurius
2930 5449 3060 5505 Naz.
3094 5453 3144 5506 in
3173 5454 3412 5506 oratione
3433 5454 3525 5518 2|,

1971 5522 2038 5578 ile
2082 5534 2269 5577 sancto
2309 5522 2633 5592 Athanasio,
2670 5522 3062 5592 Alexandrinos
3129 5539 3220 5592 per
3266 5539 3427 5579 sexus
3471 5531 3529 5578 ct

1972 5601 2156 5664 aetates
2187 5602 2242 5664 et
2294 5603 2436 5664 artes
2480 5591 2686 5664 solitos
2721 5606 2841 5644 esse
2876 5591 3148 5664 distribui,
3183 5596 3394 5664 quoties
3422 5594 3526 5648 ali-

1971 5662 2061 5719 cui
2085 5663 2297 5716 obviam
2331 5663 2469 5715 irent
2498 5659 2721 5714 honoris
2747 5677 2933 5714 causa.
2963 5661 3040 5717 In.

2044 5731 2153 5805 (96)
2197 5732 2290 5785 Ἐκ
2326 5730 2432 5801 τῆς
2467 5729 2513 5782 6'
2550 5729 2935 5800 ἑορτπτικῆς
2974 5731 3317 5802 ἐπιστολῆς.
3357 5735 3528 5792 Euse-v
