  <div class='ocr_page' id='page_1' title='image "/cluster/home/n/w/nwhite01/storage/ocr_20150623/10/hvd.32044073501330/692.png"; bbox 0 0 1965 3432; ppageno 0'>
   <div class='ocr_carea' id='block_1_1' title="bbox 70 136 138 164">
    <p class='ocr_par' dir='ltr' id='par_1_1' title="bbox 70 136 138 164">
     <span class='ocr_line' id='line_1_1' title="bbox 70 136 138 164; baseline 0.015 -1"><span class='ocrx_word' id='word_1_1' title='bbox 70 136 138 164; x_wconf 67' lang='grc'><strong>1345</strong></span> 
     </span>
    </p>
   </div>
   <div class='ocr_carea' id='block_1_2' title="bbox 658 134 1104 164">
    <p class='ocr_par' dir='ltr' id='par_1_2' title="bbox 658 134 1104 164">
     <span class='ocr_line' id='line_1_2' title="bbox 658 134 1104 164; baseline 0 0"><span class='ocrx_word' id='word_1_2' title='bbox 658 135 797 164; x_wconf 82' lang='lat' dir='ltr'><strong>NOTITIA</strong></span> <span class='ocrx_word' id='word_1_3' title='bbox 816 135 860 163; x_wconf 82' lang='grc' dir='ltr'><strong>ΕΤ</strong></span> <span class='ocrx_word' id='word_1_4' title='bbox 880 134 1104 164; x_wconf 77' lang='lat' dir='ltr'><strong>FRAGMENTA.</strong></span> 
     </span>
    </p>
   </div>
   <div class='ocr_carea' id='block_1_3' title="bbox 1623 140 1693 169">
    <p class='ocr_par' dir='ltr' id='par_1_3' title="bbox 1623 140 1693 169">
     <span class='ocr_line' id='line_1_3' title="bbox 1623 140 1693 169; baseline 0.029 -2"><span class='ocrx_word' id='word_1_5' title='bbox 1623 140 1693 169; x_wconf 68' lang='grc'><strong>1546</strong></span> 
     </span>
    </p>
   </div>
   <div class='ocr_carea' id='block_1_4' title="bbox 65 195 1692 233">
    <p class='ocr_par' dir='ltr' id='par_1_4' title="bbox 65 195 1692 233">
     <span class='ocr_line' id='line_1_4' title="bbox 65 195 1692 233; baseline 0.001 -9"><span class='ocrx_word' id='word_1_6' title='bbox 65 197 133 224; x_wconf 87' lang='lat' dir='ltr'><strong>mihi</strong></span> <span class='ocrx_word' id='word_1_7' title='bbox 147 203 204 231; x_wconf 70' lang='lat' dir='ltr'><strong>pum</strong></span> <span class='ocrx_word' id='word_1_8' title='bbox 215 198 320 225; x_wconf 76' lang='lat' dir='ltr'><strong>ca-teris</strong></span> <span class='ocrx_word' id='word_1_9' title='bbox 330 198 536 232; x_wconf 76' lang='lat' dir='ltr'><strong>suppeditarunt</strong></span> <span class='ocrx_word' id='word_1_10' title='bbox 546 197 764 233; x_wconf 66' lang='lat' dir='ltr'><strong>locupletissima:</strong></span> <span class='ocrx_word' id='word_1_11' title='bbox 776 197 851 225; x_wconf 87' lang='lat' dir='ltr'><strong>orbis</strong></span> <span class='ocrx_word' id='word_1_12' title='bbox 865 200 889 227; x_wconf 77' lang='grc' dir='ltr'>Α</span> <span class='ocrx_word' id='word_1_13' title='bbox 907 196 1037 223; x_wconf 85' lang='lat' dir='ltr'><strong>Turriano</strong></span> <span class='ocrx_word' id='word_1_14' title='bbox 1052 195 1250 230; x_wconf 81' lang='lat' dir='ltr'><strong>vapulantibus,</strong></span> <span class='ocrx_word' id='word_1_15' title='bbox 1270 200 1298 224; x_wconf 84' lang='lat' dir='ltr'><strong>et.</strong></span> <span class='ocrx_word' id='word_1_16' title='bbox 1313 195 1422 230; x_wconf 80' lang='lat' dir='ltr'><strong>quidem</strong></span> <span class='ocrx_word' id='word_1_17' title='bbox 1443 196 1472 224; x_wconf 94' lang='lat' dir='ltr'><strong>in</strong></span> <span class='ocrx_word' id='word_1_18' title='bbox 1489 195 1692 232; x_wconf 86' lang='lat' dir='ltr'><strong>Prolegomeuis</strong></span> 
     </span>
    </p>
   </div>
   <div class='ocr_carea' id='block_1_5' title="bbox 64 241 851 277">
    <p class='ocr_par' dir='ltr' id='par_1_5' title="bbox 64 241 851 277">
     <span class='ocr_line' id='line_1_5' title="bbox 64 241 851 277; baseline 0.003 -9"><span class='ocrx_word' id='word_1_19' title='bbox 64 241 165 269; x_wconf 87' lang='lat' dir='ltr'><strong>eruditi</strong></span> <span class='ocrx_word' id='word_1_20' title='bbox 177 242 347 270; x_wconf 66' lang='lat' dir='ltr'><strong>bibliotheca:</strong></span> <span class='ocrx_word' id='word_1_21' title='bbox 360 242 440 277; x_wconf 82' lang='lat' dir='ltr'><strong>Regia</strong></span> <span class='ocrx_word' id='word_1_22' title='bbox 454 242 627 276; x_wconf 87' lang='lat' dir='ltr'><strong>Parisiensis,</strong></span> <span class='ocrx_word' id='word_1_23' title='bbox 639 242 808 276; x_wconf 85' lang='lat' dir='ltr'><strong>Colbertina,</strong></span> <span class='ocrx_word' id='word_1_24' title='bbox 822 247 851 270; x_wconf 87' lang='lat' dir='ltr'><strong>et</strong></span> 
     </span>
    </p>
   </div>
   <div class='ocr_carea' id='block_1_6' title="bbox 64 290 851 326">
    <p class='ocr_par' dir='ltr' id='par_1_6' title="bbox 64 290 851 326">
     <span class='ocr_line' id='line_1_6' title="bbox 64 290 851 326; baseline 0 -8"><span class='ocrx_word' id='word_1_25' title='bbox 64 290 234 318; x_wconf 84' lang='lat' dir='ltr'><strong>Coisliniana</strong></span> <span class='ocrx_word' id='word_1_26' title='bbox 256 290 512 326; x_wconf 86' lang='lat' dir='ltr'><strong>Sangermanensis)</strong></span> <span class='ocrx_word' id='word_1_27' title='bbox 527 311 535 324; x_wconf 95' lang='lat'><strong>,</strong></span> <span class='ocrx_word' id='word_1_28' title='bbox 555 298 664 319; x_wconf 85' lang='lat' dir='ltr'><strong>summo</strong></span> <span class='ocrx_word' id='word_1_29' title='bbox 690 291 780 319; x_wconf 90' lang='lat' dir='ltr'><strong>studio</strong></span> <span class='ocrx_word' id='word_1_30' title='bbox 803 292 851 318; x_wconf 87' lang='lat' dir='ltr'><strong>de-</strong></span> 
     </span>
    </p>
   </div>
   <div class='ocr_carea' id='block_1_7' title="bbox 64 336 850 371">
    <p class='ocr_par' dir='ltr' id='par_1_7' title="bbox 64 336 850 371">
     <span class='ocr_line' id='line_1_7' title="bbox 64 336 850 371; baseline 0.001 -9"><span class='ocrx_word' id='word_1_31' title='bbox 64 341 202 371; x_wconf 87' lang='lat' dir='ltr'><strong>prompta,</strong></span> <span class='ocrx_word' id='word_1_32' title='bbox 218 341 245 363; x_wconf 92' lang='lat' dir='ltr'><strong>et</strong></span> <span class='ocrx_word' id='word_1_33' title='bbox 256 336 283 363; x_wconf 91' lang='lat' dir='ltr'><strong>in</strong></span> <span class='ocrx_word' id='word_1_34' title='bbox 298 344 384 363; x_wconf 93' lang='lat' dir='ltr'><strong>unum</strong></span> <span class='ocrx_word' id='word_1_35' title='bbox 403 336 515 364; x_wconf 87' lang='lat' dir='ltr'><strong>collecta</strong></span> <span class='ocrx_word' id='word_1_36' title='bbox 540 344 731 371; x_wconf 90' lang='lat' dir='ltr'><strong>proponerem.</strong></span> <span class='ocrx_word' id='word_1_37' title='bbox 746 336 850 364; x_wconf 82' lang='lat' dir='ltr'><strong>Claris-</strong></span> 
     </span>
    </p>
   </div>
   <div class='ocr_carea' id='block_1_8' title="bbox 64 382 851 417">
    <p class='ocr_par' dir='ltr' id='par_1_8' title="bbox 64 382 851 417">
     <span class='ocr_line' id='line_1_8' title="bbox 64 382 851 417; baseline 0 -7"><span class='ocrx_word' id='word_1_38' title='bbox 64 382 127 410; x_wconf 86' lang='lat' dir='ltr'><strong>simi</strong></span> <span class='ocrx_word' id='word_1_39' title='bbox 141 390 204 409; x_wconf 87' lang='lat' dir='ltr'><strong>vero</strong></span> <span class='ocrx_word' id='word_1_40' title='bbox 215 387 296 417; x_wconf 88' lang='lat' dir='ltr'><strong>atque</strong></span> <span class='ocrx_word' id='word_1_41' title='bbox 314 382 348 410; x_wconf 88' lang='lat' dir='ltr'><strong>de</strong></span> <span class='ocrx_word' id='word_1_42' title='bbox 364 382 525 417; x_wconf 85' lang='lat' dir='ltr'><strong>antiquitate</strong></span> <span class='ocrx_word' id='word_1_43' title='bbox 536 383 668 410; x_wconf 87' lang='lat' dir='ltr'><strong>litteraria</strong></span> <span class='ocrx_word' id='word_1_44' title='bbox 681 387 708 410; x_wconf 90' lang='lat' dir='ltr'><strong>et</strong></span> <span class='ocrx_word' id='word_1_45' title='bbox 723 383 851 410; x_wconf 88' lang='lat' dir='ltr'><strong>ecclesia-</strong></span> 
     </span>
    </p>
   </div>
   <div class='ocr_carea' id='block_1_9' title="bbox 63 426 851 463">
    <p class='ocr_par' dir='ltr' id='par_1_9' title="bbox 63 426 851 463">
     <span class='ocr_line' id='line_1_9' title="bbox 63 426 851 463; baseline 0 -8"><span class='ocrx_word' id='word_1_46' title='bbox 63 428 134 456; x_wconf 76' lang='lat' dir='ltr'><strong>stica</strong></span> <span class='ocrx_word' id='word_1_47' title='bbox 146 427 313 455; x_wconf 90' lang='lat' dir='ltr'><strong>meritissimi</strong></span> <span class='ocrx_word' id='word_1_48' title='bbox 328 426 441 455; x_wconf 81' lang='lat' dir='ltr'><strong>Joannis</strong></span> <span class='ocrx_word' id='word_1_49' title='bbox 456 427 582 461; x_wconf 79' lang='lat' dir='ltr'><strong>Boivinii,</strong></span> <span class='ocrx_word' id='word_1_50' title='bbox 593 428 640 463; x_wconf 87' lang='lat' dir='ltr'><strong>qui</strong></span> <span class='ocrx_word' id='word_1_51' title='bbox 656 427 745 463; x_wconf 66' lang='lat' dir='ltr'><strong>Regia:</strong></span> <span class='ocrx_word' id='word_1_52' title='bbox 758 436 851 455; x_wconf 89' lang='lat' dir='ltr'><strong>manu-</strong></span> 
     </span>
    </p>
   </div>
   <div class='ocr_carea' id='block_1_10' title="bbox 63 474 849 510">
    <p class='ocr_par' dir='ltr' id='par_1_10' title="bbox 63 474 849 510">
     <span class='ocr_line' id='line_1_10' title="bbox 63 474 849 510; baseline 0 -8"><span class='ocrx_word' id='word_1_53' title='bbox 63 475 228 510; x_wconf 83' lang='lat' dir='ltr'><strong>scriptorum</strong></span> <span class='ocrx_word' id='word_1_54' title='bbox 240 474 363 502; x_wconf 87' lang='lat' dir='ltr'><strong>codicum</strong></span> <span class='ocrx_word' id='word_1_55' title='bbox 375 474 544 502; x_wconf 61' lang='lat' dir='ltr'><strong>bibliothecae</strong></span> <span class='ocrx_word' id='word_1_56' title='bbox 558 482 618 510; x_wconf 75' lang='lat' dir='ltr'><strong>qua:</strong></span> <span class='ocrx_word' id='word_1_57' title='bbox 630 474 743 503; x_wconf 82' lang='lat' dir='ltr'><strong>Lutetiae</strong></span> <span class='ocrx_word' id='word_1_58' title='bbox 759 482 849 502; x_wconf 81' lang='lat' dir='ltr'><strong>asser-</strong></span> 
     </span>
    </p>
   </div>
   <div class='ocr_carea' id='block_1_11' title="bbox 63 519 851 555">
    <p class='ocr_par' dir='ltr' id='par_1_11' title="bbox 63 519 851 555">
     <span class='ocr_line' id='line_1_11' title="bbox 63 519 851 555; baseline 0 -9"><span class='ocrx_word' id='word_1_59' title='bbox 63 524 155 552; x_wconf 85' lang='lat' dir='ltr'><strong>vatur,</strong></span> <span class='ocrx_word' id='word_1_60' title='bbox 171 527 266 547; x_wconf 87' lang='lat' dir='ltr'><strong>curam</strong></span> <span class='ocrx_word' id='word_1_61' title='bbox 278 526 377 554; x_wconf 81' lang='lat' dir='ltr'><strong>magna</strong></span> <span class='ocrx_word' id='word_1_62' title='bbox 392 527 454 546; x_wconf 91' lang='lat' dir='ltr'><strong>cum</strong></span> <span class='ocrx_word' id='word_1_63' title='bbox 468 519 547 546; x_wconf 87' lang='lat' dir='ltr'><strong>laude</strong></span> <span class='ocrx_word' id='word_1_64' title='bbox 561 520 626 546; x_wconf 93' lang='lat' dir='ltr'><strong>olim</strong></span> <span class='ocrx_word' id='word_1_65' title='bbox 640 520 733 555; x_wconf 89' lang='lat' dir='ltr'><strong>gessit,</strong></span> <span class='ocrx_word' id='word_1_66' title='bbox 748 520 851 554; x_wconf 83' lang='lat' dir='ltr'><strong>dignis—</strong></span> 
     </span>
    </p>
   </div>
   <div class='ocr_carea' id='block_1_12' title="bbox 63 566 848 601">
    <p class='ocr_par' dir='ltr' id='par_1_12' title="bbox 63 566 848 601">
     <span class='ocr_line' id='line_1_12' title="bbox 63 566 848 601; baseline 0 -7"><span class='ocrx_word' id='word_1_67' title='bbox 63 566 149 594; x_wconf 77' lang='lat' dir='ltr'><strong>simas</strong></span> <span class='ocrx_word' id='word_1_68' title='bbox 170 566 215 593; x_wconf 87' lang='lat' dir='ltr'><strong>hic</strong></span> <span class='ocrx_word' id='word_1_69' title='bbox 244 573 297 593; x_wconf 94' lang='lat' dir='ltr'><strong>non</strong></span> <span class='ocrx_word' id='word_1_70' title='bbox 320 573 431 601; x_wconf 86' lang='lat' dir='ltr'><strong>possum</strong></span> <span class='ocrx_word' id='word_1_71' title='bbox 462 574 515 593; x_wconf 93' lang='lat' dir='ltr'><strong>non</strong></span> <span class='ocrx_word' id='word_1_72' title='bbox 541 566 723 601; x_wconf 74' lang='lat' dir='ltr'><strong>depriedicare</strong></span> <span class='ocrx_word' id='word_1_73' title='bbox 736 567 848 599; x_wconf 83' lang='lat' dir='ltr'><strong>laudes;</strong></span> 
     </span>
    </p>
   </div>
   <div class='ocr_carea' id='block_1_13' title="bbox 63 611 849 647">
    <p class='ocr_par' dir='ltr' id='par_1_13' title="bbox 63 611 849 647">
     <span class='ocr_line' id='line_1_13' title="bbox 63 611 849 647; baseline 0.003 -9"><span class='ocrx_word' id='word_1_74' title='bbox 63 619 127 639; x_wconf 87' lang='lat' dir='ltr'><strong>cum</strong></span> <span class='ocrx_word' id='word_1_75' title='bbox 147 611 206 646; x_wconf 87' lang='lat' dir='ltr'><strong>ejus</strong></span> <span class='ocrx_word' id='word_1_76' title='bbox 218 611 348 647; x_wconf 79' lang='lat' dir='ltr'><strong>singulari</strong></span> <span class='ocrx_word' id='word_1_77' title='bbox 369 612 502 639; x_wconf 87' lang='lat' dir='ltr'><strong>beneflcio</strong></span> <span class='ocrx_word' id='word_1_78' title='bbox 528 612 639 646; x_wconf 85' lang='lat' dir='ltr'><strong>adjutus</strong></span> <span class='ocrx_word' id='word_1_79' title='bbox 661 621 715 640; x_wconf 89' lang='lat' dir='ltr'><strong>non</strong></span> <span class='ocrx_word' id='word_1_80' title='bbox 742 612 849 640; x_wconf 82' lang='lat' dir='ltr'><strong>facilem</strong></span> 
     </span>
    </p>
   </div>
   <div class='ocr_carea' id='block_1_14' title="bbox 63 659 850 696">
    <p class='ocr_par' dir='ltr' id='par_1_14' title="bbox 63 659 850 696">
     <span class='ocr_line' id='line_1_14' title="bbox 63 659 850 696; baseline 0.004 -11"><span class='ocrx_word' id='word_1_81' title='bbox 63 663 169 686; x_wconf 87' lang='lat' dir='ltr'><strong>tantum</strong></span> <span class='ocrx_word' id='word_1_82' title='bbox 184 659 217 686; x_wconf 89' lang='lat' dir='ltr'><strong>ad</strong></span> <span class='ocrx_word' id='word_1_83' title='bbox 229 659 449 694; x_wconf 83' lang='lat' dir='ltr'><strong>iucomparabilis</strong></span> <span class='ocrx_word' id='word_1_84' title='bbox 462 667 576 694; x_wconf 85' lang='lat' dir='ltr'><strong>vereque</strong></span> <span class='ocrx_word' id='word_1_85' title='bbox 588 661 669 696; x_wconf 69' lang='lat' dir='ltr'><strong>regite</strong></span> <span class='ocrx_word' id='word_1_86' title='bbox 691 661 764 688; x_wconf 87' lang='lat' dir='ltr'><strong>illius</strong></span> <span class='ocrx_word' id='word_1_87' title='bbox 777 669 850 696; x_wconf 66' lang='lat' dir='ltr'><strong>gazae</strong></span> 
     </span>
    </p>
   </div>
   <div class='ocr_carea' id='block_1_15' title="bbox 62 704 847 742">
    <p class='ocr_par' dir='ltr' id='par_1_15' title="bbox 62 704 847 742">
     <span class='ocr_line' id='line_1_15' title="bbox 62 704 847 742; baseline 0.005 -11"><span class='ocrx_word' id='word_1_88' title='bbox 62 704 144 740; x_wconf 72' lang='lat' dir='ltr'><strong>adyta</strong></span> <span class='ocrx_word' id='word_1_89' title='bbox 160 709 256 732; x_wconf 87' lang='lat' dir='ltr'><strong>nactus</strong></span> <span class='ocrx_word' id='word_1_90' title='bbox 273 705 324 732; x_wconf 94' lang='lat' dir='ltr'><strong>sim</strong></span> <span class='ocrx_word' id='word_1_91' title='bbox 345 705 459 737; x_wconf 80' lang='lat' dir='ltr'><strong>aditum,</strong></span> <span class='ocrx_word' id='word_1_92' title='bbox 485 712 580 732; x_wconf 89' lang='lat' dir='ltr'><strong>verum</strong></span> <span class='ocrx_word' id='word_1_93' title='bbox 604 711 632 733; x_wconf 89' lang='lat' dir='ltr'><strong>et</strong></span> <span class='ocrx_word' id='word_1_94' title='bbox 657 707 715 741; x_wconf 85' lang='lat' dir='ltr'><strong>ipse</strong></span> <span class='ocrx_word' id='word_1_95' title='bbox 739 715 788 742; x_wconf 89' lang='lat' dir='ltr'><strong>pro</strong></span> <span class='ocrx_word' id='word_1_96' title='bbox 805 715 847 739; x_wconf 88' lang='lat' dir='ltr'><strong>ea,</strong></span> 
     </span>
    </p>
   </div>
   <div class='ocr_carea' id='block_1_16' title="bbox 62 750 847 787">
    <p class='ocr_par' dir='ltr' id='par_1_16' title="bbox 62 750 847 787">
     <span class='ocr_line' id='line_1_16' title="bbox 62 750 847 787; baseline 0.005 -11"><span class='ocrx_word' id='word_1_97' title='bbox 62 757 118 784; x_wconf 88' lang='lat' dir='ltr'><strong>qua</strong></span> <span class='ocrx_word' id='word_1_98' title='bbox 140 750 294 784; x_wconf 63' lang='lat' dir='ltr'><strong>praestabat,</strong></span> <span class='ocrx_word' id='word_1_99' title='bbox 311 750 478 778; x_wconf 78' lang='lat' dir='ltr'><strong>humanitate</strong></span> <span class='ocrx_word' id='word_1_100' title='bbox 496 751 635 779; x_wconf 82' lang='lat' dir='ltr'><strong>rarissima</strong></span> <span class='ocrx_word' id='word_1_101' title='bbox 648 773 655 785; x_wconf 90' lang='lat'><strong>,</strong></span> <span class='ocrx_word' id='word_1_102' title='bbox 671 760 732 787; x_wconf 64' lang='lat' dir='ltr'><strong>quae</strong></span> <span class='ocrx_word' id='word_1_103' title='bbox 748 753 847 780; x_wconf 88' lang='lat' dir='ltr'><strong>ibidem</strong></span> 
     </span>
    </p>
   </div>
   <div class='ocr_carea' id='block_1_17' title="bbox 62 796 849 831">
    <p class='ocr_par' dir='ltr' id='par_1_17' title="bbox 62 796 849 831">
     <span class='ocr_line' id='line_1_17' title="bbox 62 796 849 831; baseline 0.005 -8"><span class='ocrx_word' id='word_1_104' title='bbox 62 796 267 829; x_wconf 84' lang='lat' dir='ltr'><strong>delitescebant,</strong></span> <span class='ocrx_word' id='word_1_105' title='bbox 284 796 440 831; x_wconf 88' lang='lat' dir='ltr'><strong>frequenter</strong></span> <span class='ocrx_word' id='word_1_106' title='bbox 454 796 521 824; x_wconf 91' lang='lat' dir='ltr'><strong>mihi</strong></span> <span class='ocrx_word' id='word_1_107' title='bbox 538 799 768 827; x_wconf 88' lang='lat' dir='ltr'><strong>commendaverit</strong></span> <span class='ocrx_word' id='word_1_108' title='bbox 781 800 849 827; x_wconf 90' lang='lat' dir='ltr'><strong>scri-</strong></span> 
     </span>
    </p>
   </div>
   <div class='ocr_carea' id='block_1_18' title="bbox 62 843 849 878">
    <p class='ocr_par' dir='ltr' id='par_1_18' title="bbox 62 843 849 878">
     <span class='ocr_line' id='line_1_18' title="bbox 62 843 849 878; baseline 0.004 -8"><span class='ocrx_word' id='word_1_109' title='bbox 62 846 245 878; x_wconf 80' lang='lat' dir='ltr'><strong>pta,suasque</strong></span> <span class='ocrx_word' id='word_1_110' title='bbox 252 843 391 878; x_wconf 73' lang='lat' dir='ltr'><strong>specialia:</strong></span> <span class='ocrx_word' id='word_1_111' title='bbox 400 844 614 877; x_wconf 88' lang='lat' dir='ltr'><strong>observationes,</strong></span> <span class='ocrx_word' id='word_1_112' title='bbox 624 845 651 872; x_wconf 94' lang='lat' dir='ltr'><strong>in</strong></span> <span class='ocrx_word' id='word_1_113' title='bbox 666 845 775 873; x_wconf 84' lang='lat' dir='ltr'><strong>Macarii</strong></span> <span class='ocrx_word' id='word_1_114' title='bbox 792 845 849 873; x_wconf 84' lang='lat' dir='ltr'><strong>Ma-</strong></span> 
     </span>
    </p>
   </div>
   <div class='ocr_carea' id='block_1_19' title="bbox 61 888 847 924">
    <p class='ocr_par' dir='ltr' id='par_1_19' title="bbox 61 888 847 924">
     <span class='ocr_line' id='line_1_19' title="bbox 61 888 847 924; baseline 0.004 -9"><span class='ocrx_word' id='word_1_115' title='bbox 61 889 149 923; x_wconf 81' lang='lat' dir='ltr'><strong>gnetis</strong></span> <span class='ocrx_word' id='word_1_116' title='bbox 161 889 309 924; x_wconf 83' lang='lat' dir='ltr'><strong>fragmenta</strong></span> <span class='ocrx_word' id='word_1_117' title='bbox 315 888 376 916; x_wconf 88' lang='lat' dir='ltr'><strong>data</strong></span> <span class='ocrx_word' id='word_1_118' title='bbox 383 897 466 924; x_wconf 88' lang='lat' dir='ltr'><strong>opera</strong></span> <span class='ocrx_word' id='word_1_119' title='bbox 475 890 598 923; x_wconf 86' lang='lat' dir='ltr'><strong>collatas,</strong></span> <span class='ocrx_word' id='word_1_120' title='bbox 605 891 733 918; x_wconf 87' lang='lat' dir='ltr'><strong>benevole</strong></span> <span class='ocrx_word' id='word_1_121' title='bbox 742 898 847 919; x_wconf 92' lang='lat' dir='ltr'><strong>mecum</strong></span> 
     </span>
    </p>
   </div>
   <div class='ocr_carea' id='block_1_20' title="bbox 61 935 848 972">
    <p class='ocr_par' dir='ltr' id='par_1_20' title="bbox 61 935 848 972">
     <span class='ocr_line' id='line_1_20' title="bbox 61 935 848 972; baseline 0.004 -10"><span class='ocrx_word' id='word_1_122' title='bbox 61 936 263 963; x_wconf 86' lang='lat' dir='ltr'><strong>communicare</strong></span> <span class='ocrx_word' id='word_1_123' title='bbox 274 935 345 963; x_wconf 88' lang='lat' dir='ltr'><strong>haud</strong></span> <span class='ocrx_word' id='word_1_124' title='bbox 359 936 563 964; x_wconf 90' lang='lat' dir='ltr'><strong>detrectaverit:</strong></span> <span class='ocrx_word' id='word_1_125' title='bbox 576 944 609 964; x_wconf 76' lang='lat' dir='ltr'><strong>ex</strong></span> <span class='ocrx_word' id='word_1_126' title='bbox 622 937 721 972; x_wconf 82' lang='lat' dir='ltr'><strong>quibus</strong></span> <span class='ocrx_word' id='word_1_127' title='bbox 735 938 848 972; x_wconf 86' lang='lat' dir='ltr'><strong>proinde</strong></span> 
     </span>
    </p>
   </div>
   <div class='ocr_carea' id='block_1_21' title="bbox 62 981 847 1018">
    <p class='ocr_par' dir='ltr' id='par_1_21' title="bbox 62 981 847 1018">
     <span class='ocr_line' id='line_1_21' title="bbox 62 981 847 1018; baseline 0.004 -9"><span class='ocrx_word' id='word_1_128' title='bbox 62 990 104 1009; x_wconf 92' lang='lat' dir='ltr'><strong>me</strong></span> <span class='ocrx_word' id='word_1_129' title='bbox 118 982 188 1009; x_wconf 83' lang='lat' dir='ltr'><strong>haud</strong></span> <span class='ocrx_word' id='word_1_130' title='bbox 210 989 304 1017; x_wconf 90' lang='lat' dir='ltr'><strong>parum</strong></span> <span class='ocrx_word' id='word_1_131' title='bbox 320 981 469 1017; x_wconf 84' lang='lat' dir='ltr'><strong>profecisse</strong></span> <span class='ocrx_word' id='word_1_132' title='bbox 480 1003 488 1015; x_wconf 93' lang='lat'><strong>,</strong></span> <span class='ocrx_word' id='word_1_133' title='bbox 505 982 680 1018; x_wconf 83' lang='lat' dir='ltr'><strong>fontibusque</strong></span> <span class='ocrx_word' id='word_1_134' title='bbox 693 984 729 1011; x_wconf 90' lang='lat' dir='ltr'><strong>ab</strong></span> <span class='ocrx_word' id='word_1_135' title='bbox 752 984 847 1012; x_wconf 89' lang='lat' dir='ltr'><strong>eodem</strong></span> 
     </span>
    </p>
   </div>
   <div class='ocr_carea' id='block_1_22' title="bbox 60 1027 847 1064">
    <p class='ocr_par' dir='ltr' id='par_1_22' title="bbox 60 1027 847 1064">
     <span class='ocr_line' id='line_1_22' title="bbox 60 1027 847 1064; baseline 0.005 -10"><span class='ocrx_word' id='word_1_136' title='bbox 60 1027 187 1055; x_wconf 82' lang='lat' dir='ltr'><strong>indicatis</strong></span> <span class='ocrx_word' id='word_1_137' title='bbox 200 1028 312 1055; x_wconf 85' lang='lat' dir='ltr'><strong>ulterius</strong></span> <span class='ocrx_word' id='word_1_138' title='bbox 335 1028 497 1061; x_wconf 65' lang='lat' dir='ltr'><strong>inhaesisse,</strong></span> <span class='ocrx_word' id='word_1_139' title='bbox 523 1029 638 1064; x_wconf 81' lang='lat' dir='ltr'><strong>ingenue</strong></span> <span class='ocrx_word' id='word_1_140' title='bbox 655 1030 793 1064; x_wconf 84' lang='lat' dir='ltr'><strong>profiteor.</strong></span> <span class='ocrx_word' id='word_1_141' title='bbox 818 1030 847 1059; x_wconf 87' lang='lat' dir='ltr'><strong>In</strong></span> 
     </span>
    </p>
   </div>
   <div class='ocr_carea' id='block_1_23' title="bbox 60 1074 848 1112">
    <p class='ocr_par' dir='ltr' id='par_1_23' title="bbox 60 1074 848 1112">
     <span class='ocr_line' id='line_1_23' title="bbox 60 1074 848 1112; baseline 0.006 -11"><span class='ocrx_word' id='word_1_142' title='bbox 60 1074 140 1102; x_wconf 88' lang='lat' dir='ltr'><strong>binas</strong></span> <span class='ocrx_word' id='word_1_143' title='bbox 159 1078 248 1102; x_wconf 90' lang='lat' dir='ltr'><strong>autem</strong></span> <span class='ocrx_word' id='word_1_144' title='bbox 262 1078 353 1109; x_wconf 83' lang='lat' dir='ltr'><strong>partes</strong></span> <span class='ocrx_word' id='word_1_145' title='bbox 374 1079 458 1103; x_wconf 85' lang='lat' dir='ltr'><strong>totam</strong></span> <span class='ocrx_word' id='word_1_146' title='bbox 483 1076 672 1104; x_wconf 79' lang='lat' dir='ltr'><strong>tractationem</strong></span> <span class='ocrx_word' id='word_1_147' title='bbox 693 1077 848 1112; x_wconf 82' lang='lat' dir='ltr'><strong>dispescere</strong></span> 
     </span>
    </p>
   </div>
   <div class='ocr_carea' id='block_1_24' title="bbox 58 1121 847 1158">
    <p class='ocr_par' dir='ltr' id='par_1_24' title="bbox 58 1121 847 1158">
     <span class='ocr_line' id='line_1_24' title="bbox 58 1121 847 1158; baseline 0.004 -10"><span class='ocrx_word' id='word_1_148' title='bbox 58 1121 135 1156; x_wconf 85' lang='lat' dir='ltr'><strong>jubet</strong></span> <span class='ocrx_word' id='word_1_149' title='bbox 150 1126 206 1148; x_wconf 90' lang='lat' dir='ltr'><strong>tum</strong></span> <span class='ocrx_word' id='word_1_150' title='bbox 222 1122 285 1149; x_wconf 89' lang='lat' dir='ltr'><strong>novi</strong></span> <span class='ocrx_word' id='word_1_151' title='bbox 302 1122 452 1157; x_wconf 82' lang='lat' dir='ltr'><strong>argumenti</strong></span> <span class='ocrx_word' id='word_1_152' title='bbox 469 1122 587 1158; x_wconf 79' lang='lat' dir='ltr'><strong>dignitas</strong></span> <span class='ocrx_word' id='word_1_153' title='bbox 599 1142 606 1154; x_wconf 94' lang='lat'><strong>,</strong></span> <span class='ocrx_word' id='word_1_154' title='bbox 627 1129 684 1150; x_wconf 94' lang='lat' dir='ltr'><strong>tum</strong></span> <span class='ocrx_word' id='word_1_155' title='bbox 706 1125 847 1158; x_wconf 69' lang='lat' dir='ltr'><strong>praesentis</strong></span> 
     </span>
    </p>
   </div>
   <div class='ocr_carea' id='block_1_25' title="bbox 61 1168 848 1209">
    <p class='ocr_par' dir='ltr' id='par_1_25' title="bbox 61 1168 848 1209">
     <span class='ocr_line' id='line_1_25' title="bbox 61 1168 848 1209; baseline 0.005 -15"><span class='ocrx_word' id='word_1_156' title='bbox 61 1168 191 1202; x_wconf 85' lang='lat' dir='ltr'><strong>temporis</strong></span> <span class='ocrx_word' id='word_1_157' title='bbox 206 1172 287 1209; x_wconf 71' lang='lat' dir='ltr'><strong>atqqe</strong></span> <span class='ocrx_word' id='word_1_158' title='bbox 304 1168 419 1196; x_wconf 83' lang='lat' dir='ltr'><strong>instituti</strong></span> <span class='ocrx_word' id='word_1_159' title='bbox 435 1169 522 1196; x_wconf 87' lang='lat' dir='ltr'><strong>ratio:</strong></span> <span class='ocrx_word' id='word_1_160' title='bbox 547 1177 661 1204; x_wconf 88' lang='lat' dir='ltr'><strong>quarum</strong></span> <span class='ocrx_word' id='word_1_161' title='bbox 681 1171 756 1204; x_wconf 88' lang='lat' dir='ltr'><strong>prior</strong></span> <span class='ocrx_word' id='word_1_162' title='bbox 776 1171 848 1198; x_wconf 87' lang='lat' dir='ltr'><strong>noti-</strong></span> 
     </span>
    </p>
   </div>
   <div class='ocr_carea' id='block_1_26' title="bbox 60 1214 846 1251">
    <p class='ocr_par' dir='ltr' id='par_1_26' title="bbox 60 1214 846 1251">
     <span class='ocr_line' id='line_1_26' title="bbox 60 1214 846 1251; baseline 0.005 -11"><span class='ocrx_word' id='word_1_163' title='bbox 60 1214 126 1241; x_wconf 82' lang='lat' dir='ltr'><strong>tiam</strong></span> <span class='ocrx_word' id='word_1_164' title='bbox 143 1214 411 1241; x_wconf 58' lang='lat' dir='ltr'><strong>historicmcriticam</strong></span> <span class='ocrx_word' id='word_1_165' title='bbox 435 1214 468 1242; x_wconf 91' lang='lat' dir='ltr'><strong>de</strong></span> <span class='ocrx_word' id='word_1_166' title='bbox 489 1214 607 1242; x_wconf 82' lang='lat' dir='ltr'><strong>Macario</strong></span> <span class='ocrx_word' id='word_1_167' title='bbox 622 1215 754 1251; x_wconf 81' lang='lat' dir='ltr'><strong>Magnete,</strong></span> <span class='ocrx_word' id='word_1_168' title='bbox 771 1217 846 1251; x_wconf 85' lang='lat' dir='ltr'><strong>ejus-</strong></span> 
     </span>
    </p>
   </div>
   <div class='ocr_carea' id='block_1_27' title="bbox 61 1259 847 1294">
    <p class='ocr_par' dir='ltr' id='par_1_27' title="bbox 61 1259 847 1294">
     <span class='ocr_line' id='line_1_27' title="bbox 61 1259 847 1294; baseline 0.003 -8"><span class='ocrx_word' id='word_1_169' title='bbox 61 1267 116 1294; x_wconf 85' lang='lat' dir='ltr'><strong>que</strong></span> <span class='ocrx_word' id='word_1_170' title='bbox 128 1263 206 1286; x_wconf 72' lang='lat' dir='ltr'><strong>:etale</strong></span> <span class='ocrx_word' id='word_1_171' title='bbox 217 1264 244 1287; x_wconf 89' lang='lat' dir='ltr'><strong>et</strong></span> <span class='ocrx_word' id='word_1_172' title='bbox 254 1260 376 1294; x_wconf 82' lang='lat' dir='ltr'><strong>scriptis,</strong></span> <span class='ocrx_word' id='word_1_173' title='bbox 389 1267 421 1287; x_wconf 82' lang='lat' dir='ltr'><strong>ex</strong></span> <span class='ocrx_word' id='word_1_174' title='bbox 432 1259 516 1287; x_wconf 89' lang='lat' dir='ltr'><strong>variis</strong></span> <span class='ocrx_word' id='word_1_175' title='bbox 525 1260 645 1288; x_wconf 63' lang='lat' dir='ltr'><strong>historiae</strong></span> <span class='ocrx_word' id='word_1_176' title='bbox 656 1261 847 1289; x_wconf 73' lang='lat' dir='ltr'><strong>ecclesiastica:</strong></span> 
     </span>
    </p>
   </div>
   <div class='ocr_carea' id='block_1_28' title="bbox 60 1305 847 1341">
    <p class='ocr_par' dir='ltr' id='par_1_28' title="bbox 60 1305 847 1341">
     <span class='ocr_line' id='line_1_28' title="bbox 60 1305 847 1341; baseline 0.004 -9"><span class='ocrx_word' id='word_1_177' title='bbox 60 1305 246 1333; x_wconf 87' lang='lat' dir='ltr'><strong>monumentis</strong></span> <span class='ocrx_word' id='word_1_178' title='bbox 270 1305 350 1333; x_wconf 85' lang='lat' dir='ltr'><strong>editis</strong></span> <span class='ocrx_word' id='word_1_179' title='bbox 369 1310 450 1341; x_wconf 88' lang='lat' dir='ltr'><strong>atque</strong></span> <span class='ocrx_word' id='word_1_180' title='bbox 468 1306 577 1334; x_wconf 85' lang='lat' dir='ltr'><strong>ineditis</strong></span> <span class='ocrx_word' id='word_1_181' title='bbox 598 1312 691 1339; x_wconf 88' lang='lat' dir='ltr'><strong>eruet;</strong></span> <span class='ocrx_word' id='word_1_182' title='bbox 713 1308 847 1341; x_wconf 91' lang='lat' dir='ltr'><strong>posterior</strong></span> 
     </span>
    </p>
   </div>
   <div class='ocr_carea' id='block_1_29' title="bbox 63 1350 845 1387">
    <p class='ocr_par' dir='ltr' id='par_1_29' title="bbox 63 1350 845 1387">
     <span class='ocr_line' id='line_1_29' title="bbox 63 1350 845 1387; baseline 0.004 -9"><span class='ocrx_word' id='word_1_183' title='bbox 63 1359 125 1378; x_wconf 87' lang='lat' dir='ltr'><strong>vero</strong></span> <span class='ocrx_word' id='word_1_184' title='bbox 140 1350 340 1387; x_wconf 82' lang='grc' dir='ltr'><strong>Θεολογούμενα</strong></span> <span class='ocrx_word' id='word_1_185' title='bbox 354 1352 472 1380; x_wconf 86' lang='lat' dir='ltr'><strong>auctoris</strong></span> <span class='ocrx_word' id='word_1_186' title='bbox 487 1352 588 1387; x_wconf 90' lang='lat' dir='ltr'><strong>pariter</strong></span> <span class='ocrx_word' id='word_1_187' title='bbox 599 1357 679 1387; x_wconf 90' lang='lat' dir='ltr'><strong>atque</strong></span> <span class='ocrx_word' id='word_1_188' title='bbox 695 1360 801 1381; x_wconf 89' lang='lat' dir='ltr'><strong>errores</strong></span> <span class='ocrx_word' id='word_1_189' title='bbox 812 1362 845 1381; x_wconf 73' lang='lat' dir='ltr'><strong>cx</strong></span> 
     </span>
    </p>
   </div>
   <div class='ocr_carea' id='block_1_30' title="bbox 62 1398 524 1433">
    <p class='ocr_par' dir='ltr' id='par_1_30' title="bbox 62 1398 524 1433">
     <span class='ocr_line' id='line_1_30' title="bbox 62 1398 524 1433; baseline 0.002 -8"><span class='ocrx_word' id='word_1_190' title='bbox 62 1398 148 1432; x_wconf 88' lang='lat' dir='ltr'><strong>ipsius</strong></span> <span class='ocrx_word' id='word_1_191' title='bbox 161 1398 270 1433; x_wconf 86' lang='lat' dir='ltr'><strong>scriptis</strong></span> <span class='ocrx_word' id='word_1_192' title='bbox 286 1399 524 1427; x_wconf 83' lang='lat' dir='ltr'><strong>commonstrabit.</strong></span> 
     </span>
    </p>
   </div>
   <div class='ocr_carea' id='block_1_31' title="bbox 82 1463 826 1500">
    <p class='ocr_par' dir='ltr' id='par_1_31' title="bbox 82 1463 826 1500">
     <span class='ocr_line' id='line_1_31' title="bbox 82 1463 826 1500; baseline 0.004 -10"><span class='ocrx_word' id='word_1_193' title='bbox 82 1464 96 1500; x_wconf 65' lang='grc' dir='ltr'>ᾗ</span> <span class='ocrx_word' id='word_1_194' title='bbox 110 1464 141 1490; x_wconf 90' lang='lat' dir='ltr'><strong>ll.</strong></span> <span class='ocrx_word' id='word_1_195' title='bbox 156 1463 538 1500; x_wconf 43' lang='lat' dir='ltr'><strong>Expenduntuqrecentiorum</strong></span> <span class='ocrx_word' id='word_1_196' title='bbox 558 1465 648 1500; x_wconf 80' lang='lat' dir='ltr'><strong>iniqua</strong></span> <span class='ocrx_word' id='word_1_197' title='bbox 659 1466 690 1493; x_wconf 88' lang='lat' dir='ltr'><strong>de</strong></span> <span class='ocrx_word' id='word_1_198' title='bbox 707 1465 826 1493; x_wconf 89' lang='lat' dir='ltr'><strong>Macario</strong></span> 
     </span>
    </p>
   </div>
   <div class='ocr_carea' id='block_1_32' title="bbox 333 1498 576 1534">
    <p class='ocr_par' dir='ltr' id='par_1_32' title="bbox 333 1498 576 1534">
     <span class='ocr_line' id='line_1_32' title="bbox 333 1498 576 1534; baseline 0.004 -9"><span class='ocrx_word' id='word_1_199' title='bbox 333 1498 453 1534; x_wconf 83' lang='lat' dir='ltr'><strong>Magnete</strong></span> <span class='ocrx_word' id='word_1_200' title='bbox 461 1499 576 1534; x_wconf 81' lang='lat' dir='ltr'><strong>judicia.</strong></span> 
     </span>
    </p>
   </div>
   <div class='ocr_carea' id='block_1_33' title="bbox 97 1555 844 1592">
    <p class='ocr_par' dir='ltr' id='par_1_33' title="bbox 97 1555 844 1592">
     <span class='ocr_line' id='line_1_33' title="bbox 97 1555 844 1592; baseline 0.004 -9"><span class='ocrx_word' id='word_1_201' title='bbox 97 1556 163 1590; x_wconf 85' lang='lat' dir='ltr'><strong>Quis</strong></span> <span class='ocrx_word' id='word_1_202' title='bbox 176 1564 241 1584; x_wconf 79' lang='lat' dir='ltr'><strong>vero</strong></span> <span class='ocrx_word' id='word_1_203' title='bbox 259 1565 291 1584; x_wconf 87' lang='lat' dir='ltr'><strong>ac</strong></span> <span class='ocrx_word' id='word_1_204' title='bbox 313 1556 402 1592; x_wconf 82' lang='lat' dir='ltr'><strong>qualis</strong></span> <span class='ocrx_word' id='word_1_205' title='bbox 424 1555 506 1583; x_wconf 86' lang='lat' dir='ltr'><strong>luerit</strong></span> <span class='ocrx_word' id='word_1_206' title='bbox 526 1561 620 1584; x_wconf 89' lang='lat' dir='ltr'><strong>noster</strong></span> <span class='ocrx_word' id='word_1_207' title='bbox 640 1557 773 1586; x_wconf 83' lang='lat' dir='ltr'><strong>Macarius</strong></span> <span class='ocrx_word' id='word_1_208' title='bbox 786 1558 844 1586; x_wconf 83' lang='lat' dir='ltr'><strong>Ma-</strong></span> 
     </span>
    </p>
   </div>
   <div class='ocr_carea' id='block_1_34' title="bbox 60 1602 845 1640">
    <p class='ocr_par' dir='ltr' id='par_1_34' title="bbox 60 1602 845 1640">
     <span class='ocr_line' id='line_1_34' title="bbox 60 1602 845 1640; baseline 0.004 -11"><span class='ocrx_word' id='word_1_209' title='bbox 60 1611 138 1638; x_wconf 75' lang='lat' dir='ltr'><strong>gues,</strong></span> <span class='ocrx_word' id='word_1_210' title='bbox 149 1607 176 1630; x_wconf 88' lang='lat' dir='ltr'><strong>et</strong></span> <span class='ocrx_word' id='word_1_211' title='bbox 188 1611 244 1638; x_wconf 90' lang='lat' dir='ltr'><strong>quo</strong></span> <span class='ocrx_word' id='word_1_212' title='bbox 270 1607 390 1637; x_wconf 84' lang='lat' dir='ltr'><strong>tempore</strong></span> <span class='ocrx_word' id='word_1_213' title='bbox 413 1602 555 1636; x_wconf 82' lang='lat' dir='ltr'><strong>ﬂoruerit,</strong></span> <span class='ocrx_word' id='word_1_214' title='bbox 571 1611 675 1638; x_wconf 90' lang='lat' dir='ltr'><strong>suaque</strong></span> <span class='ocrx_word' id='word_1_215' title='bbox 698 1604 798 1640; x_wconf 81' lang='lat' dir='ltr'><strong>ingenii</strong></span> <span class='ocrx_word' id='word_1_216' title='bbox 818 1610 845 1633; x_wconf 88' lang='lat' dir='ltr'><strong>et</strong></span> 
     </span>
    </p>
   </div>
   <div class='ocr_carea' id='block_1_35' title="bbox 60 1641 843 1683">
    <p class='ocr_par' dir='ltr' id='par_1_35' title="bbox 60 1641 843 1683">
     <span class='ocr_line' id='line_1_35' title="bbox 60 1641 843 1683; baseline 0.003 -8"><span class='ocrx_word' id='word_1_217' title='bbox 60 1649 191 1676; x_wconf 65' lang='lat' dir='ltr'><strong>doctrinae</strong></span> <span class='ocrx_word' id='word_1_218' title='bbox 202 1649 425 1683; x_wconf 64' lang='lat' dir='ltr'><strong>praestantissima</strong></span> <span class='ocrx_word' id='word_1_219' title='bbox 443 1649 637 1683; x_wconf 84' lang='lat' dir='ltr'><strong>conscripserit</strong></span> <span class='ocrx_word' id='word_1_220' title='bbox 656 1641 843 1683; x_wconf 81' lang='lat' dir='ltr'><strong>monumenta,</strong></span> 
     </span>
    </p>
   </div>
   <div class='ocr_carea' id='block_1_36' title="bbox 60 1694 845 1730">
    <p class='ocr_par' dir='ltr' id='par_1_36' title="bbox 60 1694 845 1730">
     <span class='ocr_line' id='line_1_36' title="bbox 60 1694 845 1730; baseline 0.003 -9"><span class='ocrx_word' id='word_1_221' title='bbox 60 1702 94 1722; x_wconf 75' lang='lat' dir='ltr'><strong>ex</strong></span> <span class='ocrx_word' id='word_1_222' title='bbox 105 1695 221 1729; x_wconf 65' lang='lat' dir='ltr'><strong>probatae</strong></span> <span class='ocrx_word' id='word_1_223' title='bbox 233 1695 400 1729; x_wconf 86' lang='lat' dir='ltr'><strong>antiquitatis</strong></span> <span class='ocrx_word' id='word_1_224' title='bbox 412 1694 519 1722; x_wconf 85' lang='lat' dir='ltr'><strong>indiciis</strong></span> <span class='ocrx_word' id='word_1_225' title='bbox 530 1703 603 1722; x_wconf 94' lang='lat' dir='ltr'><strong>nunc</strong></span> <span class='ocrx_word' id='word_1_226' title='bbox 614 1695 730 1730; x_wconf 90' lang='lat' dir='ltr'><strong>primum</strong></span> <span class='ocrx_word' id='word_1_227' title='bbox 741 1696 845 1730; x_wconf 87' lang='lat' dir='ltr'><strong>disqui-</strong></span> 
     </span>
    </p>
   </div>
   <div class='ocr_carea' id='block_1_37' title="bbox 61 1741 842 1776">
    <p class='ocr_par' dir='ltr' id='par_1_37' title="bbox 61 1741 842 1776">
     <span class='ocr_line' id='line_1_37' title="bbox 61 1741 842 1776; baseline 0.003 -8"><span class='ocrx_word' id='word_1_228' title='bbox 61 1741 173 1768; x_wconf 86' lang='lat' dir='ltr'><strong>rendum</strong></span> <span class='ocrx_word' id='word_1_229' title='bbox 182 1741 232 1768; x_wconf 89' lang='lat' dir='ltr'><strong>erit</strong></span> <span class='ocrx_word' id='word_1_230' title='bbox 242 1749 249 1773; x_wconf 89' lang='lat'>;</span> <span class='ocrx_word' id='word_1_231' title='bbox 261 1745 290 1768; x_wconf 91' lang='lat' dir='ltr'><strong>ut</strong></span> <span class='ocrx_word' id='word_1_232' title='bbox 298 1742 415 1776; x_wconf 87' lang='lat' dir='ltr'><strong>genuino</strong></span> <span class='ocrx_word' id='word_1_233' title='bbox 425 1742 528 1769; x_wconf 84' lang='lat' dir='ltr'><strong>auctori</strong></span> <span class='ocrx_word' id='word_1_234' title='bbox 540 1749 589 1769; x_wconf 90' lang='lat' dir='ltr'><strong>sua</strong></span> <span class='ocrx_word' id='word_1_235' title='bbox 599 1742 757 1769; x_wconf 87' lang='lat' dir='ltr'><strong>restituatur</strong></span> <span class='ocrx_word' id='word_1_236' title='bbox 766 1743 842 1775; x_wconf 81' lang='lat' dir='ltr'><strong>ﬁdes,</strong></span> 
     </span>
    </p>
   </div>
   <div class='ocr_carea' id='block_1_38' title="bbox 60 1787 844 1821">
    <p class='ocr_par' dir='ltr' id='par_1_38' title="bbox 60 1787 844 1821">
     <span class='ocr_line' id='line_1_38' title="bbox 60 1787 844 1821; baseline 0.001 -8"><span class='ocrx_word' id='word_1_237' title='bbox 60 1795 143 1821; x_wconf 88' lang='lat' dir='ltr'><strong>quam</strong></span> <span class='ocrx_word' id='word_1_238' title='bbox 156 1787 277 1814; x_wconf 88' lang='lat' dir='ltr'><strong>nonnulli</strong></span> <span class='ocrx_word' id='word_1_239' title='bbox 291 1795 323 1814; x_wconf 75' lang='lat' dir='ltr'><strong>ex</strong></span> <span class='ocrx_word' id='word_1_240' title='bbox 337 1787 534 1814; x_wconf 82' lang='lat' dir='ltr'><strong>recentioribus</strong></span> <span class='ocrx_word' id='word_1_241' title='bbox 549 1787 664 1820; x_wconf 92' lang='lat' dir='ltr'><strong>criticis,</strong></span> <span class='ocrx_word' id='word_1_242' title='bbox 674 1795 736 1815; x_wconf 91' lang='lat' dir='ltr'><strong>cum</strong></span> <span class='ocrx_word' id='word_1_243' title='bbox 750 1788 782 1815; x_wconf 92' lang='lat' dir='ltr'><strong>de</strong></span> <span class='ocrx_word' id='word_1_244' title='bbox 793 1789 844 1816; x_wconf 80' lang='lat' dir='ltr'><strong>isto</strong></span> 
     </span>
    </p>
   </div>
   <div class='ocr_carea' id='block_1_39' title="bbox 61 1832 844 1868">
    <p class='ocr_par' dir='ltr' id='par_1_39' title="bbox 61 1832 844 1868">
     <span class='ocr_line' id='line_1_39' title="bbox 61 1832 844 1868; baseline 0.003 -9"><span class='ocrx_word' id='word_1_245' title='bbox 61 1833 275 1867; x_wconf 78' lang='lat' dir='ltr'><strong>Apocriticorum</strong></span> <span class='ocrx_word' id='word_1_246' title='bbox 288 1838 399 1860; x_wconf 77' lang='lat' dir='ltr'><strong>auctore</strong></span> <span class='ocrx_word' id='word_1_247' title='bbox 415 1832 482 1859; x_wconf 90' lang='lat' dir='ltr'><strong>nihil</strong></span> <span class='ocrx_word' id='word_1_248' title='bbox 492 1832 526 1859; x_wconf 90' lang='lat' dir='ltr'><strong>ab</strong></span> <span class='ocrx_word' id='word_1_249' title='bbox 537 1832 656 1867; x_wconf 84' lang='lat' dir='ltr'><strong>antiquis</strong></span> <span class='ocrx_word' id='word_1_250' title='bbox 667 1833 844 1868; x_wconf 84' lang='lat' dir='ltr'><strong>scriptoribus</strong></span> 
     </span>
    </p>
   </div>
   <div class='ocr_carea' id='block_1_40' title="bbox 60 1879 844 1916">
    <p class='ocr_par' dir='ltr' id='par_1_40' title="bbox 60 1879 844 1916">
     <span class='ocr_line' id='line_1_40' title="bbox 60 1879 844 1916; baseline 0.004 -10"><span class='ocrx_word' id='word_1_251' title='bbox 60 1879 200 1907; x_wconf 63' lang='lat' dir='ltr'><strong>memoriae</strong></span> <span class='ocrx_word' id='word_1_252' title='bbox 215 1879 350 1915; x_wconf 87' lang='lat' dir='ltr'><strong>proditum</strong></span> <span class='ocrx_word' id='word_1_253' title='bbox 363 1880 492 1915; x_wconf 73' lang='lat' dir='ltr'><strong>legerent,</strong></span> <span class='ocrx_word' id='word_1_254' title='bbox 504 1880 591 1908; x_wconf 90' lang='lat' dir='ltr'><strong>eidem</strong></span> <span class='ocrx_word' id='word_1_255' title='bbox 603 1886 703 1908; x_wconf 88' lang='lat' dir='ltr'><strong>temere</strong></span> <span class='ocrx_word' id='word_1_256' title='bbox 714 1881 844 1916; x_wconf 88' lang='lat' dir='ltr'><strong>derogare</strong></span> 
     </span>
    </p>
   </div>
   <div class='ocr_carea' id='block_1_41' title="bbox 59 1925 840 1959">
    <p class='ocr_par' dir='ltr' id='par_1_41' title="bbox 59 1925 840 1959">
     <span class='ocr_line' id='line_1_41' title="bbox 59 1925 840 1959; baseline 0.001 -6"><span class='ocrx_word' id='word_1_257' title='bbox 59 1926 121 1953; x_wconf 88' lang='lat' dir='ltr'><strong>ausi</strong></span> <span class='ocrx_word' id='word_1_258' title='bbox 135 1930 208 1953; x_wconf 91' lang='lat' dir='ltr'><strong>sunt.</strong></span> <span class='ocrx_word' id='word_1_259' title='bbox 225 1926 333 1954; x_wconf 88' lang='lat' dir='ltr'><strong>Scilicet</strong></span> <span class='ocrx_word' id='word_1_260' title='bbox 349 1935 411 1953; x_wconf 82' lang='lat' dir='ltr'><strong>cum</strong></span> <span class='ocrx_word' id='word_1_261' title='bbox 424 1926 588 1954; x_wconf 81' lang='lat' dir='ltr'><strong>Franciscus</strong></span> <span class='ocrx_word' id='word_1_262' title='bbox 601 1925 753 1954; x_wconf 86' lang='lat' dir='ltr'><strong>Turrianus</strong></span> <span class='ocrx_word' id='word_1_263' title='bbox 763 1947 770 1959; x_wconf 89' lang='lat'><strong>,</strong></span> <span class='ocrx_word' id='word_1_264' title='bbox 783 1935 840 1954; x_wconf 90' lang='lat' dir='ltr'><strong>ma-</strong></span> 
     </span>
    </p>
   </div>
   <div class='ocr_carea' id='block_1_42' title="bbox 60 1971 844 2008">
    <p class='ocr_par' dir='ltr' id='par_1_42' title="bbox 60 1971 844 2008">
     <span class='ocr_line' id='line_1_42' title="bbox 60 1971 844 2008; baseline 0.004 -10"><span class='ocrx_word' id='word_1_265' title='bbox 60 1980 131 2006; x_wconf 87' lang='lat' dir='ltr'><strong>gnus</strong></span> <span class='ocrx_word' id='word_1_266' title='bbox 151 1971 196 1998; x_wconf 91' lang='lat' dir='ltr'><strong>ille</strong></span> <span class='ocrx_word' id='word_1_267' title='bbox 223 1972 347 1999; x_wconf 89' lang='lat' dir='ltr'><strong>codicum</strong></span> <span class='ocrx_word' id='word_1_268' title='bbox 368 1981 433 1999; x_wconf 84' lang='lat' dir='ltr'><strong>mss.</strong></span> <span class='ocrx_word' id='word_1_269' title='bbox 453 1973 542 1999; x_wconf 89' lang='lat' dir='ltr'><strong>helluo</strong></span> <span class='ocrx_word' id='word_1_270' title='bbox 562 1972 599 2008; x_wconf 67' lang='grc'><strong>(4)</strong></span> <span class='ocrx_word' id='word_1_271' title='bbox 625 1978 652 2000; x_wconf 91' lang='lat' dir='ltr'><strong>et</strong></span> <span class='ocrx_word' id='word_1_272' title='bbox 676 1973 844 2008; x_wconf 84' lang='lat' dir='ltr'><strong>antiquitatis</strong></span> 
     </span>
    </p>
   </div>
   <div class='ocr_carea' id='block_1_43' title="bbox 60 2017 844 2055">
    <p class='ocr_par' dir='ltr' id='par_1_43' title="bbox 60 2017 844 2055">
     <span class='ocr_line' id='line_1_43' title="bbox 60 2017 844 2055; baseline 0.004 -11"><span class='ocrx_word' id='word_1_273' title='bbox 60 2017 250 2044; x_wconf 76' lang='lat' dir='ltr'><strong>ecclesiastica:</strong></span> <span class='ocrx_word' id='word_1_274' title='bbox 274 2025 328 2045; x_wconf 94' lang='lat' dir='ltr'><strong>non</strong></span> <span class='ocrx_word' id='word_1_275' title='bbox 357 2018 500 2052; x_wconf 75' lang='lat' dir='ltr'><strong>indiligens</strong></span> <span class='ocrx_word' id='word_1_276' title='bbox 529 2019 670 2054; x_wconf 80' lang='lat' dir='ltr'><strong>indagator</strong></span> <span class='ocrx_word' id='word_1_277' title='bbox 695 2019 753 2055; x_wconf 81' lang='lat'><strong>(5),</strong></span> <span class='ocrx_word' id='word_1_278' title='bbox 781 2020 844 2047; x_wconf 88' lang='lat' dir='ltr'><strong>hinc</strong></span> 
     </span>
    </p>
   </div>
   <div class='ocr_carea' id='block_1_44' title="bbox 60 2062 844 2097">
    <p class='ocr_par' dir='ltr' id='par_1_44' title="bbox 60 2062 844 2097">
     <span class='ocr_line' id='line_1_44' title="bbox 60 2062 844 2097; baseline 0.003 -8"><span class='ocrx_word' id='word_1_279' title='bbox 60 2062 122 2090; x_wconf 85' lang='lat' dir='ltr'><strong>inde</strong></span> <span class='ocrx_word' id='word_1_280' title='bbox 138 2062 166 2089; x_wconf 88' lang='lat' dir='ltr'><strong>iu</strong></span> <span class='ocrx_word' id='word_1_281' title='bbox 181 2062 261 2089; x_wconf 79' lang='lat' dir='ltr'><strong>rariis</strong></span> <span class='ocrx_word' id='word_1_282' title='bbox 274 2062 332 2090; x_wconf 88' lang='lat' dir='ltr'><strong>suis</strong></span> <span class='ocrx_word' id='word_1_283' title='bbox 358 2063 465 2097; x_wconf 85' lang='lat' dir='ltr'><strong>scriptis</strong></span> <span class='ocrx_word' id='word_1_284' title='bbox 487 2063 568 2097; x_wconf 90' lang='lat' dir='ltr'><strong>hujus</strong></span> <span class='ocrx_word' id='word_1_285' title='bbox 584 2063 702 2091; x_wconf 90' lang='lat' dir='ltr'><strong>auctoris</strong></span> <span class='ocrx_word' id='word_1_286' title='bbox 717 2063 844 2091; x_wconf 87' lang='lat' dir='ltr'><strong>vetustis-</strong></span> 
     </span>
    </p>
   </div>
   <div class='ocr_carea' id='block_1_45' title="bbox 57 2108 842 2143">
    <p class='ocr_par' dir='ltr' id='par_1_45' title="bbox 57 2108 842 2143">
     <span class='ocr_line' id='line_1_45' title="bbox 57 2108 842 2143; baseline 0.004 -9"><span class='ocrx_word' id='word_1_287' title='bbox 57 2108 121 2135; x_wconf 85' lang='lat' dir='ltr'><strong>simi</strong></span> <span class='ocrx_word' id='word_1_288' title='bbox 135 2108 298 2135; x_wconf 89' lang='lat' dir='ltr'><strong>mentionem</strong></span> <span class='ocrx_word' id='word_1_289' title='bbox 316 2108 434 2141; x_wconf 79' lang='lat' dir='ltr'><strong>fecisset,</strong></span> <span class='ocrx_word' id='word_1_290' title='bbox 449 2113 530 2143; x_wconf 90' lang='lat' dir='ltr'><strong>atquc</strong></span> <span class='ocrx_word' id='word_1_291' title='bbox 547 2109 616 2136; x_wconf 86' lang='lat' dir='ltr'><strong>inter</strong></span> <span class='ocrx_word' id='word_1_292' title='bbox 630 2109 681 2137; x_wconf 83' lang='lat' dir='ltr'><strong>alia</strong></span> <span class='ocrx_word' id='word_1_293' title='bbox 697 2110 779 2137; x_wconf 86' lang='lat' dir='ltr'><strong>etiam</strong></span> <span class='ocrx_word' id='word_1_294' title='bbox 799 2111 842 2137; x_wconf 89' lang='lat' dir='ltr'><strong>lu-</strong></span> 
     </span>
    </p>
   </div>
   <div class='ocr_carea' id='block_1_46' title="bbox 56 2154 843 2189">
    <p class='ocr_par' dir='ltr' id='par_1_46' title="bbox 56 2154 843 2189">
     <span class='ocr_line' id='line_1_46' title="bbox 56 2154 843 2189; baseline 0.003 -8"><span class='ocrx_word' id='word_1_295' title='bbox 56 2155 198 2182; x_wconf 88' lang='lat' dir='ltr'><strong>culentum</strong></span> <span class='ocrx_word' id='word_1_296' title='bbox 221 2154 378 2182; x_wconf 84' lang='lat' dir='ltr'><strong>adduxisset</strong></span> <span class='ocrx_word' id='word_1_297' title='bbox 396 2155 519 2189; x_wconf 71' lang='lat' dir='ltr'><strong>ejusdem</strong></span> <span class='ocrx_word' id='word_1_298' title='bbox 539 2156 723 2183; x_wconf 86' lang='lat' dir='ltr'><strong>testimonium</strong></span> <span class='ocrx_word' id='word_1_299' title='bbox 741 2156 775 2183; x_wconf 92' lang='lat' dir='ltr'><strong>de</strong></span> <span class='ocrx_word' id='word_1_300' title='bbox 797 2164 843 2184; x_wconf 88' lang='lat' dir='ltr'><strong>sa-</strong></span> 
     </span>
    </p>
   </div>
   <div class='ocr_carea' id='block_1_47' title="bbox 901 240 1421 277">
    <p class='ocr_par' dir='ltr' id='par_1_47' title="bbox 901 240 1421 277">
     <span class='ocr_line' id='line_1_47' title="bbox 901 240 1421 277; baseline 0 -8"><span class='ocrx_word' id='word_1_301' title='bbox 901 249 928 277; x_wconf 88' lang='lat' dir='ltr'><strong>p.</strong></span> <span class='ocrx_word' id='word_1_302' title='bbox 946 241 971 274; x_wconf 87' lang='lat'><strong>7,</strong></span> <span class='ocrx_word' id='word_1_303' title='bbox 987 241 1020 268; x_wconf 92' lang='lat' dir='ltr'><strong>de</strong></span> <span class='ocrx_word' id='word_1_304' title='bbox 1033 241 1084 269; x_wconf 86' lang='lat' dir='ltr'><strong>hoc</strong></span> <span class='ocrx_word' id='word_1_305' title='bbox 1097 240 1232 269; x_wconf 90' lang='lat' dir='ltr'><strong>Turriano</strong></span> <span class='ocrx_word' id='word_1_306' title='bbox 1244 242 1403 277; x_wconf 87' lang='lat' dir='ltr'><strong>pronuntiat</strong></span> <span class='ocrx_word' id='word_1_307' title='bbox 1415 251 1421 269; x_wconf 88' lang='lat'><strong>:</strong></span> 
     </span>
    </p>
   </div>
   <div class='ocr_carea' id='block_1_48' title="bbox 930 308 1665 344">
    <p class='ocr_par' dir='ltr' id='par_1_48' title="bbox 930 308 1665 344">
     <span class='ocr_line' id='line_1_48' title="bbox 930 308 1665 344; baseline 0 -8"><span class='ocrx_word' id='word_1_308' title='bbox 930 309 1000 342; x_wconf 85' lang='lat' dir='ltr'><strong>Quid</strong></span> <span class='ocrx_word' id='word_1_309' title='bbox 1011 309 1119 343; x_wconf 87' lang='lat' dir='ltr'><strong>dignum</strong></span> <span class='ocrx_word' id='word_1_310' title='bbox 1131 314 1204 336; x_wconf 88' lang='lat' dir='ltr'><strong>tanta</strong></span> <span class='ocrx_word' id='word_1_311' title='bbox 1220 308 1281 336; x_wconf 83' lang='lat' dir='ltr'><strong>tulit</strong></span> <span class='ocrx_word' id='word_1_312' title='bbox 1297 308 1339 335; x_wconf 87' lang='lat' dir='ltr'><strong>hic</strong></span> <span class='ocrx_word' id='word_1_313' title='bbox 1358 308 1502 342; x_wconf 77' lang='lat' dir='ltr'><strong>promissor</strong></span> <span class='ocrx_word' id='word_1_314' title='bbox 1513 309 1588 335; x_wconf 89' lang='lat' dir='ltr'><strong>hiatu</strong></span> <span class='ocrx_word' id='word_1_315' title='bbox 1605 308 1665 344; x_wconf 72' lang='lat'><strong>(6)?</strong></span> 
     </span>
    </p>
   </div>
   <div class='ocr_carea' id='block_1_49' title="bbox 906 365 1692 401">
    <p class='ocr_par' dir='ltr' id='par_1_49' title="bbox 906 365 1692 401">
     <span class='ocr_line' id='line_1_49' title="bbox 906 365 1692 401; baseline 0.001 -8"><span class='ocrx_word' id='word_1_316' title='bbox 906 366 1031 393; x_wconf 83' lang='lat' dir='ltr'><strong>Ventosas</strong></span> <span class='ocrx_word' id='word_1_317' title='bbox 1051 365 1160 400; x_wconf 86' lang='lat' dir='ltr'><strong>projecit</strong></span> <span class='ocrx_word' id='word_1_318' title='bbox 1179 365 1323 400; x_wconf 83' lang='lat' dir='ltr'><strong>ampullas,</strong></span> <span class='ocrx_word' id='word_1_319' title='bbox 1345 366 1426 392; x_wconf 85' lang='lat' dir='ltr'><strong>libros</strong></span> <span class='ocrx_word' id='word_1_320' title='bbox 1448 370 1615 401; x_wconf 77' lang='lat' dir='ltr'><strong>auctoresque</strong></span> <span class='ocrx_word' id='word_1_321' title='bbox 1636 366 1692 394; x_wconf 81' lang='lat' dir='ltr'><strong>ine-</strong></span> 
     </span>
    </p>
   </div>
   <div class='ocr_carea' id='block_1_50' title="bbox 900 403 1701 446">
    <p class='ocr_par' dir='ltr' id='par_1_50' title="bbox 900 403 1701 446">
     <span class='ocr_line' id='line_1_50' title="bbox 900 403 1701 446; baseline 0.002 -8"><span class='ocrx_word' id='word_1_322' title='bbox 900 412 982 443; x_wconf 84' lang='lat' dir='ltr'><strong>ditns,</strong></span> <span class='ocrx_word' id='word_1_323' title='bbox 995 412 1040 446; x_wconf 87' lang='lat' dir='ltr'><strong>qui</strong></span> <span class='ocrx_word' id='word_1_324' title='bbox 1054 420 1098 438; x_wconf 87' lang='lat' dir='ltr'><strong>nec</strong></span> <span class='ocrx_word' id='word_1_325' title='bbox 1110 413 1143 439; x_wconf 88' lang='lat' dir='ltr'><strong>ad</strong></span> <span class='ocrx_word' id='word_1_326' title='bbox 1157 420 1250 439; x_wconf 82' lang='lat' dir='ltr'><strong>manus</strong></span> <span class='ocrx_word' id='word_1_327' title='bbox 1265 417 1337 445; x_wconf 87' lang='lat' dir='ltr'><strong>sunt,</strong></span> <span class='ocrx_word' id='word_1_328' title='bbox 1352 420 1397 438; x_wconf 88' lang='lat' dir='ltr'><strong>nec</strong></span> <span class='ocrx_word' id='word_1_329' title='bbox 1408 420 1464 439; x_wconf 84' lang='lat' dir='ltr'><strong>esse</strong></span> <span class='ocrx_word' id='word_1_330' title='bbox 1477 418 1597 446; x_wconf 84' lang='lat' dir='ltr'><strong>possunt,</strong></span> <span class='ocrx_word' id='word_1_331' title='bbox 1609 403 1701 440; x_wconf 33' lang='lat' dir='ltr'><strong>Euse-l</strong></span> 
     </span>
    </p>
   </div>
   <div class='ocr_carea' id='block_1_51' title="bbox 901 454 1700 493">
    <p class='ocr_par' dir='ltr' id='par_1_51' title="bbox 901 454 1700 493">
     <span class='ocr_line' id='line_1_51' title="bbox 901 454 1700 493; baseline 0.001 -9"><span class='ocrx_word' id='word_1_332' title='bbox 901 458 936 484; x_wconf 88' lang='lat' dir='ltr'><strong>bii</strong></span> <span class='ocrx_word' id='word_1_333' title='bbox 955 458 996 492; x_wconf 82' lang='lat' dir='ltr'><strong>(si</strong></span> <span class='ocrx_word' id='word_1_334' title='bbox 1016 457 1067 485; x_wconf 85' lang='lat' dir='ltr'><strong>Dea</strong></span> <span class='ocrx_word' id='word_1_335' title='bbox 1080 458 1367 493; x_wconf 67' lang='lat' dir='ltr'><strong>placet)Alezandrini</strong></span> <span class='ocrx_word' id='word_1_336' title='bbox 1378 466 1509 485; x_wconf 80' lang='lat' dir='ltr'><strong>sermones</strong></span> <span class='ocrx_word' id='word_1_337' title='bbox 1521 479 1528 491; x_wconf 90' lang='lat'><strong>,</strong></span> <span class='ocrx_word' id='word_1_338' title='bbox 1545 454 1700 485; x_wconf 42' lang='lat' dir='ltr'><strong>Eusebium.</strong></span> 
     </span>
    </p>
   </div>
   <div class='ocr_carea' id='block_1_52' title="bbox 901 502 1693 538">
    <p class='ocr_par' dir='ltr' id='par_1_52' title="bbox 901 502 1693 538">
     <span class='ocr_line' id='line_1_52' title="bbox 901 502 1693 538; baseline 0.001 -9"><span class='ocrx_word' id='word_1_339' title='bbox 901 502 1090 530; x_wconf 62' lang='lat' dir='ltr'><strong>Caesariensem</strong></span> <span class='ocrx_word' id='word_1_340' title='bbox 1103 504 1228 531; x_wconf 75' lang='lat' dir='ltr'><strong>adversus</strong></span> <span class='ocrx_word' id='word_1_341' title='bbox 1242 503 1418 536; x_wconf 87' lang='lat' dir='ltr'><strong>Marcellum,</strong></span> <span class='ocrx_word' id='word_1_342' title='bbox 1442 502 1601 538; x_wconf 72' lang='lat' dir='ltr'><strong>Hippolyto:</strong></span> <span class='ocrx_word' id='word_1_343' title='bbox 1617 512 1693 530; x_wconf 84' lang='lat' dir='ltr'><strong>mur-</strong></span> 
     </span>
    </p>
   </div>
   <div class='ocr_carea' id='block_1_53' title="bbox 900 549 1692 585">
    <p class='ocr_par' dir='ltr' id='par_1_53' title="bbox 900 549 1692 585">
     <span class='ocr_line' id='line_1_53' title="bbox 900 549 1692 585; baseline 0.003 -10"><span class='ocrx_word' id='word_1_344' title='bbox 900 553 983 583; x_wconf 80' lang='lat' dir='ltr'><strong>lyrem</strong></span> <span class='ocrx_word' id='word_1_345' title='bbox 1001 554 1026 576; x_wconf 85' lang='lat' dir='ltr'><strong>et</strong></span> <span class='ocrx_word' id='word_1_346' title='bbox 1047 549 1208 583; x_wconf 85' lang='lat' dir='ltr'><strong>Thebanum,</strong></span> <span class='ocrx_word' id='word_1_347' title='bbox 1227 549 1375 585; x_wconf 79' lang='lat' dir='ltr'><strong>Magnetem</strong></span> <span class='ocrx_word' id='word_1_348' title='bbox 1399 549 1525 576; x_wconf 79' lang='lat' dir='ltr'><strong>adversus</strong></span> <span class='ocrx_word' id='word_1_349' title='bbox 1550 549 1692 577; x_wconf 83' lang='lat' dir='ltr'><strong>Theosthe-</strong></span> 
     </span>
    </p>
   </div>
   <div class='ocr_carea' id='block_1_54' title="bbox 900 597 1694 633">
    <p class='ocr_par' dir='ltr' id='par_1_54' title="bbox 900 597 1694 633">
     <span class='ocr_line' id='line_1_54' title="bbox 900 597 1694 633; baseline 0 -9"><span class='ocrx_word' id='word_1_350' title='bbox 900 606 968 629; x_wconf 87' lang='lat' dir='ltr'><strong>nem,</strong></span> <span class='ocrx_word' id='word_1_351' title='bbox 987 597 1146 625; x_wconf 80' lang='lat' dir='ltr'><strong>Theodotum</strong></span> <span class='ocrx_word' id='word_1_352' title='bbox 1156 599 1338 633; x_wconf 77' lang='lat' dir='ltr'><strong>Ancyranum,</strong></span> <span class='ocrx_word' id='word_1_353' title='bbox 1352 602 1406 625; x_wconf 86' lang='lat' dir='ltr'><strong>etc.</strong></span> <span class='ocrx_word' id='word_1_354' title='bbox 1419 617 1427 629; x_wconf 88' lang='lat'><strong>,</strong></span> <span class='ocrx_word' id='word_1_355' title='bbox 1444 597 1546 631; x_wconf 83' lang='lat' dir='ltr'><strong>citavit,</strong></span> <span class='ocrx_word' id='word_1_356' title='bbox 1570 598 1694 633; x_wconf 65' lang='lat' dir='ltr'><strong>plurima</strong></span> 
     </span>
    </p>
   </div>
   <div class='ocr_carea' id='block_1_55' title="bbox 900 644 1692 680">
    <p class='ocr_par' dir='ltr' id='par_1_55' title="bbox 900 644 1692 680">
     <span class='ocr_line' id='line_1_55' title="bbox 900 644 1692 680; baseline 0.003 -10"><span class='ocrx_word' id='word_1_357' title='bbox 900 652 962 670; x_wconf 85' lang='lat' dir='ltr'><strong>sane</strong></span> <span class='ocrx_word' id='word_1_358' title='bbox 978 644 1107 676; x_wconf 74' lang='lat' dir='ltr'><strong>lectionis,</strong></span> <span class='ocrx_word' id='word_1_359' title='bbox 1125 645 1170 671; x_wconf 81' lang='lat' dir='ltr'><strong>sed</strong></span> <span class='ocrx_word' id='word_1_360' title='bbox 1187 644 1285 678; x_wconf 82' lang='lat' dir='ltr'><strong>frontis</strong></span> <span class='ocrx_word' id='word_1_361' title='bbox 1305 644 1529 679; x_wconf 77' lang='lat' dir='ltr'><strong>perfrictissimte,</strong></span> <span class='ocrx_word' id='word_1_362' title='bbox 1542 644 1692 680; x_wconf 83' lang='lat' dir='ltr'><strong>judiciique</strong></span> 
     </span>
    </p>
   </div>
   <div class='ocr_carea' id='block_1_56' title="bbox 901 689 1690 725">
    <p class='ocr_par' dir='ltr' id='par_1_56' title="bbox 901 689 1690 725">
     <span class='ocr_line' id='line_1_56' title="bbox 901 689 1690 725; baseline 0.005 -10"><span class='ocrx_word' id='word_1_363' title='bbox 901 690 1057 717; x_wconf 77' lang='lat' dir='ltr'><strong>tenuissimi.</strong></span> <span class='ocrx_word' id='word_1_364' title='bbox 1081 689 1168 723; x_wconf 86' lang='lat' dir='ltr'><strong>Quam</strong></span> <span class='ocrx_word' id='word_1_365' title='bbox 1196 698 1316 725; x_wconf 69' lang='lat' dir='ltr'><strong>praeceps</strong></span> <span class='ocrx_word' id='word_1_366' title='bbox 1341 694 1431 717; x_wconf 89' lang='lat' dir='ltr'><strong>autem</strong></span> <span class='ocrx_word' id='word_1_367' title='bbox 1457 690 1509 718; x_wconf 92' lang='lat' dir='ltr'><strong>hoc</strong></span> <span class='ocrx_word' id='word_1_368' title='bbox 1539 690 1622 719; x_wconf 86' lang='lat' dir='ltr'><strong>fuerit</strong></span> <span class='ocrx_word' id='word_1_369' title='bbox 1637 692 1690 719; x_wconf 87' lang='lat' dir='ltr'><strong>viri</strong></span> 
     </span>
    </p>
   </div>
   <div class='ocr_carea' id='block_1_57' title="bbox 899 735 1690 772">
    <p class='ocr_par' dir='ltr' id='par_1_57' title="bbox 899 735 1690 772">
     <span class='ocr_line' id='line_1_57' title="bbox 899 735 1690 772; baseline 0.003 -10"><span class='ocrx_word' id='word_1_370' title='bbox 899 735 967 762; x_wconf 85' lang='lat' dir='ltr'><strong>alias</strong></span> <span class='ocrx_word' id='word_1_371' title='bbox 982 735 1134 762; x_wconf 90' lang='lat' dir='ltr'><strong>doctissimi</strong></span> <span class='ocrx_word' id='word_1_372' title='bbox 1146 735 1293 770; x_wconf 90' lang='lat' dir='ltr'><strong>judicium,</strong></span> <span class='ocrx_word' id='word_1_373' title='bbox 1310 736 1352 762; x_wconf 88' lang='lat' dir='ltr'><strong>vel</strong></span> <span class='ocrx_word' id='word_1_374' title='bbox 1368 735 1467 762; x_wconf 86' lang='lat' dir='ltr'><strong>exinde</strong></span> <span class='ocrx_word' id='word_1_375' title='bbox 1476 741 1599 771; x_wconf 79' lang='lat' dir='ltr'><strong>apparet,</strong></span> <span class='ocrx_word' id='word_1_376' title='bbox 1616 738 1690 772; x_wconf 81' lang='lat' dir='ltr'><strong>quod</strong></span> 
     </span>
    </p>
   </div>
   <div class='ocr_carea' id='block_1_58' title="bbox 899 780 1690 816">
    <p class='ocr_par' dir='ltr' id='par_1_58' title="bbox 899 780 1690 816">
     <span class='ocr_line' id='line_1_58' title="bbox 899 780 1690 816; baseline 0.003 -9"><span class='ocrx_word' id='word_1_377' title='bbox 899 781 1020 815; x_wconf 84' lang='lat' dir='ltr'><strong>plerique</strong></span> <span class='ocrx_word' id='word_1_378' title='bbox 1037 780 1093 809; x_wconf 84' lang='lat' dir='ltr'><strong>fere</strong></span> <span class='ocrx_word' id='word_1_379' title='bbox 1103 786 1229 808; x_wconf 80' lang='lat' dir='ltr'><strong>auctores</strong></span> <span class='ocrx_word' id='word_1_380' title='bbox 1243 781 1298 813; x_wconf 87' lang='lat' dir='ltr'><strong>isti,</strong></span> <span class='ocrx_word' id='word_1_381' title='bbox 1315 789 1384 816; x_wconf 89' lang='lat' dir='ltr'><strong>quos</strong></span> <span class='ocrx_word' id='word_1_382' title='bbox 1407 782 1541 809; x_wconf 83' lang='lat' dir='ltr'><strong>confictos</strong></span> <span class='ocrx_word' id='word_1_383' title='bbox 1565 783 1690 810; x_wconf 88' lang='lat' dir='ltr'><strong>credide-</strong></span> 
     </span>
    </p>
   </div>
   <div class='ocr_carea' id='block_1_59' title="bbox 900 826 1691 860">
    <p class='ocr_par' dir='ltr' id='par_1_59' title="bbox 900 826 1691 860">
     <span class='ocr_line' id='line_1_59' title="bbox 900 826 1691 860; baseline 0.003 -7"><span class='ocrx_word' id='word_1_384' title='bbox 900 831 942 853; x_wconf 90' lang='lat' dir='ltr'><strong>rat</strong></span> <span class='ocrx_word' id='word_1_385' title='bbox 961 826 1127 860; x_wconf 87' lang='lat' dir='ltr'><strong>Blondellus,</strong></span> <span class='ocrx_word' id='word_1_386' title='bbox 1145 835 1219 854; x_wconf 90' lang='lat' dir='ltr'><strong>nunc</strong></span> <span class='ocrx_word' id='word_1_387' title='bbox 1245 827 1271 854; x_wconf 91' lang='lat' dir='ltr'><strong>in</strong></span> <span class='ocrx_word' id='word_1_388' title='bbox 1296 827 1419 854; x_wconf 88' lang='lat' dir='ltr'><strong>onmium</strong></span> <span class='ocrx_word' id='word_1_389' title='bbox 1440 832 1585 855; x_wconf 81' lang='lat' dir='ltr'><strong>versentur</strong></span> <span class='ocrx_word' id='word_1_390' title='bbox 1603 828 1691 855; x_wconf 88' lang='lat' dir='ltr'><strong>mani-</strong></span> 
     </span>
    </p>
   </div>
   <div class='ocr_carea' id='block_1_60' title="bbox 864 871 1689 907">
    <p class='ocr_par' dir='ltr' id='par_1_60' title="bbox 864 871 1689 907">
     <span class='ocr_line' id='line_1_60' title="bbox 864 871 1689 907; baseline 0.002 -9"><span class='ocrx_word' id='word_1_391' title='bbox 864 872 885 899; x_wconf 88' lang='lat' dir='ltr'><strong>B</strong></span> <span class='ocrx_word' id='word_1_392' title='bbox 899 871 960 905; x_wconf 89' lang='lat' dir='ltr'><strong>bus,</strong></span> <span class='ocrx_word' id='word_1_393' title='bbox 975 876 1058 907; x_wconf 87' lang='lat' dir='ltr'><strong>atque</strong></span> <span class='ocrx_word' id='word_1_394' title='bbox 1070 872 1298 907; x_wconf 82' lang='lat' dir='ltr'><strong>peritissimOrum</strong></span> <span class='ocrx_word' id='word_1_395' title='bbox 1312 878 1412 899; x_wconf 64' lang='lat' dir='ltr'><strong>nostra:</strong></span> <span class='ocrx_word' id='word_1_396' title='bbox 1428 872 1515 900; x_wconf 66' lang='lat' dir='ltr'><strong>aetatis</strong></span> <span class='ocrx_word' id='word_1_397' title='bbox 1531 872 1689 900; x_wconf 89' lang='lat' dir='ltr'><strong>criticorum</strong></span> 
     </span>
    </p>
   </div>
   <div class='ocr_carea' id='block_1_61' title="bbox 899 918 1691 953">
    <p class='ocr_par' dir='ltr' id='par_1_61' title="bbox 899 918 1691 953">
     <span class='ocr_line' id='line_1_61' title="bbox 899 918 1691 953; baseline -0.001 -7"><span class='ocrx_word' id='word_1_398' title='bbox 899 919 1111 953; x_wconf 86' lang='lat' dir='ltr'><strong>comprobentur</strong></span> <span class='ocrx_word' id='word_1_399' title='bbox 1122 918 1238 945; x_wconf 87' lang='lat' dir='ltr'><strong>calculo.</strong></span> <span class='ocrx_word' id='word_1_400' title='bbox 1247 918 1387 946; x_wconf 81' lang='lat' dir='ltr'><strong>Blondello</strong></span> <span class='ocrx_word' id='word_1_401' title='bbox 1396 918 1560 953; x_wconf 85' lang='lat' dir='ltr'><strong>astipulatur</strong></span> <span class='ocrx_word' id='word_1_402' title='bbox 1568 918 1691 946; x_wconf 81' lang='lat' dir='ltr'><strong>Edmun~</strong></span> 
     </span>
    </p>
   </div>
   <div class='ocr_carea' id='block_1_62' title="bbox 898 959 1687 994">
    <p class='ocr_par' dir='ltr' id='par_1_62' title="bbox 898 959 1687 994">
     <span class='ocr_line' id='line_1_62' title="bbox 898 959 1687 994; baseline -0.004 -3"><span class='ocrx_word' id='word_1_403' title='bbox 898 964 951 991; x_wconf 88' lang='lat' dir='ltr'><strong>dus</strong></span> <span class='ocrx_word' id='word_1_404' title='bbox 961 963 1119 990; x_wconf 71' lang='lat' dir='ltr'><strong>Alliertiuus</strong></span> <span class='ocrx_word' id='word_1_405' title='bbox 1131 963 1202 990; x_wconf 89' lang='lat' dir='ltr'><strong>libro</strong></span> <span class='ocrx_word' id='word_1_406' title='bbox 1216 970 1236 989; x_wconf 97' lang='grc' dir='ltr'><strong>ιι</strong></span> <span class='ocrx_word' id='word_1_407' title='bbox 1259 962 1296 989; x_wconf 86' lang='lat' dir='ltr'><strong>De</strong></span> <span class='ocrx_word' id='word_1_408' title='bbox 1313 967 1479 989; x_wconf 86' lang='lat' dir='ltr'><strong>sacramento</strong></span> <span class='ocrx_word' id='word_1_409' title='bbox 1497 959 1687 994; x_wconf 77' lang='lat' dir='ltr'><strong>Eucharistise,</strong></span> 
     </span>
    </p>
   </div>
   <div class='ocr_carea' id='block_1_63' title="bbox 898 1007 1688 1044">
    <p class='ocr_par' dir='ltr' id='par_1_63' title="bbox 898 1007 1688 1044">
     <span class='ocr_line' id='line_1_63' title="bbox 898 1007 1688 1044; baseline -0.001 -8"><span class='ocrx_word' id='word_1_410' title='bbox 898 1017 925 1044; x_wconf 91' lang='lat' dir='ltr'><strong>p.</strong></span> <span class='ocrx_word' id='word_1_411' title='bbox 942 1017 980 1036; x_wconf 85' lang='grc' dir='ltr'>ιιι.</span> <span class='ocrx_word' id='word_1_412' title='bbox 1000 1008 1053 1035; x_wconf 71' lang='grc'><strong>420</strong></span> <span class='ocrx_word' id='word_1_413' title='bbox 1073 1008 1122 1043; x_wconf 86' lang='grc'><strong>(7),</strong></span> <span class='ocrx_word' id='word_1_414' title='bbox 1148 1007 1194 1043; x_wconf 93' lang='lat' dir='ltr'><strong>qui</strong></span> <span class='ocrx_word' id='word_1_415' title='bbox 1209 1015 1324 1035; x_wconf 79' lang='lat' dir='ltr'><strong>censura</strong></span> <span class='ocrx_word' id='word_1_416' title='bbox 1338 1008 1426 1042; x_wconf 84' lang='lat' dir='ltr'><strong>magis</strong></span> <span class='ocrx_word' id='word_1_417' title='bbox 1442 1014 1524 1042; x_wconf 92' lang='lat' dir='ltr'><strong>quam</strong></span> <span class='ocrx_word' id='word_1_418' title='bbox 1542 1007 1688 1035; x_wconf 84' lang='lat' dir='ltr'><strong>dictaloria</strong></span> 
     </span>
    </p>
   </div>
   <div class='ocr_carea' id='block_1_64' title="bbox 898 1052 1690 1088">
    <p class='ocr_par' dir='ltr' id='par_1_64' title="bbox 898 1052 1690 1088">
     <span class='ocr_line' id='line_1_64' title="bbox 898 1052 1690 1088; baseline -0.004 -6"><span class='ocrx_word' id='word_1_419' title='bbox 898 1054 1084 1082; x_wconf 86' lang='lat' dir='ltr'><strong>testimonium</strong></span> <span class='ocrx_word' id='word_1_420' title='bbox 1106 1053 1237 1088; x_wconf 80' lang='lat' dir='ltr'><strong>Magnetis</strong></span> <span class='ocrx_word' id='word_1_421' title='bbox 1261 1061 1276 1080; x_wconf 95' lang='lat' dir='ltr'><strong>a</strong></span> <span class='ocrx_word' id='word_1_422' title='bbox 1297 1052 1432 1081; x_wconf 87' lang='lat' dir='ltr'><strong>Turriano</strong></span> <span class='ocrx_word' id='word_1_423' title='bbox 1450 1053 1566 1088; x_wconf 88' lang='lat' dir='ltr'><strong>aliisque</strong></span> <span class='ocrx_word' id='word_1_424' title='bbox 1587 1053 1690 1088; x_wconf 82' lang='lat' dir='ltr'><strong>produ-</strong></span> 
     </span>
    </p>
   </div>
   <div class='ocr_carea' id='block_1_65' title="bbox 897 1099 1690 1134">
    <p class='ocr_par' dir='ltr' id='par_1_65' title="bbox 897 1099 1690 1134">
     <span class='ocr_line' id='line_1_65' title="bbox 897 1099 1690 1134; baseline -0.001 -7"><span class='ocrx_word' id='word_1_425' title='bbox 897 1106 982 1132; x_wconf 80' lang='lat' dir='ltr'><strong>ctum,</strong></span> <span class='ocrx_word' id='word_1_426' title='bbox 1004 1100 1110 1127; x_wconf 85' lang='lat' dir='ltr'><strong>veritati</strong></span> <span class='ocrx_word' id='word_1_427' title='bbox 1123 1107 1213 1127; x_wconf 71' lang='lat' dir='ltr'><strong>causa:</strong></span> <span class='ocrx_word' id='word_1_428' title='bbox 1223 1099 1357 1133; x_wconf 86' lang='lat' dir='ltr'><strong>dillidens,</strong></span> <span class='ocrx_word' id='word_1_429' title='bbox 1369 1107 1432 1127; x_wconf 93' lang='lat' dir='ltr'><strong>cum</strong></span> <span class='ocrx_word' id='word_1_430' title='bbox 1448 1107 1501 1126; x_wconf 88' lang='lat' dir='ltr'><strong>non</strong></span> <span class='ocrx_word' id='word_1_431' title='bbox 1519 1104 1611 1134; x_wconf 89' lang='lat' dir='ltr'><strong>posset</strong></span> <span class='ocrx_word' id='word_1_432' title='bbox 1626 1107 1690 1134; x_wconf 91' lang='lat' dir='ltr'><strong>pro-</strong></span> 
     </span>
    </p>
   </div>
   <div class='ocr_carea' id='block_1_66' title="bbox 897 1144 1689 1182">
    <p class='ocr_par' dir='ltr' id='par_1_66' title="bbox 897 1144 1689 1182">
     <span class='ocr_line' id='line_1_66' title="bbox 897 1144 1689 1182; baseline -0.004 -8"><span class='ocrx_word' id='word_1_433' title='bbox 897 1147 979 1174; x_wconf 88' lang='lat' dir='ltr'><strong>babili</strong></span> <span class='ocrx_word' id='word_1_434' title='bbox 1002 1147 1093 1182; x_wconf 87' lang='lat' dir='ltr'><strong>aliqua</strong></span> <span class='ocrx_word' id='word_1_435' title='bbox 1118 1147 1224 1174; x_wconf 86' lang='lat' dir='ltr'><strong>ratione</strong></span> <span class='ocrx_word' id='word_1_436' title='bbox 1246 1145 1376 1177; x_wconf 85' lang='lat' dir='ltr'><strong>refutare,</strong></span> <span class='ocrx_word' id='word_1_437' title='bbox 1401 1145 1515 1172; x_wconf 91' lang='lat' dir='ltr'><strong>irridere</strong></span> <span class='ocrx_word' id='word_1_438' title='bbox 1537 1144 1643 1176; x_wconf 86' lang='lat' dir='ltr'><strong>maluit,</strong></span> <span class='ocrx_word' id='word_1_439' title='bbox 1657 1151 1689 1172; x_wconf 82' lang='lat' dir='ltr'><strong>ac</strong></span> 
     </span>
    </p>
   </div>
   <div class='ocr_carea' id='block_1_67' title="bbox 897 1190 1689 1227">
    <p class='ocr_par' dir='ltr' id='par_1_67' title="bbox 897 1190 1689 1227">
     <span class='ocr_line' id='line_1_67' title="bbox 897 1190 1689 1227; baseline -0.004 -7"><span class='ocrx_word' id='word_1_440' title='bbox 897 1193 1050 1227; x_wconf 90' lang='lat' dir='ltr'><strong>petulanter</strong></span> <span class='ocrx_word' id='word_1_441' title='bbox 1064 1193 1137 1220; x_wconf 93' lang='lat' dir='ltr'><strong>hunc</strong></span> <span class='ocrx_word' id='word_1_442' title='bbox 1151 1193 1177 1219; x_wconf 93' lang='lat' dir='ltr'><strong>in</strong></span> <span class='ocrx_word' id='word_1_443' title='bbox 1194 1192 1305 1219; x_wconf 92' lang='lat' dir='ltr'><strong>modum</strong></span> <span class='ocrx_word' id='word_1_444' title='bbox 1318 1191 1462 1226; x_wconf 85' lang='lat' dir='ltr'><strong>explodere</strong></span> <span class='ocrx_word' id='word_1_445' title='bbox 1474 1191 1587 1218; x_wconf 83' lang='lat' dir='ltr'><strong>tentavit</strong></span> <span class='ocrx_word' id='word_1_446' title='bbox 1599 1199 1605 1217; x_wconf 92' lang='lat'><strong>:</strong></span> <span class='ocrx_word' id='word_1_447' title='bbox 1620 1190 1689 1217; x_wconf 86' lang='lat' dir='ltr'><strong>Tur-</strong></span> 
     </span>
    </p>
   </div>
   <div class='ocr_carea' id='block_1_68' title="bbox 896 1235 1690 1273">
    <p class='ocr_par' dir='ltr' id='par_1_68' title="bbox 896 1235 1690 1273">
     <span class='ocr_line' id='line_1_68' title="bbox 896 1235 1690 1273; baseline -0.003 -9"><span class='ocrx_word' id='word_1_448' title='bbox 896 1239 988 1266; x_wconf 84' lang='lat' dir='ltr'><strong>rianus</strong></span> <span class='ocrx_word' id='word_1_449' title='bbox 1004 1239 1105 1273; x_wconf 82' lang='lat' dir='ltr'><strong>primus</strong></span> <span class='ocrx_word' id='word_1_450' title='bbox 1114 1239 1232 1265; x_wconf 90' lang='lat' dir='ltr'><strong>omnium</strong></span> <span class='ocrx_word' id='word_1_451' title='bbox 1245 1238 1330 1273; x_wconf 86' lang='lat' dir='ltr'><strong>(quod</strong></span> <span class='ocrx_word' id='word_1_452' title='bbox 1343 1237 1463 1272; x_wconf 86' lang='lat' dir='ltr'><strong>equidem</strong></span> <span class='ocrx_word' id='word_1_453' title='bbox 1478 1235 1580 1272; x_wconf 83' lang='lat' dir='ltr'><strong>sciam)</strong></span> <span class='ocrx_word' id='word_1_454' title='bbox 1596 1241 1690 1271; x_wconf 85' lang='lat' dir='ltr'><strong>protu-</strong></span> 
     </span>
    </p>
   </div>
   <div class='ocr_carea' id='block_1_69' title="bbox 897 1282 1688 1318">
    <p class='ocr_par' dir='ltr' id='par_1_69' title="bbox 897 1282 1688 1318">
     <span class='ocr_line' id='line_1_69' title="bbox 897 1282 1688 1318; baseline -0.004 -8"><span class='ocrx_word' id='word_1_455' title='bbox 897 1284 927 1310; x_wconf 85' lang='lat' dir='ltr'><strong>lit</strong></span> <span class='ocrx_word' id='word_1_456' title='bbox 941 1284 968 1310; x_wconf 87' lang='lat' dir='ltr'><strong>itt</strong></span> <span class='ocrx_word' id='word_1_457' title='bbox 983 1284 1089 1318; x_wconf 82' lang='lat' dir='ltr'><strong>scriptis</strong></span> <span class='ocrx_word' id='word_1_458' title='bbox 1105 1285 1161 1311; x_wconf 78' lang='lat' dir='ltr'><strong>suis</strong></span> <span class='ocrx_word' id='word_1_459' title='bbox 1174 1283 1251 1310; x_wconf 80' lang='lat' dir='ltr'><strong>verba</strong></span> <span class='ocrx_word' id='word_1_460' title='bbox 1268 1284 1323 1310; x_wconf 75' lang='lat' dir='ltr'><strong>hwc</strong></span> <span class='ocrx_word' id='word_1_461' title='bbox 1338 1282 1426 1309; x_wconf 83' lang='lat' dir='ltr'><strong>nescio</strong></span> <span class='ocrx_word' id='word_1_462' title='bbox 1449 1282 1516 1309; x_wconf 84' lang='lat' dir='ltr'><strong>unde</strong></span> <span class='ocrx_word' id='word_1_463' title='bbox 1527 1287 1633 1317; x_wconf 87' lang='lat' dir='ltr'><strong>sumpta</strong></span> <span class='ocrx_word' id='word_1_464' title='bbox 1655 1289 1688 1308; x_wconf 76' lang='lat' dir='ltr'><strong>ea:</strong></span> 
     </span>
    </p>
   </div>
   <div class='ocr_carea' id='block_1_70' title="bbox 897 1327 1687 1364">
    <p class='ocr_par' dir='ltr' id='par_1_70' title="bbox 897 1327 1687 1364">
     <span class='ocr_line' id='line_1_70' title="bbox 897 1327 1687 1364; baseline -0.004 -8"><span class='ocrx_word' id='word_1_465' title='bbox 897 1329 1019 1364; x_wconf 80' lang='lat' dir='ltr'><strong>Magnete</strong></span> <span class='ocrx_word' id='word_1_466' title='bbox 1036 1330 1161 1356; x_wconf 79' lang='lat' dir='ltr'><strong>adversus</strong></span> <span class='ocrx_word' id='word_1_467' title='bbox 1183 1329 1369 1356; x_wconf 81' lang='lat' dir='ltr'><strong>Theoslhenem</strong></span> <span class='ocrx_word' id='word_1_468' title='bbox 1388 1348 1396 1356; x_wconf 92' lang='lat'><strong>.</strong></span> <span class='ocrx_word' id='word_1_469' title='bbox 1414 1348 1421 1356; x_wconf 91' lang='lat'><strong>.</strong></span> <span class='ocrx_word' id='word_1_470' title='bbox 1438 1347 1446 1355; x_wconf 93' lang='lat'><strong>.</strong></span> <span class='ocrx_word' id='word_1_471' title='bbox 1476 1327 1571 1354; x_wconf 84' lang='lat' dir='ltr'><strong>Verum</strong></span> <span class='ocrx_word' id='word_1_472' title='bbox 1587 1328 1622 1354; x_wconf 87' lang='lat' dir='ltr'><strong>ad</strong></span> <span class='ocrx_word' id='word_1_473' title='bbox 1638 1335 1687 1362; x_wconf 89' lang='lat' dir='ltr'><strong>po-</strong></span> 
     </span>
    </p>
   </div>
   <div class='ocr_carea' id='block_1_71' title="bbox 896 1373 1688 1409">
    <p class='ocr_par' dir='ltr' id='par_1_71' title="bbox 896 1373 1688 1409">
     <span class='ocr_line' id='line_1_71' title="bbox 896 1373 1688 1409; baseline -0.001 -9"><span class='ocrx_word' id='word_1_474' title='bbox 896 1375 988 1409; x_wconf 89' lang='lat' dir='ltr'><strong>puluttt</strong></span> <span class='ocrx_word' id='word_1_475' title='bbox 1007 1374 1139 1408; x_wconf 84' lang='lat' dir='ltr'><strong>phaleras.</strong></span> <span class='ocrx_word' id='word_1_476' title='bbox 1151 1373 1216 1407; x_wconf 80' lang='lat' dir='ltr'><strong>Quis</strong></span> <span class='ocrx_word' id='word_1_477' title='bbox 1228 1374 1296 1401; x_wconf 88' lang='lat' dir='ltr'><strong>enint</strong></span> <span class='ocrx_word' id='word_1_478' title='bbox 1309 1378 1432 1406; x_wconf 71' lang='lat' dir='ltr'><strong>veterum,</strong></span> <span class='ocrx_word' id='word_1_479' title='bbox 1445 1374 1497 1399; x_wconf 87' lang='lat' dir='ltr'><strong>imo</strong></span> <span class='ocrx_word' id='word_1_480' title='bbox 1506 1373 1584 1400; x_wconf 83' lang='lat' dir='ltr'><strong>etiam</strong></span> <span class='ocrx_word' id='word_1_481' title='bbox 1601 1381 1688 1400; x_wconf 78' lang='lat' dir='ltr'><strong>recert-</strong></span> 
     </span>
    </p>
   </div>
   <div class='ocr_carea' id='block_1_72' title="bbox 897 1416 1720 1455">
    <p class='ocr_par' dir='ltr' id='par_1_72' title="bbox 897 1416 1720 1455">
     <span class='ocr_line' id='line_1_72' title="bbox 897 1416 1720 1455; baseline -0.001 -9"><span class='ocrx_word' id='word_1_482' title='bbox 897 1420 992 1446; x_wconf 85' lang='lat' dir='ltr'><strong>tiorunt</strong></span> <span class='ocrx_word' id='word_1_483' title='bbox 1006 1428 1052 1454; x_wconf 87' lang='lat' dir='ltr'><strong>per</strong></span> <span class='ocrx_word' id='word_1_484' title='bbox 1069 1428 1158 1447; x_wconf 83' lang='lat' dir='ltr'><strong>not-ent</strong></span> <span class='ocrx_word' id='word_1_485' title='bbox 1177 1426 1223 1447; x_wconf 91' lang='lat' dir='ltr'><strong>aut</strong></span> <span class='ocrx_word' id='word_1_486' title='bbox 1237 1420 1325 1446; x_wconf 76' lang='lat' dir='ltr'><strong>decem</strong></span> <span class='ocrx_word' id='word_1_487' title='bbox 1347 1419 1445 1446; x_wconf 81' lang='lat' dir='ltr'><strong>stecula</strong></span> <span class='ocrx_word' id='word_1_488' title='bbox 1460 1419 1589 1455; x_wconf 86' lang='lat' dir='ltr'><strong>Magnetis</strong></span> <span class='ocrx_word' id='word_1_489' title='bbox 1608 1419 1687 1455; x_wconf 78' lang='lat' dir='ltr'><strong>hujus</strong></span> <span class='ocrx_word' id='word_1_490' title='bbox 1712 1416 1720 1423; x_wconf 79' lang='grc'><em>“</em></span> 
     </span>
    </p>
   </div>
   <div class='ocr_carea' id='block_1_73' title="bbox 895 1464 1687 1500">
    <p class='ocr_par' dir='ltr' id='par_1_73' title="bbox 895 1464 1687 1500">
     <span class='ocr_line' id='line_1_73' title="bbox 895 1464 1687 1500; baseline -0.001 -8"><span class='ocrx_word' id='word_1_491' title='bbox 895 1465 934 1492; x_wconf 82' lang='lat' dir='ltr'><strong>vel</strong></span> <span class='ocrx_word' id='word_1_492' title='bbox 946 1466 1033 1500; x_wconf 82' lang='lat' dir='ltr'><strong>quoad</strong></span> <span class='ocrx_word' id='word_1_493' title='bbox 1050 1474 1143 1492; x_wconf 85' lang='lat' dir='ltr'><strong>nomen</strong></span> <span class='ocrx_word' id='word_1_494' title='bbox 1160 1471 1261 1492; x_wconf 88' lang='lat' dir='ltr'><strong>tantum</strong></span> <span class='ocrx_word' id='word_1_495' title='bbox 1276 1466 1442 1492; x_wconf 80' lang='lat' dir='ltr'><strong>meminerit?</strong></span> <span class='ocrx_word' id='word_1_496' title='bbox 1459 1464 1587 1491; x_wconf 84' lang='lat' dir='ltr'><strong>Fictitius</strong></span> <span class='ocrx_word' id='word_1_497' title='bbox 1609 1473 1687 1499; x_wconf 84' lang='lat' dir='ltr'><strong>pror-</strong></span> 
     </span>
    </p>
   </div>
   <div class='ocr_carea' id='block_1_74' title="bbox 895 1510 1688 1545">
    <p class='ocr_par' dir='ltr' id='par_1_74' title="bbox 895 1510 1688 1545">
     <span class='ocr_line' id='line_1_74' title="bbox 895 1510 1688 1545; baseline 0 -7"><span class='ocrx_word' id='word_1_498' title='bbox 895 1519 940 1538; x_wconf 79' lang='lat' dir='ltr'><strong>sus</strong></span> <span class='ocrx_word' id='word_1_499' title='bbox 953 1517 1047 1538; x_wconf 83' lang='lat' dir='ltr'><strong>auctor</strong></span> <span class='ocrx_word' id='word_1_500' title='bbox 1069 1517 1118 1544; x_wconf 80' lang='lat' dir='ltr'><strong>est,</strong></span> <span class='ocrx_word' id='word_1_501' title='bbox 1142 1516 1187 1538; x_wconf 87' lang='lat' dir='ltr'><strong>aut</strong></span> <span class='ocrx_word' id='word_1_502' title='bbox 1200 1511 1293 1538; x_wconf 87' lang='lat' dir='ltr'><strong>saltent</strong></span> <span class='ocrx_word' id='word_1_503' title='bbox 1311 1519 1390 1537; x_wconf 87' lang='lat' dir='ltr'><strong>novus</strong></span> <span class='ocrx_word' id='word_1_504' title='bbox 1407 1510 1506 1543; x_wconf 86' lang='lat' dir='ltr'><strong>aliquis</strong></span> <span class='ocrx_word' id='word_1_505' title='bbox 1531 1519 1561 1537; x_wconf 90' lang='lat' dir='ltr'><strong>ac</strong></span> <span class='ocrx_word' id='word_1_506' title='bbox 1573 1518 1688 1545; x_wconf 69' lang='lat' dir='ltr'><strong>nuperi/8</strong></span> 
     </span>
    </p>
   </div>
   <div class='ocr_carea' id='block_1_75' title="bbox 896 1557 1684 1592">
    <p class='ocr_par' dir='ltr' id='par_1_75' title="bbox 896 1557 1684 1592">
     <span class='ocr_line' id='line_1_75' title="bbox 896 1557 1684 1592; baseline 0.001 -9"><span class='ocrx_word' id='word_1_507' title='bbox 896 1557 1036 1592; x_wconf 76' lang='lat' dir='ltr'><strong>grteculus,</strong></span> <span class='ocrx_word' id='word_1_508' title='bbox 1062 1557 1137 1591; x_wconf 85' lang='lat' dir='ltr'><strong>cujus</strong></span> <span class='ocrx_word' id='word_1_509' title='bbox 1153 1557 1312 1591; x_wconf 80' lang='lat' dir='ltr'><strong>scriptorum</strong></span> <span class='ocrx_word' id='word_1_510' title='bbox 1329 1557 1459 1583; x_wconf 81' lang='lat' dir='ltr'><strong>certitudo</strong></span> <span class='ocrx_word' id='word_1_511' title='bbox 1475 1561 1532 1583; x_wconf 90' lang='lat' dir='ltr'><strong>tota</strong></span> <span class='ocrx_word' id='word_1_512' title='bbox 1545 1561 1583 1583; x_wconf 75' lang='lat' dir='ltr'><strong>est</strong></span> <span class='ocrx_word' id='word_1_513' title='bbox 1606 1565 1684 1592; x_wconf 85' lang='lat' dir='ltr'><strong>pcncs</strong></span> 
     </span>
    </p>
   </div>
   <div class='ocr_carea' id='block_1_76' title="bbox 898 1603 1686 1639">
    <p class='ocr_par' dir='ltr' id='par_1_76' title="bbox 898 1603 1686 1639">
     <span class='ocr_line' id='line_1_76' title="bbox 898 1603 1686 1639; baseline 0.001 -10"><span class='ocrx_word' id='word_1_514' title='bbox 898 1603 1058 1630; x_wconf 82' lang='lat' dir='ltr'><strong>Turrianum</strong></span> <span class='ocrx_word' id='word_1_515' title='bbox 1079 1604 1168 1638; x_wconf 74' lang='lat' dir='ltr'><strong>exigui</strong></span> <span class='ocrx_word' id='word_1_516' title='bbox 1190 1604 1291 1638; x_wconf 82' lang='lat' dir='ltr'><strong>judicii</strong></span> <span class='ocrx_word' id='word_1_517' title='bbox 1305 1604 1401 1635; x_wconf 73' lang='lat' dir='ltr'><strong>virum,</strong></span> <span class='ocrx_word' id='word_1_518' title='bbox 1423 1604 1535 1639; x_wconf 80' lang='lat' dir='ltr'><strong>ﬁdeique</strong></span> <span class='ocrx_word' id='word_1_519' title='bbox 1550 1603 1624 1630; x_wconf 72' lang='lat' dir='ltr'><strong>valde</strong></span> <span class='ocrx_word' id='word_1_520' title='bbox 1639 1612 1686 1630; x_wconf 84' lang='lat' dir='ltr'><strong>stt-</strong></span> 
     </span>
    </p>
   </div>
   <div class='ocr_carea' id='block_1_77' title="bbox 895 1649 1685 1685">
    <p class='ocr_par' dir='ltr' id='par_1_77' title="bbox 895 1649 1685 1685">
     <span class='ocr_line' id='line_1_77' title="bbox 895 1649 1685 1685; baseline 0 -9"><span class='ocrx_word' id='word_1_521' title='bbox 895 1655 1000 1684; x_wconf 68' lang='lat' dir='ltr'><strong>spectae.</strong></span> <span class='ocrx_word' id='word_1_522' title='bbox 1018 1649 1052 1677; x_wconf 81' lang='lat' dir='ltr'><strong>Et</strong></span> <span class='ocrx_word' id='word_1_523' title='bbox 1065 1650 1161 1676; x_wconf 89' lang='lat' dir='ltr'><strong>audent</strong></span> <span class='ocrx_word' id='word_1_524' title='bbox 1179 1650 1324 1677; x_wconf 83' lang='lat' dir='ltr'><strong>adversarii</strong></span> <span class='ocrx_word' id='word_1_525' title='bbox 1339 1650 1436 1685; x_wconf 86' lang='lat' dir='ltr'><strong>absque</strong></span> <span class='ocrx_word' id='word_1_526' title='bbox 1455 1649 1510 1676; x_wconf 80' lang='lat' dir='ltr'><strong>ulla</strong></span> <span class='ocrx_word' id='word_1_527' title='bbox 1529 1651 1685 1677; x_wconf 79' lang='lat' dir='ltr'><strong>verecundia</strong></span> 
     </span>
    </p>
   </div>
   <div class='ocr_carea' id='block_1_78' title="bbox 894 1695 1686 1731">
    <p class='ocr_par' dir='ltr' id='par_1_78' title="bbox 894 1695 1686 1731">
     <span class='ocr_line' id='line_1_78' title="bbox 894 1695 1686 1731; baseline 0.001 -10"><span class='ocrx_word' id='word_1_528' title='bbox 894 1695 1023 1729; x_wconf 77' lang='lat' dir='ltr'><strong>ejusmodi</strong></span> <span class='ocrx_word' id='word_1_529' title='bbox 1039 1695 1194 1731; x_wconf 83' lang='lat' dir='ltr'><strong>quisquilias</strong></span> <span class='ocrx_word' id='word_1_530' title='bbox 1206 1704 1254 1730; x_wconf 89' lang='lat' dir='ltr'><strong>pro</strong></span> <span class='ocrx_word' id='word_1_531' title='bbox 1271 1701 1384 1722; x_wconf 78' lang='lat' dir='ltr'><strong>celerant</strong></span> <span class='ocrx_word' id='word_1_532' title='bbox 1400 1696 1574 1722; x_wconf 80' lang='lat' dir='ltr'><strong>monumentis</strong></span> <span class='ocrx_word' id='word_1_533' title='bbox 1590 1696 1616 1722; x_wconf 87' lang='lat' dir='ltr'><strong>in</strong></span> <span class='ocrx_word' id='word_1_534' title='bbox 1629 1704 1686 1722; x_wconf 72' lang='lat' dir='ltr'><strong>me-</strong></span> 
     </span>
    </p>
   </div>
   <div class='ocr_carea' id='block_1_79' title="bbox 896 1742 1687 1776">
    <p class='ocr_par' dir='ltr' id='par_1_79' title="bbox 896 1742 1687 1776">
     <span class='ocr_line' id='line_1_79' title="bbox 896 1742 1687 1776; baseline 0.001 -8"><span class='ocrx_word' id='word_1_535' title='bbox 896 1742 969 1768; x_wconf 84' lang='lat' dir='ltr'><strong>dium</strong></span> <span class='ocrx_word' id='word_1_536' title='bbox 983 1742 1134 1769; x_wconf 81' lang='lat' dir='ltr'><strong>adducere?</strong></span> <span class='ocrx_word' id='word_1_537' title='bbox 1151 1742 1221 1768; x_wconf 84' lang='lat' dir='ltr'><strong>Proh</strong></span> <span class='ocrx_word' id='word_1_538' title='bbox 1239 1742 1286 1768; x_wconf 85' lang='lat' dir='ltr'><strong>Dei</strong></span> <span class='ocrx_word' id='word_1_539' title='bbox 1304 1749 1328 1769; x_wconf 88' lang='lat' dir='ltr'><strong>et</strong></span> <span class='ocrx_word' id='word_1_540' title='bbox 1343 1742 1476 1768; x_wconf 86' lang='lat' dir='ltr'><strong>hominum</strong></span> <span class='ocrx_word' id='word_1_541' title='bbox 1497 1742 1595 1776; x_wconf 71' lang='lat' dir='ltr'><strong>ﬁdem!</strong></span> <span class='ocrx_word' id='word_1_542' title='bbox 1621 1742 1687 1775; x_wconf 72' lang='lat' dir='ltr'><strong>Qua:</strong></span> 
     </span>
    </p>
   </div>
   <div class='ocr_carea' id='block_1_80' title="bbox 896 1788 1684 1823">
    <p class='ocr_par' dir='ltr' id='par_1_80' title="bbox 896 1788 1684 1823">
     <span class='ocr_line' id='line_1_80' title="bbox 896 1788 1684 1823; baseline 0 -9"><span class='ocrx_word' id='word_1_543' title='bbox 896 1796 1053 1823; x_wconf 89' lang='lat' dir='ltr'><strong>quanquam</strong></span> <span class='ocrx_word' id='word_1_544' title='bbox 1071 1793 1171 1815; x_wconf 88' lang='lat' dir='ltr'><strong>temere</strong></span> <span class='ocrx_word' id='word_1_545' title='bbox 1181 1789 1294 1815; x_wconf 87' lang='lat' dir='ltr'><strong>omnino</strong></span> <span class='ocrx_word' id='word_1_546' title='bbox 1310 1793 1336 1814; x_wconf 91' lang='lat' dir='ltr'><strong>ct</strong></span> <span class='ocrx_word' id='word_1_547' title='bbox 1346 1792 1506 1822; x_wconf 80' lang='lat' dir='ltr'><strong>arroganter</strong></span> <span class='ocrx_word' id='word_1_548' title='bbox 1519 1788 1553 1814; x_wconf 87' lang='lat' dir='ltr'><strong>ab</strong></span> <span class='ocrx_word' id='word_1_549' title='bbox 1567 1795 1600 1815; x_wconf 89' lang='lat' dir='ltr'><strong>eo</strong></span> <span class='ocrx_word' id='word_1_550' title='bbox 1612 1788 1684 1815; x_wconf 82' lang='lat' dir='ltr'><strong>dicta</strong></span> 
     </span>
    </p>
   </div>
   <div class='ocr_carea' id='block_1_81' title="bbox 895 1832 1685 1867">
    <p class='ocr_par' dir='ltr' id='par_1_81' title="bbox 895 1832 1685 1867">
     <span class='ocr_line' id='line_1_81' title="bbox 895 1832 1685 1867; baseline 0 -7"><span class='ocrx_word' id='word_1_551' title='bbox 895 1834 960 1865; x_wconf 88' lang='lat' dir='ltr'><strong>sint,</strong></span> <span class='ocrx_word' id='word_1_552' title='bbox 979 1842 994 1860; x_wconf 90' lang='lat' dir='ltr'><strong>a</strong></span> <span class='ocrx_word' id='word_1_553' title='bbox 1013 1834 1121 1860; x_wconf 88' lang='lat' dir='ltr'><strong>nemine</strong></span> <span class='ocrx_word' id='word_1_554' title='bbox 1138 1838 1227 1860; x_wconf 87' lang='lat' dir='ltr'><strong>tamen</strong></span> <span class='ocrx_word' id='word_1_555' title='bbox 1242 1833 1374 1860; x_wconf 89' lang='lat' dir='ltr'><strong>hactenus</strong></span> <span class='ocrx_word' id='word_1_556' title='bbox 1387 1832 1503 1859; x_wconf 84' lang='lat' dir='ltr'><strong>relutata</strong></span> <span class='ocrx_word' id='word_1_557' title='bbox 1516 1832 1602 1864; x_wconf 75' lang='lat' dir='ltr'><strong>video,</strong></span> <span class='ocrx_word' id='word_1_558' title='bbox 1614 1841 1685 1867; x_wconf 79' lang='lat' dir='ltr'><strong>quo-</strong></span> 
     </span>
    </p>
   </div>
   <div class='ocr_carea' id='block_1_82' title="bbox 900 1878 1685 1914">
    <p class='ocr_par' dir='ltr' id='par_1_82' title="bbox 900 1878 1685 1914">
     <span class='ocr_line' id='line_1_82' title="bbox 900 1878 1685 1914; baseline -0.003 -8"><span class='ocrx_word' id='word_1_559' title='bbox 900 1880 972 1906; x_wconf 86' lang='lat' dir='ltr'><strong>niam</strong></span> <span class='ocrx_word' id='word_1_560' title='bbox 987 1880 1020 1906; x_wconf 89' lang='lat' dir='ltr'><strong>de</strong></span> <span class='ocrx_word' id='word_1_561' title='bbox 1031 1879 1152 1914; x_wconf 82' lang='lat' dir='ltr'><strong>Magnete</strong></span> <span class='ocrx_word' id='word_1_562' title='bbox 1165 1879 1376 1913; x_wconf 83' lang='lat' dir='ltr'><strong>Apocriticorum</strong></span> <span class='ocrx_word' id='word_1_563' title='bbox 1391 1882 1502 1905; x_wconf 85' lang='lat' dir='ltr'><strong>auctore</strong></span> <span class='ocrx_word' id='word_1_564' title='bbox 1511 1878 1576 1905; x_wconf 90' lang='lat' dir='ltr'><strong>nihil</strong></span> <span class='ocrx_word' id='word_1_565' title='bbox 1591 1878 1625 1905; x_wconf 83' lang='lat' dir='ltr'><strong>ab</strong></span> <span class='ocrx_word' id='word_1_566' title='bbox 1636 1886 1685 1904; x_wconf 85' lang='lat' dir='ltr'><strong>an-</strong></span> 
     </span>
    </p>
   </div>
   <div class='ocr_carea' id='block_1_83' title="bbox 899 1924 1683 1960">
    <p class='ocr_par' dir='ltr' id='par_1_83' title="bbox 899 1924 1683 1960">
     <span class='ocr_line' id='line_1_83' title="bbox 899 1924 1683 1960; baseline 0 -8"><span class='ocrx_word' id='word_1_567' title='bbox 899 1925 1065 1960; x_wconf 90' lang='lat' dir='ltr'><strong>tiquioribus</strong></span> <span class='ocrx_word' id='word_1_568' title='bbox 1083 1924 1221 1952; x_wconf 67' lang='lat' dir='ltr'><strong>memoriae</strong></span> <span class='ocrx_word' id='word_1_569' title='bbox 1235 1924 1371 1959; x_wconf 89' lang='lat' dir='ltr'><strong>proditum</strong></span> <span class='ocrx_word' id='word_1_570' title='bbox 1387 1924 1528 1958; x_wconf 85' lang='lat' dir='ltr'><strong>hucusque</strong></span> <span class='ocrx_word' id='word_1_571' title='bbox 1541 1924 1662 1951; x_wconf 84' lang='lat' dir='ltr'><strong>constitit</strong></span> <span class='ocrx_word' id='word_1_572' title='bbox 1675 1933 1683 1952; x_wconf 85' lang='lat'><strong>:</strong></span> 
     </span>
    </p>
   </div>
   <div class='ocr_carea' id='block_1_84' title="bbox 894 1968 1685 2005">
    <p class='ocr_par' dir='ltr' id='par_1_84' title="bbox 894 1968 1685 2005">
     <span class='ocr_line' id='line_1_84' title="bbox 894 1968 1685 2005; baseline 0 -9"><span class='ocrx_word' id='word_1_573' title='bbox 894 1975 1059 2005; x_wconf 85' lang='lat' dir='ltr'><strong>quapropter</strong></span> <span class='ocrx_word' id='word_1_574' title='bbox 1074 1970 1169 1997; x_wconf 84' lang='lat' dir='ltr'><strong>inanes</strong></span> <span class='ocrx_word' id='word_1_575' title='bbox 1183 1969 1318 1996; x_wconf 85' lang='lat' dir='ltr'><strong>Alhcrtini</strong></span> <span class='ocrx_word' id='word_1_576' title='bbox 1335 1968 1522 1996; x_wconf 86' lang='lat' dir='ltr'><strong>cavillationes</strong></span> <span class='ocrx_word' id='word_1_577' title='bbox 1544 1974 1625 2004; x_wconf 88' lang='lat' dir='ltr'><strong>atque</strong></span> <span class='ocrx_word' id='word_1_578' title='bbox 1640 1978 1685 1996; x_wconf 87' lang='lat' dir='ltr'><strong>ar—</strong></span> 
     </span>
    </p>
   </div>
   <div class='ocr_carea' id='block_1_85' title="bbox 895 2015 1684 2052">
    <p class='ocr_par' dir='ltr' id='par_1_85' title="bbox 895 2015 1684 2052">
     <span class='ocr_line' id='line_1_85' title="bbox 895 2015 1684 2052; baseline -0.003 -9"><span class='ocrx_word' id='word_1_579' title='bbox 895 2022 1086 2052; x_wconf 83' lang='lat' dir='ltr'><strong>gumentorum</strong></span> <span class='ocrx_word' id='word_1_580' title='bbox 1104 2016 1190 2051; x_wconf 87' lang='lat' dir='ltr'><strong>ipsius</strong></span> <span class='ocrx_word' id='word_1_581' title='bbox 1205 2015 1359 2043; x_wconf 69' lang='lat' dir='ltr'><strong>[utilitatem</strong></span> <span class='ocrx_word' id='word_1_582' title='bbox 1376 2015 1520 2049; x_wconf 86' lang='lat' dir='ltr'><strong>deinceps,</strong></span> <span class='ocrx_word' id='word_1_583' title='bbox 1539 2023 1601 2042; x_wconf 91' lang='lat' dir='ltr'><strong>cum</strong></span> <span class='ocrx_word' id='word_1_584' title='bbox 1626 2016 1684 2050; x_wconf 85' lang='lat' dir='ltr'><strong>ipsa</strong></span> 
     </span>
    </p>
   </div>
   <div class='ocr_carea' id='block_1_86' title="bbox 895 2062 1685 2098">
    <p class='ocr_par' dir='ltr' id='par_1_86' title="bbox 895 2062 1685 2098">
     <span class='ocr_line' id='line_1_86' title="bbox 895 2062 1685 2098; baseline -0.003 -8"><span class='ocrx_word' id='word_1_585' title='bbox 895 2062 1026 2098; x_wconf 78' lang='lat' dir='ltr'><strong>llagnelis</strong></span> <span class='ocrx_word' id='word_1_586' title='bbox 1041 2063 1193 2098; x_wconf 86' lang='lat' dir='ltr'><strong>fragmenta</strong></span> <span class='ocrx_word' id='word_1_587' title='bbox 1212 2063 1455 2096; x_wconf 87' lang='lat' dir='ltr'><strong>percensebuntur,</strong></span> <span class='ocrx_word' id='word_1_588' title='bbox 1466 2062 1628 2097; x_wconf 78' lang='lat' dir='ltr'><strong>explodendi</strong></span> <span class='ocrx_word' id='word_1_589' title='bbox 1644 2063 1685 2089; x_wconf 92' lang='lat' dir='ltr'><strong>lo-</strong></span> 
     </span>
    </p>
   </div>
   <div class='ocr_carea' id='block_1_87' title="bbox 895 2108 1683 2142">
    <p class='ocr_par' dir='ltr' id='par_1_87' title="bbox 895 2108 1683 2142">
     <span class='ocr_line' id='line_1_87' title="bbox 895 2108 1683 2142; baseline -0.001 -6"><span class='ocrx_word' id='word_1_590' title='bbox 895 2116 944 2137; x_wconf 91' lang='lat' dir='ltr'><strong>cns</strong></span> <span class='ocrx_word' id='word_1_591' title='bbox 971 2109 1032 2136; x_wconf 91' lang='lat' dir='ltr'><strong>crit.</strong></span> <span class='ocrx_word' id='word_1_592' title='bbox 1062 2108 1170 2136; x_wconf 86' lang='lat' dir='ltr'><strong>Interim</strong></span> <span class='ocrx_word' id='word_1_593' title='bbox 1201 2109 1351 2136; x_wconf 86' lang='lat' dir='ltr'><strong>rectissime</strong></span> <span class='ocrx_word' id='word_1_594' title='bbox 1370 2108 1482 2136; x_wconf 90' lang='lat' dir='ltr'><strong>omnino</strong></span> <span class='ocrx_word' id='word_1_595' title='bbox 1516 2108 1559 2135; x_wconf 89' lang='lat' dir='ltr'><strong>hic</strong></span> <span class='ocrx_word' id='word_1_596' title='bbox 1577 2108 1683 2142; x_wconf 89' lang='lat' dir='ltr'><strong>judicat</strong></span> 
     </span>
    </p>
   </div>
   <div class='ocr_carea' id='block_1_88' title="bbox 895 2153 1684 2189">
    <p class='ocr_par' dir='ltr' id='par_1_88' title="bbox 895 2153 1684 2189">
     <span class='ocr_line' id='line_1_88' title="bbox 895 2153 1684 2189; baseline -0.001 -9"><span class='ocrx_word' id='word_1_597' title='bbox 895 2153 926 2181; x_wconf 86' lang='grc' dir='ltr'><strong>Β.</strong></span> <span class='ocrx_word' id='word_1_598' title='bbox 942 2154 984 2182; x_wconf 83' lang='lat' dir='ltr'><strong>Jo.</strong></span> <span class='ocrx_word' id='word_1_599' title='bbox 998 2155 1059 2182; x_wconf 83' lang='lat' dir='ltr'><strong>Alb.</strong></span> <span class='ocrx_word' id='word_1_600' title='bbox 1076 2154 1219 2181; x_wconf 82' lang='lat' dir='ltr'><strong>Fabricius</strong></span> <span class='ocrx_word' id='word_1_601' title='bbox 1235 2154 1288 2189; x_wconf 84' lang='lat'><strong>(8):</strong></span> <span class='ocrx_word' id='word_1_602' title='bbox 1306 2153 1439 2187; x_wconf 82' lang='lat' dir='ltr'><strong>Injuriam</strong></span> <span class='ocrx_word' id='word_1_603' title='bbox 1462 2154 1503 2180; x_wconf 83' lang='lat' dir='ltr'><strong>his</strong></span> <span class='ocrx_word' id='word_1_604' title='bbox 1516 2154 1599 2180; x_wconf 66' lang='lat' dir='ltr'><strong>verbis</strong></span> <span class='ocrx_word' id='word_1_605' title='bbox 1614 2153 1684 2180; x_wconf 52' lang='lat' dir='ltr'><strong>Tur-</strong></span> 
     </span>
    </p>
   </div>
   <div class='ocr_carea' id='block_1_89' title="bbox 55 2197 1683 2239">
    <p class='ocr_par' dir='ltr' id='par_1_89' title="bbox 55 2197 1683 2239">
     <span class='ocr_line' id='line_1_89' title="bbox 55 2197 1683 2239; baseline -0.001 -12"><span class='ocrx_word' id='word_1_606' title='bbox 55 2205 199 2227; x_wconf 86' lang='lat' dir='ltr'><strong>cramento</strong></span> <span class='ocrx_word' id='word_1_607' title='bbox 211 2199 386 2227; x_wconf 55' lang='lat' dir='ltr'><strong>Eucharistisr</strong></span> <span class='ocrx_word' id='word_1_608' title='bbox 397 2200 517 2235; x_wconf 88' lang='lat' dir='ltr'><strong>realiqne</strong></span> <span class='ocrx_word' id='word_1_609' title='bbox 528 2201 650 2235; x_wconf 89' lang='lat' dir='ltr'><strong>corporis</strong></span> <span class='ocrx_word' id='word_1_610' title='bbox 663 2205 689 2228; x_wconf 90' lang='lat' dir='ltr'><strong>et</strong></span> <span class='ocrx_word' id='word_1_611' title='bbox 702 2201 842 2236; x_wconf 77' lang='lat' dir='ltr'><strong>sanguinis</strong></span> <span class='ocrx_word' id='word_1_612' title='bbox 857 2209 881 2239; x_wconf 81' lang='grc' dir='ltr'>ι)</span> <span class='ocrx_word' id='word_1_613' title='bbox 896 2201 970 2228; x_wconf 85' lang='lat' dir='ltr'><strong>riano</strong></span> <span class='ocrx_word' id='word_1_614' title='bbox 984 2201 1042 2234; x_wconf 78' lang='lat' dir='ltr'><strong>ﬁeri</strong></span> <span class='ocrx_word' id='word_1_615' title='bbox 1055 2209 1106 2227; x_wconf 85' lang='lat' dir='ltr'><strong>non</strong></span> <span class='ocrx_word' id='word_1_616' title='bbox 1115 2205 1153 2227; x_wconf 81' lang='lat' dir='ltr'><strong>est</strong></span> <span class='ocrx_word' id='word_1_617' title='bbox 1165 2201 1284 2232; x_wconf 83' lang='lat' dir='ltr'><strong>dubiant,</strong></span> <span class='ocrx_word' id='word_1_618' title='bbox 1296 2197 1422 2235; x_wconf 77' lang='lat' dir='ltr'><strong>longeque</strong></span> <span class='ocrx_word' id='word_1_619' title='bbox 1434 2200 1515 2235; x_wconf 80' lang='lat' dir='ltr'><strong>magis</strong></span> <span class='ocrx_word' id='word_1_620' title='bbox 1528 2202 1683 2234; x_wconf 79' lang='lat' dir='ltr'><strong>optaverim.</strong></span> 
     </span>
    </p>
   </div>
   <div class='ocr_carea' id='block_1_90' title="bbox 54 2246 841 2281">
    <p class='ocr_par' dir='ltr' id='par_1_90' title="bbox 54 2246 841 2281">
     <span class='ocr_line' id='line_1_90' title="bbox 54 2246 841 2281; baseline 0 -8"><span class='ocrx_word' id='word_1_621' title='bbox 54 2246 161 2274; x_wconf 86' lang='lat' dir='ltr'><strong>Christi</strong></span> <span class='ocrx_word' id='word_1_622' title='bbox 190 2246 330 2281; x_wconf 56' lang='lat' dir='ltr'><strong>prxsentia</strong></span> <span class='ocrx_word' id='word_1_623' title='bbox 355 2246 445 2280; x_wconf 88' lang='lat' dir='ltr'><strong>(quod</strong></span> <span class='ocrx_word' id='word_1_624' title='bbox 474 2246 500 2273; x_wconf 91' lang='lat' dir='ltr'><strong>in</strong></span> <span class='ocrx_word' id='word_1_625' title='bbox 530 2247 613 2273; x_wconf 90' lang='lat' dir='ltr'><strong>altera</strong></span> <span class='ocrx_word' id='word_1_626' title='bbox 639 2246 841 2274; x_wconf 88' lang='lat' dir='ltr'><strong>Dissertationis</strong></span> 
     </span>
    </p>
   </div>
   <div class='ocr_carea' id='block_1_91' title="bbox 56 2291 844 2326">
    <p class='ocr_par' dir='ltr' id='par_1_91' title="bbox 56 2291 844 2326">
     <span class='ocr_line' id='line_1_91' title="bbox 56 2291 844 2326; baseline 0.001 -8"><span class='ocrx_word' id='word_1_627' title='bbox 56 2296 135 2326; x_wconf 87' lang='lat' dir='ltr'><strong>parte</strong></span> <span class='ocrx_word' id='word_1_628' title='bbox 148 2292 358 2319; x_wconf 79' lang='lat' dir='ltr'><strong>examinandum</strong></span> <span class='ocrx_word' id='word_1_629' title='bbox 384 2291 631 2326; x_wconf 83' lang='lat' dir='ltr'><strong>vindicandumque</strong></span> <span class='ocrx_word' id='word_1_630' title='bbox 654 2291 741 2326; x_wconf 88' lang='lat' dir='ltr'><strong>erit);</strong></span> <span class='ocrx_word' id='word_1_631' title='bbox 760 2291 844 2319; x_wconf 88' lang='lat' dir='ltr'><strong>David</strong></span> 
     </span>
    </p>
   </div>
   <div class='ocr_carea' id='block_1_92' title="bbox 55 2336 843 2372">
    <p class='ocr_par' dir='ltr' id='par_1_92' title="bbox 55 2336 843 2372">
     <span class='ocr_line' id='line_1_92' title="bbox 55 2336 843 2372; baseline 0 -8"><span class='ocrx_word' id='word_1_632' title='bbox 55 2336 213 2364; x_wconf 80' lang='lat' dir='ltr'><strong>Blondellus</strong></span> <span class='ocrx_word' id='word_1_633' title='bbox 233 2337 351 2372; x_wconf 91' lang='lat' dir='ltr'><strong>primum</strong></span> <span class='ocrx_word' id='word_1_634' title='bbox 374 2337 409 2364; x_wconf 91' lang='lat' dir='ltr'><strong>ob</strong></span> <span class='ocrx_word' id='word_1_635' title='bbox 429 2341 582 2372; x_wconf 84' lang='lat' dir='ltr'><strong>suspectam</strong></span> <span class='ocrx_word' id='word_1_636' title='bbox 608 2336 735 2364; x_wconf 91' lang='lat' dir='ltr'><strong>Turriani</strong></span> <span class='ocrx_word' id='word_1_637' title='bbox 764 2337 843 2364; x_wconf 75' lang='lat' dir='ltr'><strong>(idem</strong></span> 
     </span>
    </p>
   </div>
   <div class='ocr_carea' id='block_1_93' title="bbox 53 2381 842 2417">
    <p class='ocr_par' dir='ltr' id='par_1_93' title="bbox 53 2381 842 2417">
     <span class='ocr_line' id='line_1_93' title="bbox 53 2381 842 2417; baseline 0.001 -9"><span class='ocrx_word' id='word_1_638' title='bbox 53 2382 141 2409; x_wconf 87' lang='lat' dir='ltr'><strong>simul</strong></span> <span class='ocrx_word' id='word_1_639' title='bbox 153 2389 260 2416; x_wconf 90' lang='lat' dir='ltr'><strong>quoque</strong></span> <span class='ocrx_word' id='word_1_640' title='bbox 273 2381 422 2417; x_wconf 81' lang='lat' dir='ltr'><strong>Magnetem</strong></span> <span class='ocrx_word' id='word_1_641' title='bbox 437 2381 561 2409; x_wconf 83' lang='lat' dir='ltr'><strong>adversus</strong></span> <span class='ocrx_word' id='word_1_642' title='bbox 578 2382 636 2417; x_wconf 89' lang='lat' dir='ltr'><strong>(vel</strong></span> <span class='ocrx_word' id='word_1_643' title='bbox 655 2383 755 2409; x_wconf 83' lang='lat' dir='ltr'><strong>rectius</strong></span> <span class='ocrx_word' id='word_1_644' title='bbox 765 2403 773 2415; x_wconf 93' lang='lat'><strong>,</strong></span> <span class='ocrx_word' id='word_1_645' title='bbox 789 2383 842 2417; x_wconf 88' lang='lat' dir='ltr'><strong>ad)</strong></span> 
     </span>
    </p>
   </div>
   <div class='ocr_carea' id='block_1_94' title="bbox 56 2429 842 2464">
    <p class='ocr_par' dir='ltr' id='par_1_94' title="bbox 56 2429 842 2464">
     <span class='ocr_line' id='line_1_94' title="bbox 56 2429 842 2464; baseline 0.004 -10"><span class='ocrx_word' id='word_1_646' title='bbox 56 2429 255 2461; x_wconf 75' lang='lat' dir='ltr'><strong>Theosthenem,</strong></span> <span class='ocrx_word' id='word_1_647' title='bbox 264 2433 392 2463; x_wconf 88' lang='lat' dir='ltr'><strong>tanquam</strong></span> <span class='ocrx_word' id='word_1_648' title='bbox 402 2429 561 2464; x_wconf 89' lang='lat' dir='ltr'><strong>scriptorem</strong></span> <span class='ocrx_word' id='word_1_649' title='bbox 568 2429 699 2457; x_wconf 85' lang='lat' dir='ltr'><strong>hactenus</strong></span> <span class='ocrx_word' id='word_1_650' title='bbox 708 2429 842 2463; x_wconf 69' lang='lat' dir='ltr'><strong>ignotum,</strong></span> 
     </span>
    </p>
   </div>
   <div class='ocr_carea' id='block_1_95' title="bbox 53 2474 843 2511">
    <p class='ocr_par' dir='ltr' id='par_1_95' title="bbox 53 2474 843 2511">
     <span class='ocr_line' id='line_1_95' title="bbox 53 2474 843 2511; baseline 0.001 -9"><span class='ocrx_word' id='word_1_651' title='bbox 53 2476 129 2502; x_wconf 86' lang='lat' dir='ltr'><strong>inter</strong></span> <span class='ocrx_word' id='word_1_652' title='bbox 142 2474 224 2502; x_wconf 90' lang='lat' dir='ltr'><strong>libros</strong></span> <span class='ocrx_word' id='word_1_653' title='bbox 235 2479 413 2510; x_wconf 84' lang='lat' dir='ltr'><strong>auctoresque</strong></span> <span class='ocrx_word' id='word_1_654' title='bbox 428 2475 554 2508; x_wconf 85' lang='lat' dir='ltr'><strong>incditos,</strong></span> <span class='ocrx_word' id='word_1_655' title='bbox 573 2475 619 2511; x_wconf 91' lang='lat' dir='ltr'><strong>qui</strong></span> <span class='ocrx_word' id='word_1_656' title='bbox 632 2483 682 2503; x_wconf 88' lang='lat' dir='ltr'><strong>nec</strong></span> <span class='ocrx_word' id='word_1_657' title='bbox 696 2476 730 2503; x_wconf 91' lang='lat' dir='ltr'><strong>ad</strong></span> <span class='ocrx_word' id='word_1_658' title='bbox 744 2483 843 2504; x_wconf 88' lang='lat' dir='ltr'><strong>manus</strong></span> 
     </span>
    </p>
   </div>
   <div class='ocr_carea' id='block_1_96' title="bbox 51 2520 844 2557">
    <p class='ocr_par' dir='ltr' id='par_1_96' title="bbox 51 2520 844 2557">
     <span class='ocr_line' id='line_1_96' title="bbox 51 2520 844 2557; baseline 0.003 -10"><span class='ocrx_word' id='word_1_659' title='bbox 51 2525 133 2552; x_wconf 82' lang='lat' dir='ltr'><strong>sunt,</strong></span> <span class='ocrx_word' id='word_1_660' title='bbox 148 2528 198 2549; x_wconf 91' lang='lat' dir='ltr'><strong>nec</strong></span> <span class='ocrx_word' id='word_1_661' title='bbox 220 2528 280 2548; x_wconf 83' lang='lat' dir='ltr'><strong>esse</strong></span> <span class='ocrx_word' id='word_1_662' title='bbox 295 2525 426 2556; x_wconf 85' lang='lat' dir='ltr'><strong>possunt.</strong></span> <span class='ocrx_word' id='word_1_663' title='bbox 442 2520 571 2548; x_wconf 87' lang='lat' dir='ltr'><strong>audacter</strong></span> <span class='ocrx_word' id='word_1_664' title='bbox 587 2520 688 2549; x_wconf 83' lang='lat' dir='ltr'><strong>referre</strong></span> <span class='ocrx_word' id='word_1_665' title='bbox 701 2521 844 2557; x_wconf 86' lang='lat' dir='ltr'><strong>haudqua-</strong></span> 
     </span>
    </p>
   </div>
   <div class='ocr_carea' id='block_1_97' title="bbox 50 2565 843 2602">
    <p class='ocr_par' dir='ltr' id='par_1_97' title="bbox 50 2565 843 2602">
     <span class='ocr_line' id='line_1_97' title="bbox 50 2565 843 2602; baseline 0.003 -9"><span class='ocrx_word' id='word_1_666' title='bbox 50 2574 141 2602; x_wconf 86' lang='lat' dir='ltr'><strong>quam</strong></span> <span class='ocrx_word' id='word_1_667' title='bbox 156 2571 197 2594; x_wconf 87' lang='lat' dir='ltr'><strong>est</strong></span> <span class='ocrx_word' id='word_1_668' title='bbox 221 2566 332 2595; x_wconf 88' lang='lat' dir='ltr'><strong>veritus.</strong></span> <span class='ocrx_word' id='word_1_669' title='bbox 369 2566 407 2593; x_wconf 86' lang='lat' dir='ltr'><strong>Ita</strong></span> <span class='ocrx_word' id='word_1_670' title='bbox 427 2567 500 2594; x_wconf 90' lang='lat' dir='ltr'><strong>cnim</strong></span> <span class='ocrx_word' id='word_1_671' title='bbox 527 2567 554 2593; x_wconf 88' lang='lat' dir='ltr'><strong>in</strong></span> <span class='ocrx_word' id='word_1_672' title='bbox 569 2565 793 2602; x_wconf 84' lang='lat' dir='ltr'><strong>pseudo-Isidoro</strong></span> <span class='ocrx_word' id='word_1_673' title='bbox 817 2573 843 2595; x_wconf 85' lang='lat' dir='ltr'><strong>et</strong></span> 
     </span>
    </p>
   </div>
   <div class='ocr_carea' id='block_1_98' title="bbox 84 2688 840 2731">
    <p class='ocr_par' dir='ltr' id='par_1_98' title="bbox 84 2688 840 2731">
     <span class='ocr_line' id='line_1_98' title="bbox 84 2688 840 2731; baseline 0 -15"><span class='ocrx_word' id='word_1_674' title='bbox 84 2689 132 2724; x_wconf 66' lang='grc' dir='ltr'>’(ι)</span> <span class='ocrx_word' id='word_1_675' title='bbox 150 2688 194 2731; x_wconf 56' lang='lat' dir='ltr'><strong>Uti</strong></span> <span class='ocrx_word' id='word_1_676' title='bbox 207 2697 269 2731; x_wconf 57' lang='lat' dir='ltr'><strong>eum</strong></span> <span class='ocrx_word' id='word_1_677' title='bbox 279 2695 378 2731; x_wconf 68' lang='lat' dir='ltr'><strong>vocant</strong></span> <span class='ocrx_word' id='word_1_678' title='bbox 392 2688 554 2731; x_wconf 48' lang='lat' dir='ltr'><strong>Espejicatps</strong></span> <span class='ocrx_word' id='word_1_679' title='bbox 568 2688 605 2716; x_wconf 90' lang='lat' dir='ltr'><strong>De</strong></span> <span class='ocrx_word' id='word_1_680' title='bbox 617 2689 779 2731; x_wconf 72' lang='lat' dir='ltr'><strong>continentia</strong></span> <span class='ocrx_word' id='word_1_681' title='bbox 793 2689 840 2730; x_wconf 76' lang='lat' dir='ltr'><strong>lib.</strong></span> 
     </span>
    </p>
   </div>
   <div class='ocr_carea' id='block_1_99' title="bbox 50 2723 842 2795">
    <p class='ocr_par' dir='ltr' id='par_1_99' title="bbox 50 2723 842 2795">
     <span class='ocr_line' id='line_1_99' title="bbox 50 2723 842 2795; baseline 0.001 -10"><span class='ocrx_word' id='word_1_682' title='bbox 50 2723 398 2792; x_wconf 62' lang='grc' dir='ltr'><strong>Ξῖιιὲῗνᾶιῗςι,“ὲξ’²ἰ›¹ξῖι¹ῗιέἓ¹</strong></span> <span class='ocrx_word' id='word_1_683' title='bbox 404 2725 579 2787; x_wconf 64' lang='grc' dir='ltr'><strong>ἑὲιξιῗέέῖἕὲ</strong></span> <span class='ocrx_word' id='word_1_684' title='bbox 590 2730 842 2795; x_wconf 51' lang='grc' dir='ltr'><strong>ἷιῖῖἕῖἔῧΐοκὲῖέ</strong></span> 
     </span>
    </p>
   </div>
   <div class='ocr_carea' id='block_1_100' title="bbox 48 2795 349 2829">
    <p class='ocr_par' dir='ltr' id='par_1_100' title="bbox 48 2795 349 2829">
     <span class='ocr_line' id='line_1_100' title="bbox 48 2795 349 2829; baseline 0.003 -8"><span class='ocrx_word' id='word_1_685' title='bbox 48 2795 85 2821; x_wconf 85' lang='lat' dir='ltr'><strong>de</strong></span> <span class='ocrx_word' id='word_1_686' title='bbox 99 2795 274 2829; x_wconf 80' lang='lat' dir='ltr'><strong>scriptarilms</strong></span> <span class='ocrx_word' id='word_1_687' title='bbox 286 2796 349 2822; x_wconf 81' lang='lat' dir='ltr'><strong>eccl.</strong></span> 
     </span>
    </p>
   </div>
   <div class='ocr_carea' id='block_1_101' title="bbox 90 2829 838 2866">
    <p class='ocr_par' dir='ltr' id='par_1_101' title="bbox 90 2829 838 2866">
     <span class='ocr_line' id='line_1_101' title="bbox 90 2829 838 2866; baseline 0.001 -10"><span class='ocrx_word' id='word_1_688' title='bbox 90 2830 129 2864; x_wconf 73' lang='grc' dir='ltr'>(ὅ)</span> <span class='ocrx_word' id='word_1_689' title='bbox 144 2829 221 2863; x_wconf 84' lang='lat' dir='ltr'><strong>Quod</strong></span> <span class='ocrx_word' id='word_1_690' title='bbox 234 2830 351 2866; x_wconf 79' lang='lat' dir='ltr'><strong>elogium</strong></span> <span class='ocrx_word' id='word_1_691' title='bbox 367 2830 417 2864; x_wconf 90' lang='lat' dir='ltr'><strong>ipsi</strong></span> <span class='ocrx_word' id='word_1_692' title='bbox 435 2830 531 2858; x_wconf 90' lang='lat' dir='ltr'><strong>tribuit</strong></span> <span class='ocrx_word' id='word_1_693' title='bbox 545 2829 639 2866; x_wconf 87' lang='lat' dir='ltr'><strong>Steph.</strong></span> <span class='ocrx_word' id='word_1_694' title='bbox 659 2830 683 2857; x_wconf 90' lang='lat' dir='ltr'><strong>le</strong></span> <span class='ocrx_word' id='word_1_695' title='bbox 700 2830 796 2866; x_wconf 84' lang='lat' dir='ltr'><strong>Moync</strong></span> <span class='ocrx_word' id='word_1_696' title='bbox 812 2830 838 2857; x_wconf 93' lang='lat' dir='ltr'><strong>in</strong></span> 
     </span>
    </p>
   </div>
   <div class='ocr_carea' id='block_1_102' title="bbox 51 2851 703 2902">
    <p class='ocr_par' dir='ltr' id='par_1_102' title="bbox 51 2851 703 2902">
     <span class='ocr_line' id='line_1_102' title="bbox 51 2851 703 2902; baseline 0.002 -11"><span class='ocrx_word' id='word_1_697' title='bbox 51 2851 207 2902; x_wconf 46' lang='lat' dir='ltr'><strong>i‘tbli‘g‘dni’.</strong></span> <span class='ocrx_word' id='word_1_698' title='bbox 222 2866 255 2893; x_wconf 85' lang='lat' dir='ltr'><strong>ad</strong></span> <span class='ocrx_word' id='word_1_699' title='bbox 279 2851 357 2892; x_wconf 59' lang='lat' dir='ltr'><strong>i’aria</strong></span> <span class='ocrx_word' id='word_1_700' title='bbox 373 2851 541 2898; x_wconf 35' lang='lat' dir='ltr'><strong>iaci-axem.</strong></span> <span class='ocrx_word' id='word_1_701' title='bbox 558 2866 577 2899; x_wconf 89' lang='lat' dir='ltr'><strong>l,</strong></span> <span class='ocrx_word' id='word_1_702' title='bbox 594 2851 640 2892; x_wconf 66' lang='lat' dir='ltr'><strong>ibi.</strong></span> <span class='ocrx_word' id='word_1_703' title='bbox 663 2867 703 2892; x_wconf 76' lang='grc'><strong>15.</strong></span> 
     </span>
    </p>
   </div>
   <div class='ocr_carea' id='block_1_103' title="bbox 10 3130 730 3318">
    <p class='ocr_par' dir='ltr' id='par_1_103' title="bbox 10 3130 730 3318">
     <span class='ocr_line' id='line_1_103' title="bbox 10 3130 730 3318; baseline 0 0"><span class='ocrx_word' id='word_1_704' title='bbox 10 3130 338 3318; x_wconf 78' lang='grc' dir='ltr'><strong><em>π</em></strong></span> <span class='ocrx_word' id='word_1_705' title='bbox 425 3139 730 3318; x_wconf 54' lang='grc' dir='ltr'><em>Ἴ</em></span> 
     </span>
    </p>
   </div>
   <div class='ocr_carea' id='block_1_104' title="bbox 895 2244 1684 2280">
    <p class='ocr_par' dir='ltr' id='par_1_104' title="bbox 895 2244 1684 2280">
     <span class='ocr_line' id='line_1_104' title="bbox 895 2244 1684 2280; baseline 0 -8"><span class='ocrx_word' id='word_1_706' title='bbox 895 2251 925 2272; x_wconf 80' lang='grc' dir='ltr'><strong>ιιι</strong></span> <span class='ocrx_word' id='word_1_707' title='bbox 945 2245 1074 2280; x_wconf 85' lang='lat' dir='ltr'><strong>Magnetis</strong></span> <span class='ocrx_word' id='word_1_708' title='bbox 1095 2246 1175 2272; x_wconf 86' lang='lat' dir='ltr'><strong>libros</strong></span> <span class='ocrx_word' id='word_1_709' title='bbox 1198 2245 1295 2279; x_wconf 80' lang='lat' dir='ltr'><strong>aliquis</strong></span> <span class='ocrx_word' id='word_1_710' title='bbox 1320 2245 1386 2271; x_wconf 84' lang='lat' dir='ltr'><strong>bono</strong></span> <span class='ocrx_word' id='word_1_711' title='bbox 1401 2244 1526 2272; x_wconf 73' lang='lat' dir='ltr'><strong>Ecclesia:</strong></span> <span class='ocrx_word' id='word_1_712' title='bbox 1545 2246 1573 2272; x_wconf 89' lang='lat' dir='ltr'><strong>in</strong></span> <span class='ocrx_word' id='word_1_713' title='bbox 1600 2249 1684 2272; x_wconf 83' lang='lat' dir='ltr'><strong>lucem</strong></span> 
     </span>
    </p>
   </div>
   <div class='ocr_carea' id='block_1_105' title="bbox 894 2290 1683 2326">
    <p class='ocr_par' dir='ltr' id='par_1_105' title="bbox 894 2290 1683 2326">
     <span class='ocr_line' id='line_1_105' title="bbox 894 2290 1683 2326; baseline -0.001 -8"><span class='ocrx_word' id='word_1_714' title='bbox 894 2292 1030 2326; x_wconf 79' lang='lat' dir='ltr'><strong>proferat;</strong></span> <span class='ocrx_word' id='word_1_715' title='bbox 1057 2292 1109 2318; x_wconf 79' lang='lat' dir='ltr'><strong>sive</strong></span> <span class='ocrx_word' id='word_1_716' title='bbox 1139 2290 1285 2326; x_wconf 87' lang='lat' dir='ltr'><strong>Magnetem</strong></span> <span class='ocrx_word' id='word_1_717' title='bbox 1312 2290 1389 2317; x_wconf 88' lang='lat' dir='ltr'><strong>illuttt</strong></span> <span class='ocrx_word' id='word_1_718' title='bbox 1414 2290 1683 2326; x_wconf 82' lang='lat' dir='ltr'><strong>Ilierosolymitanun.</strong></span> 
     </span>
    </p>
   </div>
   <div class='ocr_carea' id='block_1_106' title="bbox 896 2336 1682 2371">
    <p class='ocr_par' dir='ltr' id='par_1_106' title="bbox 896 2336 1682 2371">
     <span class='ocr_line' id='line_1_106' title="bbox 896 2336 1682 2371; baseline 0.001 -8"><span class='ocrx_word' id='word_1_719' title='bbox 896 2337 1094 2371; x_wconf 76' lang='lat' dir='ltr'><strong>presbyterum,</strong></span> <span class='ocrx_word' id='word_1_720' title='bbox 1114 2337 1166 2363; x_wconf 87' lang='lat' dir='ltr'><strong>sive</strong></span> <span class='ocrx_word' id='word_1_721' title='bbox 1194 2336 1342 2363; x_wconf 86' lang='lat' dir='ltr'><strong>Macarium</strong></span> <span class='ocrx_word' id='word_1_722' title='bbox 1374 2336 1523 2371; x_wconf 78' lang='lat' dir='ltr'><strong>Magnetem</strong></span> <span class='ocrx_word' id='word_1_723' title='bbox 1550 2345 1682 2364; x_wconf 81' lang='lat' dir='ltr'><strong>auctorem</strong></span> 
     </span>
    </p>
   </div>
   <div class='ocr_carea' id='block_1_107' title="bbox 895 2381 1681 2417">
    <p class='ocr_par' dir='ltr' id='par_1_107' title="bbox 895 2381 1681 2417">
     <span class='ocr_line' id='line_1_107' title="bbox 895 2381 1681 2417; baseline 0.003 -9"><span class='ocrx_word' id='word_1_724' title='bbox 895 2382 1017 2409; x_wconf 85' lang='lat' dir='ltr'><strong>habeant.</strong></span> <span class='ocrx_word' id='word_1_725' title='bbox 1037 2381 1091 2409; x_wconf 82' lang='lat' dir='ltr'><strong>Nec</strong></span> <span class='ocrx_word' id='word_1_726' title='bbox 1108 2382 1198 2409; x_wconf 89' lang='lat' dir='ltr'><strong>minus</strong></span> <span class='ocrx_word' id='word_1_727' title='bbox 1217 2381 1374 2417; x_wconf 90' lang='lat' dir='ltr'><strong>Christoph.</strong></span> <span class='ocrx_word' id='word_1_728' title='bbox 1402 2381 1520 2410; x_wconf 92' lang='lat' dir='ltr'><strong>Sandius</strong></span> <span class='ocrx_word' id='word_1_729' title='bbox 1541 2383 1568 2410; x_wconf 94' lang='lat' dir='ltr'><strong>in</strong></span> <span class='ocrx_word' id='word_1_730' title='bbox 1591 2384 1681 2411; x_wconf 73' lang='lat' dir='ltr'><strong>’l‘ract.</strong></span> 
     </span>
    </p>
   </div>
   <div class='ocr_carea' id='block_1_108' title="bbox 894 2429 1683 2463">
    <p class='ocr_par' dir='ltr' id='par_1_108' title="bbox 894 2429 1683 2463">
     <span class='ocr_line' id='line_1_108' title="bbox 894 2429 1683 2463; baseline 0 -7"><span class='ocrx_word' id='word_1_731' title='bbox 894 2429 933 2456; x_wconf 87' lang='lat' dir='ltr'><strong>De</strong></span> <span class='ocrx_word' id='word_1_732' title='bbox 957 2429 1084 2456; x_wconf 84' lang='lat' dir='ltr'><strong>veteribus</strong></span> <span class='ocrx_word' id='word_1_733' title='bbox 1109 2429 1281 2463; x_wconf 77' lang='lat' dir='ltr'><strong>scriptoribus</strong></span> <span class='ocrx_word' id='word_1_734' title='bbox 1296 2429 1497 2462; x_wconf 82' lang='lat' dir='ltr'><strong>ecclesiasticis,</strong></span> <span class='ocrx_word' id='word_1_735' title='bbox 1515 2438 1540 2463; x_wconf 90' lang='lat' dir='ltr'><strong>p.</strong></span> <span class='ocrx_word' id='word_1_736' title='bbox 1567 2429 1609 2462; x_wconf 78' lang='grc'><strong>19,</strong></span> <span class='ocrx_word' id='word_1_737' title='bbox 1623 2430 1683 2457; x_wconf 85' lang='lat' dir='ltr'><strong>sine</strong></span> 
     </span>
    </p>
   </div>
   <div class='ocr_carea' id='block_1_109' title="bbox 894 2474 1682 2509">
    <p class='ocr_par' dir='ltr' id='par_1_109' title="bbox 894 2474 1682 2509">
     <span class='ocr_line' id='line_1_109' title="bbox 894 2474 1682 2509; baseline -0.003 -6"><span class='ocrx_word' id='word_1_738' title='bbox 894 2476 950 2503; x_wconf 88' lang='lat' dir='ltr'><strong>ullo</strong></span> <span class='ocrx_word' id='word_1_739' title='bbox 964 2475 1005 2502; x_wconf 90' lang='lat' dir='ltr'><strong>vel</strong></span> <span class='ocrx_word' id='word_1_740' title='bbox 1020 2474 1151 2502; x_wconf 87' lang='lat' dir='ltr'><strong>levissimi</strong></span> <span class='ocrx_word' id='word_1_741' title='bbox 1167 2474 1319 2508; x_wconf 75' lang='lat' dir='ltr'><strong>argumenti</strong></span> <span class='ocrx_word' id='word_1_742' title='bbox 1334 2474 1435 2502; x_wconf 85' lang='lat' dir='ltr'><strong>indicio</strong></span> <span class='ocrx_word' id='word_1_743' title='bbox 1458 2474 1609 2509; x_wconf 82' lang='lat' dir='ltr'><strong>Magnetem</strong></span> <span class='ocrx_word' id='word_1_744' title='bbox 1625 2475 1682 2501; x_wconf 78' lang='lat' dir='ltr'><strong>luu-</strong></span> 
     </span>
    </p>
   </div>
   <div class='ocr_carea' id='block_1_110' title="bbox 895 2519 1678 2556">
    <p class='ocr_par' dir='ltr' id='par_1_110' title="bbox 895 2519 1678 2556">
     <span class='ocr_line' id='line_1_110' title="bbox 895 2519 1678 2556; baseline -0.001 -7"><span class='ocrx_word' id='word_1_745' title='bbox 895 2522 1009 2549; x_wconf 91' lang='lat' dir='ltr'><strong>reticum</strong></span> <span class='ocrx_word' id='word_1_746' title='bbox 1032 2520 1206 2556; x_wconf 87' lang='lat' dir='ltr'><strong>pronuntiat:</strong></span> <span class='ocrx_word' id='word_1_747' title='bbox 1230 2519 1388 2553; x_wconf 81' lang='lat' dir='ltr'><strong>Turrianus,</strong></span> <span class='ocrx_word' id='word_1_748' title='bbox 1405 2520 1502 2555; x_wconf 89' lang='lat' dir='ltr'><strong>inquit,</strong></span> <span class='ocrx_word' id='word_1_749' title='bbox 1521 2521 1547 2547; x_wconf 84' lang='lat' dir='ltr'><strong>in</strong></span> <span class='ocrx_word' id='word_1_750' title='bbox 1564 2520 1678 2548; x_wconf 78' lang='lat' dir='ltr'><strong>Constit.</strong></span> 
     </span>
    </p>
   </div>
   <div class='ocr_carea' id='block_1_111' title="bbox 894 2567 1681 2603">
    <p class='ocr_par' dir='ltr' id='par_1_111' title="bbox 894 2567 1681 2603">
     <span class='ocr_line' id='line_1_111' title="bbox 894 2567 1681 2603; baseline -0.001 -7"><span class='ocrx_word' id='word_1_751' title='bbox 894 2568 977 2597; x_wconf 87' lang='lat' dir='ltr'><strong>Clem.</strong></span> <span class='ocrx_word' id='word_1_752' title='bbox 1004 2568 1080 2596; x_wconf 84' lang='lat' dir='ltr'><strong>Rom.</strong></span> <span class='ocrx_word' id='word_1_753' title='bbox 1103 2567 1201 2602; x_wconf 80' lang='lat' dir='ltr'><strong>allegat</strong></span> <span class='ocrx_word' id='word_1_754' title='bbox 1224 2567 1354 2603; x_wconf 83' lang='lat' dir='ltr'><strong>Magnetis</strong></span> <span class='ocrx_word' id='word_1_755' title='bbox 1371 2567 1417 2595; x_wconf 82' lang='lat' dir='ltr'><strong>lib.</strong></span> <span class='ocrx_word' id='word_1_756' title='bbox 1435 2575 1466 2594; x_wconf 97' lang='grc' dir='ltr'><strong>ιιι</strong></span> <span class='ocrx_word' id='word_1_757' title='bbox 1491 2568 1681 2603; x_wconf 74' lang='lat' dir='ltr'><strong>Apologiarum</strong></span> 
     </span>
    </p>
   </div>
   <div class='ocr_carea' id='block_1_112' title="bbox 931 2690 1443 2726">
    <p class='ocr_par' dir='ltr' id='par_1_112' title="bbox 931 2690 1443 2726">
     <span class='ocr_line' id='line_1_112' title="bbox 931 2690 1443 2726; baseline 0 -8"><span class='ocrx_word' id='word_1_758' title='bbox 931 2691 969 2726; x_wconf 81' lang='lat'><strong>(6)</strong></span> <span class='ocrx_word' id='word_1_759' title='bbox 987 2691 1093 2723; x_wconf 89' lang='lat' dir='ltr'><strong>Horat.,</strong></span> <span class='ocrx_word' id='word_1_760' title='bbox 1115 2690 1152 2717; x_wconf 91' lang='lat' dir='ltr'><strong>De</strong></span> <span class='ocrx_word' id='word_1_761' title='bbox 1168 2696 1225 2718; x_wconf 88' lang='lat' dir='ltr'><strong>arte</strong></span> <span class='ocrx_word' id='word_1_762' title='bbox 1237 2696 1318 2724; x_wconf 83' lang='lat' dir='ltr'><strong>poet.,</strong></span> <span class='ocrx_word' id='word_1_763' title='bbox 1335 2699 1361 2717; x_wconf 93' lang='lat' dir='ltr'><strong>v.</strong></span> <span class='ocrx_word' id='word_1_764' title='bbox 1381 2690 1443 2718; x_wconf 82' lang='grc'><strong>158.</strong></span> 
     </span>
    </p>
   </div>
   <div class='ocr_carea' id='block_1_113' title="bbox 931 2740 1370 2777">
    <p class='ocr_par' dir='ltr' id='par_1_113' title="bbox 931 2740 1370 2777">
     <span class='ocr_line' id='line_1_113' title="bbox 931 2740 1370 2777; baseline 0 -9"><span class='ocrx_word' id='word_1_765' title='bbox 931 2743 970 2777; x_wconf 89' lang='lat'><strong>(7)</strong></span> <span class='ocrx_word' id='word_1_766' title='bbox 989 2742 1059 2769; x_wconf 86' lang='lat' dir='ltr'><strong>Edit.</strong></span> <span class='ocrx_word' id='word_1_767' title='bbox 1078 2742 1206 2770; x_wconf 85' lang='lat' dir='ltr'><strong>Daventr.</strong></span> <span class='ocrx_word' id='word_1_768' title='bbox 1223 2742 1300 2773; x_wconf 69' lang='lat'><strong>1654.</strong></span> <span class='ocrx_word' id='word_1_769' title='bbox 1321 2740 1370 2768; x_wconf 88' lang='lat' dir='ltr'><strong>fol.</strong></span> 
     </span>
    </p>
   </div>
   <div class='ocr_carea' id='block_1_114' title="bbox 930 2794 1674 2830">
    <p class='ocr_par' dir='ltr' id='par_1_114' title="bbox 930 2794 1674 2830">
     <span class='ocr_line' id='line_1_114' title="bbox 930 2794 1674 2830; baseline 0.001 -9"><span class='ocrx_word' id='word_1_770' title='bbox 930 2795 968 2830; x_wconf 89' lang='lat'><strong>(8)</strong></span> <span class='ocrx_word' id='word_1_771' title='bbox 985 2794 1054 2821; x_wconf 84' lang='lat' dir='ltr'><strong>Tum</strong></span> <span class='ocrx_word' id='word_1_772' title='bbox 1073 2795 1099 2821; x_wconf 92' lang='lat' dir='ltr'><strong>in</strong></span> <span class='ocrx_word' id='word_1_773' title='bbox 1118 2795 1223 2821; x_wconf 81' lang='lat' dir='ltr'><strong>Delectu</strong></span> <span class='ocrx_word' id='word_1_774' title='bbox 1234 2799 1447 2830; x_wconf 76' lang='lat' dir='ltr'><strong>argumentorum</strong></span> <span class='ocrx_word' id='word_1_775' title='bbox 1461 2799 1484 2821; x_wconf 88' lang='lat' dir='ltr'><strong>et</strong></span> <span class='ocrx_word' id='word_1_776' title='bbox 1502 2795 1604 2829; x_wconf 79' lang='lat' dir='ltr'><strong>syllaba</strong></span> <span class='ocrx_word' id='word_1_777' title='bbox 1613 2797 1674 2823; x_wconf 77' lang='lat' dir='ltr'><strong>scri-</strong></span> 
     </span>
    </p>
   </div>
   <div class='ocr_carea' id='block_1_115' title="bbox 894 2829 1679 2866">
    <p class='ocr_par' dir='ltr' id='par_1_115' title="bbox 894 2829 1679 2866">
     <span class='ocr_line' id='line_1_115' title="bbox 894 2829 1679 2866; baseline 0.003 -10"><span class='ocrx_word' id='word_1_778' title='bbox 894 2836 996 2866; x_wconf 61' lang='lat' dir='ltr'><strong>plUIl‘ln</strong></span> <span class='ocrx_word' id='word_1_779' title='bbox 1014 2832 1046 2856; x_wconf 85' lang='lat' dir='ltr'><strong>de</strong></span> <span class='ocrx_word' id='word_1_780' title='bbox 1061 2831 1170 2866; x_wconf 69' lang='lat' dir='ltr'><strong>veritate</strong></span> <span class='ocrx_word' id='word_1_781' title='bbox 1182 2830 1312 2864; x_wconf 76' lang='lat' dir='ltr'><strong>religionis</strong></span> <span class='ocrx_word' id='word_1_782' title='bbox 1324 2829 1493 2866; x_wconf 75' lang='lat' dir='ltr'><strong>Christiana&#39;,</strong></span> <span class='ocrx_word' id='word_1_783' title='bbox 1507 2839 1540 2866; x_wconf 23' lang='lat' dir='ltr'><strong>7p.</strong></span> <span class='ocrx_word' id='word_1_784' title='bbox 1562 2831 1606 2863; x_wconf 81' lang='lat' dir='ltr'><strong>(ili,</strong></span> <span class='ocrx_word' id='word_1_785' title='bbox 1622 2837 1679 2859; x_wconf 74' lang='lat' dir='ltr'><strong>tum</strong></span> 
     </span>
    </p>
   </div>
   <div class='ocr_carea' id='block_1_116' title="bbox 895 2863 1548 2899">
    <p class='ocr_par' dir='ltr' id='par_1_116' title="bbox 895 2863 1548 2899">
     <span class='ocr_line' id='line_1_116' title="bbox 895 2863 1548 2899; baseline -0.003 -5"><span class='ocrx_word' id='word_1_786' title='bbox 895 2863 921 2894; x_wconf 86' lang='lat' dir='ltr'><strong>in</strong></span> <span class='ocrx_word' id='word_1_787' title='bbox 935 2863 1096 2892; x_wconf 68' lang='lat' dir='ltr'><strong>Bibliotheca</strong></span> <span class='ocrx_word' id='word_1_788' title='bbox 1115 2864 1216 2897; x_wconf 72' lang='lat' dir='ltr'><strong>Graeco,</strong></span> <span class='ocrx_word' id='word_1_789' title='bbox 1231 2863 1275 2891; x_wconf 70' lang='lat' dir='ltr'><strong>Illi.</strong></span> <span class='ocrx_word' id='word_1_790' title='bbox 1290 2872 1316 2898; x_wconf 89' lang='lat' dir='ltr'><strong>v,</strong></span> <span class='ocrx_word' id='word_1_791' title='bbox 1329 2872 1387 2899; x_wconf 82' lang='lat' dir='ltr'><strong>cap.</strong></span> <span class='ocrx_word' id='word_1_792' title='bbox 1406 2865 1430 2896; x_wconf 81' lang='grc' dir='ltr'>Ι,</span> <span class='ocrx_word' id='word_1_793' title='bbox 1444 2873 1469 2899; x_wconf 87' lang='lat' dir='ltr'><strong>p.</strong></span> <span class='ocrx_word' id='word_1_794' title='bbox 1486 2863 1548 2892; x_wconf 61' lang='lat'><strong>“276.</strong></span> 
     </span>
    </p>
   </div>
  </div>
