3966 6206
544 253 687 312 1347

1812 252 2170 310 MACAIUUS
2203 251 2505 313 MAGSES.

3638 254 3814 308 tsss

541 388 639 445 pro
673 372 958 446 Evangelia
990 383 1177 429 contra
1199 371 1571 430 Theostlienem
1593 376 1867 445 gentilem;
1897 376 1988 446 qui
2013 392 2111 429 au—

2221 372 2381 443 σοφοῦ
2407 374 2472 445 δὴ
2505 372 2692 428 τούτου
2719 374 2814 429 καὶ
2832 373 3013 429 δεινοῦ
3034 376 3369 448 κατανοῆσαι
3412 376 3823 447 ὑπογραφὰυς.

543 477 658 521 ctor
702 484 1004 539 quanquam
1058 466 1322 522 Turriano
1351 478 1431 523 est
1470 471 1699 540 scriptor
1727 469 2113 524 ecclesiasticus

543 561 861 629 temporibus
886 560 1248 630 apostolorum
1270 562 1493 628 vicinus,
1522 563 1648 616 milii
1683 571 1856 616 tamen
1894 572 1970 616 est
2004 578 2117 615 cer-

542 659 627 705 tus
655 650 960 705 haereticus.
996 649 1149 705 Haud
1183 651 1353 707 dubie
1385 650 1659 708 infaustus
1688 652 1787 706 iste
1821 650 2004 706 Socini
2032 665 2118 705 se-

540 749 718 796 οιαιοι·
745 754 811 797 ex
838 757 902 796 ea
934 741 1147 797 ratione
1181 751 1392 798 certam
1434 744 1701 798 11331135808
1738 753 1922 797 notam
1950 742 2118 797 inurit

539 834 750 888 auctori
780 843 971 888 nostro
999 873 1015 899 ,
1057 833 1203 904 quod
1234 833 1434 888 Filium
1471 834 1567 889 Dei
1595 834 1934 905 unigenitum
1965 833 2115 888 Patri

540 942 644 984 suo
668 926 986 998 ίσοδύναμον
1012 936 1067 983 et
1100 927 1271 997 Λόγον
1308 926 1666 982 ὑποστατικδν
1692 928 1910 982 disertis
1936 926 2117 983 verbis

537 1020 793 1077 asseruit.
832 1012 1003 1076 Wilh.
1050 1019 1180 1075 Ern.
1210 1019 1520 1077 Tentzelius
1572 1023 1624 1076 in
1663 1020 2117 1075 Exercitationum

534 1108 845 1169 selectarum
870 1122 1020 1185 parte
1046 1116 1369 1185 posteriore,
1395 1130 1449 1185 p.
1473 1114 1581 1170 235
1616 1129 1756 1185 seq.,
1792 1113 2118 1170 auctoritate

534 1202 803 1261 Albertinl
831 1205 1089 1276 abreptus
1125 1221 1185 1262 se
1221 1207 1384 1261 nimis
1415 1206 1573 1261 l‘acile
1594 1205 1771 1277 decipi
1793 1220 1987 1276 passus
2010 1212 2115 1272 est,

535 1297 665 1353 dum
696 1296 1011 1365 arbitratur,
1043 1296 1287 1353 Natalem
1333 1297 1705 1354 Alexandrum
1753 1298 1810 1353 in
1850 1297 2119 1354 disserta-

537 1390 684 1447 tione
712 1389 995 1446 Albertino
1019 1392 1268 1463 opposita
1305 1407 1374 1446 ne
1416 1391 1628 1448 hiscere
1662 1391 1884 1462 quidem
1920 1407 2116 1447 ausum

535 1498 658 1540 esse
676 1483 939 1540 adversus
986 1499 1072 1551 ea,
1103 1500 1227 1556 qua:
1277 1484 1530 1555 superius
1561 1500 1629 1540 ex
1671 1484 1951 1539 Albertiuo
1993 1499 2119 1554 pro-

536 1571 817 1629 duximus.
870 1570 1063 1644 Majori
1113 1575 1304 1644 utique
1360 1574 1625 1629 modestia
1673 1574 1950 1644 animique
1986 1589 2119 1629 can-

2217 464 2465 536 Τοΰνομα
2514 464 2622 537 γὰρ
2666 466 2824 536 μόνον
2871 466 3116 538 προθεὶςδ
3155 467 3240 532 τίς
3275 466 3340 522 ἄν
3359 460 3510 532 οὗτος
3552 467 3823 540 ὑπῆρξέν

2217 573 2347 610 ποτε
2390 559 2418 610 ὁ
2464 557 2774 629 Μακάριος,
2824 557 3013 629 ὥσπερ
3054 557 3149 611 καὶ
3185 559 3337 630 αὐτῷ
3378 559 3693 629 βασκαίνων
3734 558 3830 630 τῷ

2217 652 2525 721 συγγραφεῖ
2554 650 2652 721 τῆς
2679 649 2856 714 ἀξίας,
2882 650 2943 702 οὐ
2977 650 3394 721 συνηεκδέὸωκεν,
3425 647 3529 724 ἆρα
3557 656 3675 716 τοῖς
3712 653 3828 724 τῆς

2218 740 2521 813 ἱερωσύνης
2542 742 2842 813 ἐμπρέπων
2876 744 3157 814 αὐχήμασι
3178 743 3504 813 διεφαίνετο,
3532 746 3628 799 καί
3658 762 3827 811 τινος

2216 832 2425 896 πόλεως
2468 833 2595 896 τοὺς
2622 832 2815 896 οἴακας
2856 833 3226 904 ἐγκεχείριστο
3249 874 3266 899 ,
3314 834 3350 904 ἢ
3396 833 3539 905 ἄλλῳ
3596 834 3666 906 δή
3706 853 3828 889 τινι.

2217 922 2405 994 κλήρῳ
2438 922 2717 992 τυγχάνων
2745 922 3200 993 ἀποτεταγμένος,
3221 923 3542 994 Χριστιανὸς
3570 924 3630 978 δὲ
3652 926 3823 995 ὅμως

2216 1018 2313 1072 καὶ
2353 1016 2445 1070 τοῦ
2490 1016 2588 1088 τῆς
2634 1014 2916 1079 εὐσεϐείας
2965 1014 3325 1087 ἀντεχόμενος
3350 1016 3546 1085 Myos;
3590 1036 3647 1071 κ.
3680 1036 3744 1071 τ-
3766 1018 3827 1073 λ-

2216 1109 2294 1164 Ac
2327 1106 2841 1178 testimoniiguidem
2860 1107 3136 1175 inscriptio
3159 1108 3395 1164 iwcest:
3417 1126 3437 1159 ι
3477 1106 3673 1162 Sancti
3701 1109 3821 1178 (ll)

2219 1199 2451 1255 Macarii
2488 1216 2553 1254 ea:
2577 1212 2767 1270 quarto
2803 1199 2940 1253 libro
2962 1199 3406 1269 Apocriticorum.
3438 1218 3459 1254 ι
3510 1199 3713 1254 Facile
3736 1211 3818 1256 est

2217 1308 2283 1347 ex
2310 1293 2427 1363 ipsa
2453 1292 2795 1361 inscriptione
2816 1290 3057 1361 fraudem
3084 1304 3133 1347 et
3161 1291 3428 1347 malitiam
3461 1293 3603 1359 vafri
3640 1293 3816 1362 hujus

2218 1400 2282 1439 ac
2321 1385 2514 1439 recocti
2560 1384 2749 1439 scriba:
2780 1384 3158 1455 deprehendere
3198 1383 3331 1457 (l2).
3355 1383 3482 1440 Solo
3520 1387 3673 1440 enim
3717 1403 3820 1440 no-

2216 1475 2357 1530 mine
2403 1477 2638 1546 prolato,
2684 1485 2936 1548 tauquam
2975 1485 3025 1532 et
3071 1478 3319 1547 scriptori
3355 1477 3459 1546 ipsi
3486 1477 3816 1546 dignitatern

2218 1568 2491 1636 invideret,
2521 1584 2625 1622 non
2655 1568 2948 1636 declaravit
3009 1569 3254 1639 quisnam
3278 1568 3440 1638 fuerit
3481 1569 3581 1623 iste
3616 1568 3816 1623 Maca-

538 1666 673 1720 dore
701 1665 867 1721 sentit
898 1664 1044 1721 Guil.
1078 1667 1221 1722 Cave
1254 1667 1306 1720 in
1333 1665 1580 1721 Historia
1606 1666 1873 1721 litterario
1895 1666 2118 1736 scripto-
2152 1735 2158 1736 γ
2220 1662 2369 1728 rius;
2400 1677 2470 1717 an
2520 1662 2813 1716 sacerdotii
2856 1662 3147 1732 insignibus
3194 1661 3550 1733 conspicuus?
3593 1677 3671 1716 an
3707 1662 3815 1715 ali-

537 1775 658 1812 rum
682 1758 997 1823 ecclesiast.,
1028 1760 1096 1814 ad
1128 1760 1194 1814 A.
1223 1758 1284 1815 C.
1319 1761 1458 1815 350:
1485 1759 1653 1826 Certe,
1698 1761 1894 1832 inquit,
1927 1761 1991 1816 de
2015 1763 2117 1816 Itu-
2148 1735 2193 1791 Β
2225 1754 2375 1823 cujus
2404 1755 2549 1807 urbis
2591 1753 2957 1825 gubernaculis
3000 1753 3288 1808 admotus?
3337 1769 3408 1807 an
3441 1754 3541 1808 alii
3588 1755 3817 1824 quidem

530 1848 829 1919 juscemodi
841 1851 1050 1920 scriptis
1068 1862 1284 1920 praestat
1306 1851 1543 1922 ἐπέχειν,
1562 1853 1723 1907 donec
1749 1854 1850 1923 ipsi
1877 1864 2117 1908 auctores

538 1941 593 1993 in
618 1937 885 2009 publicum
916 1936 1198 2011 prodeant,
1227 1954 1281 1997 ut
1298 1942 1566 2013 judicium
1590 1945 1654 1999 de
1686 1946 1753 1999 iis
1774 1946 1911 2015 ferre
1935 1945 2111 2001 liceat.

539 2024 803 2097 Quamvis
833 2033 976 2087 idem
1011 2033 1064 2087 in
1096 2043 1251 2104 parte
1288 2036 1460 2090 altera
1510 2036 1674 2103 hujus
1720 2037 1901 2107 operis
1933 2037 2000 2091 ad
2045 2038 2110 2092 A.

537 2120 602 2177 C.
649 2116 756 2176 265
777 2116 1077 2193 Magnetem
1111 2133 1358 2178 nostrum
1378 2140 1503 2180 eum
1535 2123 1779 2196 Magnete
1802 2126 2115 2198 presbytero

538 2209 1042 2284 Hierosolymitano
1077 2213 1410 2281 confundat,
1441 2231 1602 2285 quem
1629 2232 1695 2271 ex
1730 2215 1983 2270 Germani
2018 2233 2116 2287 pa-

538 2301 792 2356 triarcha:
816 2300 922 2356 ΕΡ.
960 2302 1274 2374 Dngmatica
1312 2320 1416 2359 ms.
1457 2305 1524 2360 ad
1557 2305 1875 2360 Antbimum
1908 2309 2116 2379 colligit

539 2392 853 2449 interfuisse
899 2396 1134 2451 concilio
1188 2396 1531 2452 Antiocheno
1580 2398 1843 2453 adversus
1884 2398 2113 2455 Paulum

541 2474 958 2541 Samosatenum
980 2486 1045 2542 A.
1073 2486 1135 2541 C.
1167 2487 1275 2543 265
1312 2488 1520 2544 habito.

543 2596 573 2670 ς
596 2596 688 2653 Ill.
721 2590 926 2654 Nomen
944 2599 1173 2654 Macarii
1194 2602 1495 2676 an,au_ctori
1524 2612 1703 2658 nostra
1731 2607 1799 2658 sit
1818 2606 2112 2676 proprium,

1073 2688 1142 2724 an
1190 2673 1585 2742 appellativum.

614 2758 901 2830 Proprium
950 2760 996 2817 si
1046 2764 1343 2833 quaerimus
1397 2780 1596 2820 nomen
1642 2765 1880 2821 auctoris
1921 2767 2114 2833 nostri,

540 2850 938 2921 dispiciendum
972 2852 1061 2908 hic
1086 2854 1322 2923 primum
1353 2855 1478 2922 erit,
1500 2870 1569 2909 an
1592 2870 1696 2909 vox
1729 2855 2013 2926 Μακάριος
2046 2855 2117 2910 sit

540 2945 734 3003 titulus
765 2948 1022 3012 honoris,
1070 2949 1164 3019 qui
1214 2950 1488 3020 plerisque
1534 2960 1780 3006 veterum
1829 2962 2113 3006 auctorum

540 3040 910 3095 monumentis
934 3040 1136 3112 praeligi
1167 3043 1325 3106 solet,
1356 3058 1425 3096 an
1458 3058 1586 3097 vero
1613 3044 1886 3112 peculiare
1910 3043 1979 3096 sit
2011 3057 2113 3095 no-

540 3143 665 3183 men
696 3130 988 3199 personae?
1020 3126 1084 3185 Et
1132 3134 1477 3202 reperiuntur
1519 3135 1738 3202 quidem
1790 3134 2115 3204 fragmenta,

540 3236 660 3291 qua:
696 3216 913 3275 titulum
941 3221 1034 3274 τοῦ
1064 3222 1349 3295 Μακαρίου
1371 3224 1663 3294 Μαγνήτου
1686 3240 1797 3295 pra:
1824 3240 1882 3279 se
1916 3224 2115 3291 ferunt,

539 3323 600 3367 ut
629 3309 824 3366 exinde
847 3311 1230 3382 appellativum
1261 3329 1460 3369 nomen
1490 3314 1631 3368 beati
1685 3315 1947 3385 Magnetis
1979 3332 2116 3371 con-

539 3417 690 3462 stare
723 3406 971 3459 videatur
1001 3406 1101 3479 (9).
1152 3403 1208 3460 lu
1241 3407 1362 3463 aliis
1391 3407 1589 3478 legitur
1638 3407 1916 3477 inscriptio
1948 3409 2118 3479 aequi-

535 3512 674 3553 voca
708 3497 995 3569 Μακαρίου
1036 3498 1349 3571 Μάγνητος,
1374 3515 1496 3571 quae
1523 3514 1629 3554 non
1662 3499 1883 3570 propria
1916 3499 2106 3555 minus

538 3606 704 3661 quam
731 3590 1057 3660 appellativa
1091 3592 1489 3662 signiﬁcatione
1519 3594 1743 3664 intelligi
1775 3603 1954 3664 potest
1977 3594 2114 3667 (l0).

538 3676 741 3736 Verum
791 3696 857 3736 ex
886 3682 1309 3753 antiquissimis,
1338 3684 1539 3755 quibus
1590 3686 1675 3740 usi
1711 3702 1925 3752 sumus,
1963 3686 2119 3741 codi-

538 3773 694 3828 cibus
743 3789 877 3829 mss.
923 3775 1129 3829 rectius
1175 3776 1563 3845 comprobatur
1605 3777 1796 3833 titulus
1831 3777 1924 3831 τοῦ
1961 3777 2114 3847 ἁγίου

537 3859 858 3937 Μακαρίου,
895 3869 989 3936 qui
1017 3876 1258 3921 sanctum
1284 3866 1600 3935 Macarium,
1631 3871 1848 3940 proprio
1896 3870 2118 3926 nomine

538 3957 806 4025 designat.
851 3954 928 4012 lta
979 3974 1214 4029 namque
1265 3959 1495 4030 legimus
1525 3960 1578 4014 in
1612 3960 2115 4032 NicephoriAntir-

538 4048 774 4113 rheticis,
810 4049 903 4119 qui
949 4049 1229 4120 deperdita
1273 4052 1559 4122 scriptoris
1599 4056 1773 4109 nostri
1809 4053 2114 4125 fragmenta

536 4142 1004 4210 complectuntur:
1066 4142 1219 4213 Ἔχει
1268 4142 1446 4197 τοίνυν
1487 4146 1519 4215 ἠ
1562 4144 1663 4215 τῆς
1700 4147 1947 4218 χρήσεως
1993 4149 2113 4202 ὲπι-

536 4230 722 4303 γραφὴ
747 4225 849 4285 ὧδε
866 4248 879 4261 ο
913 4231 1025 4285 Τοῦ
1051 4232 1223 4303 ἁγίου
1246 4234 1553 4302 Μακαρίου
1593 4236 1663 4288 ἐκ
1694 4235 1804 4304 τῆς
1830 4236 2115 4307 τετάρτης

531 4318 757 4383 ,ϐίϐλου
795 4318 914 4372 τῶν
952 4320 1380 4388 Ἀποκριτικῶν.
1428 4320 1613 4377 Ἔστιν
1646 4325 1743 4395 μὲν
1767 4321 1861 4379 οὖν
1884 4328 1995 4380 κάκ
2017 4327 2112 4381 τοῦ

2223 1846 2430 1899 muneri
2459 1846 2811 1899 ecclesiastico
2847 1844 3128 1909 addictus,
3162 1843 3497 1899 Christianus
3545 1854 3729 1898 tamen
3757 1856 3816 1899 es

2221 1935 2526 1991 orthodoxa
2545 1936 2670 2005 ﬁdei
2700 1937 2999 1990 doctrinam
3045 1936 3357 2006 professus?
3382 1947 3489 1991 etc.
3524 1936 3808 1991 Caeterum

2221 2026 2382 2099 longa
2428 2028 2608 2084 adhuc
2648 2028 2795 2084 facili
2855 2029 3073 2100 negotio
3107 2029 3198 2083 hic
3247 2028 3565 2099 percenseri
3616 2039 3812 2099 posset

2220 2123 2391 2178 series
2448 2131 2730 2179 auctorum
2811 2122 3302 2179 ecclesiasticarum
3335 2159 3352 2185 ,
3420 2122 3627 2192 quibus
3706 2122 3809 2177 hoc

2221 2231 2418 2271 nomen
2490 2217 2769 2287 proprium
2843 2216 3072 2272 Macarii
3124 2231 3250 2274 cum
3329 2225 3555 2272 auctore
3615 2225 3810 2269 nostro

2221 2323 2510 2365 commune
2538 2308 2671 2374 fuit;
2704 2309 2809 2363 nisi
2838 2313 2949 2364 r'ev.
2990 2308 3054 2364 U.
3094 2308 3163 2365 (ἱ.
3188 2306 3441 2364 Siberum
3462 2348 3479 2374 ,
3516 2308 3806 2380 professo.

2219 2418 2335 2457 rem
2364 2401 2697 2471 Lipsiensem
2720 2401 3232 2470 celebratissimum,
3252 2401 3585 2472 peculiarem
3619 2402 3809 2457 Ηίειοι

2219 2495 2358 2550 riam
2390 2492 2556 2548 XLII
2595 2493 2959 2548 Macariorum
2983 2494 3194 2549 dudum
3222 2496 3624 2566 composuisse
3670 2498 3804 2569 (13),

2224 2602 2436 2642 necnon
2490 2586 2552 2642 Β.
2601 2584 2651 2642 J.
2694 2589 2760 2641 A.
2792 2586 3101 2643 Fabricium
3138 2588 3195 2643 in
3231 2588 3567 2644 Bibliotheca
3616 2590 3807 2647 Graec

2220 2677 2328 2732 vol.
2356 2675 2471 2743 VII,
2517 2692 2572 2747 p.
2608 2676 2736 2740 495,
2775 2676 2874 2730 SS.
2905 2676 3017 2746 jam
3050 2686 3164 2732 tum
3195 2678 3338 2731 ultra
3361 2693 3394 2732 ι.
3443 2676 3724 2734 Macarios
3754 2682 3807 2733 in

2226 2770 2442 2839 scriptis
2472 2778 2717 2823 veterum
2744 2768 3064 2824 observasse
3094 2778 3386 2824 constaret.

2400 2858 2428 2930 §
2453 2856 2541 2911 iV.
2580 2856 2787 2912 Nomen
2814 2857 3100 2928 Magnetis,
3131 2860 3406 2927 proprium
3429 2860 3625 2929 gentis.

2291 2951 2448 3018 Quod
2473 2966 2598 3006 vero
2629 2950 2695 3005 ad
2722 2949 2982 3020 Magnetis
3012 2967 3209 3006 nomen
3243 2952 3477 3014 attinet,
3514 2953 3664 3006 istud
3694 2963 3803 3007 tum

2224 3046 2444 3115 integrae
2461 3043 2674 3097 cuidam
2708 3043 2851 3111 genti
2882 3043 3046 3097 tribui
3076 3057 3272 3112 posse,
3303 3049 3417 3096 tum
3448 3043 3625 3097 etiam
3682 3062 3808 3114 pro-

2220 3134 2397 3205 prium
2435 3132 2531 3185 viri
2584 3147 2782 3186 nomen
2826 3147 2971 3197 esse,
3010 3133 3161 3186 varia
3200 3132 3560 3188 historiarum
3607 3151 3807 3190 monu-

2221 3233 2402 3279 menta
2432 3233 2720 3279 testantur.
2760 3221 2892 3277 Duas
2921 3224 3067 3277 enim
3105 3224 3348 3279 celebres
3378 3223 3533 3280 fuere
3577 3228 3633 3281 in
3678 3228 3806 3284 Asia

2221 3314 2425 3371 “inore
2473 3314 2738 3379 civitates,
2793 3313 3081 3384 Magnesia:
3127 3315 3319 3381 dieue;
3358 3331 3465 3370 una
3524 3316 3708 3371 Carize
3736 3319 3799 3373 ad

2220 3405 2442 3461 ﬂuvium
2472 3405 2827 3471 Maeandrum,
2850 3407 3017 3460 altera
3046 3405 3294 3476 Phrygia:
3330 3406 3398 3460 ad
3435 3417 3685 3462 montem
3715 3407 3798 3463 Si-

2219 3500 2425 3571 pylum.
2469 3496 2619 3552 Illam
2662 3496 2854 3553 Conon
2912 3499 3053 3567 apud
3083 3497 3337 3553 Photium
3391 3500 3516 3553 cod.
3546 3516 3801 3565 ccxxx“.

2220 3599 2430 3646 narrat.
2463 3590 2552 3653 19,
2582 3590 2712 3645 dicit
2744 3590 2823 3644 sic
2857 3590 3178 3659 appellatam
3222 3606 3253 3645 a
3288 3590 3669 3662 Magnetibus,
3710 3598 3801 3667 qui

2220 3683 2286 3737 ad
2310 3682 2544 3738 Peneum
2574 3681 2796 3736 [luvium
2824 3689 3172 3750 montemque
3208 3680 3418 3737 Pelium
3459 3685 3801 3749 habitarunt,

2219 3772 2495 3843 ductuque
2526 3780 2579 3826 et
2607 3771 2867 3842 auspiciis
2891 3770 3117 3826 Prothoi
3150 3782 3343 3827 contra
3378 3773 3659 3844 Trojanos
3702 3781 3799 3832 mi-

2218 3863 2533 3919 litaverunt.
2579 3861 2731 3918 Hanc
2754 3877 2885 3917 vero
2912 3861 3248 3934 Magnesiam
3287 3863 3591 3923 Thessaliae
3628 3885 3663 3923 a
3694 3869 3804 3925 Ms-

2219 3964 2377 4028 gnete
2400 3956 2529 4026 Argi
2560 3955 2672 4009 ﬁlio
2720 3970 2920 4010 nomen
2950 3956 3198 4013 sortitam
3225 3969 3416 4013 auctor
3436 3969 3528 4016 est
3570 3962 3803 4018 Antoni-

2217 4063 2323 4102 nus
2353 4046 2615 4102 Liberalis
2641 4046 2861 4102 Metam.
2901 4064 3022 4118 cap.
3061 4049 3134 4102 25
3166 4050 3279 4121 (ib)
3312 4050 3581 4108 Claudius
3624 4052 3804 4109 Ptole-

2217 4158 2385 4198 maeus
2401 4144 2564 4198 etiam
2596 4143 2648 4196 in
2673 4142 3000 4213 Ceograpltia
3029 4142 3123 4197 lib.
3153 4158 3185 4195 ν
3217 4142 3351 4213 (15),
3380 4141 3726 4215 Magnesiam
3749 4149 3800 4201 in

2215 4233 2378 4289 Caria
2414 4233 2483 4288 ad
2534 4232 2869 4288 Maeandrum
2900 4234 3103 4288 diserte
3133 4234 3417 4303 distinguit
3452 4251 3487 4291 a
3521 4236 3799 4309 Magnesia

2214 4324 2432 4379 civitate
2495 4324 2552 4378 in
2592 4322 2761 4397 Lydia
2791 4334 2844 4378 et
2877 4322 3101 4379 Maeonia
3144 4340 3309 4395 penes
3370 4324 3623 4397 Sipylum
3670 4331 3797 4399 (15).

537 4410 956 4481 ἐπιγράμματος
980 4409 1143 4463 αὐτοῦ
1173 4412 1235 4464 τὸ
1269 4410 1472 4483 ὕφαλόν
1503 4426 1562 4467 τε
1594 4415 1688 4468 καὶ
1716 4414 1983 4486 βάσκανον
2014 4417 2109 4472 τοῦ

2221 4415 2297 4470 Ex
2338 4416 2456 4471 istis
2505 4415 2668 4486 igitur
2715 4415 3023 4472 civitatibus
3086 4415 3402 4488 Magnetes,
3460 4418 3796 4493 Thucydidi,

610 4566 687 4637 (9)
715 4565 792 4652 Ita
825 4570 970 4648 enim
986 4568 1165 4652 _G_r:eci
1186 4571 1296 4641 jam
1317 4581 1429 4627 tum
1456 4574 1597 4652 hanc
1631 4591 1817 4652 vocem
1845 4578 2118 4652 μακάριος

535 4639 605 4721 de
644 4640 1174 4721 mortuis‘solehant‘
1190 4639 1495 4721 usurpare:
1526 4648 1687 4721 sicuti
1727 4639 1912 4712 Σωτξὶς
1947 4653 1976 4703 ό
1999 4639 2117 4721 ’μα-ἶ

536 4708 748 4790 κᾴριος,
795 4718 846 4790 et
877 4711 1286 4790 ilpollinarisnb
1331 4708 1744 4790 μακαριώτατος
1768 4708 2116 4790 ,__postqiiam

537 4779 721 4903 [vigere
777 4779 1086 4904 desii‘sgent,
1116 4783 1183 4837 ab
1210 4779 1444 4840 Eusebio
1474 4779 1736 4842 vocantur
1771 4779 1928 4844 Hist.
1962 4779 2115 4858 cccl.,

562 4867 573 4902 I
619 4889 632 4902 .
700 4890 713 4904 .
746 4866 867 4904 can.
938 4888 989 4902 ..

562 4865 632 4903 ID.
660 4865 713 4911 ν.
746 4866 867 4911 cap.
902 4865 989 4904 Η).

902 4866 1250 4999 1’ίξίιξιξιιιοιιι-ἰί
1307 4922 1544 4981 Histoire
1589 4927 1679 4981 des
1727 4945 2042 4999 empereurs,
2071 4939 2110 4985 t.

536 4988 628 5053 ιγ,
652 5006 711 5062 p._
735 4990 837 5062 {87
870 5008 976 5059 sq.,
1009 4992 1060 5044 in
1101 4993 1385 5062 subjuncta
1418 5007 1565 5051 nota.

611 5060 891 5142 (ll)_lltnc
918 5072 1162 5132 apparet,
1194 5060 1494 5119 Macarium
1518 5082 1714 5121 nomen
1745 5067 1917 5125 fuisse
1950 5070 2116 5141 hujus

537 5144 799 5185 allCIOI‘IS.

610 5202 721 5272 (l2)
746 5201 1097 5277 .Iconomachi
1127 5202 1295 5269 enim,
1321 5204 1414 5273 qui
1453 5205 1519 5259 ad
1546 5207 1733 5277 hujus
1767 5209 2008 5265 auctoris
2040 5218 2117 5266 te-

537 5272 855 5351 stimonium
871 5272 1618 5351 _p_r0\ocaverant.consulto
1640 5272 1845 5351 nomen
1892 5279 1947 5333 Μ
1954 5298 2116 5351 agne-

537 5344 607 5422 tis
644 5344 731 5422 hic
774 5345 1029 5397 omisisse
1082 5345 1358 5422 videntur,
1411 5354 1469 5399 ut
1513 5347 1586 5401 ita
1612 5350 1778 5403 alium
1823 5344 2116 5422 quemdam

535 5412 830 5467 Maearium
853 5429 972 5468 esse
1006 5415 1412 5483 persuaderent.
1839 5412 1856 5422 ’
1955 5468 1961 5475 ,

607 5484 804 5553 (lSlln
836 5486 1065 5552 epistola
1097 5487 1162 5538 ad
1196 5484 1261 5538 D.
1293 5486 1666 5542 Gleichenium
1694 5489 1756 5548 A.
1784 5489 1921 5545 1710
1948 5492 2112 5548 edita.

538 5549 1053 5627 Vid_.us_cltuldige
1084 5554 1439 5627 Nacltricltten
1471 5559 1627 5625 1710,
1661 5576 1714 5627 p.
1743 5563 1868 5618 516.

607 5621 719 5703 (li)
758 5621 1000 5703 Nutante‘
1033 5624 1178 5680 Luca
1209 5625 1488 5703 Holsteuio
1530 5630 1586 5703 in
1615 5621 1763 5686 notis
1790 5642 1843 5687 et
1884 5635 2118 5703 castiga-

536 5692 774 5748 tionibus
817 5694 870 5746 in
904 5694 1238 5765 Stephanum
1265 5696 1483 5769 Byzaut.
1517 5700 1588 5755 De
1628 5703 1865 5771 urbibus,
1899 5722 1952 5775 p.
1992 5692 2114 5761 194.

2288 4565 2399 4639 (t5)
2440 4566 2503 4639 13.
2538 4567 2659 4631 157,
2688 4569 2819 4623 edit.
2861 4571 2915 4622 in
2950 4568 3045 4624 fol.

2289 4636 2401 4717 (id)
2443 4636 2828 4717 Specialiorem
2871 4640 3427 4717 descriptionemhic
3463 4643 3794 4717 subiungere

2217 4707 2419 4782 licebit_
2449 4724 2519 4782 ex
2544 4712 2830 4782 _auctor_is_
2853 4707 3455 4782 rarissiinipaucisque
3502 4707 3792 4771 admodum

2218 4777 2444 4845 cogniti,
2493 4777 2758 4855 AlpiLOIIsi
2808 4778 2981 4855 L_as_or
3031 4798 3062 4836 ιι
3114 4777 3286 4855 Varea
3343 4777 3479 4855 (qui
3522 4800 3623 4855 per
3678 4803 3797 4841 ana-

2216 4862 2462 4917 gratnma
2491 4859 2576 4902 est
2612 4847 2856 4921 Raphael
2895 4850 3250 4921 Savonarola)
3284 4847 3435 4907 tonio
3464 4847 3537 4907 ll'
3562 4854 3796 4911 Unirersi

2218 4928 2480 4990 terrarum
2506 4920 2647 4971 orbis
2687 4922 3000 4988 scriptorum
3032 4924 3240 4976 calamo
3284 4923 3562 4990 deltneati,
3598 4926 3796 4982 Patavii

2218 4987 2378 5065 iﬁlli,
2415 4990 2629 5065 duobus
2659 4987 3108 5065 voluminibusiu
3152 4992 3283 5065 folio
3310 4995 3477 5059 editi;
3517 4987 3684 5065 cujus
3720 5000 3795 5051 vi~

2206 5057 2624 5133 ‘dendi‘copiam
2646 5061 2801 5133 mihi
2834 5060 2961 5133 iecit
2991 5062 3221 5117 illustris
3255 5073 3419 5133 atque
3444 5057 3795 5122 consultissi-

2215 5142 2342 5182 mus
2386 5126 2806 5203 l_)_n_._Gruberus
2848 5132 2901 5184 in
2944 5132 3271 5187 bibliotheca
3316 5126 3465 5203 regia
3516 5135 3799 5193 Hatinove-

2218 5213 2372 5272 rana.
2399 5197 2478 5252 lbi
2510 5198 2645 5272 haec
2664 5200 2939 5267 sigillatim
2974 5211 3153 5256 notata
3194 5197 3548 5272 reperiuntur
3585 5226 3598 5261 :
3646 5227 3667 5260 ι
3694 5209 3799 5261 Μη-

2216 5269 2401 5390 ﬁnesia
2455 5271 2585 5324 urbs
2608 5268 2781 5324 Cariae
2813 5273 2865 5324 in
2893 5273 3017 5326 Asia
3054 5268 3441 5343 Minori'prope
3468 5275 3800 5332 Maeandrum

2259 5339 2462 5390 avium.
2494 5340 2639 5390 unde
2664 5342 2805 5390 dicta
2837 5340 3106 5390 Magnesia
3137 5345 3204 5390 nil
3240 5343 3577 5390 Mummii-nm
3649 5360 3799 5390 nuli-2|

2259 5339 2462 5411 avium,
2494 5340 2639 5394 unde
2664 5342 2806 5396 dicta
2836 5340 3107 5407 Magnesia
3137 5345 3211 5411 ad,
3239 5339 3599 5411 Maeandrum,
3647 5360 3803 5402 ante:

2214 5405 2566 5483 Thessaloee,
2589 5421 2644 5465 et
2661 5405 2993 5483 Androliti‘a,
3009 5429 3177 5483 prepe
3200 5410 3509 5470 Thoracem
3536 5405 3800 5479 montem.

2217 5478 2542 5560 episcopalis
2573 5483 2676 5536 sub
2702 5484 2942 5560 archiep.
2978 5478 3272 5560 Ephesiae,
3292 5502 3459 5560 γιιιιυο
3487 5488 3799 5560 Maugresia

2216 5550 2401 5625 vulgo,
2459 5560 2620 5625 caput
2665 5550 2923 5625 regionis,
2989 5550 3338 5625 x'xvrmillia
3402 5550 3676 5625 passuum
3736 5560 3804 5615 ab

2206 5617 2434 5695 ‘Eph—eso
2482 5617 2539 5674 iti
2576 5617 2753 5677 ortqu
2795 5617 2917 5692 (sed
2954 5633 3091 5679 teste
3139 5623 3317 5681 Plinio
3363 5617 3580 5685 Hister.
3610 5632 3717 5685 lib.
3754 5648 3802 5688 γ.

2218 5708 2335 5765 cap.
2374 5696 2474 5762 29,
2516 5696 2779 5766 Magnesia
2826 5698 3085 5753 Mteautlri
3122 5705 3427 5771 cognomine
3460 5708 3724 5779 insignis,
3763 5729 3793 5763 α
