3966 6206
249 256 390 315 1319

1437 258 1720 315 ΝΟΤΙΤΙΛ
1755 259 1842 313 ΕΤ
1891 259 2334 318 FRAGMENTA.

3365 265 3510 325 1550.

224 380 511 445 Straboni,
537 389 589 436 et
620 380 799 436 Plinio
834 381 1090 438 dicuntur
1125 383 1272 437 cives
1306 383 1386 436 vel
1421 383 1606 453 populi
1654 384 1794 438 istiu:

1919 399 2139 445 πευσεν,
2185 381 2338 434 οὔπω
2369 380 2620 451 λέγομεν,
2650 381 2754 445 ἕως
2794 381 2859 436 ἆν
2896 383 2956 438 τὸ
2993 384 3310 455 Μάγνητος
3351 387 3506 458 ἀκρι-

227 473 356 533 loci.
397 473 464 526 de
489 473 686 542 quibus
716 473 970 529 Lucanus
1008 475 1099 528 lib.
1143 492 1192 528 vr
1223 477 1330 530 ait:

335 563 401 618 Et
433 563 699 636 Magnetes
731 567 899 636 equis,
929 566 1123 636 Minya:
1147 585 1270 638 gens
1295 569 1502 638 cognita
1532 569 1710 623 remis.

303 655 559 712 Mulieres
597 666 778 712 autem
824 659 1081 714 dicuntur
1113 660 1400 732 Magnesia:
1443 662 1524 715 vel
1568 660 1810 732 Magnes-

225 765 341 814 sar;
375 750 454 803 sic
487 750 630 804 cnim
656 748 910 804 limatius
932 751 1027 804 lib.
1063 767 1124 804 ιιι
1161 750 1368 815 Carm.,
1402 753 1494 807 od.
1535 752 1604 807 7:

302 840 641 911 Magnessam
673 840 1012 910 llippolgtem
1040 843 1164 894 dum
1209 843 1343 910 fugit
1376 842 1662 897 abstinens.

302 931 358 986 In
389 931 507 988 Nic.
539 932 734 987 Franc.
773 932 985 1005 llaytnii
1023 933 1212 988 Tesoro
1257 933 1531 988 Britanico
1573 935 1807 990 Londini

225 1027 369 1082 1720
393 1028 562 1090 edito,
596 1027 704 1081 vol.
736 1025 798 1093 ll,
837 1043 888 1096 p.
929 1027 1058 1093 255,
1104 1035 1416 1081 recensetur
1459 1027 1806 1097 elegantissi-

221 1127 350 1173 mus
378 1135 636 1173 nummus
661 1119 763 1174 sub
786 1119 1059 1174 Gordiano
1084 1117 1180 1172 Pio
1205 1135 1396 1181 cusus,
1419 1135 1540 1173 cum
1571 1120 1671 1173 hac
1692 1119 1809 1188 epi-

222 1210 475 1280 graphe:
525 1206 832 1283 Μαγνήτων
866 1211 1063 1282 ἑϐδόμη
1101 1211 1202 1281 τῆς
1254 1209 1454 1275 Ἀσίας,
1501 1209 1807 1279 Magnetum

220 1304 452 1370 septima
493 1303 664 1367 Asiw,
711 1304 839 1372 quia
881 1304 1089 1358 scilicet
1135 1301 1410 1372 Magnesia
1457 1311 1576 1355 erat
1607 1317 1714 1356 una
1739 1317 1807 1355 ex

219 1396 488 1451 tredecim
533 1394 822 1466 praecipuis
859 1396 1170 1450 civitatibus
1211 1394 1374 1455 Asiaz,
1426 1394 1478 1446 in
1529 1409 1636 1461 qua
1676 1393 1806 1446 olim

219 1485 400 1540 Diana
425 1484 701 1540 Licofrine
724 1484 1069 1553 potissimum
1103 1484 1247 1537 culta
1275 1481 1396 1534 fuit.
1437 1478 1678 1533 Pertinet
1703 1479 1810 1532 huc

217 1579 429 1650 pariter
451 1594 711 1634 nummus
741 1577 1060 1633 rarissimus
1087 1591 1116 1628 a
1143 1574 1483 1645 Magnetibus
1515 1572 1570 1624 in
1603 1585 1808 1625 memo-

217 1675 366 1729 riam
389 1672 667 1729 Ciceronis
715 1686 906 1734 cusns,
933 1686 1058 1725 cum
1088 1667 1380 1738 proconsul
1407 1674 1550 1721 esset
1571 1663 1804 1730 Ciliciae;

1913 473 2166 544 δέστερον
2211 476 2341 544 ἡμῖν
2381 473 2764 545 καταληφθείη
2818 475 3226 548 ἐξεταζόμενον,
3271 479 3500 548 πότερον

1910 567 2100 638 κύριον
2127 566 2158 636 ἢ
2188 566 2398 619 ἐθνικὸν
2422 568 2590 637 ὄνομα
2614 568 2870 637 τυγχάνει
2895 569 2954 622 ὃν
2975 587 2987 598 ⁸
3013 569 3351 642 λέγεταιγὰρ
3377 571 3498 625 καθ’

1911 658 2172 726 ἐκατέρου
2214 659 2274 710 τὸ
2315 658 2564 728 Μάγνης
2605 658 2794 730 ὄνομα.
2832 661 3019 730 Ἴσμεν
3064 663 3168 734 γὰρ
3199 662 3369 734 δήπου
3405 664 3500 718 καί

1909 766 2033 803 τινα
2060 749 2165 803 τῶν
2197 751 2439 821 ἀρχαίων
2482 750 2720 822 ποιητῶν
2754 749 2896 804 οὕτω
2928 754 3494 826 προσαγορευόμενον·

1912 841 2010 912 ἤδη
2057 841 2114 894 δὲ
2146 842 2240 894 καὶ
2273 841 2457 912 ἕτερον
2491 843 2734 912 οἰκιστὴν
2764 842 2928 895 τόπου
2969 843 3110 906 τινὸς
3157 845 3322 898 πάλαι
3357 849 3499 901 ἱστο-

1913 933 2005 1004 ρού
2015 950 2172 1004 μενον
2199 932 2462 1004 ἔγνωμεν,
2487 935 2578 1003 ἀφ’
2597 928 2657 986 οἶ)
2679 937 2712 1006 ἡ
2741 937 2859 988 κατ’
2883 937 3043 988 αὐτὸν
3074 953 3139 989 πε
3149 939 3337 1008 ριοικὶς
3361 940 3500 996 κατὰ

1908 1027 2008 1097 τὴν
2049 1026 2380 1099 Θετταλικὴν
2410 1027 2594 1100 χώραν
2637 1031 2864 1103 κειμένη
2897 1032 3190 1102 Μαγνησία
3238 1033 3496 1105 παρωνύ-

1922 1135 2038 1188 μως
2066 1119 2405 1190 ὠνόμασται·
2443 1123 2537 1174 καὶ
2568 1123 2860 1194 Μάγνητες
2901 1123 3008 1177 τῶν
3039 1124 3164 1194 τῇδε
3196 1124 3499 1197 ᾠκημένων

1914 1209 2177 1279 ἰθαγενῶν
2201 1211 2264 1264 τὸ
2295 1211 2444 1276 ἔθνος
2464 1213 2701 1282 λέγεταιο
2726 1209 2800 1268 ὧν
2828 1214 2958 1278 ἴσως
2985 1216 3192 1270 ἐκεῖθεν
3219 1218 3376 1289 τυχὸν
3399 1218 3498 1290 μὲν

1910 1303 2004 1355 καὶ
2035 1303 2298 1374 ἀλλαχόσε
2329 1322 2440 1368 ποι,
2469 1307 2529 1358 οὑ
2563 1305 2666 1377 μὴν
2701 1307 2757 1360 δέ
2785 1324 2847 1376 γε
2881 1308 2975 1361 καὶ
3005 1309 3140 1380 πρὸς
3177 1309 3274 1380 τὴν
3317 1311 3501 1366 Ἀσιά-

1910 1395 2031 1448 τιδα
2068 1398 2466 1469 μετῳκηκότων
2492 1398 2618 1468 γῆν,
2636 1399 2743 1452 τῶν
2773 1399 2958 1452 αὐτόθι
2991 1401 3396 1475 καθιδρυμένων
3413 1423 3499 1460 τι·

1909 1485 1997 1549 νὲς
2021 1487 2226 1541 πόλεων
2255 1491 2568 1560 Μαγνησίαι
2604 1490 2697 1542 ἀπ’
2734 1490 2912 1545 αὐτῶν
2936 1491 3344 1563 ὲπικέκληνται.
3375 1493 3457 1551 Cu
3475 1524 3487 1537 -

1901 1576 2120 1646 jusnam
2148 1589 2324 1634 autem
2356 1580 2500 1634 urbis
2525 1583 2764 1650 pontifex
2793 1583 2978 1651 fuerit,
3011 1593 3061 1639 et
3083 1601 3212 1651 quos
3238 1588 3372 1640 cives
3403 1603 3492 1640 re-

1909 1671 2068 1732 xerit,
2103 1671 2157 1723 id
2196 1672 2408 1742 quidem
2452 1674 2683 1726 nondum
2729 1675 3031 1744 deﬁnimus.
3056 1678 3231 1747 quoad
3265 1678 3329 1732 de
3371 1695 3494 1733 voce

216 1782 389 1838 quem
420 1775 812 1823 commemorat
855 1763 1033 1819 Lucas
1070 1761 1385 1818 llolstenius
1415 1761 1452 1815 Ι.
1500 1775 1550 1816 c.
1583 1773 1636 1828 p.
1685 1759 1807 1813 195.
1842 1747 1884 1802 Β
1912 1758 2195 1816 ΜΑοΝετιε
2223 1764 2415 1816 certius
2445 1762 2595 1816 nobis
2637 1774 2856 1828 constet,
2904 1768 3036 1820 sitne
3078 1769 3350 1835 proprium
3389 1769 3490 1821 viri

215 1860 369 1927 Quin
406 1869 461 1914 et
489 1861 680 1914 Cicero
711 1859 775 1912 ad
807 1857 871 1924 Q.
907 1856 1129 1910 fratrem
1162 1853 1381 1910 scribit:
1423 1851 1500 1920 De
1529 1862 1576 1904 te
1613 1868 1644 1903 a
1684 1852 1804 1908 Ma-

216 1952 466 2025 gnetibus
495 1953 558 2005 ab
599 1950 784 2020 Sipylo
822 1951 1016 2002 mentio
1043 1956 1122 2002 est
1153 1945 1451 2015 honoriﬁca
1479 1946 1646 2015 facta,
1683 1963 1802 2000 cum

219 2060 274 2100 te
324 2060 486 2098 unum
528 2045 758 2097 dicerent
789 2042 1138 2112 postulationi
1173 2039 1238 2094 L.
1286 2038 1476 2094 Pansa!
1523 2041 1796 2094 restitisse.

219 2138 492 2207 Deinceps
527 2147 703 2191 autem
750 2135 1057 2204 Magnesios
1093 2134 1178 2188 vel
1221 2131 1593 2202 Magnesianos
1625 2133 1800 2189 dictos

216 2244 348 2284 esse
383 2227 590 2282 incolas
612 2242 775 2296 supra
814 2226 1082 2280 dictarum
1123 2225 1426 2284 civitatum,
1452 2224 1796 2293 perspicuum

217 2331 404 2376 estex
434 2321 676 2391 epistolis
715 2318 771 2372 S.
805 2318 993 2389 lgnatii
1038 2327 1149 2371 tum
1200 2317 1451 2387 genuinis
1491 2328 1605 2372 tum
1637 2318 1802 2373 inter-

217 2413 444 2484 polatis,
471 2428 606 2481 quas
632 2411 698 2465 ad
727 2412 946 2466 eosdem
970 2411 1201 2480 scriptas
1230 2409 1480 2479 legimus.

465 2501 494 2573 ᾗ
527 2501 589 2555 ν.
627 2500 887 2570 Magnetis
928 2516 1113 2554 nomen
1143 2501 1413 2569 proprium
1445 2499 1563 2553 viri.

296 2592 586 2648 Enimvero
629 2592 910 2663 prOprium
951 2592 1114 2648 etiam
1153 2591 1478 2660 quihusdam
1519 2589 1650 2642 viris
1693 2587 1798 2644 hoc

219 2701 424 2742 nomen
462 2684 651 2748 fuisse,
679 2699 786 2750 quo
816 2697 935 2738 sese
962 2681 1032 2736 ab
1055 2681 1177 2736 aliis
1204 2680 1517 2743 distinxere,
1545 2680 1795 2748 exempla

217 2780 488 2850 Magnetis
510 2777 636 2847 Argi
695 2777 809 2841 lilii,
840 2773 1138 2829 conditoris
1161 2772 1449 2842 Magnesia:
1478 2770 1792 2839 Thessaliae,

217 2872 488 2942 Magnetis
513 2870 708 2926 comici
735 2867 1082 2923 Atheniensis
1108 2882 1172 2920 ex
1208 2867 1338 2920 urbe
1366 2863 1556 2930 Icario,
1588 2865 1798 2936 Magne-

218 2968 300 3021 tis
337 2975 505 3036 poeta:
539 2961 827 3034 Smyrnaei,
858 2959 1122 3029 Magnetis
1157 2956 1632 3028 Hierosolymitani
1674 2973 1798 3028 pre—

218 3057 448 3129 sbyteri,
480 3054 840 3122 aliorumque,
870 3050 1281 3102 demonstrant:
1313 3063 1544 3117 quorum
1571 3049 1800 3103 nonnul-

217 3153 308 3206 los
347 3155 740 3205 commemorat
784 3143 982 3198 Suidas
1021 3143 1075 3196 in
1127 3139 1319 3195 Lexico
1362 3157 1409 3194 s.
1463 3150 1502 3195 t.
1549 3142 1797 3211 Μάγνης,
1827 3119 1871 3178 (ἶ

215 3247 405 3317 plures
432 3257 560 3297 vero
585 3248 828 3294 recenset
857 3235 1139 3290 Fabricius
1166 3235 1368 3304 passim
1397 3234 1449 3288 in
1477 3233 1800 3288 Bibliotheca

219 3337 431 3394 Greca.
461 3334 675 3400 Quibus
720 3332 899 3386 adhuc
941 3328 1066 3383 addi
1109 3337 1369 3392 meretur,
1405 3328 1547 3396 quod
1589 3327 1645 3380 in
1691 3342 1796 3382 ms.

216 3430 418 3485 Lexico
467 3426 647 3481 Graeco
693 3423 902 3478 codicis
939 3419 1258 3476 Coisliniani
1294 3435 1531 3482 cuxvu,
1577 3434 1643 3473 ex
1689 3433 1798 3488 quo

217 3522 456 3596 plurima
509 3517 652 3589 apud
706 3515 932 3570 Suidam
995 3514 1110 3568 loca
1170 3513 1405 3573 restitui.
1461 3526 1567 3566 non
1624 3526 1797 3580 pauca

217 3615 389 3672 etiam
438 3610 675 3681 suppleri
729 3624 891 3679 posse
949 3607 1228 3661 existimat
1285 3605 1394 3659 cel.
1456 3603 1799 3659 Montfauco-

215 3709 350 3763 nius
393 3702 532 3774 (17),
579 3700 676 3754 fol.
718 3699 822 3753 247
867 3698 1216 3754 observatum
1265 3695 1498 3765 legitur:
1545 3696 1794 3766 Μάγνης,

213 3802 395 3870 ὃνομα
425 3798 630 3869 κύριον,
661 3795 896 3864 Magnes,
926 3805 1107 3844 nomen
1136 3789 1404 3858 proprium
1432 3786 1567 3858 (18).
1602 3785 1681 3840 Ex
1710 3788 1797 3842 his

215 3896 406 3966 igitur,
443 3907 561 3962 qua:
597 3890 739 3945 dicta
786 3896 934 3947 sunt,
976 3885 1150 3938 lucem
1191 3879 1467 3949 accipiunt
1501 3880 1666 3934 verba
1703 3877 1797 3933 Ni-

214 3994 443 4065 cephori
474 3990 793 4062 patriarchae
818 3986 923 4042 CP.
961 3981 1319 4053 indignantis,
1351 3993 1547 4034 nomen
1582 3978 1799 4048 Magne-

217 4088 294 4143 tis
328 4084 576 4140 consulto
627 4081 891 4136 omissum
933 4075 1102 4132 fuisse
1145 4075 1214 4128 ab
1241 4069 1638 4136 Iconomachis,
1668 4085 1794 4124 cum

217 4177 595 4235 testimonium
633 4174 804 4244 ipsius
833 4179 1020 4227 contra
1047 4184 1234 4224 sacras
1269 4165 1534 4236 imagines
1561 4166 1796 4220 adduce-

212 4256 364 4336 rent,
394 4280 454 4326 ut
495 4269 701 4325 scilicet
730 4268 879 4323 hunc
905 4257 1088 4319 'alium
1121 4277 1241 4317 esse
1265 4270 1542 4315 auctorem
1572 4274 1796 4328 persua-

212 4368 436 4433 derent;
465 4364 607 4420 unde
630 4363 684 4417 in
711 4361 912 4429 judicio
941 4359 1245 4414 antistitum
1273 4356 1700 4410 orthodoxorum
1727 4353 1794 4408 de

211 4459 400 4515 verbis
447 4456 668 4511 Macarii
713 4453 998 4523 Magnetis,
1041 4466 1164 4522 quae
1205 4447 1547 4503 leonomachi
1599 4455 1788 4500 contra
1821 4460 1865 4514 Ι)

214 4551 486 4621 imagines
516 4563 701 4604 sacras
734 4545 898 4614 impie
926 4551 1343 4612 usurpaverant,
1379 4556 1566 4594 verum
1597 4547 1788 4592 aucto-

211 4645 298 4702 ris
330 4658 526 4698 nomen
567 4639 825 4697 restituit.
866 4636 1038 4702 Quam
1084 4634 1140 4689 in
1184 4649 1296 4688 rem
1339 4635 1454 4702 ipsa
1498 4630 1787 4701 Nicephori

211 4737 383 4794 verba
420 4752 486 4790 cx
526 4734 712 4789 codice
751 4747 854 4785 ms.
891 4729 1110 4793 inedito,
1145 4741 1254 4796 quo
1285 4726 1367 4779 usi
1416 4740 1627 4788 sumus,
1655 4724 1708 4776 h.
1746 4724 1784 4778 l.

211 4841 524 4898 apponam:
556 4817 662 4886 ’Ἦς
709 4821 764 4873 δὲ
811 4819 1018 4883 πόλεως
1068 4818 1262 4888 ἱερεὺς,
1307 4814 1399 4868 καὶ
1441 4808 1514 4866 ὧν
1561 4814 1786 4886 ἐπετρό-

215 5039 522 5096 Thessalica
556 5035 829 5103 Magnesia
859 5045 994 5096 orta,
1019 5035 1162 5088 abest
1193 5032 1254 5086 ab
1286 5033 1487 5103 Epheso
1514 5048 1582 5086 xv
1618 5033 1787 5088 millia

209 5109 594 5182 passuum),_a_
618 5103 796 5160 Tralle
824 5121 956 5182 xviri
982 5106 1048 5182 in
1091 5106 1303 5182 meriti”
1335 5121 1507 5182 Lxxna
1557 5103 1787 5182 Smyrna

209 5173 270 5238 in
313 5173 490 5233 ortum
525 5177 830 5231 hibernum.
866 5195 884 5227 ι
917 5177 1077 5230 Addit
1102 5177 1333 5229 ibidem:
1374 5195 1393 5226 ‹
1435 5175 1622 5228 Possis
1660 5173 1787 5228 Ma-

210 5251 438 5324 gnesius
482 5265 568 5324 res
606 5247 1362 5324 Magnesiorumcomposuit
1410 5245 1612 5324 Graece.
1674 5244 1789 5298 Ma-

211 5315 405 5392 gnesia
445 5319 577 5374 urbs
623 5315 804 5392 Lydiae
844 5319 899 5372 in
940 5317 1066 5392 Asia
1105 5318 1338 5392 Minori:
1361 5333 1503 5371 nunc
1531 5315 1785 5384 Magnesa

213 5389 468 5457 Menisso,
519 5391 838 5462 episcopalis
881 5391 980 5444 sub
1022 5391 1260 5462 archiep.
1310 5389 1780 5462 Smyrnl‘ivcrsus

211 5463 430 5524 Sardes,
466 5472 520 5517 et
555 5459 625 5516 ad
657 5459 894 5532 Sipylum
941 5460 1293 5532 montei_n,_in
1332 5460 1496 5532 limite
1539 5459 1778 5527 Phrygia:

214 5533 448 5612 Maioris,
485 5541 567 5612 e_st
595 5529 1034 5612 caput‘rcgiolnis,
1070 5529 1170 5582 sub
1193 5529 1385 5612 Turcis
1414 5545 1535 5612 cum
1573 5543 1714 5610 arce.
1750 5544 1770 5578 ι

211 5602 347 5657 Vide
379 5598 677 5655 Baudrandi
711 5598 881 5655 Lexic.
920 5600 1096 5667 Geog.
1128 5599 1227 5651 sub
1257 5615 1385 5651 voce
1415 5598 1704 5667 Magnesia.

288 5673 396 5744 (17)
429 5673 485 5726 In
510 5671 824 5725 Bibliotheca
857 5668 1198 5730 Coisliniana,
1234 5685 1282 5736 p.
1313 5670 1416 5724 ‘250
1438 5682 1490 5724 et
1517 5673 1642 5725 236.

1910 1867 2116 1920 nomen,
2146 1867 2214 1904 an
2237 1853 2404 1920 gentis
2427 1867 2446 1905 :
2483 1853 2548 1906 de
2589 1863 2808 1923 utroque
2838 1857 2977 1908 enim
3015 1856 3213 1909 dicitur
3239 1874 3335 1911 voa:
3377 1857 3493 1913 MA-

1905 1959 2059 1998 GNES.
2109 1941 2319 1998 Scimus
2353 1946 2542 2015 quippe
2582 1954 2630 2000 et
2663 1956 2892 2000 ueterum
2921 1957 3195 2014 poetarum
3225 1964 3382 2002 unum
3411 1949 3490 2002 sic

1909 2047 2269 2105 nuncupatum
2324 2037 2487 2106 fuisse
2517 2053 2538 2093 :
2580 2039 2704 2091 item
2750 2039 2913 2092 alium
2963 2041 3202 2094 novimus
3254 2041 3490 2112 antiquis

1909 2129 2248 2194 celebratum,
2296 2131 2400 2184 loci
2446 2131 2724 2201 cujusdam
2771 2133 3116 2200 conditorem,
3155 2153 3187 2186 α
3232 2150 3333 2200 quo
3379 2135 3488 2188 cir-

1907 2220 2204 2288 cumjacens
2256 2221 2563 2276 Thessalica
2615 2225 2755 2293 regio
2812 2223 3085 2294 Magnesia
3143 2226 3489 2282 denominata

1905 2321 2018 2374 est;
2050 2312 2309 2380 indigena:
2353 2299 2530 2367 autem
2583 2312 2854 2383 Magnetes
2893 2315 3044 2378 dicti,
3077 2316 3168 2385 qui
3203 2318 3341 2386 quod
3375 2319 3490 2387 for-

1907 2409 2045 2454 tasse
2070 2402 2191 2454 inde
2219 2419 2334 2455 cum
2365 2405 2416 2456 in
2451 2404 2587 2458 alias
2621 2422 2743 2460 oras
2773 2407 2884 2476 (19)
2931 2418 3038 2460 tum
3084 2408 3140 2460 in
3190 2409 3486 2462 Asiaticum

1907 2502 2100 2545 terram
2135 2497 2621 2565 transmigrassent,
2657 2514 2717 2550 eo
2760 2498 2962 2567 factum
2993 2507 3090 2561 est,
3139 2509 3195 2552 ut
3244 2503 3485 2569 quwdam

1905 2584 2014 2637 illic
2048 2586 2282 2654 [undatw
2315 2589 2462 2641 urbes
2495 2587 2779 2659 Magnesia:
2820 2593 2884 2642 ab
2935 2591 3002 2643 iis
3051 2590 3330 2660 appellata:
3354 2593 3482 2648 sint.

1908 2699 1934 2771 §
1966 2699 2052 2754 VI.
2086 2701 2333 2770 Episcopi
2366 2702 2668 2770 Magnesia}.
2707 2703 3017 2758 Ostenditur
3044 2705 3342 2758 Macarium
3369 2705 3485 2760 Ma-

1973 2781 2182 2842 gnetum
2217 2777 2532 2841 episcopum,
2560 2791 2592 2827 a
2617 2773 2812 2828 Photio
2839 2786 3206 2840 memoratum,
3237 2794 3269 2830 a
3299 2786 3481 2831 nostro

1973 2844 2236 2895 diversum
2267 2859 2399 2898 esse.

1972 2950 2353 3023 Magnesianos
2377 2953 2489 3022 jam
2521 2953 2646 3010 inde
2684 2956 2752 3010 ab
2786 2955 3181 3027 illo'tcmpore,
3223 2975 3333 3028 quo
3360 2961 3478 3030 epi-

1905 3047 2097 3102 stolam
2125 3049 2190 3101 ad
2221 3063 2317 3102 eos
2339 3047 2556 3125 scripsit
2581 3046 2639 3101 S.
2666 3049 2908 3118 lgnatius
2939 3065 3068 3104 suos
3095 3050 3349 3107 habuisse
3369 3053 3483 3122 epi-

1903 3156 2119 3210 scopos,
2155 3140 2242 3193 vix
2287 3141 2521 3193 dubitari
2569 3149 2765 3209 potest.
2815 3157 2936 3196 cum
2985 3142 3098 3204 ipse.
3141 3141 3382 3209 lgnatius
3421 3146 3479 3200 in

1901 3231 2126 3301 epistola
2165 3231 2396 3300 genuina
2425 3230 2491 3284 ad
2523 3229 2832 3299 Magnesios
2858 3231 3059 3300 scripta
3093 3229 3316 3285 Damam
3342 3232 3483 3302 ipso-

1901 3338 2024 3376 rum
2065 3322 2380 3391 episeOpnm
2419 3322 2674 3384 celebret,
2714 3330 2767 3375 et
2799 3337 2829 3374 a
2859 3321 3187 3391 presbyteris
3230 3321 3396 3377 Basso
3427 3331 3482 3378 et

1899 3413 2185 3483 Apollonio
2211 3413 2531 3483 distinguat.
2565 3412 2718 3479 Quod
2761 3413 2940 3481 ipsum
2975 3422 3029 3466 et
3081 3412 3478 3476 Eusebiulei-

1899 3518 2028 3560 stor.
2059 3505 2240 3560 eccles.
2271 3507 2363 3560 lib.
2396 3521 2475 3572 ιιι,
2505 3521 2625 3575 cap.
2654 3505 2742 3568 .36,
2775 3506 3080 3572 confirmat,
3107 3507 3173 3559 de
3193 3507 3293 3560 hac
3324 3507 3480 3575 lgna-

1901 3596 1959 3650 tii
1997 3596 2229 3666 epistola
2272 3595 2343 3649 ita
2385 3596 2665 3651 scribens:
2713 3595 2936 3666 Ἑτέραν
2983 3595 3040 3647 δὲ
3085 3595 3227 3664 (scil.
3258 3597 3477 3650 ἐπιστο-

1897 3687 2016 3758 λὴν)
2050 3690 2115 3758 τῇ
2151 3688 2207 3739 ὲν
2245 3686 2535 3758 Μαγνησίᾳ
2565 3689 2632 3758 τῇ
2679 3686 2814 3758 πρὸς
2847 3686 3168 3757 Μαιάνδρῳ,
3203 3685 3330 3738 ἔνθα
3368 3687 3475 3740 πά-

1897 3778 1980 3834 λιν
2033 3779 2327 3832 ἐπισκόπου
2381 3778 2540 3849 Δάμα
2601 3779 2822 3849 μνήμην
2875 3777 3190 3848 πεποίηται.
3236 3777 3477 3830 Alteram

1896 3887 2095 3941 quoque
2121 3870 2262 3924 dedit
2286 3872 2562 3939 epistolam
2589 3869 2658 3922 ad
2691 3868 2985 3922 Ecclesiam
3021 3867 3311 3938 Magnesia:
3347 3869 3476 3922 ciri-

1899 3966 2043 4027 tatis,
2081 3978 2196 4033 qua:
2221 3963 2288 4014 ad
2320 3960 2652 4016 Menandrum
2679 3963 2784 4014 sita
2815 3971 2913 4024 est,
2944 3961 2998 4015 in
3034 3977 3137 4030 qua
3173 3961 3332 4014 etiam
3361 3960 3474 4014 Da-

1897 4071 2038 4108 mam
2065 4055 2364 4124 episcopum
2399 4053 2658 4106 nominat.
2691 4052 3034 4121 Quapropter
3072 4062 3125 4106 et
3153 4052 3204 4106 in
3234 4053 3474 4124 antiquis

1900 4147 2118 4202 Notitiis
2152 4145 2356 4202 Grzecis
2403 4155 2631 4214 utraque
2672 4143 2947 4214 Magnesia
2990 4151 3104 4197 tum
3153 4143 3220 4197 ad
3268 4143 3470 4200 Maian-

1895 4240 2078 4306 drum,
2113 4249 2226 4292 tum
2254 4239 2318 4292 ad
2354 4236 2618 4307 Sipylum,
2661 4235 2714 4289 in
2750 4232 3029 4304 provincia
3060 4233 3204 4288 Asia:
3237 4251 3471 4304 procon-

1896 4333 2063 4388 sulari
2095 4331 2234 4386 inter
2262 4331 2418 4386 sedes
2440 4327 2779 4398 episc0pales
2805 4325 3040 4381 refertur
3064 4327 3174 4396 (20)
3205 4343 3217 4378 :
3256 4329 3469 4396 specia-

1896 4423 2101 4492 timque
2127 4421 2365 4476 Eusemii
2398 4419 2636 4490 episcopi
2669 4435 2700 4472 a
2730 4417 3001 4488 Magnesia
3028 4419 3305 4488 (corrupte
3345 4419 3470 4488 legi.

1895 4521 1982 4567 tur
2025 4511 2345 4582 Magnemia)
2387 4510 2441 4564 in
2489 4509 2724 4566 concilio
2765 4509 3075 4564 Sardiceusi
3106 4510 3170 4564 A.
3215 4509 3278 4570 C.
3325 4509 3465 4578 347;

1891 4603 2110 4658 Macarii
2141 4603 2448 4674 Magnetum
2482 4603 2720 4674 episcopi
2766 4603 2818 4657 in
2851 4603 3062 4672 synodo
3093 4603 3159 4656 ad
3192 4605 3464 4669 Quereum

1890 4706 2079 4752 contra
2109 4695 2374 4750 Joannem
2402 4697 2852 4767 Chrysostomum
2888 4699 2952 4748 Α.
2987 4697 3048 4750 C.
3096 4695 3202 4750 405
3247 4697 3466 4763 habita;

1892 4791 2099 4862 Daphni
2161 4789 2451 4862 Magnesiae
2499 4789 2759 4844 Maeandri
2814 4789 3054 4858 episcopi
3116 4790 3169 4844 in
3233 4790 3465 4844 concilio

1962 5035 2072 5107 (18)
2115 5035 2204 5090 Sic
2234 5044 2288 5090 et
2330 5033 2669 5107 Porphyrius
2699 5035 2794 5090 lib.
2835 5051 2871 5089 ιι
2906 5033 3044 5101 Περὶ
3087 5033 3352 5107 ᾀποχης.
3404 5051 3458 5104 p.

1889 5103 2090 5179 ῃιξὲό,
2138 5114 2401 5179 memorat
2438 5103 2607 5178 ἄνδρα
2645 5108 2911 5179 Μάγνητα
2956 5107 3020 5157 ἐκ
3050 5103 3148 5173 τῆς
3193 5103 3459 5169 Ἀσίαςίει

1889 5175 2238 5245 Theopompo
2265 5175 2564 5230 laudatum.

1959 5248 2069 5317 (19)
2109 5247 2164 5317 In
2201 5248 2415 5300 Cretam
2449 5248 2676 5313 scilicet,
2713 5248 2867 5317 juxta
2896 5245 3137 5301 Cononis
3182 5247 3452 5300 narratio-

1894 5316 2012 5372 nem
2054 5319 2106 5371 in
2138 5316 2311 5370 Photii
2360 5316 2857 5380 Bibliotheca,cod.
2892 5332 3146 5381 (:Lxxxvl,
3179 5317 3335 5371 artic.
3365 5317 3455 5370 9.9.

1958 5389 2068 5454 (20)
2105 5388 2263 5442 Conf.
2297 5386 2556 5441 l-larduini
2588 5390 2753 5440 Index
2790 5390 3448 5457 geographicus_episcopa-

1887 5466 2030 5510 tuum
2062 5459 2114 5510 in
2141 5469 2288 5511 torno
2340 5458 2405 5510 ΧΙ
2436 5455 2814 5519 Conciliat-um,
2843 5455 2894 5525 pL
2923 5457 3045 5520 775,
3078 5467 3132 5511 et
3166 5455 3217 5510 J.
3249 5463 3311 5510 Α.
3351 5457 3456 5510 Fu-

1885 5529 2040 5582 l.)ricii
2086 5527 2255 5580 Index
2285 5531 2658 5599 geographicus
2685 5529 3086 5599 episcopatuum
3123 5527 3265 5581 orbis
3297 5528 3456 5599 Chri-

1883 5599 2067 5659 stiani,
2117 5614 2168 5664 p.
2216 5597 2352 5660 106,
2383 5597 2719 5662 subjunctus
2762 5597 3003 5666 ejusdem
3053 5598 3294 5654 Saluteri
3345 5598 3455 5656 luci

1885 5669 2178 5736 Evangelii,
2211 5666 2404 5724 llamb.
2451 5669 2607 5733 1751,
2643 5669 2695 5722 4.
3431 5698 3436 5703 ι
