3930 6864
523 245 659 304 ιδδι

1794 247 2152 307 ΜΑΟΑΒΙυδ
2208 248 2508 306 MAGNES.

3571 254 3678 311 1552

520 362 798 433 Ephesia)
844 363 914 419 Α.
968 362 1033 418 C.
1082 364 1223 431 45l;
1259 362 1479 420 Eusebii
1525 364 1764 438 cpias-cpi
1810 366 2102 439 Magnesiae
2130 374 2173 428 Α
2204 368 2372 425 fuisse
2409 368 2670 439 legimus,
2706 371 2996 435 propterea
3032 360 3172 430 quod
3214 357 3505 419 Heraclidem
3543 365 3683 423 diaco-

525 457 761 513 civitatis
808 454 980 527 Sipyli
1029 456 1083 510 in
1130 456 1359 511 concilio
1406 456 1679 527 Ephesino
1728 458 1793 513 A.
1834 459 1899 513 C.
1958 457 2092 526 451;

521 549 734 605 Leontii
790 549 1033 620 episcOpi
1098 547 1388 619 Magnesia:
1448 548 1706 604 Maeandri
1770 549 1826 604 in
1889 551 2097 621 synodo

521 637 795 711 Ephesina
837 656 898 706 ιι,
943 638 1009 693 Α.
1056 638 1118 694 C.
1164 638 1290 704 449,
1337 646 1392 694 et
1425 639 1479 692 in
1520 640 1753 695 concilio
1792 640 2097 696 Chalcedo-

520 734 676 791 nensi
708 734 773 789 Δ.
804 733 931 797 451,
960 741 1014 787 et
1038 733 1093 786 ln
1135 732 1345 804 synodo
1383 730 1629 787 Romana
1666 734 1728 787 Α.
1756 734 1893 799 505;
1931 729 2098 788 Patri-

519 824 589 880 cii
637 825 876 894 episcopi
924 822 1220 893 Magnesiae
1274 822 1420 878 circa
1470 821 1805 878 Maeandrum
1859 824 2095 880 civitatis

518 914 736 970 Asiana:
773 913 1031 983 regionis,
1078 912 1135 966 in
1182 911 1415 981 concilio
1455 913 1793 968 (ecumenico
1840 912 1930 980 Vl,
1980 915 2096 970 sive

522 1004 1129 1075 Constantinopolitano
1170 1018 1257 1068 ιιι,
1301 1005 1367 1057 Α.
1396 1003 1460 1059 C.
1499 1004 1636 1069 681;
1672 1004 1932 1076 Stephani
1979 1008 2095 1078 epi-

520 1101 671 1171 scopi
710 1099 1000 1169 Magnesiae
1038 1098 1384 1156 Emiliorum
1431 1099 1717 1171 (Αἰμιλίων
1762 1099 1961 1171 legitur
1994 1115 2095 1170 pro

520 1189 788 1263 Σιπύλων)
811 1190 1127 1261 provinciae,
1156 1190 1211 1244 in
1235 1200 1389 1245 sexta
1416 1190 1625 1262 synodo
1653 1187 1912 1246 Trullana
1939 1190 2004 1246 Α.
2027 1191 2090 1246 C.

520 1280 676 1354 706);
707 1280 894 1337 Basilii
922 1281 1162 1352 episcopi
1201 1280 1491 1351 Magnesiae
1519 1281 1574 1335 in
1603 1282 1837 1336 concilio
1861 1296 2095 1337 cacume-

517 1371 643 1427 nico
677 1369 790 1439 VII,
830 1371 949 1427 sive
987 1369 1207 1426 Nicaeno
1247 1387 1308 1435 ιι,
1350 1371 1417 1425 A.
1463 1371 1527 1426 C.
1569 1370 1705 1440 787;
1751 1373 2095 1442 aliorumque

515 1463 752 1535 plurium
800 1462 1071 1531 sequioris
1107 1462 1283 1517 aetatis
1316 1458 1635 1516 nomina‘in
1675 1462 2096 1533 subscriptioni-

514 1553 620 1609 bus
655 1552 1014 1608 conciliorum
1053 1560 1375 1607 conservata
1425 1552 1903 1622 deprehendimus.
1949 1552 2092 1610 lnsi-

516 1645 639 1716 gnis
682 1644 772 1699 hic
811 1643 1050 1698 occurrit
1099 1644 1254 1699 locus
1304 1642 1508 1710 Photii,
1549 1652 1605 1700 et
1653 1645 2094 1702 consideratione

2203 474 2333 512 num
2369 473 2529 513 suum
2566 454 2861 525 Ephesiae
2891 448 3148 505 Ecclesiae
3171 451 3502 507 constituisset
3520 456 3679 523 episco.

2201 565 2353 620 pum.
2403 547 2619 603 Exinde
2655 545 2827 616 igitur
2857 559 2967 598 non
3001 543 3119 597 sine
3159 557 3343 613 magna
3364 544 3679 613 probabilitatis

2201 641 2383 710 specie
2429 641 2693 711 colligere
2738 636 2889 700 licet,
2933 635 3071 690 duos
3107 635 3189 691 vel
3228 636 3394 706 plures
3427 637 3556 693 istius
3578 642 3685 697 urbis

2200 730 2492 803 Magnesiae
2518 733 2824 827 episcopos
2859 728 3003 784 idem
3033 744 3223 827 nomen
3251 728 3449 827 Macarii
3475 730 3684 802 habuisse,
3802 764 3807 827 Ι

2200 824 2255 878 in
2300 826 2501 893 quibus
2534 839 2674 880 vero
2710 822 2905 891 dispar
2941 821 3136 885 aetatis,
3164 835 3268 892 qua
3293 820 3518 888 ﬂoruere,
3545 834 3585 878 et
3607 827 3685 895 opi-

2198 916 2449 982 nionum,
2473 932 2616 987 quas
2643 912 2890 984 amplexi
2920 923 3067 977 sunt,
3091 912 3410 967 observanda
3426 922 3502 968 est
3519 915 3641 973 ratio.

2448 1007 2477 1079 ᾗ
2509 1006 2627 1061 νιι.
2681 1005 2995 1059 Macarium
3027 1004 3187 1073 fuisse
3224 1004 3515 1075 episcopum.

2271 1099 2527 1156 Nostrum
2557 1115 2729 1171 porro
2751 1096 3372 1166 Macarium‘Magnetem
3392 1097 3551 1153 itidem
3575 1097 3689 1158 {uiue

2197 1192 2551 1262 episcopum,
2586 1193 2740 1246 inter
2790 1189 2903 1244 alia
2941 1189 3026 1242 vel
3062 1188 3249 1245 titulus
3289 1188 3515 1261 ἱερὰρχον
3551 1192 3686 1258 innuit,

2196 1282 2292 1351 qui
2327 1283 2501 1337 eidem
2545 1282 2838 1347 tribuitur,
2866 1287 2923 1335 et
2943 1278 3332 1350 antiquissimis
3353 1282 3470 1335 olim
3503 1282 3686 1339 antistiti-

2199 1374 2302 1428 bus
2326 1373 2429 1429 fuit
2455 1374 2777 1430 communis
2801 1389 2816 1425 :
2854 1388 2985 1428 cum
3007 1372 3353 1428 ecclesiastici
3379 1375 3624 1446 scriptores
3638 1380 3683 1431 ie-

2202 1466 2332 1538 ρέας
2371 1475 2427 1521 et
2459 1467 2779 1521 sacerdotes
2805 1464 3083 1535 appellare
3112 1465 3315 1520 soleant
3333 1466 3486 1521 duces
3506 1475 3551 1521 et
3570 1479 3684 1523 recto-

2201 1573 2291 1613 res
2331 1559 2510 1630 gregis
2553 1558 2886 1623 Christiani,
2936 1557 3197 1628 ιεράρχας
3235 1572 3360 1612 vero
3396 1566 3447 1612 et
3478 1559 3683 1631 ἀρχιερέας

2198 1651 2485 1722 pontiﬁces
2518 1658 2682 1720 atque
2708 1650 3012 1720 episcopos
3036 1649 3268 1718 (22),vel
3292 1651 3411 1720 quia
3440 1660 3545 1705 ante
3562 1668 3684 1708 snser-

515 1744 702 1793 nostra
727 1735 966 1791 maxime
990 1735 1209 1806 dignus,
1252 1734 1346 1804 qui
1369 1734 1490 1790 cod.
1528 1749 1640 1800 th,
1674 1750 1736 1803 p.
1771 1751 1844 1788 ιιι.
1870 1735 1963 1799 55,
1996 1737 2088 1792 ubi
2125 1735 2166 1790 Β
2202 1753 2348 1814 ptam
2389 1742 2764 1797 Christianam
2805 1742 3131 1813 religionem
3166 1741 3250 1797 his
3282 1742 3533 1800 vocabulis
3554 1761 3683 1801 assue-

513 1829 626 1900 agit
660 1828 727 1883 de
766 1826 977 1897 synodo
1016 1826 1083 1880 ad
1117 1823 1412 1892 Quercum,
1445 1841 1568 1895 quae
1595 1836 1785 1882 contra
1824 1826 1885 1880 Β.
1921 1827 2090 1883 Joan-

512 1934 636 1973 nem
668 1918 1116 1988 Chrysostomum
1155 1915 1434 1987 illegitime
1469 1925 1656 1971 coacta
1696 1925 1800 1984 est,
1842 1933 2087 1974 comme~

511 2015 709 2072 morat,
744 2008 798 2061 in
826 2006 1014 2062 eadem
1046 2006 1255 2078 synodo
1282 2016 1597 2060 accusatum
1639 2006 1808 2063 fuisse
1844 2007 2089 2064 Heracli-

509 2098 634 2153 dem
672 2096 872 2167 Ephesi
918 2095 1232 2165 episcopum
1268 2111 1299 2151 a
1339 2088 1578 2152 Macario
1620 2098 1927 2168 Magnetum
1968 2103 2086 2170 epi-

509 2203 697 2259 scopo.
732 2186 909 2243 Verba
939 2187 1119 2242 Photii
1154 2187 1273 2243 haec
1308 2199 1468 2244 sunt:
1518 2190 1606 2244 Ἐν
1643 2192 1999 2262 ὑπομνήμασι
2028 2191 2085 2245 δὲ

507 2280 647 2336 αὐτὰ
677 2279 923 2351 ἐπράχθη
956 2280 1087 2334 δέκα
1117 2281 1254 2352 πρὸς
1289 2285 1403 2346 τοῖς
1447 2282 1628 2353 τρισίν
1651 2299 1665 2314 ο
1703 2282 1840 2336 ἀλλὰ
1877 2283 1946 2337 τὰ
1987 2285 2086 2355 μὲν

506 2368 601 2423 δύο
625 2371 718 2423 καὶ
740 2369 891 2432 δέκα,
919 2371 1059 2424 κατὰ
1083 2370 1176 2424 τοῦ
1205 2371 1358 2440 ἁγίου
1379 2388 1392 2403 ο
1429 2372 1489 2426 τὸ
1516 2373 1574 2425 δὲ
1598 2373 1717 2443 τρὶς
1741 2373 1834 2426 καὶ
1856 2373 2083 2428 δέκατον

508 2460 754 2533 περιέχει
779 2461 847 2514 τὰ
877 2461 1020 2515 κατὰ
1053 2461 1425 2533 Ἡρακλείδου,
1472 2462 1564 2516 τοῦ
1608 2466 1688 2528 εἰς
1724 2465 1954 2534 Ἔφεσον
1991 2466 2083 2518 ὑπ’

506 2553 675 2608 αὐτοῦ
720 2553 1201 2626 χειροτονηθέντος,
1241 2548 1411 2626 οὗπερ
1455 2555 1577 2608 οὐδὲ
1627 2556 1724 2627 τὴν
1769 2556 2085 2628 καθαίρεσιν

510 2644 733 2716 ῐσχυσαν
765 2645 1072 2709 τελειῶσαι,
1108 2646 1309 2718 ἐτέρων
1334 2645 1495 2700 τινῶν
1533 2645 1907 2701 κωλυσάντων.
1946 2648 2003 2703 '0
2027 2647 2085 2701 δὲ

507 2739 813 2810 κατήγορος
853 2737 1223 2810 Ἡρακλείδου,
1248 2738 1349 2809 τῆς
1380 2738 1687 2809 Μαγνήτων
1729 2736 1933 2802 πόλεως
1963 2738 2083 2791 ἐπί-

510 2808 812 2899 σκοπκίῆν
848 2808 1413 2900 ὁνόματιδΜακάριος.
1451 2831 1494 2883 Ι.
1526 2808 1613 2884 c.:
1669 2828 1936 2885 Tredecim
1974 2830 2084 2886 hwc

510 2918 806 2990 (Synodus)
841 2921 1137 2974 actionibus
1167 2930 1402 2991 peracta,
1427 2921 1703 2976 duodecim
1726 2921 1936 2992 quidem
1959 2939 2085 2978 cou-

507 3021 592 3064 tra
617 3010 676 3065 S.
722 3011 1174 3081 Chrysostomum,
1208 3012 1365 3066 tertia
1390 3011 1593 3066 decima
1620 3023 1805 3067 contra
1840 3010 2085 3067 Heracli-

2204 1845 2415 1900 verant,
2440 1836 2524 1890 vel
2548 1835 2695 1905 quod
2726 1833 2951 1891 Veteris
2971 1833 3303 1889 Tcstamenti
3329 1836 3505 1906 stylum
3534 1837 3681 1893 ineant

2200 1928 2302 1982 sibi
2338 1926 2662 1981 imitandum
2699 1933 2998 1996 putarent;
3040 1925 3126 1980 vel
3166 1924 3307 1994 quod
3349 1926 3562 1996 generale
3577 1942 3681 1983 tono

2191 2020 2380 2075 bulum
2417 2020 2484 2074 ad
2518 2018 2793 2074 sermonis
2823 2017 3212 2087 compendium
3250 2017 3350 2072 Sibi
3380 2018 3555 2073 nullum
3581 2034 3679 2088 repe-

2192 2112 2367 2168 rirent
2397 2111 2601 2181 aptius.
2630 2109 2710 2165 Ex
2749 2109 2951 2164 multis
2982 2109 3203 2165 unicum
3241 2109 3325 2164 hic
3370 2108 3679 2164 suﬁciattesti'

2191 2203 2435 2258 monium
2476 2201 2780 2273 Polycratis
2819 2200 3092 2271 Ephesini
3133 2200 3363 2271 episcopi
3411 2203 3531 2272 apud
3567 2201 3679 2255 Erue-

2190 2293 2517 2361 bium,Hist.
2537 2294 2664 2349 eccl.
2700 2294 2796 2347 lib.
2829 2310 2886 2360 v,
2914 2308 2967 2348 c.
2991 2293 3085 2357 24,
3118 2294 3172 2348 in
3200 2310 3307 2364 quo
3324 2293 3554 2349 Joannem
3570 2308 3676 2349 crau-

2189 2386 2438 2459 gelistam
2471 2385 2814 2441 hierarcham
2850 2394 2909 2440 et
2942 2400 3225 2440 summum
3258 2386 3533 2455 pontiﬁcem
3554 2397 3672 2449 vocat.

2189 2481 2283 2550 qui
2326 2480 2636 2551 pontiﬁcale
2668 2478 2910 2534 πέταλον
2955 2480 3213 2551 gestavit.
3261 2479 3406 2535 Licet
3441 2480 3558 2537 enim
3581 2480 3675 2534 haud

2190 2573 2458 2643 ignorem,
2491 2572 2829 2643 Stephanum
2868 2573 2922 2628 le
2951 2572 3153 2643 Moyne
3185 2572 3297 2644 (25)
3324 2572 3471 2628 iidem
3498 2571 3677 2644 Polycra-

2191 2665 2261 2720 tis
2296 2665 2397 2719 hac
2426 2665 2480 2718 in
2516 2673 2669 2734 parte.
2713 2671 2918 2733 praeter
2949 2679 3068 2718 rem
3101 2664 3366 2729 vellicare,
3394 2673 3451 2719 ut
3474 2663 3680 2734 hypotbesi

2190 2771 2303 2810 suae
2331 2756 2607 2819 inserviat,
2638 2755 2814 2824 primo
2841 2763 2905 2809 et
2930 2756 3183 2810 secundo
3205 2754 3397 2810 saeculo
3423 2770 3578 2811 vocem
3593 2771 3678 2823 pon-

2191 2847 2351 2916 tiﬁcis
2392 2855 2448 2901 et
2498 2846 2788 2899 sacerdotis
2829 2847 2988 2916 apud
3018 2846 3227 2916 probos
3259 2856 3487 2902 auctores
3520 2847 3677 2901 istorum

2188 2938 2518 2995 saeculorum
2552 2953 2831 3009 nunquam
2872 2953 3223 2994 occurrere:
3255 2938 3389 2993 idem
3427 2948 3573 2993 tamen
3597 2936 3681 2992 bte-

2189 3037 2300 3096 tur,
2335 3044 2390 3099 p.
2425 3029 2495 3084 50
2545 3030 2645 3085 has
2685 3045 2847 3085 voces
2899 3030 2983 3085 ab
3016 3030 3255 3086 ethnicis
3302 3031 3573 3102 desumptas
3604 3030 3677 3099 ian

506 3101 645 3164 dem,
677 3119 830 3171 quem
857 3101 1097 3172 Ephesiis
1134 3102 1225 3157 ille
1253 3103 1529 3157 ordinarat
1555 3104 1893 3173 episcopum;
1925 3104 2081 3174 hujus

2190 3120 2412 3175 ineunte
2440 3121 2640 3175 saeculo
2670 3136 2752 3189 ιιι,
2784 3121 2837 3175 in
2870 3119 3189 3178 Ecclesiam
3219 3121 3552 3177 Christianam
3572 3120 3683 3175 intro-

507 3202 685 3248 tamen
709 3194 1090 3264 depositionem
1117 3194 1353 3247 validam
1381 3194 1614 3258 reddere,
1652 3194 1776 3249 aliis
1810 3197 2078 3251 nonnullis

505 3284 920 3357 prohibentibus,
950 3285 1164 3339 minime
1186 3294 1489 3353 potuerunt.
1523 3283 1827 3340 Heraclida:
1860 3303 2081 3340 accusa-

509 3388 596 3432 tor
623 3377 891 3431 Macarius
921 3377 1137 3447 quidam
1158 3378 1366 3431 nomine
1388 3377 1513 3447 fuit,
1546 3376 1851 3448 Magnetum
1879 3379 2081 3449 episco-

505 3487 623 3542 pus.
653 3467 808 3524 Hunc
850 3477 1029 3523 tamen
1067 3467 1363 3525 Macarium
1414 3485 1444 3555 a
1490 3468 1686 3526 Photio
1713 3481 2077 3528 memoratum

505 3583 782 3639 diversum
822 3581 991 3637 fuisse
1018 3580 1212 3652 opinor
1244 3597 1275 3637 a
1306 3591 1495 3638 nostro
1526 3581 1766 3638 Macario
1811 3582 2076 3655 Magnete,

504 3677 574 3732 de
595 3691 702 3747 quo
725 3691 871 3730 nunc
895 3683 1008 3729 tota
1038 3674 1341 3731 instituitur
1356 3673 1671 3745 disputatio.
1691 3672 1889 3732 Noster
1908 3675 2077 3742 enim,

505 3778 645 3825 teste
659 3766 962 3838 Nicephoro
983 3783 1108 3823 cum
1131 3768 1356 3839 reliquis
1373 3769 1715 3824 antistitibus
1736 3768 2077 3835 orthodoxis,

505 3861 601 3933 qui
630 3862 685 3917 in
714 3860 1145 3932 pervestigandis
1184 3861 1672 3931 examinandisque
1703 3859 1926 3914 Macarii
1963 3859 2080 3915 Ma-

505 3952 684 4024 gnetis
725 3953 945 4021 scriptis
979 3951 1271 4007 admodum
1305 3951 1525 4007 solliciti
1558 3950 1729 4016 fuere,
1768 3950 1823 4005 in
1850 3950 2079 4020 quibus-

504 4046 630 4101 dam
676 4045 942 4101 doctrinis
965 4043 1255 4112 Origenem
1282 4052 1522 4107 secutus,
1547 4059 1610 4099 ac
1637 4044 1776 4098 inter
1801 4044 1905 4097 alia
1932 4043 2077 4099 istud

504 4140 698 4210 dogma
729 4138 1012 4208 amplexus
1038 4146 1141 4200 est,
1164 4137 1240 4201 ὡς
1265 4136 1413 4199 τέλος
1437 4136 1546 4200 ἕξει
1593 4136 1627 4207 ἡ
1655 4135 1794 4189 κατὰ
1828 4135 1918 4189 τὸν
1951 4135 2079 4207 μέλ-

504 4228 664 4284 λοντα
708 4229 897 4301 χρόνον
936 4229 1046 4291 τοῖς
1090 4225 1342 4280 ἀσεϐέσιν
1383 4223 1689 4296 ἀνθρώποις
1731 4223 2073 4297 ἡπειλημένη

506 4323 602 4376 καὶ
628 4319 1002 4394 ἡτοιμασμένη
1035 4318 1187 4390 παρὰ
1213 4314 1348 4371 Θεοῦ
1384 4317 1626 4380 κόλασις,
1652 4315 1924 4370 habituras
1949 4316 2079 4370 olim

507 4418 663 4487 ﬁnem
692 4432 780 4470 eas
809 4431 1004 4484 poenas,
1037 4428 1167 4484 quas
1194 4412 1372 4480 impiis
1404 4408 1702 4463 hominibus
1728 4409 1868 4463 Deus
1902 4411 2077 4464 mina-

508 4517 591 4563 tus
620 4515 696 4563 est
723 4524 784 4561 ac
817 4504 1154 4576 preparavit.
1188 4502 1292 4558 Sed
1323 4501 1626 4557 Photianus
1669 4501 1760 4556 ille
1786 4500 2076 4565 Macarius,

505 4599 812 4670 Magnetum
858 4596 1166 4666 cpiscopus,
1204 4602 1415 4649 tantum
1462 4592 1619 4648 abest
1661 4600 1722 4646 ut
1772 4591 2078 4663 Origenista

506 4689 692 4753 fuerit,
724 4697 783 4743 ut
806 4684 1145 4741 Heraclidem
1172 4684 1372 4755 Ephesi
1402 4685 1718 4754 episcopum
1749 4683 1932 4753 potius
1960 4683 2082 4738 Ori-

509 4781 829 4855 genianismi
859 4778 1198 4834 accusaverit
1227 4775 1340 4847 (21)
1364 4794 1377 4830 :
1412 4791 1477 4831 ex
1509 4790 1619 4845 quo
1645 4775 1823 4846 capite
1850 4790 2080 4831 accusa-

508 4876 673 4932 tionis
712 4872 815 4943 ipsi
855 4871 1020 4926 etiam
1055 4869 1450 4940 Chrysostomo
1494 4867 1702 4923 crimen
1752 4867 2079 4923 intentatum

582 5012 692 5085 (21)
731 5007 853 5063 Vid.
894 5003 1450 5085 PltOl‘l_l_Bibli‘01_l}eCft1,
1472 5005 1518 5085 _l.
1546 5022 1599 5085 c.
1640 5023 1692 5076 p.
1729 5023 1803 5062 m.
1838 5008 1930 5073 55,
1949 5023 2077 5085 seq.

509 5095 564 5140 et
585 5074 706 5140 cod.
737 5093 880 5145 xcvr,
917 5094 971 5149 p.
1006 5076 1111 5149 257
1141 5085 1195 5130 et
1224 5075 1347 5149 265.
1380 5074 1486 5149 _S_ed
1514 5074 1924 5149 vide‘praeterea
1948 5074 2078 5149 Pal-

509 5156 731 5215 ladium,
757 5144 946 5206 testem
973 5147 1260 5218 αὐτόπτην,
1284 5147 1339 5200 in
1380 5144 1503 5218 Vita
1546 5144 1938 5218 Chrysostomi;
1977 5148 2080 5205 So-

510 5220 884 5285 cratctn.Hist.
911 5219 1035 5274 eccl.
1065 5218 1159 5272 lib.
1188 5215 1263 5282 vt,
1291 5233 1342 5271 c.
1375 5216 1463 5280 17,
1500 5225 1554 5270 et
1580 5215 2074 5284 SozomenumJib.

508 5314 630 5366 vin,
657 5284 724 5350 c.’
750 5293 839 5359 l9,
886 5304 1097 5345 necnon
1126 5286 1410 5358 epistolam
1448 5284 1830 5343 Cbrvsostomi
1860 5289 1929 5344 ad
1971 5290 2079 5362 Cy-

544 5371 740 5432 iacum,
766 5374 871 5419 etc.

510 5385 950 5513 m(c2‘g)n’E(:fi:sto
975 5442 1125 5513 more
1148 5427 1393 5513 .ant‘iquo
1423 5426 1692 5513 Eusebius
1722 5426 2078 5513 Caasariensis

510 5491 799 5584 episcdpus
823 5491 1619 5584 Nicephoro‘inndiitirrlieticis,
1652 5509 1882 5584 vocatur
1915 5501 1944 5553 ὁ
1977 5500 2078 5584 ei};

513 5635 755 5716 lion—diu
786 5654 907 5718 post
926 5635 1160 5718 'Adriani
1189 5648 1432 5718 tempora
1477 5635 1716 5718 episcopi
1754 5635 1963 5695 similes
1990 5641 2072 5694 vi—

515 5709 630 5792 ῖιυιῖ
673 5709 921 5782 volebant
967 5709 1234 5787 pontiﬁcis
1278 5709 1501 5766 maximi
1551 5709 1898 5781 ludzcorum;
1952 5727 2074 5783 pre-

2186 3217 2380 3271 duclas
2402 3216 2593 3271 fuisse.
2627 3215 2771 3282 Quin
2809 3226 2862 3272 et
2889 3218 3095 3286 primis
3122 3217 3510 3273 Christianismi
3531 3215 3681 3272 seculis

2188 3307 2477 3376 episcopos
2523 3307 2628 3361 hoc
2675 3308 2896 3362 nomine
2952 3307 3265 3364 honoratos
3305 3309 3479 3374 fuisse,
3524 3322 3580 3362 es
3610 3306 3689 3361 solo

2186 3396 2524 3453 Tertulliauo
2548 3407 2804 3454 constare
2824 3407 3031 3469 potest,
3065 3400 3165 3468 qui
3186 3400 3242 3454 in
3266 3400 3363 3455 lib.
3396 3399 3465 3455 De
3484 3399 3689 3467 baptism,

2185 3504 2307 3560 cap.
2338 3489 2428 3556 Π,
2461 3490 2689 3545 scribit:
2727 3490 2904 3544 Daudi
2928 3492 3155 3554 quidem
3182 3490 3471 3563 (baptismi)
3500 3487 3694 3556 habetis:

2184 3597 2421 3635 summus
2450 3582 2715 3646 sacerdos,
2759 3583 2849 3653 qui
2878 3592 2956 3635 est
2990 3583 3305 3651 episcopus,
3346 3581 3520 3636 dehinc
3547 3579 3701 3650 presby-

2185 3676 2306 3740 teri,
2334 3680 2441 3728 etc.
2494 3671 2606 3729 Nec
2650 3674 2809 3744 longo
2854 3682 3108 3741 tempore
3163 3684 3293 3743 post
3336 3675 3389 3729 in
3431 3672 3623 3728 concilio
3656 3681 3703 3721 ιιι

2184 3761 2622 3835 Carthaginiensi
2654 3765 2745 3820 hic
2770 3781 2949 3820 canon
2975 3780 3113 3819 xxv:
3139 3765 3327 3821 factus
3352 3775 3465 3821 est:
3487 3762 3552 3819 Ut
3568 3762 3713 3833 prima:

2184 3857 2332 3913 sedis
2362 3858 2654 3927 episcopus
2684 3872 2793 3912 non
2819 3856 3131 3927 appelletur
3151 3859 3403 3926 princeps
3427 3855 3709 3911 sacerdotum,

2183 3959 2280 4006 aut
2316 3966 2552 4006 summus
2594 3950 2861 4013 sacerdos,
2908 3957 3004 4004 aut
3044 3948 3268 4019 aliquid
3318 3944 3615 4019 hujusmodi,
3641 3940 3720 3997 sed

2183 4052 2396 4099 tantum
2436 4042 2623 4113 prima:
2657 4042 2796 4095 sedis
2831 4041 3126 4111 episcopus.
3167 4041 3497 4098 liicrarchas
3519 4051 3623 4091 vero
3649 4048 3720 4087 se.

2182 4136 2361 4206 quiori
2388 4138 2605 4191 demum
2636 4144 2791 4190 aetate
2821 4149 3011 4190 onmes
3037 4135 3354 4204 appellatos
3382 4133 3539 4189 fuisse
3560 4127 3728 4198 episco-

2183 4243 2302 4297 pos,
2335 4241 2766 4297 communesque
2797 4241 2924 4281 cum
2972 4227 3214 4283 summis
3260 4224 3604 4297 pontiﬁcibus
3632 4217 3727 4273 fun-

2184 4325 2393 4380 ctiones
2419 4323 2698 4389 habuisse,
2725 4337 2792 4377 ex
2814 4322 2983 4377 veteri
3010 4320 3122 4377 ritu
3142 4320 3557 4377 ordinationum
3583 4326 3730 4370 sacra-

2186 4430 2309 4469 rum
2335 4414 2539 4484 passim
2572 4414 2714 4467 inter
2746 4413 2882 4468 alios
2914 4412 3303 4482 comprobavit
3324 4410 3548 4466 lsaacus
3567 4404 3729 4459 Haber-

2183 4516 2271 4561 tus
2306 4506 2358 4560 in
2393 4505 2703 4575 Pontiﬁcali
2726 4503 2978 4558 Ecclesia:
3003 4503 3223 4568 ϐαίτας,
3269 4518 3330 4572 p.
3366 4501 3467 4557 541
3502 4513 3630 4568 scq.,
3658 4491 3727 4563 qui
3858 4496 3859 4513 ‘

2180 4609 2235 4653 et
2264 4598 2519 4667 peculiari
2552 4597 2934 4652 observatione
2965 4612 3042 4659 ιν,
3077 4595 3146 4651 de
3186 4594 3506 4650 hierarcha:
3532 4606 3620 4646 seu
3646 4584 3731 4653 epi-

2181 4690 2331 4759 sc0pi
2358 4687 2657 4754 iunctione,
2678 4704 2801 4758 qua:
2840 4705 2870 4743 a
2910 4687 2969 4743 S.
3012 4687 3269 4760 Dionysio
3299 4683 3607 4757 αὐτουργία
3629 4678 3730 4735 dici-

2180 4789 2291 4845 tur,
2334 4781 2443 4852 egit
2475 4781 2612 4852 (24).
2664 4779 2739 4835 De
2783 4790 2971 4837 nostro
3019 4782 3183 4852 igitur
3226 4779 3477 4834 Macario
3523 4774 3729 4845 Magnete

2180 4872 2468 4939 hierarcha
2499 4888 2545 4928 s.
2576 4872 2836 4943 episcopo
2871 4873 2943 4926 ita
2975 4881 3245 4927 testantur
3273 4870 3555 4926 antistites
3580 4862 3726 4920 ortho-

2179 5005 2380 5079 βδΥῑθΓῙ
2417 5007 2628 5079 Mem.
2671 5023 2782 5079 quo
2825 5009 3159 5073 sacerdotes,
3190 5009 3310 5065 loco
3352 5004 3574 5079 versari
3614 5000 3725 5053 dice-

2178 5075 2407 5145 bantur;
2458 5075 2845 5149 diaconijcum
2900 5080 3076 5135 levitis
3128 5075 3621 5149 comparabantur,
3660 5080 3734 5149 uti;

2180 5130 2480 5203 ιαηιένῑεηξ
2512 5130 2972 5205 ὺὶιζᾟόεῖιὲωἰό
2988 5130 3072 5205 ἰιῖ
3094 5130 3335 5203 causa
3386 5130 3732 5217 ccci-._,§3C£{’°

2180 5232 2240 5291 ιι,
2289 5227 2427 5285 part.
2485 5233 2545 5285 ιι,
2589 5234 2708 5291 cap.
2754 5219 2810 5282 2,
2862 5218 2892 5291 §
2937 5219 3448 5291 6,7recentissima‘3
3496 5207 3723 5291 θάξμθξζί

2179 5271 3297 5360 Qhaé_eompgiauh'jaii'idm'inuisi-"ade
3307 5271 3615 5360 ’Ctemenu's
3634 5271 3716 5327 Βο-

2179 5358 2605 5430 maniin_epist._
2633 5356 3144 5430 ll'ad‘Corinthios,
3176 5375 3297 5430 cap.
3325 5358 3412 5414 4οσ

2253 5410 2366 5497 (23)
2405 5410 3144 5497 male.a‘vaagsieéa;
3167 5410 3297 5483 aia.
3334 5410 3396 5489 ii,
3427 5438 3481 5492 p.
3524 5417 3605 5479 25.
3629 5410 3697 5497 53-

2250 5496 2363 5571 (24)
2402 5496 2547 5571 Nota
2566 5500 2734 5571 etiam
2768 5510 2895 5571 sunt
2932 5498 3159 5554 Joannis
3188 5497 3564 5571 Euchaitqulm
3600 5496 3696 5571 9f:

2179 5563 2465 5638 tropolitze,
2516 5567 2784 5624 Philothei
2827 5571 3145 5640 patriarcha:
3180 5566 3347 5640 ,CPol.
3396 5563 3692 5640 διιρτορξᾳιίς

2180 5626 2379 5710 scripta
2437 5626 2844 5710 encomiarstica'
2873 5641 2926 5694 in
2968 5651 3079 5693 tres
3114 5626 3435 5710 hierarchas,
3472 5626 3683 5710 335ml}?

2178 5698 2619 5783 M._.'Gregorium
2654 5709 3067 5776 Nazianzenum,
3112 5716 3159 5762 et
3197 5704 3456 5760 Joannem
3496 5698 3688 5762 Chryso'

3784 5892 3801 5983 Α

3676 6004 3801 6179 .J
