3966 6206
258 297 395 354 ίῖειὸ

1429 301 1702 357 ΝΟΤΓΙΊΔ
1742 304 1829 359 ΕΤ
1870 304 2317 362 FRAGMENTA.

3367 313 3506 369 1554

253 420 380 474 doxi
416 418 559 489 apud
597 415 961 491 Nicephorum
995 422 1099 477 CP.
1139 424 1191 477 iu
1226 424 1424 493 saepius
1461 425 1693 480 laudatis
1721 426 1829 479 An-
1858 433 1903 487 Α
1931 437 2140 481 tetateni
2189 428 2402 483 stetisse
2453 437 2705 495 testatur,
2741 430 3018 485 Christum
3077 432 3368 489 Dominum
3421 436 3482 489 δι-

253 510 586 565 tirrlteticis:
634 511 698 565 Ἦ
734 512 831 583 μὲν
863 508 953 566 οὖν
980 513 1158 583 βίϐλος
1186 515 1469 587 Μακαρεου
1502 515 1599 586 μὲν
1641 516 1831 584 ἐπιγέ-

250 619 520 674 γραπται,
557 604 809 675 ἱεράρχου
849 604 904 657 δὲ
936 606 1034 676 τὴν
1077 606 1232 670 ἀξίαν
1257 622 1271 637 ο
1316 608 1453 678 ὅπερ
1490 607 1592 677 οὐχ
1638 610 1670 678 ἡ
1716 611 1833 661 tm-

249 694 441 765 γραφὴ
472 695 604 766 μόνη
627 695 917 761 δείκνυσιν,
955 697 1066 750 ἀλλ’
1091 699 1187 771 ἤδη
1224 699 1316 752 καὶ
1405 700 1602 765 ἔξωθεν
1632 704 1688 756 ἐν
1716 706 1832 765 ταῖς

251 789 486 856 πτυχαῖς
533 787 632 856 τῆς
682 787 863 857 βίϐλου
911 790 1272 863 ἀρχαιοτάτης
1325 791 1492 864 οὔσης
1538 793 1832 865 φιλοτίμως

245 878 567 949 τυπουμένη
596 878 690 932 τοῦ
722 881 1010 951 Μακαρίου
1039 882 1227 936 τούτου
1261 883 1423 938 εἰκὼν
1455 885 1829 958 ὲκτυπώτερον

246 971 568 1043 παρίστησι.
612 972 809 1043 Στολὴν
838 973 947 1043 γὰρ
991 977 1180 1046 ἱερέως
1222 976 1409 1030 τοῦτον
1452 978 1832 1049 ἀμπεχόμενον

245 1062 560 1130 ὑποφαίνει,
590 1061 733 1115 καθὰ
760 1062 822 1133 δὴ
851 1062 1115 1134 πολλαχοῦ
1149 1066 1241 1119 καὶ
1276 1068 1333 1119 ὲν
1365 1067 1578 1139 ἑτέραις
1627 1069 1833 1133 δέλτοις

244 1153 534 1225 ἀνιστοροιῖ
544 1172 701 1224 μενον
730 1155 1016 1228 εὐπρεπῶς
1032 1157 1122 1211 τὸν
1144 1161 1341 1212 οἰκεῖον
1373 1162 1693 1232 συγγραφέα
1721 1162 1834 1232 eis,

245 1264 445 1318 πομεν.
476 1248 632 1301 Liber
651 1250 825 1319 itaque
854 1252 1168 1320 inscriptum
1189 1253 1341 1307 habet
1370 1253 1601 1310 Macarii
1624 1274 1831 1322 nomen,

241 1338 377 1392 item
399 1340 728 1409 dignitatem,
745 1358 922 1411 nempe
937 1344 1223 1412 pontiﬁcis.
1244 1344 1411 1415 quue
1430 1363 1530 1399 non
1550 1351 1734 1403 titulus
1755 1369 1834 1406 so-

241 1430 360 1485 lum
394 1432 614 1495 indicat,
645 1432 733 1484 sed
758 1434 874 1501 ipsa
906 1436 1069 1488 etiam
1092 1438 1417 1492 extrinsecus
1443 1438 1566 1493 libri
1588 1442 1832 1495 vetustis-

242 1524 371 1575 simi
400 1524 705 1591 tegumentis
727 1524 990 1593 eleganter
1020 1528 1275 1597 impressa
1303 1529 1532 1585 Macarii
1552 1531 1707 1596 huius
1731 1534 1833 1600 elﬁ-

243 1615 355 1683 gies
377 1615 661 1668 evidentius
687 1616 892 1685 probat.
926 1617 1066 1671 Nam
1089 1620 1225 1674 [tunc
1248 1624 1569 1678 sacerdotali
1592 1636 1727 1680 veste
1749 1627 1833 1679 in-

242 1706 434 1759 dutum
455 1709 680 1772 exhibet,
708 1710 1145 1779 quemadmodum
1169 1724 1217 1767 et
1241 1715 1294 1767 in
1321 1715 1444 1770 aliis
1471 1717 1619 1772 libris
1642 1728 1826 1771 aucto-

244 1810 356 1848 rem
373 1799 635 1867 eleganter
653 1800 916 1869 depictum
932 1806 1122 1871 saepius
1148 1806 1401 1863 videmus.
1422 1808 1503 1862 Ad
1527 1825 1647 1879 quae
1666 1810 1823 1865 verba

244 1889 470 1956 quidem
504 1889 904 1960 Tillcmontius,
936 1910 1058 1949 cum
1089 1912 1199 1966 quo
1228 1897 1507 1956 Boiviuius
1546 1903 1672 1956 olim
1720 1904 1830 1957 l‘ra-

242 1996 405 2049 gruen
415 1990 464 2035 ta
479 1981 739 2052 Magnetis
756 1988 1273 2054 communicaverat,
1290 1992 1343 2045 in
1361 1991 1600 2047 Historia
1614 1997 1835 2064 impera-

248 2080 449 2135 torum,
467 2083 519 2127 et
552 2074 767 2139 quidem
788 2077 840 2130 iu
860 2075 980 2131 Vita
997 2077 1337 2135 Constantini
1362 2081 1538 2153 Magni
1555 2084 1667 2154 (ἓῦ)
1684 2087 1827 2142 hunc

248 2164 307 2217 in
333 2167 554 2220 modum
586 2179 988 2225 commentatur
1030 2191 1041 2223 :
1079 2171 1207 2236 Car,
1238 2189 1373 2242 pour
1400 2192 1455 2229 ce
1487 2176 1644 2244 qu’ils
1674 2194 1828 2232 assu-

242 2267 381 2323 rent,
399 2276 494 2329 que
511 2259 557 2313 le
581 2264 869 2316 manuscrit
887 2266 1043 2334 qu'ils
1059 2282 1120 2319 en
1140 2267 1349 2337 avaient,
1362 2273 1538 2323 trouvé
1548 2272 1676 2323 etait
1697 2273 1824 2325 tres-

206 2386 213 2393 -
245 2356 455 2420 cncien,
483 2356 594 2410 cela
614 2359 775 2411 serait
796 2358 913 2427 plus
941 2360 1325 2427 considerable,
1352 2362 1397 2413 si
1424 2378 1519 2415 son
1546 2364 1716 2432 image
1735 2365 1821 2433 u’y

246 2448 393 2499 avait
419 2464 514 2515 pas
538 2451 620 2501 été
647 2449 872 2504 Itabillée
907 2467 965 2505 en
994 2453 1199 2521 ét'e‘que.
1234 2450 1341 2507 Car
1369 2455 1690 2508 assurémeut
1711 2456 1821 2508 cela

252 2540 385 2591 n‘est
418 2556 513 2607 pas
542 2541 614 2593 du
652 2551 729 2595 ινα
758 2542 931 2608 siécle,
979 2544 1034 2597 ni
1082 2557 1471 2613 apparemment
1500 2544 1569 2598 du
1607 2556 1682 2601 v‘.
1716 2546 1820 2602 Sed

248 2637 612 2699 praeterquam
661 2633 806 2701 quod
855 2646 922 2688 ex
955 2633 1252 2688 involucris
1297 2633 1419 2687 libri
1460 2637 1821 2694 exterioribus

245 2731 303 2776 et
328 2722 620 2779 artificiose
659 2724 874 2794 depicta
923 2727 1158 2797 imagine
1189 2736 1352 2795 atque
1384 2727 1573 2783 habitu
1604 2731 1819 2799 episco-

248 2812 357 2883 pali
394 2814 657 2885 Magnetis
693 2817 834 2873 haud
861 2818 1096 2888 iudicari
1140 2828 1317 2890 potest
1349 2821 1416 2876 de
1449 2824 1683 2891 genuina
1720 2840 1818 2879 an-

246 2908 496 2977 tiquitate
525 2911 726 2979 operis,
750 2912 834 2966 vel
872 2921 1032 2967 aetate
1060 2913 1334 2982 auctoris;
1371 2931 1493 2970 cum
1531 2918 1613 2971 vel
1638 2918 1815 2986 ipsum

248 2997 550 3066 Christum,
592 3000 871 3069 apostolos
900 3010 954 3057 et
983 3003 1240 3073 antiquos
1267 3004 1554 3075 plerosque
1582 3008 1813 3064 clericos

1938 520 2126 573 πλοῖδα
2175 522 2415 590 κοσμίως
2467 522 2944 593 περιϐεϐλημένον,
2975 525 3077 580 hoc
3102 535 3184 582 est
3223 528 3504 597 duplicata

1936 621 2101 677 veste,
2137 611 2316 666 tunica
2358 612 2478 667 scil.
2514 622 2568 667 et
2610 613 2795 683 pallio,
2826 615 3078 671 decenter
3110 617 3383 686 indutum,
3437 634 3505 672 ex

1935 705 2211 758 communi
2260 705 2416 761 istius
2448 706 2622 760 aetatis
2672 706 2928 775 opinione
2957 718 3010 763 et
3045 709 3311 763 vestiendi
3346 723 3506 765 more

1936 796 2402 864 repraesentaverit
2453 796 2562 866 (:28)
2610 816 2622 850 :
2663 806 2721 850 ut
2768 798 2902 852 adeo
2935 799 3038 853 hoc
3067 801 3375 855 vestimenti
3411 816 3503 869 ge-

1937 902 2037 943 nus
2068 903 2098 940 a
2128 889 2317 957 primis
2345 888 2600 945 Ecclesia:
2621 890 2947 946 Christiana:
2975 894 3190 948 smculis
3216 894 3504 963 haudqua-

1934 996 2095 1049 quam
2131 980 2295 1035 fuerit
2328 982 2586 1036 alienum.
2625 982 2786 1061 Nulla.
2810 986 3037 1054 proinde
3072 1002 3115 1041 sv
3141 987 3307 1055 ppetit
3333 988 3493 1055 ratio,

1935 1088 2032 1126 cur
2063 1071 2248 1141 longas
2279 1081 2456 1128 vestes
2484 1074 2838 1145 episcopales,
2873 1076 2917 1130 si
2953 1091 2982 1130 a
3017 1076 3240 1147 reliquis
3266 1080 3494 1133 vestium

1935 1165 2268 1219 ornamentis
2299 1166 2554 1235 paulatim
2592 1167 2912 1221 introductis
2959 1167 3393 1235 discesserimus,
3428 1171 3495 1225 ad

1938 1263 2179 1325 tempora
2216 1259 2412 1312 saeculo
2445 1274 2497 1312 IV
2532 1259 2612 1313 vel
2643 1276 2674 1313 v
2702 1259 2957 1314 inferiora
3006 1259 3221 1315 demum
3254 1262 3493 1318 referen-

1933 1342 2031 1397 das
2051 1358 2171 1397 esse
2190 1354 2408 1399 censeat
2430 1345 2825 1401 Tillemontius.
2853 1347 3195 1403 Contrarium
3221 1350 3358 1407 forte
3380 1352 3492 1421 jam

1938 1440 2049 1487 tum
2095 1435 2273 1506 colligi
2305 1447 2487 1506 posset
2529 1454 2591 1492 ex
2629 1438 2922 1508 Polycratis
2974 1439 3330 1509 Ephesiorum
3374 1446 3490 1514 epi-

1934 1526 2083 1593 scopi
2129 1528 2290 1581 modo
2317 1528 2545 1598 allegata
2578 1529 2805 1597 epistola
2840 1530 2980 1599 apud
3014 1531 3305 1587 Eusebium
3339 1534 3489 1589 Hist.

1932 1616 2083 1680 σει-ειη
2116 1619 2207 1671 lib.
2250 1634 2302 1683 ν,
2336 1633 2384 1671 c.
2414 1618 2504 1683 2i,
2536 1619 2590 1672 in
2621 1636 2727 1689 qua
2776 1620 2832 1673 S.
2876 1621 3139 1679 Joannem
3182 1628 3489 1696 apostolum

1939 1718 2205 1763 memorat
2244 1710 2303 1762 τὸ
2336 1712 2586 1774 πέταλον,
2638 1713 2750 1767 sive
2780 1714 3037 1770 laminam
3075 1734 3329 1787 auream,
3375 1732 3492 1777 tan-

1932 1815 2094 1870 quam
2143 1800 2497 1855 sacerdotalis
2539 1802 2755 1859 babitus
2790 1805 3021 1873 insigne,
3057 1819 3296 1877 gestasse
3339 1813 3487 1883 (29),

1931 1894 2129 1963 quippe
2157 1894 2299 1962 quod
2332 1894 2557 1951 honoris
2588 1896 2799 1967 insigne
2829 1900 3034 1968 primos
3074 1903 3196 1958 illos
3225 1905 3492 1961 Christia-

1931 2001 2125 2040 norum
2161 1987 2441 2056 pontifices
2486 1990 2733 2059 exemplo
2783 1989 3133 2047 Judaicorum
3171 1998 3490 2065 pontificum

1930 2077 2171 2133 imitatos
2211 2093 2331 2133 esse
2360 2079 2659 2134 arbitratur
2688 2079 2854 2135 Henr.
2890 2081 3139 2139 Valesius
3170 2087 3221 2140 in
3256 2089 3401 2144 notis
3424 2092 3491 2145 ad

1930 2167 2074 2221 hunc
2102 2168 2300 2223 locum.
2337 2168 2537 2224 Verum
2572 2186 2694 2225 cum
2734 2174 2981 2228 nonnulli
3009 2176 3118 2246 (50)
3158 2178 3271 2232 haec
3310 2182 3491 2249 potius

1928 2260 2298 2331 metapliorice
2328 2262 2555 2331 intelligi
2585 2264 2798 2329 malint,
2828 2282 2933 2319 non
2958 2268 3104 2337 quod
3137 2268 3375 2328 Joannes
3406 2291 3492 2329 re-

1927 2367 2054 2406 vera
2085 2354 2339 2408 sacerdos
2376 2352 2560 2418 fuerit,
2594 2357 2675 2410 vel
2704 2372 2827 2411 cum
2860 2361 3294 2418 sacerdotalibus
3321 2378 3489 2420 orna-

1925 2441 2123 2497 mentis
2153 2442 2401 2499 incedere
2423 2444 2616 2501 solitus
2639 2456 2800 2513 esset,
2831 2448 2923 2502 sed
2958 2449 3086 2518 quia
3108 2450 3348 2521 dotibus,
3374 2470 3488 2510 me-

1924 2532 2066 2599 ritis,
2099 2535 2318 2599 virtute,
2346 2538 2654 2602 sanctitate,
2694 2541 3005 2595 sacerdotes
3030 2540 3301 2599 Levilicos
3326 2560 3487 2616 supe-

1922 2634 2090 2689 raret,
2125 2636 2180 2680 et
2209 2628 2534 2699 cognitionis
2567 2646 2679 2685 suae
2707 2631 3038 2688 sublimitate
3070 2635 3140 2689 ita
3179 2652 3238 2691 se
3272 2639 3484 2693 attolle-

1924 2728 2004 2774 ret
2032 2729 2087 2772 et
2110 2727 2441 2789 assurgeret,
2475 2730 2533 2775 ut
2562 2722 2730 2777 cmlos
2758 2723 2905 2793 ipsos
2932 2735 2984 2778 et
3019 2724 3217 2781 Sancta
3265 2740 3484 2786 sancto-

1922 2824 2039 2863 rum
2058 2823 2370 2879 penetrasse
2392 2812 2662 2867 videretur
2682 2832 2694 2867 :
2722 2818 2886 2869 misso
2905 2817 3179 2887 paulisper
3200 2820 3304 2875 isto
3334 2824 3485 2877 testi-

1920 2903 2125 2969 monio,
2158 2902 2354 2960 fortius
2381 2920 2678 2974 provocare
2699 2907 2883 2963 licebit
2912 2909 2978 2964 ad
3011 2911 3228 2967 Eusebii
3260 2913 3487 2971 Caesari-

1918 2996 2065 3052 ensis
2115 2996 2410 3051 oratiouem
2459 3000 2833 3070 panegyricam
2875 3003 2942 3055 de
2980 3004 3338 3062 aediﬁcatione
3382 3008 3485 3064 Ee-

248 3092 583 3148 tunicatoset
598 3095 847 3163 palliatos
861 3107 1071 3152 veteres
1090 3099 1315 3167 pictura:
1335 3109 1390 3154 et
1410 3100 1602 3155 litterae
1616 3101 1818 3162 referre
1846 3112 1888 3174 ρ
1920 3088 2114 3144 0195i”
2120 3105 2209 3143 um
2254 3088 2295 3142 Ρ
2299 3090 2482 3146 δυηηο
2526 3089 2811 3161 Tyriorum
2864 3096 3121 3166 episcopo
3165 3098 3229 3153 Αο
3280 3099 3343 3154 (ἷι-
3377 3102 3483 3156 515

248 3184 500 3239 soleant:
545 3186 678 3240 nihil
714 3197 889 3243 tamen
930 3190 1128 3257 obstat,
1174 3194 1471 3263 quominus
1500 3209 1596 3263 per
1626 3194 1814 3266 στολὴν

247 3272 439 3345 ἱερέως
474 3275 687 3346 longam
714 3285 877 3346 atque
906 3278 971 3332 ad
1004 3279 1141 3334 talos
1171 3282 1463 3337 demissam
1495 3293 1698 3339 vestem
1734 3285 1817 3338 in-

247 3367 586 3437 telligamus,
635 3384 755 3437 quin
813 3384 937 3424 cum
983 3353 1128 3435 butt:
1165 3372 1281 3427 sive
1331 3373 1495 3443 pallio
1545 3376 1816 3444 pontiﬁcis

246 3460 469 3513 maximi
510 3460 855 3514 Hebraeorum
890 3460 1002 3515 fere
1040 3464 1367 3529 conveniat,
1400 3466 1475 3519 ita
1511 3476 1569 3519 ut
1597 3466 1663 3519 ad
1698 3466 1815 3535 ejus

244 3549 659 3605 similitudinem
690 3551 869 3606 tunica
899 3552 1091 3608 deinde
1126 3554 1451 3624 episcOpaIis
1484 3556 1538 3609 in
1568 3556 1813 3613 Ecclesia

245 3642 563 3697 Christiana
603 3644 805 3698 sensim
844 3644 1152 3699 introducta
1191 3645 1262 3699 sit
1304 3646 1441 3710 (26).
1473 3646 1643 3713 Quale
1684 3651 1811 3719 ἱμά-

241 3749 356 3787 τιον
416 3734 592 3805 (quod
643 3735 935 3805 scriptores
978 3736 1333 3791 ecclesiastici
1379 3738 1515 3793 alias
1566 3737 1813 3794 διπλοΐδα

243 3828 539 3898 appellant,
584 3828 690 3883 hoc
716 3838 799 3884 est
842 3838 1045 3885 vestem
1095 3829 1444 3899 duplicatam,
1486 3845 1609 3901 qua:
1642 3841 1811 3887 totum

244 3920 413 3974 veluti
436 3934 636 3989 corpus
654 3918 986 3989 duplicando
1015 3919 1426 3990 circumvolvit)
1451 3922 1625 3991 ipsum
1648 3922 1811 3977 etiam

248 4008 592 4065 Servatorem
625 4019 877 4067 nostrum
904 4021 1149 4082 gestasse
1176 4013 1289 4085 (27)
1308 4013 1450 4068 haud
1482 4014 1730 4069 dubitant
1753 4016 1810 4081 ii,

246 4103 340 4172 qui
372 4104 440 4157 de
466 4117 525 4157 re
555 4103 812 4158 vestiaria
839 4111 1079 4159 veterum
1107 4106 1441 4175 scripserunt
1469 4124 1481 4160 :
1510 4107 1651 4161 inter
1673 4122 1812 4177 quos

248 4194 517 4262 imprimis
548 4194 806 4263 legendus
832 4204 915 4250 est
936 4195 1094 4251 Joan.
1114 4195 1383 4253 Braunius
1416 4197 1494 4252 De
1526 4200 1708 4254 vestitu
1728 4216 1813 4254 sa-

245 4286 517 4339 cerdotum
566 4286 942 4353 Ilebrworum,
998 4290 1092 4344 lib.
1129 4306 1191 4356 ιι,
1223 4306 1343 4361 cap.
1379 4291 1447 4358 2,
1480 4309 1532 4363 p.
1588 4294 1722 4358 579,
1760 4303 1813 4347 et

245 4394 365 4447 cap.
396 4378 450 4444 5,
487 4394 540 4449 p.
576 4378 679 4433 445
712 4395 865 4449 seqq.
892 4380 1032 4447 Quid
1057 4382 1203 4452 quod
1236 4391 1289 4436 et
1324 4398 1463 4438 terea
1517 4385 1603 4438 illa
1632 4393 1809 4440 statua

246 4469 631 4530 Paueadensis.
654 4486 815 4540 quam
836 4470 1100 4527 Eusebius
1124 4473 1586 4530 luculentissimus
1604 4485 1659 4529 et
1679 4492 1809 4530 ocu-
1842 4454 1884 4507 D

247 4563 389 4619 latus
413 4563 564 4618 testis
595 4564 735 4633 apud
762 4564 1062 4619 Caesaream
1094 4564 1325 4635 l’liilippi
1354 4583 1526 4636 usque
1555 4567 1619 4621 ad
1647 4584 1804 4622 suam

245 4777 529 4825 atomum:
579 4766 645 4820 de
684 4764 880 4831 quibus
926 4767 1028 4833 legi
1076 4767 1270 4834 poterit
1314 4767 1364 4821 J.
1410 4769 1472 4821 A.
1526 4766 1807 4825 Fabricius

248 4842 300 4893 in
332 4837 657 4892 Bibliotheca
693 4835 898 4903 Grtha,
928 4839 1033 4892 vol.
1071 4835 1177 4903 Vll,
1203 4852 1258 4907 p.
1287 4837 1413 4903 558,
1442 4846 1496 4893 et
1522 4840 1629 4893 vol.
1672 4839 1804 4908 Vill,

246 4926 429 5052 ρ’(ίὲἒ)
464 4980 619 5052 Tom.
658 4979 747 5042 IV,
779 4994 830 5048 p.
856 4978 958 5031 487
988 4992 1095 5047 sq.,
1119 4978 1275 5047 cujus
1306 4979 1468 5052 verba
1485 4978 1687 5052 citavit
1712 4980 1809 5035 Fa-

244 5048 446 5107 bricius
476 5052 530 5105 iu
564 5050 771 5105 Delectu
799 5058 1223 5119 argumentorum
1251 5058 1299 5119 et
1335 5048 1539 5118 syllaba
1584 5050 1807 5118 scripto-

246 5139 362 5176 rum
391 5124 453 5175 de
485 5126 702 5176 veritate
732 5120 999 5189 religionis
1028 5118 1250 5186 Christ.,
1278 5118 1333 5189 p.
1369 5118 1460 5182 66,
1489 5134 1638 5189 seqq.

318 5194 427 5263 (26)
462 5192 599 5247 Hinc
631 5193 682 5246 in
730 5193 897 5245 missa
939 5188 1150 5263 Batoldi
1183 5188 1323 5263 apud
1372 5188 1651 5261 Hugonein
1692 5192 1805 5263 Me-

244 5260 472 5318 nardum
500 5265 552 5317 in
571 5263 863 5331 appendice
890 5260 954 5313 ad
978 5260 1173 5314 librum
1195 5260 1658 5316 Sacramentorum
1675 5262 1806 5317 Gre-

243 5335 383 5405 gorii
414 5330 618 5403 Magni,
642 5330 692 5401 p.
731 5348 803 5385 ιιι.
835 5330 960 5405 261,
997 5343 1118 5405 post
1156 5340 1432 5405 acceptam
1472 5332 1668 5405 stolam
1706 5335 1805 5405 mi—

244 5402 765 5472 nistratur’episcopo
790 5402 964 5455 tunica
988 5403 1128 5470 gyris
1166 5403 1222 5454 in
1249 5403 1613 5455 tintinnabulis
1655 5404 1805 5456 miri-

241 5476 339 5543 fice
366 5476 580 5543 refecta,
617 5472 1114 5543 adsimilitudinem
1147 5473 1446 5543 sacerdotis
1472 5474 1747 5543 Aarouici.

315 5540 431 5615 (27)
465 5543 625 5615 Coul'.
654 5542 841 5596 Matth.
871 5559 945 5607 ix,
976 5543 1065 5615 20,
1091 5543 1150 5595 21
1180 5561 1193 5607 ;
1224 5542 1389 5597 Marc.
1420 5559 1480 5615 γ,
1509 5540 1578 5595 27
1610 5552 1663 5596 et
1690 5545 1757 5595 ὂυ
1785 5560 1798 5605 ;

239 5613 549 5677 ,Ιοιιιιζιιιιῃ
579 5614 669 5674 25.
703 5630 771 5667 ex
812 5628 920 5682 quo
948 5614 1142 5666 ultimo
1180 5615 1368 5682 liquet,
1404 5614 1673 5668 Christum
1699 5614 1802 5666 du-

240 5687 368 5756 plici
402 5701 561 5741 usum
609 5698 729 5737 esse
779 5686 939 5738 vestis
981 5699 1197 5754 genere,
1234 5684 1438 5740 scilicet
1476 5682 1706 5754 ἱματίοις
1747 5691 1800 5737 et

238 5775 444 5831 χιτωνι.

554 5852 822 5912 Ρλτιιοι..
870 5851 983 5910 Gn.
1020 5850 1098 5911 Χ.

1919 3179 2150 3247 dictam;
2206 3181 2261 3235 in
2312 3197 2416 3251 qua
2471 3180 2758 3237 Paulinum
2813 3194 3147 3256 ctnterosque
3196 3190 3484 3260 episcoms

1918 3281 2211 3342 priesentes
2242 3266 2424 3329 Statim
2456 3276 2526 3327 ab
2560 3273 2715 3328 initio
2749 3274 2893 3329 hunc
2922 3277 2973 3329 in
3010 3279 3228 3331 modum
3252 3280 3483 3350 alloqui-

1920 3374 2006 3417 tur
2035 3386 2048 3418 :
2078 3359 2148 3416 Ὦ
2185 3364 2327 3434 φίλοι
2356 3365 2488 3418 Θεοῦ
2519 3366 2612 3419 καὶ
2645 3368 2827 3437 ἱερεῖς,
2856 3369 2903 3420 οἱ
2928 3368 3017 3421 τὸν
3052 3370 3202 3439 ἆγιον
3233 3372 3442 3445 ποδήρη
3466 3414 3481 3436 ,

1918 3457 2010 3508 καὶ
2038 3455 2127 3508 τὸν
2158 3457 2405 3528 οὐράνιον
2433 3458 2528 3527 τῆς
2560 3457 2715 3527 δόξης
2745 3459 3026 3527 στέφανον,
3061 3462 3121 3514 τό
3173 3480 3228 3516 τε
3278 3465 3483 3536 χρίσμα

1914 3548 1976 3599 τὸ
2006 3546 2205 3612 ἔνθεον,
2256 3550 2349 3601 καὶ
2386 3548 2482 3618 τὴν
2526 3550 2806 3620 ἱερατικὴν
2836 3551 2929 3603 τοῦ
2976 3553 3127 3620 ἁγίου
3166 3555 3482 3627 Πνεύματος

1918 3639 2106 3709 στολὴν
2134 3638 2604 3709 περιϐεϐλημένοι,
2641 3657 2693 3692 κ.
2726 3658 2777 3693 τ.
2809 3640 2856 3693 λ.
2897 3643 3069 3695 Amici
3097 3653 3145 3697 et
3183 3650 3479 3703 sacerdotes

1916 3728 2035 3795 Dei,
2054 3729 2145 3799 qui
2175 3745 2329 3780 sacra
2358 3731 2537 3781 tunica
2581 3729 2744 3783 talari
2768 3731 2962 3797 induti,
3000 3742 3047 3785 et
3078 3733 3270 3787 caelesti
3296 3737 3480 3805 gloria:

1914 3837 2103 3875 corona
2118 3821 2372 3889 decorati,
2394 3822 2672 3893 divinaque
2694 3824 2936 3877 unctione
2963 3824 3202 3891 delibuti,
3229 3837 3277 3881 et
3304 3845 3479 3883 sacer-

1914 3916 2083 3969 dotali
2126 3917 2296 3969 sancti
2350 3916 2584 3986 Spiritus
2637 3928 2772 3970 veste
2820 3918 3003 3971 amicti
3052 3920 3196 3983 estis,
3226 3930 3330 3977 etc.
3364 3923 3476 3992 (51)

1914 4006 2045 4074 Quae
2079 4008 2241 4064 verba
2275 4008 2322 4063 si
2352 4009 2547 4063 iterum
2594 4022 2660 4064 ex
2701 4008 2970 4064 sententia
3008 4009 3207 4082 Moynii
3241 4016 3480 4084 tropoloA

1914 4100 2032 4172 giae
2067 4108 2277 4154 tantum
2308 4108 2361 4154 et
2389 4115 2483 4170 per
2528 4099 2848 4154 allusionem
2882 4100 2948 4154 ad
2980 4101 3223 4157 habitum
3258 4106 3479 4175 pontiﬁ-

1912 4194 2087 4248 calem
2116 4189 2181 4247 ν.
2216 4191 2279 4247 Τ.
2310 4193 2573 4262 accipere,
2602 4207 2701 4247 nec
2732 4192 2896 4247 simul
2923 4193 2990 4247 ad
3020 4204 3341 4263 praesentem
3381 4213 3478 4255 vos

1915 4287 2103 4341 stitum
2150 4286 2511 4355 episcopalem
2545 4285 2703 4341 istius
2733 4285 2993 4354 temporis
3044 4288 3317 4356 respicere
3347 4305 3408 4345 ve
3473 4320 3483 4335 ι

1914 4392 2059 4440 mus,
2091 4378 2380 4431 verendum
2429 4377 2552 4441 erit,
2600 4391 2668 4431 ne
2711 4378 2981 4446 integrum
3017 4375 3220 4433 factum
3256 4382 3479 4437 bistor.~

1913 4483 2037 4523 cum
2068 4468 2133 4522 de
2167 4469 2365 4538 templo
2395 4469 2446 4522 in
2476 4468 2606 4523 urbe
2634 4468 2777 4541 Tyro
2810 4478 3085 4525 exstructo
3116 4471 3233 4541 pari
3264 4474 3478 4529 ratione

1915 4562 1966 4615 in
1992 4562 2190 4616 factum
2216 4560 2487 4632 quoddam
2517 4561 2946 4631 melapboricum
2969 4574 3319 4620 convertatur
3339 4567 3473 4638 (52).

2132 4765 2249 4820 Viti.
2290 4766 2503 4819 Eusebii
2542 4764 2685 4817 Hist.
2710 4765 2937 4819 eccl.lib.
2976 4782 3068 4829 vn,
3096 4783 3211 4833 cap.
3247 4766 3328 4819 18.

1981 4766 2069 4835 (28
2132 4766 2249 4820 Viti.
2290 4766 2503 4819 Eusebii
2542 4766 2685 4817 Hist.
2710 4766 2937 4819 eccl.lib.
2976 4782 3068 4829 vn,
3096 4783 3211 4833 cap.
3247 4766 3328 4819 18.

1982 4768 2092 4907 (‘29;
2139 4840 2256 4890 Ἔτι
2309 4837 2364 4889 δὲ
2396 4837 2504 4907 Δκαὶ
2549 4836 2827 4907 Ἰωάννης,
2861 4838 2889 4889 ὁ
2922 4838 3015 4889 ἐπὶ
3063 4836 3123 4888 τὸ
3163 4836 3351 4907 στῆθος
3378 4836 3471 4888 τοῦ

2003 4838 2071 4891 ‘29

1982 4844 2091 4907 (‘29)
2139 4844 2256 4890 Ἐτι
2309 4844 2364 4889 δὲ
2411 4844 2504 4889 καὶ
2550 4844 2818 4905 Ἰωάννης,
2861 4844 2889 4889 ὁ
2922 4844 3015 4889 ἐπὶ
3063 4844 3123 4888 τὸ
3163 4844 3351 4905 στῆθος
3378 4844 3470 4888 του

1910 4907 2115 4978 Κυρίου
2165 4904 2480 4978 ἀναπεσὼν·
2539 4907 2596 4971 ὃς
2647 4906 2874 4978 ἐγενήθη
2924 4907 3100 4978 ἱερεὺς
3135 4905 3195 4958 τὸ
3242 4907 3470 4959 πέταλον

1910 4976 2247 5050 πειρορεῖιῲς,
2281 4980 2371 5050 παὶ
2405 4977 2737 5050 μάρτυςκαὶ
2762 4976 3094 5041 διδάσκαλος.

1980 5047 2246 5120 (ZgOiVid.
2274 5047 2461 5120 Steph.
2486 5047 2546 5103 ’le
2587 5049 2862 5120 Moyne,_l.
2893 5066 2943 5103 c.
2989 5064 3041 5117 p.
3072 5047 3162 5112 28,
3190 5057 3264 5120 et_
3279 5062 3464 5101 vener.

1909 5117 1970 5172 E.
2006 5118 2062 5172 S.
2092 5118 2396 5190 Cyprianus
2422 5117 2757 5190 innotisr'ad
2802 5118 3187 5190 Hieronymum
3233 5118 3469 5190 Descri-

1906 5201 2044 5258 ptor.
2082 5186 2235 5251 eccl.,
2281 5204 2399 5257 cap.
2435 5188 2525 5251 45,
2563 5205 2614 5258 p.
2668 5189 2788 5252 121,
2832 5204 2894 5241 ex
2930 5186 3058 5258 edit.
3092 5186 3325 5258 Fabricii
3350 5187 3465 5258 _Bi-

1907 5256 2180 5314 bliotlteca:
2215 5256 2604 5312 eccleSiasticm.
2636 5258 2793 5312 Coul'.
2826 5259 2988 5311 etiam
3016 5256 3100 5311 J0.
3134 5256 3298 5312 Gottl.
3348 5256 3467 5310 Hei-

1906 5330 2078 5383 neccii
2107 5330 2241 5384 diss.
2274 5329 2350 5382 De
2377 5330 2557 5384 habitu
2584 5340 2632 5382 et
2672 5328 2960 5397 insignibus
2992 5330 3345 5397 apostolorum
3371 5346 3463 5383 sa-

1905 5400 2276 5453 cerdotalibus.

1976 5470 2087 5537 (51)
2133 5468 2255 5525 Vid.
2301 5468 2520 5525 Eusebii
2571 5468 2709 5521 Hist.
2751 5467 2902 5531 eccl.,
2934 5467 3027 5520 lib.
3066 5484 3120 5533 x,
3152 5483 3270 5536 cap.
3308 5469 3362 5532 4,
3404 5483 3459 5537 p.

1904 5555 1975 5593 ni.
2002 5540 2124 5594 571.

1976 5611 2087 5673 (5‘2)
2137 5609 2295 5663 Conf.
2343 5610 2429 5663 Jo.
2483 5606 2642 5661 Mich.
2702 5606 2973 5661 IIeineccii
3024 5606 3325 5677 Abbitdung
3368 5608 3460 5660 der

1905 5680 2267 5738 Griecliisclten
2324 5680 2537 5745 Kirclie,
2570 5686 2705 5746 part.
2743 5694 2825 5743 tu,
2857 5694 2975 5748 cap.
3018 5678 3068 5740 1,
3108 5676 3136 5749 §
3165 5678 3255 5744 25,
3284 5676 3335 5746 p.
3367 5678 3457 5735 δέ.

3071 5842 3149 5903 43
