3930 6864
518 266 657 323 ιεεδ

1789 263 2146 322 MACARIUS
2183 261 2488 321 MAGNES.

3534 267 3639 326 1356

517 386 591 441 De
619 385 842 439 Heracla
881 384 1258 440 Alexandrinae
1305 383 1560 441 Ecclesia:
1604 385 1942 456 presbytero,
1989 401 2082 454 qut
2117 389 2156 445 Α
2189 384 2332 438 haud
2364 392 2554 438 curate
2581 381 2846 453 expressit
2877 380 3022 437 Guil.
3056 380 3258 436 Caveus
3287 381 3337 436 in
3367 381 3561 440 Historia
3588 391 3654 443 iit-

514 486 703 548 postea
727 475 970 546 ejusdem
1002 475 1106 529 loci
1138 476 1428 545 episcopus
1457 475 1578 540 luit,
1607 475 1717 545 jam
1753 484 1866 529 tum
1894 472 2085 543 Orige-

516 583 613 622 nes
661 570 801 635 apud
832 564 1150 630 Eusebium,
1189 564 1331 618 Hist.
1366 566 1495 618 eccl.
1532 564 1626 618 lib.
1658 580 1734 630 vi,
1786 579 1836 618 c.
1879 563 1980 629 19,
2027 579 2082 633 p.

513 659 641 722 221,
669 666 928 723 testatur,
964 657 1140 720 illum,
1173 671 1297 710 cum
1334 655 1547 724 vulgari
1578 664 1724 710 veste
1756 665 1917 710 antea
1952 671 2086 711 usus

517 751 732 814 fuisset,
783 765 846 804 ea
887 749 1133 817 deposita
1169 749 1602 820 phil050phieum
1642 749 1884 803 induisse
1931 749 2087 804 habi-

516 853 632 897 tum
663 842 801 913 (hoc
821 850 904 896 est
927 840 1148 910 pallium
1174 855 1297 894 cum
1328 841 1563 907 tunica),
1587 840 1829 910 illudque
1858 840 2086 910 pallium

519 945 703 1005 postea
731 936 894 988 etiam
926 932 1221 987 retinuisse
1253 933 1386 1003 (55).
1418 931 1632 988 Pacatis
1658 947 1786 986 vero
1821 931 2090 987 Christian

518 1042 714 1082 norum
752 1027 933 1092 rebus,
976 1027 1150 1096 magis
1182 1026 1409 1080 invaluit
1439 1026 1670 1081 vestitus
1711 1025 2090 1080 sacerdotibus

518 1118 793 1189 proprius.
829 1117 1035 1173 Stolam
1069 1119 1459 1173 sacerdotalem
1490 1134 1626 1173 auro
1656 1127 1966 1173 contextam
1997 1133 2091 1172 re-

524 1216 628 1269 l'ert
664 1213 1041 1270 Theodoretus
1072 1216 1181 1286 (54)
1225 1232 1254 1269 ιι
1283 1214 1644 1271 Constantino
1687 1215 1882 1286 Magno
1919 1215 2093 1273 dona-

521 1317 628 1360 tam
661 1305 900 1361 Macario
928 1322 1181 1378 episcopo
1211 1306 1726 1380 Hierosolymitano,
1759 1320 1820 1364 ut
1847 1324 1911 1364 ea
1936 1308 2094 1363 indu-

522 1409 608 1452 tus
634 1397 804 1452 divini
835 1399 1093 1469 baptismi
1128 1401 1493 1456 ministerium
1529 1409 1832 1472 perageret.
1865 1400 1942 1454 Ex
1983 1414 2094 1471 quo

531 1491 653 1544 loco
675 1503 896 1560 apparet
923 1506 1084 1560 quam
1115 1501 1324 1548 vetusta
1357 1495 1427 1548 sit
1456 1495 1794 1549 consuetudo
1815 1483 2093 1550 sacrarum

527 1582 758 1635 vestium
809 1581 864 1635 in
915 1581 1179 1650 Ecclesia,
1223 1584 1504 1654 judicante
1558 1583 1722 1640 Henr.
1778 1585 1997 1642 Valesio
2040 1586 2096 1639 in

519 1673 962 1731 adnotationibus
1032 1675 1098 1730 ad
1147 1678 1200 1731 h.
1247 1679 1284 1731 ι.
1337 1679 1705 1746 Eustathium,
1741 1679 2000 1735 Sehastia:
2043 1680 2094 1734 in

2191 477 2393 529 teraria
2422 477 2606 546 script.
2639 475 2792 542 eccl.,
2827 491 2883 546 p.
2919 489 2992 528 m.
3027 474 3147 539 114,
3189 473 3404 529 scribens
3435 493 3447 529 :
3477 475 3657 546 Magnes,

2186 571 2413 638 scriptor
2433 572 2584 624 valde
2597 569 2866 634 obscurus,
2890 569 3022 624 vixit
3049 567 3116 639 (si
3135 576 3330 622 (etatem
3347 569 3441 637 ejus
3460 583 3570 629 recte
3585 576 3663 628 col-

2186 663 2354 718 locent
2394 663 2689 718 Turrianus
2757 674 2803 719 et
2841 663 3162 730 Scribonius)
3206 662 3337 715 circa
3370 680 3534 718 annum
3571 667 3664 723 550.

2188 755 2489 812 Turrianus
2534 758 2681 811 enim
2734 757 2861 810 totis
2907 753 3157 808 ducentis
3201 753 3348 809 annis
3375 757 3667 826 antiquiorem

2191 862 2318 901 eum
2350 844 2576 911 fecerat,
2608 855 2821 901 aztatem
2850 844 2972 914 ejus
3001 858 3108 897 non
3138 841 3202 896 ad
3233 842 3294 898 Α.
3320 842 3376 897 C.
3405 845 3511 912 550,
3533 848 3605 900 sed
3625 849 3670 902 ad

2189 954 2395 993 annum
2427 939 2528 993 150
2552 939 2815 992 referens.
2843 935 3112 990 Antonius
3133 932 3439 991 Passerinus
3462 937 3511 991 in
3539 939 3666 1007 Appii.

2190 1039 2314 1084 ratu
2338 1047 2492 1085 sacro
2524 1030 2662 1100 (58),
2693 1038 2824 1085 tom.
2855 1026 2920 1096 ll,
2956 1044 3011 1099 p.
3049 1044 3124 1082 m.
3158 1028 3244 1092 50,
3265 1027 3539 1098 Magnetem
3570 1032 3672 1088 circa

2191 1138 2398 1178 annum
2420 1124 2484 1180 C.
2499 1122 2604 1178 508
2617 1122 2868 1177 ﬂoruisse
2881 1121 3178 1188 existimat,
3204 1121 3329 1175 dum
3351 1123 3566 1178 eumdem
3589 1143 3672 1195 per-

2191 1222 2453 1267 vetustum
2497 1223 2764 1267 auctorem
2822 1212 3105 1278 nominat,
3149 1214 3372 1283 quiante
3403 1214 3526 1268 mille
3545 1226 3583 1268 et
3609 1228 3679 1274 tre-

2192 1316 2368 1360 centos
2392 1323 2556 1360 annos
2585 1305 2914 1376 evangelica:
2943 1305 3203 1374 apologis:
3232 1305 3392 1361 libros
3415 1305 3678 1365 Graecescri-

2193 1399 2362 1468 pserit
2388 1399 2454 1452 ad
2487 1397 2891 1453 Theosthenem
2925 1397 3187 1452 adversus
3218 1398 3433 1467 gentiles
3475 1399 3677 1472 Evangelii

2193 1490 2642 1546 calumniatores.
2690 1489 2934 1544 Thomas
2986 1489 3185 1544 Bozius
3234 1489 3542 1561 Eugubinus,
3580 1493 3678 1548 Con-

2195 1582 2524 1652 gregationis
2551 1582 2786 1637 Oratorii
2827 1581 3137 1653 presbyter,
3173 1584 3349 1638 saeculi
3377 1600 3404 1635 v
3435 1586 3677 1655 scriptorem

2197 1674 2481 1730 constituit
2526 1689 2648 1729 cum
2697 1674 2750 1727 in
2794 1687 2961 1742 opere
3013 1673 3086 1727 De
3133 1675 3293 1742 signis
3341 1673 3560 1730 Ecclesia
3599 1676 3676 1745 Dei,

521 1769 776 1822 Armenia
821 1768 1158 1838 episcopum,
1196 1785 1224 1822 a
1261 1780 1414 1839 patre
1459 1787 1560 1826 suo
1590 1738 1803 1826 Eulalio
1836 1771 2097 1826 Caesarea:
2129 1738 2170 1793 Β
2201 1767 2294 1821 lib.
2333 1783 2448 1830 xiv,
2479 1782 2531 1836 p.
2572 1767 2634 1822 51
2667 1766 2803 1838 (59),
2833 1738 3073 1821 scribit:
3103 1738 3242 1819 Audi
3274 1782 3401 1819 nunc
3440 1738 3677 1837 Magnetem,

522 1859 904 1928 Cappadocum
962 1861 1217 1931 episcopo
1271 1863 1574 1932 depositum
1640 1864 1846 1928 fuisse,
1904 1863 2096 1935 ἐπειδὴ

521 1951 858 2022 ἀνάρμοστον
905 1955 969 2022 τῇ
1011 1954 1276 2028 ἱερωσύνῃ
1312 1956 1502 2027 στολὴν
1541 1957 1828 2027 ἠμφίεστο,
1865 1973 1923 2010 eo
1957 1957 2096 2027 quod

523 2051 708 2094 vestem
738 2042 999 2096 sacerdoti
1044 2045 1255 2098 minime
1290 2048 1669 2102 convenientem
1692 2056 1972 2118 gestasset,
1997 2064 2096 2102 au-

522 2142 632 2186 ctor
663 2141 745 2187 est
775 2132 1028 2190 Socrates
1056 2135 1108 2189 in
1145 2135 1286 2192 Hist.
1316 2137 1442 2192 eccl.
1475 2139 1567 2194 lib.
1599 2156 1660 2203 ιι,
1692 2155 1813 2210 cap.
1865 2140 1955 2194 45.
1995 2138 2098 2194 So-

532 2241 791 2280 znmenus
837 2227 949 2297 (55)
986 2242 1098 2282 rem
1136 2228 1310 2297 magis
1340 2229 1596 2297 illustrat,
1635 2246 2094 2296 commemorans,

525 2318 910 2388 Eustathium,
967 2320 1150 2375 habito
1201 2322 1433 2376 concilio
1495 2322 1816 2394 Gangrensi,
1878 2323 1931 2377 in
1987 2339 2096 2393 quo

524 2411 913 2479 damnabatur,
947 2423 1186 2470 mutasse
1219 2425 1444 2480 vestem,
1487 2425 1542 2470 et
1579 2416 1934 2473 conformiter
1971 2417 2096 2472 reli-

525 2507 648 2576 quis
679 2509 1052 2565 sacerdotibus
1093 2509 1445 2580 processisse.
1484 2509 1635 2566 Unde
1680 2510 1891 2581 liquido
1931 2525 2096 2580 appa-

525 2609 628 2665 ret,
664 2602 949 2674 episcopos
981 2603 1100 2672 ejus
1145 2603 1421 2673 temporis,
1462 2605 1673 2675 abjecto
1712 2605 1876 2676 pallio
1918 2605 2096 2675 philo-

526 2691 770 2760 scphico,
797 2693 909 2763 jam
954 2703 1067 2748 tum
1115 2694 1439 2764 peculiarem
1486 2697 1786 2766 sumpsisse
1820 2696 2088 2750 habitum.

529 2780 642 2836 lluc
671 2783 832 2838 etiam
876 2787 1105 2856 pertinet
1134 2786 1335 2854 tunica,
1365 2804 1471 2858 qua
1516 2790 1796 2861 presbyter
1827 2786 2091 2860 Nepotia-

526 2889 630 2928 nus
657 2874 710 2928 in
739 2877 1042 2932 ministerio
1070 2877 1271 2932 Christi
1305 2880 1589 2947 utebatur,
1624 2897 1790 2950 quam
1820 2885 1923 2942 sibi
1967 2892 2093 2946 reli-

523 2975 666 3020 ctam
705 2966 1064 3041 Hieronymus
1107 2971 1296 3025 scribit
1327 2973 1379 3026 in
1410 2974 1638 3043 epistola
1671 2976 1739 3032 de
1775 2978 1893 3049 ejus
1919 2995 2094 3040 morte

2196 1861 2287 1932 qui
2310 1860 2510 1914 vivebat
2537 1869 2659 1914 ante
2687 1875 2852 1913 annos
2888 1859 3039 1914 mille
3065 1859 3313 1912 ducentos
3350 1869 3395 1912 et
3421 1859 3522 1928 ejus
3544 1861 3675 1930 scripta

2197 1959 2319 2004 sunt
2345 1950 2400 2002 in
2425 1948 2757 2004 Bibliotheca
2792 1949 3009 2004 Veneta.
3043 1948 3284 2005 Certiora
3311 1951 3535 2015 omnino,
3567 1967 3673 2020 quam

2205 2042 2424 2112 quidem
2470 2041 2735 2097 hactenus
2767 2043 3089 2107 habuimus,
3120 2041 3276 2096 nobis
3309 2042 3522 2110 praebent
3542 2042 3672 2097 indicia

2203 2135 2352 2190 Libri
2373 2135 2704 2190 antirrhetici
2729 2135 3024 2207 Nicephori
3054 2136 3367 2207 patriarcha:
3387 2136 3672 2192 Constantino

2197 2228 2444 2298 politani,
2481 2229 2533 2282 in
2562 2229 2762 2299 quibus
2795 2229 3098 2298 disputatio
3144 2228 3458 2293 continetur,
3483 2244 3580 2299 quae
3601 2238 3669 2284 tou

2197 2331 2446 2376 versatur
2471 2321 2615 2376 circa
2645 2321 3021 2376 testimonium
3047 2320 3265 2376 Macarii
3295 2320 3553 2388 Magnetis,
3577 2321 3670 2390 quod

2199 2424 2387 2468 contra
2418 2414 2714 2484 imaginum
2743 2414 2951 2470 cultum
2989 2404 3060 2468 ab
3087 2412 3449 2468 lconomachis
3474 2422 3568 2466 erat
3588 2427 3672 2481 pro-
3762 2399 3764 2402 ’

2197 2505 2419 2560 ductum
2466 2505 2614 2561 Illam
2639 2521 2767 2562 vero
2791 2506 3220 2576 disputationem
3246 2505 3433 2561 sarculo
3455 2521 3502 2558 ix
3520 2503 3668 2558 ineunte

2197 2606 2558 2652 eonstatesse
2583 2597 2782 2652 editam
2811 2597 2880 2652 ab
2910 2597 3251 2653 antistitibus
3283 2597 3574 2663 orthodosis,
3594 2594 3654 2666 qui

2199 2688 2299 2743 bus
2327 2698 2555 2758 praeerat
2577 2687 2917 2760 Nicephorus
2941 2689 3276 2759 patriarcha.
3295 2688 3354 2744 In
3374 2689 3510 2758 cujus
3525 2687 3668 2758 quidem

2197 2779 2356 2835 initio
2376 2789 2522 2836 certa
2549 2782 2798 2852 quaedam
2825 2783 3036 2836 auctori
3071 2791 3260 2850 nostro
3282 2781 3550 2851 assignatur
3567 2789 3666 2841 atas.

2196 2869 2325 2924 dum
2365 2870 2620 2925 ﬂoruisse
2662 2871 2862 2927 ibidem
2895 2873 3104 2928 dicitur
3127 2873 3387 2929 Macarius
3417 2871 3593 2942 Magnes
3613 2884 3668 2922 ιιι·

2198 2977 2299 3017 nos
2325 2962 2448 3033 plus
2473 2978 2634 3034 quam
2663 2972 2932 3019 trecentos
2954 2979 2984 3018 a
3008 2965 3188 3034 prima
3217 2963 3470 3034 Evangelii
3493 2960 3652 3032 praedici

524 3059 590 3110 ad
618 3057 989 3118 Heliodorum.
1015 3063 1165 3118 Mitto
1184 3064 1414 3133 reliqua,
1447 3082 1568 3136 quze
1595 3067 1661 3122 de
1692 3072 1932 3128 vestibus
1961 3091 2092 3145 pon-
2119 3076 2161 3133 C
2198 3054 2363 3121 “one,
2396 3054 2499 3110 hoc
2531 3065 2632 3118 es"
2661 3064 2783 3125 Ροδί
2819 3071 3020 3110 annum
3060 3072 3092 3111 ³
3125 3067 3299 3111 moue
3326 3055 3668 3145 ChriSlllmeT

529 3145 816 3203 tilicalibus
847 3150 1184 3221 singulisque
1227 3155 1397 3209 sacris
1439 3156 1769 3216 indumentis
1808 3167 2093 3238 episc0po-

523 3253 642 3292 rum
676 3248 783 3294 tam
817 3245 1199 3300 communibus
1244 3262 1408 3316 quam
1460 3249 1842 3320 peculiaribus,
1885 3273 1950 3311 ex
1997 3274 2092 3314 an-

522 3331 772 3399 tiquitate
819 3334 1190 3391 ecclesiastica
1237 3339 1480 3394 studiose
1530 3342 1752 3413 collegit
1797 3347 2092 3408 cardinalis

522 3419 667 3476 Bona
696 3422 890 3478 Rerum
934 3425 1304 3498 liturgicarum
1335 3430 1428 3486 lib.
1477 3448 1516 3497 ι,
1561 3448 1681 3504 cap.
1722 3434 1812 3502 24,
1843 3447 1897 3492 et
1941 3439 2093 3512 llugo

519 3517 811 3576 Menardus
845 3522 902 3576 in
936 3525 1082 3580 notis
1107 3525 1172 3580 ad
1201 3525 1448 3600 Gregorii
1478 3544 1630 3600 papae
1653 3529 1871 3587 Librum
1906 3551 2092 3591 sacra-

519 3623 836 3681 mentorum,
872 3631 926 3686 p.
973 3617 1070 3672 561
1106 3634 1282 3690 seqq.,
1312 3620 1404 3675 ubi
1435 3622 1600 3677 simul
1643 3624 1854 3680 iconem
1882 3627 1940 3686 S.
1982 3629 2090 3686 Re-

519 3706 962 3810 migii.episc0pi,
996 3713 1168 3766 sacris
1197 3714 1440 3769 vestibus
1481 3714 1675 3782 induti,
1707 3719 1925 3775 exhibet
1955 3723 2087 3795 (56).

518 3819 546 3891 §
595 3817 724 3875 Vlll.
759 3820 836 3876 De
880 3832 1036 3878 aetate
1083 3823 1312 3880 Macarii
1366 3825 1644 3896 Magnetis.
1685 3828 1951 3886 Probatur
1973 3850 2091 3888 eum

1043 3897 1236 3949 swculo
1270 3913 1328 3952 ιιι
1354 3898 1564 3953 vixisse.

589 3982 667 4038 De
692 3993 852 4039 relate
881 3988 1121 4042 auctoris
1152 3989 1347 4053 nostri,
1380 4005 1486 4059 qua
1515 3990 1717 4058 ﬂoruit,
1749 4001 1802 4047 et
1829 4009 1934 4064 quo
1956 4005 2091 4050 tem-

517 4091 649 4145 pore
675 4077 862 4148 scripti
904 4079 1013 4132 sint
1047 4079 1218 4148 ipsius
1249 4082 1370 4136 libri
1401 4082 1844 4152 Ἀποκριτικῶν,
1877 4087 2090 4144 diversa

517 4166 769 4224 feruntur
818 4171 1157 4226 eruditorum
1187 4172 1414 4242 judicia.
1456 4173 1652 4230 Franc.
1687 4174 1988 4234 Turrianus
2032 4179 2088 4233 in

516 4259 832 4330 Dogmatico
864 4263 926 4316 de
945 4263 1335 4332 justi/icatione
1365 4267 1549 4336 (quem
1585 4265 1771 4321 Romae
1797 4269 1938 4338 apud
1975 4269 2087 4323 An-

515 4352 728 4406 tonium
758 4353 983 4408 Bladum
1017 4369 1162 4408 anno
1195 4355 1327 4409 1551
1365 4353 1900 4427 typis(57)subjecit)
1940 4359 2087 4415 hunc

2196 3145 2470 3200 tesimum.
2517 3145 2592 3199 En
2629 3147 2746 3216 ipsa
2791 3147 2996 3202 codicis
3044 3163 3152 3202 ms.
3191 3147 3351 3202 verba
3392 3144 3606 3216 εΧρόνῡις
3632 3138 3668 3191 δι

2194 3236 2419 3309 ὕστερον
2445 3238 2585 3309 ὑπὲρ
2613 3239 2741 3302 τοὺς
2769 3238 3117 3310 τριακοσίους
3143 3239 3454 3311 ἀκμάσαντα
3474 3236 3545 3288 τὸν
3564 3233 3671 3301 ἄνδρα

2192 3329 2740 3401 καταλαμϐανόμεθα,
2790 3330 2850 3395 ἐξ
2891 3322 2951 3385 οὗ
2997 3333 3059 3384 τὸ
3095 3330 3439 3385 ἀποστολικδν
3481 3328 3553 3382 καὶ
3580 3324 3669 3375 θεῖον

2193 3420 2462 3494 ἐξέλαμψε
2510 3424 2793 3497 κήρυγμα.
2829 3417 2936 3487 Ἦς
2963 3423 3019 3476 δὲ
3068 3424 3280 3487 πόλεως
3323 3421 3502 3494 ἱερεὺς,
3542 3405 3672 3470 καὶῶ

2193 3513 2614 3585 ἐπετρόπευσεν,
2642 3515 2795 3569 οὔπω
2826 3514 3080 3586 λέγομεν,
3107 3517 3216 3580 ἓως
3251 3516 3314 3569 ἂν
3349 3515 3406 3568 τὸ
3445 3510 3673 3578 Μάγνητος

2193 3605 2579 3678 ἀκριϐέστερον
2612 3609 2743 3679 ἡμῖν
2770 3608 3151 3680 καταληφθείη
3188 3606 3566 3676 ἐξεταζόμενον,
3585 3616 3622 3651 x.
3643 3613 3676 3648 τ.

2191 3697 2240 3751 λ.
2283 3697 2468 3752 Virum
2501 3709 2676 3753 autem
2723 3700 2876 3753 illum
2923 3702 3280 3770 comperimus
3318 3699 3537 3769 ﬂoruisse
3570 3706 3678 3759 supra

2192 3806 2359 3844 annos
2402 3800 2674 3856 trecentos,
2717 3807 2781 3845 ea:
2823 3808 2924 3861 quo
2975 3794 3212 3861 primunt
3259 3789 3515 3860 apostolici
3549 3782 3684 3838 divini-

2190 3897 2288 3951 que
2310 3883 2560 3950 prwcon'ii
2585 3881 2680 3934 lux
2703 3883 2922 3951 eﬁ'ulsit.
2950 3881 3250 3952 Cujusnam
3273 3892 3447 3937 autem
3467 3879 3575 3933 urbis
3589 3891 3686 3945 pott-

2192 3973 2323 4042 tifex
2351 3973 2536 4043 fuerit,
2566 3983 2615 4027 et
2639 3990 2767 4044 quos
2793 3976 2928 4028 cives
2957 3976 3175 4043 rexerit,
3211 3976 3267 4028 id
3299 3975 3495 4046 quidem
3516 3966 3687 4024 nondum

2189 4065 2489 4134 deﬁnimus,
2542 4067 2719 4137 quoad
2772 4068 2836 4122 de
2884 4084 3004 4122 voce
3050 4068 3340 4124 MAGNBTIS
3387 4068 3556 4122 certius
3587 4060 3693 4114 nobis

2187 4166 2405 4225 constet,
2446 4165 2551 4213 etc.
2591 4158 2912 4231 Magnopere
2937 4162 3135 4217 exinde
3159 4162 3276 4217 falli
3315 4163 3482 4232 liquet
3500 4173 3595 4222 eos,
3621 4151 3689 4222 qui

2187 4247 2487 4320 Magnetem
2530 4259 2781 4305 nostrum
2823 4260 2884 4305 ιιι
2911 4268 3102 4306 novum
3140 4253 3380 4324 aliquant
3423 4269 3482 4306 ac
3509 4258 3700 4318 nuperum

2189 4339 2487 4394 Crwculum
2504 4340 2929 4410 calumniantur,
2951 4358 3075 4398 cum
3098 4343 3464 4414 scriptoribus
3483 4338 3632 4396 sascuIi
3647 4350 3698 4397 ιι.

515 4441 815 4514 Magnetem
841 4455 1116 4500 auctorem
1145 4447 1524 4516 gravissimum
1551 4457 1604 4502 et
1626 4448 2082 4516 vetustissimum,
2117 4433 2160 4488 D
2189 4431 2326 4488 bene
2355 4433 2654 4504 exploratis
2683 4435 2940 4491 omnibus
2987 4437 3447 4503 Circumsmmiis.
3481 4434 3598 4490 satis
3624 4430 3702 4499 i3"

513 4549 675 4604 quem
705 4545 827 4588 ante
854 4536 995 4590 mille
1026 4546 1075 4590 et
1109 4538 1517 4608 quadringentos
1546 4555 1708 4593 annos
1740 4543 1757 4610 (
1776 4540 1878 4596 hoc
1905 4551 1988 4597 est
2014 4543 2078 4598 A.

511 4625 575 4680 C.
611 4625 736 4696 150)
771 4627 972 4682 vixisse
999 4637 1171 4698 putat,
1197 4630 1470 4699 appellare
1500 4631 1641 4686 haud
1673 4643 1908 4689 veretur.
1933 4633 2083 4701 Qua-

514 4729 738 4788 propter
767 4729 823 4774 et
865 4718 1102 4776 Sandius
1133 4721 1189 4774 in
1223 4730 1381 4777 tract.
1420 4722 1496 4776 De
1527 4724 1781 4780 veteribus
1809 4728 2084 4798 scriptori-

514 4813 606 4861 bus
651 4810 859 4873 eccles.,
906 4827 959 4880 p.
1009 4827 1084 4867 ιιι.
1131 4811 1219 4878 19,
1264 4813 1364 4869 hac
1404 4830 1635 4870 censura
1683 4833 1808 4873 cum
1839 4821 2078 4890 excipit:

512 4919 526 4942 .
555 4894 1178 4970 Quiauctorquanquam
1221 4905 1492 4962 Turriano
1534 4920 1618 4965 est
1651 4911 1883 4982 scriptor
1909 4915 2082 4968 eccle-

509 4990 761 5044 siasticus
792 4993 1109 5062 temporibus
1151 4998 1511 5065 apostolorum
1557 5002 1785 5069 vicinus,
1825 5003 1959 5058 mihi
1994 5015 2080 5059 ta-

508 5093 629 5133 men
660 5091 742 5136 est
769 5093 952 5140 certus
991 5086 1599 5148 hmreticusaTurrtani
1642 5095 1806 5167 igitur
1837 5107 2074 5152 mentem

577 5214 687 5302 (55)
714 5214 912 5302 Notum
943 5230 1029 5276 est
1055 5222 1186 5302 illud
1211 5222 1532 5302 Tertulliani
1563 5229 1618 5284 in
1644 5231 1744 5302 lib.
1781 5231 1854 5286 De
1877 5219 2069 5302 pia/lio,

505 5295 626 5352 cap.
655 5290 708 5352 6,
751 5290 841 5343 ubi
867 5306 926 5345 se
955 5294 1210 5349 omnibus
1254 5298 1592 5354 cumulatum
1641 5301 1800 5357 honis
1846 5290 2076 5357 arbitra;

507 5359 1046 5442 fugiquodpallium
1073 5364 1270 5442 divina:
1299 5367 1654 5442 philosophia:
1687 5383 2067 5442 argumentum

505 5425 757 5506 induerit,
771 5425 908 5506 dum
923 5433 1112 5506 scribit
1129 5453 1142 5488 :
1160 5435 1227 5488 At
1244 5425 1335 5505 ego
1355 5437 1471 5506 jam
1495 5425 1574 5492 me
1591 5442 1673 5495 illi
1693 5425 2072 5499 etiamm};

503 5501 659 5585 fﬁcia:
692 5512 754 5585 ac
776 5498 1071 5585 disciplina:
1115 5498 1423 5585 σοιιιιιξειοὲἰο
1465 5511 1696 5585 confero.
1730 5511 1914 5568 Gaude
1955 5498 2073 5585 pals-

502 5557 655 5655 (ἔξω,
671 5576 736 5655 “et
765 5557 986 5655 exercita.
1003 5575 1240 5654 {melior
1252 5557 2068 5655 itevpltilosvo.plii‘awdigrfd~tva

502 5641 698 5721 (aliter:
726 5651 826 5721 quo
860 5641 1221 5721 Christianum
1254 5641 1437 5702 vestire
1463 5641 1682 5721 coepisti.

575 5703 688 5773 (δι)
728 5704 866 5760 una
899 5711 1050 5778 eccl.,
1089 5715 1122 5767 ι.
1163 5731 1221 5781 ιι,
1251 5732 1298 5772 c.
1329 5718 1411 5774 27.

2191 4535 2305 4581 tum
2333 4537 2676 4599 perspectum
2705 4529 2886 4599 fuerit,
2919 4539 3197 4585 auctorem
3232 4531 3402 4587 istum
3428 4537 3614 4584 aetatem
3633 4536 3702 4576 sev

2188 4619 2294 4673 culi
2329 4634 2408 4687 ιιι,
2449 4620 2534 4675 vel
2560 4620 2867 4690 incipientis
2895 4623 3077 4677 saeculi
3107 4639 3180 4690 tv,
3214 4639 3334 4694 pra:
3362 4637 3422 4679 se
3451 4621 3596 4675 ferre.
3626 4612 3702 4667 Nec

2187 4719 2270 4766 est
2297 4711 2440 4781 quod
2492 4712 2821 4768 adversariis
2847 4723 3100 4784 suspecta
3133 4730 3258 4771 esse
3288 4722 3495 4786 queant
3522 4726 3594 4775 ea.
3619 4719 3704 4776 qua

2185 4801 2253 4856 de
2279 4803 2440 4858 istius
2467 4805 2708 4860 auctoris
2740 4806 3062 4876 antiquitate
3102 4808 3158 4862 in
3191 4808 3359 4862 allata
3393 4801 3706 4875 disputatione

2187 4902 2519 4949 statuuntur.
2557 4894 2888 4967 Expediebat
2929 4899 3074 4953 enim
3116 4899 3420 4970 imaginum
3459 4889 3705 4951 defensori-

2184 4983 2309 5051 bus,
2345 4987 2501 5040 tidetn
2529 4987 2780 5043 vellicare
2811 4998 2865 5044 et
2892 4989 3208 5063 infringere,
3236 4989 3605 5060 antiquitatem
3631 4997 3694 5052 pa-

2183 5078 2316 5132 riter
2344 5089 2507 5148 atque
2535 5081 2912 5137 auctoritatem
2951 5084 3276 5141 imminuere
3323 5085 3473 5140 illius
3517 5078 3696 5146 scriplo'

2253 5234 2367 5306 (55)
2398 5232 2454 5306 In
2489 5234 2631 5289 Hist.
2660 5234 2784 5306 eccl.
2815 5236 2852 5291 l.
2883 5253 2966 5302 ιιι,
2996 5253 3045 5292 c.
3085 5239 3170 5293 14.
3522 5303 3544 5306 ,
3646 5298 3676 5306 ,,

2252 5300 2578 5380 (δδλβοιιΐ.
2622 5316 2674 5380 οι
2717 5300 2991 5363 Heineccii
3023 5311 3324 5380 Abbiidung
3357 5309 3451 5363 der
3506 5300 3694 5360 διιεπεὶ-

2179 5373 2332 5447 sclten
2373 5375 2598 5447 I_(_irclte,
2627 5377 2661 5430 l.
2694 5393 2767 5447 c.,
2800 5394 2853 5447 p.
2885 5380 2972 5434 58.

2249 5444 2506 5521 (ἵξῃ-για.
2537 5432 2665 5502 Ant.
2689 5432 2972 5505 Possevini
2993 5452 3288 5521 Apparatus
3320 5466 3490 5514 sacer,
3510 5455 3626 5502 tom.
3661 5432 3687 5491 l-

2179 5529 2234 5585 p.
2271 5516 2396 5570 595.

2247 5585 2359 5661 (50)
2388 5585 2629 5661 goloniae
2660 5590 2883 5661 Agripp.
2921 5588 3056 5645 1608
3085 5593 3247 5652 edito.

2248 5658 2361 5728 (39)
2391 5656 2532 5713 Edit.
2567 5656 2763 5717 Colon.
2793 5656 3017 5732 Kgripp.
3047 5661 3204 5719 1626.
