3966 6206
289 242 423 297 ίὸὄῚ
1433 238 1712 304 NOTlTlA
1750 245 1827 302 E1

1928 240 2318 303 RAGMENTA.
3366 242 3504 299 1558

279 359 379 425 ris,
420 359 514 431 qui
542 360 658 416 suis
699 362 1044 431 opinionibus
1079 378 1377 435 repugnare
1415 367 1732 432 videbatur,
1784 376 1837 420 et
1866 372 1910 427 Α
1939 381 2042 419 nus
2088 364 2384 434 imperator
2432 362 2486 416 in
2519 360 2836 434 fragmentis
2872 358 3073 418 nostris
3106 356 3429 416 Macariams
3470 379 3499 416 a

277 468 441 523 quem
475 466 664 507 eorum
718 455 1012 510 adversarii
1049 456 1390 513 lconomachi
1438 460 1605 514 multo
1657 460 1839 516 labore
1940 454 2127 511 Graco
2155 455 2480 527 phi1050pho
2508 455 2574 510 de
2602 453 2918 510 monarcbia
2966 455 3149 509 divina
3188 454 3501 524 disputante

280 551 538 612 tanquam
570 551 760 597 testem
792 543 894 599 fide
916 544 1292 616 dignissimum
1321 556 1510 603 contra
1545 550 1692 619 ipsos
1714 566 1840 621 pro-
1941 550 1995 602 iu
2030 548 2335 619 exemplum
2381 546 2765 618 disputationis
2808 546 3116 612 adducitur,
3154 554 3211 600 nt
3260 559 3291 599 a
3338 546 3503 600 modo

275 633 568 688 duxerant.

278 746 307 819 ς
334 746 424 803 ις.
460 748 618 804 ditas
651 749 1163 826 Macariihb‘lagnetis
1209 754 1480 826 colligitur
1507 771 1572 811 ea:
1606 759 1834 812 criteriis

872 821 997 875 libri
1034 825 1274 878 internis.

346 904 426 965 Ne
470 920 649 965 autem
681 910 884 967 frustra
928 915 1211 969 videantur
1262 917 1538 973 antistites
1584 916 1837 975 Ecclesia

271 1002 564 1057 Ortbodoxi
600 1012 805 1057 tantam
840 1003 1072 1060 Macario
1099 1005 1330 1079 Magneti
1362 1010 1674 1080 assignasse
1707 1023 1837 1066 ata-

271 1101 407 1159 tem,
437 1103 630 1163 prater
651 1105 871 1151 externa
896 1098 1201 1153 testimonia
1233 1100 1395 1155 etiam
1438 1116 1504 1156 ex
1538 1103 1726 1157 sedula
1756 1105 1835 1159 lc-

272 1186 455 1241 ctione
496 1187 822 1256 scriptorum
860 1189 1031 1259 ipsius
1075 1191 1440 1260 conquirenda
1483 1204 1641 1249 erunt
1672 1211 1835 1267 argu-

270 1286 454 1332 menta
484 1288 537 1333 et
577 1281 833 1351 κριτήρια
872 1282 1116 1350 quadam
1164 1282 1397 1349 interna,
1442 1299 1506 1339 ex
1535 1286 1755 1355 quibus,
1789 1288 1835 1343 si

270 1387 382 1425 non
414 1372 694 1441 majorem,
726 1374 915 1428 saltem
966 1375 1241 1430 indubiam
1285 1378 1466 1433 saculi
1510 1378 1577 1433 Ill
1621 1388 1833 1435 atatem

270 1463 577 1532 perspicere
606 1462 687 1519 fas
721 1465 811 1520 sit.
840 1464 1014 1531 Quam
1050 1466 1104 1520 in
1140 1483 1253 1521 rem
1283 1478 1407 1523 ante
1439 1470 1619 1525 omnia
1650 1471 1836 1527 obser-

268 1556 504 1609 vandum
567 1557 690 1621 erit,
743 1557 919 1612 locum
966 1559 1176 1613 auctori
1230 1571 1419 1617 nostro
1470 1562 1654 1617 deberi
1694 1564 1836 1619 inter

269 1645 406 1700 istos
436 1646 634 1701 veteris
672 1645 928 1703 Ecclesia
968 1648 1280 1719 scriptores,
1328 1652 1421 1721 qui
1468 1662 1595 1707 ante
1645 1668 1831 1723 pacem

270 1735 526 1792 Ecclesia
554 1738 733 1792 datam
768 1740 1248 1807 prastantissimas
1292 1758 1391 1813 pro
1436 1745 1666 1801 veritate
1700 1746 1830 1801 reli-

268 1829 448 1899 gionis
498 1829 821 1889 Christiana
875 1831 1135 1889 adversus
1193 1835 1471 1902 gentilium
1529 1838 1833 1895 calumnias

268 1921 643 1990 conscripsere
677 1925 955 1995 apologias
985 1924 1119 1995 (40).
1150 1924 1205 1981 Id
1234 1926 1377 1981 enim
1405 1938 1457 1982 et
1486 1928 1676 1985 titulus
1710 1930 1833 1986 libri

282 2012 696 2083 Ἀποκριτικῶν
721 2017 869 2085 πρὸς
894 2018 1212 2085 Ἕλληνας,
1234 2020 1316 2074 vel
1359 2020 1701 2091 Ἀπολογίας
1726 2024 1833 2077 τοῦ

269 2106 663 2176 Εὐατγελίου.
697 2117 750 2163 et
778 2119 1017 2164 veterum
1046 2111 1452 2182 apologetarum
1476 2116 1829 2184 consuetudo,

266 2201 597 2269 propriaque
626 2200 693 2255 de
728 2201 1039 2256 monarchia
1069 2202 1250 2256 divina
1291 2214 1479 2259 contra
1510 2214 1695 2276 gentes
1721 2208 1832 2264 dis-

266 2291 491 2359 putandi
542 2292 683 2347 ratio
726 2290 841 2364 (ii)
889 2293 1171 2363 perspicue
1222 2296 1355 2352 satis
1399 2307 1828 2367 commonstrat;

267 2393 383 2437 tum
417 2392 469 2438 et
511 2385 815 2454 pracipuus
850 2385 1019 2441 totius
1060 2386 1240 2457 operis
1282 2402 1479 2459 scopus
1523 2390 1829 2459 confirmat,

264 2474 360 2544 qui
397 2474 656 2531 adversus
694 2475 958 2531 celebrem
984 2478 1273 2546 quemdam
1302 2480 1386 2535 sui
1426 2483 1681 2551 temporis
1711 2484 1831 2552 phi-

265 2564 555 2635 losopbum
601 2565 741 2620 inter
795 2564 1033 2631 Gracos,
1080 2568 1495 2639 polytheismum
1548 2571 1828 2640 gentilium

265 2654 664 2719 defendentem,
698 2665 753 2711 et
796 2658 967 2713 multo
1006 2660 1298 2728 supercilio
1328 2661 1661 2732 simplicitati
1704 2665 1827 2720 ﬁdei

266 2744 593 2800 Christiana
622 2744 957 2811 illudentem,
997 2748 1237 2803 directus
1267 2759 1384 2816 est;
1421 2752 1486 2807 de
1520 2753 1720 2822 quibus
1748 2756 1828 2809 ul-

265 2837 433 2893 terius
463 2836 719 2908 deinceps
753 2838 1128 2894 disserendum
1158 2841 1280 2896 erit.
1323 2841 1427 2897 Ista
1471 2859 1599 2900 vero
1644 2848 1829 2903 omnia

266 2927 469 2984 indicio
494 2929 653 2985 nobis
700 2939 847 2997 sunt,
877 2942 1152 2986 auctorem
1185 2944 1428 2989 nostrum
1468 2951 1531 2990 ea
1571 2939 1683 3006 jam
1714 2946 1824 2993 tum

267 3026 423 3073 atate
468 3018 685 3083 vixisse,
741 3035 847 3089 qua
894 3022 1300 3090 persecutiones
1359 3022 1614 3080 Ecclesia
1666 3026 1824 3081 Cbri-
1852 3062 1894 3118 ο

1940 638 2242 709 imperandi
2280 640 2521 694 humano
2554 638 2786 694 similem
2817 639 3145 693 monarchia
3171 638 3368 693 divina
3411 652 3500 692 ra-

1939 731 2142 785 tionem
2201 728 2512 801 colligeret?
2540 730 2683 801 quod
2742 724 3071 799 conjectura
3122 729 3303 783 locum
3349 727 3499 795 facit,

1936 820 2339 891 philosophum,
2371 833 2495 877 cum
2525 836 2635 891 quo
2666 820 2943 875 contendit
2971 817 3258 883 Macarius,
3290 818 3359 873 ab
3387 834 3502 873 avo

1938 906 2161 967 Adriani
2191 929 2299 968 non
2328 913 2464 968 adeo
2494 912 2653 983 longo
2684 919 2945 966 remotum
2984 911 3153 967 fuisse
3190 910 3497 965 intervallo.

1936 1007 2111 1075 Atque
2140 1006 2267 1061 huic
2306 1006 2587 1061 sententia
2628 1004 3012 1075 astipulantem
3054 1003 3211 1057 video
3238 1002 3499 1058 eximium

1937 1098 2274 1167 antiquitatis
2295 1097 2678 1153 ecclesiastica
2693 1104 3047 1151 scrutatorem
3069 1094 3499 1163 Tillemontium,

1937 1187 2029 1257 qui
2084 1187 2120 1243 ι.
2165 1202 2214 1242 c.
2265 1188 2570 1243 antistitum
2629 1187 3055 1242 ortbodoxorum
3108 1185 3373 1256 judicium
3432 1186 3501 1241 de

1936 1285 2091 1330 atate
2122 1274 2343 1330 Macarii
2368 1277 2539 1332 nostri
2573 1277 2841 1347 prolatum
2888 1276 2959 1330 ita
2987 1275 3306 1345 comprobat
3337 1284 3500 1346 atque

1938 1363 2177 1419 suﬂ‘ulcit
2209 1384 2221 1418 :
2254 1364 2330 1419 Ils
2358 1382 2487 1419 nous
2521 1375 2839 1435 apprennent
2876 1379 2973 1436 que
3012 1366 3060 1420 le
3098 1367 3296 1421 dessein
3326 1367 3390 1420 de
3416 1376 3496 1419 cet

1938 1472 2160 1528 ouvrage
2197 1459 2327 1510 etait
2361 1458 2423 1511 de
2456 1458 2743 1512 combattre
2778 1458 2850 1511 les
2891 1461 3094 1528 paiens,
3128 1458 3495 1526 particuliére-

1939 1558 2077 1602 ment
2120 1566 2190 1602 un
2234 1550 2534 1619 philosophe
2563 1550 2935 1604 aristotélicien
2977 1551 3067 1619 qui
3116 1552 3493 1608 reconnaissait

1941 1656 2012 1693 un
2041 1639 2151 1694 seul
2186 1639 2318 1694 Dieu
2359 1642 2654 1705 souverain,
2687 1644 2820 1695 mais
2860 1642 2982 1711 chef
3017 1643 3079 1697 de
3104 1643 3364 1711 plusieurs
3396 1660 3495 1697 au-

1864 1711 1905 1768 B
1934 1737 2037 1781 tres
2076 1728 2253 1796 dieux,
2281 1737 2329 1783 et
2368 1730 2457 1801 qui
2492 1730 2772 1800 employait
2808 1742 2920 1786 tout
2949 1732 2996 1787 le
3020 1733 3153 1801 faste
3175 1734 3239 1785 de
3260 1750 3353 1787 son
3383 1736 3497 1787 élo-

1932 1836 2142 1889 quence,
2172 1829 2219 1874 et
2252 1830 2391 1875 toute
2418 1822 2472 1873 la
2508 1822 2746 1875 subtilité
2769 1822 2830 1874 de
2867 1838 2927 1875 sa
2961 1822 3289 1893 dialectique,
3316 1832 3494 1876 contre

1932 1908 1986 1962 la
2011 1909 2292 1978 slmplicité
2320 1909 2383 1963 de
2414 1909 2467 1963 la
2507 1910 2723 1980 religion
2751 1911 3064 1966 chrétienne.
3098 1911 3221 1966 Cela
3245 1921 3321 1965 est
3346 1913 3493 1980 favo-

1932 2000 2078 2055 rable
2101 2018 2234 2071 pour
2270 2004 2407 2073 faire
2434 2015 2510 2059 cet
2543 2015 2728 2057 auteur
2764 2019 2944 2057 encore
2973 2005 3090 2073 plus
3126 2006 3309 2057 ancien
3333 2002 3488 2073 qu'ils

1932 2112 1994 2149 ne
2018 2094 2207 2163 disent,
2235 2105 2284 2150 et
2312 2096 2359 2150 le
2389 2105 2574 2151 meltre
2604 2097 2692 2151 des
2730 2097 2776 2150 le
2807 2105 2967 2167 temps
2995 2098 3085 2151 des
3116 2098 3490 2166 persécutions,

1929 2189 2147 2259 puisque
2186 2189 2242 2242 ni
2282 2188 2354 2243 les
2388 2188 2749 2258 philosophes,
2799 2189 2854 2243 ni
2899 2192 2971 2243 les
3011 2188 3318 2259 apologistes
3350 2188 3492 2241 n’ont

1930 2275 2052 2345 plus
2084 2277 2239 2347 gnere
2294 2278 2453 2331 traité
2490 2289 2617 2334 cette
2648 2278 2863 2333 matiére
2897 2278 3078 2347 depuis
3108 2294 3205 2347 que
3234 2279 3493 2333 Constan-

1934 2372 2010 2425 tin
2049 2388 2081 2424 a
2104 2370 2287 2425 abattu
2318 2371 2366 2425 le
2401 2373 2703 2442 paganisme
2724 2382 2774 2426 et
2796 2389 2827 2425 a
2858 2372 2955 2438 [ait
2979 2372 3216 2425 dominer
3248 2370 3487 2441 l’Eglise.

1931 2463 2001 2518 Ce
2026 2463 2345 2532 philosophe,
2375 2463 2586 2517 voulant
2615 2466 2811 2517 donner
2840 2480 2909 2516 un
2946 2464 3175 2532 exemple
3211 2462 3338 2516 d‘un
3375 2478 3488 2517 mo-

1930 2572 2145 2625 narque,
2173 2556 2334 2625 prend
2373 2555 2507 2609 celui
2536 2554 2803 2610 d‘Adrien.
2842 2554 2909 2608 Et
2957 2557 3064 2609 cela
3090 2563 3235 2617 porte
3261 2555 3490 2608 natare!-

1929 2649 2117 2702 lement
2137 2650 2168 2702 ὰ
2190 2649 2359 2701 croire
2376 2647 2505 2718 qu’il
2528 2646 2710 2701 n‘était
2746 2664 2841 2717 pas
2870 2647 2974 2716 fort
3008 2646 3210 2716 eloigné
3230 2647 3300 2700 du
3324 2656 3485 2715 temps

1928 2742 1992 2796 de
2021 2758 2075 2797 ce
2101 2743 2299 2811 prince.

1932 2854 2067 2927 5X.
2116 2852 2257 2929 ΔΗιιῖατ
2296 2855 2361 2909 de
2408 2864 2563 2909 atate
2617 2853 2841 2929 Macarii
2894 2848 3149 2929 Magnetis
3186 2850 3487 2929 conjectura

1998 2926 2342 2995 conﬁrmatur
2364 2940 2427 2979 ea:
2453 2925 2754 2978 narratione
2775 2922 2837 2977 de
2860 2932 3037 2977 statua
3064 2922 3411 2975 Paneadensi.

2000 3016 2219 3072 Accedit
2274 3014 2608 3072 stabilienda
2652 3014 2962 3085 antiquitati
3020 3012 3259 3067 auctoris
3313 3012 3487 3066 nostri

265 3111 458 3165 stiana
486 3126 516 3165 a
551 3111 845 3181 gentilibus
889 3112 1133 3167 excitata
1179 3113 1357 3170 adhuc
1405 3116 1681 3188 apol0gias
1728 3135 1825 3188 pro
1854 3102 1894 3118 V
1926 3121 2127 3161 novum
2156 3106 2323 3161 robur
2345 3122 2410 3161 ex
2436 3104 2738 3176 fragmento
2765 3104 2975 3158 decimo
3004 3103 3184 3172 operis
3208 3102 3402 3171 ipsius,
3432 3103 3485 3155 in

264 3201 587 3255 vindicanda
618 3199 940 3257 Christiana
983 3203 1244 3259 doctrina
1286 3206 1515 3262 veritate
1542 3217 1595 3263 et
1625 3212 1824 3264 sancti-

265 3302 375 3349 tate
416 3292 745 3364 ﬂagitarunt.
794 3293 868 3348 Ex
916 3309 1027 3364 quo
1076 3296 1219 3350 enim
1268 3299 1615 3367 paganismus
1660 3315 1823 3371 opera

261 3385 606 3442 Constantini
639 3384 707 3439 Μ.
741 3395 1069 3455 prostratus,
1100 3397 1153 3441 et
1181 3386 1435 3444 Ecclesia
1455 3389 1656 3446 Christi
1682 3393 1821 3447 inte-

264 3494 360 3550 gra
385 3488 593 3533 asserta
625 3476 725 3531 fuit
754 3478 994 3543 libertas,
1024 3495 1123 3533 nec
1151 3480 1505 3551 philosophos
1537 3484 1695 3549 ullos,
1724 3501 1823 3540 nec

263 3571 592 3640 apologetas,
624 3569 726 3623 hoc
767 3580 1144 3639 argumentum
1180 3580 1327 3625 tanto
1372 3572 1551 3626 studio
1592 3576 1823 3644 amplius

262 3670 526 3718 tractasse
552 3660 1046 3715 animadvertemus
1069 3677 1083 3727 ;
1110 3675 1231 3714 cum
1268 3675 1367 3715 nec
1409 3662 1608 3716 acriter
1647 3663 1823 3732 impu-

263 3768 432 3824 gnare
473 3762 526 3807 et
566 3752 855 3807 calumniis
885 3751 1143 3821 impetere
1187 3750 1391 3806 diutius
1436 3752 1621 3807 liceret
1668 3768 1820 3808 sacra

262 3844 694 3900 Christianorum
732 3844 913 3898 divina
946 3844 1144 3898 virtute
1175 3852 1489 3913 propagata,
1526 3859 1626 3899 nec
1671 3854 1821 3899 tanto

263 3946 703 4008 argumentorum
730 3935 930 3989 robore
953 3934 1227 3989 vindicare
1249 3944 1409 4004 atque
1437 3935 1571 3990 tueri
1602 3950 1822 3990 necesse

262 4038 408 4081 esset
468 4025 604 4096 (42).
659 4024 910 4094 Inprimis
963 4040 1085 4078 cum
1140 4025 1279 4079 inter
1320 4040 1451 4088 eos,
1494 4026 1693 4095 quibus
1736 4041 1821 4080 res

261 4117 584 4173 Christiana
613 4117 798 4171 saculi
825 4132 878 4170 iV
906 4126 959 4171 et
986 4132 1015 4169 v
1052 4131 1156 4170 non
1189 4116 1383 4185 ignota
1416 4126 1561 4182 sunt,
1589 4132 1655 4171 ex
1692 4116 1823 4169 Am-

262 4211 429 4265 miani
476 4207 797 4276 Marcellini,
827 4207 1112 4272 Chalcidii,
1141 4205 1446 4272 Themistii,
1477 4208 1819 4279 aliorumque

263 4302 630 4358 monumentis
652 4301 785 4357 satis
806 4309 1145 4370 perspectum
1170 4300 1260 4366 sit,
1278 4300 1635 4368 sapientiores
1663 4300 1819 4356 istius

1925 3212 2035 3277 quo
2066 3197 2132 3251 de
2160 3197 2413 3252 Berenice
2439 3197 2665 3252 muliere
2692 3194 2964 3251 Edessena
3006 3199 3120 3252 sive
3156 3197 3487 3256 Paneadensi

1920 3289 2076 3359 juxta
2104 3287 2397 3344 Eusebium
2431 3286 2575 3343 Hist.
2602 3287 2731 3342 eccl.
2767 3287 2861 3341 lib.
2886 3303 2982 3352 vn,
3017 3304 3136 3359 cap.
3176 3290 3265 3359 i8,
3293 3307 3324 3345 a
3356 3307 3487 3362 pro-

1922 3379 2089 3436 ﬂuvio
2117 3381 2403 3451 sanguinis
2431 3380 2659 3435 liberata
2700 3387 2754 3436 et
2800 3397 2896 3451 per
2930 3383 3221 3439 salutarem
3265 3385 3487 3440 fimbriae

1921 3480 2127 3530 tactum
2158 3489 2189 3527 a
2218 3472 2506 3528 Servatore
2539 3480 2725 3527 sanata
2760 3474 2942 3541 refert,
2976 3476 3096 3545 ejus
3128 3477 3255 3532 facti
3299 3478 3488 3548 imagi-

1922 3580 2047 3620 nem
2083 3579 2187 3620 are
2209 3578 2543 3634 expressam,
2571 3566 2684 3620 sive.
2709 3574 2941 3621 statuam
2968 3568 3019 3620 in
3042 3579 3356 3637 perpetuam
3384 3570 3487 3623 mi-

1923 3656 2093 3713 raculi
2116 3656 2435 3711 memoriam
2464 3667 2726 3722 erectam,
2758 3674 2855 3714 suo
2879 3667 3115 3729 tempore
3131 3660 3308 3715 adhuc
3332 3638 3484 3717 ineo-

1921 3745 2123 3800 lumem
2147 3744 2336 3813 fuisse,
2364 3744 2439 3809 ὠς
2461 3746 2585 3818 ἄρτι
2610 3743 2833 3818 τοῦργον
2858 3748 3164 3819 γενόμενον,
3195 3750 3255 3802 οὐ
3292 3750 3480 3817 πάλαι,

1921 3845 1979 3889 ut
2007 3852 2087 3891 res
2113 3853 2215 3891 non
2244 3838 2370 3892 olim
2395 3838 2559 3907 facta,
2586 3842 2675 3893 sed
2703 3840 2855 3894 hodie
2874 3841 2991 3909 ﬁeri
3013 3841 3274 3896 videatur.
3304 3842 3483 3899 Enim-

1921 3943 2049 3983 vero
2064 3936 2297 3984 statuam
2314 3930 2502 3985 illatua
2518 3929 2811 3986 Maximino
2827 3932 3170 4003 tyranno,qui
3184 3934 3344 4003 paulo
3357 3946 3482 3991 ante

1919 4018 2340 4077 Constantinum
2371 4021 2443 4076 M.
2487 4024 2793 4094 imperavit,
2819 4024 2929 4095 jam
2973 4026 3238 4080 sublatam
3288 4026 3477 4091 fuisse.

1920 4112 2077 4168 docet
2120 4112 2365 4170 Asterius
2412 4115 2656 4172 Amasea
2699 4116 3004 4186 episcopus,
3047 4117 3140 4186 qui
3181 4133 3240 4173 se
3265 4117 3481 4174 Iuliano

1922 4219 2209 4275 supparem
2270 4205 2505 4260 ostendit
2566 4207 2620 4260 in
2686 4208 2931 4261 oratione
2986 4208 3233 4263 adversus
3304 4210 3481 4263 avari-

1922 4300 2050 4352 tiam
2081 4299 2217 4367 (ιδ),
2244 4299 2337 4355 ubi
2366 4300 2685 4370 superstites
2715 4309 2867 4355 notat
2888 4302 3175 4371 plurimos,
3203 4305 3295 4375 qui
3323 4306 3389 4359 ab
3414 4320 3479 4361 eo

260 4396 436 4451 atatis
458 4396 834 4465 philosophos,
859 4392 1106 4459 exemplo
1129 4392 1403 4445 Ammonii
1432 4391 1674 4462 magistri
1706 4392 1815 4457 sui,
1849 4397 1893 4452 D
1921 4392 2130 4449 inducti
2160 4391 2394 4449 fuissent
2419 4395 2485 4449 ad
2514 4395 2671 4450 fidem
2720 4395 3041 4464 negandam.
3070 4393 3242 4453 Verba
3281 4398 3478 4451 Asterii

261 4487 673 4543 conciliatorum
706 4485 869 4541 veluti
904 4500 1104 4540 munus
1150 4484 1459 4553 suscepisse
1495 4485 1636 4538 inter
1665 4483 1821 4539 Chri-

263 4581 473 4636 stianos
499 4587 662 4648 atque
700 4577 945 4647 gentiles,
970 4585 1022 4631 et
1046 4585 1403 4642 utrorumque
1434 4576 1671 4630 rationes
1696 4592 1820 4632 cono

256 4673 485 4749 iungere
516 4672 917 4744 quodammodo
941 4687 1105 4728 ausos
1129 4686 1269 4727 esse.
1295 4670 1434 4737 Quid
1460 4675 1604 4742 quod
1626 4672 1819 4729 Adria-

333 4877 445 4948 (40)
476 4876 551 4932 De
583 4877 779 4944 quibus
821 4875 930 4930 vid.
976 4874 1075 4928 Ad.
1128 4873 1526 4948 Rechenbergii
1560 4876 1694 4932 diss.
1747 4879 1819 4933 De

259 4944 516 5016 apologiis
573 4949 848 5016 doctorum
886 4948 1087 5016 iveteris
1134 4945 1407 5016 gEcclesia:
1454 4944 1816 5009 Christiania,

302 5014 379 5068 na
419 5014 687 5084 reperitur
722 5014 777 5069 in
815 5015 1090 5070 volumine
1125 5014 1575 5071 Exercitationum
1604 5018 1661 5071 in
1688 5018 1824 5076 Novi

302 5032 379 5068 ua
419 5032 687 5084 reperitur
722 5032 777 5069 1n
815 5032 1090 5070 vommtne
1125 5032 1575 5071 Lxercuattonum
1604 5034 1661 5071 tu
1688 5032 1822 5076 Nam

259 5032 574 5139 a'estamenti
610 5085 887 5138 historiam
935 5085 1335 5139 ecclesiasticam
1380 5096 1427 5139 et
1476 5087 1822 5155 litterariam,

257 5171 315 5224 p.
354 5156 458 5233 ζ’)οό
482 5170 657 5223 seqq.;
683 5155 878 5235 quibus
910 5156 1133 5235 proinde
1172 5155 1388 5212 Macarii
1420 5158 1592 5211 nostri
1625 5160 1823 5229 scripta

264 5234 463 5293 pariter
492 5240 765 5293 accensert
796 5234 1091 5280 merentur.

334 5294 449 5365 (M)
476 5294 553 5346 Ad
582 5292 765 5365 Ireuai
786 5293 1173 5365 epistolatu,de
1200 5292 1535 5365 monarchia,
1553 5292 1619 5347 ad
1643 5293 1818 5348 Flori-

265 5362 437 5425 num,‘
464 5378 558 5416 seu
606 5362 751 5430 quod
797 5362 939 5415 Deus
980 5376 1084 5414 non
1129 5362 1197 5415 sit
1229 5362 1479 5430 conditor
1529 5364 1815 5429 malorum,

267 5432 428 5486 Henr.
470 5429 713 5485 Valesius
763 5432 816 5484 in
850 5431 1034 5483 adnot.
1084 5432 1151 5484 ad
1207 5429 1423 5485 Eusebii
1478 5430 1616 5485 (list.
1664 5434 1813 5497 eccl.,

266 5503 303 5556 ι.
337 5519 389 5567 v,
419 5518 469 5556 c.
502 5502 591 5563 20,
620 5517 672 5570 p.
706 5516 779 5554 m.
808 5501 926 5565 lOl,
954 5509 1096 5554 recte
1120 5500 1339 5553 adnotat
1373 5518 1386 5553 :
1429 5499 1630 5554 Veteres
1656 5503 1815 5556 Chri-

265 5573 428 5628 ttiani
459 5572 556 5624 hac
585 5587 699 5624 voce
727 5570 905 5623 crebro
943 5571 1022 5621 uti
1044 5570 1300 5632 solebant,
1330 5574 1529 5639 quoties
1570 5574 1814 5626 adversus

266 5645 479 5709 gentiles
510 5643 836 5711 disputarent
868 5654 887 5695 .'
926 5656 1081 5711 eoque
1126 5640 1279 5695 titulo
1319 5644 1608 5711 complures
1650 5641 1811 5697 libros

1919 4498 1985 4540 ex
2035 4486 2256 4541 homilia
2304 4487 2359 4541 in
2406 4486 2613 4543 Jairum
2660 4497 2714 4543 et
2757 4488 3039 4543 mulierem
3084 4489 3478 4562 αἱμορῤωῦσαν

1919 4573 2140 4630 exhibet
2182 4574 2408 4632 Photius
2450 4577 2502 4630 in
2535 4576 2882 4644 Bibliotheca,
2923 4577 3043 4633 cod.
3076 4592 3286 4644 CCLXXI,
3319 4593 3373 4648 p.
3401 4593 3475 4633 m.

1922 4665 2059 4721 1507
2087 4675 2142 4721 et
2178 4666 2370 4724 Franc.
2420 4666 2776 4724 Combelisius
2818 4669 2871 4724 in
2913 4669 3165 4722 Auctario
3215 4685 3343 4723 novo
3385 4670 3479 4723 Bi-

1919 4870 2212 4936 ediderunt,
2246 4882 2303 4924 ut
2350 4888 2509 4925 unum
2558 4871 2721 4925 Deum
2765 4874 2995 4926 omnium
3030 4889 3202 4927 rerum
3240 4875 3477 4928 condito-

1922 4961 2029 4999 rem
2053 4960 2113 4995 ac
2144 4958 2308 5012 regem
2333 4958 2442 4995 esse
2466 4944 2812 4996 ostenderent.

1993 5013 2103 5085 (42)
2145 5014 2492 5085 Posteaquam
2522 5012 2899 5067 Constantinus
2928 5013 3132 5066 civitati
3158 5012 3479 5067 Christiana

1919 5082 2097 5154 pacem
2123 5099 2185 5136 ac
2214 5082 2515 5154 felicitatem
2546 5094 2832 5137 extremam
2873 5093 3286 5154 comparaverat,
3316 5100 3476 5152 genus

1921 5152 2017 5208 hoc
2073 5153 2498 5223 philosophorum
2560 5154 2815 5223 plerisque
2873 5152 3188 5206 Christianis
3249 5154 3476 5207 invisum

1920 5235 2033 5279 erat
2088 5227 2404 5290 admodum,
2457 5239 2617 5293 neque
2656 5224 2807 5275 multi
2845 5223 3110 5293 antistites
3149 5223 3306 5293 facile
3343 5240 3376 5276 a
3422 5239 3478 5276 se

1922 5294 2290 5359 impetrabant,
2324 5304 2381 5346 ut
2426 5309 2620 5360 nomen
2651 5301 2701 5344 et
2750 5292 3090 5360 disciplinam
3144 5292 3478 5345 Platonicam

1920 5380 2067 5433 (equo
2111 5364 2305 5431 ferrent
2345 5365 2541 5433 animo.
2586 5359 2717 5415 Ven.
2752 5364 3079 5420 Moshetuius
3127 5363 3183 5416 in
3224 5363 3368 5417 uotis
3406 5361 3472 5417 ad

1920 5430 2331 5498 CudWOrthum,
2397 5471 2410 5485 .
2439 5430 2560 5484 754.

1990 5501 2103 5554 (45)
2152 5501 2307 5554 Anud
2354 5448 2547 5554 graue.
2582 5496 2869 5553 Combefisi

2152 5496 2325 5581 Apud
2354 5496 2547 5554 Franc.
2582 5496 2968 5585 Combeligium
3000 5510 3147 5557 toruo
3182 5500 3203 5555 1
3232 5501 3474 5559 Auctarii

1991 5588 2033 5625 vt
2109 5570 2396 5625 tbltOl/teCtB
2428 5570 2670 5625 Patrum.
2701 5585 2752 5625 ι).
2792 5568 2881 5625 50.

1922 5568 2035 5626 noni
2059 5568 2396 5625 Bibliotheca
2428 5570 2670 5634 Patrum,
2700 5585 2752 5639 p.
2792 5568 2881 5625 55.
