3966 6206
450 312 475 366 1
487 312 591 369 359

1730 310 2090 370 MACARIUS
2130 311 2430 369 MACNES.

3556 312 3673 367 1560

451 429 718 483 bliorhecw
760 427 1005 493 Patrum,
1042 434 1171 480 tom.
1208 425 1249 491 l,
1282 442 1345 482 ex
1378 428 1579 498 quibus
1609 444 1661 499 p.
1691 428 1797 482 276
1820 443 1903 498 sq.
1933 442 2017 481 se—
2046 432 2090 487 Α
2120 426 2487 491 condecorati,
2530 426 2702 497 posita
2738 423 2952 493 fuisset,
2984 421 3382 496 indignissimis
3411 422 3549 478 adeo
3577 438 3679 478 mo-

451 522 673 593 quentia
701 520 1041 591 potissimum
1066 520 1173 575 huc
1195 527 1475 590 spectant:
1504 520 1612 572 Καὶ
1639 519 1790 573 οὐδὲν
1816 519 2019 573 ἐκώλυε

452 615 612 686 μέχρι
662 614 756 668 νῦν
802 612 1067 677 σώζεσθαι
1111 612 1205 666 τὸν
1260 612 1587 685 ἀνδριάντα,
1630 614 1722 667 καὶ
1760 613 2019 668 δεικνύειν

447 706 749 777 ἀμφότερα,
784 703 878 757 καὶ¹
913 701 1004 755 τοῦ
1049 701 1183 755 Θεοῦ
1236 701 1296 754 τὸ
1346 701 1667 772 θαυμάσιον,
1700 703 1790 755 καὶ
1825 701 1925 772 τῆς
1960 699 2019 756 εὖ

448 796 725 869 παθούσης
751 795 810 849 τὸ
833 795 1180 867 χαριστήριον
1199 813 1211 825 ·
1248 796 1293 848 εἰ
1333 796 1407 866 μὴ
1436 793 1735 866 Μαξιμῖνος
1765 796 1967 859 ἐκεῖνος
1993 797 2021 849 ὀ

451 891 644 963 μικρὸν
692 890 804 961 (44)
832 891 936 963 πρὸ
981 890 1072 943 τοῦ
1120 890 1527 944 Κωνσταντίνου
1574 890 1672 961 τῆς
1738 889 2020 961 Ῥωμαίων

446 985 724 1057 βασιλείας
781 983 1229 1055 προηγησάμενος
1265 982 1397 1055 (45),
1448 982 1587 1056 ἀνὴρ
1634 970 2021 1055 εἰδὼλολὰτρης

446 1079 541 1132 καὶ
579 1075 863 1147 δυσσεϐὴς,
914 1075 1007 1128 καὶ
1054 1074 1367 1146 ζηλοτυπῶν
1412 1075 1469 1128 ὲν
1510 1075 1587 1147 τῷ
1629 1075 1903 1147 ἀγάλματι
1932 1075 2021 1128 τὸν

446 1169 698 1241 Χριστὸν,
734 1168 975 1222 ἀνείλετο
1013 1168 1109 1239 τῆς
1140 1167 1396 1239 πολίχνης
1466 1168 1557 1221 τὸν
1594 1167 1790 1238 χαλκὸν
1836 1168 2017 1239 μόνον,

446 1261 507 1313 οὐ
538 1259 636 1331 τὴν
671 1260 889 1332 μνήμην
915 1257 1020 1311 τῶν
1052 1258 1378 1329 γενομένων.
1417 1256 1527 1312 Nec
1552 1259 1839 1329 quidquam
1874 1267 2020 1312 veta-

447 1353 559 1415 bat,
610 1363 667 1407 ut
713 1368 775 1405 ne
826 1352 1079 1404 hactenus
1117 1361 1299 1405 statua
1340 1366 1514 1420 sospes
1569 1361 1723 1418 esset,
1769 1349 2021 1420 amboque

444 1445 544 1499 illa
590 1445 919 1508 ostenderet,
972 1456 1084 1499 tum
1123 1442 1217 1497 Dei
1246 1443 1582 1506 miraculum,
1625 1452 1735 1497 tum
1787 1443 2020 1496 mulieris

446 1538 692 1607 beneﬁcio
736 1537 940 1606 affectae
986 1545 1194 1607 gratam
1249 1546 1507 1600 mentem;
1541 1536 1642 1589 nisi
1691 1534 2019 1589 Maximinus

445 1628 560 1693 ille,
596 1630 685 1698 qui
741 1627 900 1697 paulo
945 1636 1065 1680 ante
1097 1625 1505 1682 Constantinum
1548 1626 1770 1681 Romani
1817 1626 2020 1695 imperii

444 1729 650 1788 sceptra
682 1718 981 1772 moderatus
1020 1727 1117 1782 est,
1145 1720 1225 1771 vir
1264 1718 1552 1773 idololatra
1597 1728 1754 1788 atque
1784 1719 1976 1788 impius
1999 1759 2013 1785 ,

446 1829 508 1866 ac
535 1812 745 1866 Christo
769 1813 820 1864 in
844 1811 1072 1880 imagine
1094 1812 1349 1877 invidens,
1375 1820 1605 1865 statuam
1622 1827 1821 1865 teneam
1844 1812 2013 1880 ipsam

441 1902 614 1956 solum
668 1903 732 1956 ab
776 1902 966 1971 oppido
1008 1901 1328 1969 sustulisset,
1375 1919 1478 1957 non
1530 1919 1705 1957 rerum
1750 1913 2016 1973 gestarum

444 1993 774 2046 memoriam.
810 1991 933 2045 Alio
966 1992 1085 2046 loco
1117 1992 1258 2047 idem
1296 1995 1492 2049 asserit
1522 1994 1804 2057 Asterius,
1839 1993 2016 2049 Maxi-

442 2083 576 2138 mini
608 2084 963 2152 impietatem,
986 2083 1078 2153 qui
1109 2083 1161 2137 in
1197 2084 1340 2139 istud
1369 2095 1781 2141 monumentum
1802 2084 2014 2142 Panea-

438 2177 610 2231 dense
636 2176 750 2246 jam
787 2184 901 2231 tum
932 2175 1186 2232 bacchari
1221 2185 1479 2247 eruperat,
1504 2193 1601 2233 sua
1630 2187 1786 2233 aetate
1813 2180 2016 2248 pariter

438 2267 718 2322 imitatum
768 2283 890 2325 esse
943 2268 1216 2324 Iulianum
1272 2288 1285 2323 :
1348 2272 1441 2325 Ὃν
1492 2269 1738 2343 ζηλώσας
1778 2272 1872 2325 καὶ
1918 2270 2015 2343 τὴν

436 2358 697 2413 ἀσέϐειαν
747 2361 1124 2433 μιμησάμενος
1171 2364 1200 2415 ὁ
1250 2362 1335 2432 ἐφ’
1382 2362 1539 2434 ἡμῶν
1596 2361 1900 2427 Ἰουλιανὸς,
1949 2362 2016 2415 τὰ

432 2451 800 2523 ’παραπλήσια
847 2452 939 2506 ἐπὶ
978 2455 1089 2518 τοῖς
1132 2452 1364 2525 Χριστοῦ
1412 2453 1749 2526 ὁμοιώμασιν
1800 2454 2011 2525 ἔδρασε.

443 2541 599 2600 {inde
627 2553 684 2600 et.
730 2545 926 2600 merito
953 2544 1251 2618 Gregorius
1283 2545 1659 2602 Nazianzenus
1704 2547 1757 2601 in
1806 2555 1944 2603 orat.
1982 2546 2008 2601 1

444 2636 706 2692 adversus
747 2635 1023 2693 lulianum
1067 2640 1473 2710 imperatorem,
1510 2638 1688 2709 quoad
1720 2648 1931 2694 Statuas
1961 2648 2016 2694 et

444 2728 713 2800 imagines
766 2730 1005 2799 ipsorum
1039 2739 1365 2801 prostratas,
1393 2729 1666 2785 Iulianum
1691 2746 1816 2787 cum
1844 2729 2016 2786 Maxi-

445 2821 593 2876 mino
619 2822 915 2891 componit.
942 2820 1202 2888 Quamvis
1232 2822 1414 2893 itaque
1434 2821 1835 2892 Philostorgius
1866 2821 2004 2894 (46),

442 2911 787 2968 Sozomenus
814 2912 926 2985 (47)
952 2913 1151 2984 aliique
1179 2914 1472 2984 scriptores
1496 2913 1656 2969 istius
1688 2922 1883 2969 statua:
1914 2913 2012 2969 de-

442 3007 803 3062 structionem
828 3003 1045 3060 Juliano
1072 3006 1252 3075 p0tius
1278 3006 1576 3075 Apostataa,
1611 3004 1698 3059 vel
1731 3005 1896 3060 etiam
1928 3006 2012 3075 ip-

2120 518 2205 574 dis
2238 518 2499 585 subverti,
2529 534 2623 588 per
2646 517 2836 573 urbem
2860 516 3001 573 trahi
3031 516 3430 588 confringique,
3454 527 3509 572 et
3529 534 3672 573 suam

2119 614 2241 685 ejus
2272 616 2390 670 loco
2420 614 2608 684 reponi
2637 612 2871 683 iussisse
2920 613 3245 684 imaginem;
3295 625 3456 681 quam
3504 618 3672 665 tamen

2121 705 2243 775 igne
2264 705 2477 760 coalitus
2507 704 2729 775 delapso
2766 704 2950 760 statim
2990 704 3248 767 dirutam,
3279 699 3535 771 reliquias
3556 714 3677 757 vero

2121 804 2312 851 statuae
2342 795 2566 851 Christo
2600 795 2789 865 positae
2830 810 2863 849 a
2890 794 3222 850 Christianis
3253 794 3375 865 ejus
3414 794 3583 851 aetatis
3622 794 3674 849 in

2120 888 2346 943 ecclesia
2394 902 2493 943 sua
2546 887 2800 942 collectas
2860 893 2913 940 et
2960 884 3275 954 aliquandiu
3338 893 3675 939 conservatas

2121 978 2292 1035 fuisse
2326 978 2548 1033 tradunt
2586 976 3017 1048 Philostorgius,
3057 975 3419 1038 Sozomenus,
3468 974 3674 1047 Glycas,

2122 1069 2501 1141 Theophanes,
2536 1067 2900 1139 Nicephorus,
2929 1067 3130 1138 aliique
3162 1068 3363 1137 plures.

2124 1183 2153 1257 ᾗ
2184 1183 2277 1240 XI.
2314 1183 2606 1257 Diluuntur
2647 1182 3327 1257 objectiortes_Tillemontii
3360 1184 3411 1237 1ο
3451 1183 3497 1238 A
3544 1200 3684 1238 mett-

2439 1256 2576 1309 tione
2597 1257 2907 1324 templorum
2925 1252 3371 1311 Christianorum.

2191 1349 2590 1404 Dissimulanda
2638 1357 2819 1403 tamen
2865 1364 2972 1403 non
3019 1358 3165 1414 sunt,
3218 1364 3340 1418 quae
3390 1348 3589 1418 pariter
3626 1348 3679 1404 in

2120 1443 2336 1512 scriptis
2375 1440 2638 1513 Magnetis
2683 1442 2855 1495 nostri
2905 1450 3200 1495 occurrunt
3233 1441 3419 1505 dubia,
3456 1454 3681 1510 qumque

2121 1534 2395 1589 nonnullis
2461 1532 2843 1603 antiquitatem
2905 1532 3074 1603 ipsius
3131 1533 3395 1588 hactenus
3453 1532 3675 1588 evictam

2120 1627 2264 1682 haud
2289 1642 2481 1697 parum
2508 1626 2802 1697 infringere
2837 1626 3201 1693 videbuntur;
3233 1626 3414 1696 qualia
3451 1625 3539 1680 vel
3573 1626 3680 1694 ipse

2121 1719 2527 1775 laudatissimus
2575 1717 2957 1774 Tillemontius
3008 1719 3326 1774 observasse
3380 1718 3485 1773 sibi
3534 1719 3681 1773 visus

2115 1823 2218 1880 est,
2241 1829 2367 1869 cum
2410 1828 2478 1866 ex
2507 1809 2647 1866 facta
2680 1809 3004 1879 templorum
3046 1808 3495 1864 Christianorum
3535 1824 3683 1863 men-

2116 1906 2260 1960 tione
2287 1903 2361 1959 ita
2394 1900 2669 1959 concludit
2710 1918 2724 1955 :
2783 1898 3134 1968 Néanmoins,
3171 1898 3424 1970 puisqu’il
3470 1915 3681 1969 morque

2116 2013 2212 2068 que
2243 1996 2314 2050 les
2343 1995 2602 2050 chrétiens
2631 1991 2941 2047 bdtissaient
2968 1992 3111 2045 alors
3133 1992 3198 2047 de
3225 1991 3451 2063 grandes
3476 1993 3684 2063 églises,

2115 2088 2155 2142 il
2176 2105 2237 2143 ne
2265 2096 2385 2159 peut
2408 2087 2555 2141 avoir
2575 2087 2707 2141 derit
2738 2102 2808 2140 au
2832 2085 2948 2156 plus
2975 2087 3048 2140 tot
3073 2102 3171 2157 que
3200 2101 3309 2140 vers
3331 2085 3379 2139 le
3398 2086 3581 2141 milies
3614 2088 3682 2142 dt:

2118 2181 2378 2235 troisiéme
2418 2179 2590 2234 siécle.
2632 2177 2835 2233 Nititur
2867 2178 2984 2233 haec
3036 2179 3269 2248 objectio
3317 2179 3438 2236 istis
3482 2181 3685 2246 verbis,

2116 2289 2239 2344 quae
2268 2273 2324 2327 in
2357 2271 2665 2343 philosophi
2695 2268 2868 2325 Grazei
2892 2270 3362 2341 argumentatione
3388 2286 3492 2341 pro
3519 2272 3689 2327 idolo-

2113 2365 2275 2420 latria
2306 2365 2575 2419 habentur
2609 2383 2621 2417 :
2660 2362 2818 2415 Ἀλλὰ
2852 2363 2947 2415 καὶ
2990 2364 3038 2416 οἱ
3071 2364 3387 2434 Χριστιανοὶ
3417 2364 3689 2436 μιμούμε-

2114 2473 2193 2510 νοι
2221 2455 2318 2520 τὰς
2345 2454 2683 2518 κατασκευὰς
2708 2454 2816 2507 τῶν
2836 2455 3001 2520 ναῶν,
3027 2455 3310 2526 μεγίστους
3330 2455 3515 2520 οἴκους
3542 2458 3688 2509 οἰκο-

2112 2548 2386 2621 δομοῦσιν,
2428 2551 2508 2614 είς
2529 2548 2621 2613 οὒς
2641 2548 2912 2613 συνιόντες
2942 2546 3208 2619 εὔχονται,
3232 2548 3326 2601 καί
3354 2566 3434 2601 τοι
3463 2548 3688 2621 μηδενὸς

2114 2641 2409 2706 κωλύοντος
2429 2643 2486 2698 ὲν
2508 2644 2627 2705 ταῖς
2649 2640 2846 2704 οἰκίαις
2872 2640 3029 2694 τοῦτο
3054 2640 3331 2712 πράττειν,
3358 2640 3453 2694 τοῦ
3481 2640 3687 2713 Κυρίου

2112 2734 2350 2807 δηλονότι
2379 2733 2716 2805 πανταχόθεν
2745 2714 3051 2797 ἀκούοντος.
3078 2734 3120 2788 Ι.
3161 2748 3209 2787 e.
3248 2754 3261 2787 :
3293 2733 3397 2788 Sed
3437 2743 3487 2786 et
3528 2733 3685 2789 Chri-

2113 2828 2275 2882 stiani
2309 2827 2617 2895 templorum
2646 2826 3085 2881 exstruendorum
3116 2842 3311 2880 morem
3336 2826 3558 2893 imitati,
3593 2827 3687 2881 do-

2116 2939 2225 2976 mos
2258 2922 2519 2976 maximas
2549 2930 2884 2985 construunt,
2929 2921 2983 2974 in
3013 2937 3143 2991 qttas
3180 2920 3541 2975 convenientes
3574 2936 3688 2990 pre-

2114 3023 2325 3080 cantur,
2377 3015 2586 3068 tametsi
2637 3013 2757 3067 illos
2806 3028 2954 3065 nemo
3004 3011 3258 3081 impedit,
3299 3011 3587 3081 quominus
3634 3011 3688 3063 id

443 3097 522 3152 sis
547 3095 990 3151 Paneadensibus
1019 3096 1254 3152 tribuere
1287 3096 1494 3152 velint:
1521 3096 1575 3150 id
1608 3105 1787 3152 tamen
1820 3105 2014 3167 sponte
2039 3119 2082 3176 ο
2115 3108 2259 3160 domi
2312 3107 2538 3177 faciam,
2573 3104 2681 3158 ῃεο
2729 3105 2926 3159 scilicet
2968 3105 3154 3175 ubique
3200 3103 3468 3157 αηάξεηιε,
3501 3102 3683 3157 Enim-

436 3204 510 3242 ex
552 3187 716 3241 allato
738 3187 937 3242 Asterii
969 3186 1280 3241 testimonio
1305 3188 1681 3257 consequitur,
1715 3187 2013 3244 Maearium

442 3286 688 3333 nostrum
737 3286 865 3332 ante
908 3271 1251 3332 ConStantini
1295 3276 1367 3331 Μ.
1413 3286 1650 3343 aetatem,
1693 3287 1748 3332 et
1798 3293 1862 3333 ex
1910 3278 2014 3333 [ide

442 3368 777 3437 reliquorum
826 3367 1154 3437 scriptorum
1208 3376 1332 3422 ante
1382 3366 1586 3423 Juliani
1636 3376 1880 3439 tempora
1929 3370 2009 3424 vi-

444 3460 610 3524 xisse,
645 3474 884 3529 suosque
931 3458 1098 3513 libros
1144 3457 1559 3528 Ἀποκριτικῶν
1596 3460 2009 3530 conscripsisse.

442 3552 681 3608 instituti
725 3551 899 3606 nostri
928 3551 1067 3606 ratio
1098 3551 1242 3606 haud
1274 3552 1537 3621 permittit
1586 3553 1711 3608 huic
1754 3552 2016 3623 disquisi-

438 3644 579 3700 tioni
625 3644 692 3703 de
721 3659 846 3699 vera
876 3643 1085 3714 origine
1118 3644 1456 3700 monumenti
1492 3643 1857 3701 Paneadensis
1891 3646 2012 3700 lon-

440 3740 567 3809 gius
622 3737 926 3802 immorari,
986 3736 1307 3808 singulaque
1361 3746 1615 3816 excutere
1674 3720 2010 3808 arguménta,

438 3831 644 3901 quibus
667 3830 985 3885 Theodorus
1011 3826 1258 3894 Hasaans,
1301 3829 1403 3897 vir,
1434 3829 1561 3885 dum
1595 3829 1817 3897 viveret,
1846 3831 2012 3885 πολυ-

442 3923 781 3990 μαοέστατος
809 3922 941 3994 (48),
975 3922 1120 3978 istud
1164 3937 1273 3977 non
1308 3922 1363 3976 in
1406 3922 1725 3978 memoriam
1760 3924 2011 3979 miraculi

441 4032 475 4069 a
506 4015 722 4070 Christo
755 4014 949 4085 patrati
990 4030 1020 4069 a
1054 4015 1280 4088 muliere
1312 4015 1720 4072 hazmorrhousa
1746 4027 2009 4082 erectum,

413 4111 540 4165 ‘sed
594 4108 662 4163 ab
713 4108 826 4178 ipsa
878 4107 1012 4161 urbe
1044 4104 1380 4180 Paneadensi
1405 4106 1646 4162 Adriano
1696 4108 2012 4179 imperatori

441 4210 826 4258 consecratum
863 4200 1051 4267 fuisse,
1084 4215 1300 4256 summo
1325 4200 1503 4256 studio
1529 4201 2011 4259 demonstrandum

444 4292 701 4361 sumpsit.
729 4292 865 4346 Illud
894 4306 1020 4346 vero
1042 4300 1257 4347 constat
1284 4301 1397 4345 tum
1420 4306 1485 4346 ex
1514 4291 1746 4347 laudatis
1769 4292 2011 4363 Macarii,

444 4383 684 4449 Eusebii,
744 4384 960 4447 Asterii,
1021 4382 1197 4437 Photii
1261 4384 1603 4454 aliorumque
1659 4385 2009 4453 testimoniis,

2117 3217 2245 3258 vero
2260 3218 2326 3257 ex
2345 3202 2527 3257 citatis
2545 3200 2830 3271 fragmenti
2857 3200 3034 3255 verbis
3053 3200 3260 3269 liquido
3278 3200 3411 3255 satis
3443 3210 3684 3270 apparet,

2116 3294 2261 3349 hunc
2296 3292 2499 3348 ethnici
2539 3290 2848 3363 philosophi
2878 3306 3180 3348 sermonem
3212 3305 3356 3357 esse,
3383 3291 3479 3360 qui
3512 3295 3687 3361 genti-

2113 3387 2247 3441 lium
2278 3400 2501 3442 suorum
2527 3385 2724 3455 templa
2751 3383 2880 3448 τοὺς
2900 3383 3535 3450 vaob;,Christianorum
3560 3400 3687 3437 vero

2113 3480 2256 3537 aedes
2286 3494 2473 3536 sacras
2511 3490 2721 3535 tantum
2762 3480 2889 3543 τοὺς
2926 3478 3105 3541 οἴκους
3138 3476 3393 3546 appellat,
3425 3486 3594 3544 atque
3633 3477 3687 3530 in

2115 3573 2219 3629 ista
2262 3574 2670 3644 comparatione
2709 3586 2965 3645 magnum
3019 3570 3198 3628 adhuc
3248 3569 3545 3625 discrimen
3596 3585 3691 3640 per

2114 3666 2476 3721 imitationem
2536 3666 2775 3736 aliquam
2845 3664 3048 3719 sensim
3115 3661 3412 3716 tollendum
3484 3662 3689 3717 consti-

2114 3757 2236 3812 tuit.
2314 3754 2631 3811 Habuerunt
2719 3753 2866 3809 enim
2945 3750 3243 3806 Christiani
3296 3751 3459 3805 istius
3509 3752 3687 3805 atatis

2114 3851 2342 3906 omnino
2367 3863 2554 3906 sacras
2581 3862 2710 3904 suas
2740 3847 2903 3913 aedes,
2933 3844 3190 3901 basilicas
3227 3854 3280 3900 et
3319 3844 3520 3913 templa
3566 3860 3687 3911 sua,

2115 3942 2209 3998 sed
2243 3958 2351 3997 non
2381 3956 2532 3997 more
2562 3940 2780 3996 ethnico
2828 3948 3175 4005 consecrata,
3210 3953 3310 3993 nec
3355 3937 3689 3994 sublimibus

2114 4036 2255 4091 elata
2316 4032 2594 4104 fastigiis:
2641 4030 3098 4102 quemadmodum
3148 4031 3328 4087 locum
3374 4029 3685 4086 istiusmodi

2112 4127 2412 4198 publicum,
2467 4124 2778 4180 Alexandro
2815 4122 3017 4178 Severo
3051 4123 3411 4188 concedente,
3459 4137 3492 4176 a
3528 4123 3687 4177 Chri-

2114 4217 2307 4274 stianis
2341 4225 2690 4287 occupatum,
2715 4224 2767 4270 et
2787 4213 2854 4269 ad
2878 4228 3035 4269 sacra
3061 4211 3413 4277 destinatum,
3451 4219 3689 4266 testatur

2113 4307 2459 4377 Lampridius
2493 4307 2549 4361 in
2574 4307 2694 4376 ejus
2720 4304 2877 4370 Vita;
2906 4313 2959 4359 et
2986 4303 3245 4373 templum
3269 4299 3687 4357 Nicomediense

2114 4400 2169 4455 in
2203 4399 2477 4471 Bithynia,
2509 4398 2656 4469 quod
2684 4397 2840 4452 initio
2861 4396 3256 4467 persecutionis
3279 4410 3308 4449 a
3343 4393 3687 4450 Diocletiano

446 4484 560 4528 tum
589 4489 658 4529 ex
707 4474 824 4542 ipso
862 4471 1065 4526 Juliani
1104 4474 1183 4527 vel
1231 4473 1666 4530 Paneadensium
1710 4473 1876 4544 facto,
1907 4477 2012 4531 illis

2117 4493 2361 4549 excitatae
2392 4491 2511 4547 solo
2544 4492 2887 4561 adaequatum
2918 4498 3021 4554 est,
3056 4499 3414 4544 memoratum
3447 4488 3686 4560 legimus

440 4564 780 4635 temporibus
822 4564 955 4618 satis
984 4565 1221 4635 antiquis
1258 4566 1451 4621 saltem
1484 4581 1548 4620 ex
1600 4567 1879 4623 communi
1909 4568 2010 4622 hoc

444 4659 655 4713 mitium
685 4657 942 4727 opinione
970 4666 1204 4712 statuam
1236 4657 1645 4716 Paueadensem
1675 4675 1775 4731 pro
1801 4659 2008 4715 Christi

442 4752 681 4822 imagine
725 4751 964 4806 habitam
991 4751 1160 4807 fuisse
1186 4751 1319 4823 (49).
1355 4749 1424 4806 Ut
1448 4760 1678 4819 taceam,
1713 4753 1804 4807 vix
1837 4754 2013 4807 credi-

370 4863 375 4869 ·
444 4843 552 4899 bile
597 4842 787 4908 videri,
819 4842 1098 4897 lulianum
1147 4844 1530 4914 imperatorem
1582 4845 1850 4915 ejusmodi
1903 4856 1985 4901 sta

445 4944 615 5000 tuam,
653 4950 776 5006 quas
808 4936 1002 4990 honori
1038 4935 1297 5006 principis
1346 4948 1456 4992 tam
1504 4937 1601 5008 pii,
1645 4937 1800 5009 justi,
1844 4938 2011 4992 bene.

442 5026 551 5095 tici,
574 5025 707 5083 Elii
731 5027 973 5094 Adriani,
997 5028 1625 5098 splendidoRestitutoris
1649 5030 1825 5099 elogio
1847 5028 2008 5083 toties

515 5188 628 5261 (44)
658 5187 867 5261 Μικρὸν
898 5190 1046 5261 deest
1073 5190 1212 5260 apud
1244 5190 1517 5247 Photium.

667 5259 893 5333 Rhotius
925 5259 1418 5333 dpEa§ﬁaotlsla¢

539 5330 628 5401 ιβ)
658 5330 802 5401 Hist.
830 5330 1076 5387 eccl.'lib.
1115 5330 1208 5397 vn,
1239 5349 1358 5401 cap.
1391 5333 1443 5387 5.

539 5400 628 5469 47)
667 5400 807 5455 Hist.
835 5402 959 5454 θεοί.
998 5403 1090 5454 lib.
1120 5418 1172 5469 v,
1203 5420 1253 5457 c.
1290 5400 1380 5458 21.

475 5468 631 5550 [(48).
655 5470 882 5550 lnhtliss.
915 5468 1182 5550 destatua
1206 5473 1657 5550 Aliaemorrhousaz‘,
1692 5490 1813 5544 qua:
1843 5492 2001 5550 repe-

442 5539 674 5662 ἓὶιιὲιίὶη
719 5539 928 5612 Sylloge
946 5543 1377 5598 dissertationum
1420 5545 1589 5615 ipsius
1611 5539 1816 5602 Breina:
1859 5539 2001 5603 edita

486 5649 498 5660 .
660 5626 811 5662 seua.

444 5623 498 5679 ρ·
528 5623 630 5680 ω
660 5626 811 5680 seqq-

514 5678 630 5759 μῼ)
662 5678 953 5759 Veritatem
988 5685 1155 5759 totius
1184 5684 1425 5759 historia:
1453 5688 1879 5759 eit‘nostratibus
1905 5688 2001 5742 im-

444 5752 632 5822 primis
672 5752 1014 5806 vindicarunt
1036 5753 1374 5810 Chetnnitius
1404 5756 1458 5810 in
1494 5756 1751 5812 Examine
1786 5760 2000 5813 concilii

514 5262 535 5537 ἔ

2115 4602 2145 4641 a
2180 4585 2460 4642 Lactantio
2486 4585 2561 4639 De
2587 4584 2843 4638 mortibus
2869 4593 3276 4652 persecuturum,
3299 4596 3420 4651 cap.
3446 4581 3516 4634 12
3547 4580 3681 4650 (50).

2115 4676 2289 4732 Nimis
2331 4691 2460 4747 ergo
2490 4676 2608 4730 leve
2663 4685 2746 4729 est
2794 4673 2939 4728 istud
2973 4682 3384 4745 argumentum,
3412 4672 3569 4743 quod
3618 4687 3682 4727 ex

2113 4769 2555 4826 denominatione
2594 4768 2791 4823 aedium
2832 4782 3113 4822 sacrarum
3160 4781 3190 4819 a
3223 4763 3559 4821 Christianis
3592 4780 3686 4820 ex-

2112 4868 2443 4916 structarum
2476 4857 2543 4913 ad
2577 4856 3002 4912 imminuendam
3029 4854 3312 4925 scriptoris
3336 4855 3513 4911 nostri
3540 4855 3685 4909 antio

2110 4953 2374 5023 quitatem
2396 4951 2705 5006 desumitur
2729 4974 2745 5004 .-
2775 4950 2975 5020 quippe
3006 4963 3104 5018 per
3133 4946 3314 5010 οἴκους
3341 4960 3454 5001 non
3478 4946 3683 5016 templa

2110 5043 2180 5098 ad
2239 5058 2448 5099 morem
2495 5042 2774 5115 gentilium
2828 5039 3109 5112 splendide
3158 5047 3517 5107 constructa,
3588 5035 3684 5094 sed

2114 5198 2378 5267 Trident.,
2412 5210 2552 5271 part.
2588 5217 2661 5263 tv,
2694 5216 2751 5271 p.
2782 5199 2887 5263 45;
2918 5197 3225 5271 Dorscheus
3255 5197 3308 5252 in
3332 5194 3678 5271 Commenta-

2109 5272 2187 5343 rio
2211 5272 2264 5343 in
2290 5265 2519 5343 quatuor
2546 5265 2906 5343 euangelistam
2931 5284 2985 5343 p.
3015 5285 3089 5323 nt.
3112 5267 3211 5343 167
3233 5283 3412 5343 δοίην
3436 5277 3495 5343 et
3517 5265 3677 5321 Gott-

2109 5340 2176 5395 fr.
2202 5340 2449 5397 Olearius
2479 5343 2535 5397 in
2560 5340 3017 5397 Observationibus
3040 5340 3206 5393 sacris
3249 5340 3307 5394 in

2106 5428 2161 5482 μ
2195 5411 2300 5483 276
2323 5427 2480 5483 seqq-

3395 5337 3671 5395 ultumum,

2178 5482 2288 5553 (50)
2323 5476 2726 5553 Περὶεειθιοοεηι
2751 5482 2854 5536 alia
2884 5496 3163 5553 sacrarum
3189 5478 3389 5553 mdium
3404 5492 3503 5549 per
3520 5476 3675 5553 illam

2104 5545 2314 5607 aetatem
2346 5545 2611 5621 vestigia,
2665 5553 2886 5609 collecta
2945 5570 2973 5606 a
3025 5545 3678 5621 'l‘illemontiou’tomalll

2109 5622 2365 5677 Historite
2405 5617 2782 5689 imperatorum
2803 5663 2816 5685 ,
2848 5624 2914 5677 de
2939 5623 3319 5693 persecutione
3361 5617 3677 5693 Maximini,

2108 5695 2261 5764 artic.
2287 5693 2340 5753 6,
2369 5702 2422 5748 et
2444 5687 2587 5748 Guil.
2616 5687 3008 5764 Beveregio,'in
3034 5693 3222 5747 Codice
3253 5704 3516 5744 canonum
3555 5687 3678 5743 uiss—

2106 5762 2303 5830 dicato,
2333 5780 2456 5834 pag.
2488 5764 2593 5820 9.96
2620 5780 2771 5835 seqq.
