3966 6206
333 240 474 309 1661

1498 242 1777 300 NOTITIA
1814 241 1901 296 ET
1944 237 2390 296 FRAGMENTA.

3439 230 3461 283 l
3470 229 3583 285 362

334 366 632 439 ampliores
679 368 900 432 'domus,
942 366 997 421 in
1045 367 1248 438 quibus
1284 366 1717 424 Christianorum
1764 367 1975 424 con—AA
2006 361 2079 416 De
2126 360 2325 431 pallio,
2363 372 2484 427 cap.
2532 355 2604 409 5:
2652 351 2847 406 Tamen
2901 350 3095 421 inquis,
3142 348 3220 401 ita
3266 364 3295 400 a
3344 356 3465 417 toga
3505 350 3573 400 ad

333 467 533 516 ventus
572 457 828 530 precandi
873 472 1041 513 causa
1086 457 1541 520 instituebantur,
1575 447 1798 524 intelligi
1846 455 1899 508 in

336 549 625 623 propatulo
664 558 768 605 est.
804 547 1006 616 Quales
1031 550 1145 620 jam
1182 550 1380 606 saeculo
1407 564 1468 602 ιιι
1500 563 1531 601 a
1572 546 1901 602 Christianis

331 657 544 700 erectas
585 641 776 708 fuisse,
820 643 1025 713 passim
1065 651 1333 699 memorat
1376 634 1667 706 Eusebius,
1699 654 1901 709 easque

333 745 491 791 vocat
522 734 967 809 προσευκτηρίων
1002 736 1128 799 τοὺς
1172 734 1388 800 οῐκους,
1437 749 1618 787 sacras
1651 731 1819 800 (edes,
1846 741 1902 787 et

328 825 653 898 ἐκκλησίας,
700 825 971 890 ecclesias,
1016 825 1141 881 alibi
1171 841 1299 881 vero
1339 827 1466 889 τοὺς
1506 824 1686 889 οῐκους
1726 825 1784 878 ὲν
1819 819 1900 888 οἷς

329 918 647 989 συνήγοντο,
680 917 816 972 aedes
860 932 1007 982 suas,
1046 917 1100 969 in
1139 916 1326 986 quibus
1366 925 1644 970 conventus
1684 931 1900 987 perage-

331 1008 481 1076 bant,
511 1022 576 1063 ac
614 1008 832 1063 tandem
865 1008 1048 1073 οῐκους
1089 1008 1425 1079 ὲκκλησίων,
1468 1007 1605 1062 aedes
1650 1007 1897 1063 ecclesia-

284 1129 288 1133 -
330 1116 453 1154 rum
488 1100 622 1171 (51).
647 1099 789 1167 Quid
821 1101 965 1171 quod
1011 1100 1153 1156 idem
1182 1100 1449 1157 Eusebius
1484 1099 1689 1156 Hister.
1714 1100 1895 1156 eccles.

330 1192 429 1247 lib.
461 1207 559 1260 vn,
609 1207 728 1262 cap.
762 1192 832 1247 50
869 1190 981 1263 (52)
1036 1191 1237 1247 diserte
1276 1200 1495 1258 narrat,
1545 1191 1896 1247 Aurelianum

332 1283 716 1352 imperatorem
759 1298 791 1337 a
824 1283 1153 1339 Christianis
1196 1282 1597 1353 interpellatum
1640 1282 1895 1353 jussisse,

333 1383 395 1429 ut
419 1373 621 1430 Paulus
657 1373 1049 1430 Samosatenus
1078 1374 1369 1429 haereticus
1410 1374 1697 1444 pelleretur
1735 1375 1898 1431 domo

329 1465 574 1522 ecclesia:
597 1507 613 1531 ,
653 1466 756 1538 τῆς
778 1466 1077 1539 ἐκκλησίας
1125 1466 1273 1520 οἴκου
1298 1505 1314 1533 ,
1354 1474 1409 1522 et
1447 1467 1563 1523 haec
1601 1466 1797 1523 domus
1831 1468 1899 1524 iis

332 1558 659 1623 traderetur,
693 1558 894 1629 quibus
934 1558 1101 1617 Italici
1131 1558 1457 1616 Christianae
1492 1560 1770 1631 religionis
1798 1541 1900 1616 τιή-

331 1649 530 1704 tistites
562 1657 616 1705 et
640 1647 919 1705 Romanus
947 1651 1235 1720 episcopus
1264 1649 1585 1707 scriberent.
1625 1648 1681 1705 Id
1714 1661 1895 1707 autem

2005 451 2225 521 pallium
2250 451 2275 503 ?
2310 447 2452 515 Quid
2485 445 2622 501 enim
2653 443 2701 497 si
2726 451 2775 497 et
2802 457 2835 495 a
2860 440 3162 517 diademate
3188 447 3235 492 et
3271 454 3303 490 a
3332 448 3531 506 sceptro
3549 440 3574 490 Ρ

2006 544 2089 599 An
2132 544 2289 598 aliter
2326 539 2548 595 mutavit
2589 534 2942 599 Anacharsis,
2981 549 3098 587 cum
3144 547 3303 602 regno
3346 528 3575 599 Scythiae

2005 636 2388 710 philosophiam
2417 628 2679 703 praeuertit
2707 628 2732 682 ?
2757 624 2897 693 Quid
2936 624 3084 695 quod
3114 634 3169 680 et
3202 623 3429 695 imperio
3466 620 3579 676 Ro-

2005 744 2171 786 mano
2204 728 2270 783 ad
2298 721 2677 782 monarchiam
2726 717 2981 783 deducto,
3010 716 3285 786 principes
3317 714 3443 785 ipsi,
3477 712 3573 784 qui

2006 822 2171 880 etiam
2226 820 2584 890 imperatores
2639 809 3001 871 dicebantur,
3050 807 3307 878 quoniam
3362 807 3573 878 regium

2005 928 2201 970 nomen
2223 910 2412 965 Romze
2434 905 2732 961 infaustum
2754 900 3098 971 invisumque
3118 908 3254 963 erat,
3277 913 3577 968 purpuram

2004 1017 2185 1064 tamen
2214 1020 2315 1077 pro
2344 1000 2542 1071 insigni
2581 996 2931 1068 imperatorio
2962 993 3360 1051 servaverunt?
3387 1003 3444 1048 ut
3476 1008 3577 1047 au-

2003 1107 2125 1153 ctor
2175 1103 2258 1152 est
2302 1091 2639 1163 Capitolinus
2683 1087 2740 1141 in
2786 1084 3039 1140 Maximis
3072 1096 3123 1140 et
3174 1086 3226 1139 in
3271 1083 3581 1150 Gordiano,

2004 1204 2213 1245 necnon
2240 1184 2585 1256 Lampridius
2630 1180 2687 1235 in
2733 1177 2975 1233 Historia
3024 1177 3316 1232 Alexandri
3358 1176 3573 1242 Severi,

2004 1296 2126 1351 cap.
2147 1281 2236 1335 5l.
2271 1277 2363 1333 Sic
2396 1274 2599 1347 pariter
2631 1269 2970 1327 Ilerodianus
3005 1270 3072 1325 de
3114 1269 3374 1335 Gordiani
3412 1269 3571 1323 inau-

2004 1370 2289 1443 guratione
2312 1368 2377 1423 ad
2400 1365 2688 1437 imperium
2714 1360 2929 1418 locutus
2961 1362 3058 1417 lib.
3086 1376 3184 1427 vn,
3218 1376 3338 1431 cap.
3361 1360 3394 1417 5
3433 1360 3573 1433 (53),

2004 1460 2217 1523 scribit,
2268 1456 2640 1512 adolescentes
2666 1496 2680 1521 ,
2712 1453 2913 1522 impetu
2952 1450 3005 1505 in
3051 1450 3195 1505 aedes
3229 1448 3392 1515 facto,
3433 1448 3573 1504 Gor-

2003 1551 2225 1606 dianum
2253 1564 2415 1619 supra
2452 1545 2771 1618 grabbatum
2801 1542 3228 1613 requiescentem
3257 1539 3573 1604 offendisse,

2005 1640 2476 1710 circumfusosque
2510 1653 2691 1695 senem
2716 1651 2956 1707 purpura
3000 1634 3241 1690 induisse
3271 1641 3433 1703 atque
3460 1632 3570 1686 Au-

330 1743 515 1811 negari
557 1743 760 1812 nequit,
800 1743 898 1813 τῆς
935 1742 1224 1814 ἐκκλησίας
1277 1739 1452 1807 οἶκον,
1510 1749 1565 1797 et
1598 1742 1806 1809 locum,
1843 1743 1891 1798 in

2005 1735 2305 1808 gustalibus
2330 1731 2629 1787 honoribus
2669 1728 3043 1785 consalutasse
3088 1725 3222 1797 (54).
3268 1723 3470 1779 Verum
3515 1732 3572 1778 et

331 1849 444 1907 quo
478 1834 776 1892 Christiani
823 1846 1030 1893 veteres
1070 1839 1249 1895 cultus
1285 1838 1457 1894 divini
1496 1838 1669 1910 gratia
1695 1854 1896 1896 convc-

331 1926 589 1992 niebant,
632 1936 757 1983 ante
799 1928 1142 1985 Constantini
1169 1928 1347 1999 Magni
1393 1941 1638 1999 tempora
1669 1930 1758 1985 vix
1792 1947 1895 1986 un-

328 2033 496 2088 quam
550 2021 730 2088 templi
778 2021 999 2076 nomine
1040 2021 1360 2093 insignitum
1396 2019 1595 2089 fuisse;
1628 2022 1707 2077 uti
1753 2031 1897 2078 recte

328 2111 584 2167 observat
606 2110 737 2167 Dav.
765 2112 1075 2169 Blondellus
1098 2112 1173 2167 De
1192 2113 1447 2183 episcopis
1485 2126 1532 2168 et
1559 2113 1893 2184 presbyteris,

328 2212 463 2259 sect.
495 2220 576 2268 ιιι,
611 2220 716 2274 pag
764 2204 871 2259 254
900 2219 1017 2275 seq.

434 2330 462 2403 §
494 2330 610 2387 XII.
651 2331 708 2385 2°
739 2332 780 2387 Α
814 2333 1166 2403 descriptione
1193 2337 1451 2405 regiorum
1482 2337 1788 2407 insignium.

399 2464 573 2523 Aliam
602 2464 969 2522 dilﬁcultatem
996 2476 1179 2523 movet
1203 2466 1583 2524 Tillemontius
1607 2483 1672 2524 ex
1700 2485 1897 2523 sermo-

325 2556 482 2612 nibus
518 2555 743 2611 Macarii
773 2558 1037 2629 Magnetis
1073 2561 1126 2613 in
1172 2558 1413 2626 Genesin,
1446 2561 1501 2614 in
1544 2560 1743 2630 quibus
1786 2562 1897 2631 pri-

327 2665 479 2704 mum
522 2650 795 2706 hominem
850 2650 919 2705 ad
958 2651 1251 2722 imaginem
1306 2652 1398 2707 Dei
1451 2664 1694 2709 creatum
1747 2656 1893 2726 regia

327 2740 494 2795 veluti
537 2739 797 2811 dignitate
835 2740 1192 2811 conspicuum
1227 2742 1543 2811 introducit,
1586 2734 1895 2815 ibidemque

328 2844 600 2901 purpurae,
640 2831 987 2895 diadematis,
1031 2839 1195 2901 atque
1237 2833 1434 2902 sceptri
1470 2842 1723 2888 ornatum
1756 2834 1896 2904 regi-

327 2919 432 2975 bus
475 2921 728 2976 attribuit
758 2930 989 2977 auctor:
1038 2937 1159 2992 qua:
1205 2932 1382 2977 tamen
1427 2920 1691 2979 Romanis
1726 2922 1898 2993 impe-

329 3013 606 3069 ratoribus
639 3014 727 3069 vix
759 3021 885 3069 ante
914 3014 1096 3069 saeculi
1140 3030 1190 3068 tv
1222 3023 1432 3069 aetatem
1470 3013 1524 3068 in
1559 3031 1658 3069 usu
1697 3014 1893 3077 fuisse,

326 3112 569 3159 veterum
614 3106 940 3176 scriptorum
973 3115 1324 3162 monumenta
1358 3115 1642 3162 testantur.
1688 3106 1892 3161 Audia-

328 3210 453 3251 mus
482 3196 599 3266 ipsa
633 3194 965 3253 Tillemontii
998 3198 1193 3253 verba:
1233 3196 1285 3251 It
1313 3214 1345 3267 y
1375 3199 1664 3267 représente
1688 3196 1735 3252 le
1768 3212 1890 3267 pre-

328 3286 461 3338 mier
486 3286 689 3340 Itomme
729 3302 925 3341 comme
959 3304 1029 3341 un
1076 3288 1190 3354 rei,
1232 3288 1455 3357 quoique
1495 3304 1555 3341 sa
1588 3289 1807 3357 royauté
1830 3304 1893 3342 ne

328 3375 411 3445 [tit
432 3377 577 3446 point
617 3379 860 3448 marquée
890 3396 988 3448 par
1012 3377 1065 3432 la
1089 3394 1334 3447 pourpre,
1361 3394 1459 3448 par
1483 3376 1529 3431 le
1552 3377 1808 3445 diadéme,
1836 3382 1892 3432 ni

324 3483 427 3538 par
460 3467 508 3521 le
545 3478 760 3536 sceptro.
810 3466 1063 3523 C'étaient
1110 3469 1243 3523 denc
1290 3469 1341 3522 ιὰ
1381 3469 1445 3523 de
1481 3485 1572 3523 seu
1618 3478 1778 3540 temps
1819 3469 1892 3524 les

327 3576 567 3630 marques
604 3560 666 3615 de
710 3558 763 3615 la
797 3564 1033 3632 royauté.
1060 3560 1127 3615 Et
1166 3562 1382 3633 puisque
1416 3578 1544 3615 nous
1588 3578 1650 3616 ne
1699 3578 1891 3634 ueyons

260 3638 265 3645 ’
325 3647 472 3717 point
498 3663 595 3717 que
617 3645 690 3701 les
715 3664 1008 3718 empereurs
1034 3650 1265 3703 remains
1289 3666 1342 3704 se
1363 3651 1635 3705 servissent
1658 3668 1890 3705 comnm-

328 3738 535 3791 uenient
572 3738 642 3791 du
674 3738 913 3794 diadéme
951 3756 1049 3811 que
1090 3740 1271 3811 depuis
1325 3739 1647 3808 Dioclétien,
1687 3760 1756 3798 ou
1792 3760 1891 3813 peu

328 3840 488 3884 avant
520 3830 597 3886 lui
622 3847 640 3884 :
667 3849 723 3887 ce
754 3841 874 3902 peut
897 3832 1003 3887 étre
1028 3850 1126 3887 une
1153 3850 1337 3903 preuve
1363 3849 1460 3904 que
1481 3844 1557 3887 cet
1584 3840 1772 3888 auteur
1807 3836 1891 3888 n‘a

326 3922 474 3991 point
506 3920 632 3978 écrit
658 3932 815 3978 avant
858 3940 914 3977 ce
943 3925 1212 3994 temps-la.
1249 3924 1389 3980 Mais
1424 3925 1480 3996 je
1505 3942 1569 3980 ne
1596 3926 1704 3980 vois
1745 3926 1891 3996 point

327 4031 429 4084 que
452 4015 506 4068 ni
532 4014 674 4070 alers
703 4016 757 4069 ni
778 4016 1065 4086 lengtemps
1090 4016 1294 4086 depuis,
1318 4034 1384 4071 on
1403 4016 1549 4087 parle
1570 4018 1632 4071 de
1653 4028 1850 4086 sceptre
1872 4033 1890 4070 .'

326 4118 376 4158 et
402 4105 635 4160 Macaire
658 4116 780 4176 peut
801 4108 947 4163 avoir
972 4107 1125 4161 voulu
1153 4124 1398 4179 marquer
1413 4126 1470 4163 ce
1492 4109 1582 4179 qui
1606 4125 1659 4163 se
1684 4108 1889 4179 faisait,

326 4198 429 4250 soit
452 4200 626 4267 panni
651 4198 722 4252 les
745 4197 1019 4263 Remains,
1043 4199 1146 4255 soit
1173 4200 1346 4271 parmi
1366 4199 1441 4257 les
1462 4213 1638 4255 autres
1662 4201 1888 4271 peuples.

326 4286 522 4355 Liquet
546 4307 611 4345 ex
637 4290 721 4346 bis
748 4290 947 4351 verbis.
979 4292 1403 4363 rectissimejam
1429 4303 1541 4346 tum
1572 4292 1699 4348 huic
1724 4291 1891 4347 dubio

327 4381 665 4438 satisfecisse
712 4383 890 4453 ipsum
938 4381 1376 4451 Tillemontium,
1418 4399 1543 4439 cum
1591 4383 1887 4439 Macarium

324 4488 435 4528 non
464 4473 531 4529 ad
571 4473 939 4529 Romanorum
973 4482 1203 4540 tantum,
1236 4477 1329 4532 sed
1360 4486 1413 4532 et
1445 4477 1675 4531 aliorum
1716 4491 1889 4547 popu-

324 4562 502 4617 lorum
527 4564 833 4633 respexisse
853 4577 1057 4617 morem
1088 4563 1379 4632 existimat,
1401 4565 1599 4635 quibus
1622 4580 1885 4635 purpura,

323 4654 574 4710 diadema
641 4665 804 4725 atque
856 4662 1128 4723 sceptrum
1193 4654 1333 4710 inter
1393 4656 1664 4726 prtecipua
1726 4658 1884 4728 regiae

322 4746 603 4817 dignitatis
628 4746 1054 4803 numerabantur
1089 4747 1342 4817 insignia.
1374 4745 1499 4802 Pari
1534 4750 1695 4805 modo
1721 4751 1883 4805 etiam

324 4835 745 4903 Tertullianum,
776 4838 1093 4909 scriptorem
1124 4838 1303 4892 saeculi
1324 4852 1383 4906 ιι,
1412 4838 1527 4909 jam
1557 4848 1670 4894 tum
1701 4840 1885 4896 diade—

325 4929 487 4984 matis
521 4940 686 5000 atque
718 4929 913 5000 sceptri
941 4929 1074 5000 regii
1105 4930 1417 4985 meminisse
1444 4930 1672 5004 legimus
1698 4931 1753 4987 in
1788 4932 1889 4988 lib.

393 5088 531 5166 (5_l‘)_
544 5089 686 5166 Vid._
709 5088 1112 5166 Euseb.,Hist._
1130 5092 1268 5166 _eccl.
1297 5091 1406 5166 I_ib._
1435 5109 1557 5166 vin,
1587 5108 1709 5166 cap.
1738 5095 1794 5160 2,
1826 5111 1880 5164 p.

320 5174 395 5214 ιη.
429 5160 554 5234 εεξδ.
586 5160 736 5234 29}.
765 5160 898 5216 Ibid.
928 5176 1048 5231 cap.
1090 5161 1191 5227 l7,
1222 5179 1277 5234 p.
1308 5163 1432 5220 516.
1476 5162 1611 5221 Ibid.
1655 5160 1751 5221 lib.
1805 5160 1886 5234 rx,

318 5229 609 5370 ωῗὲςέῖἰθξ
638 5230 868 5357 ῗηεῖἳὲδε.

395 5370 606 5445 (53)}.
637 5384 712 5425 ιιι.
760 5371 858 5428 ’501
911 5387 1026 5445 seq.
1072 5373 1203 5430 edit.
1250 5373 1604 5433 Bteclcriante
1654 5374 1877 5445 Argent.

322 5440 710 5583 Ἓῖἀβξηυτω
772 5513 1018 5583 exempla
1091 5513 1198 5569 huc
1256 5514 1506 5570 facientia
1571 5513 1880 5583 suppeditat

323 5580 527 5653 Wolfg.
550 5581 746 5638 Lazius
776 5583 829 5637 in
859 5580 1213 5637 Coinmentar.
1240 5587 1301 5637 de
1329 5585 1593 5653 republica
1619 5580 1878 5649 Romana,

322 5650 417 5726 lib.
467 5650 709 5726 t'x,_cap.
751 5653 1024 5726 2,p._755
1063 5668 1218 5726 seqq.
1264 5650 1407 5726 Idem
1448 5668 1667 5726 quoque
1709 5653 1879 5709 llero—

328 5721 527 5779 dianus
560 5722 653 5777 lib.
688 5736 762 5791 vt,
795 5721 851 5778 c.’
880 5721 935 5792 8,
964 5725 1031 5779 de
1063 5721 1340 5779 Maximini
1370 5721 1631 5783 electione
1672 5726 1836 5781 refert
1863 5745 1876 5780 :

2001 1828 2272 1891 diadema,
2306 1822 2451 1894 quod
2484 1821 2681 1877 Suidas
2705 1820 2768 1874 τὸ
2802 1818 3078 1892 βασιλικὸν
3104 1817 3341 1888 ἔνδυμα,
3374 1824 3429 1870 et
3459 1814 3568 1870 lle-

2002 1917 2225 1989 sychius
2257 1914 2473 1984 στέμμα
2506 1910 2768 1983 βασιλέως
2811 1910 3256 1980 interpretantur,
3302 1907 3443 1963 inter
3482 1922 3548 1962 or

2000 2018 2254 2066 namenta
2290 2007 2594 2078 imperialia
2631 2016 2792 2077 atque
2838 2005 2985 2077 regia
3031 2003 3389 2074 plurimarum
3437 2015 3569 2071 gen-

1997 2102 2133 2155 tium
2178 2100 2302 2154 inde
2348 2098 2416 2152 ab
2450 2095 2850 2166 antiquissimis
2891 2095 3224 2165 temporibus
3268 2092 3573 2148 adhibitum

1998 2194 2189 2258 fuisse,
2229 2190 2377 2247 omni
2425 2189 2594 2244 dubio
2636 2197 2815 2243 vacat.
2854 2186 3062 2258 Duplici
3093 2187 3236 2242 enim
3263 2184 3573 2241 diademate

1996 2285 2328 2339 Artabanum
2358 2279 2686 2335 Parthorum
2721 2294 2896 2349 regem
2924 2294 3082 2333 usum
3118 2276 3285 2333 fuisse
3305 2285 3573 2332 memorat

1996 2372 2336 2430 Herodianus
2390 2370 2596 2425 Hister.
2638 2368 2732 2424 lib.
2777 2384 3011 2438 vr,cap.
3070 2368 3139 2432 2,
3186 2385 3240 2439 p.
3294 2383 3368 2422 m.
3418 2366 3569 2432 25-7;

1997 2460 2455 2532 quemadmodum
2483 2467 2538 2513 et
2564 2457 2617 2511 in
2671 2455 2842 2512 sacris
2874 2457 3086 2525 paginis
3130 2459 3270 2512 inter
3314 2466 3570 2512 ornatum

1998 2551 2308 2606 Mardochai
2337 2549 2545 2618 regium
2581 2545 2816 2617 διάδημα
2848 2544 3094 2617 βύσσινον
3136 2547 3446 2620 πορφυροῦν
3481 2561 3572 2603 re-

2000 2646 2169 2698 latum
2199 2643 2432 2713 legimus
2466 2638 2680 2694 Esther.
2718 2655 2835 2703 vm,
2873 2638 2958 2693 l5.
2988 2637 3248 2709 Equidem
3280 2640 3333 2693 in
3366 2638 3571 2694 Roma-

2000 2750 2192 2790 norum
2227 2736 2622 2802 monumentis,
2668 2734 3060 2805 speciatimque
3107 2731 3393 2786 Ammiano
3423 2729 3566 2785 Mar-

1997 2829 2224 2893 cellino,
2262 2842 2367 2881 non
2418 2829 2538 2883 sine
2608 2828 2841 2899 graviori
2878 2840 3043 2881 causa
3092 2824 3412 2879 adnotatum
3459 2831 3567 2889 est,

1999 2920 2213 2974 invidia:
2258 2916 2515 2989 Pompeio
2551 2918 2734 2973 datum
2781 2918 2949 2974 fuisse
2992 2917 3061 2971 ab
3090 2914 3566 2976 obtrectatoribus,

2000 3012 2144 3084 quod
2197 3011 2363 3066 fascia
2413 3010 2705 3082 obligatum
2758 3026 2886 3066 crus
2941 3007 3318 3065 circumferret
3368 3007 3570 3062 ulceris

2001 3120 2186 3171 causa,
2226 3103 2389 3158 veluti
2424 3117 2602 3157 rerum
2637 3117 2897 3158 novarum
2942 3098 3303 3156 all‘eetationis
3332 3099 3383 3153 id
3428 3096 3570 3154 foret

2002 3193 2268 3264 praesagio
2308 3191 2444 3262 (55).
2489 3191 2690 3246 Julium
2742 3191 3010 3246 tltesarem
3054 3191 3219 3246 etiam
3266 3188 3371 3243 hoc
3415 3188 3569 3261 regni

2002 3284 2213 3354 insigne
2250 3284 2593 3355 arrogantius
2636 3282 2952 3347 atl‘eetasse,
3002 3294 3058 3338 et
3108 3297 3233 3338 cum
3281 3281 3503 3354 quidam
3537 3296 3570 3337 e

2002 3376 2160 3431 turba
2216 3383 2413 3431 statuae
2461 3374 2633 3444 ipsius
2704 3390 2964 3429 coronam
3024 3374 3266 3430 lauream
3337 3373 3569 3431 candida

2001 3466 2166 3522 fascia
2245 3467 2578 3537 praeligatam
2638 3465 3033 3536 imposuisset,
3098 3467 3346 3523 tribunos
3397 3466 3577 3537 plebis

2000 3558 2212 3614 detrahi
2244 3573 2460 3613 corona:
2496 3555 2746 3623 fasciam,
2785 3567 2839 3613 et
2864 3558 2990 3613 duci
3032 3559 3088 3613 in
3132 3560 3347 3615 vincula
3392 3559 3571 3615 homi-

2002 3665 2124 3704 nem
2166 3650 2438 3720 jussisse,
2481 3649 2631 3705 testis
2664 3658 2749 3705 est
2800 3648 3095 3705 Suetonius
3145 3650 3199 3704 in
3253 3651 3371 3720 ejus
3420 3650 3565 3718 Vita,

2001 3756 2119 3809 cap.
2156 3738 2242 3794 79.
2282 3736 2391 3793 Nec
2424 3739 2653 3793 multum
2687 3738 2890 3805 abfuit,
2924 3740 3056 3811 quin
3083 3739 3387 3794 diademate
3434 3756 3572 3796 usus

1998 3838 2143 3884 esset
2202 3827 2444 3899 Caligula
2472 3868 2487 3894 ,
2537 3830 2882 3900 speciemque
2929 3830 3263 3900 principatus
3307 3830 3362 3884 in
3413 3833 3569 3902 regni

2000 3921 2231 3977 formam
2271 3922 2651 3990 convertisset,
2699 3921 2805 3977 nisi
2848 3922 3171 3992 prudentum
3210 3921 3262 3975 in
3308 3921 3431 3975 aula
3461 3920 3569 3977 Ro-

2002 4030 2163 4070 mana
2193 4016 2331 4070 ratio
2360 4014 2677 4086 imperatori
2702 4013 2816 4069 haec
2848 4013 3081 4084 insignia
3114 4013 3260 4079 regia
3295 4013 3569 4070 all‘ectanti

2002 4108 2384 4177 suggessissct,
2418 4122 2539 4162 eum
2571 4116 2620 4161 et
2651 4105 2955 4176 principum
2981 4114 3033 4161 et
3056 4121 3242 4176 regum
3269 4106 3571 4161 excessisse

2003 4198 2279 4269 fastigium
2325 4200 2457 4271 (56).
2505 4199 2762 4267 Quamvis
2824 4200 3023 4271 igitur,
3078 4209 3359 4270 propterea
3421 4202 3568 4272 quod

2003 4291 2210 4361 regium
2248 4306 2477 4358 nomen,
2513 4305 2575 4345 ac
2614 4288 2843 4359 proinde
2874 4292 3155 4360 proprium
3209 4305 3397 4362 regum
3445 4291 3570 4346 insi-

2002 4400 2104 4457 gne
2126 4423 2142 4451 ,
2177 4392 2559 4440 aversarentur
2610 4380 2877 4448 Romani,
2911 4382 3217 4439 diademate
3276 4392 3569 4437 caruerunt

2000 4491 2097 4546 per
2127 4474 2333 4545 aliquot
2365 4473 2563 4530 saecula
2605 4487 2794 4527 eorum
2838 4473 3226 4543 imperatores,
3265 4482 3358 4528 aut
3403 4473 3568 4527 raris-

1998 4568 2134 4622 sime
2178 4580 2244 4622 eo
2290 4566 2374 4621 usi
2414 4563 2636 4619 fuerunt
2676 4581 2690 4617 :
2743 4564 2915 4618 nihilo
2964 4573 3146 4620 tamen
3190 4567 3371 4622 minus
3421 4566 3568 4621 istud

1995 4657 2319 4714 diadematis
2355 4672 2566 4728 genus,
2612 4655 2757 4725 quod
2813 4655 3054 4711 lauream
3098 4658 3260 4713 modo
3303 4672 3565 4712 coronam

1996 4749 2165 4807 fascia
2199 4749 2428 4806 candida
2468 4748 2798 4819 prmligatam
2831 4748 2993 4803 refert
3018 4790 3033 4816 ,
3076 4749 3238 4804 etiam
3283 4749 3336 4803 in
3375 4748 3555 4802 numi-

1998 4839 2265 4896 smatibus
2290 4839 2565 4894 veteribus
2585 4837 2955 4908 Augustorum
2998 4839 3307 4909 incipientis
3352 4838 3565 4909 imperii

1998 4931 2322 5004 quandoque
2367 4929 2672 4985 adhibitum
2721 4914 3089 4999 conspicimus
3136 4928 3270 4999 (57).
3313 4926 3468 4984 Unde
3509 4936 3564 4983 et

1993 5094 2287 5179 Ilopcpt'ipuv
2314 5094 2661 5159 ἐπιϐαλόντες
2697 5093 2997 5165 βασιλικὴν,
3025 5092 3403 5165 αὐτοκράτορα
3428 5092 3565 5148 ἀνα-

1992 5180 2329 5238 γορευουσιν.

2215 5233 2736 5315 ConﬁnPlutarchu-s
2764 5234 2959 5315 invita
3118 5232 3387 5315 Pompeii:

2086 5302 2175 5373 56)
2215 5302 2336 5359 Vid.
2373 5302 2663 5358 Suetonius
2697 5305 2751 5357 in
2781 5304 2899 5357 Vita
2920 5302 3199 5373 Caligulm,
3219 5319 3338 5371 cap.
3362 5304 3452 5358 22.

2084 5372 2175 5443 57)
2214 5373 2372 5428 Conf.
2427 5373 2653 5428 Antonii
2698 5373 2987 5443 Augustini
3050 5372 3403 5442 Autiquitates
3451 5372 3563 5429 Ro-

1988 5458 2181 5514 manae,
2209 5458 2274 5497 ex
2302 5444 2541 5498 nummis
2596 5450 2859 5514 veterum,
2903 5443 3116 5514 dialogo
3146 5444 3199 5508 6,
3247 5459 3302 5512 p.
3339 5460 3411 5499 tn.
3448 5444 3508 5499 8t
3545 5463 3559 5498 :

1989 5511 2414 5584 Christianorum
2464 5529 2581 5566 vero
2630 5512 3007 5584 imperatorum
3055 5511 3184 5579 levo,
3226 5511 3363 5584 quod
3409 5515 3563 5569 laure

1988 5583 2231 5637 coronari
2261 5584 2486 5647 nollent,
2527 5592 2584 5634 ut
2618 5582 2851 5637 solebant
2887 5586 3117 5653 Augusti
3149 5582 3271 5638 ante
3300 5584 3560 5640 Constan-

1990 5653 2359 5726 tittiersarisg
2398 5664 2629 5726 tempora
2650 5692 2667 5726 _,
2691 5654 2859 5726 seria
2893 5654 2993 5726 tali
3025 5657 3155 5708 vitta
3196 5657 3559 5726 cingebanmr,

1989 5725 2146 5778 rariis
2175 5724 2388 5792 gemmis
2422 5739 2481 5776 ne
2512 5722 2775 5792 lapidibus
2806 5723 3089 5790 distinctu;
3119 5736 3226 5782 etc.
