3930 6864
484 361 625 420 ὶὸϐδ

1776 362 2128 422 MACARIUS
2166 364 2463 423 MAGNES.

3586 359 3744 420 εδει

483 480 740 541 Horah'us
789 482 909 553 Ipso
949 497 1064 538 arvo
1094 482 1324 554 Augusti
1371 482 1501 537 illud
1547 483 1794 540 diadema
1845 484 2052 556 regiam
2083 493 2128 547 Α
2231 485 2258 556 §
2297 483 2434 540 XIII.
2477 483 2532 538 3°
2569 482 2610 536 Α
2641 483 2850 539 silentio
2885 483 3099 539 Eusebii
3139 492 3294 554 atque
3318 483 3656 556 Hieronymi.

481 574 586 631 hoc
615 575 777 630 modo
801 575 1062 634 describit
1093 575 1276 632 Carm.
1307 576 1400 632 lib.
1438 591 1498 639 ιι,
1528 576 1618 631 od.
1646 577 1681 630 2
1706 597 1718 630 :

726 727 960 798 Regnum
988 738 1037 785 et
1073 729 1318 784 diadema
1352 739 1525 784 tutum

727 798 974 868 Deferens
1001 800 1114 866 uni,
1143 802 1514 871 prapriamque
1537 801 1768 856 laurum.

477 930 774 988 Inclinante
799 941 981 988 autem
1009 932 1224 1006 Imperii
1253 941 1410 988 aetate
1429 933 1784 990 Aurelianum
1812 933 2048 1004 primum

475 1024 693 1094 publico
732 1039 797 1080 ac
834 1025 1067 1080 solemni
1094 1040 1246 1081 more
1276 1025 1380 1082 hoc
1412 1025 1720 1082 diademate
1749 1025 1924 1083 fuisse
1954 1041 2048 1081 or-

476 1127 701 1182 natum,
759 1117 1007 1174 meminit
1071 1117 1323 1174 Aurelius
1372 1116 1559 1174 Victor
1605 1119 1658 1175 in
1701 1119 1872 1191 ipsius
1902 1121 2046 1188 Vita,

474 1223 596 1278 cap.
622 1209 709 1264 35.
739 1207 1003 1275 Quamvis
1051 1208 1358 1268 Joinandes
1381 1210 1517 1283 (58),
1565 1212 1843 1283 publicum
1882 1213 2046 1269 istum

477 1315 634 1354 usum
667 1299 1004 1359 Diocletiano
1038 1302 1273 1376 primum
1320 1303 1602 1361 attribuat.
1636 1303 1877 1375 Denique
1916 1306 2046 1362 dum

475 1392 674 1460 sceptri
736 1407 896 1448 usum
961 1393 1169 1463 regium
1221 1394 1394 1449 multo
1448 1396 1628 1452 adhuc
1687 1398 2044 1453 recentiorem

474 1481 793 1538 Diocletiani
841 1497 957 1538 sevo
1012 1485 1151 1539 inter
1225 1484 1504 1543 Romanos
1571 1487 1742 1544 fuisse
1799 1498 2048 1545 autumat

475 1574 880 1642 Tillemontius,
919 1577 970 1631 in
1017 1592 1084 1632 eo
1113 1578 1256 1632 haud
1299 1593 1491 1650 parum
1535 1579 1651 1635 falli
1692 1580 1909 1638 videtur
1963 1583 2047 1637 vir

473 1669 823 1724 doctissimus
859 1679 912 1724 et
961 1669 1013 1725 in
1064 1670 1420 1726 historiarum
1464 1672 1663 1728 veteris
1701 1673 1802 1728 aevi
1846 1689 2045 1729 monu—

474 1760 673 1816 mentis
701 1762 837 1817 alias
862 1761 1288 1818 versatissimus.
1327 1763 1402 1818 De
1423 1762 1798 1819 Romanorum
1828 1766 2047 1837 regibus

2234 643 2479 714 Magnam
2533 642 2762 697 fortasse
2808 642 3042 711 speciem
3096 642 3295 704 habet,
3347 641 3494 711 quod
3549 641 3745 698 adhuc

2160 737 2452 808 obiicitur,
2506 751 2684 806 neque
2711 727 3030 797 Eusebium:
3066 733 3543 804 diligentissimum
3594 735 3748 789 scri-

2157 841 2375 900 ptormn
2421 843 2534 883 sua:
2580 827 2754 883 aetatis
2799 826 3278 895 investigatorem,
3321 840 3499 896 neque
3534 823 3748 880 Hiero-

2159 935 2383 994 nymum
2432 920 2486 975 in
2529 918 2784 990 Catalogo
2835 919 3153 988 scriptorum
3213 918 3745 985 ecclesiasticarum,

2158 1012 2465 1083 reliquosve
2495 1011 2659 1082 hujus
2693 1011 2906 1082 generis
2944 1010 3259 1080 scriptores,
3291 1010 3459 1065 ullam
3486 1025 3746 1080 unquam

2159 1103 2384 1160 Macarii
2441 1103 2701 1174 Magnetis
2758 1101 2952 1159 fecisse
3000 1103 3355 1169 mentionem,
3399 1104 3499 1157 sed
3560 1103 3748 1156 altum

2160 1197 2365 1266 ubique
2395 1195 2542 1252 illius
2571 1195 2797 1266 reperiri
2825 1194 3124 1250 silentium.
3148 1193 3522 1264 Praeterquam
3549 1205 3746 1248 autem

2154 1288 2300 1358 quod
2349 1303 2457 1343 non
2507 1289 2692 1343 omnia
2718 1287 2914 1342 veteris
2949 1285 3204 1342 Ecclesia
3251 1295 3622 1342 monumenta
3672 1285 3748 1340 ad

2157 1379 2375 1436 Eusebii
2441 1387 2497 1436 et
2555 1377 2870 1450 Hieronymi
2916 1394 3111 1434 manus
3153 1386 3561 1449 pervenerunt,
3626 1387 3744 1432 tum

2157 1474 2364 1528 multos
2393 1473 2530 1528 alios
2558 1486 2776 1542 quoque
2809 1471 3104 1541 scriptores
3135 1471 3330 1541 priscae
3364 1470 3548 1525 tetatis
3589 1468 3749 1524 ﬁdei-

2154 1579 2262 1635 que
2305 1564 2528 1619 minime
2567 1562 2765 1629 dubia,
2797 1577 2849 1619 e.
2904 1577 2955 1617 c.
3005 1559 3357 1634 Hymenaeum
3388 1571 3446 1616 et
3491 1561 3748 1615 Athena-

2154 1671 2364 1728 goram,
2380 1655 2595 1711 silentio
2617 1654 2686 1710 ab
2715 1654 2904 1710 iisdem
2925 1653 3316 1724 praetermissos
3340 1667 3488 1718 esse,
3510 1652 3750 1708 cuilibet

2155 1749 2466 1806 accuratius
2486 1748 2678 1819 legenti
2695 1763 2759 1818 pa
2768 1746 3263 1816 tehit.Quapropter
3276 1754 3330 1800 et
3343 1744 3746 1811 Bellarmiuus,

473 1869 534 1909 es
584 1851 821 1926 Dionysii
860 1851 1360 1910 Halicarnassensis
1409 1855 1519 1927 (59)
1566 1857 1880 1913 testimonio
1916 1873 2048 1915 eon-

2157 1841 2233 1896 De
2262 1840 2605 1912 scriptoribus
2643 1840 3045 1903 ecclesiasticis,
3080 1838 3147 1893 ad
3181 1837 3602 1909 Athenagoram
3652 1837 3748 1891 ob-

474 1954 602 2010 stat,
645 1945 788 2014 quod
826 1943 1158 2016 Tarquinius
1188 1947 1514 2004 transmissa
1547 1949 1650 2004 sibi
1694 1950 1762 2005 ab
1801 1949 2047 2006 Etruscis

473 2035 705 2106 insignia
744 2035 911 2106 regia,
949 2049 1211 2094 coronam
1253 2037 1373 2093 scil.
1407 2053 1655 2102 auream,
1686 2047 1740 2092 et
1769 2047 2046 2108 sceptrum

471 2126 771 2184 eburneum
822 2127 875 2184 in
922 2128 1236 2184 summitate
1265 2131 1504 2200 aquilam
1558 2130 1802 2196 habens,
1844 2133 2049 2203 pariter

471 2224 635 2291 atque
666 2217 838 2287 ipsius
864 2234 1233 2286 successores,
1263 2230 1475 2293 gestare
1508 2223 1917 2279 consueverint.
1952 2223 2048 2279 Sic

470 2309 634 2365 etiam
679 2312 746 2364 de
805 2313 1006 2382 populo
1064 2313 1310 2370 Romano
1357 2315 1499 2370 idem
1548 2317 1780 2387 scriptor
1825 2317 2049 2373 insimul

472 2402 754 2458 memoriae
802 2403 1065 2476 prodidit,
1111 2405 1256 2475 quod
1309 2413 1622 2464 exterarum
1661 2423 1850 2481 regum
1894 2419 2047 2480 pote-

471 2501 666 2550 statem
701 2495 1114 2563 conﬁrmaturi,
1161 2506 1375 2569 sceptra
1422 2508 1475 2556 et
1507 2500 1814 2557 diademata
1854 2501 2046 2558 iisdem

472 2587 726 2653 mittere,
758 2587 812 2642 in
857 2605 1008 2644 more
1055 2591 1365 2647 habuerint.
1399 2590 1618 2648 Scilicet
1649 2603 1910 2666 potestas,
1938 2594 2050 2652 for-

470 2691 628 2744 tuna,
663 2693 718 2736 et
745 2680 985 2737 ellicacia
1039 2683 1272 2753 auspicii
1318 2685 1649 2756 consiliique
1681 2685 1838 2756 regii,
1873 2701 1904 2742 a
1940 2687 2050 2742 Deo

472 2773 754 2845 profecta,
802 2776 1001 2846 sceptri
1065 2777 1314 2848 symbolo
1367 2777 1556 2834 debuit
1611 2779 1785 2834 notari
1835 2798 1850 2836 :
1893 2779 2051 2850 cujus

474 2877 736 2942 tanquam
800 2869 933 2940 regii
977 2870 1283 2924 ornamenti
1338 2885 1448 2926 non
1509 2870 1692 2927 minus
1758 2872 2052 2926 meminere

475 2962 774 3032 scriptores
825 2975 994 3017 aureo
1048 2961 1276 3032 Augusti
1320 2977 1437 3018 ωηο
1468 2963 1732 3018 celebres.
1785 2963 1862 3018 Ita
1903 2966 2050 3019 enim

475 3049 617 3107 inter
658 3050 881 3116 Priami,
919 3050 1282 3122 Trojanorum
1326 3051 1492 3121 regis,
1537 3051 1802 3121 insignia,
1853 3053 2052 3124 quibus

476 3143 778 3201 instructus
821 3143 945 3213 jura
999 3144 1206 3199 vocatis
1255 3143 1421 3198 dabat
1475 3145 1726 3218 populis,
1776 3155 2048 3223 sceptrum

476 3235 681 3312 pariter
707 3234 965 3310 Virgilius
995 3236 1109 3306 (60)
1137 3247 1421 3295 enumerat
1445 3255 1457 3296 ;

513 3369 629 3441 [loc
655 3370 862 3424 Priami
888 3379 1152 3440 gestamen
1182 3381 1317 3436 erat,
1352 3386 1468 3424 cum
1484 3371 1613 3441 jura
1643 3374 1837 3427 vocatis

512 3439 662 3513 [lore
683 3447 834 3495 daret
864 3439 1094 3513 populis,
1123 3439 1499 3512 sceptrumque,
1522 3447 1974 3513 sacerquetiaras,

513 3509 852 3590 lliadumque
878 3509 1048 3577 labor,
1085 3509 1362 3576 vestes..."

475 3669 544 3728 Et
575 3671 704 3742 quid
759 3673 934 3745 magis
977 3671 1305 3729 confirmant
1352 3674 1561 3729 nummi
1613 3673 1880 3740 Adriani,
1919 3673 2048 3729 item

478 3764 740 3822 Antonini
769 3763 878 3829 Pii,
905 3775 960 3821 et
999 3765 1294 3822 Alexandri
1335 3765 1520 3822 Severi
1557 3768 1951 3838 Augustorum,
1993 3767 2048 3822 in

479 3857 683 3927 quibus
713 3856 933 3914 Justitia
964 3858 1204 3914 sedentis
1244 3868 1328 3914 est
1359 3859 1569 3924 habitu,
1596 3860 1818 3916 sinistra
1841 3860 2048 3930 virgam

478 3957 706 4013 tenens,
742 3950 930 4005 dextra
983 3967 1113 4006 vero
1166 3962 1412 4022 pateram
1459 3952 1719 4022 gestans?
1765 3951 2048 4024 Sceptrum

479 4042 688 4104 scilicet
708 4043 956 4114 designat
998 4044 1288 4118 imperium
1339 4044 1527 4100 mundi
1568 4061 1633 4103 ac
1661 4045 1795 4122 reip.
1821 4046 2051 4101 admini-

481 4135 835 4204 strationem;
879 4139 1235 4208 quamobrem
1278 4147 1332 4193 et
1369 4139 1575 4209 virgam
1605 4145 1824 4210 gestat:
1865 4147 2049 4212 patera

479 4244 610 4286 vero
640 4228 987 4286 Divinitatem
1033 4231 1325 4302 signiﬁcat,
1357 4231 1653 4301 interprete
1681 4231 1920 4286 Antonio
1941 4230 2050 4288 Au—

481 4319 700 4392 gustino
739 4321 794 4377 in
823 4323 1036 4395 dialogo
1073 4323 1108 4378 2
1135 4323 1527 4393 Antiquitatum
1569 4322 1960 4388 Romanarum,
1994 4325 2048 4378 in

482 4411 723 4468 nummis
753 4422 1087 4483 veterum,p.
1117 4429 1192 4468 m.
1229 4413 1316 4469 l9.
1356 4412 1586 4470 Unicum
1627 4416 1807 4470 adhuc
1853 4415 2047 4470 addam

480 4505 788 4576 exemplum
820 4504 1102 4570 Gordiani,
1136 4521 1333 4566 nomen
1361 4506 1706 4582 imperatoris
1735 4505 2051 4577 cultumque

480 4597 757 4669 gerentis,
803 4597 855 4651 in
909 4597 1069 4666 cujus
1122 4613 1320 4668 pompa
1373 4609 1537 4670 atque
1589 4598 1850 4653 comitatu
1901 4599 2051 4668 regio

480 4690 662 4759 virgas
697 4689 987 4750 identidem
1045 4692 1320 4749 laureatas
1352 4699 1750 4746 commemorat
1788 4688 2050 4748 llerodia-

482 4799 588 4846 pus
615 4782 756 4852 (6|);
810 4784 1010 4853 quippe
1040 4799 1152 4856 quo
1197 4784 1398 4854 insigni
1443 4783 1717 4854 principes
1748 4798 1778 4838 a
1826 4783 2052 4854 privatis

482 4875 894 4948 dignoscuntur.
953 4875 1031 4930 Ex
1084 4877 1284 4947 quibus
1325 4877 1582 4932 omnibus
1631 4876 1868 4932 dilucide
1915 4877 2052 4932 satis

481 4969 799 5032 coniicitur.
865 4969 1283 5040 descriptionem
1322 4971 1524 5040 regiam
1569 4985 1600 5026 a
1647 4969 1884 5025 Macario
1933 4967 2048 5023 Ma-

482 5069 642 5130 gnete
694 5077 858 5130 supra
899 5046 1118 5116 allatam
1171 5078 1203 5116 a
1256 5063 1649 5117 consuetudine
1689 5078 1754 5118 ac
1805 5061 2051 5117 moribus

482 5151 569 5210 aui
617 5152 801 5207 saeculi
855 5152 1275 5223 haudquaquam
1338 5166 1461 5209 esse
1514 5153 1786 5218 alienam;
1838 5167 1962 5206 cum
1997 5153 2049 5207 id

483 5243 643 5303 nobis
672 5243 932 5309 sullieiat,
965 5243 1132 5300 fuisse
1161 5259 1224 5299 ea
1257 5253 1412 5299 aetate
1450 5259 1604 5315 reges
1641 5259 1903 5314 purpura,
1933 5244 2051 5298 dia-

484 5337 696 5397 demate
733 5347 896 5406 atque
937 5347 1149 5414 sceptro
1198 5345 1456 5415 tanquam
1497 5335 1661 5410 regiis
1713 5337 2050 5399 ornamentis

487 5429 830 5500 conspicuos.

522 5635 668 5714 .(58)
709 5635 764 5691 In
810 5639 907 5714 lih_.
954 5638 1025 5692 De
1066 5657 1341 5712 regnorum
1402 5657 1464 5698 ac
1513 5649 1799 5710 temporum
1845 5658 2048 5706 succcsv

489 5709 652 5762 sione.
689 5722 808 5775 cap.
838 5709 927 5762 87.

557 5775 666 5848 (5‘):
709 5779 966 5848 Antiquit.
1009 5777 1254 5844 Romam,
1285 5781 1379 5839 lib.
1410 5797 1490 5844 III,
1521 5797 1641 5848 cap.
1680 5781 1766 5837 Il.

558 5845 668 5922 (till)
709 5845 929 5905 .Enet'd.
956 5847 1048 5904 lib.
1083 5865 1177 5919 vn,
1216 5866 1264 5910 γ.
1294 5851 1421 5912 247.
1458 5845 1618 5913 Conl‘.
1658 5851 1789 5910 ibid.
1824 5852 1915 5911 lib.
1945 5867 2042 5920 XII.

2152 1943 2372 1992 servat:
2417 1932 2617 1987 Mirum
2661 1941 2835 1986 autem
2860 1939 2960 1997 est,
3007 1947 3103 1986 cur
3140 1929 3397 1984 Eusebius
3432 1929 3748 1996 diligentis-

2152 2032 2316 2090 limus
2362 2036 2679 2105 scriptorum
2722 2034 3099 2104 investigator,
3148 2031 3301 2101 huius
3351 2032 3599 2085 auctoris
3646 2045 3747 2083 non

2153 2127 2466 2180 meminerit.
2493 2126 2645 2191 Quod
2690 2135 2867 2180 autem
2915 2123 2973 2180 S.
3024 2123 3377 2195 Hieronymus
3425 2123 3576 2176 hunc
3611 2126 3745 2177 seri.

2153 2230 2354 2289 plorem
2411 2219 2667 2282 omiserit,
2714 2234 2818 2272 non
2869 2227 2946 2271 est
2982 2219 3112 2271 adeo
3159 2217 3371 2283 mirum,
3422 2231 3551 2268 cum
3610 2216 3744 2268 satis

2155 2320 2376 2376 constet,
2403 2309 2706 2381 catalogum
2738 2308 2796 2364 S.
2834 2309 3146 2379 Hieronymi
3172 2324 3236 2363 ex
3266 2307 3494 2364 historia
3521 2306 3744 2361 Eusebii

2153 2419 2263 2458 esse
2283 2403 2634 2472 desumptum,
2661 2401 2834 2475 quoad
2857 2403 2977 2457 illos
2999 2401 3298 2472 scriptores,
3323 2402 3414 2471 qui
3441 2400 3743 2455 Eusebium

2154 2503 2553 2564 pra-cesserunt.
2594 2493 2795 2550 Eadem
2848 2495 3013 2566 igitur
3061 2494 3200 2549 ratio
3253 2495 3415 2548 etiam
3466 2494 3576 2549 hoc
3621 2494 3743 2549 loco

2154 2587 2374 2652 valebit,
2409 2596 2464 2642 et
2512 2587 2656 2642 haud
2693 2587 2892 2642 mirum
2916 2629 2931 2652 ,
2981 2587 3025 2642 si
3057 2601 3158 2641 nec
3199 2583 3424 2641 Macarii
3465 2585 3742 2657 Magnetis

2157 2680 2264 2733 ulla
2291 2679 2358 2734 ab
2384 2678 2617 2736 Eusebio
2644 2689 2806 2749 atque
2838 2678 3170 2752 Hieronymo
3212 2678 3352 2734 facta
3379 2680 3455 2734 sit
3485 2681 3736 2747 mentio;

2157 2787 2282 2828 cum
2315 2772 2396 2826 vel
2429 2771 2545 2842 ipse
2580 2769 2849 2828 Eusebius
2885 2771 2996 2844 (62)
3028 2771 3280 2837 fateatur,
3312 2787 3371 2826 se
3404 2787 3519 2825 nou
3549 2774 3739 2828 omnia

2158 2879 2352 2930 nosse,
2400 2879 2524 2934 qua:
2575 2879 2640 2918 ex
2677 2872 2920 2919 veterum
2967 2863 3464 2920 ecclesiasticorum
3516 2865 3738 2934 scriptis

2158 2973 2260 3014 suo
2292 2958 2472 3012 adhuc
2514 2967 2754 3028 tempore
2781 2958 2924 3028 apud
2966 2959 3166 3014 multos
3199 2959 3567 3014 servabantur
3616 2958 3738 3012 lau-

2159 3050 2355 3106 dabilis
2398 3051 2692 3122 diligentiae
2732 3063 3125 3118 monumenta;
3166 3051 3467 3107 multorum
3517 3067 3736 3123 quoque

2159 3141 2562 3198 lucubrationes
2588 3143 2654 3197 ad
2678 3158 2736 3198 se
2757 3143 2976 3214 quidem
3004 3144 3237 3210 venisse,
3267 3160 3508 3214 quorum
3554 3155 3734 3202 tamen

2156 3250 2224 3288 ne
2281 3234 2397 3304 ipsa
2455 3235 2676 3305 quidem
2729 3237 2951 3291 nomina
3003 3251 3287 3291 recensere
3333 3239 3633 3308 potuerit,
3688 3249 3736 3293 et

2155 3341 2388 3398 quorum
2415 3334 2691 3394 auctores,
2714 3327 2963 3398 quamvis
2985 3327 3271 3382 orthodoxi
3295 3338 3350 3383 et
3370 3329 3733 3384 ecclesiastici

2156 3419 2341 3484 fuere,
2378 3418 2598 3474 obscuri
2648 3428 2828 3473 tamen
2887 3419 3166 3491 ignotique
3225 3419 3429 3475 fuerint
3470 3419 3731 3487 Eusebio,

2155 3519 2438 3588 propterea
2470 3511 2615 3584 quod
2649 3512 2748 3582 ipsi
2800 3511 2922 3566 libri
2964 3521 3251 3567 auctorum
3285 3527 3397 3566 non
3439 3512 3734 3583 praeferant

2155 3606 2397 3662 nomina.
2430 3605 2572 3680 Quin
2599 3615 2652 3660 et
2687 3605 2977 3678 Nicephori
3018 3606 3124 3663 (ΣΡ.
3155 3617 3312 3668 aetate
3348 3609 3499 3664 hunc
3548 3621 3734 3664 aucto-

2157 3713 2272 3753 rem
2316 3698 2545 3769 ejusque
2593 3697 2896 3754 doctrinam
2947 3708 3002 3754 et
3055 3701 3256 3771 scripta
3315 3702 3566 3755 nondum
3607 3704 3733 3758 satis

2157 3789 2330 3855 fuisse
2377 3790 2631 3860 cognita,
2681 3790 3009 3860 perspicitur
3042 3807 3109 3846 ex
3167 3791 3542 3863 indignatione
3589 3794 3731 3847 anti-

2157 3883 2345 3938 stitum
2378 3882 2809 3940 orthodoxorum
2846 3882 2903 3937 in
2949 3898 3098 3948 eum,
3131 3882 3223 3955 qui
3261 3883 3568 3938 testimonia
3614 3883 3733 3939 Ma-

2157 3977 2333 4049 gnetis
2377 3977 2622 4038 mutilata
2662 3985 3046 4047 excerpserat:
3093 3977 3208 4029 υὺκ
3255 3975 3474 4047 εἴχομεν
3509 3975 3588 4038 δὲ,
3633 3976 3723 4029 ἰη-

2156 4071 2371 4142 quiunt,
2393 4071 2421 4124 ὅ
2470 4087 2520 4123 τι
2541 4069 2843 4142 δράσαιμεν
2867 4069 2974 4122 τῶν
2997 4068 3092 4123 νῦν
3122 4067 3496 4146 προελθουσῶν
3522 4067 3730 4121 εἵνεκεν

2156 4164 2404 4236 χρήσεων
2424 4178 2437 4188 ·
2472 4161 2590 4216 λίαν
2619 4161 2727 4234 γὰρ
2761 4160 3110 4238 θαυμάζομεν
3152 4160 3246 4214 καὶ
3277 4157 3730 4230 ἐκπεπλήγμεθα,

2155 4255 2303 4318 ὅστις
2337 4253 2467 4308 ποτὲ
2501 4255 2585 4324 εἰη
2625 4255 2654 4307 ὁ
2693 4251 2896 4318 ταύτας
2934 4251 3362 4324 ἀναλεξάμενος,
3401 4251 3481 4317 ὡς
3512 4252 3617 4318 τὰς
3652 4252 3730 4323 βε-

2156 4347 2314 4414 ϐλους
2350 4345 2519 4416 αὐτὰς
2550 4346 2650 4400 οὐκ
2697 4344 2992 4418 ἐξέπεμψε.
3035 4345 3268 4417 Πότερον
3293 4346 3388 4416 τῆς
3419 4347 3733 4417 ἐπιστήμης

2156 4440 2367 4512 καὶτῆς
2393 4439 2737 4504 διδασκαλίας
2758 4439 2854 4494 τοῦ
2881 4439 3237 4513 συγγραφέως
3268 4438 3544 4509 φθονήσας
3577 4441 3729 4510 ἡμῖν,

2155 4535 2268 4596 τοῖς
2319 4532 2524 4604 ταύτης
2570 4531 2876 4603 ἐφιεμένοις
2924 4532 3017 4588 καὶ
3071 4529 3446 4604 γλιχομένοις;
3506 4531 3587 4586 Ἦ
3646 4530 3732 4584 τὸν

2159 4624 2359 4678 σκοπὸν
2400 4625 2494 4678 καὶ
2526 4625 2622 4694 τὴν
2651 4623 2908 4678 ὑπόθεσιν
2937 4621 3351 4695 ἀποκρύψασθαι
3385 4619 3727 4694 βουλόμενος,

2156 4717 2231 4784 ὡς
2253 4717 2318 4788 δὴ
2352 4716 2513 4781 εὐθύς
2549 4734 2608 4770 τε
2653 4717 2744 4772 καὶ
2777 4719 2842 4770 ὲκ
2883 4715 3105 4789 πρώτης
3154 4714 3406 4786 ὲπιὸολῆς
3452 4715 3731 4784 ὲμφανοὴ

2159 4809 2252 4868 καὶ
2281 4807 2446 4880 δήλης
2475 4811 2586 4872 τοῖς
2610 4807 3018 4879 ἐπευξαμένοις
3055 4805 3561 4877 καταστησομὲνης,
3601 4807 3727 4859 κὰν-

2157 4899 2345 4954 τεῦθεν
2371 4901 2655 4974 διαδρᾶσαι
2691 4900 2800 4953 τῶν
2837 4898 3426 4972 δραματουργηθέντων
3459 4897 3554 4951 τὸν
3586 4898 3730 4967 ἔλεγ-

2159 5010 2270 5064 χον.
2307 4991 2360 5046 Id
2383 5001 2502 5047 est:
2533 4992 2616 5046 Ad
2651 4992 2861 5062 prolata
2893 4992 3190 5046 testimonia
3217 4990 3355 5061 quod
3383 4991 3603 5056 attinet,
3632 5008 3728 5044 non

2157 5086 2291 5139 satis
2323 5085 2560 5141 constitit
2594 5085 2766 5151 nobis,
2793 5084 2920 5156 quid
2951 5085 3257 5154 faceremus.
3286 5083 3555 5137 Mirantur
3593 5086 3726 5138 enim

2159 5175 2307 5234 valde
2333 5185 2381 5228 et
2421 5174 2831 5244 obstupescimus
2851 5215 2866 5240 ,
2910 5175 3149 5245 quisquis
3189 5173 3278 5227 ille
3309 5185 3386 5227 est
3418 5173 3508 5242 qui
3540 5191 3606 5227 ea
3634 5189 3723 5226 ez~

2157 5269 2370 5338 cerpsit,
2401 5284 2498 5322 cur
2527 5268 2667 5338 ipsos
2697 5268 2855 5322 libros
2888 5284 2992 5320 non
3017 5267 3238 5320 miserit.
3268 5267 3351 5319 An
3382 5267 3512 5336 quia
3550 5267 3719 5320 scicn-

2158 5361 2286 5412 tiam
2306 5359 2704 5428 doctrinamque
2726 5357 2868 5412 illius
2891 5356 3100 5410 laudati
3127 5357 3399 5426 scriptoris
3416 5355 3722 5426 optantibus

2157 5453 2304 5514 nobis
2346 5452 2864 5523 desiderantibusque
2912 5449 3144 5506 invidit?
3188 5453 3269 5505 Au
3319 5449 3446 5521 quia
3498 5461 3720 5505 mentea

2156 5655 2208 5695 ν.
2228 5637 2587 5777 (ἓῗῗἨξδιον.
2621 5707 2716 5762 lib.
2751 5723 2847 5770 vn,
2873 5722 2922 5762 c.
2951 5706 3005 5768 6,
3034 5720 3186 5777 pem.
3216 5702 3360 5764 505:

2230 5775 2343 5853 (62)
2385 5777 2527 5834 Hist.
2562 5777 2689 5834 εισι.
2725 5777 2817 5834 lib.
2845 5793 2896 5845 v,
2929 5793 3047 5848 cap.
3083 5775 3172 5835 27.
