3966 6206
324 290 464 345 i365

1468 290 1749 350 ΝΟΤΙῘῙΊΑ
1788 289 1875 347 ΕΤ
1915 288 2364 351 FRAGMENTA.

3409 300 3428 353 1
3443 299 3547 354 366

322 410 557 465 auctoris
587 422 1047 485 argumentumque
1073 415 1262 482 operis,
1287 417 1424 487 quod
1460 419 1522 471 ab
1558 416 1669 487 ipso
1696 415 1877 469 statim

1988 430 2204 487 γραμμα
2262 419 2566 490 εὑρίσκεται
2619 421 2675 474 ὲν
2736 421 2893 474 πέντε
2948 421 3167 491 βιϐλίοις
3225 420 3547 493 διηρημένον

320 506 539 559 exordio
568 504 771 560 evidens
802 507 1235 578 manifestumque
1268 509 1546 563 lectoribus
1574 510 1881 574 exstitisset,

322 597 608 665 occultare,
654 609 808 670 atque
840 602 914 654 ita
965 602 1262 670 facinorum
1302 619 1516 655 suorum
1555 602 1806 655 indicium
1835 612 1883 655 et

322 690 695 743 eonvictionem
733 693 902 746 vitare
929 694 1094 747 voluit
1121 696 1144 747 .7
1169 702 1273 748 ctc.
1305 693 1459 760 Quod
1497 694 1541 750 si
1569 694 1801 764 denique
1828 694 1883 747 in

321 783 588 852 originem
626 783 851 838 istorum
884 800 1130 840 errorum
1154 788 1316 856 paulo
1339 786 1580 841 curatius
1610 787 1885 856 inquirere

322 874 571 941 velimus,
615 875 705 944 qui
744 874 978 931 Macario
1020 877 1249 948 Magneti
1287 887 1473 933 nostro
1516 878 1876 948 imputantur,

322 977 376 1021 et
399 966 465 1020 de
488 966 687 1035 quibus
707 968 963 1039 deinceps
990 970 1287 1023 disserendi
1316 970 1468 1025 locus
1495 971 1629 1037 erit;
1666 971 1884 1040 majoris

320 1056 461 1112 forte
492 1058 672 1113 adhuc
728 1060 1093 1130 antiquitatis,
1138 1078 1300 1132 quam
1349 1063 1565 1133 quidem
1597 1063 1779 1117 saeculi
1824 1078 1882 1115 ιιι

320 1149 388 1203 ad
417 1149 577 1203 linem
610 1153 878 1220 vergentis
922 1153 1059 1206 ratio
1088 1154 1310 1223 patitur,
1354 1154 1500 1208 varia
1545 1153 1721 1227 colligi
1762 1168 1885 1222 pos-

320 1252 445 1297 sent
490 1242 725 1309 indicia,
776 1259 897 1313 quae
951 1246 1325 1313 superioribus
1367 1247 1698 1315 argumentis
1737 1244 1883 1299 haud

319 1349 513 1404 parum
558 1334 813 1390 adderent
869 1336 1103 1393 roboris.
1136 1336 1300 1393 Jubet
1330 1348 1508 1393 autem
1557 1336 1881 1403 necessitas,

322 1434 383 1480 ut
429 1424 571 1480 hanc
620 1425 1054 1495 disquisitionem
1103 1428 1169 1482 de
1228 1436 1383 1484 aetate
1432 1428 1671 1483 auctoris
1714 1428 1884 1483 nostri

321 1520 578 1576 ﬁniamus
627 1520 944 1590 aequissimo
998 1522 1237 1592 satisque
1273 1522 1500 1592 probato
1544 1520 1625 1575 Cl.
1660 1519 1884 1575 Joannis

320 1616 550 1671 Boivinii
581 1615 808 1685 judicio,
838 1615 983 1685 quod
1018 1632 1084 1670 ex
1108 1615 1443 1686 autographo
1472 1615 1571 1670 viri
1613 1624 1733 1683 post
1775 1612 1881 1667 fata

320 1710 631 1781 superstitis
660 1711 763 1766 hoc
797 1711 916 1765 loco
958 1711 1286 1783 subjungere
1332 1710 1475 1765 haud
1523 1711 1875 1781 injucundum

1989 508 2123 580 πρὸς
2158 510 2414 582 ’Έλληνας
2448 513 2514 566 πὲ
2550 551 2609 569 ...
2635 514 2691 566 ἐν
2724 517 2839 578 ταῖς
2876 516 3017 585 ῥήσι.
3039 554 3053 569 .
3080 554 3094 567 .
3137 531 3202 585 με
3238 555 3251 568 .
3274 553 3287 566 .
3312 554 3323 566 .
3362 514 3391 566 λ
3421 555 3433 567 .
3454 553 3469 568 .
3492 555 3505 567 .
3528 555 3542 569 .

1988 596 2046 651 1η
2081 597 2367 669 Nicephori
2414 602 2519 657 ΟΡ.
2571 604 2961 670 Antirrheticis,
2995 620 3059 658 ex
3088 606 3286 673 quibus
3327 605 3547 673 potissi-

1990 707 2137 745 mum
2167 695 2404 750 auctoris
2429 696 2600 751 nostri
2635 695 2931 766 fragmenta
2958 696 3407 765 deprompsimus,
3434 697 3551 751 haec

1990 785 2215 841 habetur
2242 788 2524 858 inscriptio
2558 807 2571 844 :
2604 788 2708 842 Τοῦ
2739 790 2893 858 ἁγίου
2920 790 3201 861 Μακαρίου
3240 792 3304 842 ἐκ
3331 791 3429 859 τῆς
3458 808 3546 845 τε·

1988 878 2189 950 τάρτης
2222 880 2401 950 βίϐλου
2429 882 2536 935 τῶν
2575 884 2986 954 Ἀποκριτικῶν,
3017 886 3188 938 sancti
3231 883 3455 937 Macarii
3484 899 3548 938 es

1988 983 2173 1042 quarto
2203 974 2335 1027 libro
2361 974 2800 1045 Apocriticorum.
2844 978 2899 1031 ln
2932 977 3052 1032 aliis
3097 976 3374 1032 codicibus
3410 992 3543 1031 mss.

1989 1066 2223 1121 citantur
2254 1066 2471 1121 Macarii
2517 1068 2893 1140 Ἀποκρίσεις;
2938 1069 3394 1139 quemadmodum
3443 1069 3547 1123 hoc

1990 1173 2126 1228 opus
2154 1159 2547 1229 apologeticum
2580 1176 2627 1214 e.
2656 1175 2705 1214 c.
2734 1161 2786 1214 in
2810 1161 2928 1215 cod.
2965 1159 3091 1229 Reg.
3120 1160 3273 1226 1986,
3301 1160 3393 1215 fol.
3418 1160 3543 1225 257,

1990 1265 2197 1304 necnon
2232 1251 2283 1303 in
2312 1251 2431 1305 cod.
2457 1252 2619 1315 2955,
2645 1254 2887 1322 sequenti
2912 1255 3106 1321 gaudet
3131 1254 3286 1308 titulo
3315 1271 3326 1305 :
3356 1255 3549 1308 Μακα-

1993 1341 2104 1413 ρίου
2147 1341 2427 1413 Μάγνητος
2474 1345 2536 1396 ὲκ
2578 1344 2685 1397 τῶν
2720 1346 2854 1415 πρὸς
2885 1345 3147 1416 ’Έλληνας
3178 1346 3338 1399 αὑτοῦ
3386 1348 3545 1399 Ἀπο-

1989 1434 2241 1505 κρίσεων,
2274 1435 2322 1488 id
2352 1443 2432 1490 est
2462 1434 2686 1489 Macarii
2719 1435 2976 1506 Magnetis
3008 1453 3071 1492 ea:
3094 1438 3204 1507 ejus
3236 1439 3305 1491 ad
3334 1436 3541 1494 (ἐι-ωερε

1988 1525 2288 1597 Responsis.
2321 1526 2394 1581 De
2431 1543 2539 1597 quo
2577 1529 2734 1584 titulo
2769 1530 2955 1585 audire
3000 1531 3145 1584 lubet
3179 1530 3352 1600 ipsum
3387 1530 3543 1587 Nice-

1990 1618 2222 1687 phorum
2259 1618 2331 1671 ita
2359 1618 2661 1688 loquentem
2703 1637 2715 1671 :
2743 1621 2814 1673 Τὸ
2839 1622 2893 1673 δὲ
2926 1621 3030 1674 τῶν
3070 1622 3456 1693 Ἀποκριτικῶν
3480 1624 3544 1677 ὲν

1989 1712 2053 1781 τῇ
2097 1712 2370 1782 ἐπιγραφῇ
2417 1714 2786 1784 προκείμενον,
2815 1714 2995 1785 ἐπειδὴ
3038 1713 3178 1768 κατὰ
3213 1716 3539 1788 διαφόρωνή

322 1804 436 1859 fore
464 1805 878 1858 existimamus:
921 1819 1051 1857 sane
1093 1804 1136 1857 si
1171 1812 1399 1868 constet,
1427 1801 1720 1873 Magnetem
1755 1813 1878 1858 ante

1988 1800 2125 1867 λέξις
2172 1803 2579 1872 σημαινομένων
2630 1804 2885 1875 φέρεται,
2941 1803 3137 1868 ἱκανῶς
3182 1806 3543 1876 ἐπετάραττεν

319 1895 569 1966 Origenis
627 1905 868 1964 tempora
916 1896 1200 1961 ﬂoruisse,
1236 1904 1295 1950 ut
1336 1896 1553 1965 quidam
1603 1896 1879 1951 existima-

319 1998 447 2043 runt
480 1988 611 2057 (65),
646 1988 895 2043 ﬂoruisse
935 2004 1057 2042 eum
1092 2003 1315 2043 necesse
1345 1997 1427 2043 est
1470 2003 1533 2043 ea
1559 1987 1673 2057 ipsa
1700 1997 1875 2053 celate,

318 2094 426 2147 qua
470 2078 752 2134 erroribus
807 2080 914 2134 illis
968 2095 1074 2134 non
1128 2080 1345 2135 defuere
1388 2079 1566 2149 magni
1605 2089 1874 2136 auctores.

320 2170 427 2225 Sed
457 2170 670 2225 interim
704 2172 831 2227 dum
864 2182 1025 2226 tantre
1052 2173 1331 2227 vetustatis
1380 2183 1694 2242 argumenta
1723 2173 1878 2229 nobis

320 2270 469 2317 certa
495 2272 801 2333 suppetant,
830 2265 999 2319 tutius
1035 2264 1195 2319 fuerit
1217 2282 1337 2319 cum
1381 2264 1684 2335 Nicephoro
1712 2266 1879 2335 patri-

320 2357 491 2409 archa
530 2367 582 2409 et
635 2356 756 2410 aliis
807 2355 1285 2410 lconomachorum
1330 2358 1655 2412 adversariis
1701 2356 1879 2411 Maca-

320 2446 464 2498 rium
511 2442 809 2515 Magnetem
839 2446 1038 2500 saeculo
1069 2447 1278 2515 integro
1311 2454 1544 2501 statuere
1581 2446 1875 2516 juniorem,

324 2546 385 2591 ut
412 2536 643 2608 Origene
673 2538 889 2607 quidem
934 2546 985 2592 et
1024 2536 1357 2593 Tertulliano
1390 2539 1675 2605 recentior,
1709 2538 1877 2593 Atha~

324 2628 482 2681 nasio
528 2635 704 2682 autem
743 2636 795 2682 et
841 2627 1054 2682 concilii
1099 2625 1299 2682 Niczeni
1354 2626 1606 2683 Patribus
1654 2627 1878 2697 aequalis

324 2722 607 2775 habeatur.

613 2810 639 2882 ᾗ
679 2808 816 2865 XIV.
855 2809 1079 2864 Macarii
1108 2810 1363 2881 Magnetis
1393 2811 1607 2881 scripta.

394 2905 720 2959 Accedimus
748 2920 889 2959 nunc
912 2904 975 2957 ad
1011 2904 1378 2959 recensionem
1415 2905 1737 2974 scriptorum
1771 2902 1881 2958 Ma-

326 2998 458 3055 carii
494 2995 780 3065 Magnetis,
810 3012 1042 3066 quorum
1070 2996 1331 3051 hactenus
1353 2996 1493 3050 inter
1523 2998 1763 3053 eruditos
1791 2997 1880 3050 vix

325 3091 433 3145 ulla
464 3089 666 3143 exstitit
692 3088 974 3148 memoria,
1002 3087 1199 3142 nedum
1223 3095 1364 3141 certa
1388 3086 1631 3157 quaedam
1661 3088 1878 3154 notitia;

324 3183 524 3253 quippe
553 3182 691 3235 inter
719 3179 1208 3234 vetustissimorum
1234 3187 1511 3233 auctorum
1534 3190 1879 3234 monumenta

324 3272 605 3342 deperdita
649 3271 761 3341 (64)
813 3272 1092 3340 hucusque
1146 3270 1340 3340 injuria
1397 3280 1699 3342 temporum
1751 3272 1884 3326 deli-

326 3365 495 3419 tuisse
537 3364 647 3433 jam
701 3378 863 3433 supra
911 3362 1290 3417 indicavimus.
1329 3361 1393 3417 Et
1417 3362 1664 3433 quamvis
1694 3362 1880 3417 hodie-

328 3471 459 3509 num
489 3454 663 3508 adhuc
698 3454 901 3523 integra
938 3453 1109 3523 ipsius
1154 3468 1314 3521 opera
1348 3454 1413 3507 ad
1443 3469 1638 3509 manus
1670 3459 1883 3508 nostras

327 3546 471 3601 haud
522 3547 904 3615 pervenerint,
948 3546 1183 3615 pretiosa
1235 3554 1413 3600 tamen
1462 3544 1881 3615 ἀποσπασμάτια

327 3640 752 3712 quamplurima,
780 3640 990 3709 aliaque
1009 3639 1249 3708 ejusdem
1277 3640 1555 3709 scriptoris
1582 3638 1881 3710 fragmenta

327 3734 395 3787 ad
429 3731 729 3786 doctrinam
755 3731 1172 3786 ecclesiasticam
1205 3746 1461 3801 perquam
1502 3731 1671 3793 utilia,
1697 3740 1882 3786 nostro

327 3824 543 3878 tandem
582 3823 780 3877 szeculo
820 3823 874 3877 in
912 3823 1370 3892 pra'stantissimis
1394 3822 1735 3877 bibliothecis
1766 3821 1883 3878 feli-

327 3915 463 3970 citer
504 3914 753 3980 inventa,
803 3930 833 3969 e
878 3924 960 3969 tot
1006 3916 1327 3970 saeculorum
1377 3914 1610 3970 tenebris
1664 3915 1879 3970 demum

325 4002 613 4057 emersisse
644 4003 1010 4073 maximopere
1045 4005 1359 4075 gaudemus.
1390 4003 1537 4074 Opus
1567 4005 1740 4075 ipsum
1778 4006 1880 4060 hu-

322 4094 415 4163 jus
439 4095 729 4163 pervetusti
759 4096 994 4150 auctoris
1018 4097 1174 4151 titulo
1193 4096 1462 4167 Apologia:
1484 4096 1787 4168 evangelica:
1814 4099 1883 4151 ad

335 4186 703 4241 Theosthenem
741 4186 987 4242 adversus
1034 4189 1249 4259 gentiles
1292 4187 1563 4259 Evangelii
1590 4189 1882 4243 calumnia-

331 4286 465 4331 tores
510 4278 824 4349 insignitum
856 4280 1071 4349 quidem
1108 4280 1334 4349 legimus
1383 4297 1413 4334 a
1456 4279 1715 4336 Zacharia
1753 4280 1883 4336 Cre-

333 4370 493 4435 tensi,
524 4368 811 4437 Turriano,
841 4369 1155 4439 Possevino,
1192 4372 1419 4441 aliisque
1444 4373 1833 4429 recentioribus
1867 4394 1880 4426 :

1984 1893 2090 1947 τῶν
2134 1893 2435 1946 ἀκουόντων
2485 1894 2580 1965 τὴν
2632 1894 2912 1966 αἴσθησιν,
2958 1896 3161 1950 ἔννοιαν
3203 1896 3247 1949 δ’
3277 1893 3367 1951 οὖν
3397 1898 3543 1967 ὅμως

1984 1984 2211 2038 ἐνταῦθα
2255 1988 2510 2057 παρεῖχεν
2535 1986 2613 2057 τῷ
2646 1987 3041 2057 ἐντυγχάνοντι,
3079 1988 3153 2052 ὡς
3184 1988 3275 2041 ἐπὶ
3306 2006 3545 2061 προηπο-

1987 2077 2234 2148 ρημένων
2260 2078 2292 2148 ἦ
2318 2077 2681 2149 προτεθέντων
2722 2082 2799 2142 εἰς
2840 2080 3061 2151 ζήτησιν
3104 2081 3362 2152 πρότερον
3387 2082 3545 2134 τινῶν

1984 2170 2155 2237 λόγων
2186 2170 2467 2237 ἐπάγεται,
2502 2169 2599 2240 τὴν
2635 2170 2786 2223 λύσιν
2831 2170 2863 2240 ἢ
2907 2171 3005 2243 τὴν
3047 2171 3317 2243 ἐπίκρισιν
3347 2172 3544 2226 τούτων

1984 2262 2414 2335 ὑπαγορεύουσα,
2448 2281 2500 2317 κ.
2544 2281 2593 2316 τ.
2634 2263 2681 2315 λ.
2719 2262 3155 2319 Αροειιιτιεοιιιιιι
3183 2276 3355 2319 autem
3389 2282 3543 2320 voca--

1986 2354 2185 2417 bulum,
2216 2355 2353 2425 quod
2377 2357 2429 2408 in
2460 2355 2614 2408 titulo
2653 2357 2905 2418 occurrit,
2934 2356 3055 2425 quia
3082 2357 3151 2408 ad
3180 2359 3350 2410 varias
3380 2359 3545 2426 signi—

1984 2446 2254 2513 ﬁcationes
2296 2446 2625 2514 producitur,
2674 2455 2893 2499 mentem
2938 2448 3261 2500 audientium
3305 2462 3403 2500 non
3442 2464 3542 2515 pa-

1985 2552 2100 2588 rum
2138 2537 2406 2606 torquebat
2438 2552 2455 2589 :
2482 2536 2643 2590 dabat
2673 2548 2845 2591 tamen
2890 2537 3070 2591 lectori
3113 2538 3245 2590 hanc
3289 2540 3545 2607 suspicio‘

1985 2642 2124 2691 nem,
2158 2628 2415 2697 quasdam
2458 2628 2619 2696 fuisse
2660 2630 2971 2698 quwstiones
3010 2642 3130 2683 ante
3165 2639 3541 2695 controversas,

1984 2716 2060 2771 vel
2090 2717 2158 2770 ad
2187 2717 2583 2786 disceptandum
2621 2720 2939 2788 propositas.
2976 2718 3043 2771 ad
3077 2735 3205 2789 quas
3240 2720 3541 2773 vocabulum

1984 2808 2120 2861 illud
2149 2810 2446 2877 pertineret,
2481 2819 2527 2861 et
2555 2826 2776 2879 quarum
2819 2812 2922 2863 sive
2952 2810 3259 2863 solutiOnem
3286 2811 3389 2864 sive
3417 2825 3543 2864 exa-

1988 2914 2101 2953 men
2133 2899 2409 2966 indicaret,
2432 2911 2536 2954 etc.
2568 2900 2698 2971 (65).

2078 2992 2106 3063 ᾗ
2137 2991 2252 3046 XV.
2286 2992 2494 3047 Notitia
2523 2995 2761 3048 codicum
2791 3011 2913 3048 mss.
2942 2997 3111 3065 operis
3140 2995 3455 3049 Macariani.

2059 3086 2276 3142 Exstitit
2308 3087 2434 3141 olim
2467 3087 2733 3158 integrum
2761 3103 2897 3158 opus
2920 3088 3308 3160 apologeticum
3337 3087 3547 3158 Magne-

1991 3179 2079 3244 tis,
2107 3179 2346 3249 quinque
2386 3178 2542 3235 libris
2586 3191 2862 3245 constans,
2892 3181 3031 3235 inter
3060 3195 3191 3235 mss.
3222 3180 3435 3234 codices
3461 3180 3544 3232 bi-

1990 3270 2271 3326 bliotheca:
2301 3269 2538 3336 Venetae,
2573 3287 2682 3340 quo
2716 3272 2897 3326 codice
2930 3287 2987 3327 se
3016 3287 3173 3326 usum
3201 3286 3320 3327 esse
3342 3273 3559 3340 passim

1990 3364 2273 3432 proﬁtetur
2298 3361 2620 3425 Turrianus,
2667 3363 2793 3416 dum
2828 3363 2975 3417 varia
3025 3363 3219 3418 exinde
3254 3362 3548 3433 publicavit

1990 3463 2239 3523 excerpta
2266 3456 2459 3524 partim
2493 3453 2697 3519 Greece,
2738 3459 2935 3523 partim
2972 3454 3163 3511 Latine
3193 3464 3400 3509 tantum
3429 3455 3545 3510 edi-

1988 3555 2065 3599 ta.
2094 3542 2324 3599 Unicum
2368 3552 2576 3597 tantum
2609 3543 2780 3611 ipsius
2812 3544 2988 3598 locum
3016 3544 3196 3598 citabo
3217 3558 3282 3597 ex
3314 3552 3545 3597 tractatu

1988 3650 2087 3705 pro
2114 3634 2415 3690 canonibus
2457 3634 2686 3703 apostol.
2733 3642 2918 3687 contra
2952 3634 3355 3688 Centuriatores
3394 3633 3545 3703 Mag-

1988 3725 2134 3790 deb.,
2166 3722 2261 3778 lib.
2296 3738 2368 3787 tv,
2406 3738 2459 3792 p.
2488 3738 2559 3776 In.
2592 3723 2696 3776 517
2733 3723 2843 3793 (66)
2875 3742 2886 3776 :
2925 3721 3044 3775 Non
3073 3724 3259 3793 pigebit
3290 3724 3373 3777 hic
3406 3740 3548 3792 repe-

1989 3825 2112 3881 tere,
2141 3815 2335 3884 inquit,
2366 3828 2479 3882 qua:
2524 3830 2586 3867 ea:
2625 3814 2758 3867 libro
2787 3831 2818 3867 v
2865 3813 3121 3884 Magnetis
3169 3826 3349 3867 contra
3383 3814 3567 3879 Theo:

1988 3908 2217 3961 stltenem
2248 3908 2302 3959 in
2328 3906 2634 3976 Dogmatico
2659 3915 2835 3959 nostra
2860 3905 2921 3959 de
2950 3907 3333 3975 justi/icatione
3358 3905 3549 3959 Latine

1988 4002 2358 4069 interpretatus
2400 4015 2536 4063 sum,
2571 4015 2687 4051 cum
2714 3999 2778 4052 de
2818 3999 2921 4067 [ide
2962 3999 3186 4053 Abralue
3219 4000 3540 4053 dissererem.

1990 4092 2049 4149 Si
2084 4096 2199 4164 quis
2225 4092 2405 4147 Graeca
2437 4092 2672 4161 conferre
2710 4092 2951 4157 coluerit,
2982 4092 3098 4144 inde
3132 4101 3290 4161 petat.
3320 4090 3545 4160 Scripsit

1989 4191 2072 4243 hic
2105 4198 2291 4242 auctor
2312 4196 2431 4240 ante
2467 4185 2609 4238 mille
2650 4194 2697 4238 et
2736 4185 3140 4255 quadringentos
3189 4202 3351 4239 annos
3382 4184 3543 4239 libros

1988 4285 2211 4353 quinque
2237 4281 2581 4351 apologeticos
2608 4296 2704 4349 pro
2730 4278 3033 4347 Evangelio,
3057 4280 3147 4348 qui
3190 4295 3347 4348 usque
3380 4280 3430 4332 in
3454 4279 3547 4331 Iw-

1989 4377 2226 4428 diernum
2255 4377 2393 4427 diem
2425 4375 2477 4426 in
2502 4372 2805 4425 bibliotheca
2841 4371 3029 4425 Veneta
3066 4382 3351 4425 servantur.
3378 4371 3547 4439 Cujus

331 4471 385 4517 et
429 4477 496 4517 ex
547 4462 815 4517 Turriano
871 4463 1146 4531 speciatim
1181 4471 1413 4529 constat,
1458 4466 1680 4535 quinque
1718 4464 1885 4521 fuisse
1919 4482 1961 4537 ο
1990 4467 2358 4521 testimonium
2394 4467 2437 4521 si
2465 4468 2557 4536 qui
2593 4476 2652 4521 ut
2681 4467 2796 4519 leve
2836 4481 2899 4519 ac
2929 4472 3240 4534 suspectum
3271 4464 3545 4534 rejiciunt,

328 4552 491 4606 libros
538 4553 945 4621 Ἀποκριτικῶν
985 4556 1098 4610 sive
1142 4554 1551 4624 Responsionum
1589 4556 1820 4625 scriptos
1852 4571 1881 4610 a

328 4643 575 4715 Magnete
608 4646 908 4701 hierarcha.
939 4645 1093 4712 Quod
1121 4656 1174 4701 et
1203 4647 1406 4701 diserto
1432 4648 1587 4717 longe
1616 4648 1887 4719 antiquio-

329 4739 405 4791 ris
438 4738 720 4805 scriptoris
754 4739 1107 4793 conlirmatur
1140 4739 1445 4793 testimonio
1476 4739 1527 4792 in
1561 4740 1745 4793 codice
1780 4756 1881 4795 ms.

329 4828 668 4883 bibliothecae
696 4827 875 4899 Regia:
902 4828 1224 4885 Parisiensis
1256 4830 1472 4900 optima:
1496 4840 1636 4886 noue
1662 4842 1716 4886 et
1747 4833 1885 4887 anti-

328 4921 555 4989 quitatis
583 4937 809 4975 numero
838 4920 996 4986 3502,
1024 4920 1116 4975 fol.
1159 4921 1288 4985 205,
1336 4922 1388 4975 in
1430 4938 1539 4992 quo
1578 4923 1644 4977 de
1672 4922 1825 4979 libris
1854 4939 1885 4977 a

328 5011 567 5067 Macario
620 5012 865 5084 Magnete
913 5013 1126 5081 scriptis
1177 5014 1292 5069 haac
1344 5015 1571 5084 paucula
1622 5014 1690 5069 ad
1734 5031 1883 5070 oram

334 5104 538 5160 codicis
565 5106 733 5159 minio
782 5114 965 5159 notata
997 5106 1265 5177 leguntur,
1310 5120 1435 5176 qua!
1467 5108 1646 5177 quoad
1697 5108 1886 5162 ultima

329 5195 493 5248 verba
524 5196 808 5251 vetustatis
836 5196 966 5250 vitio
994 5198 1208 5266 penitus
1235 5195 1344 5251 fere
1371 5198 1650 5252 obliterata
1680 5198 1879 5252 inveni-

331 5302 456 5341 mus
498 5302 511 5338 :
550 5287 655 5341 Τοῦ
708 5288 989 5360 Μακαρίου
1038 5290 1327 5362 Μάγνητος
1377 5290 1470 5342 καὶ
1518 5288 1702 5360 ἓτερον
1755 5289 1884 5357 σύγ-

405 5441 517 5514 (65)
545 5441 753 5514 Confer
788 5442 1051 5514 judicium
1098 5441 1420 5514 Tillemontii
1455 5456 1521 5495 ex
1562 5442 1599 5494 1.
1635 5455 1683 5493 c.
1730 5456 1884 5510 repe-

334 5511 507 5567 titum
542 5512 594 5564 in
630 5511 678 5566 J.
715 5511 1051 5567 A.’Fabricii
1103 5512 1311 5565 Delectu
1362 5520 1783 5582 argumentorum
1825 5514 1887 5565 de

333 5584 483 5638 verit.
518 5582 663 5651 relig.
696 5583 916 5648 Christ.,
946 5598 1066 5651 pag.
1102 5583 1188 5635 70.

406 5653 516 5732 (64)
539 5651 875 5732 Quapropter
914 5663 967 5707 et
1004 5651 1051 5732 J7.
1095 5654 1157 5706 A.
1196 5651 1473 5732 Eabricius
1513 5654 1662 5732 hunc
1695 5660 1884 5732 aucto-

334 5740 446 5779 rem
498 5722 632 5777 inter
679 5724 970 5791 scriptores
1022 5722 1326 5793 deperditus
1363 5724 1545 5779 saeculi
1594 5737 1651 5775 ιιι
1693 5724 1884 5779 merito

1988 4557 2208 4612 credant
2249 4557 2435 4610 saltem
2482 4556 2720 4625 antiquis
2766 4554 3103 4611 bibliothecae
3142 4552 3358 4608 Veneta:
3396 4563 3547 4607 cata-

1986 4646 2143 4716 logis,
2176 4661 2240 4699 ex
2273 4647 2469 4712 quibus
2504 4646 2847 4715 perspicitur,
2880 4644 3048 4699 libros
3091 4645 3212 4699 illos
3255 4644 3307 4697 in
3352 4644 3545 4698 biblio-

1985 4737 2139 4792 theca
2172 4735 2231 4789 D.
2264 4734 2424 4790 Marci
2471 4735 2656 4804 utique
2697 4744 3005 4790 asservatos
3048 4732 3248 4799 fuisse,
3301 4741 3546 4788 notatos-

1985 4844 2089 4899 que
2118 4844 2344 4882 numero
2378 4828 2440 4881 A.
2476 4828 2560 4891 M,
2596 4828 2757 4897 idque
2788 4829 2842 4880 in
2885 4843 3080 4897 papyro
3106 4838 3153 4880 et
3190 4828 3301 4879 sine
3327 4825 3541 4890 tabulis,

1986 4922 2040 4975 id
2076 4930 2177 4986 est,
2220 4922 2337 4975 sine
2382 4920 2635 4989 tegmine.
2671 4918 2886 4973 Similes
2934 4919 3204 4987 catalogos
3241 4918 3345 4972 hoc
3369 4918 3541 4986 ipsum

1986 5015 2389 5076 conﬁrmantes,
2418 5027 2587 5066 unum
2622 5012 2678 5065 in
2728 5011 2860 5065 bibl.
2895 5008 3057 5080 Regia
3086 5007 3285 5073 Paris.,
3315 5008 3540 5062 alterum

1988 5106 2041 5159 in
2084 5104 2415 5169 Colbertina,
2468 5119 2527 5159 se
2574 5103 2776 5159 vidisse
2821 5110 3049 5155 testatur
3106 5100 3175 5154 cl.
3230 5098 3542 5159 Boivinius;

1986 5197 2318 5267 proindeque
2359 5196 2502 5250 haud
2532 5195 2762 5259 dubitat,
2787 5193 2916 5263 quin
2944 5192 2980 5245 ii
3010 5191 3157 5253 libri,
3185 5190 3230 5243 si
3256 5188 3412 5243 hodie
3433 5202 3539 5242 non

1987 5290 2348 5358 reperiuntur,
2380 5287 2462 5341 vel
2506 5286 2648 5341 l'urto
2674 5284 2970 5354 perierint,
2998 5293 3057 5336 ut
3084 5282 3174 5335 alii
3213 5282 3537 5350 complures,

1984 5445 2167 5499 retulit
2206 5446 2261 5498 in
2308 5444 2630 5499 Bibliotheca
2657 5440 2863 5502 Greca,
2890 5438 2998 5491 vol.
3038 5436 3101 5499 V,
3141 5454 3192 5493 c.
3237 5438 3297 5502 1,
3322 5452 3377 5502 p.
3411 5437 3539 5493 276.
3616 5472 3619 5475 η

2057 5516 2167 5585 (65)
2194 5515 2393 5569 Confer
2414 5514 2576 5568 etiam
2601 5526 2721 5580 quae
2752 5526 2912 5578 supra
2950 5508 3060 5579 jam
3095 5518 3207 5563 tum
3241 5508 3292 5561 in
3324 5508 3351 5579 §
3385 5508 3419 5565 8
3447 5511 3542 5566 ad-

1983 5585 2143 5637 ducta
2173 5595 2319 5639 sunt.

2058 5654 2166 5724 (66)
2202 5654 2340 5711 Edit.
2373 5652 2595 5709 Lutetia:
2632 5650 2787 5717 1575,
2816 5651 2975 5707 inv8".
