3966 6206
481 341 617 399 i367

1765 335 2119 395 MACARlUS
2155 336 2453 395 MAGNES.

3577 336 3706 394 1368

480 462 564 518 vel
608 463 715 517 situ
750 461 1056 532 consumpti
1091 461 1219 524 sint,
1266 461 1399 516 viles
1448 459 1656 516 scilicet
1685 460 1874 525 habiti,
1897 468 1948 514 et
1977 462 2045 512 ab
2075 465 2116 520 Α
2153 457 2440 528 Magnetis)
2482 475 2598 530 quae
2642 475 2738 512 non
2789 458 2990 514 sincere
3036 468 3222 514 contra
3257 473 3438 514 sacras
3467 457 3717 529 imagines

481 555 617 626 ipsis
643 553 1068 610 bibliothecariis
1107 553 1353 624 neglecti,
1392 563 1673 625 propterea
1705 551 1849 622 quod
1881 553 2041 607 char-

483 646 624 702 taeei
661 653 715 700 et
765 644 904 698 male
949 644 1237 714 enmpacti,
1273 654 1326 699 et
1374 643 1606 699 fortasse
1653 644 1827 698 mutili
1869 659 1933 700 ac
1967 643 2030 698 la-

479 738 591 793 ceri
630 749 806 793 erant.
839 736 1079 807 Eamque
1122 739 1292 806 ipsam
1324 753 1446 793 eum
1485 737 1726 792 Boivinio
1759 737 2045 805 opinamur

480 844 703 883 causam
745 827 934 892 fuisse,
970 843 1069 882 cur
1119 829 1170 882 in
1203 844 1299 883 eos
1340 829 1636 899 catalogos,
1676 829 1770 898 qui
1816 829 2042 884 nuncin

478 920 803 974 bibliotheca
853 918 1055 975 Veneta
1106 931 1264 987 sunt,
1319 936 1426 974 non
1476 921 1628 976 relati
1679 920 1944 976 fuerunt:
1989 921 2043 975 in

478 1013 678 1081 quibus
712 1013 913 1067 nullam
944 1023 1158 1070 exstare
1186 1013 1446 1084 Magnetis
1479 1015 1831 1077 mentionem,
1861 1013 2043 1070 Boivi-

479 1105 629 1158 nium
665 1105 791 1158 olim
843 1104 1104 1159 docuerat
1148 1105 1263 1172 ipse
1308 1105 1749 1161 bibliOthecarius
1787 1105 2044 1170 Venetus,

477 1195 884 1249 eruditissimus
931 1193 1114 1250 Letus.
1152 1193 1307 1262 Quod
1355 1196 1495 1250 idem
1533 1197 1843 1266 nuperrime
1868 1198 2047 1253 adhuc

478 1302 542 1339 ex
569 1285 764 1341 litteris
809 1286 1112 1342 doctissimi
1153 1287 1436 1356 cujusdam
1484 1288 1667 1354 amici,
1703 1287 1942 1344 Venetiis
1968 1290 2050 1344 vi-

481 1388 588 1431 tam
623 1378 854 1449 agentis,
879 1395 979 1448 ope
1008 1379 1336 1449 promotoris
1370 1388 1531 1450 atque
1569 1379 1786 1450 collega:
1820 1381 2047 1452 conjun-

479 1468 709 1523 ctissimi
759 1468 823 1523 Ι).
878 1469 1144 1524 Fcucrlini
1209 1472 1604 1542 perspeximus.
1657 1471 1858 1528 Prmter
1903 1473 2048 1528 hunc

479 1561 720 1616 codicem
756 1559 1042 1628 Venetum,
1075 1565 1165 1632 qui
1197 1579 1387 1620 omnes
1418 1565 1658 1635 quinque
1686 1567 1852 1621 libros
1891 1568 2048 1620 ’Ano—

482 1652 744 1723 κριτικῶν
777 1654 1060 1725 complecti
1085 1655 1306 1721 dicitur,
1353 1657 1406 1709 in
1449 1655 1699 1728 Catalogo
1730 1674 1856 1712 mss.
1886 1657 2048 1712 libro-

481 1762 598 1798 rum
650 1746 972 1800 bibliotheca:
1028 1745 1316 1813 Vaticanis,
1356 1747 1447 1817 qui
1480 1749 1607 1803 olim
1648 1764 1812 1819 penes
1837 1750 2049 1821 episco-

481 1853 609 1906 pum
642 1836 1028 1893 Norvicensem
1057 1840 1108 1893 in
1135 1841 1325 1911 Anglia
1361 1840 1477 1904 fuit,
1509 1841 1754 1895 similiter
1783 1843 2050 1911 reperitur

483 1929 571 1983 hic
628 1930 817 1984 titulus
854 1931 974 1984 libri
1006 1949 1018 1983 :
1047 1932 1333 2002 Μάγνητος
1377 1935 1441 1985 ὲκ
1485 1933 1592 1986 τῶν
1620 1933 1754 2005 πρὸς
1785 1933 2049 2005 Ἕλληνας

481 2023 858 2094 ἀποκρίσεων,
899 2040 1060 2094 quem
1103 2041 1168 2079 ex
1215 2026 1317 2080 ﬁde
1365 2037 1741 2098 excerptorum
1785 2026 1869 2082 Jo.
1914 2027 2044 2084 Ern.

483 2115 666 2170 Grabii
695 2116 800 2170 huc
831 2116 1174 2171 referendum
1223 2117 1501 2186 duximus,
1531 2129 1590 2175 ut
1629 2121 1870 2176 curatius
1897 2122 2046 2176 illum

482 2208 719 2264 codicem
764 2210 1119 2282 investigandi
1161 2212 1601 2269 subministretur
1634 2215 1872 2270 occasio.
1909 2214 2046 2270 Dum

484 2297 649 2369 igitur
687 2300 842 2370 plura
876 2318 939 2356 ac
973 2304 1205 2359 certiora
1235 2306 1301 2360 de
1335 2305 1545 2378 integro
1585 2321 1747 2377 opere
1789 2305 2049 2376 Magnetis

484 2391 774 2461 aliquando
827 2395 1125 2458 tradantur,
1172 2398 1438 2467 jacturam
1496 2399 1654 2455 istam
1705 2400 2048 2470 aliquatenus

484 2488 750 2543 resarcire
800 2487 1032 2558 juvabit,
1080 2491 1126 2544 si
1179 2491 1473 2562 pleniorem
1509 2491 1932 2564 fragmentorum
1981 2509 2048 2548 ex

484 2578 590 2632 hoc
621 2579 876 2634 thesauro
904 2581 1181 2651 deperdito
1214 2592 1591 2655 excerptorum
1641 2585 1886 2640 notitiam
1923 2601 2046 2640 eum

483 2669 700 2723 erudito
745 2670 877 2724 orbe
925 2673 1546 2742 communieaverimus,
1609 2675 1924 2747 fontesque,
1980 2693 2046 2734 ex

482 2761 683 2830 quibus
708 2763 812 2817 ista
851 2763 1069 2820 haurire
1107 2766 1281 2834 licuit,
1317 2767 1756 2824 iudicaverimus.
1785 2769 2050 2825 Latebant

483 2855 688 2911 scilicet
735 2857 786 2910 in
822 2857 1164 2914 bibliothecis
1210 2875 1373 2930 opera
1409 2860 1464 2914 S.
1500 2859 1785 2931 Nieephori
1821 2863 2049 2932 patriar-

484 2950 600 3004 cha:
627 2949 732 3004 ΟΡ.
768 2952 1093 3022 dogmatica,
1123 2961 1236 3009 slve
1266 2953 1414 3009 Libri
1441 2957 1770 3011 antirrhetici
1805 2972 1904 3027 pro
1945 2957 2048 3013 ﬁde

481 3042 778 3097 orthodoxa
803 3044 1062 3100 adversus
1092 3044 1574 3103 leonomachorum
1605 3047 1771 3106 falsas
1793 3050 2048 3104 crimina-

2148 565 2398 622 usurpata
2426 562 2566 606 sunt.

2399 644 2426 716 ς
2454 644 2594 701 XVI.
2627 645 2822 716 Scopus
2849 646 3164 715 scriptorum
3190 643 3468 716 Magnetis.

2225 735 2459 808 Scopum
2494 739 2660 793 totius
2685 739 2862 808 operis
2895 738 3114 793 Macarii
3151 738 3344 803 nostri,
3387 737 3455 793 de
3487 753 3595 807 quo
3623 755 3713 796 su-

2146 843 2242 898 pra
2271 827 2386 897 jam
2428 837 2540 882 tum
2579 828 2606 899 ᾗ
2651 829 2684 883 9
2719 829 2978 883 nonnulla
3011 829 3265 882 adnotata
3314 843 3437 882 esse
3471 829 3709 887 memini.

2148 919 2350 989 optime
2391 919 2799 990 dijudicandum
2847 934 2971 974 esse
3016 918 3251 973 arbitror
3278 933 3344 972 ex
3387 917 3477 970 illa
3508 916 3710 972 descri-

2152 1012 2356 1082 ptione,
2387 1027 2550 1082 quam
2604 1009 2944 1080 Nieephorus
2989 1009 3295 1080 patriarcha
3337 1024 3462 1065 cum
3497 1008 3714 1078 reliquis

2154 1102 2511 1169 antistitibus,
2530 1103 2623 1174 qui
2643 1119 2855 1158 summa
2878 1119 3007 1158 cura
3036 1104 3137 1158 hoc
3167 1103 3429 1173 scriptum
3458 1101 3713 1173 Magnetis

2150 1196 2456 1266 perlegendi
2516 1206 2679 1266 atque
2736 1195 2880 1250 haud
2941 1193 3307 1266 perfunctorie
3361 1196 3704 1250 examinandi

2149 1305 2371 1344 causam
2400 1291 2659 1353 habuere,
2684 1298 2997 1360 sequentem
3032 1288 3084 1342 in
3118 1288 3339 1344 modum
3370 1288 3424 1342 in
3448 1290 3716 1342 Antirrhe—

2149 1383 2268 1438 ticis
2321 1381 2436 1438 suis
2479 1380 2776 1450 exposuit:
2827 1379 3104 1434 Θεοσθένει
3148 1378 3206 1433 δέ
3255 1397 3359 1432 τινι
3415 1382 3718 1450 προσφωνεῖ

2146 1477 2254 1530 τῶν
2283 1477 2420 1546 ἄγαν
2449 1474 2814 1529 εὐνουστάτων
2847 1472 2994 1544 αὐτῷ
3031 1473 3126 1527 καὶ
3172 1471 3370 1542 φίλων,
3403 1473 3501 1525 καὶ
3537 1471 3716 1544 ὥσπερ

2147 1570 2256 1623 τῶν
2284 1570 2457 1638 λόγων
2482 1569 2745 1640 διορθωτῇ
2787 1568 2880 1620 καὶ
2924 1569 3085 1640 κριτῇ
3119 1565 3434 1638 ὑπάρχοντι·
3464 1566 3493 1618 ὁ
3521 1566 3577 1618 δὲ
3605 1582 3719 1618 σκο-

2150 1663 2249 1725 πὸς
2275 1661 2421 1732 αὐτῷ
2460 1661 2561 1732 τῆς
2603 1660 2983 1735 πραγματείας
3017 1659 3158 1712 κατὰ
3196 1658 3462 1730 Ἐλλήνων
3491 1660 3719 1729 προάγε-

2150 1775 2260 1819 ται,
2288 1757 2382 1809 καὶ
2414 1754 2617 1809 τούτων
2651 1753 2881 1826 μάλιστα
2907 1753 3042 1824 πρός
3074 1770 3194 1806 τινα
3223 1751 3329 1805 τῶν
3361 1754 3424 1804 ὲκ
3450 1751 3553 1822 τῆς
3581 1752 3718 1823 Ἀρι-

2155 1848 2432 1912 στοτέλους
2460 1847 2738 1920 διατριϐῆς
2781 1847 2908 1900 ὄντα
2942 1845 3188 1916 ἐπιφέρει
3229 1843 3326 1909 τὰς
3355 1845 3718 1916 ἀντιρρήσεις,

2150 1942 2305 2012 δόξης
2339 1943 2437 2014 μὲν
2479 1939 2586 1994 τῶν
2631 1939 2927 2012 μοναρχίαν
2957 1939 3362 2011 πρεσϐευόντων
3389 1936 3720 2008 ὑπάρχοντα,

2155 2035 2296 2106 μέγα
2325 2035 2382 2087 δὲ
2420 2034 2512 2086 ἐπὶ
2550 2032 2708 2104 σοφίᾳ
2753 2034 2818 2104 τῇ
2865 2030 3095 2104 Θύραθεν
3139 2029 3473 2102 κεκτημένον
3503 2029 3564 2081 τὸ
3599 2030 3722 2099 (ppe-

2151 2145 2319 2199 νημα,
2352 2128 2444 2180 καὶ
2490 2125 2676 2189 δεινῶς
2723 2125 2822 2197 τὴν
2863 2125 3035 2196 ὀφρὺν
3065 2123 3206 2178 κατὰ
3241 2122 3350 2176 τῶν
3397 2121 3562 2192 ἱερῶν
3594 2122 3719 2174 ἀνα-

2154 2219 2371 2274 σπῶντα
2416 2218 2718 2287 δογμάτων,
2764 2216 2991 2280 καὶτοῖς
3042 2218 3106 2270 ὲκ
3143 2215 3242 2286 τῆς
3281 2213 3486 2278 οἰκείας
3528 2214 3722 2284 τέχνης

2152 2311 2447 2381 σοφίσμασι
2476 2327 2534 2363 τε
2565 2311 2659 2363 καὶ
2685 2308 3003 2379 πιθανότησι
3034 2307 3133 2378 τῆς
3168 2307 3466 2377 ἁπλότητος
3495 2305 3593 2359 τοῦ
3631 2324 3726 2377 μυ-

2152 2404 2372 2475 στηρίου
2420 2402 2512 2456 τοῦ
2557 2401 2676 2456 καθ’
2710 2402 2858 2472 ἡμᾶς
2901 2399 3470 2470 κατακομψευόμενον.
3508 2397 3567 2452 Id
3600 2409 3721 2453 est:

2151 2498 2421 2566 Scriptum
2465 2511 2615 2548 suum
2649 2503 2913 2562 nuncupat
2947 2491 3240 2564 (Macarius
3281 2489 3521 2560 Magnes)
3565 2489 3722 2544 Theo-

2150 2591 2318 2644 stheni
2357 2589 2568 2642 cuidam
2610 2586 2977 2641 amantissimo
3005 2585 3436 2652 charissimoque,
3478 2595 3526 2636 et
3575 2586 3722 2649 quasi

2149 2685 2406 2738 librorum
2457 2696 2670 2736 suorum
2713 2678 3036 2733 emcndatori
3103 2691 3165 2729 ac
3226 2674 3420 2744 judici.
3475 2670 3720 2728 Instituti

2151 2793 2266 2830 vero
2298 2775 2467 2843 operis
2516 2787 2701 2840 scapus
2753 2780 2936 2822 contra
2972 2766 3180 2820 Grarcos
3233 2765 3511 2834 dirigitur,
3563 2776 3614 2819 et
3661 2781 3720 2818 ea:

2151 2868 2389 2922 omnibus
2420 2882 2581 2920 unum
2609 2864 2839 2917 maxime
2864 2859 3203 2914 Aristotelica
3235 2857 3523 2926 disciplina
3551 2859 3720 2910 imbu-

2153 2971 2263 3014 tum
2297 2957 2528 3028 refellere
2567 2955 2853 3015 contendit,
2884 2952 3031 3005 illius
3061 2951 3269 3021 quidem
3302 2951 3570 3020 opinionis
3605 2950 3722 3018 [au-

2151 3062 2349 3118 torcm,
2404 3065 2520 3120 qute
2566 3045 2924 3101 monarchiam
2973 3044 3199 3106 statuit,
3247 3042 3497 3096 doctrina
3548 3051 3719 3094 autem

481 3135 655 3189 tiones
683 3144 737 3188 et
760 3150 1012 3203 perversa
1043 3137 1294 3207 dogmata
1311 3139 1446 3208 (67),
1466 3142 1518 3194 in
1548 3142 1749 3210 quibus
1773 3143 1913 3197 inter
1943 3143 2045 3198 alia
2075 3145 2115 3200 C
2150 3143 2375 3212 profana
2411 3139 2693 3204 tumidum,
2725 3147 2774 3190 et
2812 3137 2865 3189 in
2894 3152 3048 3189 sacra
3081 3135 3330 3203 dogmata
3365 3134 3603 3187 terribile
3633 3150 3720 3186 su-

478 3225 744 3294 t‘eperitur
771 3226 1073 3296 Disputatio
1115 3230 1179 3283 de
1224 3229 1451 3285 Macarii
1502 3232 1764 3304 Magnetis
1811 3237 2046 3289 testimo-

480 3320 602 3385 niis,
636 3335 799 3387 quam
830 3335 892 3374 ex
930 3320 1102 3376 tribus
1140 3320 1422 3378 codicibus
1457 3339 1588 3379 mss.
1631 3327 1847 3394 optimae
1880 3337 2040 3392 notae,

480 3412 646 3484 Regio
674 3412 988 3479 Parisiensi,
1018 3412 1332 3472 Colbertino
1375 3424 1428 3471 et
1457 3415 1791 3474 Coisliniano
1833 3419 2040 3475 descri-

479 3515 622 3576 ptam
672 3521 736 3561 ac
784 3506 1097 3563 ﬁdelissima
1153 3524 1283 3564 cura
1337 3510 1587 3564 collatam
1643 3512 2037 3567 exhibebimus.

474 3597 822 3654 Colbertiuus
874 3600 1041 3656 codex
1096 3602 1579 3669 membranaeeus,
1629 3605 1786 3674 cujus
1838 3606 2042 3660 deseri-

475 3690 636 3745 beudi
681 3693 892 3761 copiam
943 3693 1012 3749 cl.
1070 3691 1153 3749 Jo'.
1205 3693 1452 3749 Boivinio
1502 3695 1616 3766 jam
1675 3704 1788 3750 tum
1845 3696 2042 3752 fecerat

477 3781 665 3854 Steph.
700 3784 975 3852 Baluzius,
997 3796 1485 3857 pervetustus-cst,
1521 3805 1811 3854 annorum,
1840 3802 1898 3846 ut
1926 3791 2041 3860 opi-

409 3927 420 3938 ,
475 3877 706 3931 nabatur
754 3878 1055 3947 Boivinius,
1086 3882 1472 3950 sagacissimus
1519 3883 1857 3952 antiquitatis
1901 3884 2040 3940 litte-

474 3967 634 4022 raris:
680 3981 1081 4039 perserutator,
1132 3973 1301 4028 ferme
1353 3975 1807 4046 octingentorum.
1841 3977 2040 4047 Regius

474 4061 926 4120 membranaccus
977 4067 1150 4120 eidem
1182 4067 1353 4122 multo
1393 4069 1668 4124 recentior
1690 4079 1901 4124 aetatem
1935 4070 2040 4125 500

472 4165 742 4207 annorum
778 4171 887 4226 pra:
936 4171 994 4212 se
1028 4158 1186 4221 ferre,
1219 4169 1270 4213 et
1295 4174 1358 4214 ex
1391 4160 1559 4229 priori
1594 4161 1894 4232 descriptus
1917 4179 2038 4218 esse

472 4244 702 4299 videtur.
739 4246 1108 4304 Coislinianus
1136 4250 1493 4322 bombycinus
1537 4253 1774 4321 quidem,
1804 4255 1895 4310 sed
1923 4257 2038 4311 exi-

473 4338 597 4393 mia:
640 4340 996 4398 nihilominus
1047 4351 1206 4406 notae,
1251 4353 1304 4396 et
1348 4344 1627 4413 antiquus,
1676 4347 1924 4403 videlicet
1982 4367 2033 4404 ιιι

472 4430 688 4486 circiter
739 4434 942 4499 saeculi,
975 4433 1159 4503 judice
1204 4435 1371 4490 celcb.
1418 4435 1480 4491 Ι).
1535 4435 1937 4494 Montfauconio
1979 4442 2032 4495 in

469 4522 799 4577 Bibliotheca
825 4525 1172 4589 Coisliniana,
1201 4527 1322 4581 cod.
1359 4544 1508 4591 xcm,
1537 4544 1656 4598 pag.
1691 4529 1810 4583 M3.
1839 4529 1894 4584 In
1932 4533 2034 4588 hac

469 4614 840 4686 Disputatione
868 4619 1015 4672 varia
1057 4619 1306 4690 leguntur
1336 4630 1586 4690 excerpta
1614 4637 1676 4676 ex
1710 4623 1862 4678 libris
1893 4625 2036 4694 Apo-

469 4710 672 4764 criticis
715 4710 933 4765 Macarii
971 4713 1083 4767 sive
1129 4729 1193 4768 ex
1243 4716 1362 4786 ejus
1407 4717 1637 4788 dialogis
1683 4734 1805 4774 cum
1847 4719 2034 4776 Graeco

469 4803 583 4856 sive
632 4803 850 4858 ethnico
899 4805 1246 4876 philosopho,
1298 4809 1498 4878 quibus
1539 4815 1816 4882 praemissa
1868 4822 1953 4868 est
2002 4830 2032 4868 a

467 4894 770 4966 Nicephoro
810 4899 1111 4970 Ἐπίκρισις
1145 4901 1261 4971 ἤτοι
1295 4902 1619 4976 διασάφησις
1646 4905 1752 4958 τῶν
1784 4908 1882 4960 οὑκ
1911 4907 2034 4961 εὐα-

466 4991 575 5058 γῶς
606 4990 970 5062 ὲκληφθεισῶν
1003 4993 1142 5046 κατὰ
1166 4994 1272 5046 τῶν
1303 4996 1461 5066 ἱερῶν
1509 4999 1733 5052 εἰκόνων
1766 5001 2030 5072 χρήσεων,

464 5084 729 5154 γενομένη
755 5084 902 5154 παρὰ
928 5085 1036 5138 τῶν
1071 5086 1426 5156 προεστώτων
1458 5089 1551 5142 τοῦ
1578 5090 1737 5162 ὀρθοῦ
1775 5092 1872 5162 τῆς
1915 5093 2032 5145 Ἐκ-

465 5175 689 5245 κλησίας
721 5177 1008 5247 δόγματος,
1036 5178 1087 5232 id
1125 5190 1206 5232 est
1234 5198 1244 5231 :
1273 5179 1584 5233 Antistitum
1623 5183 2031 5236 orthodoxorum

463 5269 721 5334 iudicium
752 5271 856 5324 sive
887 5271 1178 5325 declaratio
1209 5272 1273 5326 de
1296 5273 1605 5328 testimoniis
1636 5274 1778 5345 (scil.
1811 5273 2029 5331 Macarii

533 5515 644 5585 (67)
663 5518 848 5593 Cujus
874 5521 1055 5590 operis
1094 5521 1279 5593 inediti
1320 5534 1667 5593 conspectum
1697 5533 1858 5593 atque
1881 5527 2028 5581 elen-

461 5585 624 5638 chum
659 5585 884 5644 Parisiis
912 5585 1064 5645 anno
1093 5592 1230 5646 1705
1266 5585 1504 5651 vulgavit
1533 5592 1598 5648 Β.
1638 5592 1700 5648 Ρ.
1741 5585 2029 5651 Ᾰιιεριιιιυδ

458 5654 784 5720 Bandurius,
834 5676 996 5724 quem
1041 5662 1102 5717 Β.
1153 5662 1200 5716 J.
1245 5662 1308 5716 Α.
1359 5654 1637 5718 Fabricius
1692 5663 2030 5722 Bibliotheca:

459 5725 657 5802 Grazca’
687 5728 913 5802 _vol._Vl,
937 5746 1057 5802 pag.
1094 5733 1198 5786 640
1225 5749 1401 5802 seqq.,
1430 5735 1678 5792 inseruit.

528 5795 640 5868 (68)
687 5795 742 5852 ln
774 5795 1067 5855 Exercitui.
1100 5805 1274 5859 select.
1306 5795 1448 5873 part.
1485 5816 1710 5874 poster.,
1743 5823 1860 5877 pag.
1900 5807 2022 5862 235.

2146 3232 2420 3304 percilium
2470 3229 2816 3292 attollentem,
2846 3244 3055 3299 sumque
3083 3229 3216 3280 artis
3261 3225 3552 3294 fallacibus
3601 3242 3718 3292 corr,-

2146 3323 2489 3379 clusiunculis
2518 3320 2978 3391 probabilibusque
3016 3319 3565 3391 argumentationibus
3593 3319 3718 3372 sim-

2143 3420 2374 3489 plicitati
2409 3417 2528 3479 ﬁdei
2576 3425 2771 3470 nostra:
2805 3415 3131 3468 illudentem.
3166 3413 3374 3466 Exinde
3408 3413 3578 3482 igitur
3607 3412 3716 3483 pri-

2144 3526 2291 3566 mum
2341 3511 2394 3565 in
2425 3521 2678 3578 promptu
2729 3517 2814 3561 cst
2844 3506 3238 3561 Theosthcnem
3276 3520 3387 3559 non
3422 3503 3599 3559 fuisse
3628 3507 3716 3558 ad-

2143 3602 2440 3658 versarium
2488 3599 2704 3655 Macarii
2757 3599 3018 3668 Magnetis
3049 3613 3173 3652 eum
3223 3612 3333 3667 quo
3373 3597 3427 3651 in
3471 3597 3715 3666 disputa-

2144 3695 2290 3750 tione
2343 3709 2442 3749 sua
2478 3693 2840 3756 contenderit,
2879 3691 2973 3746 sed
3022 3691 3256 3745 anticum
3307 3690 3714 3752 charissimum,

2142 3788 2207 3841 ad
2242 3801 2404 3856 quem
2457 3800 2554 3840 ceu
2611 3784 2876 3854 optimum
2907 3781 3144 3852 judiecm
3194 3780 3510 3850 Apologiam
3562 3797 3711 3835 suam

2142 3895 2241 3950 pro
2271 3878 2520 3933 doctrina
2549 3876 2860 3932 Christiana
2910 3882 3096 3929 contra
3148 3873 3378 3942 gentiles
3426 3871 3714 3942 Evangelia

2141 3971 2539 4027 calumniantes
2573 3968 2922 4038 conscripsit,
2977 3968 3207 4038 ejusque
3251 3966 3463 4020 nomini
3496 3967 3709 4021 dicavit.

2142 4066 2368 4120 Fallitur
2398 4075 2682 4134 propterea
2718 4063 3020 4118 Turriauus
3063 4072 3176 4118 tum
3214 4063 3267 4118 in
3300 4063 3621 4133 praefatione
3647 4064 3709 4118 ad

2141 4157 2552 4214 Constitutiones
2587 4156 2926 4226 apostolicos,
2963 4165 3074 4210 tum
3108 4156 3159 4209 in
3190 4156 3283 4209 lib.
3314 4172 3353 4209 ιι
3383 4172 3486 4226 pro
3512 4158 3711 4227 episto-

2139 4252 2205 4306 lis
2238 4250 2574 4322 pontiﬁcum,
2601 4266 2720 4320 cap.
2748 4251 2802 4314 5,
2828 4266 2882 4320 p.
2926 4266 3000 4304 ιιι.
3043 4249 3145 4304 120
3195 4249 3250 4315 h,
3281 4251 3375 4319 qui
3412 4249 3712 4306 Theosthe-

2138 4362 2261 4401 nem
2319 4346 2471 4400 illum
2530 4354 2788 4412 tanquam
2840 4343 3223 4414 philosophum
3291 4340 3708 4411 Peripateticum

2138 4439 2330 4502 Celso,
2367 4437 2667 4506 Porphyrio
2721 4445 2776 4490 et
2822 4435 3070 4501 Juliano,
3117 4435 3414 4489 Christiani
3474 4436 3712 4489 nominis

2141 4530 2406 4593 hostibus,
2461 4542 2740 4598 perperam
2791 4527 2969 4597 jungit
3004 4545 3016 4580 :
3053 4526 3323 4596 simulque
3361 4526 3416 4579 in
3458 4528 3711 4580 eumdem

2139 4637 2380 4676 errorem
2411 4637 2442 4675 a
2474 4619 2746 4674 Turriano
2770 4619 2976 4674 inducti
3001 4629 3127 4674 sunt
3156 4618 3494 4683 Blomlellus,
3521 4619 3711 4673 Alber-

2137 4715 2320 4779 tinus,
2351 4713 2597 4779 Caveus,
2634 4711 2900 4778 Sandius,
2933 4721 2988 4766 et
3032 4711 3200 4768 Wilh.
3244 4710 3374 4766 Ern.
3420 4709 3711 4766 Tenzclius

2139 4806 2275 4877 (68),
2321 4815 2629 4862 aSserentes
2667 4805 2968 4876 Magnetem
3009 4803 3382 4860 Christianum
3421 4805 3710 4874 scripsisse

2135 4899 2396 4954 adversus
2462 4897 2860 4954 Theosthenem
2927 4897 3219 4968 gentilem,
3276 4897 3707 4965 discrepantiam

2134 4993 2588 5062 evangelistarum
2663 5001 2718 5045 et
2787 4991 2889 5044 alia
2956 4991 3011 5045 in
3063 4989 3370 5060 Evangeliis
3428 5000 3705 5045 notantem

2134 5085 2572 5152 Christianisque
2613 5084 2983 5153 objicientcm.
3014 5083 3236 5139 Rectius
3283 5093 3465 5138 autem
3497 5081 3704 5136 Zacha-

2134 5178 2246 5232 rias
2269 5177 2546 5233 Cretensis
2571 5178 2698 5232 citat
2729 5177 2991 5248 Magnetis
3035 5176 3350 5245 Ἀπολογίαν
3393 5176 3490 5229 τοῦ
3536 5177 3706 5244 Εὐαγ-

2134 5269 2314 5337 γελίου
2363 5270 2500 5342 πρὸς
2541 5270 2836 5340 θεοσοένη,
2889 5285 3049 5340 quem
3095 5280 3314 5325 secutus
3361 5278 3446 5324 est
3500 5269 3698 5323 Anton.

2133 5522 2456 5577 Conferatur
2476 5524 2637 5577 etiam
2665 5523 2713 5577 J.
2743 5525 2805 5578 A.
2831 5523 3064 5579 Fabricii
3112 5524 3380 5580 Salutaris
3403 5526 3501 5581 lux
3527 5525 3705 5581 Evan-

2134 5595 2272 5664 gelii,
2321 5610 2441 5664 pag.
2479 5594 2599 5657 154,
2646 5603 2700 5649 et
2728 5611 2849 5649 ven.
2904 5595 2964 5650 ι).
3008 5596 3294 5652 Moshemii
3329 5597 3700 5652 Institutione:

2133 5665 2395 5740 historia:
2415 5664 2738 5740 Christiana:
2782 5667 3118 5740 antiquioris,
3173 5684 3296 5724 sane.
3351 5685 3433 5736 tu,
3483 5681 3624 5740 pan.
3661 5685 3697 5735 ι,

2137 5735 2164 5804 §
2199 5735 2248 5803 7,
2277 5753 2328 5806 p.
2367 5735 2462 5790 Ωιι
2499 5736 2757 5793 editionis
2791 5739 3132 5808 nupet'rimac.
