3966 6206
251 354 416 411 1369

1457 353 1739 410 ΝΟΤΙΤΙΑ
1773 355 1861 410 ΕΤ
1900 355 2340 414 FRAGMENTA.

3382 358 3520 413 1570

265 465 604 524 Possevinus
639 466 940 538 Apparatus
971 470 1108 525 sacri
1139 480 1270 527 tom.
1302 471 1368 536 ll,
1401 488 1456 544 p.
1484 489 1558 528 m.
1597 474 1684 540 50,
1711 474 1846 530 scri-
1873 477 1917 535 Α
1950 475 2037 530 isti
2064 474 2276 530 Platoni
2307 491 2415 546 prae
2455 474 2664 530 caeteris
2713 473 2983 537 faverent,
3016 484 3068 528 et
3100 473 3181 527 vel
3211 471 3518 527 Platonicov

265 559 406 616 bens
439 559 506 614 de
532 558 810 628 Magnete:
830 559 1152 632 Evangelica:
1181 565 1448 636 Apologia?
1479 566 1640 622 libros
1667 566 1845 622 Crwce

263 651 482 719 scripsit
523 651 592 705 ad
627 649 994 708 Theosthenem
1033 655 1279 711 adversus
1315 658 1531 728 gentiles
1573 657 1843 731 Evangelii

261 743 712 797 calumniatores.
747 743 916 804 Porro
944 761 1142 817 sc0pus
1175 749 1356 820 operis
1386 749 1616 805 refertur
1652 752 1717 806 ad
1743 768 1841 823 op-

263 835 592 904 pugnandos
624 835 862 902 Graecos,
909 839 1298 910 speciatimque
1341 841 1407 896 ad
1452 843 1842 898 confutandum

262 927 536 982 celebrem
571 929 856 998 quemdam
887 930 1006 1000 ejus
1048 932 1220 987 aetatis
1255 933 1656 1002 philosophum,
1681 951 1840 1005 quem

263 1015 610 1090 Nicephorus
643 1029 928 1090 propterea
968 1021 1310 1080 Aristotelica
1339 1025 1624 1095 disciplina
1665 1027 1842 1082 imbu-

260 1118 382 1167 tum
409 1112 675 1176 nominat,
711 1114 854 1182 quod
889 1114 1140 1169 insanum
1180 1116 1476 1172 dialectica:
1503 1119 1744 1173 studium
1775 1134 1839 1173 ex

264 1202 560 1258 Aristotele
605 1204 874 1268 hauserit,
909 1206 1200 1277 multisque
1231 1207 1624 1266 subtilitatibus
1650 1210 1840 1282 logicis

264 1295 670 1365 simplicitatem
703 1297 1029 1352 Christianae
1070 1299 1191 1356 ﬁdei
1224 1299 1295 1354 sit
1335 1301 1653 1357 insectatus.
1686 1300 1841 1359 llunc

261 1403 398 1442 vero
427 1389 807 1458 philosophum
833 1388 1009 1458 ipsum
1036 1390 1205 1445 fuisse
1227 1389 1590 1463 Porphyrium
1618 1391 1837 1465 Syrum,

261 1495 362 1535 seu
401 1479 648 1552 Tyrium,
695 1481 1025 1536 acerrimum
1057 1481 1494 1538 Christianorum
1534 1485 1837 1554 inimicum,

257 1579 464 1644 praeter
497 1583 742 1628 exactam
777 1574 952 1630 aetatis
981 1574 1135 1646 juxta
1164 1584 1326 1646 atqoe
1356 1575 1617 1632 doctrinm
1640 1592 1840 1634 conve-

260 1664 546 1731 nientiam,
582 1665 811 1720 suadent
834 1665 1089 1736 plurima,
1122 1684 1242 1738 qua:
1273 1668 1327 1722 in
1359 1667 1675 1740 fragmentis
1703 1670 1838 1726 scri-

257 1765 478 1827 ptorum
532 1755 753 1810 Macarii
807 1757 1074 1829 Magnetis
1130 1770 1458 1829 occurrunt,
1507 1763 1651 1818 haud
1705 1778 1838 1818 sane

1947 583 2066 622 rum
2115 568 2198 622 vel
2245 566 2707 640 Pythagoreorum
2756 566 3169 635 appellationem
3206 565 3519 621 affectat-ent

1948 658 2080 730 (72).
2111 658 2246 713 Cum
2296 674 2459 727 porro
2509 656 2848 727 Nieephorus
2895 656 3054 710 istum
3099 656 3516 726 philosophum,

1920 760 2131 826 contra
2167 767 2326 822 quem
2362 750 2630 805 Macarius
2659 749 2898 818 scripsit,
2940 750 3043 804 hoe
3074 751 3387 804 charactere
3417 749 3514 802 de-

1945 841 2141 911 signat,
2173 842 2316 912 quod
2363 840 2524 895 fuerit
2567 841 2810 894 doctrina
2847 839 3073 908 profana
3117 841 3347 893 tumidus
3376 849 3422 893 et
3458 839 3514 892 in

1943 951 2096 987 sacra
2123 933 2371 1002 dogmata
2400 931 2632 985 terribile
2667 931 3007 999 supercilium
3052 929 3296 983 attollens
3330 943 3347 982 :
3375 928 3513 982 Por--

1942 1027 2135 1100 phyrio
2167 1027 2353 1097 utique
2392 1041 2500 1080 non
2547 1025 2780 1080 suhlime
2807 1025 2981 1079 solum
3014 1039 3078 1077 ac
3104 1023 3341 1076 validum
3368 1022 3517 1092 inge-

1944 1119 2092 1172 nium
2130 1117 2320 1182 fuisse,
2353 1116 2446 1172 sed
2478 1124 2531 1170 et
2572 1115 2865 1170 vehemens
2913 1123 3076 1184 atque
3105 1113 3301 1184 'aliquo
3333 1111 3517 1166 furore

1942 1210 2260 1277 admistum,
2286 1225 2352 1264 ex
2388 1210 2607 1280 scriptis
2640 1209 2812 1278 ipsius
2843 1206 3227 1276 superstitibus
3260 1205 3391 1260 satis
3421 1210 3517 1275 ap-

1944 1313 2117 1373 paret.
2147 1304 2488 1373 Quapropter
2514 1313 2568 1357 et
2595 1302 2830 1356 Eusebio
2854 1300 2965 1371 (75)
2997 1299 3219 1353 τοιαῦτα
3245 1315 3520 1370 κατακομ-

1942 1398 2123 1469 πήσας
2144 1396 2366 1461 dicitur,
2394 1396 2444 1450 id
2477 1405 2580 1459 est,
2609 1394 2752 1464 quod
2781 1394 2846 1449 ad
2881 1393 3084 1448 fastum
3111 1403 3163 1447 et
3196 1392 3519 1446 ostentatio-

1941 1506 2062 1545 nem
2103 1490 2265 1544 verba
2300 1504 2397 1544 sua
2421 1489 2789 1558 composuerit
2819 1508 2832 1542 :
2864 1496 2917 1542 et
2955 1486 3010 1541 S.
3037 1486 3238 1558 Cyrillo
3269 1485 3380 1555 (74)
3412 1500 3512 1539 au-

1940 1581 2020 1636 dit
2068 1583 2095 1636 ὀ
2138 1581 2342 1653 Θρασὺς
2390 1580 2512 1634 καθ’
2541 1579 2697 1651 ἡμῶν
2746 1579 3073 1651 Πορφύριος.
3124 1577 3308 1647 Neque
3351 1577 3513 1630 aliam

1939 1690 2040 1745 ego
2071 1689 2290 1728 causam
2328 1671 2497 1727 fuisse
2530 1671 2759 1726 dixerim
2795 1671 3037 1741 (perapte
3083 1668 3267 1724 scribit
3302 1666 3515 1723 llolste-

1940 1767 2066 1822 nius
2097 1767 2134 1820 ι.
2165 1781 2213 1820 c.
2242 1781 2296 1835 p.
2327 1764 2478 1833 254),
2521 1763 2694 1818 rabidi
2745 1763 2889 1818 illius
2919 1762 3060 1826 odii,
3101 1776 3210 1831 quo
3250 1761 3514 1816 adversus

258 1823 564 1918 spernenda
619 1849 833 1904 indicia.
899 1823 1054 1916 Quod
1083 1850 1126 1906 si
1163 1852 1306 1906 enim
1349 1823 1525 1908 aetatis
1572 1854 1836 1910 rationem
1872 1823 1912 1876 Β
1940 1823 2304 1914 Christianam
2333 1823 2646 1924 religionem
2693 1869 2804 1924 prae
2843 1823 3056 1908 caeteris
3089 1823 3321 1919 furebat,
3348 1869 3511 1922 quam

259 1941 633 2005 attendamus,
659 1958 821 2013 supra
850 1943 960 2013 jam
1007 1952 1118 1997 tum
1149 1944 1584 2000 demonstratum
1615 1955 1720 2012 est,
1758 1946 1838 2000 vi-

261 2036 412 2091 xisse
441 2034 746 2108 Magnetem
783 2047 1030 2091 nostrum
1075 2036 1221 2092 circa
1267 2038 1503 2093 medium
1531 2039 1613 2094 vel
1647 2041 1836 2095 saltem

260 2125 426 2180 finem
472 2127 652 2182 saeculi
683 2142 804 2181 :erae
836 2125 1156 2182 Christianae
1205 2127 1368 2182 tertii.
1400 2129 1577 2198 Atque
1607 2128 1673 2183 de
1711 2128 1840 2185 Por-

257 2218 458 2289 phyrio
506 2218 707 2288 pariter
755 2227 990 2285 constat,
1037 2234 1160 2274 eum
1192 2219 1261 2274 50
1304 2234 1479 2274 annos
1527 2229 1714 2274 natum
1770 2220 1838 2275 ab

257 2320 407 2364 anno
454 2309 658 2366 Christi
689 2310 794 2364 263
838 2309 1026 2366 Romae
1082 2309 1253 2366 fuisse
1295 2310 1492 2365 Plotini
1527 2311 1835 2382 philosophi

258 2399 525 2465 Platonici
567 2401 868 2455 auditorem
889 2440 905 2464 ,
939 2400 1246 2471 ibidemque
1275 2401 1692 2470 septuagenario
1717 2417 1835 2454 ma-

251 2493 429 2562 jorem
463 2507 606 2546 anno
634 2491 836 2547 Christi
875 2492 982 2546 505
1013 2492 1153 2547 diem
1183 2491 1380 2547 obiisse
1408 2491 1541 2562 (69).
1577 2493 1837 2558 Quamvis

259 2584 429 2653 igitur
459 2582 796 2654 Porphyrius
845 2599 990 2638 anno
1041 2593 1162 2654 post
1207 2584 1430 2638 Adriani
1478 2585 1685 2639 obitum
1733 2583 1836 2639 19.0
1879 2657 1882 2664 Ι

263 2674 467 2742 ﬂoruit,
518 2676 683 2731 istum
736 2684 916 2731 tamen
973 2677 1353 2746 imperatorem
1402 2677 1747 2747 potissimum
1780 2677 1836 2732 in

261 2767 630 2837 disputatione
661 2784 761 2823 sua
793 2767 866 2822 De
893 2769 1200 2822 monarchia
1227 2769 1406 2824 divina
1439 2770 1492 2823 in
1527 2770 1834 2839 exemplum

260 2859 581 2929 imperantis
630 2861 938 2916 monarcha:
993 2863 1213 2917 adducit
1278 2877 1403 2916 cum
1469 2878 1534 2918 eo
1597 2872 1836 2931 tempore

257 2950 484 3006 Adriani
513 2953 776 3006 memoria
809 2953 990 3008 adhuc
1017 2953 1238 3024 vigeret,
1279 2955 1514 3008 maxime
1541 2954 1684 3023 apud
1716 2953 1835 3023 phi-

259 3041 537 3112 loSOphos,
589 3059 727 3112 quos
769 3043 858 3098 ille
901 3043 955 3098 in
1010 3045 1190 3099 aulam
1251 3045 1458 3115 primus
1517 3044 1833 3110 introduxit,

256 3145 311 3190 et
345 3132 809 3190 familiarissimos
860 3135 1068 3190 habuit.
1117 3139 1262 3191 Inter
1310 3137 1650 3192 characteres
1680 3137 1835 3192 istius
1863 3175 1904 3232 Ο

255 3227 606 3297 philosophi,
678 3244 800 3282 cum
884 3244 991 3298 quo
1033 3229 1263 3300 Magneti
1332 3238 1517 3284 nostro
1578 3245 1666 3284 res
1708 3239 1828 3297 est,

254 3315 597 3387 Nicephorus
627 3319 845 3387 quidem
885 3320 1158 3385 observat,
1183 3335 1308 3374 eum
1340 3321 1684 3376 Aristotelica
1713 3321 1833 3390 phi-

257 3406 506 3478 losophia
556 3408 824 3462 imbutum
875 3397 1080 3476 fuisse;
1113 3412 1258 3480 quod
1303 3420 1481 3466 tamen
1533 3410 1834 3482 Porphyrio

258 3502 584 3572 philoSOpho
628 3500 907 3557 Platonico
959 3503 1380 3574 haudquaquam
1424 3506 1719 3559 convenire.
1750 3507 1832 3560 vi-

257 3595 472 3649 deatur.
523 3592 721 3648 Verum
772 3603 922 3649 tanto
968 3596 1212 3652 veritatis
1260 3597 1442 3652 studio
1499 3596 1836 3669 Porphyrius

262 3686 540 3750 exeelluit,
571 3695 631 3741 ut
674 3701 782 3741 non
815 3697 1016 3742 temere
1048 3688 1114 3742 ad
1160 3703 1323 3742 unam
1359 3689 1597 3757 aliquam
1633 3700 1834 3743 sectam

263 3781 412 3836 velut
436 3781 501 3834 ad
530 3779 812 3849 scopulum
861 3780 1168 3846 adlizcserit,
1205 3795 1304 3834 nec
1333 3780 1598 3849 juraverit
1639 3781 1692 3834 in
1737 3795 1836 3834 cu-

255 3872 516 3942 jusquam
549 3872 793 3941 magistri
825 3871 1008 3926 verba.
1054 3871 1271 3925 Interim
1306 3871 1444 3926 duos
1473 3872 1577 3926 sibi
1622 3872 1838 3942 potissi-

264 3980 414 4018 mum
458 3963 694 4032 elegerat
743 3962 942 4028 duces,
991 3976 1225 4032 quorum
1275 3962 1501 4032 vestigia
1549 3971 1835 4030 premeret,

262 4054 540 4109 Platonem
571 4062 734 4124 atque
763 4053 1130 4119 Aristotelem,
1161 4067 1299 4122 quos
1327 4052 1380 4106 in
1427 4053 1714 4122 praecipuis
1744 4052 1840 4105 do-

263 4150 454 4205 ctrina:
494 4147 765 4218 capitibus
797 4148 936 4200 inter
981 4161 1040 4201 se
1081 4145 1394 4200 consentire
1430 4145 1642 4214 prolixo
1679 4158 1840 4212 opere

264 4242 605 4314 probandum
624 4249 934 4311 susceperat
957 4239 1189 4306 (70-71).
1206 4239 1280 4292 Ita
1297 4252 1530 4306 namque
1548 4236 1710 4292 refert
1725 4234 1842 4290 Sui-

260 4335 396 4401 das,
445 4333 803 4405 Porphyrium
855 4330 1182 4397 defendisse,
1235 4345 1399 4383 unam
1435 4344 1557 4384 esse
1601 4327 1841 4384 Platonis

1939 1948 2084 2020 quod
2113 1948 2329 2002 animus
2371 1954 2502 2000 atrae
2536 1945 2659 1998 bilis
2691 1943 2957 1998 fermento
2998 1951 3243 2013 turgens,
3266 1951 3319 1997 et
3345 1942 3512 1996 nimia

1937 2038 2260 2093 eruditionis
2312 2035 2466 2105 copia
2516 2032 2738 2088 inflatus
2804 2033 3156 2100 semetipsum
3235 2047 3344 2086 non
3415 2047 3509 2085 ca-

1939 2140 2107 2204 peret.
2160 2128 2481 2199 Opinionem
2567 2135 2808 2180 nostram
2885 2123 3163 2178 confirmat
3214 2123 3510 2188 doctrinm,

1937 2239 2101 2292 quam
2134 2222 2359 2277 tradidit
2398 2220 2766 2292 Porphyrius,
2807 2235 2930 2273 cum
2964 2215 3177 2287 placitis
3207 2215 3514 2284 philosophi

1937 2313 2231 2370 Macariani
2281 2314 2638 2384 comparatio.
2700 2311 2873 2380 llujus
2940 2310 3084 2364 enim
3148 2307 3396 2363 doctrina
3452 2307 3515 2360 de

1937 2407 2247 2464 manare/tia
2293 2407 2508 2473 divina,
2552 2421 2714 2476 quam
2763 2403 3033 2458 Macarius
3074 2401 3293 2471 Magnes
3341 2400 3516 2468 impu-

1939 2510 2086 2572 gnat,
2122 2500 2176 2554 in
2223 2515 2288 2554 eo
2337 2499 2588 2554 consistit
2623 2518 2635 2550 :
2677 2497 2846 2552 Deum
2900 2498 3117 2566 proprie
3159 2492 3511 2546 monarcham

1939 2590 2081 2644 haud
2126 2589 2232 2643 dici
2280 2603 2473 2658 posse,
2513 2588 2619 2642 nisi
2655 2587 2947 2656 imperaret
2990 2586 3122 2651 diis;
3172 2581 3316 2637 istud
3369 2581 3512 2636 enim

1938 2679 2274 2747 majestatem
2311 2677 2548 2732 divinam
2598 2675 2985 2744 ccelestemque
3028 2690 3091 2728 ac
3132 2687 3399 2726 summam
3431 2669 3514 2724 di-

1938 2769 2195 2840 gnitatem
2229 2769 2424 2823 decere
2453 2782 2466 2818 :
2497 2783 2637 2836 quos
2667 2782 2794 2820 vero
2825 2765 3122 2820 Christiani
3165 2762 3386 2831 angelos
3413 2778 3512 2814 vo-

1937 2871 2081 2929 cant,
2110 2862 2201 2932 qui
2235 2877 2335 2916 nec
2367 2861 2499 2930 pati,
2538 2877 2636 2916 nec
2665 2861 2824 2926 mori,
2873 2876 2971 2914 nec
3010 2860 3284 2930 corrumpi
3322 2869 3512 2912 natura

1938 2970 2035 3010 sua
2061 2963 2312 3024 possunt,
2339 2969 2452 3020 eos,
2479 2954 2607 3022 quia
2656 2953 2929 3007 Divinitati
2972 2951 3257 3022 propiores
3298 2960 3446 3015 sunt,
3480 2965 3511 3004 a

1937 3047 2227 3118 gentilibus
2253 3047 2385 3102 deos
2415 3046 2694 3116 appellari.
2728 3045 2905 3115 Atque
2950 3046 3062 3100 haec
3092 3053 3282 3099 exacte
3314 3057 3512 3097 conve-

1939 3140 2238 3194 niuntcum
2270 3138 2555 3209 Porphyrii
2585 3139 2877 3201 sententia,
2914 3137 3005 3207 qui
3042 3137 3197 3206 juxta
3228 3151 3350 3189 cum
3391 3135 3513 3189 aliis

1937 3229 2276 3301 philosophis
2317 3229 2586 3298 ejusmodi
2638 3229 2924 3282 πολ·.›οεἲα.ν
2964 3229 3343 3292 venerabatur,
3371 3244 3512 3298 qua,

1935 3333 1995 3378 ut
2019 3323 2238 3378 Maximi
2267 3322 2415 3395 Tyrii
2447 3323 2625 3376 verbis
2666 3331 2788 3376 utar
2833 3322 2977 3391 (75),
3011 3321 3172 3375 Deum
3201 3337 3309 3376 esse
3352 3337 3514 3374 unum

1936 3418 2228 3480 statuebat,
2259 3433 2424 3486 regem
2449 3420 2680 3470 omnium
2711 3428 2755 3470 et
2785 3415 3022 3475 Patrem,
3055 3413 3246 3467 multos
3275 3429 3390 3467 vero
3425 3413 3522 3466 ad-

1935 3507 2075 3560 ditos
2109 3523 2217 3560 esse
2246 3507 2368 3560 deos
2401 3507 2554 3572 alios,
2590 3509 2679 3577 qui
2713 3508 2941 3576 supremi
2987 3507 3132 3559 illius
3179 3506 3280 3574 ﬁlii
3309 3506 3434 3568 sint,
3463 3508 3512 3559 el

1936 3599 2087 3666 quasi
2122 3599 2174 3650 in
2200 3599 2417 3666 imperio
2456 3598 2690 3668 collegw.
2725 3599 3001 3668 Legantur
3031 3597 3314 3669 Porphyrii
3352 3597 3513 3652 verba

1936 3704 2000 3740 ex
2039 3688 2133 3742 lib.
2187 3703 2223 3742 ιι
2272 3687 2348 3742 De
2382 3687 2722 3750 abstinentia,
2769 3705 2822 3758 p.
2874 3705 2946 3742 m.
2999 3688 3100 3754 50,
3157 3690 3282 3742 edit.
3315 3688 3516 3743 Gnrcze

1938 3779 2266 3834 Florentinte
2314 3789 2366 3834 et
2424 3779 2695 3835 Eusebius
2745 3781 2820 3834 De
2867 3780 3255 3849 prwparatione
3305 3797 3511 3849 evang,

1939 3873 2034 3927 lib.
2067 3888 2141 3936 tv,
2170 3888 2288 3942 cap.
2320 3873 2407 3938 19,
2451 3889 2505 3942 p.
2539 3889 2612 3926 m.
2662 3873 2799 3935 166;
2848 3888 2970 3925 cum
3018 3872 3219 3941 quibus
3265 3873 3514 3928 conferre

1935 3965 2108 4035 juvat,
2142 3980 2263 4034 quae
2294 3981 2359 4019 ex
2410 3965 2636 4034 reliquis
2687 3963 2968 4036 Porphyrii
3021 3965 3236 4034 scriptis
3275 3966 3415 4020 hanc
3460 3966 3511 4019 in

1939 4071 2053 4110 rem
2095 4055 2321 4110 adduxit
2378 4055 2604 4111 lluetins
2648 4058 2700 4110 in
2758 4056 3147 4121 Quaestionibns
3198 4057 3511 4126 Alnetanis,

1939 4165 1992 4219 p.
2021 4165 2094 4203 m.
2134 4149 2234 4203 108
2258 4165 2410 4219 seqq.
2439 4149 2569 4216 Quae
2599 4150 2858 4220 peculiari
2895 4165 3058 4220 opera
3099 4149 3274 4209 fusius
3305 4159 3513 4220 pertra-

1939 4241 2132 4295 ctanda
2176 4251 2368 4307 erunt,
2417 4258 2539 4295 cum
2589 4242 2704 4311 ipsa
2758 4243 3201 4311 Θεολογούμειά
3251 4242 3513 4311 Magnetis

1939 4332 2408 4400 pet-lustrabimus.
2439 4332 2680 4387 Similem
2711 4348 3038 4387 consensum
3066 4333 3353 4387 verborum
3381 4332 3514 4388 Por-

260 4439 318 4486 et
350 4429 656 4483 Aristotelis
685 4435 888 4483 sectam
926 4443 940 4480 :
968 4426 1112 4480 unde
1142 4440 1264 4478 cum
1292 4423 1576 4492 utriusque
1605 4423 1844 4493 philoso—
1944 4423 2117 4493 phyrii
2149 4422 2222 4476 De
2252 4424 2571 4494 imaginibus
2605 4425 2824 4478 deorum
2856 4424 2989 4496 (76),
3021 4426 3201 4495 Qualia
3231 4442 3295 4480 ex
3322 4441 3388 4479 eo
3418 4425 3513 4478 ad-

263 4522 408 4596 phire
436 4535 591 4590 teque
623 4521 828 4589 peritus
857 4526 1020 4585 esset,
1047 4517 1391 4572 Aristotelica
1422 4516 1623 4585 ubique
1653 4514 1835 4568 Plato-
1869 4519 1911 4574 Ι)
1940 4515 2096 4570 duxit
2121 4514 2388 4570 Eusebius
2421 4515 2555 4587 (77),
2578 4517 2866 4572 observare
2897 4518 3079 4572 licebit
3108 4533 3231 4571 cum
3273 4518 3359 4582 iis,
3392 4533 3513 4588 qua

263 4615 405 4669 nicis
438 4611 748 4668 admiscuit.
780 4609 934 4677 Quod
963 4619 1017 4664 et
1052 4609 1277 4664 Prorlus
1303 4609 1397 4662 lib.
1430 4624 1444 4661 ι
1471 4609 1523 4662 in
1558 4605 1834 4669 Timarum,

261 4725 317 4778 p.
358 4707 446 4770 18,
476 4713 728 4770 testatur,
767 4703 856 4758 ubi
892 4704 969 4758 ait
1004 4702 1361 4774 Porphyrium
1399 4697 1838 4772 Περιπατητικὰς

261 4799 547 4863 ἀποδόσεις
571 4797 983 4870 παρεσφέροντα
1007 4796 1154 4848 λύειν
1198 4794 1294 4857 τὰς
1324 4792 1672 4858 Πλατωνικὰς
1706 4793 1835 4846 ἀπο-

264 4892 410 4965 ρίας.
443 4892 621 4959 Atque
669 4891 774 4944 hoc
817 4888 1152 4943 liberrimum
1187 4885 1602 4956 philosophandi
1643 4899 1836 4954 genus,

260 4981 410 5055 quod
444 4981 609 5052 paulo
641 4991 764 5035 ante
818 4980 887 5033 ab
924 4977 1214 5032 Animonio
1260 4975 1631 5030 Alexandrino
1663 4974 1838 5029 fuerat

265 5074 660 5137 introductum,
686 5073 923 5126 maxime
953 5072 1274 5139 probaverat
1299 5067 1654 5139 Porphyrius,
1683 5067 1840 5121 adeo-

265 5183 377 5240 que
408 5168 476 5223 ad
525 5167 754 5222 classem
790 5163 1180 5219 Eclecticorum
1219 5162 1407 5217 referri
1460 5161 1678 5226 maluit,
1713 5160 1840 5214 licet

341 5395 451 5465 (69)
489 5396 607 5450 Vid.
645 5395 804 5450 Lucae
832 5393 1112 5465 Holslcnii
1140 5393 1273 5446 diss.
1308 5391 1392 5465 9e
1415 5393 1526 5465 vita
1547 5401 1597 5445 et
1625 5392 1835 5465 scriptis

267 5461 584 5537 Porphyrii,
621 5482 742 5537 cap.
793 5465 861 5533 Ξ,
907 5466 960 5519 in
1013 5464 1254 5517 Fabricii
1306 5462 1559 5517 Biblioth.
1611 5461 1832 5528 Cra’ca,

266 5535 391 5595 vol.
409 5535 497 5600 ιν,
525 5553 577 5606 p.
601 5535 704 5606 2|7
734 5551 848 5606 seq.

343 5603 556 5676 (70-71)
586 5603 971 5676 Notartte'Luc.
998 5603 1274 5676 Holstenio
1307 5604 1342 5658 l.
1371 5619 1419 5658 c.
1447 5619 1501 5674 p.
1528 5603 1658 5676 235.

343 5672 454 5749 (72)
483 5672 641 5732 conf.
674 5677 853 5749 ϐίῃφι).
892 5675 953 5730 Ι).
999 5675 1278 5749 Moshemii
1328 5672 1464 5749 diss.
1515 5672 1835 5749 I_)e_turbata

267 5745 365 5833 per
394 5749 702 5833 recentiores
722 5745 1023 5833 Platonico:
1053 5745 1310 5826 Ecclesia.
1337 5745 1428 5833 ﬁ“?
1454 5754 1506 5798 et
1525 5745 1578 5833 52
1603 5745 1836 5833 ἰιριιιειιιιιξ

271 5815 328 5878 in
365 5820 507 5875 notis
543 5818 608 5873 ad
634 5818 945 5873 Cudworthi
979 5815 1220 5887 Systema
1254 5815 1625 5883 intellectuale,
1653 5830 1706 5884 p.
1733 5815 1838 5868 σιξ

1940 4610 1993 4663 in
2019 4609 2191 4665 Graeci
2220 4610 2524 4680 philosophi
2555 4611 3026 4679 argumentatione
3070 4627 3168 4680 pro
3209 4611 3511 4665 idololatria

1941 4703 1994 4756 in
2033 4702 2401 4772 disputatione
2455 4701 2677 4756 Macarii
2736 4703 2907 4756 nostri
2972 4704 3338 4771 reperiuntur.
3401 4701 3510 4757 Nec

1941 4793 2122 4846 minus
2153 4808 2239 4850 ea.
2269 4808 2391 4862 quae
2419 4791 2690 4846 Macarius
2731 4791 2951 4863 Magnes
2983 4794 3120 4846 libro
3155 4809 3213 4846 ιιι
3256 4795 3512 4860 Ἀποκρι-

1949 4880 2128 4935 τικῶν
2159 4883 2224 4936 de
2241 4882 2525 4937 sacrificiis
2547 4892 2596 4936 et
2631 4881 2697 4936 de
2732 4881 3070 4938 daemonibus
3099 4883 3356 4953 disputat,
3385 4900 3508 4938 cum

1939 4974 2162 5029 oraculo
2186 4975 2470 5044 Apollinis,
2496 4977 2640 5044 quod
2673 4975 2941 5030 Eusebius
2963 4993 3025 5030 ex
3055 4975 3337 5048 Porphyrii
3372 4976 3510 5032 libro

1939 5066 2132 5136 λογίων
2167 5067 2483 5137 φιλοσοφίας
2513 5068 2695 5122 retulit
2737 5067 2870 5138 (78),
2905 5067 3138 5137 perfecte
3171 5068 3504 5136 conspirant.

1938 5158 2082 5215 Nihil
2135 5162 2412 5232 apertius,
2463 5175 2627 5230 quam
2673 5160 2817 5229 quod
2867 5159 2934 5214 ad
2980 5159 3265 5230 Porphyrii
3311 5158 3508 5229 placita

1937 5402 1991 5450 et
2012 5393 2135 5447 682.

2009 5465 2120 5532 (75)
2153 5463 2397 5532 Prtepar.
2427 5479 2607 5532 evang.
2635 5461 2729 5515 lib.
2767 5476 2851 5522 ιιι,
2876 5475 2996 5532 cap,
3017 5460 3081 5532 A7.

2009 5530 2119 5602 (76)
2153 5530 2312 5589 Libri
2350 5544 2532 5586 contra
2558 5531 2855 5602 lulianum,
2884 5547 2936 5602 p.
2972 5530 3061 5602 28.

2007 5599 2121 5669 (75⁷)
2155 5603 2231 5658 Ex
2267 5604 2484 5657 dissert.
2514 5603 2564 5660 l,
2595 5617 2645 5669 p.
2677 5617 2749 5654 ιη.
2782 5600 2814 5652 6
2837 5599 2966 5654 edit.
2997 5599 3219 5655 Βανῑράί,

2008 5674 2121 5742 (76)
2147 5673 2304 5727 Conf.
2341 5673 2472 5727 Luc.
2503 5671 2815 5742 llolstenius
2848 5671 2884 5724 l.
2915 5686 2964 5725 c.
2994 5687 3044 5740 p.
3081 5674 3200 5726 268.

2009 5740 2122 5808 (77')
2163 5743 2400 5810 l'rarpar.
2436 5759 2612 5811 evang.
2640 5741 2732 5793 lib.
2765 5758 2845 5804 ιιι,
2873 5757 2991 5810 cap.
3029 5743 3060 5794 7
3089 5743 3156 5797 ab
3187 5740 3364 5800 initio.

2010 5812 2122 5885 (78)
2155 5812 2393 5868 Prwoar.
2429 5829 2608 5882 evang.
2646 5811 2740 5866 lib.
2773 5828 2844 5879 tv,
2881 5826 3000 5882 cap.
3030 5812 3081 5867 7.
