3930 6864
531 380 658 434 1571

1793 379 2150 438 MACARIUS
2190 380 2489 438 MAGNES.

3612 380 3768 432 137?.

525 498 837 567 respiciant,
872 499 965 570 qui
1007 500 1157 555 solus
1185 498 1298 556 fere
1329 515 1395 556 ex
1431 501 1711 572 gentilium
1750 500 2085 572 philoSOphis
2112 508 2158 562 A
2186 501 2296 556 tius
2320 500 2682 572 polyarcbiam
2713 500 2938 554 deorum
2972 497 3402 570 gcntilium,cum
3432 494 3768 548 monarchia

519 590 912 646 sacrificiorum
959 592 1251 663 primordia
1298 593 1624 663 investigare
1657 609 1945 665 aggressus
1977 603 2080 659 est,

512 690 572 738 ει
602 681 718 751 ipse
749 681 968 737 demum
998 683 1373 753 pervulgatum
1408 685 1688 756 gentilium
1720 699 1960 740 errorem
1994 685 2086 754 ju-

519 774 746 845 gulavit.
782 774 911 828 dum
958 775 1224 829 sacrillcia
1262 785 1316 830 et
1357 777 1712 831 mactationes
1752 792 1782 830 a
1809 791 1936 831 vera
1971 777 2085 847 pie-

519 873 628 921 tate
653 865 823 919 aliena
854 880 996 929 esse,
1027 880 1354 936 crassosque
1385 882 1448 922 ac
1479 869 1789 924 materiales
1811 869 2083 926 damones

517 974 638 1014 esse
660 959 1048 1028 pronuntiavit,
1080 959 1171 1029 qui
1202 960 1502 1015 hostiarum
1528 977 1779 1031 vaporem
1817 960 2084 1017 foetidum-

516 1064 622 1118 que
673 1048 916 1103 nidorem
971 1059 1258 1119 expetant;
1307 1051 1385 1106 uti
1433 1061 1662 1106 testatur
1710 1051 2083 1110 Theodoretus

518 1138 830 1211 Therapeut.
872 1156 1037 1197 serm.
1091 1142 1137 1194 7.
1193 1142 1411 1198 Accedit
1445 1159 1629 1214 porro,
1701 1145 1849 1216 quod
1905 1146 2084 1216 philo-

516 1233 721 1302 sophus
771 1233 882 1296 ille,
917 1249 1042 1287 cum
1093 1249 1200 1304 quo
1247 1235 1584 1291 conﬂictatur
1616 1236 1912 1303 Macarius,
1955 1240 2082 1294 reli-

515 1323 694 1393 gionis
725 1324 1050 1379 Christianae
1090 1334 1144 1380 et
1189 1324 1484 1396 Scriptura)
1513 1343 1683 1383 sacrae
1725 1338 1839 1384 tum
1871 1331 2080 1388 Veteris

515 1425 628 1469 tum
683 1413 815 1471 Novi
873 1416 1202 1473 Testatncnti
1249 1420 1416 1488 probe
1467 1436 1670 1490 gnarus
1715 1421 1897 1478 fuerit.
1944 1423 2069 1480 Fre-

515 1518 743 1578 quenter
771 1525 896 1564 eum
928 1511 994 1565 ad
1025 1509 1320 1580 Scriptura:
1351 1528 1520 1568 sacra:
1549 1515 1855 1573 testimonia
1885 1532 2080 1587 provo-

517 1617 643 1657 care
671 1603 951 1670 videmus,
985 1604 1232 1674 interque
1277 1605 1384 1660 alia
1435 1607 1714 1674 speciatim
1768 1609 1835 1664 ad
1889 1607 2075 1664 Matth.

518 1703 654 1756 χιιι,
682 1691 772 1754 29,
802 1691 902 1756 50;
942 1692 1110 1748 Exod.
1140 1709 1290 1759 xxxr,
1325 1694 1423 1760 l8;
1455 1695 1590 1750 Gen.
1623 1714 1776 1766 xvm,
1812 1699 1876 1752 16
1900 1715 2075 1769 seqq.;

518 1777 690 1837 Exod.
742 1799 885 1848 xxtt,
929 1783 1034 1850 28;
1079 1785 1278 1855 quibus
1329 1788 1606 1856 gentilium
1647 1791 1964 1847 idololatriae
1994 1791 2078 1847 fu-

517 1888 642 1926 cum
690 1873 852 1928 vcluti
888 1876 1158 1932 obducere
1207 1882 1447 1936 tentavit.
1489 1881 1686 1952 Ecquis
1718 1899 1845 1938 vero
1884 1885 2076 1951 nescit,

517 1963 870 2035 Porphyrium
909 1969 1050 2022 inter
1096 1986 1208 2025 suae
1249 1975 1423 2028 aetatis
1452 1974 1798 2044 philosophos
1827 1976 1880 2029 in
1908 1979 2078 2033 sacris

514 2053 706 2108 litteris
737 2059 1164 2114 versatissimum
1193 2060 1401 2117 fuisse?
1433 2079 1590 2132 quem
1623 2080 1728 2118 nou
1759 2063 1960 2120 Mosem
1987 2083 2077 2121 so-

514 2147 646 2210 lum,
684 2147 775 2202 sed
808 2150 1115 2206 universam
1151 2152 1208 2207 S.
1239 2151 1571 2224 Scripturam
1600 2157 1816 2211 assidua
1852 2158 2078 2214 lectione

511 2239 747 2303 trivisse,
797 2250 848 2294 et
897 2241 949 2294 in
1001 2243 1380 2301 subvertendis
1411 2247 1608 2302 divinis
1649 2250 1882 2305 oraculis
1913 2252 2075 2306 vehe-

511 2340 718 2386 menter
745 2335 1054 2390 exercuisse
1083 2337 1380 2407 ingenium,
1400 2354 1505 2393 non
1536 2356 1645 2396 uno
1664 2341 1783 2397 loco
1811 2354 2076 2398 testantur

511 2420 775 2479 Eusebius
822 2423 956 2496 (79),
994 2425 1366 2485 Theodorctus
1411 2429 1546 2502 (80),
1593 2441 1757 2504 atque
1806 2432 2072 2508 Hierony-

510 2529 632 2569 mus
666 2515 796 2585 (8l).
834 2515 941 2573 Nec
972 2519 1106 2574 adeo
1144 2521 1362 2586 mirum,
1397 2523 1541 2592 quod
1573 2531 1626 2577 et
1657 2539 1866 2579 sacram
1902 2525 2075 2580 Evan-

510 2605 767 2672 geliorum
803 2607 1083 2663 historiam
1117 2609 1391 2678 falsitatis,
1423 2613 1832 2677 inconstantiae,
1861 2623 1915 2669 et
1942 2629 2081 2670 con--

510 2696 844 2753 tradielionis
878 2702 1232 2766 accusaverit,
1265 2719 1495 2773 eamque
1525 2719 1631 2758 non
1656 2720 1686 2758 a
1719 2703 1845 2768 Deo,
1877 2705 1968 2760 sed
2005 2705 2073 2760 ab

511 2787 820 2845 hominibus
847 2790 1284 2860 profectamesse
1310 2795 1672 2850 calumniatus
1703 2796 1771 2851 sit
1804 2812 1817 2847 :
1851 2796 1901 2851 id
1927 2796 2070 2866 quod

509 2892 678 2946 pauca
726 2879 813 2933 illa
869 2880 1167 2952 fragmenta
1201 2899 1266 2937 ex
1312 2883 1467 2940 libris
1496 2884 1667 2954 ipsius
1697 2895 1882 2940 contra
1911 2885 2073 2939 Chri-

509 2969 716 3026 stianos
743 2971 958 3043 scriptis
988 2973 1330 3037 confirmant,
1362 2991 1483 3044 qua:
1509 2975 1722 3046 collegit
1746 2962 1920 3032 Lucas
1947 2974 2074 3030 Hol-

508 3061 714 3116 stenius
747 3063 783 3117 l.
816 3080 865 3119 c.
901 3080 1021 3134 cap.
1069 3065 1154 3130 l-l,
1203 3081 1322 3136 pag.
1357 3066 1462 3120 Ἧι
1501 3082 1652 3137 seqq.
1690 3065 1843 3122 Unde
1889 3069 2069 3125 nullus

508 3152 834 3249 dubito,_illa
875 3155 1061 3223 etiam,
1104 3172 1225 3226 quze
1263 3157 1479 3227 Magnes
1508 3157 1646 3212 libro
1677 3173 1714 3212 ιι
1754 3168 1808 3214 et
1839 3175 1865 3212 v
1911 3161 2070 3214 Ὰπσ-
2095 3191 2135 3249 C

507 3243 779 3312 κριτικῶν
811 3256 999 3300 contra
1048 3248 1320 3316 gentilem.
1349 3249 1765 3317 discrepantiam
1797 3250 2068 3320 evangeli-

507 3345 712 3391 starum
739 3346 792 3391 ct
817 3337 922 3390 alia
953 3339 1112 3393 nobis
1139 3337 1277 3393 falso
1303 3339 1355 3392 in
1381 3338 1670 3410 Evangelia
1696 3341 2064 3410 objicieutcm,

505 3428 741 3496 scripsit,
773 3429 896 3483 huic
922 3429 1022 3499 ipsi
1056 3429 1353 3502 Porphyrio
1386 3431 1554 3486 fuisse
1586 3433 1853 3501 opposita.

614 3518 832 3590 §XVIL
877 3521 1123 3592 Analysis
1167 3524 1580 3595 fragmentorum
1615 3524 1954 3578 ineditorum.

573 3610 708 3666 Cum
745 3612 808 3666 Β.
839 3613 899 3669 Ρ.
935 3614 1221 3670 Anselmus
1247 3616 1552 3672 Bandurius
1580 3618 1680 3672 levi
1705 3618 1958 3687 penicillo
1981 3632 2069 3688 ge-

505 3703 705 3758 neralia
733 3714 938 3761 tantum
967 3707 1142 3778 capita
1168 3708 1330 3779 hujus
1359 3717 1620 3765 tractatus
1655 3709 1843 3764 inediti
1873 3709 2068 3780 attige-

507 3797 576 3852 rit
609 3798 742 3868 (εἳ),
767 3799 908 3855 haud
931 3800 1026 3855 abs
1050 3816 1108 3856 re
1129 3801 1251 3867 erit,
1279 3801 1325 3855 si
1349 3801 1678 3855 succinctam
1702 3802 1860 3857 istius
1883 3801 2069 3871 dispu-

505 3893 743 3960 tationis,
761 3908 880 3962 quae
897 3892 1193 3962 fragmenta
1206 3893 1465 3963 Magnetis
1487 3895 1656 3948 nostri
1672 3895 2067 3964 complectitur,

505 3983 892 4054 subjungamus
923 3985 1187 4057 analysin,
1224 3994 1280 4039 ut
1311 3996 1421 4039 tum
1451 3986 1564 4054 ipsa
1590 3987 1826 4041 auctoris
1860 3990 2069 4040 Θεολο-

503 4076 780 4146 τούμενα,
806 4085 916 4130 tum
947 4092 1012 4131 ex
1042 4076 1239 4143 quibus
1266 4077 1417 4131 lihris
1450 4077 1860 4144 Ἄπυκριτικῶν
1888 4093 1950 4132 ea
1978 4079 2068 4134 de-

504 4176 720 4238 sumpta
751 4169 879 4234 sint,
915 4168 1194 4238 aliquanto
1223 4169 1444 4238 prOpius
1471 4168 1734 4237 dispicere
1763 4169 2062 4238 possimus.

503 4257 559 4313 In
591 4261 853 4330 promrnio
895 4269 1166 4326 monetur,
1200 4276 1304 4314 non
1339 4275 1460 4314 esse
1495 4269 1695 4314 temere
1718 4260 1937 4315 cuilibet
1968 4262 2067 4316 do-

501 4351 688 4405 ctrina:
720 4350 1064 4415 credendum,
1111 4349 1206 4403 sed
1235 4349 1285 4403 ei
1321 4356 1526 4402 tantum
1565 4364 1686 4418 quat
1713 4350 1884 4404 sacris
1914 4349 2064 4404 Scri-

502 4442 674 4510 pturis
707 4456 943 4510 congrua
981 4441 1070 4495 sit.
1105 4437 1206 4494 Ubi
1255 4439 1417 4494 simul
1444 4440 1510 4494 de
1539 4440 1678 4493 mala
1732 4439 1833 4494 fide
1878 4439 2064 4495 [cono-

2185 592 2426 662 supremi
2456 589 2704 645 Numinis
2727 591 2829 644 hac
2859 590 3066 643 ratione
3091 587 3381 642 conciliare
3398 585 3636 640 annisus
3658 593 3767 647 ea,

2183 684 2330 753 quod
2371 683 2667 738 monarcha
2693 698 2800 736 non
2829 682 2916 744 sit,
2955 681 3047 751 qui
3075 679 3224 735 solus
3265 686 3367 744 est,
3398 679 3494 732 sed
3521 679 3625 746 qui
3661 677 3770 729 im-

2181 783 2333 845 perat
2383 775 2568 841 solus;
2603 789 2702 829 nec
2734 773 2875 828 Deus
2904 773 3118 844 praprie
3155 771 3453 826 monarcba
3491 769 3768 824 dicendus

2183 867 2275 930 sit,
2321 868 2426 922 nisi
2464 867 2752 937 imperaret
2781 866 2907 932 diis,
2937 865 3028 934 qui
3062 864 3306 918 eamdem
3337 878 3466 918 cum
3499 877 3570 916 eo
3598 860 3767 914 habe-

2183 968 2304 1013 rent
2337 968 2604 1013 naturam.
2635 958 2768 1028 Cap.
2801 959 2835 1012 3
2858 956 3232 1026 complectitur
3273 955 3654 1024 fragmentum
3705 968 3762 1016 ιι,

2182 1048 2298 1102 sive
2325 1049 2730 1118 responsionem
2763 1047 2983 1102 Macarii
3015 1047 3082 1100 ad
3125 1060 3186 1101 ea
3222 1059 3342 1114 quae
3371 1044 3612 1099 Graecus
3646 1045 3762 1112 phi-

2181 1136 2444 1207 1030pbus
2485 1138 2553 1192 de
2605 1137 2918 1192 monarchia
2965 1135 3147 1190 divina
3187 1135 3612 1204 disputaverat:
3644 1133 3760 1187 scil.

2180 1245 2292 1285 non
2336 1230 2414 1284 rei
2459 1245 2526 1285 ex
2570 1229 2808 1294 nomine,
2843 1229 2934 1283 sed
2983 1227 3218 1284 nominis
3255 1243 3321 1282 ex
3362 1243 3426 1282 re
3472 1225 3763 1282 veritatem

2180 1322 2438 1392 pendere,
2474 1331 2639 1392 atque
2679 1321 2980 1393 apostolum
3023 1320 3251 1376 Paulum
3300 1319 3484 1375 lCor.
3516 1334 3628 1374 vui
3677 1336 3763 1373 ve-

2178 1426 2296 1464 ram
2353 1411 2689 1466 divinitatem
2743 1410 2810 1465 ab
2862 1411 3208 1482 homonymia
3259 1425 3582 1472 secernere,
3637 1410 3762 1464 dum

2177 1518 2364 1558 verum
2396 1503 2565 1558 Deum
2587 1504 2819 1560 essentia
2853 1503 3018 1558 Deum
3045 1519 3166 1559 esse
3187 1504 3403 1573 proprie
3429 1500 3760 1566 Dominum,

2177 1595 2314 1650 alios
2345 1605 2525 1650 autem
2556 1596 2848 1666 improprie
2875 1605 2928 1650 et
2956 1594 3173 1650 nomine
3209 1602 3420 1648 tantum
3467 1595 3618 1648 deos
3664 1595 3762 1649 dici

2177 1687 2388 1742 asserit.
2408 1686 2540 1757 Cap.
2566 1688 2599 1741 4
2624 1687 2840 1742 exhibet
2867 1686 3225 1758 fragmentum
3257 1701 3342 1752 tu,
3372 1685 3430 1740 in
3460 1700 3585 1755 quo
3618 1686 3763 1740 sisti-

2179 1789 2268 1834 tur
2295 1777 2465 1834 Grazci
2499 1778 2802 1848 pltilOSOpbi
2829 1776 3222 1847 argumentatio
3267 1791 3367 1846 pro
3415 1775 3761 1840 idololatria,

2177 1869 2342 1938 petita
2368 1884 2434 1923 ex
2462 1867 2787 1923 testimoniis
2816 1865 3108 1936 Scriptum
3131 1880 3318 1929 sacrm,
3351 1865 3762 1934 speciatimque

2179 1963 2300 2017 loco
2333 1961 2566 2016 Matthaei
2597 1976 2714 2030 cap.
2746 1975 2881 2024 xxn,
2909 1959 3000 2022 29,
3042 1957 3134 2023 50,
3178 1969 3228 2013 et
3269 1956 3447 2012 Exod.
3476 1974 3649 2022 xxxi,
3681 1957 3758 2022 18,

2176 2069 2242 2108 ex
2273 2052 2472 2122 quibus
2515 2051 2734 2123 angelos
2765 2049 2878 2104 sive
2906 2047 3037 2103 deos
3083 2056 3328 2102 naturam
3369 2048 3592 2102 habere
3626 2049 3760 2102 divi-

2177 2161 2324 2210 nam,
2355 2143 2523 2198 Dcum
2571 2158 2697 2197 vero
2738 2141 2938 2196 habere
2964 2138 3163 2210 digitos
3201 2138 3513 2209 colligebat.
3552 2137 3695 2207 Cap.
3730 2139 3759 2192 5

2175 2235 2524 2305 subjungitur
2557 2233 2914 2305 fragmentum
2948 2247 3020 2297 tv,
3068 2231 3121 2286 in
3151 2246 3261 2299 quo
3287 2229 3576 2284 Macarius
3611 2230 3758 2299 obje~

2174 2337 2259 2383 cta
2288 2327 2407 2382 loca
2447 2326 2741 2397 Scriptura!
2768 2324 3024 2385 vindicat,
3057 2331 3109 2377 et
3137 2331 3382 2376 naturam
3413 2322 3760 2391 incorrupti-

2174 2417 2398 2473 bilitatis
2446 2426 2608 2487 atque
2649 2413 3072 2470 immortalitatis
3123 2412 3465 2482 angelorum.
3527 2413 3672 2482 quin
3705 2423 3757 2468 et

2174 2509 2580 2564 similitudinem
2604 2523 2726 2563 cum
2758 2520 3011 2575 supremo
3039 2503 3268 2559 Numine
3297 2504 3554 2574 exponit.
3581 2505 3754 2574 Atque

2173 2600 2227 2654 in
2286 2601 2390 2656 hoc
2441 2599 2750 2655 testimonio
2800 2597 3019 2652 Macarii
3069 2595 3329 2667 Magnetis
3380 2597 3752 2666 pervertendo

2173 2694 2416 2750 fraudem
2450 2692 2921 2750 lconomacborum
2944 2692 3281 2763 potissimum
3300 2704 3590 2748 versatam
3615 2709 3749 2758 esse,

2171 2787 2381 2858 prolixe
2403 2793 2797 2842 commemorat
2826 2782 3179 2854 Nicephorus.
3214 2783 3346 2854 Cap.
3378 2784 3415 2838 6
3455 2783 3752 2839 adducitur

2172 2877 2531 2948 fragmentum
2565 2893 2619 2942 v,
2651 2876 2706 2930 in
2737 2891 2847 2947 quo
2877 2875 3281 2931 laudatissimus
3313 2887 3515 2930 auctor
3572 2887 3752 2931 noster

2170 2969 2444 3024 irridendo
2468 2967 2912 3039 explodendoque
2934 2967 3338 3022 idololatrarum
3367 2967 3748 3034 stoliditatem,

2168 3070 2318 3116 muto
2354 3061 2607 3132 ﬁgmento
2659 3076 2846 3131 preces
2896 3058 3319 3125 admoventium,
3349 3060 3491 3129 quin
3535 3076 3674 3115 saxo
3699 3070 3749 3115 et

2169 3152 2316 3224 ligno
2361 3151 2569 3207 Numen
2605 3154 2865 3208 incubare
2893 3152 3266 3213 statuentium,
3294 3150 3747 3207 Christianorum

2168 3245 2328 3299 tidem
2377 3258 2566 3314 puram
2615 3242 2855 3298 declarat
2904 3258 2958 3298 et
3003 3243 3072 3298 ab
3113 3244 3258 3297 omni
3291 3254 3573 3299 creatura
3605 3245 3746 3299 cultu

2167 3336 2499 3400 immunem;
2530 3343 2585 3388 et
2616 3333 2958 3389 Christianos
2990 3333 3168 3403 potius
3217 3334 3267 3387 in
3317 3334 3370 3388 id
3426 3334 3746 3388 incumbere

2164 3427 2380 3493 asserit,
2413 3435 2474 3480 ut
2520 3426 2818 3497 angelicam
2865 3427 3029 3480 vitam
3070 3426 3368 3488 imitentur,
3399 3442 3514 3481 non
3570 3440 3745 3482 autem

2177 3519 2336 3589 lignis
2368 3528 2422 3574 et
2453 3519 2602 3573 saxis
2633 3519 2850 3588 aliaque
2896 3519 3120 3574 materia
3166 3517 3353 3572 ellictis
3407 3520 3743 3589 imaginibus

2166 3619 2400 3665 mentem
2434 3611 2666 3665 habeant
2705 3610 2947 3664 infixam.
2982 3609 3058 3664 Ex
3089 3609 3287 3680 quibus
3317 3611 3502 3666 verbis
3532 3613 3745 3667 antisti-

2167 3715 2247 3759 tes
2301 3704 2588 3760 orthodoxi
2645 3719 2751 3758 una
2804 3719 2928 3758 cum
2988 3701 3289 3771 Nicephoro
3350 3700 3743 3758 lconomacbos

2166 3804 2488 3866 coarguunt,
2520 3811 2825 3850 sermonem
2874 3793 3084 3848 auctori
3137 3801 3326 3845 nostro
3360 3807 3469 3844 non
3499 3807 3628 3846 esse
3673 3793 3740 3846 de

2167 3887 2495 3958 imaginibus
2523 3887 2712 3952 sacris,
2738 3901 2927 3940 verum
2957 3886 3023 3940 de
3051 3883 3327 3955 gentilium
3356 3885 3530 3940 idolis.
3558 3883 3740 3950 Quam

2166 3981 2220 4035 in
2248 3996 2360 4035 rem
2393 3996 2510 4050 cap.
2539 3981 2572 4035 8
2603 3981 2780 4035 adhuc
2803 3981 2964 4035 aliam
2995 3979 3240 4036 fraudem
3271 3982 3398 4035 huic
3427 3981 3741 4035 testimonio

2163 4072 2426 4144 Magnetis
2447 4075 2515 4128 ab
2537 4073 2848 4128 adversario
2876 4073 3077 4127 illatam
3110 4073 3423 4138 observant,
3452 4075 3596 4144 quod
3625 4073 3740 4128 sci-

2164 4164 2290 4219 licet
2321 4175 2443 4234 post
2474 4165 2566 4219 illa
2593 4165 2872 4234 scriptoris
2891 4165 3052 4219 verba
3083 4181 3097 4219 :
3133 4163 3253 4218 Non
3277 4175 3456 4218 autem
3484 4167 3739 4236 imagines

2164 4255 2374 4310 illorum
2404 4257 2662 4326 e/ﬁngcus,
2689 4272 2882 4311 rursus
2924 4272 2987 4310 ex
3032 4257 3275 4311 oratione
3318 4257 3655 4312 subtraxerit
3681 4260 3741 4312 il-

2164 4349 2268 4402 lam
2303 4348 2611 4415 formulam,
2648 4349 2723 4413 ὡς
2756 4349 2862 4421 φὴς
2888 4349 3069 4416 αὐτός,
3101 4362 3157 4404 ut
3185 4351 3293 4418 ipse
3322 4351 3438 4413 ais;
3470 4366 3587 4419 qua
3619 4351 3740 4420 qui-

2165 4441 2285 4496 dem
2319 4457 2426 4494 non
2481 4443 2830 4512 semetipsum
2885 4441 3181 4497 introducit
3239 4443 3594 4511 loquentem,
3651 4444 3737 4498 sed

502 4534 817 4586 machorum
843 4532 1150 4596 disseritur,
1177 4531 1269 4601 qui
1296 4530 1602 4585 testimonia
1634 4541 1824 4586 trunca
1851 4547 1914 4585 ac
1943 4548 2062 4586 mu-
2093 4541 2137 4595 D
2165 4532 2336 4588 Graeci
2369 4534 2672 4604 philosophi
2703 4534 2983 4604 impugnat
3019 4535 3352 4604 opinionem.
3386 4533 3735 4590 lconomachi

501 4625 613 4689 tila,
658 4624 743 4677 vix
795 4624 1046 4678 indicatis
1099 4623 1435 4684 auctoribus,
1491 4623 1852 4678 examinanda
1904 4622 2059 4679 Nice-

498 4715 667 4784 phoro
705 4715 981 4770 miserant.
1018 4715 1148 4782 Cap.
1185 4714 1208 4768 l
1247 4715 1356 4785 agit
1404 4715 1684 4784 speciatim
1727 4715 1793 4769 de
1841 4713 2059 4768 Macarii

500 4805 1296 4876 Apocriticis,testimoniisque
1345 4807 1468 4860 inde
1518 4797 1768 4876 sumptis.
1802 4804 1903 4861 Ubi
1949 4806 2062 4876 pri-

499 4914 646 4952 mum
689 4898 1011 4968 disquiritur
1039 4898 1104 4953 de
1133 4898 1502 4967 manuscripto
1546 4901 1731 4953 codice
1760 4899 2060 4953 vetustissi-

498 5004 606 5055 mo,
644 4989 699 5043 in
729 5005 836 5058 quo
869 4988 1280 5044 continebantur
1308 4990 1609 5056 Apocritica
1639 4989 1877 5054 Macarii,
1914 4989 2062 5044 deiu-

497 5083 562 5137 de
615 5083 684 5137 de
730 5082 848 5152 ipso
897 5091 1138 5148 auctore,
1170 5082 1322 5152 cujas
1359 5082 1539 5145 fuerit,
1567 5091 1620 5136 et
1669 5096 1778 5151 quo
1820 5091 2060 5150 tempore

497 5171 712 5235 vixerit,
733 5185 942 5226 necnon
970 5171 1037 5225 de
1067 5185 1230 5240 sc0po
1261 5171 1429 5240 ipsius
1448 5173 1628 5240 Opt‘t'is
1652 5174 1716 5225 ad
1744 5185 2056 5240 oppugnan-

495 5255 593 5310 dos
619 5257 837 5312 Graecos
868 5258 1080 5312 directi.
1117 5259 1250 5328 Cap.
1281 5259 1316 5312 2
1352 5261 1671 5328 proponitur
1699 5259 2057 5329 fragmentum

493 5349 725 5417 primum
755 5367 821 5406 ex
849 5351 1161 5421 Apocrilicis
1191 5353 1431 5419 Macarii,
1465 5354 1608 5424 quod
1642 5354 1880 5410 continet
1912 5353 2062 5410 Grae-

493 5441 541 5496 ci
574 5441 878 5512 philosophi
926 5452 981 5498 et
1025 5444 1324 5501 idololatrze
1355 5447 1514 5501 verba
1564 5447 1632 5501 ad
1670 5445 1964 5502 Macarium
1997 5448 2060 5502 de

496 5538 809 5593 monarchia
835 5539 1039 5608 divina,
1070 5541 1280 5612 quippe,
1300 5541 1393 5611 qui
1423 5541 1820 5606 monarchiam,
1855 5541 1936 5596 vel
1966 5556 2060 5612 po-

708 5683 947 5766 Erwpar.
975 5708 1154 5763 crang.
1192 5695 1364 5766 libtx,
1391 5712 1488 5766 cap
1535 5696 1585 5750 9.

713 5752 1049 5824 :I'herqpcul.,
1084 5752 1247 5816 svcrm.
1284 5764 1334 5818 7.

566 5819 676 5897 (8|)
714 5819 770 5876 In
793 5819 1148 5892 epistol-.1101
1187 5834 1251 5888 ad
1283 5834 1710 5891 l‘aznmuchium.
1737 5835 1893 5892 Conf.
1922 5835 2058 5892 Ten-

2160 4626 2305 4680 enim
2357 4626 2608 4681 tnutilum
2655 4642 2720 4682 ac
2771 4635 3082 4683 truncatum
3132 4628 3468 4698 protulerant
3511 4627 3735 4684 Macarii

2160 4719 2555 4785 testimonium,
2587 4721 2986 4790 supprimentes
3014 4720 3277 4791 quidquid
3311 4734 3503 4775 eorum
3543 4737 3736 4792 propo-

2160 4811 2264 4866 sito
2311 4827 2476 4882 scopo
2523 4812 2663 4866 haud
2716 4813 3017 4869 conducere
3044 4813 3218 4868 visum
3255 4812 3355 4867 fuit
3387 4831 3401 4866 :
3433 4813 3568 4869 hinc
3596 4831 3734 4884 quze-

2160 4901 2284 4955 dam
2326 4900 2380 4953 in
2414 4900 2872 4972 medio,qu:edam
2903 4903 2957 4956 in
2997 4903 3100 4957 fine
3125 4903 3385 4957 orationis
3413 4904 3732 4969 omiserant,

2159 5005 2281 5058 qua),
2313 4990 2608 5062 imaginum
2651 5007 2928 5047 sacrarum
2960 4994 3272 5048 defensores
3319 4993 3558 5050 sollicita
3609 5011 3730 5052 cura

2159 5082 2456 5150 supplenda
2491 5083 2779 5138 duxerunt.
2804 5084 2936 5154 Cap.
2961 5084 2994 5139 8
3019 5084 3293 5155 profertur
3315 5084 3729 5157 fragmentumG

2159 5181 2213 5225 et
2243 5172 2295 5236 7,
2326 5173 2378 5226 in
2407 5189 2517 5243 quo
2543 5174 2608 5228 de
2635 5174 2944 5229 Abrahamo
2968 5184 3021 5230 et
3047 5177 3253 5248 angelis
3279 5177 3347 5231 ab
3363 5191 3431 5232 eo
3456 5178 3598 5234 visis
3619 5181 3729 5250 agi-

2159 5271 2305 5316 tatur
2353 5265 2603 5333 quazstio.
2635 5263 2748 5320 Etsi
2779 5265 2833 5318 in
2863 5265 3100 5320 humana
3135 5275 3194 5322 ut
3226 5267 3518 5336 plurimum
3554 5269 3727 5338 specie

2160 5353 2288 5407 olim
2343 5355 2519 5424 angeli
2568 5366 2954 5425 apparuerunt,
3004 5365 3243 5412 attamen
3298 5375 3406 5412 non
3459 5359 3512 5412 id
3556 5361 3726 5430 ipsum

2158 5458 2333 5513 erant,
2365 5446 2510 5517 quod
2543 5449 2868 5516 apparebat;
2918 5449 3010 5504 sed
3047 5450 3197 5520 quod
3222 5460 3396 5513 erant,
3430 5451 3485 5505 id
3516 5453 3722 5508 visibilc

2162 5555 2268 5594 non
2337 5549 2470 5596 erat.
2522 5539 2854 5610 Quapmpter
2919 5541 3261 5598 Abrahamus
3337 5558 3569 5612 eorum,
3634 5546 3721 5615 qui

2162 5697 2281 5770 zelii
2304 5695 2594 5770 Exercitat.
2635 5695 2854 5761 Select.,
2893 5707 3030 5767 part.
3060 5709 3305 5770 _poster.,
3351 5717 3402 5770 p.
3435 5701 3544 5755 235
3573 5716 3718 5770 seqq.

2235 5767 2345 5833 (89.)
2391 5768 2760 5841 lugenspectu
2790 5783 3012 5837 operum
3050 5768 3106 5823 S.
3142 5767 3429 5841 Nicephbri
3457 5787 3621 5840 supra
3647 5767 3719 5825 ci-

2162 5848 2292 5906 tato,
2324 5854 2377 5911 p.
2414 5837 2516 5891 670
2549 5853 2660 5907 scq.
