3966 6206
290 297 432 354 15ῖῖ

1444 299 1742 369 {NUTITIA
1782 301 1869 356 ET
1910 302 2349 358 FRAGMENTA.

3370 298 3502 351 1375

282 415 391 471 visi
424 422 598 481 erant,
631 430 730 471 nec
785 416 1016 486 speciem
1070 418 1341 488 exprimit,
1370 434 1469 474 nec
1498 420 1852 476 simulacrum
1884 430 1927 483 Α
1958 418 2115 491 plane
2146 422 2405 492 Magnetis
2433 420 2604 474 nostri
2639 418 3004 473 testimonium
3046 432 3132 472 me
3169 415 3362 486 legisse
3394 432 3504 469 me-

283 506 505 576 sculpit,
542 521 641 561 nec
675 506 961 579 imaginem
994 511 1049 563 in
1082 510 1276 564 tabella
1317 511 1519 582 pingit;
1563 528 1686 567 cum
1738 530 1844 567 non

283 600 502 654 deceret
532 599 916 668 patriarcbam,
953 601 1059 656 Deo
1084 603 1341 668 amicum,
1374 603 1654 657 hominum
1690 605 1846 661 istius

283 691 462 746 aztatis
501 691 1001 759 superstitiosorum
1048 694 1219 747 errori
1251 693 1523 748 addictum
1573 709 1715 761 esse,
1764 695 1847 749 in-

282 791 450 838 eunte
496 781 607 837 fere
640 782 965 837 idololatria.
1023 783 1275 839 Succedit
1322 784 1389 839 de
1436 785 1625 840 eodem
1680 802 1846 856 argu-

283 883 471 928 mento
518 872 876 944 fragmentum
919 889 1037 941 vm,
1084 877 1135 930 in
1183 891 1292 946 quo
1337 874 1603 931 Macarius
1648 876 1847 933 Gracis

284 964 577 1035 exprobrat
604 965 1067 1035 impudentissima
1094 967 1317 1022 deorum
1346 983 1568 1024 suorum
1598 967 1737 1023 facta
1762 979 1844 1025 at-

285 1072 393 1126 que
445 1057 728 1112 simulacra
763 1075 776 1112 :
811 1058 1260 1127 quemadmodum
1304 1076 1423 1129 cap.
1454 1060 1486 1115 9
1531 1062 1847 1130 producitur

287 1146 646 1217 fragmentum
684 1164 757 1215 Ix,
796 1149 849 1203 in
901 1164 1010 1219 quo
1054 1160 1244 1206 auctor
1288 1155 1497 1221 probat,
1534 1168 1633 1208 nec
1661 1153 1844 1207 mundi

281 1239 571 1304 elementa,
599 1248 819 1306 terram,
854 1256 1074 1310 aquam.
1107 1256 1308 1310 aerem,
1343 1243 1473 1299 deos
1502 1243 1683 1298 vocari
1715 1258 1845 1313 pos-

283 1345 385 1396 se;
427 1345 526 1385 nec
567 1331 750 1397 astris,
780 1331 873 1387 sed
905 1331 1034 1399 Deo,
1067 1331 1161 1403 qui
1196 1333 1287 1388 illa
1309 1349 1337 1389 e
1361 1335 1497 1390 cado
1542 1333 1843 1403 suspendit,

283 1436 446 1474 suum
483 1420 686 1476 cultum
716 1421 983 1492 integrum
1018 1438 1137 1479 esse
1162 1424 1517 1489 servandum;
1547 1424 1718 1478 multo
1746 1424 1847 1477 mi-

285 1528 391 1566 nus
416 1521 595 1567 autem
643 1512 949 1573 simulacris
979 1516 1059 1570 vel
1091 1516 1284 1572 statuis
1306 1515 1549 1570 divinum
1585 1515 1845 1569 honorem

282 1619 406 1658 (sse
437 1606 820 1673 pmstandum,
855 1621 977 1660 cum
1007 1621 1093 1662 res
1132 1607 1441 1661 inanimatae
1473 1622 1571 1661 nec
1600 1606 1844 1670 honoris,

285 1709 387 1749 nec
417 1695 756 1750 contumeliae
787 1711 1005 1751 sensum
1040 1697 1205 1751 nllnm
1240 1697 1484 1766 accipere
1504 1694 1841 1767 possint.Ubi

284 1785 449 1841 simul
501 1786 661 1840 verba
706 1785 870 1842 Mosis
908 1805 921 1840 :
958 1787 1074 1841 Diis
1120 1805 1220 1842 non
1256 1788 1554 1851 maledices,
1588 1787 1845 1851 vindicat,

285 1873 431 1942 quod
459 1873 525 1929 de
556 1874 661 1928 diis
700 1890 860 1930 sensu
902 1876 1211 1931 carentibus
1256 1891 1362 1930 non
1410 1876 1616 1946 possint
1656 1874 1844 1944 accipi.

286 1964 365 2019 Ex
415 1967 612 2036 quibus
669 1968 923 2034 omnibus
977 1967 1314 2038 Nicephorus
1372 1966 1628 2034 ostendit,
1679 1976 1847 2022 totam

285 2058 507 2114 Macarii
534 2060 702 2114 nostri
730 2059 1146 2129 disputationem
1175 2075 1283 2114 non
1315 2060 1583 2129 pertinere
1612 2060 1678 2114 ad
1713 2060 1847 2114 ima-

284 2151 440 2220 gines
465 2150 666 2206 Christi
696 2151 777 2206 vel
804 2161 1137 2217 sanctorum,
1173 2152 1265 2206 sed
1301 2151 1367 2206 ad
1393 2150 1649 2221 profanas
1678 2151 1850 2220 genti-

284 2242 418 2295 lium
448 2241 673 2297 deorum
706 2242 989 2312 imagines.
1021 2241 1153 2310 Cap.
1184 2241 1249 2295 10
1294 2242 1472 2297 adhuc
1500 2241 1846 2312 subjuugitur

284 2332 538 2387 ultimum
564 2331 779 2387 Macarii
804 2331 1183 2402 fragmentum,
1208 2346 1276 2386 ex
1304 2331 1479 2401 primo
1506 2331 1746 2401 ejusdem
1778 2331 1847 2384 li-

285 2423 370 2477 bri
403 2422 813 2492 Apocriticorum
846 2438 1093 2478 sermone
1122 2423 1297 2493 capite
1334 2430 1486 2478 sexto
1514 2423 1758 2492 petitum,
1793 2424 1847 2477 in

283 2529 396 2585 quo
440 2529 565 2569 eum
591 2514 657 2569 de
691 2515 983 2580 miraculis,
1027 2531 1148 2585 quae
1196 2530 1226 2569 a
1270 2515 1489 2570 Christo
1519 2514 1659 2569 facta
1698 2524 1846 2583 sunt,

286 2621 447 2676 agere
478 2605 641 2661 refert
670 2604 1034 2676 Nicrphorus;
1067 2608 1455 2678 speciatimque
1486 2608 1656 2678 ipsius
1693 2608 1847 2664 testi-

288 2694 532 2749 monium
582 2695 648 2750 de
687 2694 941 2751 Berenice
971 2696 1252 2752 immundo
1276 2698 1556 2767 sanguinis
1584 2697 1849 2768 profluvio

286 2785 604 2848 laborante,
640 2794 693 2839 et
734 2800 766 2839 a
814 2783 1098 2841 Servatore
1149 2802 1244 2856 per
1283 2787 1574 2842 salutarem
1624 2789 1849 2843 fimbrias

288 2877 463 2947 ipsius
491 2884 693 2931 tactum
718 2876 1042 2933 miraculose
1069 2887 1255 2933 sanata
1279 2879 1516 2946 adducit,
1543 2879 1699 2949 cujus
1722 2879 1847 2935 facti

290 2968 583 3037 imaginem
617 2968 811 3023 mulier
859 2984 965 3024 tere
1012 2985 1322 3040 expressam
1353 2972 1585 3043 posteris
1616 2972 1849 3027 tradide-

286 3061 358 3116 rit
382 3059 515 3133 (85).
544 3059 676 3132 Cap.
709 3061 764 3118 11
803 3061 1105 3116 antistitum
1155 3060 1408 3118 Ecclesiae
1438 3063 1636 3133 quibus
1681 3078 1838 3134 praee-

287 3160 373 3206 rat
407 3151 764 3221 Nicephorus,
796 3153 1050 3223 panditur
1070 3151 1331 3223 judicium
1362 3156 1428 3210 de
1454 3156 1705 3211 doctrina
1737 3155 1847 3210 Ma-

287 3241 442 3306 carii,
472 3243 834 3319 eum_scilicet
875 3258 983 3297 non
1030 3243 1084 3297 in
1113 3244 1366 3301 omnibus
1398 3246 1571 3303 sacris
1597 3245 1852 3303 Ecclesiae

286 3331 632 3401 dogmatibus
664 3331 832 3388 fuisse
880 3332 1263 3400 orthodoxum,
1315 3336 1409 3391 sed
1457 3352 1668 3394 errores
1714 3353 1852 3393 non-

288 3420 471 3475 nullos
498 3435 623 3476 cum
649 3419 981 3485 Manichaais,
1014 3422 1230 3478 Arianis
1254 3434 1307 3478 et
1334 3422 1565 3495 Origene
1594 3426 1853 3482 habuisse

289 3526 633 3575 communes,
669 3511 1058 3582 speeiatimqne
1100 3514 1285 3579 istum,
1313 3515 1459 3586 quod
1492 3531 1685 3587 preme,
1714 3532 1852 3587 quas

292 3604 475 3674 impiis
509 3603 822 3663 hominibus
848 3605 990 3661 Deus
1038 3607 1276 3662 minatus
1304 3618 1387 3661 est
1414 3622 1480 3662 ac
1507 3608 1849 3677 praeparavit,

289 3695 451 3750 ﬁnem
482 3694 609 3747 olim
640 3693 905 3750 habiturae
930 3700 1058 3753 sint.
1085 3697 1216 3766 Cap.
1277 3699 1346 3753 12
1369 3697 1674 3756 continetur
1732 3698 1849 3768 epi-

290 3788 448 3859 logus
511 3786 931 3857 disputationis,
990 3788 1043 3842 in
1102 3804 1211 3859 quo
1258 3787 1525 3843 antistites
1568 3787 1850 3843 orthodoxi

289 3880 727 3935 Christianorum
786 3882 1031 3945 cultum,
1094 3897 1255 3952 quem
1305 3882 1630 3952 imaginibus
1682 3883 1852 3955 sacris

291 3982 574 4044 praestant,
606 3988 635 4028 a
668 3972 898 4044 profano
928 3974 1205 4044 gentilium
1231 3974 1376 4030 cultu
1403 3974 1762 4045 distinguunt,
1788 3991 1851 4031 ea

290 4066 512 4137 quidem
566 4068 800 4132 ratione,
835 4076 892 4121 ut
940 4067 1009 4121 ab
1054 4066 1381 4137 imaginibus
1425 4065 1490 4120 ad
1535 4065 1853 4137 archetypos

290 4177 391 4232 per
434 4161 699 4215 infinitam
745 4160 899 4231 quasi
946 4160 1218 4214 notionem
1269 4174 1435 4214 manu
1488 4158 1774 4226 ducantur,
1799 4150 1883 4214 et-

293 4255 556 4308 memoria
601 4255 845 4323 ipsorum
889 4267 953 4307 eo
1001 4252 1331 4322 splendidius
1380 4252 1663 4319 excitetur,
1693 4259 1853 4321 atque

291 4361 504 4411 eorum,
534 4348 627 4416 qui
660 4347 909 4400 ardenter
934 4353 1118 4399 amant
1149 4353 1203 4399 et
1233 4345 1443 4401 sincera
1473 4344 1578 4402 ﬁde
1605 4344 1850 4413 credunt,

295 4438 498 4493 animis
527 4447 680 4492 tanto
711 4437 872 4491 altius
904 4436 1176 4507 inligatur.

329 4550 359 4623 ς
388 4550 572 4607 XVlll.
611 4550 827 4606 Summa
859 4551 1268 4623 fragmentorum
1299 4563 1362 4603 ea:
1391 4564 1537 4619 opere
1568 4547 1823 4619 Magnetis

953 4621 1231 4677 editorum.

367 4711 525 4768 Hisce
554 4711 870 4783 fragmentis
902 4711 1319 4781 Apocriticorum
1343 4708 1562 4765 Macarii
1591 4708 1855 4779 Magnetis

295 4802 561 4858 hactenus
577 4802 811 4866 incditis,
835 4817 1063 4871 quorum
1080 4801 1293 4854 brevem
1320 4799 1479 4855 modo
1505 4798 1854 4853 exhibuimus

297 4896 569 4968 analysin,
610 4911 755 4951 nunc
788 4895 986 4965 pariter
1017 4891 1422 4947 annnmeranda
1450 4899 1609 4947 erunt
1642 4890 1852 4960 reliqua

294 4988 454 5043 istius
479 4989 657 5058 operis
690 4986 953 5058 deperditi
976 4983 1422 5055 ἀποσπασμάτια,
1454 4998 1574 5052 quae
1594 4997 1623 5036 a
1655 4981 1852 5037 Franc.

292 5078 581 5146 Turriano,
610 5079 813 5135 Thoma
836 5078 1015 5144 Bozio,
1032 5076 1152 5133 Jod.
1184 5077 1400 5141 Coccio,
1425 5077 1612 5133 etaliis
1632 5076 1856 5147 quibus-

294 5172 421 5227 dam
454 5172 843 5227 recentioribus
883 5169 1259 5239 scriptoribus,
1291 5170 1486 5240 partim
1524 5168 1713 5223 Latine
1739 5177 1858 5222 tan-

289 5271 435 5327 tum,
456 5261 650 5331 partim
690 5270 914 5329 utraque
940 5259 1119 5325 lingua
1149 5258 1290 5312 edita
1318 5266 1464 5321 sunt,
1492 5267 1545 5311 et
1572 5257 1699 5311 hinc
1728 5256 1855 5310 inde

293 5353 540 5424 dispersa
572 5353 840 5424 leguntur.
874 5350 951 5405 Ex
978 5352 1117 5406 libro
1150 5367 1165 5406 ι
1195 5350 1611 5418 Apocriticorum
1645 5348 1850 5403 nullum

370 5500 487 5575 (ὃᾷ)
515 5501 661 5575 _Vide
689 5518 851 5575 supra
877 5503 941 5558 ad
976 5502 1004 5575 ᾗ
1037 5502 1119 5575 1ο.

370 5571 633 5643 (διιιλιι).
663 5591 724 5637 ιι,
758 5571 863 5630 Pro
895 5571 1126 5641 epistolis
1162 5575 1497 5643 pontiﬁcum,
1541 5589 1661 5643 cap.
1694 5574 1747 5633 5,
1798 5589 1848 5642 p.

301 5657 378 5694 ιιι.
415 5642 537 5707 120,
586 5645 716 5699 edit.
769 5643 965 5711 Paris,
1012 5660 1076 5701 ex
1115 5642 1332 5702 officina
1384 5642 1851 5701 bebast.’Nivellii

304 5710 466 5770 £573.
491 5713 544 5767 in
573 5715 624 5768 8.

1948 513 2118 580 mini;
2156 514 2257 569 nisi
2298 512 2441 583 quod
2468 513 2607 565 inter
2627 509 2886 563 ἀνέκδοτα
2923 508 3085 563 modo
3116 507 3345 562 indicata
3391 506 3502 560 fra-

1947 614 2221 676 gmentum
2268 618 2301 657 x
2355 620 2420 658 ex
2466 604 2638 673 primo
2663 600 2902 670 ejusdem
2934 596 3055 653 libri
3101 596 3507 666 Ἀποκριτικῶν

1948 709 2197 749 sermone
2226 694 2455 763 ejusque
2494 691 2666 761 capite
2706 699 2858 744 sexto
2898 689 3269 757 depromptum
3301 685 3504 740 refera-

1947 793 2052 839 tur.
2072 785 2149 838 Ex
2173 784 2309 838 libro
2327 800 2362 837 ιι
2387 792 2487 837 etv
2503 777 2907 849 Ἀποκριτικῶν
2927 779 3056 833 citat
3076 778 3371 832 Turrianus
3391 778 3503 848 (84)

1945 892 2008 932 ea
2040 875 2300 946 Magnetis
2324 874 2509 939 verba,
2559 872 2756 942 quibus
2799 870 3073 926 ethnicum
3100 868 3501 938 philosomium,

1946 966 2367 1037 discrepantiam
2414 964 2867 1034 evangelistarum
2899 960 3220 1015 Christianis
3249 959 3507 1027 objicien-

1946 1068 2075 1121 tem,
2101 1057 2367 1121 confutat,
2414 1056 2801 1125 speciatimqne
2840 1053 2982 1108 dicta
3023 1050 3314 1122 Scriptura:
3337 1048 3402 1104 N.
3438 1048 3501 1105 T.

1946 1150 2134 1204 Matth.
2187 1164 2357 1213 xxvii,
2408 1147 2507 1213 48;
2546 1147 2706 1202 Marc.
2740 1162 2829 1210 xv,
2878 1146 2979 1211 εἴη
3009 1143 3141 1199 Luc.
3194 1160 3351 1207 χχιιι,
3396 1142 3503 1209 '56;

1945 1242 2102 1299 Joan.
2134 1258 2249 1309 xix,
2272 1241 2362 1305 29,
2388 1241 2661 1306 conciliat,
2685 1238 2998 1294 existimans
3025 1238 3307 1291 historiam
3338 1252 3503 1291 evan-

1946 1338 2171 1408 gelicam
2214 1334 2365 1391 omni
2403 1332 2712 1402 suspicione
2745 1333 3035 1386 carituram
3062 1345 3216 1397 esse,
3248 1330 3293 1384 si
3328 1330 3504 1383 littera

1946 1428 2186 1484 historire
2216 1442 2322 1480 non
2352 1425 2587 1490 curiosa,
2618 1424 2710 1479 sed
2752 1423 2977 1493 simplex
3022 1422 3368 1491 reperiretur.
3425 1418 3504 1474 Ex

1946 1515 2084 1571 libro
2116 1529 2174 1568 ιιι
2220 1512 2392 1580 varia,
2441 1526 2611 1582 eaque
2665 1512 2899 1565 maxime
2930 1510 3300 1566 memorabilia
3346 1510 3505 1565 nobis

1945 1613 2263 1661 conservata
2295 1612 2421 1659 sunt
2447 1601 2664 1657 Macarii
2692 1599 2949 1671 Magnetis
2970 1609 3337 1666 monumenta,
3366 1599 3505 1653 inter

1947 1712 2067 1765 qua:
2105 1684 2448 1765 potissimum
2470 1692 2667 1747 eminet
2688 1691 3177 1746 luculentissimum
3220 1691 3388 1760 ipsius
3427 1698 3506 1743 te-

1952 1788 2264 1843 stimonium
2295 1786 2361 1840 de
2388 1800 2515 1840 vera
2541 1783 2823 1854 praesentia
2848 1782 3093 1851 corporis
3133 1790 3188 1836 et
3226 1782 3504 1851 sanguinis

1949 1876 2151 1932 Christi
2182 1878 2235 1931 in
2264 1876 2320 1931 S.
2350 1875 2720 1930 Eucharistia:
2758 1875 2870 1929 Οὐκ
2896 1874 3009 1926 ἐστι
3034 1874 3366 1946 Εὐχαριστια
3410 1874 3504 1927 τύ-

1951 1988 2049 2031 πος
2081 1968 2172 2021 τοῦ
2213 1967 2461 2038 σώματος
2490 1966 2699 2019 καὶτοῦ
2730 1966 2977 2036 αἵματος,
3008 1968 3142 2037 ὅπερ
3164 1966 3304 2028 τινὲς
3343 1968 3508 2039 appa—

1946 2060 2200 2131 ψῴδησαν
2225 2056 2607 2129 πεπηρωμένοι
2634 2057 2723 2111 τὸν
2753 2057 2897 2122 νοῦν,
2931 2056 3129 2127 μᾶλλον
3157 2056 3212 2109 δὲ
3240 2056 3395 2127 σῶμα
3412 2061 3507 2112 καὶ

1947 2145 2111 2220 αἶμα’
2142 2148 2243 2202 hoc
2271 2156 2351 2201 est
2374 2164 2387 2200 ε
2416 2144 2754 2200 Eucharistia
2779 2162 2881 2199 non
2904 2155 2981 2199 est
3007 2157 3158 2215 typus
3187 2145 3290 2214 (vel
3312 2148 3504 2218 figura)

1946 2244 2178 2310 corporis
2228 2250 2276 2294 et
2327 2239 2618 2310 sanguinis,
2671 2239 2809 2308 quod
2846 2240 3061 2308 quidam
3108 2239 3337 2308 fabulati
3382 2250 3504 2293 sunt

1947 2343 2115 2387 mente
2144 2332 2306 2401 capti,
2338 2332 2427 2385 sed
2452 2332 2622 2399 potius
2646 2346 2831 2399 corpus
2862 2339 2911 2382 et
2948 2330 3182 2399 sanguis.
3234 2332 3503 2400 [ntegrum

1948 2434 2128 2479 autem
2160 2424 2322 2493 hujus
2348 2423 2449 2477 loci
2489 2429 2797 2475 contextum
2838 2436 2945 2475 non
2968 2419 3266 2474 Turrianus
3297 2430 3504 2475 tantum

1947 2533 2012 2572 ex
2030 2516 2213 2571 codice
2236 2514 2571 2569 bibliotheca:
2596 2511 2811 2567 Veneta:
2833 2511 2885 2565 in
2917 2512 3145 2566 diversis
3176 2511 3326 2567 libris
3354 2513 3507 2567 exhi-

1946 2609 2085 2675 buit,
2120 2623 2307 2663 verum
2343 2616 2395 2661 et
2433 2604 2670 2660 Thomas
2696 2603 2892 2659 Bozius
2912 2603 3248 2673 Engubinus,
3281 2620 3507 2677 congre-

1948 2700 2178 2772 gationis
2204 2698 2441 2754 Oratorii
2475 2697 2768 2768 presbyter,
2803 2696 2880 2749 De
2918 2697 3079 2766 signis
3112 2696 3360 2751 Ecclesia:
3386 2697 3503 2762 Dei,

1947 2804 2093 2848 toruo
2119 2792 2183 2859 11,
2213 2792 2306 2848 lib.
2331 2808 2441 2856 xrv,
2467 2805 2520 2860 p.
2560 2790 2621 2844 71
2647 2789 3044 2863 (85),eumdem
3077 2789 3278 2856 locum,
3326 2800 3505 2843 muta-

1951 2884 2019 2938 tis
2050 2884 2175 2938 hinc
2202 2883 2325 2938 inde
2364 2881 2686 2952 quibusdam
2733 2881 2977 2946 vocibus,
3011 2894 3077 2935 ex
3119 2880 3224 2935 alio
3272 2881 3505 2949 quodam

1950 2977 2095 3032 fonte
2120 2971 2455 3031 bibliothecae
2486 2973 2708 3028 Achillis
2735 2971 2890 3027 Statii
2918 2972 3171 3042 produxit
3195 2988 3209 3037 ;
3246 2988 3406 3041 quem
3455 2984 3508 3027 et

1948 3066 2186 3121 Jodocus
2210 3063 2438 3119 Coccins
2466 3065 2519 3117 in
2548 3063 2813 3117 Thesauro
2844 3062 3121 3127 catholico,
3156 3062 3251 3115 lib.
3283 3079 3356 3125 vt,
3384 3078 3508 3116 nec-

1951 3172 2055 3212 non
2088 3156 2265 3211 Julius
2291 3154 2475 3210 Caasar
2498 3153 2828 3224 Bulengerns
2858 3154 2911 3206 in
2935 3152 3173 3208 Diatribe
3196 3153 3230 3207 5
3256 3153 3320 3207 ad
3344 3153 3509 3206 Emer-

1951 3250 2225 3305 citationes
2253 3247 2322 3303 ls.
2364 3247 2668 3302 Casauhoni
2700 3246 2957 3301 adversus
2982 3245 3291 3311 Baronium,
3311 3246 3510 3314 aliique

1951 3342 2122 3397 secuti
2154 3350 2297 3395 sunt.
2327 3338 2404 3392 Ex
2432 3338 2619 3392 eodem
2656 3336 2794 3390 libro
2833 3351 2893 3389 ιιι
2942 3336 3361 3405 Apocriticorum
3410 3351 3508 3388 no-

1950 3432 2132 3487 tabilis
2159 3440 2243 3486 est
2262 3431 2414 3485 locus
2440 3430 2506 3483 de
2535 3428 2818 3483 sacrificiis
2848 3427 3185 3481 daetnonibus
3229 3426 3507 3496 gentilium

1950 3523 2238 3587 mactatis;
2271 3521 2336 3575 ad
2363 3534 2524 3591 quem
2556 3520 2698 3573 idem
2726 3517 3027 3571 Turrianus
3059 3517 3112 3569 in
3143 3516 3236 3570 lib.
3275 3532 3370 3585 pro
3407 3514 3511 3569 Ca»

1950 3614 2187 3668 nonibns
2214 3621 2387 3682 apost.
2421 3620 2609 3666 contra
2631 3609 2853 3664 Centur.
2881 3609 3125 3680 Magdeb.
3147 3649 3162 3673 ,
3190 3610 3280 3663 lib.
3318 3626 3355 3673 ι,
3386 3625 3505 3679 cap.

1950 3708 2005 3773 5,
2031 3724 2081 3778 p.
2110 3724 2182 3762 ιιι.
2214 3708 2301 3770 15,
2325 3714 2599 3776 provocat,
2629 3706 2853 3774 ipsaque
2882 3704 3147 3775 Magnetis
3172 3704 3354 3772 verba,
3382 3705 3507 3772 qui-

1954 3798 2348 3853 bus-decretum
2380 3794 2737 3865 apostolicum
2770 3794 2888 3848 Act.
2915 3809 3003 3857 xv,
3034 3794 3126 3859 9.0,
3150 3793 3216 3848 de
3245 3793 3509 3863 sanguine

1951 3898 2004 3944 et
2032 3887 2295 3943 suil‘ocato
2323 3884 2666 3940 immolatitio
2694 3884 2945 3954 explicat,
2976 3883 3164 3938 Latine
3186 3892 3389 3937 tantum
3412 3883 3509 3936 ad-

1952 3980 2120 4036 ducit.
2156 3977 2366 4044 Quibus
2414 3989 2671 4049 prazterea
2694 3976 2935 4031 addenda
2967 3984 3094 4031 sunt
3149 3990 3212 4030 ea
3246 3974 3509 4045 Magnetis

1954 4069 2283 4133 testimonia,
2316 4068 2633 4139 quaeGraece
2654 4067 2892 4138 vulgavit
2922 4066 3223 4121 Turrianus
3252 4066 3306 4119 in
3348 4066 3510 4120 scho-

1952 4160 2039 4214 liis
2064 4159 2410 4229 apologeticis
2441 4157 2641 4213 Graecis
2664 4159 2729 4213 ad
2755 4157 3165 4212 Constitutiones
3190 4155 3509 4226 apostolicus

1951 4253 2243 4308 Clementis
2276 4253 2504 4310 Romani
2551 4254 2733 4309 Graece
2769 4254 2941 4309 editas
2976 4252 3215 4307 Venetiis
3251 4252 3411 4317 1565,
3453 4267 3506 4320 ιι.

1953 4362 2027 4400 ιιι.
2064 4344 2188 4401 182.
2230 4345 2307 4403 Ex
2341 4345 2478 4400 libro
2530 4360 2583 4399 Iv
2610 4344 2981 4416 Apologiarum
3012 4343 3275 4413 Magnetis
3326 4342 3507 4396 itidem

1880 4446 1924 4501 1)
1952 4437 2399 4507 ἀποσπασμάτιον
2428 4437 2643 4506 aliquod
2680 4435 3016 4492 conservavit
3057 4435 3358 4489 Turrianus
3401 4432 3510 4487 Pro

1953 4530 2105 4597 epist.
2152 4528 2487 4597 pontiﬁcum,
2524 4528 2615 4583 lib.
2652 4545 2713 4595 ιι,
2741 4544 2789 4583 c.
2826 4528 2911 4592 13,
2948 4543 3000 4597 p.
3032 4542 3105 4581 ιιι.
3137 4527 3268 4588 154,
3303 4526 3393 4579 ubi
3424 4542 3513 4579 ra-

1954 4618 2155 4674 tionem
2194 4619 2370 4674 reddit
2418 4617 2684 4673 Macarius
2713 4634 2809 4672 cur
2860 4616 3059 4671 Paulus
3090 4631 3148 4671 se
3179 4615 3380 4684 alioqui
3426 4614 3511 4666 vi-

1954 4718 2167 4765 ventem
2185 4709 2559 4778 mortuis(vel
2584 4710 2783 4781 potius,
2814 4710 2900 4773 iis,
2942 4709 3030 4776 qui
3062 4707 3246 4761 victuri
3297 4716 3415 4758 sunt
3458 4706 3510 4758 in

1953 4803 2037 4855 die
2050 4801 2263 4872 judicii)
2284 4800 2395 4872 (86)
2418 4802 2851 4855 annumeraverit
2875 4799 2895 4852 l
2916 4799 3106 4853 Thess.
3135 4815 3208 4864 Iv,
3234 4798 3294 4852 17
3320 4814 3332 4848 :
3359 4795 3515 4850 Οὕτω

1954 4892 2082 4963 γὰρ,
2123 4892 2320 4962 inquit,
2352 4892 2416 4946 ἄν
2436 4908 2519 4955 τις
2548 4890 2874 4960 φιλέταιρος,
2900 4889 2993 4942 καὶ
3025 4887 3133 4942 τῶν
3182 4886 3511 4957 ὁμοστοίχων

1954 4982 2180 5052 ἀγαπῶν
2209 4982 2305 5053 τὴν
2350 4979 2663 5048 συγγένειαν
2687 4980 2860 5031 δοκεῖ·
2910 4978 2960 5031 id
2987 4986 3103 5032 est:
3136 4974 3226 5029 Sic
3248 4975 3384 5027 enim
3428 4974 3512 5041 fit,

1956 5086 2013 5125 nt
2076 5072 2317 5127 videatur
2359 5070 2552 5141 aliquis
2593 5071 2810 5136 amicos,
2864 5067 3047 5138 quibus
3076 5084 3129 5121 se
3179 5074 3511 5127 annumerat,

1957 5182 2162 5236 eosque,
2191 5166 2281 5236 qui
2303 5164 2385 5218 sui
2412 5163 2614 5218 ordinis
2634 5174 2776 5226 sunt,
2804 5162 3037 5230 diligere.
3062 5158 3181 5225 Quo
3210 5157 3515 5213 testimonio

1955 5274 2080 5313 cum
2113 5258 2425 5311 abuteretur
2453 5256 2752 5312 Turrianus
2789 5254 2853 5308 ad
2886 5250 3261 5307 vindicandam
3299 5249 3514 5321 γνησιό-

1956 5364 2093 5417 τητα
2128 5347 2370 5416 epistolae
2392 5344 2916 5417 pseudo-Clementis
2942 5344 3008 5399 ad
3024 5342 3281 5398 Jacobum
3303 5342 3515 5411 episco-

2027 5501 2141 5570 (85)
2167 5501 2313 5624 sun.
2338 5503 2529 5558 Colon.
2557 5500 2778 5625 f\gipp.
2812 5497 2969 5576 1626.
2994 5499 3045 5551 4.
3363 5570 3373 5581 .

2027 5564 2139 5625 (86)
2215 5573 2288 5625 Id.
2316 5571 2577 5625 Blondelh
2658 5567 3084 5625 seadoclsutorus
3125 5576 3173 5623 ct
3220 5565 3373 5625 Tum

2026 5564 2139 5650 (uti)
2167 5564 2288 5626 Vid.
2316 5571 2577 5650 Blonﬁelli
2608 5564 3084 5629 Pseudoclsittorus
3125 5576 3173 5623 ct
3220 5565 3512 5627 Turrianus

1957 5642 2262 5715 uapulante:
2289 5681 2303 5699 .
2328 5641 2407 5714 μ’
2433 5641 2548 5701 55(
