3966 6206
528 336 627 353 ιιι-υ

444 420 451 427 0
492 335 631 393 1575
1764 338 2121 396 HACARIUS
2158 338 2473 396 MAGNES-
3582 337 3720 396 1376

492 470 619 527 pum
676 452 1198 525 lierosolymitanum
1227 455 1341 525 jam
1373 465 1485 510 tum
1515 466 1789 512 mortuum
1814 458 2058 514 eonscri-
2087 461 2134 520 Α
2160 468 2287 515 ante
2335 458 2722 516 deliberatione
2774 455 3013 527 supremi
3077 454 3372 519 Creatoris,
3438 470 3550 510 non
3606 455 3721 510 solo

491 558 615 619 pun.
660 546 818 617 quasi
870 545 1008 599 nihil
1058 546 1361 613 interesset,
1392 550 1741 602 annumerari
1789 551 2055 604 viventem
2158 550 2343 615 verbo,
2365 552 2441 605 uti
2466 564 2673 607 caetera:
2694 554 2979 614 creaturae,
3002 548 3179 604 lactus
3203 548 3293 602 sit.
3318 545 3514 601 Filium
3545 556 3722 601 autem

492 639 744 705 mortuis,
780 653 847 692 an
884 649 1159 692 mortuum
1184 640 1522 704 viventibus;
1552 638 1717 694 David
1750 638 2060 697 Blondellus
2159 639 2254 696 Dei
2290 641 2657 713 unigenitum,
2699 656 2863 711 quem
2908 638 3059 694 Patri
3115 637 3436 707 ισοδύναμον
3476 646 3535 692 et
3557 636 3747 721 Δόγονξ

492 746 547 786 tn
581 726 1033 783 Pseudo-Isidora
1060 740 1109 783 et
1141 729 1402 785 Turriano
1432 732 1828 801 vapulantibus,
1875 750 1929 804 p.
1963 733 2055 797 '55,
2162 732 2520 788 ὑποστατικὸν
2549 748 2670 789 esse
2699 731 2916 795 asserit,
2934 730 3308 787 consiliarium
3343 729 3497 783 illum
3561 728 3728 784 fuisse

491 822 558 877 ad
581 821 698 876 haec
723 821 889 876 verba
920 818 1141 876 Macarii
1185 819 1448 892 Magnetis
1498 823 1824 895 respondet:
1882 820 2060 893 Ignoti
2161 825 2477 895 pronuntiat
2515 839 2625 896 quo
2652 822 2811 878 Pater
2845 822 2897 876 in
2932 820 3262 877 formatione
3303 820 3549 876 hominis
3599 835 3731 875 usus

492 912 742 967 hactenus
771 912 1006 965 auctoris
1031 913 1348 965 sententiam
1374 929 1475 966 non
1518 913 1897 983 improbamus,
1926 910 2061 966 nihil
2162 918 2251 974 sit.
2281 915 2512 984 Quando
2560 930 2724 986 porro
2775 914 3008 984 primum
3045 912 3323 969 hominem
3365 912 3422 966 in
3465 911 3730 965 mundum

494 1006 613 1059 inde
661 1001 925 1057 Turriano
956 1004 1233 1073 prwsidii;
1287 1002 1484 1058 Paulus
1518 1004 1657 1058 enim
1684 1012 1948 1058 mortuum
1985 1004 2063 1058 υἱ-
2163 1020 2421 1080 tanquam
2452 1024 2629 1079 regem
2660 1006 3051 1073 introductum,
3078 1014 3135 1060 et
3177 1005 3246 1061 ad
3293 1003 3387 1058 Dei
3443 1003 3733 1072 imaginem

491 1096 725 1151 sentibus
773 1110 883 1173 non
922 1095 1310 1162 annumeravit,
1365 1111 1454 1149 nec
1511 1096 1762 1151 viventem
1809 1095 2060 1162 mortuis,
2166 1100 2368 1156 factum
2422 1115 2543 1157 esse
2584 1100 2794 1165 scribit,
2825 1100 2964 1154 hanc
2986 1095 3399 1153 similitudinem
3457 1093 3605 1164 regis
3630 1108 3735 1146 non

491 1185 633 1257 quod
666 1185 720 1239 in
747 1182 1242 1254 pseudo-Clemente
1271 1186 1624 1257 coarguimus.
2166 1192 2220 1247 in
2255 1207 2494 1264 purpura
2523 1200 2578 1246 et
2608 1200 2821 1260 sceptro
2864 1199 2918 1245 et
2945 1188 3249 1244 diademate
3283 1185 3479 1257 quaerit
3502 1226 3520 1251 ,
3554 1184 3651 1241 sed
3684 1183 3737 1236 in

563 1273 641 1330 Ex
676 1276 815 1331 libro
837 1292 871 1330 v
895 1275 1129 1345 denique
1158 1275 1386 1347 ejusque
1418 1278 1523 1332 line
1566 1277 1837 1347 prolixum
1882 1276 2064 1333 Maca-
2167 1293 2364 1338 ornatu
2396 1280 2947 1353 incorruptibilitatis,
2982 1277 3405 1334 immortalitatis
3432 1291 3497 1332 ac
3526 1275 3739 1329 virtutis

494 1366 563 1422 ΐίί
585 1366 849 1438 Magnetis
885 1368 1250 1439 fragmentum
1283 1368 1358 1423 De
1384 1369 1489 1440 ﬁde
1525 1367 1754 1423 ΑὺναΙιιε
1777 1409 1792 1434 .
1850 1368 1906 1423 in
1956 1382 2065 1439 quo
2168 1376 2432 1440 collocat;
2465 1384 2524 1429 ut
2561 1373 2841 1428 brevitatis
2871 1386 3038 1427 causa
3083 1380 3278 1425 cetera
3328 1383 3479 1424 nunc
3523 1367 3740 1422 silentio

496 1462 563 1517 de
595 1462 904 1518 arctissimo
935 1461 1154 1517 vinculo
1178 1460 1297 1517 ﬁdei
1329 1472 1494 1533 atque
1540 1475 1767 1532 Operum
1816 1459 2061 1530 disserit,
2168 1475 2507 1537 pmteream.
2553 1464 2632 1520 Ex
2664 1480 2917 1520 sermone
2960 1463 3028 1519 l7
3077 1463 3132 1517 in
3178 1460 3415 1518 Genesin
3448 1458 3742 1531 singularis

497 1551 683 1610 Graece
696 1564 750 1610 et
772 1553 964 1611 Latine
988 1555 1217 1611 inseruit
1237 1554 1540 1613 Turrianus
1563 1554 1715 1626 operi
1731 1570 1832 1611 suo
1852 1554 2072 1626 dogma-
2170 1557 2390 1614 Macarii
2415 1556 2587 1613 nostri
2613 1558 2666 1611 in
2697 1570 2923 1612 censum
2957 1555 3106 1609 venit
3131 1551 3423 1623 explicatio
3443 1551 3514 1607 de
3546 1549 3742 1605 tunicis

498 1647 608 1703 tieo
639 1645 715 1701 De
736 1646 1143 1717 justiﬁeatione,
1168 1645 1354 1703 Romae
1379 1647 1509 1703 l55l
1545 1647 1711 1703 edito.
1743 1646 1898 1714 Quod
1915 1646 2070 1702 dein—
2170 1648 2429 1720 pelliceis,
2462 1647 2664 1718 quibus
2692 1646 2938 1702 Adamus
2963 1654 3019 1700 et
3039 1643 3149 1698 Eva
3178 1655 3303 1714 post
3322 1643 3543 1712 lapsum
3574 1640 3742 1697 induti

499 1753 628 1809 ceps
658 1739 799 1793 inter
830 1738 1275 1808 Θεολοτούμενα
1295 1737 1536 1794 auctoris
1565 1738 1740 1794 nostri
1770 1738 1838 1793 ad
1866 1736 2070 1792 articu-
2173 1738 2357 1795 luere:
2385 1754 2507 1809 qua:
2531 1738 2697 1794 verba
2733 1751 2842 1791 non
2874 1735 3190 1792 historicam
3210 1774 3224 1800 ,
3259 1733 3352 1790 sed
3397 1732 3743 1803 allegoriam

499 1830 611 1886 lum
641 1830 708 1885 de
738 1830 841 1885 ﬁde
866 1838 921 1885 et
942 1829 1334 1900 justiticatione
1377 1829 1521 1884 haud
1562 1828 1813 1884 inﬁmum
1841 1842 2073 1898 oecupa-
2107 1818 2146 1870 Β
2178 1832 2443 1887 rationem
2480 1831 2706 1886 innuere
2729 1828 2885 1899 juxta
2912 1843 3036 1883 eum
3061 1827 3185 1882 aliis
3209 1824 3625 1894 antiquioribus
3659 1838 3745 1877 ar-

498 1922 580 1977 bit
609 1922 820 1976 locum:
875 1921 965 1975 ubi
1001 1920 1164 1977 simul
1192 1920 1427 1991 singula,
1472 1935 1593 1991 qua:
1645 1919 1808 1975 modo
1841 1920 2069 1990 allegata
2178 1926 2409 1982 miratus
2435 1934 2551 1993 est;
2575 1926 2641 1980 de
2660 1939 2769 1995 qua
2796 1922 3054 1993 opinione
3074 1920 3304 1977 interius
3330 1918 3492 1988 plura
3522 1916 3746 1974 dicenda

500 2019 647 2072 sunt,
679 2009 977 2081 fragmenta
1007 2011 1060 2066 in
1090 2011 1292 2067 classes
1316 2027 1445 2068 suas
1473 2013 1783 2083 redigenda,
1806 2021 1861 2067 et
1888 2011 1956 2068 ab
1980 2026 2074 2067 ex-
2177 2024 2358 2073 erunt.

500 2102 840 2171 ceptionibus
871 2102 1305 2158 adversariorum
1337 2103 1658 2159 vindicanda
1698 2111 1878 2159 erunt.
2496 2106 2525 2180 ᾗ
2553 2106 2670 2162 XX.
2697 2107 2980 2164 Conclusio
3009 2102 3424 2160 dissertationis.

578 2212 606 2284 ς
643 2210 785 2269 XIX.
819 2211 1052 2268 Macarii
1094 2212 1356 2284 Magnetis
1389 2231 1652 2270 sermones
1693 2217 1747 2269 in
1780 2214 2005 2271 Cenesin

2249 2199 2616 2258 Constitutum
2636 2200 2853 2271 quidem
2885 2196 3080 2262 luerat,
3105 2195 3222 2265 ipsa
3302 2190 3750 2259 Θεολοτούμενα

1199 2285 1407 2339 ίηεάὶιί-
2182 2293 2401 2351 Macarii
2427 2292 2712 2363 Magnetis,
2754 2306 2877 2363 quae
2922 2305 2987 2346 ex
3041 2286 3362 2358 fragmentis
3390 2284 3646 2354 ejusdem
3691 2283 3752 2336 ab

576 2371 773 2431 Praeter
831 2375 1071 2448 quinque
1132 2378 1267 2432 istos
1315 2376 1483 2433 libros
1539 2376 1957 2446 ’Ἀποκριτικῶν
2007 2378 2074 2432 ad

2185 2387 2403 2443 interitu
2431 2383 2720 2441 vindicatis
2748 2380 2928 2453 colligi
2967 2386 3243 2452 poterant,
3263 2377 3459 2434 eadem
3510 2375 3620 2431 hac
3650 2375 3751 2430 dis-

503 2465 902 2524 Theosthenem
936 2478 1124 2525 contra
1150 2469 1377 2541 gentiles
1411 2468 1686 2542 Evangelii
1712 2469 2074 2525 ealnmniato-
2184 2479 2481 2538 somnone
2513 2475 2819 2548 inaugura“
2857 2474 3118 2531 exhibere
3156 2472 3211 2527 in
3255 2485 3385 2527 suas
3420 2470 3637 2524 classes
3677 2482 3755 2522 re-

502 2578 615 2625 res,
660 2576 896 2632 quorum
943 2561 1207 2615 hactenus
1235 2572 1490 2631 excerpta
1514 2561 1762 2631 quasdam
1803 2560 2074 2625 dedimus,
2183 2568 2361 2636 dacis,
2396 2578 2456 2623 ιιι
2494 2582 2561 2622 (εχ
2611 2566 2679 2622 iis
2716 2579 2916 2620 "eum
2948 2563 3186 2633 aliquem
3239 2560 3507 2616 doctrina
3546 2557 3755 2614 ψευδο.

504 2651 801 2722 scripserat
854 2650 1016 2706 etiam
1056 2650 1326 2706 Macarius
1368 2650 1593 2723 Magnes
1645 2652 2074 2715 commentarios,
2185 2660 2319 2733 gica;
2352 2658 2518 2728 hujus
2554 2658 2794 2713 auctoris
2842 2656 3152 2727 perspicere
3200 2652 3409 2708 liceret.
3442 2650 3587 2706 Cum
3634 2665 3756 2704 vero

504 2758 623 2807 seu,
656 2752 716 2799 ut
742 2742 848 2798 fert
864 2743 1077 2808 titulus,
1113 2761 1374 2800 sermones
1408 2746 1466 2799 in
1496 2743 1741 2812 Genesin,
1772 2744 1864 2815 qui
1898 2754 1952 2799 et
1974 2744 2078 2815 ipsi
2184 2760 2383 2821 praeter
2411 2749 2721 2819 opinionem
2762 2756 2914 2803 tanta
2958 2746 3096 2801 mihi
3137 2744 3368 2801 subnata
3397 2743 3474 2798 sit
3500 2740 3757 2797 dicetde-

503 2836 571 2890 ad
601 2836 705 2891 hoc
736 2850 911 2906 usque
930 2845 1142 2908 tempus
1164 2837 1391 2894 eruditis
1420 2836 1588 2907 ignoti
1620 2834 2077 2891 fuerunt.Horum
2184 2858 2306 2899 rum
2338 2842 2516 2911 copia,
2544 2856 2666 2912 qum
2700 2850 2960 2911 angustos
2983 2836 3381 2894 dissertationis
3413 2835 3628 2889 limites
3648 2834 3752 2903 jatl

505 2944 822 2983 sermonum
852 2926 1154 3000 fragmenta
1198 2946 1265 2985 ex
1317 2929 1738 2986 eminentissimi
1788 2930 2080 2986 cardinalis
2186 2944 2300 2990 tum
2335 2943 2720 3005 praetergressa
2760 2931 3004 2998 videtur;
3031 2931 3159 2985 etin
3193 2936 3522 2999 argumento
3552 2940 3585 2979 ³
3616 2926 3756 2981 nullo

506 3018 765 3075 01l0b0ni
791 3024 1161 3091 manuscriplo
1182 3022 1369 3077 codice
1392 3022 1711 3090 deprompta
1742 3020 1807 3075 Β.
1834 3020 1895 3077 Ρ.
1923 3020 2076 3075 Dum.
2184 3027 2525 3083 eruditorum
2552 3026 2815 3081 hactenus
2840 3033 3108 3094 occupato
3148 3020 3375 3091 singulm
3401 3021 3759 3075 circumstan-

509 3110 896 3180 Stephanotius
922 3111 988 3166 ad
1011 3111 1451 3168 laudatissimum
1481 3111 1580 3166 Dn.
1609 3109 1916 3165 Boivininm
1947 3124 2077 3165 mss.
2113 3171 2151 3187 Α
2186 3119 2275 3173 tia;
2299 3118 2461 3172 altius
2505 3116 2843 3187 aliquantum
2898 3114 3230 3186 repetendae,
3259 3129 3476 3183 suoque
3522 3112 3756 3183 pondere

506 3201 688 3271 Regia:
715 3202 1056 3259 bibliothecae
1107 3202 1433 3259 Parisiensis
1467 3202 1747 3258 custodem
1788 3202 2082 3258 transmitti
2110 3171 2151 3230 θ
2184 3171 2515 3262 aestimandae
2530 3171 2745 3261 essent:
2771 3171 3058 3275 specialem
3080 3171 3400 3275 dogmatuni
3425 3171 3597 3272 atque
3618 3216 3760 3256 erro-

506 3294 750 3350 curavit:
793 3294 887 3363 qui
932 3294 1120 3348 eadem
1173 3293 1361 3349 Latine
1399 3308 1552 3348 versa
1585 3303 1749 3364 atque
1798 3292 2081 3348 emendata
2186 3314 2307 3354 rum
2332 3298 2576 3354 auctoris
2619 3298 2795 3353 nostri
2844 3298 3321 3367 per-tractationem
3358 3296 3533 3351 altera
3578 3295 3757 3364 dispu-

508 3400 634 3438 cum
690 3383 812 3438 aliis
871 3381 1190 3452 fragmentis
1241 3382 1485 3454 ejusdem
1530 3382 1771 3438 auctoris
1802 3381 1856 3436 in
1904 3380 2074 3436 lucem

2188 3392 2387 3446 latione
2429 3391 2754 3462 complecti,
2783 3392 2866 3446 vel
2897 3391 2944 3447 si
2995 3390 3403 3446 eonvenientius
3472 3389 3551 3443 ita
3586 3388 3754 3441 visum

509 3476 670 3533 edere
697 3476 1074 3543 constituerat,
1102 3476 1206 3533 uisi
1236 3483 1561 3547 praematura
1598 3489 1747 3530 mors
1774 3472 1900 3529 huic
1921 3472 2081 3527 insti-
2189 3481 2373 3549 fuerit,
2403 3499 2511 3539 una
2542 3500 2666 3540 cum
2710 3484 2844 3555 ipsis
2884 3482 3068 3554 operis
3110 3481 3375 3552 depol-diti
3418 3481 3756 3551 ίι-εειιιοηιῑς,

514 3578 632 3625 ιιιιο
668 3568 880 3623 obicem
909 3569 1201 3640 posuisset.
1238 3566 1392 3624 Haud
1433 3568 1575 3623 ultra
1623 3566 1906 3623 historiam
1937 3579 2088 3620 erea-
2194 3588 2451 3647 unquam
2481 3576 2684 3633 relictis
2714 3592 2778 3631 ει
2803 3574 3092 3645 naufragio
3120 3572 3354 3635 tamus,
3396 3572 3624 3642 ρυωίρο
3643 3586 3758 3625 cm-

514 3659 681 3716 tionis
724 3668 779 3714 et
808 3660 991 3730 lapsus
1025 3659 1306 3715 hominum
1358 3674 1417 3715 se
1460 3656 1758 3714 extendunt
1796 3655 1913 3712 ista:
1939 3669 2080 3710 eom-

2192 3668 2430 3723 ditorum
2473 3667 2745 3723 desiderio
2777 3663 3197 3733 satisfacturus,
3245 3663 3436 3719 Graec
3470 3678 3537 3718 ac
3580 3661 3758 3717 Latine

514 3751 879 3807 mentationes
912 3749 1205 3823 Magnetis,
1253 3751 1307 3805 in
1338 3750 1540 3819 quibus
1570 3749 1714 3804 inter
1757 3746 1862 3802 alia
1907 3744 2087 3802 excel-
2189 3777 2463 3835 exponere
2495 3760 2640 3818 haud
2666 3759 3003 3832 refl-agam”.

513 3844 737 3901 lentiam
783 3844 1022 3901 hominis
1073 3844 1199 3901 inde
1255 3843 1627 3910 demonstrat,
1683 3842 1830 3914 quod
1897 3839 2082 3896 habita

1044 4064 3749 4097 __________________._________,_______.._____

528 4090 1039 4104 ..μνᾷ-Μ

1652 4236 2445 4332 DISSERTATIO
2547 4237 2676 4332 11,

1152 4440 1284 4505 Quae
1336 4435 1729 4506 θεολογούμενα
1754 4434 1986 4488 auctoris
2012 4449 2077 4487 ex
2107 4431 2338 4503 propriis
2365 4429 2531 4501 ipsius
2560 4430 2718 4499 script

1466 4435 1729 4506 ογούμενα
1754 4434 1986 4488 auctoris
2012 4449 2077 4487 ex
2107 4431 2338 4503 propriis
2365 4429 2531 4501 ipsius
2560 4430 2773 4499 scriptis
2802 4430 3032 4499 exponit.

1105 4739 1494 4797 PRAEFATIO.
2122 4742 2168 4799 Β
2197 4752 2360 4809 opere
2387 4734 2650 4806 Magnetis
2676 4731 2913 4789 Venetiis
2958 4731 3190 4802 amplius
3216 4731 3465 4801 reperiri,
3502 4733 3598 4787 sed
3628 4732 3761 4787 (odi-

589 4838 877 4909 lnterrnpti
934 4835 1174 4899 laboris,
1231 4835 1325 4906 qui
1381 4835 1439 4892 in
1485 4834 1822 4906 explicandis
1866 4832 2089 4897 Macarii
2189 4844 2306 4885 cem
2342 4828 2491 4882 illum
2518 4866 2532 4891 ,
2584 4841 2693 4896 quo
2734 4824 2929 4878 Franc.
2970 4822 3270 4877 Turrianus
3299 4822 3430 4876 olim
3470 4838 3611 4877 usus
3654 4834 3763 4884 est,

519 4937 783 5011 Magnetis
828 4932 1267 5003 θεολογουμένοις
1294 4942 1565 4997 versatur,
1598 4933 1644 4989 si
1676 4948 1871 4988 causas
1898 4932 2087 5002 requi-
2190 4920 2460 4995 probabili
2490 4919 2810 4989 conjectura
2838 4917 2893 4971 in
2918 4912 3232 4985 llispaniam
3271 4914 3603 4969 translatum
3629 4929 3763 4969 esse.

521 5006 635 5096 ris;
653 5028 847 5083 Lector
875 5023 1152 5088 benevole,
1188 5023 1301 5078 haec
1335 5022 1450 5078 sola
1483 5023 1622 5080 forte
1653 5022 1909 5088 sulIieiet,
1942 5021 2090 5092 quod
2189 5016 2267 5071 lla
2291 5013 2436 5069 enim
2475 5011 2730 5066 laUdalus
2759 5007 3014 5074 Lamiuss
3049 5014 3333 5078 ροειιιυωη
3366 5007 3420 5060 in
3452 5006 3766 5096 Ριτηῖδιίοιὲε

521 5120 752 5177 certiora
781 5117 1027 5189 quaedam
1059 5115 1125 5170 de
1149 5114 1518 5170 monumentis
1541 5114 1704 5185 hujus
1727 5114 1966 5168 auctoris
1990 5113 2088 5169 de-
2190 5105 2321 5162 ιοῐηὶ
2349 5103 2415 5158 1V
2443 5102 2763 5157 Πείὶείαηιηι
2796 5114 3020 5157 suam“!
3063 5113 3116 5170 1)·
3144 5098 3210 5152 19
3230 5140 3246 5165 ι
3282 5096 3620 5152 Τυττίίιηυτη
3653 5095 3769 5165 (μί’

523 5213 717 5286 perditi
766 5212 1030 5266 hactenus
1065 5224 1131 5264 ex
1180 5208 1348 5263 Italia:
1377 5206 1692 5273 regionibus
1734 5218 2087 5275 exspeCtave-
2193 5200 2315 5256 dem
2363 5196 2513 5253 nulla
2566 5195 2715 5250 venia
2752 5194 2970 5266 dignum
3014 5207 3135 5249 esse
3165 5192 3407 5257 dixerat,
3438 5192 3589 5261 quod
3635 5203 3766 5261 Opus

521 5280 661 5370 rim,
693 5302 805 5373 jam
832 5317 960 5357 vero
996 5310 1107 5355 tum
1140 5315 1170 5355 a
1201 5298 1553 5354 celeberrimo
1606 5298 1656 5353 J.
1695 5297 1884 5352 Lamia
1912 5297 1966 5352 in
1996 5296 2094 5351 De-
2194 5292 2458 5364 Magnetis
2486 5306 2517 5346 a
2545 5304 2604 5346 se
2634 5287 2833 5343 lectum
2868 5301 2977 5340 non
3011 5284 3264 5349 ediderit,
3291 5297 3393 5338 nec
3422 5283 3638 5347 locum,
3678 5280 3767 5338 ubi

524 5395 663 5450 liciis
714 5394 1038 5447 eruditorum
1098 5390 1385 5448 Florentia:
1432 5389 1571 5444 1758
1612 5389 1806 5455 editis,
1866 5396 1979 5442 tum
2023 5403 2091 5443 ex
2194 5392 2468 5451 exstaret,
2508 5379 2846 5445 indicaverit,
2876 5376 3196 5434 sententiam
3233 5390 3387 5431 suam
3416 5385 3607 5445 postea
3645 5387 3765 5428 mu-

526 5486 808 5556 splendido
835 5485 1090 5555 Catalogo
1125 5484 1468 5539 bibliotheca:
1513 5480 1730 5537 Venetae
1775 5480 1837 5534 D.
1887 5479 2052 5535 Marci
2074 5520 2088 5547 ,
2193 5478 2324 5533 tavit
2350 5476 2403 5529 in
2432 5472 2749 5544 prmlatione
2783 5470 2915 5525 tomi
2944 5468 3011 5523 IX
3044 5468 3119 5538 (in
3159 5482 3269 5537 quo
3299 5464 3535 5556 Maximi
3552 5465 3771 5556 Marga-

528 5554 622 5648 q‘ui
649 5593 811 5649 opera
852 5578 921 5632 M.
971 5554 1097 5633 Ant.
1126 5576 1358 5631 Zanettii
1384 5582 1438 5629 et
1463 5573 1682 5629 Antonii
1718 5571 2089 5643 Bonojoannis
2197 5567 2273 5622 nii
2301 5563 2545 5635 epistola:
2571 5559 2859 5629 habentur)
2885 5574 2939 5629 p.
2971 5558 3041 5614 29
3066 5558 3153 5649 ita
3172 5556 3420 5649 scribens
3449 5571 3462 5607 :
3499 5554 3607 5610 Sed
3644 5571 3770 5649 nunt

496 5644 701 5745 jussu-
726 5678 949 5726 senatus
977 5657 1166 5724 Veneti
1215 5676 1501 5723 contextus
1544 5664 1853 5736 nuperrime
1892 5663 2092 5735 prodiit
2195 5656 2401 5712 Jesuita
2443 5653 2734 5725 Turrianus
2780 5649 3049 5705 mndax?
3086 5647 3259 5703 Absit.
3312 5644 3415 5704 Sed
3454 5648 3504 5745 si
3543 5647 3770 5702 menda:

533 5738 692 5824 ΠΜ).
722 5760 852 5817 satis
879 5761 1101 5816 edoctus
1131 5759 1233 5816 sim
1257 5799 1271 5827 ,
1307 5758 1439 5813 nihil
1467 5758 1762 5829 quidquam
1786 5755 1851 5813 de
1885 5756 2092 5826 integro
2200 5767 2300 5805 non
2323 5759 2419 5818 est,
2444 5756 2581 5802 certe
2610 5746 2811 5801 codices
2838 5743 3051 5816 quidam
3077 5741 3398 5797 bibliotheca:
3440 5738 3653 5797 Veneta
3683 5741 3774 5797 ἀε-
