3966 6206
226 312 367 366 1577

1408 308 1685 365 ΝΟΤΙΊΊΑ
1724 310 1811 365 ET
1850 309 2296 368 FRAGMENTA.

3337 319 3358 373 1
3371 318 3475 380 578

219 431 425 500 perditi
460 438 602 485 sunt.
649 429 749 484 Ille
796 432 954 484 etiam
990 431 1139 485 venia
1172 430 1396 501 dignus;
1427 449 1548 485 nam
1590 435 1637 485 si
1683 432 1802 485 Ma-
1829 439 1874 496 Α
1901 434 2260 503 expediundis
2305 436 2535 506 singulis
2578 437 2920 506 argumentis
2963 438 3285 510 dogmaticis
3332 440 3475 497 haud

219 525 396 594 gnetis
435 540 561 592 opus
613 541 644 576 a
685 540 737 577 se
777 523 969 577 lectum
1024 526 1234 579 minime
1275 524 1478 592 edidit,
1522 536 1696 579 tamen
1742 528 1798 579 in

232 614 433 671 Veneta
466 614 776 669 bibliotheca
809 626 1017 669 exstare
1054 617 1223 683 dixit,
1273 626 1458 670 contra
1488 633 1646 686 quam
1692 618 1797 686 ipse

216 706 355 761 olim
382 708 827 762 existimaveram.
883 707 1067 761 Verum
1100 724 1238 761 nunc
1272 717 1473 761 tantum
1513 708 1687 760 dicam
1718 724 1796 761 me

216 800 525 871 suspicari,
576 816 702 868 opus
746 799 881 852 illud
922 799 1183 871 Magnetis
1222 801 1729 855 desideratissimam
1768 819 1795 856 e

218 892 539 945 bibliotheca
584 891 775 945 Veneta
827 894 882 945 in
927 892 1221 963 Hispanam
1256 893 1312 948 S.
1344 893 1621 949 Laurentii
1666 894 1795 949 Sco-

219 980 471 1039 rialensis
513 984 881 1038 bibliothecam
923 985 1242 1038 translatum
1297 985 1460 1055 fuisse
1505 1003 1623 1039 cum
1669 987 1792 1041 aliis

214 1077 513 1142 codicibus,
545 1093 672 1146 quos
700 1076 827 1129 illuc
852 1076 978 1129 olim
1016 1080 1352 1131 transmissos
1381 1079 1543 1148 fuisse
1586 1080 1789 1133 rescivi.

216 1168 497 1224 Fortassis
546 1169 682 1223 inter
722 1184 815 1223 eos
848 1170 1059 1226 codices
1107 1170 1259 1225 fuere
1300 1171 1352 1225 hi
1394 1170 1517 1225 libri
1570 1171 1791 1227 Macarii

214 1262 507 1332 Magnetis,
534 1277 670 1330 quos
700 1260 969 1330 Hispaniae
991 1264 1199 1334 legatus
1228 1265 1332 1318 don
1361 1264 1524 1335 Diego
1550 1264 1790 1321 llurtado

213 1357 271 1409 di
309 1354 597 1409 Mendozza
621 1370 684 1408 ex
712 1357 1037 1412 bibliotheca
1065 1356 1264 1411 Veneta
1297 1358 1552 1425 abstulit;
1586 1359 1651 1412 tle
1680 1374 1789 1427 quo

211 1448 458 1515 graviter
485 1449 844 1516 conqueritur
875 1449 1202 1505 Domenicus
1236 1450 1438 1505 Molino
1476 1451 1529 1504 in
1562 1452 1788 1520 epistola

213 1539 463 1595 Venetiis
494 1540 559 1595 ad
591 1540 854 1596 Joannem
888 1542 1181 1597 Meursium
1214 1543 1352 1597 1622
1399 1544 1598 1612 scripta
1621 1586 1634 1607 ,
1669 1560 1790 1614 qua:

208 1632 489 1701 reperitur
530 1632 669 1686 inter
712 1634 971 1703 epistolas
1007 1633 1315 1703 Marquardi
1359 1634 1518 1689 Gudii
1552 1651 1581 1689 a
1618 1636 1785 1691 celeb.

208 1724 379 1779 Petro
412 1724 723 1779 Burmauno
748 1727 921 1781 editas
981 1744 1033 1797 p.
1074 1728 1198 1794 150,
1231 1727 1352 1782 151.
1386 1726 1643 1796 Spectant
1686 1728 1789 1783 huc

207 1819 563 1890 potissimum
627 1819 905 1888 sequentia
960 1819 1122 1873 verba
1174 1836 1186 1872 :
1250 1817 1393 1872 Foro
1452 1820 1542 1873 che
1593 1832 1789 1889 quanto

208 1916 393 1983 prima
423 1915 470 1965 vi
497 1913 659 1980 capiti
694 1910 733 1964 il
762 1911 1003 1982 catalogo
1043 1912 1121 1964 de’
1145 1911 1268 1965 libri
1303 1911 1486 1975 Creci,
1522 1914 1611 1965 che
1650 1912 1788 1964 uella

208 2003 461 2073 pubblica
494 2003 805 2056 bibliotheca
846 2004 892 2055 si
929 2003 1229 2067 ritrovano;
1272 2002 1312 2055 li
1360 2001 1508 2072 quali
1534 2005 1656 2073 peri)
1687 2018 1788 2056 non

208 2113 347 2151 sono
391 2096 513 2148 tutti
546 2095 705 2166 quelli
725 2137 739 2161 ,
766 2095 857 2149 che
885 2095 976 2149 dal
1004 2095 1245 2150 cardinal
1304 2095 1571 2150 Benevone
1599 2097 1788 2166 furono

206 2190 432 2243 lasciati
476 2189 616 2242 uella
651 2188 987 2242 serenissima
1013 2188 1349 2258 repubblica,
1384 2206 1476 2258 per
1515 2190 1605 2243 che
1638 2191 1787 2243 molli

207 2281 357 2351 degli
395 2278 629 2350 ntigliozi
651 2280 696 2333 si
726 2281 989 2334 ritrovano
1024 2281 1333 2349 trasportati
1370 2282 1421 2334 in
1452 2280 1664 2351 Spagna
1710 2284 1784 2335 ri-

207 2375 352 2442 posti
380 2373 517 2425 uella
547 2356 926 2442 libreriaregia
952 2372 1043 2426 all"
1074 2372 1372 2439 Escuriale,
1417 2375 1593 2427 rubati
1616 2375 1685 2427 da
1718 2392 1787 2429 un

209 2466 469 2518 scelerato
499 2466 723 2533 infame,
769 2466 1133 2518 ambassiador
1163 2463 1468 2535 Spagnuolo
1510 2469 1786 2522 nominato

211 2561 323 2612 don
364 2557 527 2627 Diego
572 2556 820 2612 llurtado
844 2558 899 2611 di
934 2558 1244 2626 Mendozza,
1290 2560 1331 2611 il
1372 2560 1529 2631 quale
1558 2560 1786 2615 harendo

209 2653 415 2704 havuta
452 2661 647 2703 ccrtese
678 2650 878 2703 licenza
902 2650 969 2703 da
987 2651 1197 2721 ’signori
1245 2668 1276 2705 a
1300 2652 1448 2721 quali
1474 2669 1563 2705 era
1607 2669 1786 2707 racco-

210 2745 472 2798 mandata
520 2744 573 2798 la
609 2761 735 2797 cura
765 2744 908 2797 della
938 2745 1247 2800 bibliotheca
1267 2789 1280 2813 ,
1319 2748 1375 2801 di
1405 2757 1553 2816 pater
1582 2759 1763 2802 entrar

207 2840 276 2893 ed
301 2840 441 2891 uscir
461 2856 490 2891 a
515 2854 609 2890 suo
635 2837 843 2907 piacere
874 2855 965 2907 per
1002 2838 1200 2909 leggere
1220 2857 1246 2892 e
1271 2840 1528 2907 studiare,
1556 2858 1659 2895 non
1700 2859 1785 2896 es-

208 2932 375 2985 sendo
416 2931 486 2983 da
524 2932 757 2983 ministri
791 2931 1026 2985 assistito
1046 2972 1059 2994 ,
1086 2948 1177 3000 per
1202 2932 1292 2985 ché
1314 2948 1413 2985 non
1441 2934 1487 2986 si
1508 2950 1786 3003 presuppo-

208 3039 343 3075 neva
379 3022 429 3075 in
469 3038 621 3075 uomo
650 3022 704 3075 di
731 3039 829 3075 sua
871 3023 1175 3077 condizione
1226 3041 1330 3077 una
1362 3024 1612 3079 bassczza
1640 3027 1745 3079 tale
1766 3068 1780 3091 ,

206 3118 266 3169 in
292 3116 493 3169 diverse
523 3116 654 3169 volte
677 3115 894 3170 levando
924 3116 1064 3171 dalle
1102 3117 1267 3171 tavole
1288 3120 1584 3173 incatenate
1614 3118 1662 3173 le
1692 3136 1780 3172 co-

1902 3136 2041 3201 ιάξει
2107 3138 2578 3209 προκαθεζόμενος
2596 3181 2610 3205 ,

203 3211 340 3272 dici,
361 3226 387 3263 ε
412 3210 749 3279 riponendovi
772 3222 920 3264 carta
937 3210 1006 3263 da
1027 3213 1273 3277 straccio,
1294 3213 1340 3266 si
1362 3214 1513 3282 porto
1541 3213 1581 3265 il
1610 3212 1778 3266 buono

202 3302 255 3356 el
304 3302 576 3372 migliore;
607 3320 766 3357 sensa
791 3302 879 3355 clte
904 3319 996 3372 per
1030 3303 1121 3356 all‘
1160 3305 1290 3358 hora
1319 3345 1332 3367 ,
1376 3320 1402 3358 e
1450 3320 1543 3373 per
1564 3302 1782 3373 qualche

214 3405 382 3463 tempo
416 3394 550 3460 dopo
592 3394 780 3448 alcuno
805 3412 859 3449 se
882 3412 943 3449 ne
965 3396 1253 3461 avvedesse,
1298 3395 1358 3448 ne
1382 3396 1428 3450 si
1452 3395 1663 3450 sarebbe
1692 3411 1782 3464 per
1828 3438 1831 3439 ν

210 3495 493 3539 avventura
518 3487 733 3541 creduto
780 3487 819 3541 il
858 3489 1002 3557 furto
1035 3489 1169 3556 fauo
1212 3488 1282 3540 da
1311 3487 1425 3552 lui,
1470 3504 1524 3542 se
1566 3487 1606 3540 il
1647 3488 1781 3557 [atto

210 3590 378 3633 stesso
405 3596 505 3633 non
531 3580 581 3632 lo
609 3580 878 3649 palesava,
903 3597 930 3635 e
960 3598 1063 3634 non
1093 3580 1143 3633 lo
1164 3581 1330 3651 palesi
1362 3589 1499 3635 tutta
1523 3583 1628 3647 via,
1646 3597 1671 3633 e
1692 3597 1782 3649 per

212 3672 400 3725 adesso
430 3688 458 3725 ο
498 3689 590 3741 per
629 3689 828 3742 sempre
862 3688 957 3726 con
979 3682 1157 3726 eterna
1184 3690 1281 3726 sua
1302 3673 1556 3742 infantia,
1586 3685 1783 3728 mentre

208 3766 253 3820 si
284 3766 481 3819 vedono
512 3764 559 3818 le
602 3766 770 3817 codici
800 3781 895 3818 con
922 3764 961 3817 il
990 3780 1138 3819 name
1167 3774 1216 3819 et
1254 3782 1411 3835 segno
1434 3766 1489 3819 di
1518 3766 1781 3821 Benevone

209 3859 352 3913 nella
387 3858 603 3912 libreria
633 3859 757 3912 dell'
786 3857 1062 3913 Escuriale
1087 3858 1220 3930 (87).

281 3952 731 4021 Quandoquidem
765 3954 927 4023 igitur
953 3955 1156 4007 nullam
1193 3969 1340 4023 spem
1380 3954 1511 4007 mihi
1539 3954 1779 4009 relictam

209 4061 335 4100 esse
374 4045 623 4099 videbam
659 4050 927 4115 integrum
975 4061 1113 4115 opus
1158 4046 1570 4115 Ἀποκριτικῶν
1601 4062 1666 4101 ex
1700 4056 1779 4101 te—

212 4135 397 4193 nebris
417 4136 663 4200 eruendi,
691 4136 757 4190 ad
787 4135 1083 4208 fragmenta
1107 4137 1253 4193 illius
1283 4137 1420 4192 bene
1446 4138 1638 4204 multa,
1659 4153 1783 4208 quae

209 4247 279 4286 ex
312 4230 485 4284 tribus
514 4228 795 4285 codicibus
816 4245 947 4284 mss.
973 4228 1260 4299 Nicephori
1290 4230 1611 4300 patriarchae
1638 4230 1783 4284 Con-

208 4323 713 4393 stantinopolitani,
762 4323 977 4392 alioque
1024 4324 1152 4378 item
1202 4324 1389 4379 codice
1437 4339 1541 4377 ms.
1602 4322 1785 4379 Italico

206 4416 507 4471 cardinalis
551 4416 811 4471 Ottoboni
849 4416 976 4471 hinc
1006 4416 1129 4470 inde
1153 4416 1397 4485 dispersa
1438 4416 1780 4485 collegeram,

1904 524 2216 580 suffecerint
2279 526 2677 597 circumscripti
2715 527 3100 597 disputationis
3143 530 3381 593 limites,
3425 540 3479 585 et

1902 616 2150 683 quaedam
2180 617 2356 672 adhuc
2389 619 2666 687 supersint
2688 617 2907 672 Macarii
2929 618 3191 690 Magnetis
3214 622 3478 676 doctrina:

1902 707 1969 761 de
1991 708 2095 775 [ide
2110 708 2574 779 etiusti/‘icatione,
2594 712 2661 765 de
2677 710 3039 778 Eucharistia,
3057 715 3120 768 ad
3140 730 3363 768 examen
3392 730 3479 768 re-

1900 800 2176 867 vocandae,
2214 801 2279 855 de
2316 804 2693 857 resurrectione
2730 814 2779 857 et
2804 804 2909 856 tita
2934 814 3128 858 a’terna
3155 808 3362 876 primus
3393 808 3478 862 bis

1900 890 2117 944 dabitur
2150 892 2302 947 locus
2332 893 2384 947 in
2420 894 2779 948 subsecutura
2812 893 3204 950 Dissertatione
3232 896 3329 964 lll,
3356 914 3478 967 qua:

1899 981 2194 1038 Macarium
2251 986 2315 1039 de
2361 986 2638 1039 erroribus
2696 1002 2760 1041 ac
2829 987 2997 1041 nazvis
3051 987 3476 1055 Man‘cbaiismi,

1899 1075 2218 1139 Arianismi,
2245 1074 2668 1147 Origenianismi
2699 1088 2752 1132 et
2788 1079 3223 1146 Nestorianismi,
3244 1098 3477 1152 quorum

1899 1166 2246 1224 insimulatus
2274 1168 2393 1235 fuit,
2426 1171 2669 1225 absolvet
2703 1170 2836 1241 (88).

1902 1300 1928 1371 §
1966 1302 2006 1355 1.
2054 1302 2175 1355 Non
2207 1314 2436 1373 systema
2457 1306 2711 1376 aliquod,
2738 1312 2825 1359 sed
2859 1305 3258 1376 Θεολογούμενα
3290 1309 3474 1361 saltem

1966 1388 2043 1445 ex;
2060 1372 2369 1445 fragmentis
2414 1372 2644 1427 Macarii
2676 1376 2938 1445 Magnetis
2976 1372 3359 1445 proponuntur.
3409 1410 3465 1418 —

1970 1442 1997 1512 ᾗ
2028 1442 2088 1497 ll.
2131 1443 2377 1515 Tlteologi
2407 1447 2593 1499 titulus
2627 1442 2858 1514 Magne-ti
2894 1442 3191 1501 vindicatus
3240 1467 3272 1501 a
3312 1448 3465 1503 Nice-

1965 1515 2127 1587 phoro
2165 1514 2275 1569 (ΣΡ.
2318 1514 2648 1587 patriarcha.
2678 1548 2744 1555 —
2774 1518 2800 1587 §
2828 1516 2915 1569 Ill.
2961 1517 3218 1572 Doctrina
3270 1520 3333 1572 de
3373 1537 3473 1572 auo

1968 1586 2215 1658 claritate
2228 1588 2405 1639 divina
2425 1586 2716 1655 Scriptura:
2732 1586 2897 1641 sacra:
2918 1598 3103 1641 contra
3121 1590 3473 1658 Porphyrium

1968 1655 2255 1709 vindicata.

1965 1766 2182 1823 Initium
2217 1770 2412 1825 merito
2449 1770 2683 1826 facimus
2713 1771 2781 1825 ab
2816 1772 3143 1828 auctoritate
3186 1781 3236 1827 et
3280 1773 3464 1827 divini-

1900 1867 2008 1913 tate
2058 1860 2353 1930 Scriptura:
2410 1877 2618 1927 sacrae,
2680 1878 2845 1934 quam
2896 1863 3144 1933 scriptor,
3184 1873 3368 1919 noster
3421 1865 3473 1917 in

1896 1952 2318 2022 quamplurimis
2387 1951 2681 2023 Scriptura:
2747 1953 3031 2008 divinioris
3083 1954 3218 2009 locis
3296 1955 3474 2010 citatis

1894 2046 2141 2114 agnoscit
2192 2044 2340 2114 (89),
2386 2046 2743 2115 eamdemque
2772 2046 2971 2099 diserte
3016 2045 3112 2117 τὴν
3156 2045 3305 2098 θείαν
3337 2046 3475 2118 Γρα-

1894 2136 2001 2206 φήθ
2031 2136 2142 2209 (90)
2191 2146 2244 2193 et
2281 2137 2438 2206 λόγον
2479 2137 2613 2191 Θεοῦ
2646 2137 2756 2211 (9|)
2801 2137 3067 2207 appellat,
3100 2147 3264 2207 atque
3292 2136 3475 2193 divina

1894 2228 2065 2298 ipsius
2099 2229 2319 2284 oracula
2354 2230 2618 2286 adversus
2683 2230 2965 2301 gentilium
3019 2230 3475 2299 philosophorum

1894 2320 2197 2375 calumnias
2222 2322 2437 2392 egregie
2467 2320 2725 2375 vindicat.
2751 2320 3094 2390 Quapropter
3124 2321 3320 2389 etjure
3354 2336 3474 2375 tne-

1894 2412 2108 2480 rituque
2157 2427 2187 2465 a
2241 2409 2545 2481 Nicephoro
2596 2411 2907 2481 patriarcha
2973 2410 3079 2465 GP.
3142 2412 3475 2481 reliquisque

1894 2502 2224 2558 antistitibus
2264 2503 2578 2561 orthodoxis
2619 2500 2867 2559 laudatur
2895 2510 3151 2571 tanquam
3202 2502 3472 2571 scriptor,

1893 2594 1986 2663 qui
2033 2593 2337 2647 doctrinam
2392 2593 2763 2663 evangelicam
2807 2602 3099 2648 veneretur
3145 2602 3309 2664 atque
3366 2594 3473 2648 im-

1894 2684 2117 2753 pensius
2145 2684 2356 2749 foveat;
2408 2684 2517 2737 imo
2544 2684 2636 2754 qui
2686 2686 2932 2756 magistri
2966 2701 3192 2741 munere
3239 2685 3474 2757 fungens

1894 2770 2095 2826 fastum
2144 2788 2207 2826 ac
2253 2782 2530 2842 stuporem
2571 2790 2799 2837 eorum,
2840 2775 2935 2844 qui
2970 2786 3162 2830 contra
3223 2777 3471 2831 divinum

1891 2861 2243 2934 Evangelium
2314 2866 2667 2935 pronuntiare
2731 2866 2965 2932 audent,
3025 2868 3269 2923 mascule
3342 2884 3472 2937 pro-

1891 2956 2145 3025 scripsit,
2178 2966 2337 3027 atque
2375 2956 2612 3012 infamia:
2646 2959 2898 3027 exposuit
2927 2979 2937 3013 :
2974 2958 3161 3031 Πολλῴ
3190 2959 3246 3013 δὲ
3280 2958 3470 3025 πλέον,

1892 3046 2097 3116 inquit,
2145 3048 2173 3098 ὁ
2221 3050 2570 3119 συγγραφεὺς
2614 3042 2797 3113 οὗτος,
2845 3050 3003 3123 εἴπερ
3054 3054 3111 3105 ἐν
3152 3051 3472 3105 διδασκάλου

2663 3140 2770 3192 τῶν
2818 3140 3140 3211 τολμώντων
3193 3143 3332 3195 κατὰ
3378 3142 3472 3195 τοῦ

1890 3228 2033 3281 θείου
2076 3229 2407 3299 Εὑαγγελίου
2438 3233 2707 3285 ποιεῖσθαι
2736 3232 2832 3303 τὴν
2868 3234 3205 3305 κατὰῤῥησιν
3225 3274 3239 3297 ,
3292 3234 3475 3306 στηλι-

1886 3319 2095 3372 τεύσειε
2123 3320 2183 3373 τὸ
2212 3320 2440 3393 σοϐαρόν
2481 3339 2539 3373 τε
2578 3323 2670 3375 καὶ
2712 3323 3024 3395 ἔμπληκτον
3054 3325 3185 3395 (92).
3214 3324 3471 3389 Quando-

1890 3412 2112 3481 quidem
2142 3412 2306 3466 ctiam
2338 3414 2566 3483 gentiles
2598 3416 2907 3486 philosophi
2954 3418 3112 3472 istius
3160 3418 3337 3471 aetatis
3366 3455 3381 3481 ,
3418 3426 3475 3471 et

1884 3518 1953 3557 ex
1998 3519 2189 3557 eorum
2236 3521 2465 3559 numero
2498 3508 2779 3576 speciatim
2816 3508 3185 3580 Porphyrius,
3216 3510 3282 3564 ad
3314 3524 3470 3563 ever-

1884 3595 2101 3649 tendam
2158 3594 2452 3665 Scriptura:
2504 3613 2675 3652 sacra:
2718 3600 3095 3653 auctoritatem
3168 3600 3471 3669 saepissime

1883 3700 2097 3740 sacram
2149 3684 2562 3757 Evangeliorum
2599 3687 2887 3742 historiam
2941 3687 3198 3743 falsitatis
3242 3698 3296 3741 et
3337 3704 3471 3742 eon-

1884 3775 2227 3831 tradictionis
2252 3793 2481 3848 arguere
2508 3778 2754 3833 solebant
2784 3794 2797 3829 :
2834 3778 3131 3832 Macarium
3160 3778 3467 3848 Magnetem

1884 3867 2190 3937 apologiam
2228 3867 2503 3938 Evangelii
2554 3870 2818 3925 adversus
2850 3869 3131 3939 gentilium
3164 3869 3470 3924 calumnias

1884 3960 2274 4030 conscripsisse
2306 3967 2534 4015 testatur
2561 3961 2677 4031 ipsa
2710 3961 2993 4031 inscriptio
3026 3958 3467 4029 Ἀποκριτικῶν,

1884 4051 2150 4121 siquidem
2194 4051 2390 4107 Franc.
2421 4050 2727 4107 Turrianus
2756 4052 3005 4109 Graecum
3042 4052 3259 4107 titulum
3301 4052 3469 4125 hujus

1885 4141 2067 4212 operis
2116 4144 2190 4197 ita
2236 4144 2493 4213 exprimit
2534 4144 2688 4210 (95):
2733 4144 2818 4207 Ὠς
2850 4142 2989 4213 φησὶ
3017 4142 3247 4216 Μάγνης
3294 4144 3322 4196 ὁ
3358 4161 3467 4196 πα-

1885 4232 2163 4296 λαιότατος
2198 4233 2545 4303 συγγραφεὺς
2575 4233 2632 4285 ἐν
2658 4232 2735 4304 τῷ
2769 4232 2940 4305 τρίτῳ
2974 4232 3167 4302 βιϐλίῳ
3202 4230 3310 4284 τῶν
3339 4232 3468 4304 περὶ

1886 4325 2218 4393 Εὐαγγελίου
2261 4323 2567 4392 ἀπολογιῶν
2602 4324 2738 4396 πρὸς
2767 4323 3057 4395 Θεοσθένη.
3103 4324 3181 4378 Ac
3216 4325 3466 4379 eumdem

1889 4416 2110 4485 quidem
2162 4418 2301 4470 inter
2356 4415 2463 4469 alia
2506 4416 2667 4469 etiam
2716 4415 3025 4469 istiusmodi
3072 4415 3467 4485 discrepantias

207 4524 299 4562 me
334 4496 528 4562 iterum
556 4508 767 4563 aceinxi
792 4547 806 4571 ,
837 4516 893 4560 ut
926 4523 1160 4577 quorum
1193 4508 1442 4562 notitiam
1468 4508 1781 4563 historicam
1819 4522 1861 4577 υ
1889 4509 2342 4580 evangelistarum
2372 4508 2439 4562 ab
2476 4507 2725 4561 hostibus
2750 4505 3023 4577 Evangelii
3058 4509 3301 4578 objectas
3331 4508 3465 4562 sub-

207 4609 265 4654 et
297 4601 542 4655 criticam
591 4601 644 4655 in
680 4600 848 4670 priori
876 4600 1268 4655 Dissertatione
1306 4600 1559 4654 dederam
1586 4640 1602 4667 ,
1640 4613 1785 4652 nunc

207 4690 373 4744 etiam
408 4690 760 4757 theologicam
795 4698 957 4760 atque
999 4690 1317 4760 polemicam
1346 4690 1560 4743 duabus
1590 4691 1785 4744 sectio-

208 4784 376 4839 nibus
427 4784 807 4853 pertexendam
859 4798 1141 4848 curarem;
1200 4798 1429 4851 quarum
1493 4783 1664 4851 prima
1718 4782 1785 4835 de

208 4876 544 4947 dogmatibus
570 4892 600 4929 a
632 4875 867 4930 Macario
892 4872 1137 4944 Magnete
1166 4873 1463 4942 propositis
1492 4873 1575 4927 vel
1605 4872 1787 4927 defen-

210 4968 324 5035 sis,
367 4968 535 5023 altera
567 4968 632 5023 de
664 4952 932 5020 erroribus
970 4981 1033 5019 ac
1064 4966 1221 5018 ntevis
1253 4964 1496 5033 ejusdem
1537 4964 1619 5018 vel
1660 4980 1786 5019 vero

211 5063 298 5115 vel
332 5059 470 5114 falso
499 5058 779 5128 imputatis
817 5058 1074 5112 distiueta
1104 5071 1267 5125 opera
1295 5066 1437 5126 aget.
1472 5055 1609 5111 Cum
1649 5070 1781 5109 vero

280 5288 400 5363 (87)
438 5284 949 5363 Gortieratunetiam
996 5282 1163 5337 Andr.
1199 5283 1411 5339 Schotti
1460 5284 1784 5339 Bibliotheca

208 5356 516 5429 Hispaniis,
550 5373 600 5426 p.
626 5373 717 5429 _m._
748 5356 853 5409 545
888 5370 1001 5424 seq.

278 5423 404 5500 (88)
453 5423 750 5482 Promissis
796 5441 902 5481 non
952 5423 1098 5479 Stetit
1143 5434 1333 5500 auctor
1354 5443 1376 5500 ;_
1434 5424 1526 5479 sed
1569 5440 1674 5493 qua
1718 5423 1787 5478 de

235 5497 413 5563 ansa,
458 5515 526 5553 an
566 5507 742 5553 morte
773 5505 1117 5567 praeventus,
1160 5498 1317 5552 nobis
1366 5497 1782 5564 incompertum.

232 5590 375 5626 .ι›ιτ.
418 5570 587 5623 Pun.

287 5644 401 5710 (89)
447 5641 542 5693 Ex.
591 5652 814 5710 causa_:
866 5633 1040 5710 [ρος.
1079 5649 1210 5699 vm,
1244 5635 1313 5710 ξς
1354 5632 1522 5710 Βίοις.
1565 5650 1630 5698 v,
1680 5632 1785 5710 ὀφέ

215 5704 407 5764 Μίιιιιιί
440 5726 574 5776 xxu,
600 5709 695 5772 29,
730 5706 831 5771 50;
865 5704 1033 5776 Ex_od.
1067 5720 1215 5776 xxxi,
1240 5705 1340 5776 125;
1378 5704 1511 5759 Gen.
1542 5720 1697 5769 xvm,
1721 5704 1787 5757 16

215 5793 377 5850 acip;
408 5773 579 5835 Exod.
612 5794 746 5846 nu,
775 5777 887 5845 ‘28;
919 5773 1024 5833 Job
1056 5791 1112 5845 ι,
1144 5775 1242 5843 ii;
1272 5774 1406 5831 Gen.
1446 5792 1475 5847 _t
1496 5812 1512 5842 ,
1548 5791 1586 5831 ιι
1615 5784 1667 5830 et
1701 5791 1780 5830 ιιι.

1888 4597 2015 4652 inde
2062 4600 2114 4651 in
2151 4598 2255 4653 isto
2301 4611 2463 4666 opere
2510 4596 2863 4663 conciliasse,
2904 4592 3187 4666 nodosque
3228 4597 3467 4651 maxime

1890 4690 2217 4760 impeditos,
2249 4690 2342 4761 qui
2379 4689 2671 4745 hodienum
2726 4690 2905 4745 adhuc
2937 4691 3278 4745 eruditorum
3313 4693 3465 4759 inge-

1890 4779 1979 4834 nia
2007 4789 2299 4848 torquent,
2343 4778 2485 4833 haud
2528 4778 2818 4834 infeliciter
2845 4779 3077 4835 solvisse
3105 4778 3464 4849 deprehendi-

1892 4887 2033 4926 mus.
2062 4870 2233 4941 Cujus
2276 4872 2351 4925 rei
2377 4873 2683 4941 exemplum
2716 4873 2957 4941 praebent
2988 4888 3073 4938 ea,
3104 4887 3225 4940 qua:
3258 4871 3458 4927 Franc.

1897 4963 2198 5018 Turriauus
2228 4962 2281 5017 in
2314 4962 2626 5032 Detensione
2666 4980 2760 5033 pro
2790 4962 3077 5018 canonibus
3108 4962 3473 5032 apostolorum

1887 5067 1936 5111 et
1975 5055 2206 5126 epistolis
2236 5056 2543 5125 pontiﬁcum
2568 5098 2583 5123 ,
2613 5056 2706 5110 lib.
2740 5072 2777 5109 ιι
2803 5098 2818 5124 ,
2849 5072 2897 5112 c.
2932 5056 2986 5117 5,
3015 5071 3066 5126 p.
3100 5071 3175 5109 nl.
3202 5053 3303 5109 120
3334 5060 3465 5129 (91),

1959 5285 2072 5357 (90)
2116 5284 2171 5338 In
2208 5298 2409 5338 comm.
2444 5283 2509 5336 ad
2545 5282 2679 5337 Gen.
2719 5299 2758 5336 ι.

1963 5371 2075 5439 (9|)
2117 5368 2172 5422 In
2212 5367 2515 5435 fragmento
2545 5365 2637 5418 ιιι.

1962 5438 2074 5523 (9‘2)
2119 5451 2235 5506 Vid.
2266 5438 2385 5520 cap.
2420 5452 2451 5504 6
2481 5450 2770 5518 fragment.
2800 5446 2869 5502 ν.

1962 5536 2075 5605 (95)
2133 5534 2192 5587 1η
2242 5534 2467 5605 scholiis
2524 5529 3468 5605 apologetieisad__ngstitutiones

1890 5599 2246 5733 ῗιέξειόιοηιηι
2284 5604 2469 5659 Graece
2509 5599 2958 5657 editas'Veuetiis
2989 5601 3161 5667 1565,
3204 5599 3259 5661 4,
3299 5616 3350 5669 p.
3392 5618 3467 5659 ιιι.

1964 5774 2076 5845 (9i)
2116 5770 2259 5827 Edit.
2292 5769 2470 5828 Lutet.
2502 5767 2643 5841 apud
2671 5766 2799 5826 Seb.
2834 5766 3120 5824 Nivellium
3163 5766 3321 5837 1575,
3349 5765 3407 5826 8.
3500 5774 3501 5777 “
