3966 6206
483 283 619 341 I379

1763 271 2118 332 MACARIUS
2154 271 2458 330 MACNES.

3577 266 3713 324 I580

480 411 534 457 et
566 415 632 455 ex
661 412 728 454 eo
755 396 816 452 Β.
858 394 909 451 ι.
943 395 1063 451 Alb.
1105 393 1387 453 Fabricius
1417 399 1473 451 in
1515 396 1728 451 Delectu
1759 412 2040 467 argumen-
2070 407 2116 464 Α
2143 395 2233 450 hic
2284 394 2450 464 igitur
2513 389 2711 462 injuria
2767 390 3004 446 Macario
3054 384 3289 459 Magneti
3340 399 3370 438 a
3435 384 3712 440 Turriano

483 502 657 547 torum
705 499 756 544 et
797 487 1000 559 syllabo
1050 491 1364 558 scriptorum
1403 490 1468 543 de
1505 491 1720 543 veritate
1769 489 2040 559 religionis

482 584 830 648 Christiana,
862 596 916 651 p.
946 580 1050 645 65,
1085 597 1150 636 ex
1187 581 1424 636 Macario
1453 579 1698 652 Magnete
1724 589 1912 635 nostro
1944 589 2044 650 pro

483 674 842 731 conciliandis
893 673 1347 744 evangelistarum
1409 672 1752 728 sermonibus
1805 672 2048 741 protule-

486 776 651 822 runt:
689 763 804 818 Ima
835 764 1033 818 accedit
1064 765 1223 818 etiam
1247 764 1346 818 huc
1374 763 1665 832 exemplum
1699 763 2046 832 evangelista-

487 875 605 912 runt
637 859 802 928 (sunt
829 857 993 911 verba
1029 855 1279 910 Turriani
1299 857 1315 924 )
1337 897 1352 921 ,
1377 872 1506 926 quos
1534 855 1820 927 aliquando
1849 871 1952 909 non
1985 869 2050 907 ex

487 953 602 1021 ipsa
631 952 844 1005 veritate
870 949 965 1015 rei,
986 948 1075 1003 sed
1099 965 1163 1004 ex
1187 949 1326 1018 vulgi
1345 949 1720 1002 consuetudine
1739 956 1786 1001 et
1807 947 2052 1016 opinione

489 1033 670 1098 nomen
698 1042 981 1111 sumpsisse
1001 1081 1015 1104 ,
1050 1049 1234 1094 auctor
1261 1050 1338 1093 est
1371 1038 1633 1110 Magnetes
1669 1039 2050 1094 vetustissimus

489 1137 716 1204 scriptor
743 1131 1152 1198 ecclesiasticus,
1187 1130 1278 1185 lib.
1308 1147 1344 1183 ιι
1368 1139 1418 1184 et
1447 1147 1477 1183 v
1512 1146 1639 1201 quos
1665 1140 1848 1183 contra
1887 1127 2054 1182 Theo-

489 1227 719 1281 stltenem
748 1223 988 1296 gentilem
1033 1223 1145 1294 (95)
1177 1225 1584 1293 discrepantiam
1614 1223 2054 1293 evangelistarum

490 1327 538 1372 et
567 1316 675 1370 alia
704 1315 850 1370 nobis
882 1315 1018 1385 [also
1046 1315 1098 1368 in
1127 1312 1410 1383 Evangelia
1446 1313 1773 1381 objicientem
1823 1311 2053 1379 scripsit.

494 1411 582 1463 Ait
612 1411 779 1472 enim,
803 1424 896 1478 pro
923 1424 981 1462 eo
1000 1449 1014 1473 ,
1038 1408 1174 1478 quod
1222 1423 1355 1460 unus
1393 1404 1709 1474 evangelista
1739 1405 1875 1458 dixit
1909 1402 2056 1473 (96).

498 1503 732 1556 «calamo
754 1503 1025 1572 spongiam
1049 1499 1729 1570 circumponentestdixisse
1741 1499 1905 1550 alium
1924 1496 2058 1566 (97),

493 1601 703 1661 propter
753 1591 1155 1644 similitudinem
1214 1589 1456 1652 arbusti,
1516 1588 1785 1657 «hyssopo
1838 1587 2062 1640 circum-

494 1693 760 1753 ponentes,
786 1701 804 1734 ι
832 1697 950 1734 cum
978 1675 2063 1749 dicendum,inquit,essettcalamo.tltem

2144 486 2288 540 illata
2323 484 2400 551 (l)

2145 595 2172 670 §
2199 596 2287 652 ιν.
2307 596 2383 651 De
2407 595 2560 649 modo
2591 592 2970 670 interpretandi
2996 589 3335 670 _Scripturam
3361 603 3591 652 sacram,
3618 587 3717 641 ad-

2508 681 2685 724 versus
2715 664 2949 717 eumdem
2987 661 3364 731 Porphyrium.

2216 763 2500 835 Proposito
2543 777 2688 818 nunc
2720 760 3013 832 specimine
3061 760 3248 830 aliquo
3288 757 3570 827 esegetico
3603 754 3719 810 Ma-

2148 857 2281 913 carii
2331 855 2625 926 Magnetis,
2668 855 2720 908 in
2770 867 2880 924 quo
2913 852 3222 907 dissensum
3259 848 3718 919 evangelistarum

2149 964 2179 1002 a
2215 947 2516 1017 Porphyrio
2543 945 2818 1015 objectum
2853 943 2996 998 haud
3041 941 3242 997 infelici
3271 955 3439 1011 opera
3468 955 3501 994 a
3534 939 3722 994 divino

2155 1054 2326 1095 sacra:
2374 1037 2670 1107 Scriptura:
2725 1037 2863 1091 libro
2929 1034 3143 1090 amoliri
3207 1032 3470 1098 tentavit;
3526 1031 3725 1102 paucis

2152 1128 2328 1182 adhuc
2353 1127 2739 1191 observamus,
2767 1122 3125 1194 Porphyrium
3156 1120 3593 1177 infensissimum
3629 1120 3718 1174 di-

2154 1219 2393 1288 sciplinae
2417 1216 2742 1272 Christianas
2773 1215 3017 1279 hostem,
3053 1229 3178 1268 cum
3221 1213 3370 1283 ipsas
3417 1227 3608 1266 sacras
3644 1211 3731 1266 lit-

2155 1317 2300 1361 teras
2317 1305 2620 1362 convellere
2638 1319 2747 1359 non
2771 1313 2974 1374 posset,
2992 1302 3224 1359 subinde
3247 1302 3409 1358 etiam
3428 1301 3727 1356 damnasse

2157 1399 2377 1454 modum
2409 1396 2796 1468 interpretandi
2832 1394 3160 1450 Christianis
3215 1391 3579 1464 scriptoribus
3615 1393 3728 1445 usi-

2159 1499 2327 1544 tatum
2348 1531 2363 1556 ,
2393 1505 2504 1560 quo
2529 1488 2680 1543 varia
2715 1486 3012 1557 Scriptura:
3039 1486 3288 1552 oracula,
3323 1483 3543 1540 arcanis
3574 1483 3730 1552 plena

2158 1581 2463 1650 mysteriis,
2500 1595 2663 1636 sensu
2691 1579 3014 1650 quandoque
3062 1578 3294 1648 mystico
3335 1585 3390 1632 et
3439 1575 3733 1646 allegorice

2159 1667 2431 1736 explicare
2475 1667 2736 1722 solebant.
2788 1664 2932 1720 Istud
2974 1665 3374 1720 commentandi
3427 1680 3605 1735 genus
3641 1679 3734 1733 per

495 1775 632 1844 quod
661 1790 794 1827 unus
833 1773 1150 1843 evangelista
1188 1771 1300 1841 (98)
1327 1771 1494 1836 dixit,
1531 1789 1550 1822 ι
1587 1771 1794 1835 vinum,
1826 1789 1844 1822 ι
1877 1786 2059 1823 rursus
2092 1754 2135 1813 Β
2162 1759 2528 1829 expositiones
2553 1760 2758 1830 typicas
2787 1772 2840 1813 et
2871 1759 3190 1829 allegoricas
3219 1756 3588 1828 Porphyrium
3612 1770 3736 1826 gra-

495 1865 694 1916 dictant
723 1879 832 1915 esse
863 1881 880 1912 ι
909 1874 1112 1915 acetum
1136 1863 1269 1934 (99),
1301 1880 1319 1913 ι
1359 1863 1415 1914 in
1441 1879 1591 1915 cruce
1614 1863 1697 1929 (ea:
1725 1861 1902 1916 eodem
1923 1863 2060 1915 enim

497 1971 615 2008 vase
643 1956 810 2023 posito
838 1954 1156 2019 hauserunt,
1194 1971 1311 2007 cum
1340 1963 1640 2024 perventum
1674 1965 1748 2007 est
1777 1955 1846 2007 ad
1869 1952 2062 2008 Calva-

498 2043 633 2096 riam
666 2055 713 2096 et
745 2044 799 2095 in
829 2046 1013 2112 cruce)
1042 2044 1362 2113 prtesertim,
1386 2045 1592 2114 inquit,
1635 2061 1753 2098 cum
1785 2045 1945 2116 legent
1983 2044 2065 2098 lti-

496 2136 677 2189 storia:
713 2134 1041 2205 evangelista:
1079 2145 1362 2200 servarent,
1405 2135 1634 2207 nihilque
1679 2137 1823 2191 ultra
1871 2135 2066 2192 scribe-

499 2237 648 2294 rent,
693 2245 849 2298 quant
876 2229 1013 2298 quod
1055 2238 1178 2282 tunc
1219 2229 1491 2283 dicebatur
1531 2232 1584 2284 in
1612 2230 1706 2284 illo
1736 2231 1964 2284 tumultu
2003 2246 2066 2285 ac

500 2319 700 2389 furore.
735 2317 822 2373 Sic
851 2321 988 2372 enim
1019 2320 1392 2373 existimarunt
1422 2321 1553 2390 fore,
1593 2331 1648 2375 ut
1677 2323 1901 2375 historia
1925 2324 2067 2377 omni

501 2412 798 2480 suspicione
821 2423 1041 2478 careret,
1065 2411 1112 2464 εί
1140 2411 1212 2482 μὴ
1231 2411 1646 2484 περιεργότερον
1662 2411 1774 2466 ἀλλ’
1798 2413 2067 2469 ἄπλαστον

499 2504 748 2577 εὑρεθείη
771 2503 869 2574 τῆς
897 2505 1136 2575 ἱστορίας
1158 2505 1220 2556 τὸ
1247 2505 1480 2574 γράμμα
1502 2544 1516 2568 ,
1563 2504 1618 2556 id
1663 2514 1770 2570 est,
1812 2506 1858 2558 si
1890 2505 2068 2560 littera

502 2597 739 2651 historia
771 2587 872 2648 non
908 2597 1137 2662 curiosa,
1162 2595 1250 2648 sed
1283 2595 1505 2663 simplex
1540 2595 1871 2664 reperiretur.

573 2687 833 2754 Quamvis
873 2701 1003 2757 ergo
1051 2686 1392 2757 evangelista:
1426 2701 1492 2741 ex
1535 2687 1800 2742 sententia
1849 2686 2067 2742 Macarii

503 2776 767 2849 Magnetis
810 2777 982 2848 legem
1039 2777 1283 2832 historia:
1325 2777 1694 2840 servaverint.
1741 2777 2072 2850 simplicitati

505 2869 796 2934 factorum,
825 2885 933 2924 non
962 2869 1262 2924 curiositati
1287 2869 1908 2940 indulgentes,nihilque
1929 2871 2070 2925 ultra

504 2963 856 3034 scripserint,
887 2979 1050 3033 quam
1081 2962 1226 3033 quod
1273 2964 1375 3018 ista
1402 2972 1559 3018 aetate
1596 2964 1958 3018 communiter
1987 2963 2073 3018 di-

506 3059 731 3112 cebatur
757 3056 812 3109 in
843 3055 935 3110 illo
965 3056 1197 3110 tumultu
1230 3071 1293 3110 ac
1321 3054 1505 3110 furore
1535 3055 1753 3124 populi;
1787 3055 1951 3109 nimis
1976 3071 2072 3109 au-

505 3149 690 3204 dacter
717 3157 895 3200 tamen
920 3145 1113 3201 exinde
1145 3146 1348 3216 colligit
1375 3145 1699 3209 Turrianus,
1725 3162 1914 3201 sacros
1939 3145 2072 3200 scri-

508 3250 688 3310 ptores
727 3239 1020 3307 aliquando
1059 3253 1166 3292 non
1201 3254 1270 3292 ex
1309 3239 1424 3306 ipsa
1457 3237 1683 3292 veritate
1715 3239 1828 3306 rei,
1871 3238 1964 3294 sed
2007 3253 2073 3292 ex

507 3331 652 3400 vulgi
693 3329 1091 3385 consuetudine
1122 3338 1176 3383 et
1207 3329 1463 3399 opinione
1506 3345 1704 3384 nomen
1749 3329 2071 3399 sumpsisse.

511 3423 684 3488 Quam
737 3419 1290 3476 accommodationcm
1343 3419 1636 3491 Scriptura:
1693 3421 1761 3475 ad
1820 3436 2074 3476 crroneas

512 3515 794 3585 Opiniones
827 3523 882 3569 et
915 3513 1337 3568 consuetudines
1372 3514 1552 3584 vulgi,
1587 3530 1710 3569 cum
1740 3515 1963 3570 veritate
1996 3516 2075 3572 rei

514 3615 818 3679 pugnantes
843 3649 856 3668 ,
889 3605 1204 3675 neutiquam
1235 3621 1359 3661 cum
1389 3606 1636 3675 superius
1666 3606 1826 3661 allata
1856 3605 2074 3677 Magne-

514 3702 585 3755 tis
613 3698 782 3753 nostri
825 3697 1266 3766 interpretatione
1319 3706 1482 3768 atque
1523 3698 1901 3754 conciliatione
1946 3715 2078 3755 con-

512 3791 908 3859 venire,cuivis
933 3791 1045 3845 hac
1072 3791 1307 3860 penitius
1337 3791 1699 3846 consideranti
1732 3794 2076 3862 perspicuum

513 3894 598 3940 est
627 3902 640 3937 :
675 3884 944 3955 siquidem
973 3883 1075 3936 alia
1109 3884 1332 3938 omnino
1361 3884 1626 3938 censenda
1659 3893 1743 3938 est
1772 3900 2078 3940 accommo—

514 3977 661 4032 datio
685 3976 752 4031 ad
781 3975 1095 4046 popularem
1129 3991 1342 4044 usuque
1373 3985 1643 4045 receptam
1673 3977 1926 4046 loquendi
1969 3976 2080 4031 for-

517 4082 661 4122 mam
682 4107 697 4130 ,
733 4067 836 4121 alia
865 4081 993 4121 vero
1042 4067 1108 4120 ad
1147 4066 1348 4121 indocti
1381 4066 1526 4136 vulgi
1574 4065 1885 4136 prwjttdicia
1917 4075 2080 4136 atque

516 4173 761 4226 errores,
792 4160 906 4214 sive
935 4159 990 4212 in
1025 4158 1186 4213 rebus
1218 4158 1588 4221 naturalibus,
1623 4157 1738 4212 sive
1781 4157 2078 4226 historicis,

518 4251 636 4307 sive
679 4251 1013 4318 moralibus,
1059 4249 1174 4305 sive
1220 4249 1539 4322 tltcologicis
1571 4259 1876 4306 versentur.
1925 4250 2083 4306 Absit

575 4449 882 4572 .(95hLege
901 4449 1104 4520 potius,
1127 4449 1196 4502 ad
1217 4449 1585 4536 Tlteosthenem
1601 4457 1794 4530 .contra
1811 4449 2073 4532 gentilent.

523 4517 647 4574 th.
736 4536 827 4573 tss.
858 4530 1057 4590 nostra
1078 4519 1117 4582 Ι,
1149 4519 1176 4590 §
1205 4521 1292 4574 Η).
1328 4519 1442 4575 Sub
1469 4535 1686 4575 nomine
1719 4521 1924 4588 gentilis
1949 4534 2078 4574 vero

521 4590 878 4670 Porphyrium
935 4589 1174 4670 intelligi
1209 4598 1323 4670 tum
1345 4606 1460 4670 _ex_
1477 4590 1694 4670 ratione
1728 4591 1934 4670 aetatis,
1971 4603 2078 4670 qua

522 4659 780 4730 scripsit,
815 4666 927 4713 tum
960 4675 1045 4730 ex
1087 4659 1209 4715 aliis
1255 4660 1390 4714 locis
1435 4659 1860 4728 fragmentorum
1907 4659 2081 4730 ipsius

523 4728 816 4785 verisimile
844 4728 1105 4783 redditur.

617 4799 706 4864 96)
745 4799 929 4853 Matth.
963 4815 1131 4861 xxv",
1161 4799 1258 4860 48;
1287 4799 1453 4863 Marc,
1484 4815 1573 4866 xv,
1608 4800 1697 4856 56.

617 4869 705 4939 97)
743 4867 876 4922 Luc.
911 4885 1064 4931 χχιιι,
1098 4869 1383 4930 56:10am
1415 4886 1528 4935 χιιι,
1566 4870 1656 4925 29.

615 4939 704 5008 98)
743 4939 932 4992 Matth.
960 4955 1134 5001 χιιι-ιι,
1167 4939 1257 5007 54,
1282 4940 1387 5006 48;
1419 4940 1585 4994 Marc.
1622 4956 1710 5005 xv,
1747 4939 1836 4996 ΞΖ».

594 5008 706 5080 (99)
744 5009 901 5065 Joan.
933 5025 1042 5072 xu',
1073 5008 1166 5064 29.

597 5078 674 5148 (l)
713 5079 1056 5148 Contrarium
1097 5078 1279 5147 potius
1318 5080 1514 5134 asserit
1559 5078 1830 5134 Macarius
1865 5078 2084 5148 Magnes

525 5151 579 5205 in
612 5147 912 5218 fragmento
946 5147 986 5201 ll
1018 5164 1084 5202 ex
1125 5149 1276 5202 libris
1319 5148 1751 5216 Ἀποκριτικῶν,
1797 5153 1924 5203 dum
1956 5147 2033 5218 ait
2066 5166 2081 5202 :

524 5222 600 5274 Οὐ
634 5219 736 5290 μὴν
765 5219 906 5291 λέξις
931 5218 1192 5291 ονοματος
1228 5217 1433 5291 βεϐαιοῖ
1457 5220 1517 5272 τὸ
1537 5219 1873 5291 λεγόμενον-,-
1905 5217 2020 5270 ἀλλ’
2047 5220 2080 5291 ἡ

524 5287 805 5359 φύσιςτοῦ
838 5287 1158 5361 πράγματος
1191 5287 1346 5359 κυροῖ
1375 5288 1471 5359 τὴν
1499 5287 1771 5361 auream.
1821 5287 1940 5342 Non
1968 5287 2084 5361 vero

526 5361 750 5413 nominis
789 5359 1070 5429 appellatio
1097 5375 1270 5412 verum
1301 5361 1449 5428 efﬁcit
1474 5360 1550 5422 id,
1574 5359 1710 5428 quod
1739 5361 1959 5423 dicitur,
1993 5359 2083 5414 sed

525 5430 642 5499 ipsa
674 5435 746 5499 rei
787 5441 980 5482 natura
1006 5430 1254 5482 dictionis
1284 5430 1552 5484 veritatem
1584 5431 1884 5499 conﬁrmat.

597 5498 674 5567 (2)
712 5498 826 5564 Qua
866 5502 932 5554 de
976 5515 1034 5553 re
1068 5501 1324 5570 legendus
1367 5502 1420 5554 in
1473 5501 1664 5568 primis
1685 5497 2086 5570 'estgArnobius

525 5567 681 5651 lib._v
705 5570 966 5651 Adversus
995 5567 1200 5651 gentes,
1234 5587 1286 5651 p.
1323 5585 1394 5624 nt.
1434 5567 1536 5651 l'i9
1563 5585 1716 5651 seqq.
1764 5568 1954 5651 Erras,
1983 5571 2085 5651 Ain-

527 5638 981 5710 quit,etlaberis,
1011 5638 1246 5710 satisque
1270 5650 1315 5694 te
1341 5657 1449 5694 esse
1472 5638 1794 5710 imperitum,
1817 5641 2086 5710 indoctum

528 5724 592 5764 ac
616 5709 864 5762 rusticum
896 5711 1010 5780 ipsa
1041 5709 1212 5765 rerum
1244 5709 1582 5766 insectatione
1607 5713 1955 5768 demonstras.
1975 5709 2085 5788 Nc-

2163 1851 2300 1906 viter
2327 1851 2380 1906 in
2406 1850 2730 1906 Christianis
2763 1850 3034 1920 culpasse,
3078 1851 3232 1906 testis
3260 1860 3341 1906 est
3369 1849 3646 1904 Eusebius
3683 1848 3733 1901 in

2161 1943 2590 1999 luculentissimo
2621 1943 2714 1998 illo
2741 1943 2884 2006 loco,
2908 1958 3070 2014 quem
3097 1959 3162 1997 ex
3182 1941 3467 2014 Porphyrii
3497 1941 3642 1994 libro
3677 1956 3735 1994 ιιι

2162 2042 2350 2088 contra
2375 2032 2718 2090 Christianos
2747 2035 2973 2089 adduxit
3005 2033 3058 2088 in
3087 2033 3328 2088 Historia
3353 2033 3736 2097 ecclesiastica,

2161 2121 2256 2176 lib.
2288 2137 2369 2185 vr,
2405 2136 2527 2192 cap.
2574 2121 2662 2176 l9.
2727 2120 2946 2177 Nullum
2984 2122 3142 2193 plane
3182 2131 3266 2178 est
3294 2121 3523 2177 dubium
3549 2160 3567 2186 ,
3609 2123 3741 2191 quin

2163 2213 2433 2269 Macarius
2482 2222 2668 2269 noster
2715 2213 2768 2267 in
2841 2215 3050 2286 integro
3107 2229 3270 2285 opere
3327 2210 3743 2282 Ἄποκριτικῶγ

2163 2306 2326 2360 etiam
2358 2305 2498 2360 hanc
2538 2305 2899 2374 ignorantiam
2934 2319 3115 2359 rerum
3157 2319 3440 2360 sacrarum
3493 2303 3742 2358 callidis-

2167 2397 2308 2452 simo
2334 2395 2647 2451 adversario
2673 2395 2948 2460 retexerit,
2972 2411 3132 2466 quem
3157 2395 3394 2465 alioquin
3431 2411 3546 2451 non
3576 2395 3744 2450 latere

2165 2497 2416 2559 poterat,
2456 2488 2571 2558 ipsa
2599 2489 2878 2559 gentilium
2913 2503 3068 2543 sacra
3111 2488 3378 2544 abstrusis
3413 2489 3741 2560 plerumque

2167 2579 2420 2636 sensibus
2467 2579 2672 2649 repleta
2713 2595 2834 2635 esse
2861 2579 2973 2650 (2);
3009 2579 3134 2634 licet
3167 2580 3221 2634 in
3272 2578 3597 2651 fragmentis
3627 2582 3745 2651 ejus

2168 2671 2550 2742 superstitibus
2583 2671 2717 2726 nihil
2746 2671 3042 2742 quidquam
3074 2671 3293 2728 obvium
3322 2673 3428 2737 sit,
3491 2673 3643 2742 quod
3675 2674 3741 2728 ad

2168 2763 2334 2834 hujus
2355 2762 2657 2834 argumenti
2683 2763 3156 2832 pertractationem
3181 2761 3370 2817 referri
3392 2773 3566 2834 queat
3594 2779 3610 2816 :
3642 2765 3743 2818 nisi

2176 2860 2323 2931 quod
2373 2870 2562 2915 auctor
2607 2868 2792 2914 noster
2841 2858 2894 2912 in
2925 2859 3169 2912 oratione
3202 2873 3313 2912 xvn
3366 2858 3418 2911 in
3467 2857 3742 2922 Genesin,

2171 2969 2297 3009 cum
2333 2953 2400 3008 de
2445 2951 2644 3006 tunicis
2669 2949 2907 3020 pelliceis
2935 2948 3234 3018 primorum
3273 2958 3563 3018 parentum
3601 2949 3747 3018 agit,

2175 3043 2315 3098 haud
2360 3043 2592 3098 obscure
2643 3049 2889 3104 asserat,
2923 3039 3150 3108 reperiri
3194 3039 3440 3110 quaedam
3492 3039 3548 3093 in
3602 3039 3747 3093 Scri-

2175 3144 2332 3206 ptura
2363 3149 2515 3188 sacra
2537 3172 2552 3197 ,
2586 3149 2704 3202 qua:
2760 3149 2860 3184 non
2891 3131 3175 3184 admittant
3218 3131 3529 3184 historicam
3585 3133 3743 3184 inter.

2173 3226 2559 3296 pretationem,
2624 3228 2713 3277 sed
2773 3223 3110 3293 allegoricam
3173 3224 3427 3276 rationem
3477 3224 3746 3294 exigant:

2185 3315 2436 3386 Ἐπειδὴ,
2470 3315 2664 3385 inquit,
2693 3312 2754 3368 τὸ
2776 3315 2904 3386 περὶ
2933 3315 3039 3369 τῶν
3063 3313 3304 3385 χιτώνων
3330 3315 3430 3387 τὴν
3464 3317 3747 3389 ἱστορικὴν

2175 3407 2430 3477 ἐκφεύγει
2455 3407 2708 3473 διάνοιαν,
2733 3406 2825 3460 καὶ
2853 3407 3144 3478 ἀναγωγῆς
3175 3407 3328 3477 λόγον
3362 3409 3609 3473 ἀπαιτεῖ,
3645 3420 3746 3465 etc.

2177 3519 2205 3589 ᾗ
2233 3515 2295 3572 ν.
2329 3516 2580 3589 Doctrina
2609 3517 2672 3570 de
2702 3515 2826 3581 Deo,
2861 3526 2909 3589 et
2942 3535 3059 3571 vera
3093 3519 3406 3573 monarchite
3427 3521 3630 3575 divine
3671 3522 3750 3573 itt-

2369 3587 2504 3650 dole,
2535 3589 2783 3640 adversus
2811 3588 3212 3657 polgtheismum
3240 3591 3538 3659 gentilium.

2244 3677 2302 3733 ιιι
2374 3678 2676 3750 fragmento
2732 3677 2775 3730 ll
2841 3680 3020 3749 operis
3092 3678 3507 3748 Ἀποκριτικῶν
3573 3681 3741 3736 Deum

2175 3772 2481 3826 rectissime
2512 3773 2585 3826 ita
2613 3771 2893 3837 describit,
2917 3771 3062 3840 quod
3093 3772 3244 3826 solus
3265 3773 3332 3826 sit
3357 3772 3631 3844 ἀγένητος
3660 3775 3749 3828 καὶ

2174 3861 2446 3926 δεσπόζων
2473 3860 2581 3914 τῶν
2607 3861 2868 3933 γενητῶν,
2894 3877 2995 3914 non
3023 3863 3227 3932 genitus
3256 3872 3304 3916 et
3333 3864 3389 3916 in
3409 3880 3522 3930 eos,
3544 3870 3638 3935 qui
3660 3883 3747 3936 ge—

2177 3955 2277 4008 niti
2299 3964 2439 4015 sunt,
2464 3955 2737 4023 imperium
2763 3955 2990 4019 habens;
3022 3963 3365 4025 mentemque
3393 3971 3554 4011 suam
3589 3960 3746 4026 paulo

2176 4057 2298 4118 post
2323 4047 2580 4102 disertius
2603 4046 2878 4116 explicans
2909 4045 3059 4100 addit
3089 4065 3100 4099 :
3132 4045 3261 4110 Θεὸς
3282 4046 3339 4098 δὲ
3373 4047 3536 4117 μόνος
3564 4051 3746 4121 ἄρχων

2178 4140 2272 4192 καὶ
2307 4137 2600 4210 μοναρχίαν
2625 4136 2762 4210 ἔχων
2787 4136 2927 4190 κατὰ
2958 4137 3213 4209 ἀλήθειαν
3244 4139 3490 4210 κυριεύει
3516 4139 3629 4194 τῶν
3662 4159 3752 4210 γε·

2178 4230 2374 4303 νητῶν,
2409 4230 2668 4301 ὑπάρχων
2701 4229 2958 4302 ἀγένητος
2979 4245 2991 4259 ο
3039 4232 3230 4301 κρατεῖ
3269 4229 3374 4283 τῶν
3408 4232 3750 4304 κτισμάτων,

742 4448 882 4521 Lege
901 4448 1104 4521 potius,
1127 4449 1196 4521 ad
1217 4448 1585 4521 Theosthenem
1602 4457 1794 4521 contra
1811 4448 2073 4520 gentilent.
2109 4455 2152 4512 Ι)
2177 4467 2274 4507 aue
2297 4451 2433 4506 enim
2455 4449 2592 4520 quod
2623 4449 2877 4521 scriptum
2893 4457 2997 4521 est,
3021 4457 3176 4521 atque
3206 4449 3259 4501 in
3285 4449 3459 4521 prima
3489 4458 3570 4504 est
3606 4453 3750 4518 posi-

2183 4535 2291 4577 tum
2321 4519 2590 4576 verborum
2617 4519 2816 4588 fronte,
2847 4519 2900 4572 id
2927 4520 3260 4587 signiﬁcatur
3281 4530 3328 4572 et
3379 4520 3618 4586 dicitur,
3663 4523 3751 4576 sed

2183 4592 2480 4661 allegoricis
2515 4590 2748 4661 sensibus
2777 4599 2825 4642 et
2842 4588 3129 4661 ‘subditiv‘is
3168 4588 3536 4661 intelliguntur
3568 4593 3749 4645 omnia

2183 4663 2278 4716 illa
2291 4657 2528 4715 secretis.
2557 4658 2743 4727 Itaque
2763 4658 2852 4728 qui
2869 4657 3190 4724 dicit,tCum
3218 4675 3314 4711 sua
3336 4660 3624 4713 concubuit
3647 4661 3750 4714 Ju-

2183 4735 2322 4801 piter
2347 4741 2534 4794 matre,
2557 4748 2575 4780 t
2609 4745 2711 4801 non
2739 4730 2961 4801 incestas
2983 4729 3246 4801 signiﬁcat
3268 4738 3360 4801 aut
3396 4733 3748 4799 prapudiosas

2197 4802 2404 4856 Veneris
2439 4800 2838 4868 complexiones,
2861 4799 2946 4852 sed
2970 4796 3150 4851 Jovem
3177 4815 3268 4868 pro
3295 4796 3504 4866 pluvia,
3525 4816 3624 4868 pro
3653 4809 3747 4855 te!-

2183 4873 2298 4925 lure
2339 4867 2574 4924 Cererem
2602 4869 2869 4934 nominat,
2893 4877 2997 4924 etc.
3029 4867 3188 4923 Cani.
3216 4867 3590 4925 Theodoretus
3626 4889 3748 4925 con-

2184 4952 2268 4995 tra
2296 4941 2502 4995 Cra'cos
2527 4954 2689 4993 serm.
2724 4953 2807 5000 nt,
2837 4955 2890 5008 p.
2921 4938 2991 4992 44
3031 4953 3146 5007 seq.
3172 4956 3186 5004 ;
3217 4937 3323 5008 Jul.
3356 4937 3634 4995 Firmicus
3675 4940 3749 4994 De

2182 5027 2359 5081 errore
2404 5009 2612 5080 profan.
2645 5007 2990 5081 religionum,
3021 5008 3239 5081 aliique.
3273 5007 3414 5081 Quin
3456 5019 3513 5064 et
3563 5012 3747 5081 ipsum

2180 5077 2539 5151 Porphyrium
2576 5094 2682 5151 non
2719 5093 2828 5131 uno
2853 5079 2991 5132 libro
3027 5077 3240 5133 Homeri
3269 5079 3480 5151 tabulas
3531 5077 3748 5150 integu-

2187 5149 2378 5206 menta
2399 5149 2830 5219 praestantiorum
2861 5163 2981 5219 esse
3029 5165 3246 5219 rerum,
3293 5149 3347 5202 in
3379 5149 3579 5217 quibus
3608 5149 3744 5217 dog—

2186 5232 2327 5275 mata
2350 5218 2419 5275 de
2438 5219 2548 5274 Deo
2572 5219 2842 5287 rebusque
2879 5218 3189 5274 caelestibus
3216 5218 3437 5280 lateant.
3465 5221 3742 5286 docuisse,

2185 5292 2476 5345 ostendunt
2517 5290 2840 5353 Quwstiones
2871 5289 2987 5357 ejus
3030 5287 3356 5352 Homericis,
3409 5289 3628 5344 libellus
3671 5291 3744 5345 De

2184 5370 2335 5413 antro
2364 5361 2707 5430 nympharum
2746 5369 2800 5412 et
2841 5358 3060 5430 Moralis
3095 5361 3460 5427 interpretatio
3505 5377 3746 5414 errorum

2190 5429 2425 5499 Ulyssis,
2485 5429 2594 5484 imo
2642 5429 2912 5498 peculiare
2958 5429 3076 5496 ejus
3133 5430 3385 5484 volumen
3450 5430 3587 5483 Πεὶ
3648 5432 3746 5502 τῆς

2190 5499 2649 5552 ἀλληγοοουιιένης
2681 5498 2944 5552 Ἑλλήνων
2971 5501 3063 5552 καὶ
3089 5498 3397 5552 Αἰγυπτίων
3431 5448 3743 5552 Θεοξογίαε.

2183 5498 2649 5572 ᾴλληγορουμένης
2681 5498 2944 5570 Ἐλλήνων
2971 5501 3066 5572 atat):
3089 5498 3397 5566 Αἰγυπτίων
3431 5498 3743 5568 Θεολογίαξ,

2184 5571 2262 5624 De
2288 5567 2568 5638 allegorica
2595 5567 2894 5622 (Succorum
2915 5578 2963 5622 et
2993 5568 3364 5639 Afggptiorugm
3392 5567 3674 5639 theologia,
3700 5586 3744 5624 st

2185 5641 2321 5696 ﬁdes
2364 5637 2594 5693 Eusebio
2639 5639 2884 5692 habenda
2929 5648 3030 5693 est.
3076 5637 3236 5693 Cani.
3286 5637 3652 5698 Cudwortlius
3692 5643 3746 5695 in

2187 5712 2479 5783 Systemate
2506 5709 2870 5775 intellecmali,
2893 5724 2944 5780 p.
2975 5724 3050 5765 ru.
3075 5708 3199 5765 571.
