3966 6206
228 190 362 244 1581

1315 199 1320 203 ’
1384 193 1665 251 ΝΟἸΊΤΙΑ
1702 193 1791 249 ΕΤ
1828 190 2274 249 FRAGMENTA.

3318 188 3459 245 £582

224 308 483 371 ἆκτιστος
507 304 580 359 ὢν
609 307 704 361 καὶ
734 308 965 380 ἄναρχος
986 348 999 375 ,
1034 310 1095 363 οὐ
1126 309 1233 365 τῶν
1270 312 1490 382 ὁμοίων,
1514 311 1647 366 ἀλλὰ
1678 309 1787 365 τῶν

1896 309 1994 363 lius
2042 309 2371 375 monarchaz,
2403 316 2556 364 tanto
2602 307 2929 364 luculentius
2961 323 2992 363 a
3019 306 3168 364 falsis
3203 309 3449 380 ﬁctisque

222 396 498 468 ἀνομοίων
524 399 847 471 ἡγεμονεύει
870 401 1183 471 κηδόμενος.
1218 401 1331 457 lloc
1363 413 1445 459 est
1478 422 1491 457 :
1530 402 1666 458 Deus
1703 419 1795 456 au-

223 498 333 542 tem
358 488 501 541 solus
534 490 809 558 imperium
849 509 911 545 ac
947 494 1305 547 monarcltiam
1331 495 1544 557 habens,
1572 495 1670 559 iis,
1703 495 1792 563 qui

221 580 389 648 geniti
428 588 585 645 sunt,
618 596 717 632 non
741 582 939 650 genitus
972 592 1196 652 praeest,
1240 593 1507 638 creaturas
1531 584 1792 637 increatus

218 679 272 721 et
300 670 561 739 principio
592 687 771 724 carens
797 673 852 725 in
876 682 1129 741 potestate
1155 674 1326 740 habet,
1359 691 1420 727 ac
1447 691 1546 727 non
1570 674 1788 738 similes,

219 762 317 814 sed
346 761 629 815 dissimiles
652 764 895 830 providus
920 765 1072 833 regit.
1093 763 1431 834 Quapropter
1447 774 1500 820 et
1518 765 1788 829 eumdem,

217 862 475 922 respectu
505 853 691 907 habito
726 855 791 907 ad
822 855 1237 926 polytheismum
1273 856 1550 925 gentilium
1576 893 1591 918 ,
1631 855 1792 927 μόνον

219 944 476 1014 ἀληθινὸν
515 945 750 1016 ἄρχοντα
778 943 943 1015 Θεόν,
985 947 1156 1003 solum
1201 964 1376 1001 verum
1409 949 1789 1003 dominatorem

220 1035 395 1089 Deum
439 1048 752 1107 nuncupat:
795 1054 959 1107 quam
1002 1039 1223 1108 phrasin
1272 1049 1433 1109 atque
1475 1040 1649 1093 ideam
1697 1054 1791 1093 su-

221 1127 397 1192 premi
427 1125 678 1181 Numinis
705 1141 770 1181 ex
797 1127 917 1196 ipso
944 1127 1006 1180 D.
1046 1125 1214 1182 Paulo
1238 1127 1452 1196 repetiit
1481 1124 1499 1178 l
1528 1125 1670 1180 Tim.
1710 1142 1786 1191 Vl,

220 1220 330 1281 15,
385 1219 478 1281 16,
528 1219 619 1272 ubi
666 1217 807 1274 Deus
847 1218 1046 1273 dicitur
1115 1222 1145 1273 6
1182 1219 1445 1290 μακάριος
1487 1218 1581 1271 καὶ
1633 1217 1788 1287 μόνος

217 1309 493 1381 δυνάστης
513 1350 527 1373 ,
559 1309 759 1379 quibus
792 1308 971 1363 verbis
998 1308 1056 1363 S.
1084 1308 1378 1378 Apostolus
1409 1316 1785 1378 argumentum

217 1417 370 1457 verse
408 1400 655 1465 deitatis,
702 1400 1109 1470 omnipotentis}
1140 1409 1303 1468 atque
1345 1398 1676 1453 monarchiee
1707 1398 1789 1452 di-

215 1495 366 1549 vinae
396 1493 720 1562 suppeditat.
766 1493 940 1562 Atque
973 1490 1025 1545 id
1056 1491 1231 1561 ipsum
1261 1494 1381 1557 est,
1421 1488 1564 1559 quod
1610 1486 1789 1542 Maca-

219 1586 343 1639 rius
376 1592 557 1638 noster
582 1582 736 1653 juxta
770 1598 892 1637 cum
925 1582 1046 1638 aliis
1080 1580 1332 1636 Patribus
1368 1579 1653 1650 primitiva:
1684 1578 1788 1633 Ec-

218 1676 406 1731 clesia:
452 1674 810 1728 monarchiam
858 1674 952 1728 Dei
984 1684 1177 1739 vocat,
1230 1673 1484 1727 nimirum
1523 1671 1785 1725 unitatem

221 1778 391 1836 atque
415 1766 775 1835 principatum
806 1767 915 1822 veri
944 1775 997 1822 et
1026 1765 1333 1821 essentialis
1368 1764 1485 1827 Dei,
1522 1764 1577 1817 in
1620 1776 1791 1832 oppo-

223 1858 429 1912 sitione
456 1856 523 1911 ad
554 1856 842 1911 πολυθεϊαν
868 1872 960 1913 seu
1001 1855 1405 1912 multitudinem
1435 1854 1662 1910 deorum
1689 1852 1792 1907 fal-

214 1961 416 2006 sorum
450 1945 591 2019 apud
619 1945 871 2015 gentiles.

299 2060 329 2130 ᾗ
362 2058 449 2114 VI.
489 2055 830 2115 Continuatio
852 2055 1084 2130 ejusdem
1120 2052 1433 2130 argumenti,
1462 2068 1527 2108 ea:
1550 2052 1719 2108 verbis

622 2131 689 2184 D.
726 2126 881 2183 Pauli
914 2124 941 2178 Ι
969 2125 1093 2180 Cor.
1126 2140 1242 2189 vm,
1274 2124 1329 2187 5,
1357 2124 1409 2177 6.

303 2222 752 2292 Quandoquidem
802 2221 970 2292 igitur
1014 2216 1233 2274 Graecus
1276 2215 1378 2274 iste
1436 2215 1794 2288 phiIOSOphus

226 2332 357 2372 cum
408 2314 646 2370 Macario
696 2322 886 2370 nostro
931 2314 1218 2382 disputans
1266 2326 1333 2365 ex
1387 2311 1795 2379 comparatione

226 2406 453 2461 Adriani
485 2407 796 2461 monarchze
826 2420 947 2460 cum
982 2403 1093 2458 Deo
1135 2403 1425 2458 rnonarcha
1472 2403 1794 2466 alIirmabat,

227 2499 397 2553 Deum
439 2515 538 2552 non
573 2497 779 2567 proprie
816 2495 1150 2549 manare/tam
1178 2503 1414 2549 vocatum
1443 2494 1532 2557 iri,
1562 2494 1663 2547 nisi
1694 2494 1797 2547 diis

227 2592 529 2661 imperaret,
556 2591 645 2659 qui
688 2588 921 2658 ejusdem
949 2603 1066 2640 cum
1092 2588 1205 2655 ipso
1238 2595 1406 2640 essent
1434 2592 1673 2647 natura;
1703 2598 1798 2639 eos

232 2698 381 2748 vero,
425 2696 564 2750 quos
598 2677 890 2734 Christiani
928 2677 1153 2747 angelos
1189 2685 1404 2739 vocant,
1433 2691 1461 2729 a
1511 2674 1800 2745 gentilibus

228 2772 364 2828 deos
392 2773 519 2839 dici,
542 2787 605 2827 ac
628 2779 836 2825 naturae
867 2768 1061 2823 divina:
1088 2775 1367 2823 consortes
1394 2781 1515 2823 esse
1547 2766 1624 2836 (5)
1662 2784 1675 2820 :
1710 2780 1801 2819 ve-

228 2880 351 2918 ram
389 2859 938 2918 monarchiae‘divinae
970 2857 1203 2913 indolem
1250 2863 1441 2912 contra
1488 2853 1799 2925 philosophi

230 2956 397 3025 hujus
448 2954 781 3024 sophismata
826 2951 1065 3005 vindicat
1109 2947 1378 3005 Macarius
1422 2947 1664 3018 Magnes,
1695 2961 1795 3002 nec

229 3050 309 3104 rei
339 3063 402 3103 ex
429 3048 667 3113 nomine,
698 3046 789 3101 sed
816 3045 1052 3101 nominis
1082 3060 1147 3099 ex
1175 3059 1234 3099 re
1261 3044 1538 3098 veritatem
1564 3041 1797 3113 pendere

229 3143 588 3197 demonstrat.
622 3139 698 3195 ita
726 3140 870 3194 enim
918 3138 973 3193 in
1017 3137 1317 3209 fragmento
1343 3136 1388 3193 ll
1418 3136 1595 3207 operis
1634 3137 1799 3190 Ἀπο-

233 3231 511 3303 κριτικῶν
546 3231 834 3301 respondet
868 3248 882 3284 :
917 3229 1026 3284 Καὶ
1074 3229 1134 3282 οὐ
1182 3230 1396 3293 πάντως
1426 3230 1490 3282 ὲκ
1522 3229 1621 3299 τῆς
1651 3231 1797 3300 ὁμω-

230 3326 431 3396 νυμίας
457 3324 582 3395 μίαν
615 3325 744 3395 ἡμῖν
778 3322 873 3394 τὴν
908 3320 1064 3391 φύσιν
1086 3322 1113 3372 6
1136 3321 1290 3389 λόγος
1319 3320 1605 3392 ἐδήλωσεν.
1632 3360 1645 3373 .
1674 3360 1686 3373 .
1723 3320 1796 3375 Οὐ

232 3417 336 3487 μὲν
368 3415 512 3481 λέξις
539 3414 797 3485 ὀνόματος
835 3411 1038 3482 βεϐαιοῖ
1064 3410 1121 3463 τὸ
1149 3409 1457 3480 λεγόμενον,
1485 3409 1598 3463 ἀλλ’
1632 3410 1665 3479 ἡ
1696 3410 1797 3477 φύ-

235 3525 319 3571 σις
349 3506 441 3560 τοῦ
479 3506 801 3577 πράγματος
847 3503 1001 3573 κυροῖ
1036 3500 1135 3571 τὴν
1162 3498 1639 3570 ἀλήθειαν.“Αρχει
1670 3499 1799 3567 γοῦν

226 3599 298 3672 δὴ
349 3599 458 3652 τῶν
503 3598 660 3660 Θεῶν,
695 3597 788 3650 καὶ
816 3593 1084 3658 δεσπόζει,
1111 3592 1203 3645 καὶ
1231 3594 1440 3663 κρατεῖ,
1478 3591 1574 3661 οὐχ
1620 3590 1694 3653 ὡς
1720 3588 1799 3656 εἷς

230 3688 415 3742 αὐτῶν
447 3688 702 3759 ὑπάρχων
740 3688 803 3739 ὲκ
832 3685 930 3755 τῆς
954 3683 1284 3756 ὁμωνυμίας,
1314 3681 1447 3735 ἀλλὰ
1484 3681 1640 3751 μόνος
1670 3682 1799 3750 ἀγέ-

236 3797 395 3852 νητος
424 3778 517 3843 ὢν,
546 3779 638 3832 καὶ
660 3776 933 3841 δεσπόζων
958 3773 1065 3827 τῶν
1093 3770 1357 3843 γενητῶν,
1386 3789 1438 3824 κ.
1473 3789 1523 3824 τ.
1552 3770 1600 3823 λ.
1624 3770 1801 3842 Neque

230 3888 456 3943 prorsus
490 3870 550 3924 ob
581 3868 807 3923 nominis
840 3865 1249 3920 communionem
1292 3863 1526 3916 eamdem
1568 3879 1676 3916 esse
1720 3878 1801 3917 re-

233 3981 359 4017 rum
384 3962 745 4033 cognominum
776 3967 1022 4012 naturam
1065 3957 1202 4009 ratio
1228 3956 1377 4008 nobis
1407 3955 1798 4009 demonstrat...

241 4055 425 4126 Neque
447 4072 563 4110 vero
598 4052 825 4108 nominis
858 4048 1141 4118 appellatio
1169 4063 1345 4101 verum
1372 4046 1520 4116 efﬁcit
1552 4045 1628 4111 id,
1665 4046 1800 4116 quod

243 4150 466 4215 dicitur,
495 4146 582 4200 sed
596 4147 727 4216 .ipsa
770 4145 841 4197 rei
887 4156 1079 4197 natura
1121 4140 1345 4193 nominis
1377 4139 1646 4192 veritatem
1676 4154 1800 4192 con-

238 4241 444 4311 firmat.
481 4236 713 4306 Imperat
742 4237 915 4301 itaque
949 4233 1051 4286 diis
1082 4241 1129 4285 et
1158 4229 1484 4295 dominatur,
1512 4237 1562 4282 et
1588 4245 1673 4283 eos
1702 4228 1803 4283 sibi

1895 399 2176 468 gentilium
2215 399 2322 454 diis
2354 398 2727 466 distingueret,
2769 396 3050 466 ipsamque
3098 395 3456 452 substantiam

1894 491 1962 545 ab
2017 490 2362 560 homonymia
2411 496 2754 553 secerneret,
2810 486 3243 543 Christianorum
3293 502 3459 544 causa

1894 581 2173 651 subjungit
2216 580 2584 635 testimonium
2621 578 2679 635 S.
2712 577 2866 631 Pauli
2900 592 2964 632 ex
3010 577 3031 630 l
3072 577 3199 633 Cor.
3237 595 3353 643 vm,
3403 580 3460 645 5,

1892 669 1946 735 6,
1978 671 2201 740 petitum
2233 688 2246 725 :
2275 670 2458 733 Οὕτως
2481 670 2509 722 6
2552 669 2872 732 Ἀπόστολος
2894 668 2981 721 ἴνα
3004 668 3099 739 τὴν
3131 669 3295 734 ὅντως
3324 670 3462 724 διδά-

1892 760 1959 834 ξῃ
1980 760 2242 832 Θεότητα,
2266 763 2360 816 καὶ
2386 762 2481 831 τὴν
2505 761 2690 814 οὐσίαν
2719 762 2781 813 ὲκ
2806 760 2907 828 τῆς
2932 759 3244 830 ὁμωνυμίας
3266 761 3467 832 διακρί-

1890 867 1985 915 νας
2034 850 2248 923 ἐλέγξῃ,
2296 852 2390 905 καὶ
2421 853 2510 904 τὸν
2546 850 2642 921 μὲν
2690 850 2808 902 κατ’
2835 848 3023 903 οὐσίαν
3055 849 3206 913 Θεὸν,
3242 850 3335 903 καὶ
3371 868 3467 904 κυ-

1892 939 2023 1011 ρίως
2053 940 2275 1010 Κύριον,
2317 940 2441 1003 τοὺς
2473 940 2528 993 δὲ
2559 942 2624 1011 τῇ
2665 939 2809 992 Θέσει
2853 938 3007 1002 θεοὺς
3039 940 3132 992 καὶ
3172 939 3231 992 οὐ
3264 940 3466 1010 κυρίως

1888 1030 1954 1100 τῇ
1988 1028 2174 1100 κλήσει
2205 1028 2418 1102 μηνύσῃ
2447 1031 2559 1092 τοῖς
2590 1028 2875 1100 μαθηταῖς,
2908 1026 3075 1097 φησί·
3106 1030 3213 1083 Καὶ
3242 1030 3351 1100 γὰρ
3378 1033 3462 1083 εῖ-

1888 1131 2002 1184 περ
2031 1116 2151 1171 elei
2183 1117 2329 1181 θεοί,
2359 1116 2560 1185 ὥσπερ
2596 1113 2708 1171 οὖν
2739 1118 2855 1171 εἰσὶ
2885 1116 2983 1170 καὶ
3007 1119 3194 1185 κύριοι
3225 1120 3463 1199 πολλοὶ⁹

1887 1208 2023 1261 ἀλλ’
2055 1207 2197 1277 ἡμῖν
2225 1203 2313 1274 εἷς
2340 1207 2502 1273 Θεὸς,
2533 1208 2601 1272 ἐξ
2627 1204 2697 1263 οὗ
2742 1207 2813 1260 τὰ
2850 1206 3067 1271 πάντα,
3100 1210 3197 1262 καὶ
3228 1204 3316 1276 εἷς
3345 1212 3465 1265 Κύ-

1878 1315 2010 1366 ριος
2058 1299 2309 1367 Ἰησοῦς,
2355 1294 2522 1353 διὀὗ
2570 1302 2642 1353 τὰ
2682 1284 3077 1371 πάντα.’ορᾷς
3108 1302 3254 1364 ὅπως
3293 1302 3463 1370 λέγει,

1886 1390 1986 1443 καὶ
2017 1388 2125 1460 γὰρ
2162 1391 2329 1459 εἴπερ
2350 1392 2469 1445 εἰσὶ
2494 1391 2612 1445 θεοὶ
2644 1389 2785 1459 (ἀντὶ
2810 1389 2926 1451 τοῦ,
2974 1393 3039 1461 τῇ
3085 1390 3268 1461 κλήσει
3304 1392 3466 1462 μόνον

1894 1479 2029 1543 θεοὶ,
2057 1479 2117 1533 οὐ
2150 1480 2253 1552 μὴν
2289 1480 2491 1553 κυρίως
2518 1480 2673 1551 Οεοὶ),
2693 1481 2828 1535 ἀλλ’
2846 1481 2989 1550 ἡμῖν
3012 1475 3102 1549 εἷς
3125 1484 3286 1548 Θείςς,
3312 1502 3449 1537 τουτ-

1888 1570 2033 1625 έστιν
2073 1573 2102 1623 6
2135 1573 2303 1636 ὅντως
2328 1572 2481 1638 Θεὸς,
2509 1565 2568 1625 οὗ
2606 1573 2704 1643 τῆς
2741 1572 2927 1636 οὐσίας
2947 1574 2975 1625 6
3002 1573 3155 1641 λόγος
3198 1575 3465 1645 μαρτυρεῖ

1819 1635 1859 1693 Β
1888 1664 1953 1732 τῇ
1978 1662 2219 1732 Θεὸτητι.
2249 1635 2363 1717 Hoc
2388 1635 2477 1718 est
2504 1680 2518 1715 :
2546 1661 2634 1716 Sic
2660 1635 2964 1732 Apostolus,
3014 1635 3084 1718 ut'
3108 1635 3287 1717 verum
3314 1635 3461 1718 Divi-

1889 1754 2111 1806 nitatem
2154 1752 2461 1818 ostenderet,
2516 1753 2967 1824 substantiamque
3012 1754 3074 1807 ab
3124 1755 3458 1824 homonymia

1890 1859 2155 1898 secernens
2183 1844 2496 1905 declararet,
2525 1859 2586 1895 ac
2611 1842 2776 1895 Deum
2810 1845 3016 1913 quidem
3043 1845 3211 1913 ipsum
3236 1845 3459 1898 essentia

1892 1934 2060 1988 Deum
2110 1951 2218 1989 esse
2248 1945 2295 1988 et
2328 1935 2535 2004 proprie
2564 1934 2882 1998 Dominum;
2935 1934 3069 1989 alios
3116 1946 3291 1988 autem
3339 1935 3454 1988 ado-

1890 2027 2065 2097 ptione
2090 2027 2233 2095 deos,
2273 2044 2363 2081 nec
2387 2029 2598 2097 proprio
2623 2028 2828 2081 nomine
2863 2027 3154 2097 appellatos
3195 2028 3453 2089 innueret.

1892 2118 2168 2188 discipulis
2211 2121 2322 2172 suis
2351 2120 2427 2172 ait
2463 2136 2481 2172 :
2514 2134 2533 2170 ‹
2563 2112 2770 2171 Etenim
2814 2119 2860 2171 si
2902 2119 2981 2171 dii
3013 2129 3132 2171 sunt
3175 2135 3235 2171 ac
3262 2118 3462 2172 domini

1894 2211 2070 2280 multi,
2098 2221 2156 2267 ut
2204 2226 2258 2267 re
2305 2211 2418 2284 ipsa
2464 2219 2608 2278 sunt,
2641 2220 2695 2263 at
2734 2208 2878 2262 nobis
2923 2226 3055 2263 unus
3085 2209 3222 2263 Deus
3254 2220 3353 2271 est.
3399 2226 3465 2264 ea:

1892 2322 1993 2376 quo
2025 2307 2225 2370 omnia,
2250 2315 2298 2359 et
2320 2322 2452 2360 unus
2476 2306 2730 2358 Dominus
2746 2304 2918 2371 Iesus,
2945 2319 3036 2374 per
3056 2319 3205 2375 quem
3228 2303 3455 2358 omnia.)

1906 2397 2084 2461 Vides,
2128 2407 2185 2450 ut
2217 2397 2382 2461 dicat,
2434 2414 2452 2447 ι
2484 2397 2672 2449 etenim
2718 2397 2762 2449 si
2803 2396 2879 2448 dii
2913 2404 3033 2449 sunt
3073 2394 3227 2465 (pro,
3252 2398 3461 2449 nomine

1895 2496 2100 2542 tantum
2126 2487 2221 2552 dii,
2251 2503 2343 2542 nec
2367 2487 2573 2556 proprie
2599 2486 2790 2555 dii),at
2822 2486 2972 2539 nobis
3002 2502 3134 2540 unus
3168 2486 3326 2549 Deus,
3358 2505 3376 2538 ›
3406 2486 3463 2538 id

1894 2589 1994 2647 est,
2020 2596 2135 2634 vere
2165 2578 2326 2646 Deus,
2354 2579 2503 2648 cujus
2530 2579 2798 2632 divinitati
2828 2579 2943 2649 ipsa
2967 2578 3283 2635 substantia:
3319 2580 3458 2634 ratio

1895 2672 2223 2742 suffragatur

2036 2802 2064 2874 ᾗ
2098 2800 2205 2857 VII.
2246 2801 2558 2874 Applicatio_
2586 2801 2985 2870 prwcedentium
3017 2803 3085 2855 ad
3116 2803 3314 2872 placita

2527 2871 2830 2942 Porphyrii.

1969 3024 2082 3081 Nec
2115 3035 2545 3081 commemorare
2588 3032 2744 3079 vacat
2786 3021 3073 3095 Porphyrii
3120 3023 3462 3080 distributio-

1898 3134 2021 3172 nem
2045 3118 2267 3173 dcorum
2299 3117 2353 3169 in
2383 3116 2629 3170 caelestes
2649 3157 2663 3179 ,
2704 3123 3005 3181 terrestres,
3033 3117 3242 3182 .aerios,
3289 3133 3462 3186 aqua-

1899 3211 2056 3273 ticos,
2085 3218 2139 3265 et
2184 3209 2568 3265 subterraneos
2603 3209 2715 3278 (4);
2766 3208 2963 3277 quibus
3007 3208 3207 3263 diversi
3252 3210 3463 3279 generis

1898 3302 2185 3358 mactanda
2222 3311 2376 3357 erant
2419 3300 2708 3357 sacrilicia.
2739 3300 2863 3352 Alia
2891 3300 3048 3363 enim,
3082 3301 3257 3371 inquit
3286 3299 3464 3355 Maca-

1900 3396 2016 3450 rius
2045 3393 2261 3465 Magncs
2288 3393 2428 3447 libro
2454 3407 2515 3445 Ill
2553 3389 2960 3458 Ἀποκριτικῶν
2984 3390 3080 3461 (5'),
3100 3391 3467 3445 mactabantur

1900 3487 2171 3557 spiritibus
2207 3486 2387 3548 aeriis,
2408 3484 2520 3536 alia
2549 3483 2787 3545 terrenis,
2812 3482 2922 3535 alia
2949 3482 3322 3536 subterraneis.
3345 3482 3466 3552 Spi-

1900 3580 2088 3633 ritibus
2118 3578 2253 3631 aeris
2287 3574 2698 3630 immolabantur
2728 3573 2961 3628 volucres
2988 3590 3005 3626 :
3038 3573 3383 3643 ἐπιχθονίοις,
3411 3576 3463 3628 id

1899 3680 1983 3727 est
2022 3666 2626 3740 terrenis,quadrupedes
2664 3666 2822 3736 nigri,
2853 3666 2977 3735 quia
3005 3666 3071 3718 sit
3102 3676 3241 3718 terra
3271 3679 3464 3719 natura

1901 3762 2053 3832 nigra
2088 3776 2106 3813 :
2136 3756 2489 3828 ὑποχθονίοις,
2520 3755 2569 3808 id
2594 3763 2675 3808 est
2703 3752 3206 3817 subterraneis,item
3230 3751 3463 3821 quadru-

1899 3853 2051 3925 pedes
2094 3850 2229 3920 nigri
2273 3850 2326 3902 in
2365 3845 2655 3908 scrobibus,
2682 3846 2787 3898 sive
2831 3844 3010 3913 foveis.
3044 3842 3254 3908 Quibus
3287 3842 3464 3897 verbis

1901 3944 2090 4015 procul
2119 3941 2266 3998 omni
2299 3938 2464 3995 dubio
2494 3934 2716 4005 respicit
2745 3933 2811 3988 ad
2835 3935 3011 3988 locum
3045 3933 3193 3986 illum
3225 3930 3466 4003 Porphy.

1903 4036 1969 4093 rii
2006 4034 2077 4089 De
2104 4042 2253 4087 antro
2284 4031 2653 4101 nympharum,
2689 4028 2780 4082 fol.
2812 4027 2833 4080 l
2864 4025 2986 4087 εὨς
3008 4025 3118 4087 τοῖς
3145 4022 3242 4094 μὲν
3274 4023 3465 4093 Ὀλυμ-

1903 4126 2045 4189 πίοις
2076 4124 2216 4187 θεοῖς
2245 4121 2402 4185 ναούς
2434 4137 2493 4174 τε
2540 4119 2635 4171 καὶ
2670 4116 2880 4187 βωμοὺς
2908 4113 3208 4185 ἱδρύσαντο,
3236 4110 3465 4182 χθονίοις

1902 4218 1959 4272 δὲ
1990 4217 2083 4270 καὶ
2112 4216 2314 4287 ἥρωσιν
2343 4213 2598 4283 ἐσχάρας,
2633 4207 2968 4280 ὑποχθονίοις
3008 4205 3063 4259 δὲ
3111 4204 3330 4275 βόθρους
3371 4204 3464 4256 καὶ

237 4295 577 4397 inancipatos'
593 4323 765 4389 habet,
796 4295 897 4376 non
931 4330 1178 4390 tanquam
1221 4333 1400 4370 eorum
1448 4331 1582 4369 unus
1631 4316 1698 4369 sit
1739 4313 1799 4368 ob
1834 4331 1877 4386 ι)
1909 4308 2141 4381 μέγαρα.
2181 4306 2232 4360 ld
2265 4314 2347 4359 est
2372 4322 2387 4359 :
2411 4299 2863 4397 Quemadmodum
2889 4295 3178 4349 cwlestibus
3204 4295 3305 4347 diis
3336 4305 3462 4397 tem-

237 4420 652 4483 communionem
682 4414 928 4478 nominis,
959 4413 1046 4465 sed
1077 4410 1201 4480 quia
1229 4407 1372 4462 solus
1410 4407 1456 4460 is
1482 4416 1557 4461 est
1587 4422 1687 4460 non
1716 4421 1803 4474 ge-

242 4514 409 4578 nitus,
431 4518 480 4564 et
507 4509 558 4561 in
586 4523 693 4572 eos,
723 4505 811 4576 qui
827 4504 990 4575 geniti
1018 4510 1159 4564 sunt,
1191 4498 1467 4568 imperium
1495 4496 1670 4562 liabet,
1696 4506 1798 4553 etc.

244 4604 420 4673 Atque
444 4609 503 4655 ut
525 4597 813 4655 essentiam
839 4594 951 4650 veri
981 4592 1095 4657 Dei,
1126 4589 1450 4662 proprioque
1475 4588 1692 4643 nomine
1718 4604 1803 4642 so-

321 4756 397 4828 (δ)
435 4752 766 4828 Porphyrius
790 4750 842 4803 in
870 4745 1205 4828 Ερίξιρὲαεά
1230 4739 1806 4828 Αῖξεθοηενῖιέθξιορμῖ

247 4811 393 4883 bidui
418 4811 775 4895 quastibnem
804 4811 1067 4895 sacerdoti
1096 4813 1348 4895 @gyptig
1379 4811 1649 4895 proponit,
1684 4824 1806 4895 qua;

246 4880 319 4953 ab
350 4880 456 4952 ista.
486 4894 703 4948 notione
730 4887 1057 4945 monarchiat
1088 4880 1283 4939 divina:
1302 4880 1469 4953 ϐεξποί
1502 4880 1803 4953 philogiphj

247 4948 451 5022 nostri”
476 4962 618 5023 haud
671 4962 896 5015 multum
938 4956 1162 5023 abludit.
1196 4952 1399 5023 Quatrit
1429 4948 1716 5023 enim_:_Tl
1746 4948 1806 5002 τὸ

247 5020 464 5108 σερᾶον
512 5020 681 5087 αἴεὲιον
732 5028 986 5111 ⁴ίλγοῢνται
1033 5022 1167 5079 εῖναι
1213 5021 1527 5092 Αἰγύπτιοι;
1575 5020 1808 5099 Πότερον

247 5108 393 5171 νοῦν,
438 5105 472 5175 ἢ
511 5103 655 5175 ὑπὲρ
682 5098 987 5175 νουνλιςαὶ
1020 5097 1195 5175 μόνον,
1232 5095 1267 5165 ἢ
1295 5093 1418 5175 μετ’
1448 5089 1626 5175 ἄλλου,
1656 5089 1808 5175 ﬁliai-

246 5117 393 5171 νουν,
438 5117 472 5171 ἢ
511 5117 655 5171 ὑπερ
682 5117 836 5164 νουν;
878 5117 987 5171 nat
1020 5117 1195 5171 μονον,
1232 5117 1267 5165 η
1295 5117 1402 5171 per
1448 5117 1626 5171 ενγινε,
1657 5117 1809 5171 ηλικ-

246 5097 393 5171 νὸὗν,
438 5105 472 5175 ἢ
511 5103 617 5156 ὑπὲ
682 5097 836 5164 νοῦνς
878 5098 987 5152 Καὶ
1088 5111 1195 5157 νον,
1232 5097 1267 5165 ἦ
1306 5097 1418 5162 μετ’
1448 5097 1626 5171 ἄλλον,
1656 5097 1688 5159 ἢ
1718 5097 1808 5143 ἅλ-

246 5180 392 5242 λων;
419 5215 432 5228 .
460 5214 474 5228 .
502 5214 513 5227 .
543 5119 655 5225 Κας
679 5173 726 5224 εί
750 5170 813 5242 ἐξ
844 5168 959 5242 ὲνος
982 5097 1263 5242 etiam,
1290 5164 1322 5235 ἢ
1345 5164 1409 5215 ὲκ
1428 5161 1666 5224 πολλων;
1696 5158 1808 5213 Hoc

245 5258 336 5304 est
366 5238 387 5300 ε’
410 5244 673 5311 Quidnam
714 5239 955 5309 AEgyptii
997 5238 1218 5311 primam
1251 5247 1482 5311 causam
1528 5247 1639 5285 esse
1674 5245 1808 5311 pcen:

249 5299 450 5373 Eéami
480 5314 666 5369 Utrum
710 5299 950 5374 ntenlem,
986 5299 1053 5359 an
1097 5304 1298 5374 aliquid
1342 5317 1502 5378 supra
1548 5299 1811 5378 mentem?

251 5368 476 5450 Deinde,
508 5401 575 5437 an
619 5381 914 5436 solitarium
937 5368 1063 5447 quid
1093 5368 1195 5437 sit,
1219 5390 1287 5426 an
1320 5368 1484 5450 simul
1533 5386 1648 5450 cum
1676 5368 1805 5450 alio,

252 5438 657 5525 aut—pluribus?
684 5451 759 5525 _Et
806 5465 932 5525 num
951 5438 1025 5525 'ab
1059 5462 1161 5525 uno
1191 5443 1388 5506 omnia,
1416 5456 1549 5525 (ιη-ᾳ-
1568 5438 1807 5525 pluribus

254 5506 586 5597 producant?
620 5522 699 5574 Ad
727 5535 861 5597 quas
879 5506 1807 5597 dubitationesarespognditEpinbli:

255 5574 543 5653 3.112165
566 5574 799 5661 persona
829 5586 1180 5643 Abammonis
1215 5574 1450 5654 Egyptii
1480 5580 1535 5634 in
1564 5578 1701 5633 libro
1734 5574 1808 5630 De

1902 4401 1992 4471 pla
2026 4407 2074 4453 et
2122 4395 2373 4452 radiculas
2405 4404 2453 4448 et
2488 4391 2683 4445 altaria
2737 4388 3082 4448 collocarunt,
3135 4384 3463 4438 terrestribus

1903 4508 2022 4547 vero
2052 4498 2100 4545 et
2130 4488 2370 4542 heroibus
2404 4485 2566 4555 focos,
2605 4481 2789 4552 inferis
2820 4488 2993 4532 autem
3023 4476 3226 4530 scrobes
3260 4484 3309 4531 et
3346 4491 3464 4545 cry-

1902 4595 2041 4654 ptas.

1905 4734 2165 4806 mysteriis
2219 4729 2611 4806 ngyptiorum,
2657 4734 2788 4806 sect.
2818 4734 3086 4806 vm,ncalp.
3187 4727 3243 4806 et
3284 4733 3461 4806 seqq”

1906 4787 2091 4876 i535?
2131 4787 2433 4876 seqqcll'it.
2467 4787 2645 4876 Oion,
2678 4793 2901 4847 Thomas
2941 4790 3090 4876 (ξοιῆ
3123 4787 3465 4876 Enumeravit)

1905 4859 2134 4944 denique
2191 4859 2563 4992 Egyptiorum
2617 4867 2841 4919 deorum
2891 4860 3168 4939 ordinibus
3215 4859 3356 4939 hunc
3409 4859 3462 4911 in

1906 4946 2125 4992 modum
2161 4956 2293 4992 conc
2320 4939 2433 4991 udit
2464 4935 2799 4991 Jamhlicllus
2836 4932 2935 4986 loc.
2976 4937 3064 4982 Cll.
3102 4944 3155 4992 p.
3187 4927 3287 4981 159
3317 4944 3331 4980 :
3368 4927 3462 4979 At-

1906 4927 2126 5001 inoddm
2161 4927 2433 4996 conEliidit
2464 4935 2799 4991 Jamhlichus
2836 4932 2935 4986 loc.
2976 4928 3064 4982 cit.
3085 4927 3287 5001 p.159
3317 4944 3331 4980 :
3368 4927 3465 4979 At-

1905 4996 2117 5087 alio;
2154 5007 2796 5087 {Egyptiorum-doctrinla
2834 5002 2897 5054 de
2926 4996 3465 5087 prinfcipiisddesupe:

2025 5066 2306 5152 inferioi'd'
2328 5077 2685 5152 progrediens,
2717 5077 2779 5152 ab
2811 5066 2934 5152 uno;
2950 5068 3153 5152 incipit,
3194 5075 3242 5152 et
3259 5066 3466 5152 Adesinit

1906 5158 1963 5211 in
1990 5140 2379 5207 multitudinem
2408 5140 2564 5200 unius
2592 5144 2808 5213 imperio
2839 5140 3197 5213 gubernatum,
3223 5144 3329 5189 etc.

1978 5203 2250 5294 (llic—oni.
2276 5218 2609 5274 Jamblichus
2642 5203 2715 5267 De
2740 5203 3019 5281 mysteriis,
3044 5217 3175 5261 sect.
3202 5222 3241 5272 ι,
3266 5220 3383 5274 cap.
3404 5203 3462 5269 9,

1908 5311 1962 5367 Ρ.
2092 5308 2631 5432 ῗῗὲιξιά-Γνοεηῑθριωη
2662 5345 3125 5432 Μειειιριίειλιεὶεινί⁸
3144 5343 3221 5432 ab
3241 5341 3464 5432 ἤπιοι-ξφ

1907 5416 2199 5488 νίιὶόίοιῆνὶι
2242 5416 2436 5483 Ριυειιῖο.
2470 5416 2771 5477 Turrianns
2813 5420 2866 5471 in
2916 5416 3225 5485 Defensione
3254 5427 3345 5488 pro
3374 5427 3467 5488 ca-

1911 5480 2511 5568 nendus-apostolorum
2544 5493 2788 5568 adversus
2820 5480 3211 5568 Centuriatores
3256 5480 3465 5554 Magdsb

1913 5558 2208 5641 burgenses,
2242 5569 2335 5624 lib.
2369 5583 2405 5636 ι,
2432 5580 2551 5633 cap.
2585 5561 2639 5627 5,
2667 5575 2719 5628 p.
2758 5574 2829 5612 m.
2861 5558 2949 5611 15.
