  <div class='ocr_page' id='page_1' title='image "/cluster/home/n/w/nwhite01/storage/ocr_20150623/10/hvd.32044073501330/713.png"; bbox 0 0 3966 6206; ppageno 0'>
   <div class='ocr_carea' id='block_1_1' title="bbox 511 245 647 302">
    <p class='ocr_par' dir='ltr' id='par_1_1' title="bbox 511 245 647 302">
     <span class='ocr_line' id='line_1_1' title="bbox 511 245 647 302; baseline 0.015 -3"><span class='ocrx_word' id='word_1_1' title='bbox 511 245 647 302; x_wconf 73' lang='grc' dir='ltr'><strong>1Ξ87</strong></span> 
     </span>
    </p>
   </div>
   <div class='ocr_carea' id='block_1_2' title="bbox 1785 243 2472 301">
    <p class='ocr_par' dir='ltr' id='par_1_2' title="bbox 1785 243 2472 301">
     <span class='ocr_line' id='line_1_2' title="bbox 1785 243 2472 301; baseline -0.003 -2"><span class='ocrx_word' id='word_1_2' title='bbox 1785 243 2139 301; x_wconf 75' lang='lat' dir='ltr'><strong>MACARIUS</strong></span> <span class='ocrx_word' id='word_1_3' title='bbox 2177 244 2472 301; x_wconf 78' lang='lat' dir='ltr'><strong>MAGNES.</strong></span> 
     </span>
    </p>
   </div>
   <div class='ocr_carea' id='block_1_3' title="bbox 3596 250 3727 306">
    <p class='ocr_par' dir='ltr' id='par_1_3' title="bbox 3596 250 3727 306">
     <span class='ocr_line' id='line_1_3' title="bbox 3596 250 3727 306; baseline 0.015 -3"><span class='ocrx_word' id='word_1_4' title='bbox 3596 250 3727 306; x_wconf 73' lang='lat' dir='ltr'><strong>i388</strong></span> 
     </span>
    </p>
   </div>
   <div class='ocr_carea' id='block_1_4' title="bbox 506 363 3731 437">
    <p class='ocr_par' dir='ltr' id='par_1_4' title="bbox 506 363 3731 437">
     <span class='ocr_line' id='line_1_4' title="bbox 506 363 3731 437; baseline 0.001 -18"><span class='ocrx_word' id='word_1_5' title='bbox 506 375 560 420; x_wconf 76' lang='grc' dir='ltr'><strong>(ι</strong></span> <span class='ocrx_word' id='word_1_6' title='bbox 592 363 922 434; x_wconf 65' lang='lat' dir='ltr'><strong>principibus</strong></span> <span class='ocrx_word' id='word_1_7' title='bbox 955 364 1157 434; x_wconf 83' lang='lat' dir='ltr'><strong>populi,</strong></span> <span class='ocrx_word' id='word_1_8' title='bbox 1196 366 1393 435; x_wconf 89' lang='lat' dir='ltr'><strong>quibus</strong></span> <span class='ocrx_word' id='word_1_9' title='bbox 1423 374 1675 435; x_wconf 94' lang='lat' dir='ltr'><strong>tanquam</strong></span> <span class='ocrx_word' id='word_1_10' title='bbox 1708 367 1810 421; x_wconf 88' lang='lat' dir='ltr'><strong>diis</strong></span> <span class='ocrx_word' id='word_1_11' title='bbox 1838 367 1890 421; x_wconf 92' lang='lat' dir='ltr'><strong>in</strong></span> <span class='ocrx_word' id='word_1_12' title='bbox 1926 376 2068 421; x_wconf 86' lang='lat' dir='ltr'><strong>terra</strong></span> <span class='ocrx_word' id='word_1_13' title='bbox 2101 371 2139 427; x_wconf 77' lang='grc' dir='ltr'>Α</span> <span class='ocrx_word' id='word_1_14' title='bbox 2173 366 2286 436; x_wconf 86' lang='lat' dir='ltr'><strong>Ipsi</strong></span> <span class='ocrx_word' id='word_1_15' title='bbox 2309 369 2494 437; x_wconf 80' lang='lat' dir='ltr'><strong>quippe</strong></span> <span class='ocrx_word' id='word_1_16' title='bbox 2522 382 2574 420; x_wconf 87' lang='lat' dir='ltr'><strong>se</strong></span> <span class='ocrx_word' id='word_1_17' title='bbox 2604 368 2741 437; x_wconf 86' lang='lat' dir='ltr'><strong>ipsos</strong></span> <span class='ocrx_word' id='word_1_18' title='bbox 2775 368 2907 421; x_wconf 87' lang='lat' dir='ltr'><strong>satis</strong></span> <span class='ocrx_word' id='word_1_19' title='bbox 2939 367 3206 431; x_wconf 73' lang='lat' dir='ltr'><strong>(mserum,</strong></span> <span class='ocrx_word' id='word_1_20' title='bbox 3231 380 3348 420; x_wconf 83' lang='lat' dir='ltr'><strong>eum</strong></span> <span class='ocrx_word' id='word_1_21' title='bbox 3377 368 3602 435; x_wconf 80' lang='lat' dir='ltr'><strong>primum</strong></span> <span class='ocrx_word' id='word_1_22' title='bbox 3632 372 3731 423; x_wconf 83' lang='lat' dir='ltr'><strong>im-</strong></span> 
     </span>
    </p>
   </div>
   <div class='ocr_carea' id='block_1_5' title="bbox 506 456 2070 528">
    <p class='ocr_par' dir='ltr' id='par_1_5' title="bbox 506 456 2070 528">
     <span class='ocr_line' id='line_1_5' title="bbox 506 456 2070 528; baseline 0.003 -17"><span class='ocrx_word' id='word_1_23' title='bbox 506 456 936 512; x_wconf 85' lang='lat' dir='ltr'><strong>maledicendum</strong></span> <span class='ocrx_word' id='word_1_24' title='bbox 958 468 1079 513; x_wconf 83' lang='lat' dir='ltr'><strong>esse</strong></span> <span class='ocrx_word' id='word_1_25' title='bbox 1107 467 1269 520; x_wconf 86' lang='lat' dir='ltr'><strong>vetat,</strong></span> <span class='ocrx_word' id='word_1_26' title='bbox 1301 456 1446 513; x_wconf 83' lang='lat' dir='ltr'><strong>conf.</strong></span> <span class='ocrx_word' id='word_1_27' title='bbox 1473 460 1591 515; x_wconf 82' lang='lat' dir='ltr'><strong>Act.</strong></span> <span class='ocrx_word' id='word_1_28' title='bbox 1628 474 1783 522; x_wconf 66' lang='grc' dir='ltr'>χχιιι,</span> <span class='ocrx_word' id='word_1_29' title='bbox 1808 459 1874 525; x_wconf 80' lang='lat'><strong>5;</strong></span> <span class='ocrx_word' id='word_1_30' title='bbox 1902 460 2070 528; x_wconf 80' lang='lat' dir='ltr'><strong>aptis-</strong></span> 
     </span>
    </p>
   </div>
   <div class='ocr_carea' id='block_1_6' title="bbox 504 549 2072 621">
    <p class='ocr_par' dir='ltr' id='par_1_6' title="bbox 504 549 2072 621">
     <span class='ocr_line' id='line_1_6' title="bbox 504 549 2072 621; baseline -0.001 -15"><span class='ocrx_word' id='word_1_31' title='bbox 504 549 644 606; x_wconf 86' lang='lat' dir='ltr'><strong>sime</strong></span> <span class='ocrx_word' id='word_1_32' title='bbox 673 549 896 607; x_wconf 88' lang='lat' dir='ltr'><strong>omnino</strong></span> <span class='ocrx_word' id='word_1_33' title='bbox 924 564 992 604; x_wconf 75' lang='lat' dir='ltr'><strong>ex</strong></span> <span class='ocrx_word' id='word_1_34' title='bbox 1021 561 1200 606; x_wconf 83' lang='lat' dir='ltr'><strong>meme</strong></span> <span class='ocrx_word' id='word_1_35' title='bbox 1230 551 1531 620; x_wconf 83' lang='lat' dir='ltr'><strong>gentilium,</strong></span> <span class='ocrx_word' id='word_1_36' title='bbox 1552 551 1645 621; x_wconf 86' lang='lat' dir='ltr'><strong>qui</strong></span> <span class='ocrx_word' id='word_1_37' title='bbox 1674 552 1787 606; x_wconf 64' lang='lat' dir='ltr'><strong>haec</strong></span> <span class='ocrx_word' id='word_1_38' title='bbox 1810 551 1878 606; x_wconf 84' lang='lat' dir='ltr'><strong>ad</strong></span> <span class='ocrx_word' id='word_1_39' title='bbox 1903 552 2072 606; x_wconf 80' lang='lat' dir='ltr'><strong>simu-</strong></span> 
     </span>
    </p>
   </div>
   <div class='ocr_carea' id='block_1_7' title="bbox 503 639 2069 713">
    <p class='ocr_par' dir='ltr' id='par_1_7' title="bbox 503 639 2069 713">
     <span class='ocr_line' id='line_1_7' title="bbox 503 639 2069 713; baseline 0 -16"><span class='ocrx_word' id='word_1_40' title='bbox 503 643 651 698; x_wconf 89' lang='lat' dir='ltr'><strong>Iaera</strong></span> <span class='ocrx_word' id='word_1_41' title='bbox 685 642 907 698; x_wconf 86' lang='lat' dir='ltr'><strong>deorum</strong></span> <span class='ocrx_word' id='word_1_42' title='bbox 948 641 1252 708; x_wconf 87' lang='lat' dir='ltr'><strong>trahebant,</strong></span> <span class='ocrx_word' id='word_1_43' title='bbox 1282 640 1497 697; x_wconf 83' lang='lat' dir='ltr'><strong>Juliano</strong></span> <span class='ocrx_word' id='word_1_44' title='bbox 1526 641 1814 712; x_wconf 75' lang='lat' dir='ltr'><strong>respondet</strong></span> <span class='ocrx_word' id='word_1_45' title='bbox 1835 639 2069 713; x_wconf 71' lang='lat' dir='ltr'><strong>Cyr-illus</strong></span> 
     </span>
    </p>
   </div>
   <div class='ocr_carea' id='block_1_8' title="bbox 499 733 2069 808">
    <p class='ocr_par' dir='ltr' id='par_1_8' title="bbox 499 733 2069 808">
     <span class='ocr_line' id='line_1_8' title="bbox 499 733 2069 808; baseline -0.002 -16"><span class='ocrx_word' id='word_1_46' title='bbox 499 736 900 793; x_wconf 76' lang='lat' dir='ltr'><strong>Alexandrinus</strong></span> <span class='ocrx_word' id='word_1_47' title='bbox 932 735 1105 808; x_wconf 76' lang='lat' dir='ltr'><strong>(li):t</strong></span> <span class='ocrx_word' id='word_1_48' title='bbox 1125 735 1390 793; x_wconf 65' lang='lat' dir='ltr'><strong>Craterum</strong></span> <span class='ocrx_word' id='word_1_49' title='bbox 1424 733 1777 807; x_wconf 72' lang='lat' dir='ltr'><strong>sciat1egem,</strong></span> <span class='ocrx_word' id='word_1_50' title='bbox 1810 735 1920 790; x_wconf 88' lang='lat' dir='ltr'><strong>into</strong></span> <span class='ocrx_word' id='word_1_51' title='bbox 1943 749 2069 790; x_wconf 88' lang='lat' dir='ltr'><strong>vero</strong></span> 
     </span>
    </p>
   </div>
   <div class='ocr_carea' id='block_1_9' title="bbox 500 825 2069 902">
    <p class='ocr_par' dir='ltr' id='par_1_9' title="bbox 500 825 2069 902">
     <span class='ocr_line' id='line_1_9' title="bbox 500 825 2069 902; baseline -0.003 -18"><span class='ocrx_word' id='word_1_52' title='bbox 500 831 636 902; x_wconf 79' lang='lat' dir='ltr'><strong>)egis</strong></span> <span class='ocrx_word' id='word_1_53' title='bbox 664 830 977 892; x_wconf 87' lang='lat' dir='ltr'><strong>Dominum,</strong></span> <span class='ocrx_word' id='word_1_54' title='bbox 1005 825 1262 885; x_wconf 77' lang='lat' dir='ltr'><strong>lsraelitis</strong></span> <span class='ocrx_word' id='word_1_55' title='bbox 1280 829 1471 899; x_wconf 82' lang='lat' dir='ltr'><strong>jubere</strong></span> <span class='ocrx_word' id='word_1_56' title='bbox 1493 836 1553 882; x_wconf 95' lang='lat' dir='ltr'><strong>ut</strong></span> <span class='ocrx_word' id='word_1_57' title='bbox 1576 842 1699 882; x_wconf 87' lang='lat' dir='ltr'><strong>aras</strong></span> <span class='ocrx_word' id='word_1_58' title='bbox 1726 834 1987 890; x_wconf 88' lang='lat' dir='ltr'><strong>evertant.</strong></span> <span class='ocrx_word' id='word_1_59' title='bbox 2013 834 2069 881; x_wconf 88' lang='lat' dir='ltr'><strong>et</strong></span> 
     </span>
    </p>
   </div>
   <div class='ocr_carea' id='block_1_10' title="bbox 497 916 2068 990">
    <p class='ocr_par' dir='ltr' id='par_1_10' title="bbox 497 916 2068 990">
     <span class='ocr_line' id='line_1_10' title="bbox 497 916 2068 990; baseline -0.004 -14"><span class='ocrx_word' id='word_1_60' title='bbox 497 936 608 977; x_wconf 89' lang='lat' dir='ltr'><strong>una</strong></span> <span class='ocrx_word' id='word_1_61' title='bbox 644 938 768 984; x_wconf 87' lang='lat' dir='ltr'><strong>cum</strong></span> <span class='ocrx_word' id='word_1_62' title='bbox 803 920 1016 990; x_wconf 84' lang='lat' dir='ltr'><strong>templis</strong></span> <span class='ocrx_word' id='word_1_63' title='bbox 1040 920 1328 974; x_wconf 76' lang='lat' dir='ltr'><strong>simulacra</strong></span> <span class='ocrx_word' id='word_1_64' title='bbox 1367 919 1707 982; x_wconf 90' lang='lat' dir='ltr'><strong>eomburant,</strong></span> <span class='ocrx_word' id='word_1_65' title='bbox 1735 917 1895 973; x_wconf 88' lang='lat' dir='ltr'><strong>sicuti</strong></span> <span class='ocrx_word' id='word_1_66' title='bbox 1929 916 2068 972; x_wconf 86' lang='lat' dir='ltr'><strong>scri-</strong></span> 
     </span>
    </p>
   </div>
   <div class='ocr_carea' id='block_1_11' title="bbox 497 1007 2065 1085">
    <p class='ocr_par' dir='ltr' id='par_1_11' title="bbox 497 1007 2065 1085">
     <span class='ocr_line' id='line_1_11' title="bbox 497 1007 2065 1085; baseline -0.005 -16"><span class='ocrx_word' id='word_1_67' title='bbox 497 1025 649 1085; x_wconf 91' lang='lat' dir='ltr'><strong>ptum</strong></span> <span class='ocrx_word' id='word_1_68' title='bbox 687 1014 745 1069; x_wconf 92' lang='lat' dir='ltr'><strong>in</strong></span> <span class='ocrx_word' id='word_1_69' title='bbox 773 1012 1199 1069; x_wconf 85' lang='lat' dir='ltr'><strong>Denteronomio</strong></span> <span class='ocrx_word' id='word_1_70' title='bbox 1222 1027 1491 1085; x_wconf 61' lang='lat' dir='ltr'><strong>scapJn,</strong></span> <span class='ocrx_word' id='word_1_71' title='bbox 1523 1010 1575 1075; x_wconf 75' lang='grc'><strong>1,</strong></span> <span class='ocrx_word' id='word_1_72' title='bbox 1605 1011 1662 1076; x_wconf 76' lang='grc'><strong>2,</strong></span> <span class='ocrx_word' id='word_1_73' title='bbox 1695 1011 1749 1065; x_wconf 79' lang='lat'><strong>5.</strong></span> <span class='ocrx_word' id='word_1_74' title='bbox 1777 1007 1913 1063; x_wconf 80' lang='lat' dir='ltr'><strong>Hinc</strong></span> <span class='ocrx_word' id='word_1_75' title='bbox 1945 1022 2065 1077; x_wconf 89' lang='lat' dir='ltr'><strong>per-</strong></span> 
     </span>
    </p>
   </div>
   <div class='ocr_carea' id='block_1_12' title="bbox 496 1098 2063 1177">
    <p class='ocr_par' dir='ltr' id='par_1_12' title="bbox 496 1098 2063 1177">
     <span class='ocr_line' id='line_1_12' title="bbox 496 1098 2063 1177; baseline -0.006 -17"><span class='ocrx_word' id='word_1_76' title='bbox 496 1107 574 1176; x_wconf 85' lang='lat' dir='ltr'><strong>git</strong></span> <span class='ocrx_word' id='word_1_77' title='bbox 609 1106 700 1159; x_wconf 88' lang='lat'><strong>:&#39;0</strong></span> <span class='ocrx_word' id='word_1_78' title='bbox 732 1105 935 1177; x_wconf 81' lang='grc' dir='ltr'><strong>βωμοῖς</strong></span> <span class='ocrx_word' id='word_1_79' title='bbox 974 1102 1068 1157; x_wconf 76' lang='grc' dir='ltr'>καὶ</span> <span class='ocrx_word' id='word_1_80' title='bbox 1110 1101 1390 1174; x_wconf 68' lang='grc' dir='ltr'>τεμένεσιν</span> <span class='ocrx_word' id='word_1_81' title='bbox 1414 1101 1695 1176; x_wconf 74' lang='grc' dir='ltr'>ὲπιθήγῳν</span> <span class='ocrx_word' id='word_1_82' title='bbox 1716 1100 1808 1153; x_wconf 84' lang='grc' dir='ltr'>τὸν</span> <span class='ocrx_word' id='word_1_83' title='bbox 1849 1098 2063 1170; x_wconf 82' lang='grc' dir='ltr'>Ἰσραὴλ</span> 
     </span>
    </p>
   </div>
   <div class='ocr_carea' id='block_1_13' title="bbox 494 1195 2059 1269">
    <p class='ocr_par' dir='ltr' id='par_1_13' title="bbox 494 1195 2059 1269">
     <span class='ocr_line' id='line_1_13' title="bbox 494 1195 2059 1269; baseline -0.013 0"><span class='ocrx_word' id='word_1_84' title='bbox 494 1197 693 1269; x_wconf 81' lang='grc' dir='ltr'>χρῆναί</span> <span class='ocrx_word' id='word_1_85' title='bbox 736 1214 795 1250; x_wconf 87' lang='grc' dir='ltr'>τε</span> <span class='ocrx_word' id='word_1_86' title='bbox 841 1197 1014 1267; x_wconf 72' lang='grc' dir='ltr'>λέγων</span> <span class='ocrx_word' id='word_1_87' title='bbox 1064 1199 1191 1263; x_wconf 73' lang='grc' dir='ltr'>τοὺς</span> <span class='ocrx_word' id='word_1_88' title='bbox 1239 1201 1296 1252; x_wconf 79' lang='grc' dir='ltr'><strong>ὲν</strong></span> <span class='ocrx_word' id='word_1_89' title='bbox 1341 1198 1522 1262; x_wconf 79' lang='grc' dir='ltr'>αὐτοῖς</span> <span class='ocrx_word' id='word_1_90' title='bbox 1574 1195 2059 1267; x_wconf 80' lang='grc' dir='ltr'>καταπιμπρᾶσθαι</span> 
     </span>
    </p>
   </div>
   <div class='ocr_carea' id='block_1_14' title="bbox 493 1286 2060 1360">
    <p class='ocr_par' dir='ltr' id='par_1_14' title="bbox 493 1286 2060 1360">
     <span class='ocr_line' id='line_1_14' title="bbox 493 1286 2060 1360; baseline 0.001 -21"><span class='ocrx_word' id='word_1_91' title='bbox 493 1286 670 1350; x_wconf 75' lang='grc' dir='ltr'>θεοὺς,</span> <span class='ocrx_word' id='word_1_92' title='bbox 686 1286 786 1358; x_wconf 74' lang='grc' dir='ltr'>ἔφη</span> <span class='ocrx_word' id='word_1_93' title='bbox 803 1286 887 1351; x_wconf 82' lang='grc' dir='ltr'><strong>ἂν,</strong></span> <span class='ocrx_word' id='word_1_94' title='bbox 907 1286 1028 1341; x_wconf 81' lang='grc' dir='ltr'>είπέ</span> <span class='ocrx_word' id='word_1_95' title='bbox 1047 1304 1156 1359; x_wconf 86' lang='grc' dir='ltr'>μοι,</span> <span class='ocrx_word' id='word_1_96' title='bbox 1174 1288 1301 1360; x_wconf 74' lang='grc' dir='ltr'>περὶ</span> <span class='ocrx_word' id='word_1_97' title='bbox 1316 1287 1510 1352; x_wconf 76' lang='grc' dir='ltr'>αὐτῶν,</span> <span class='ocrx_word' id='word_1_98' title='bbox 1527 1288 1707 1353; x_wconf 80' lang='grc' dir='ltr'>Θεοὺς</span> <span class='ocrx_word' id='word_1_99' title='bbox 1721 1290 1791 1341; x_wconf 85' lang='grc' dir='ltr'>οὐ</span> <span class='ocrx_word' id='word_1_100' title='bbox 1811 1291 2060 1341; x_wconf 74' lang='grc' dir='ltr'>κακολο-</span> 
     </span>
    </p>
   </div>
   <div class='ocr_carea' id='block_1_15' title="bbox 492 1374 2057 1443">
    <p class='ocr_par' dir='ltr' id='par_1_15' title="bbox 492 1374 2057 1443">
     <span class='ocr_line' id='line_1_15' title="bbox 492 1374 2057 1443; baseline 0.003 -17"><span class='ocrx_word' id='word_1_101' title='bbox 492 1374 723 1443; x_wconf 75' lang='grc' dir='ltr'>τήσεις,</span> <span class='ocrx_word' id='word_1_102' title='bbox 764 1393 818 1428; x_wconf 84' lang='grc' dir='ltr'>κ.</span> <span class='ocrx_word' id='word_1_103' title='bbox 854 1393 904 1429; x_wconf 87' lang='grc' dir='ltr'>τ.</span> <span class='ocrx_word' id='word_1_104' title='bbox 938 1375 987 1428; x_wconf 91' lang='grc' dir='ltr'>λ.</span> <span class='ocrx_word' id='word_1_105' title='bbox 1015 1376 1117 1440; x_wconf 81' lang='lat' dir='ltr'><strong>Qui</strong></span> <span class='ocrx_word' id='word_1_106' title='bbox 1166 1378 1218 1430; x_wconf 89' lang='lat' dir='ltr'><strong>in</strong></span> <span class='ocrx_word' id='word_1_107' title='bbox 1269 1394 1391 1430; x_wconf 86' lang='lat' dir='ltr'><strong>aras</strong></span> <span class='ocrx_word' id='word_1_108' title='bbox 1434 1388 1483 1431; x_wconf 90' lang='lat' dir='ltr'><strong>et</strong></span> <span class='ocrx_word' id='word_1_109' title='bbox 1514 1377 1732 1431; x_wconf 86' lang='lat' dir='ltr'><strong>delubra</strong></span> <span class='ocrx_word' id='word_1_110' title='bbox 1780 1376 2057 1431; x_wconf 85' lang='lat' dir='ltr'><strong>Israelitas</strong></span> 
     </span>
    </p>
   </div>
   <div class='ocr_carea' id='block_1_16' title="bbox 491 1467 2056 1538">
    <p class='ocr_par' dir='ltr' id='par_1_16' title="bbox 491 1467 2056 1538">
     <span class='ocr_line' id='line_1_16' title="bbox 491 1467 2056 1538; baseline 0.001 -19"><span class='ocrx_word' id='word_1_111' title='bbox 491 1468 656 1529; x_wconf 85' lang='lat' dir='ltr'><strong>acuit,</strong></span> <span class='ocrx_word' id='word_1_112' title='bbox 704 1467 946 1537; x_wconf 87' lang='lat' dir='ltr'><strong>deosque,</strong></span> <span class='ocrx_word' id='word_1_113' title='bbox 983 1469 1073 1538; x_wconf 85' lang='lat' dir='ltr'><strong>qui</strong></span> <span class='ocrx_word' id='word_1_114' title='bbox 1117 1469 1364 1522; x_wconf 86' lang='lat' dir='ltr'><strong>coluntur</strong></span> <span class='ocrx_word' id='word_1_115' title='bbox 1392 1468 1448 1521; x_wconf 89' lang='lat' dir='ltr'><strong>in</strong></span> <span class='ocrx_word' id='word_1_116' title='bbox 1472 1469 1623 1537; x_wconf 86' lang='lat' dir='ltr'><strong>ipsis,</strong></span> <span class='ocrx_word' id='word_1_117' title='bbox 1655 1467 2056 1522; x_wconf 84' lang='lat' dir='ltr'><strong>concremandos</strong></span> 
     </span>
    </p>
   </div>
   <div class='ocr_carea' id='block_1_17' title="bbox 489 1558 2052 1624">
    <p class='ocr_par' dir='ltr' id='par_1_17' title="bbox 489 1558 2052 1624">
     <span class='ocr_line' id='line_1_17' title="bbox 489 1558 2052 1624; baseline 0.001 -13"><span class='ocrx_word' id='word_1_118' title='bbox 489 1558 590 1622; x_wconf 85' lang='lat' dir='ltr'><strong>ait,</strong></span> <span class='ocrx_word' id='word_1_119' title='bbox 623 1559 829 1613; x_wconf 74' lang='lat' dir='ltr'><strong>dixitne</strong></span> <span class='ocrx_word' id='word_1_120' title='bbox 842 1560 1023 1624; x_wconf 88' lang='lat' dir='ltr'><strong>etiam,</strong></span> <span class='ocrx_word' id='word_1_121' title='bbox 1059 1559 1292 1623; x_wconf 88' lang='lat' dir='ltr'><strong>obsecro,</strong></span> <span class='ocrx_word' id='word_1_122' title='bbox 1323 1560 1386 1614; x_wconf 87' lang='lat' dir='ltr'><strong>de</strong></span> <span class='ocrx_word' id='word_1_123' title='bbox 1418 1559 1527 1614; x_wconf 85' lang='lat' dir='ltr'><strong>illis</strong></span> <span class='ocrx_word' id='word_1_124' title='bbox 1554 1576 1571 1614; x_wconf 86' lang='lat'><em>:</em></span> <span class='ocrx_word' id='word_1_125' title='bbox 1607 1579 1625 1610; x_wconf 75' lang='grc' dir='ltr'>ι</span> <span class='ocrx_word' id='word_1_126' title='bbox 1658 1558 1775 1613; x_wconf 84' lang='lat' dir='ltr'><strong>Diis</strong></span> <span class='ocrx_word' id='word_1_127' title='bbox 1807 1576 1907 1613; x_wconf 87' lang='lat' dir='ltr'><strong>non</strong></span> <span class='ocrx_word' id='word_1_128' title='bbox 1939 1576 2052 1613; x_wconf 85' lang='lat' dir='ltr'><strong>ma-</strong></span> 
     </span>
    </p>
   </div>
   <div class='ocr_carea' id='block_1_18' title="bbox 491 1647 771 1702">
    <p class='ocr_par' dir='ltr' id='par_1_18' title="bbox 491 1647 771 1702">
     <span class='ocr_line' id='line_1_18' title="bbox 491 1647 771 1702; baseline -0.007 -1"><span class='ocrx_word' id='word_1_129' title='bbox 491 1647 681 1702; x_wconf 84' lang='lat' dir='ltr'><strong>ledices</strong></span> <span class='ocrx_word' id='word_1_130' title='bbox 700 1648 725 1701; x_wconf 66' lang='lat'><strong>.9</strong></span> <span class='ocrx_word' id='word_1_131' title='bbox 752 1668 771 1699; x_wconf 77' lang='grc' dir='ltr'><strong><em>ι</em></strong></span> 
     </span>
    </p>
   </div>
   <div class='ocr_carea' id='block_1_19' title="bbox 558 1760 1982 1833">
    <p class='ocr_par' dir='ltr' id='par_1_19' title="bbox 558 1760 1982 1833">
     <span class='ocr_line' id='line_1_19' title="bbox 558 1760 1982 1833; baseline 0.002 -20"><span class='ocrx_word' id='word_1_132' title='bbox 558 1760 586 1830; x_wconf 81' lang='lat'><strong>§</strong></span> <span class='ocrx_word' id='word_1_133' title='bbox 617 1760 729 1816; x_wconf 81' lang='lat' dir='ltr'><strong>XII.</strong></span> <span class='ocrx_word' id='word_1_134' title='bbox 773 1762 848 1815; x_wconf 89' lang='lat' dir='ltr'><strong>De</strong></span> <span class='ocrx_word' id='word_1_135' title='bbox 871 1763 1030 1816; x_wconf 80' lang='lat' dir='ltr'><strong>rariis</strong></span> <span class='ocrx_word' id='word_1_136' title='bbox 1062 1763 1358 1816; x_wconf 73' lang='lat' dir='ltr'><strong>nominibus</strong></span> <span class='ocrx_word' id='word_1_137' title='bbox 1385 1772 1433 1816; x_wconf 91' lang='lat' dir='ltr'><strong>et</strong></span> <span class='ocrx_word' id='word_1_138' title='bbox 1471 1761 1740 1833; x_wconf 79' lang='lat' dir='ltr'><strong>generibus</strong></span> <span class='ocrx_word' id='word_1_139' title='bbox 1767 1763 1982 1816; x_wconf 86' lang='lat' dir='ltr'><strong>deorum</strong></span> 
     </span>
    </p>
   </div>
   <div class='ocr_carea' id='block_1_20' title="bbox 1113 1833 1420 1903">
    <p class='ocr_par' dir='ltr' id='par_1_20' title="bbox 1113 1833 1420 1903">
     <span class='ocr_line' id='line_1_20' title="bbox 1113 1833 1420 1903; baseline 0.003 -17"><span class='ocrx_word' id='word_1_140' title='bbox 1113 1833 1420 1903; x_wconf 83' lang='lat' dir='ltr'><strong>&#39;gentilium.</strong></span> 
     </span>
    </p>
   </div>
   <div class='ocr_carea' id='block_1_21' title="bbox 558 1922 2054 1997">
    <p class='ocr_par' dir='ltr' id='par_1_21' title="bbox 558 1922 2054 1997">
     <span class='ocr_line' id='line_1_21' title="bbox 558 1922 2054 1997; baseline -0.001 -18"><span class='ocrx_word' id='word_1_141' title='bbox 558 1923 991 1997; x_wconf 79' lang='lat' dir='ltr'><strong>Haudquaquam</strong></span> <span class='ocrx_word' id='word_1_142' title='bbox 1017 1925 1093 1979; x_wconf 87' lang='lat' dir='ltr'><strong>rei</strong></span> <span class='ocrx_word' id='word_1_143' title='bbox 1124 1941 1190 1979; x_wconf 79' lang='lat' dir='ltr'><strong>ex</strong></span> <span class='ocrx_word' id='word_1_144' title='bbox 1222 1925 1462 1989; x_wconf 74' lang='lat' dir='ltr'><strong>nomine,</strong></span> <span class='ocrx_word' id='word_1_145' title='bbox 1492 1924 1584 1978; x_wconf 90' lang='lat' dir='ltr'><strong>sed</strong></span> <span class='ocrx_word' id='word_1_146' title='bbox 1626 1922 1864 1978; x_wconf 85' lang='lat' dir='ltr'><strong>nominis</strong></span> <span class='ocrx_word' id='word_1_147' title='bbox 1896 1938 1958 1977; x_wconf 77' lang='lat' dir='ltr'><strong>ex</strong></span> <span class='ocrx_word' id='word_1_148' title='bbox 1995 1938 2054 1978; x_wconf 91' lang='lat' dir='ltr'><strong>re</strong></span> 
     </span>
    </p>
   </div>
   <div class='ocr_carea' id='block_1_22' title="bbox 485 2015 2052 2088">
    <p class='ocr_par' dir='ltr' id='par_1_22' title="bbox 485 2015 2052 2088">
     <span class='ocr_line' id='line_1_22' title="bbox 485 2015 2052 2088; baseline -0.003 -16"><span class='ocrx_word' id='word_1_149' title='bbox 485 2021 770 2074; x_wconf 80' lang='lat' dir='ltr'><strong>veritatem</strong></span> <span class='ocrx_word' id='word_1_150' title='bbox 815 2018 1070 2088; x_wconf 88' lang='lat' dir='ltr'><strong>pendere,</strong></span> <span class='ocrx_word' id='word_1_151' title='bbox 1108 2018 1162 2070; x_wconf 90' lang='lat' dir='ltr'><strong>in</strong></span> <span class='ocrx_word' id='word_1_152' title='bbox 1197 2016 1568 2085; x_wconf 82' lang='lat' dir='ltr'><strong>superioribus</strong></span> <span class='ocrx_word' id='word_1_153' title='bbox 1620 2015 2052 2069; x_wconf 89' lang='lat' dir='ltr'><strong>demonstratum</strong></span> 
     </span>
    </p>
   </div>
   <div class='ocr_carea' id='block_1_23' title="bbox 486 2105 2053 2179">
    <p class='ocr_par' dir='ltr' id='par_1_23' title="bbox 486 2105 2053 2179">
     <span class='ocr_line' id='line_1_23' title="bbox 486 2105 2053 2179; baseline -0.005 -12"><span class='ocrx_word' id='word_1_154' title='bbox 486 2113 635 2169; x_wconf 85' lang='lat' dir='ltr'><strong>dedit</strong></span> <span class='ocrx_word' id='word_1_155' title='bbox 679 2110 948 2165; x_wconf 76' lang='lat' dir='ltr'><strong>Macarius</strong></span> <span class='ocrx_word' id='word_1_156' title='bbox 990 2107 1229 2179; x_wconf 83' lang='lat' dir='ltr'><strong>Magnes.</strong></span> <span class='ocrx_word' id='word_1_157' title='bbox 1262 2105 1340 2159; x_wconf 77' lang='lat' dir='ltr'><strong>Ex</strong></span> <span class='ocrx_word' id='word_1_158' title='bbox 1393 2107 1497 2162; x_wconf 89' lang='lat' dir='ltr'><strong>isto</strong></span> <span class='ocrx_word' id='word_1_159' title='bbox 1556 2117 1734 2159; x_wconf 88' lang='lat' dir='ltr'><strong>autem</strong></span> <span class='ocrx_word' id='word_1_160' title='bbox 1787 2105 2053 2174; x_wconf 88' lang='lat' dir='ltr'><strong>principio</strong></span> 
     </span>
    </p>
   </div>
   <div class='ocr_carea' id='block_1_24' title="bbox 484 2198 2054 2269">
    <p class='ocr_par' dir='ltr' id='par_1_24' title="bbox 484 2198 2054 2269">
     <span class='ocr_line' id='line_1_24' title="bbox 484 2198 2054 2269; baseline -0.005 -9"><span class='ocrx_word' id='word_1_161' title='bbox 484 2220 634 2260; x_wconf 89' lang='lat' dir='ltr'><strong>nunc</strong></span> <span class='ocrx_word' id='word_1_162' title='bbox 677 2203 842 2259; x_wconf 90' lang='lat' dir='ltr'><strong>etiam</strong></span> <span class='ocrx_word' id='word_1_163' title='bbox 873 2201 1025 2256; x_wconf 77' lang='lat' dir='ltr'><strong>varia</strong></span> <span class='ocrx_word' id='word_1_164' title='bbox 1072 2202 1298 2255; x_wconf 88' lang='lat' dir='ltr'><strong>deorum</strong></span> <span class='ocrx_word' id='word_1_165' title='bbox 1339 2198 1617 2269; x_wconf 72' lang='lat' dir='ltr'><strong>gentilium</strong></span> <span class='ocrx_word' id='word_1_166' title='bbox 1661 2199 1902 2261; x_wconf 89' lang='lat' dir='ltr'><strong>nomina,</strong></span> <span class='ocrx_word' id='word_1_167' title='bbox 1933 2213 2054 2267; x_wconf 69' lang='lat' dir='ltr'><strong>qua:</strong></span> 
     </span>
    </p>
   </div>
   <div class='ocr_carea' id='block_1_25' title="bbox 484 2289 2054 2365">
    <p class='ocr_par' dir='ltr' id='par_1_25' title="bbox 484 2289 2054 2365">
     <span class='ocr_line' id='line_1_25' title="bbox 484 2289 2054 2365; baseline -0.007 -12"><span class='ocrx_word' id='word_1_168' title='bbox 484 2312 610 2353; x_wconf 90' lang='lat' dir='ltr'><strong>cum</strong></span> <span class='ocrx_word' id='word_1_169' title='bbox 634 2296 750 2365; x_wconf 90' lang='lat' dir='ltr'><strong>ipsa</strong></span> <span class='ocrx_word' id='word_1_170' title='bbox 783 2292 1084 2349; x_wconf 81' lang='lat' dir='ltr'><strong>divinitatis</strong></span> <span class='ocrx_word' id='word_1_171' title='bbox 1111 2291 1413 2347; x_wconf 84' lang='lat' dir='ltr'><strong>substantia</strong></span> <span class='ocrx_word' id='word_1_172' title='bbox 1450 2305 1555 2343; x_wconf 90' lang='lat' dir='ltr'><strong>non</strong></span> <span class='ocrx_word' id='word_1_173' title='bbox 1586 2289 1935 2353; x_wconf 86' lang='lat' dir='ltr'><strong>conveniunt,</strong></span> <span class='ocrx_word' id='word_1_174' title='bbox 1969 2289 2054 2343; x_wconf 77' lang='lat' dir='ltr'><strong>di-</strong></span> 
     </span>
    </p>
   </div>
   <div class='ocr_carea' id='block_1_26' title="bbox 479 2379 2051 2461">
    <p class='ocr_par' dir='ltr' id='par_1_26' title="bbox 479 2379 2051 2461">
     <span class='ocr_line' id='line_1_26' title="bbox 479 2379 2051 2461; baseline -0.006 -19"><span class='ocrx_word' id='word_1_175' title='bbox 479 2386 773 2461; x_wconf 74' lang='lat' dir='ltr'><strong>iudicanda</strong></span> <span class='ocrx_word' id='word_1_176' title='bbox 820 2383 1093 2455; x_wconf 86' lang='lat' dir='ltr'><strong>proponit.</strong></span> <span class='ocrx_word' id='word_1_177' title='bbox 1128 2381 1337 2436; x_wconf 87' lang='lat' dir='ltr'><strong>Etenim</strong></span> <span class='ocrx_word' id='word_1_178' title='bbox 1376 2381 1518 2450; x_wconf 89' lang='lat' dir='ltr'><strong>quod</strong></span> <span class='ocrx_word' id='word_1_179' title='bbox 1569 2379 1838 2451; x_wconf 84' lang='lat' dir='ltr'><strong>ejusmodi</strong></span> <span class='ocrx_word' id='word_1_180' title='bbox 1890 2379 2051 2434; x_wconf 89' lang='lat' dir='ltr'><strong>rebus</strong></span> 
     </span>
    </p>
   </div>
   <div class='ocr_carea' id='block_1_27' title="bbox 484 2471 2052 2547">
    <p class='ocr_par' dir='ltr' id='par_1_27' title="bbox 484 2471 2052 2547">
     <span class='ocr_line' id='line_1_27' title="bbox 484 2471 2052 2547; baseline -0.007 -12"><span class='ocrx_word' id='word_1_181' title='bbox 484 2479 820 2542; x_wconf 87' lang='lat' dir='ltr'><strong>inanimatis,</strong></span> <span class='ocrx_word' id='word_1_182' title='bbox 850 2493 972 2547; x_wconf 70' lang='lat' dir='ltr'><strong>qua:</strong></span> <span class='ocrx_word' id='word_1_183' title='bbox 1015 2491 1114 2531; x_wconf 90' lang='lat' dir='ltr'><strong>nec</strong></span> <span class='ocrx_word' id='word_1_184' title='bbox 1153 2474 1377 2529; x_wconf 87' lang='lat' dir='ltr'><strong>honoris</strong></span> <span class='ocrx_word' id='word_1_185' title='bbox 1415 2486 1514 2527; x_wconf 88' lang='lat' dir='ltr'><strong>nec</strong></span> <span class='ocrx_word' id='word_1_186' title='bbox 1556 2471 1898 2526; x_wconf 69' lang='lat' dir='ltr'><strong>contumelia:</strong></span> <span class='ocrx_word' id='word_1_187' title='bbox 1927 2486 2052 2525; x_wconf 89' lang='lat' dir='ltr'><strong>scn-</strong></span> 
     </span>
    </p>
   </div>
   <div class='ocr_carea' id='block_1_28' title="bbox 482 2559 2051 2638">
    <p class='ocr_par' dir='ltr' id='par_1_28' title="bbox 482 2559 2051 2638">
     <span class='ocr_line' id='line_1_28' title="bbox 482 2559 2051 2638; baseline -0.01 -9"><span class='ocrx_word' id='word_1_188' title='bbox 482 2587 608 2629; x_wconf 88' lang='lat' dir='ltr'><strong>sum</strong></span> <span class='ocrx_word' id='word_1_189' title='bbox 665 2570 835 2626; x_wconf 89' lang='lat' dir='ltr'><strong>ullum</strong></span> <span class='ocrx_word' id='word_1_190' title='bbox 891 2568 1136 2638; x_wconf 88' lang='lat' dir='ltr'><strong>accipere</strong></span> <span class='ocrx_word' id='word_1_191' title='bbox 1181 2572 1429 2636; x_wconf 84' lang='lat' dir='ltr'><strong>possunt,</strong></span> <span class='ocrx_word' id='word_1_192' title='bbox 1461 2562 1633 2617; x_wconf 92' lang='lat' dir='ltr'><strong>nibilo</strong></span> <span class='ocrx_word' id='word_1_193' title='bbox 1659 2569 1840 2616; x_wconf 84' lang='lat' dir='ltr'><strong>tamen</strong></span> <span class='ocrx_word' id='word_1_194' title='bbox 1870 2559 2051 2614; x_wconf 90' lang='lat' dir='ltr'><strong>minus</strong></span> 
     </span>
    </p>
   </div>
   <div class='ocr_carea' id='block_1_29' title="bbox 481 2653 2051 2731">
    <p class='ocr_par' dir='ltr' id='par_1_29' title="bbox 481 2653 2051 2731">
     <span class='ocr_line' id='line_1_29' title="bbox 481 2653 2051 2731; baseline -0.01 -9"><span class='ocrx_word' id='word_1_195' title='bbox 481 2667 709 2723; x_wconf 84' lang='lat' dir='ltr'><strong>deorum</strong></span> <span class='ocrx_word' id='word_1_196' title='bbox 764 2662 982 2718; x_wconf 90' lang='lat' dir='ltr'><strong>nomina</strong></span> <span class='ocrx_word' id='word_1_197' title='bbox 1036 2657 1395 2731; x_wconf 86' lang='lat' dir='ltr'><strong>imposuerint</strong></span> <span class='ocrx_word' id='word_1_198' title='bbox 1445 2655 1671 2727; x_wconf 82' lang='lat' dir='ltr'><strong>gentiles</strong></span> <span class='ocrx_word' id='word_1_199' title='bbox 1703 2696 1719 2720; x_wconf 95' lang='lat'><strong>,</strong></span> <span class='ocrx_word' id='word_1_200' title='bbox 1771 2654 1875 2708; x_wconf 90' lang='lat' dir='ltr'><strong>hoc</strong></span> <span class='ocrx_word' id='word_1_201' title='bbox 1933 2653 2051 2723; x_wconf 88' lang='lat' dir='ltr'><strong>ipso</strong></span> 
     </span>
    </p>
   </div>
   <div class='ocr_carea' id='block_1_30' title="bbox 483 2748 2050 2823">
    <p class='ocr_par' dir='ltr' id='par_1_30' title="bbox 483 2748 2050 2823">
     <span class='ocr_line' id='line_1_30' title="bbox 483 2748 2050 2823; baseline -0.009 -6"><span class='ocrx_word' id='word_1_202' title='bbox 483 2775 702 2817; x_wconf 85' lang='lat' dir='ltr'><strong>summo</strong></span> <span class='ocrx_word' id='word_1_203' title='bbox 737 2755 959 2811; x_wconf 89' lang='lat' dir='ltr'><strong>Numiui</strong></span> <span class='ocrx_word' id='word_1_204' title='bbox 995 2754 1131 2809; x_wconf 84' lang='lat' dir='ltr'><strong>nihil</strong></span> <span class='ocrx_word' id='word_1_205' title='bbox 1160 2752 1456 2823; x_wconf 86' lang='lat' dir='ltr'><strong>quidquam</strong></span> <span class='ocrx_word' id='word_1_206' title='bbox 1488 2766 1589 2805; x_wconf 91' lang='lat' dir='ltr'><strong>suo</strong></span> <span class='ocrx_word' id='word_1_207' title='bbox 1612 2750 1743 2804; x_wconf 88' lang='lat' dir='ltr'><strong>vitio</strong></span> <span class='ocrx_word' id='word_1_208' title='bbox 1769 2748 2050 2812; x_wconf 87' lang='lat' dir='ltr'><strong>decedere,</strong></span> 
     </span>
    </p>
   </div>
   <div class='ocr_carea' id='block_1_31' title="bbox 481 2841 2051 2912">
    <p class='ocr_par' dir='ltr' id='par_1_31' title="bbox 481 2841 2051 2912">
     <span class='ocr_line' id='line_1_31' title="bbox 481 2841 2051 2912; baseline -0.01 -1"><span class='ocrx_word' id='word_1_209' title='bbox 481 2855 579 2911; x_wconf 89' lang='lat' dir='ltr'><strong>sed</strong></span> <span class='ocrx_word' id='word_1_210' title='bbox 612 2866 882 2909; x_wconf 86' lang='lat' dir='ltr'><strong>summam</strong></span> <span class='ocrx_word' id='word_1_211' title='bbox 922 2857 1104 2904; x_wconf 89' lang='lat' dir='ltr'><strong>tamen</strong></span> <span class='ocrx_word' id='word_1_212' title='bbox 1154 2844 1464 2900; x_wconf 88' lang='lat' dir='ltr'><strong>mortalium</strong></span> <span class='ocrx_word' id='word_1_213' title='bbox 1513 2841 1882 2912; x_wconf 86' lang='lat' dir='ltr'><strong>insipientiam</strong></span> <span class='ocrx_word' id='word_1_214' title='bbox 1929 2855 2051 2895; x_wconf 86' lang='lat' dir='ltr'><strong>eos-</strong></span> 
     </span>
    </p>
   </div>
   <div class='ocr_carea' id='block_1_32' title="bbox 481 2932 2051 3008">
    <p class='ocr_par' dir='ltr' id='par_1_32' title="bbox 481 2932 2051 3008">
     <span class='ocr_line' id='line_1_32' title="bbox 481 2932 2051 3008; baseline -0.013 -4"><span class='ocrx_word' id='word_1_215' title='bbox 481 2950 604 3004; x_wconf 88' lang='lat' dir='ltr'><strong>dem</strong></span> <span class='ocrx_word' id='word_1_216' title='bbox 638 2946 740 3000; x_wconf 89' lang='lat' dir='ltr'><strong>hac</strong></span> <span class='ocrx_word' id='word_1_217' title='bbox 778 2942 988 2997; x_wconf 86' lang='lat' dir='ltr'><strong>ratione</strong></span> <span class='ocrx_word' id='word_1_218' title='bbox 1021 2939 1247 3008; x_wconf 81' lang='lat' dir='ltr'><strong>prodere</strong></span> <span class='ocrx_word' id='word_1_219' title='bbox 1274 2937 1346 2991; x_wconf 92' lang='lat' dir='ltr'><strong>ita</strong></span> <span class='ocrx_word' id='word_1_220' title='bbox 1375 2943 1622 2989; x_wconf 86' lang='lat' dir='ltr'><strong>autumat</strong></span> <span class='ocrx_word' id='word_1_221' title='bbox 1653 2932 1921 2988; x_wconf 82' lang='lat' dir='ltr'><strong>Macarius</strong></span> <span class='ocrx_word' id='word_1_222' title='bbox 1954 2947 2051 2985; x_wconf 90' lang='lat' dir='ltr'><strong>no-</strong></span> 
     </span>
    </p>
   </div>
   <div class='ocr_carea' id='block_1_33' title="bbox 480 3012 2047 3104">
    <p class='ocr_par' dir='ltr' id='par_1_33' title="bbox 480 3012 2047 3104">
     <span class='ocr_line' id='line_1_33' title="bbox 480 3012 2047 3104; baseline -0.011 -10"><span class='ocrx_word' id='word_1_223' title='bbox 480 3012 638 3095; x_wconf 42' lang='lat' dir='ltr'><strong>ster.:</strong></span> <span class='ocrx_word' id='word_1_224' title='bbox 670 3038 732 3090; x_wconf 82' lang='lat' dir='ltr'><strong>El</strong></span> <span class='ocrx_word' id='word_1_225' title='bbox 761 3035 818 3089; x_wconf 82' lang='grc' dir='ltr'><strong>δὲ</strong></span> <span class='ocrx_word' id='word_1_226' title='bbox 846 3033 1086 3104; x_wconf 85' lang='grc' dir='ltr'>ὀνόματα</span> <span class='ocrx_word' id='word_1_227' title='bbox 1122 3026 1256 3084; x_wconf 80' lang='grc' dir='ltr'>θεῶν</span> <span class='ocrx_word' id='word_1_228' title='bbox 1293 3027 1475 3099; x_wconf 83' lang='grc' dir='ltr'>ἔχουσι</span> <span class='ocrx_word' id='word_1_229' title='bbox 1513 3027 1608 3079; x_wconf 78' lang='grc' dir='ltr'><strong>καὶ</strong></span> <span class='ocrx_word' id='word_1_230' title='bbox 1654 3024 1958 3095; x_wconf 78' lang='grc' dir='ltr'>ἐπίκλησιν,</span> <span class='ocrx_word' id='word_1_231' title='bbox 1986 3022 2047 3077; x_wconf 83' lang='grc' dir='ltr'><strong>οὐ</strong></span> 
     </span>
    </p>
   </div>
   <div class='ocr_carea' id='block_1_34' title="bbox 477 3113 2047 3202">
    <p class='ocr_par' dir='ltr' id='par_1_34' title="bbox 477 3113 2047 3202">
     <span class='ocr_line' id='line_1_34' title="bbox 477 3113 2047 3202; baseline -0.012 -17"><span class='ocrx_word' id='word_1_232' title='bbox 477 3129 827 3202; x_wconf 80' lang='grc' dir='ltr'><strong>λυμαίνονται</strong></span> <span class='ocrx_word' id='word_1_233' title='bbox 868 3126 930 3179; x_wconf 77' lang='grc' dir='ltr'><strong>τὸ</strong></span> <span class='ocrx_word' id='word_1_234' title='bbox 962 3125 1135 3188; x_wconf 83' lang='grc' dir='ltr'>Θεῖον,</span> <span class='ocrx_word' id='word_1_235' title='bbox 1161 3124 1236 3185; x_wconf 86' lang='grc' dir='ltr'>ὡς</span> <span class='ocrx_word' id='word_1_236' title='bbox 1262 3121 1383 3174; x_wconf 82' lang='grc' dir='ltr'>οὐδὲ</span> <span class='ocrx_word' id='word_1_237' title='bbox 1413 3119 1571 3181; x_wconf 81' lang='grc' dir='ltr'>κύνες</span> <span class='ocrx_word' id='word_1_238' title='bbox 1602 3115 1900 3189; x_wconf 83' lang='grc' dir='ltr'>ἀνθρώπων</span> <span class='ocrx_word' id='word_1_239' title='bbox 1931 3113 2047 3167; x_wconf 86' lang='grc' dir='ltr'><strong>ὀνό-</strong></span> 
     </span>
    </p>
   </div>
   <div class='ocr_carea' id='block_1_35' title="bbox 480 3204 2048 3295">
    <p class='ocr_par' dir='ltr' id='par_1_35' title="bbox 480 3204 2048 3295">
     <span class='ocr_line' id='line_1_35' title="bbox 480 3204 2048 3295; baseline -0.012 -19"><span class='ocrx_word' id='word_1_240' title='bbox 480 3239 615 3295; x_wconf 87' lang='grc' dir='ltr'>μασι</span> <span class='ocrx_word' id='word_1_241' title='bbox 661 3218 975 3290; x_wconf 81' lang='grc' dir='ltr'>τιμώμενοι.</span> <span class='ocrx_word' id='word_1_242' title='bbox 1008 3213 1196 3266; x_wconf 78' lang='grc' dir='ltr'>Πολλοὶ</span> <span class='ocrx_word' id='word_1_243' title='bbox 1242 3210 1371 3279; x_wconf 79' lang='grc' dir='ltr'>γοῦν</span> <span class='ocrx_word' id='word_1_244' title='bbox 1416 3208 1474 3275; x_wconf 73' lang='grc' dir='ltr'>ἐξ</span> <span class='ocrx_word' id='word_1_245' title='bbox 1514 3207 1796 3279; x_wconf 74' lang='grc' dir='ltr'><strong>εὐχερείας</strong></span> <span class='ocrx_word' id='word_1_246' title='bbox 1836 3205 1902 3259; x_wconf 75' lang='grc' dir='ltr'>τὰ</span> <span class='ocrx_word' id='word_1_247' title='bbox 1931 3204 2048 3258; x_wconf 83' lang='grc' dir='ltr'>Θεία</span> 
     </span>
    </p>
   </div>
   <div class='ocr_carea' id='block_1_36' title="bbox 474 3296 2047 3382">
    <p class='ocr_par' dir='ltr' id='par_1_36' title="bbox 474 3296 2047 3382">
     <span class='ocr_line' id='line_1_36' title="bbox 474 3296 2047 3382; baseline -0.013 -13"><span class='ocrx_word' id='word_1_248' title='bbox 474 3315 589 3377; x_wconf 77' lang='grc' dir='ltr'>τοῖς</span> <span class='ocrx_word' id='word_1_249' title='bbox 634 3308 879 3382; x_wconf 73' lang='grc' dir='ltr'>βεϐήλοις</span> <span class='ocrx_word' id='word_1_250' title='bbox 912 3304 1184 3374; x_wconf 72' lang='grc' dir='ltr'>ἐπέθηκαν</span> <span class='ocrx_word' id='word_1_251' title='bbox 1216 3299 1474 3370; x_wconf 83' lang='grc' dir='ltr'>ὀνόματα,</span> <span class='ocrx_word' id='word_1_252' title='bbox 1511 3297 1661 3351; x_wconf 76' lang='grc' dir='ltr'>οὐδὲν</span> <span class='ocrx_word' id='word_1_253' title='bbox 1690 3299 1747 3350; x_wconf 79' lang='grc' dir='ltr'>ἐν</span> <span class='ocrx_word' id='word_1_254' title='bbox 1776 3296 1948 3366; x_wconf 84' lang='grc' dir='ltr'>τούτῳ</span> <span class='ocrx_word' id='word_1_255' title='bbox 1979 3297 2047 3349; x_wconf 82' lang='grc' dir='ltr'>τὰ</span> 
     </span>
    </p>
   </div>
   <div class='ocr_carea' id='block_1_37' title="bbox 477 3388 2047 3473">
    <p class='ocr_par' dir='ltr' id='par_1_37' title="bbox 477 3388 2047 3473">
     <span class='ocr_line' id='line_1_37' title="bbox 477 3388 2047 3473; baseline -0.017 -14"><span class='ocrx_word' id='word_1_256' title='bbox 477 3406 596 3460; x_wconf 83' lang='grc' dir='ltr'>θεῖα</span> <span class='ocrx_word' id='word_1_257' title='bbox 629 3402 987 3473; x_wconf 82' lang='grc' dir='ltr'>λυπήσαντες,</span> <span class='ocrx_word' id='word_1_258' title='bbox 1011 3394 1108 3467; x_wconf 81' lang='grc' dir='ltr'>τὴν</span> <span class='ocrx_word' id='word_1_259' title='bbox 1131 3394 1187 3448; x_wconf 83' lang='grc' dir='ltr'><strong>δὲ</strong></span> <span class='ocrx_word' id='word_1_260' title='bbox 1213 3391 1362 3462; x_wconf 80' lang='grc' dir='ltr'>σφῶν</span> <span class='ocrx_word' id='word_1_261' title='bbox 1390 3388 1697 3463; x_wconf 72' lang='grc' dir='ltr'>ἀφροσύνην</span> <span class='ocrx_word' id='word_1_262' title='bbox 1733 3388 1892 3459; x_wconf 84' lang='grc' dir='ltr'>μόνον</span> <span class='ocrx_word' id='word_1_263' title='bbox 1911 3389 2047 3457; x_wconf 60' lang='grc' dir='ltr'>ξφα-</span> 
     </span>
    </p>
   </div>
   <div class='ocr_carea' id='block_1_38' title="bbox 476 3479 2047 3570">
    <p class='ocr_par' dir='ltr' id='par_1_38' title="bbox 476 3479 2047 3570">
     <span class='ocr_line' id='line_1_38' title="bbox 476 3479 2047 3570; baseline -0.011 -18"><span class='ocrx_word' id='word_1_264' title='bbox 476 3499 738 3570; x_wconf 81' lang='grc' dir='ltr'>νέρωσαν.</span> <span class='ocrx_word' id='word_1_265' title='bbox 777 3495 838 3548; x_wconf 78' lang='lat' dir='ltr'><strong>Et</strong></span> <span class='ocrx_word' id='word_1_266' title='bbox 863 3490 971 3563; x_wconf 83' lang='grc' dir='ltr'><strong>γάρ</strong></span> <span class='ocrx_word' id='word_1_267' title='bbox 1003 3507 1087 3553; x_wconf 85' lang='grc' dir='ltr'><strong>τις</strong></span> <span class='ocrx_word' id='word_1_268' title='bbox 1119 3487 1238 3551; x_wconf 81' lang='grc' dir='ltr'>θεὸς</span> <span class='ocrx_word' id='word_1_269' title='bbox 1266 3486 1362 3557; x_wconf 77' lang='grc' dir='ltr'>μὲν</span> <span class='ocrx_word' id='word_1_270' title='bbox 1395 3483 1631 3551; x_wconf 71' lang='grc' dir='ltr'>λέγεται,</span> <span class='ocrx_word' id='word_1_271' title='bbox 1664 3480 1759 3535; x_wconf 78' lang='grc' dir='ltr'>καὶ</span> <span class='ocrx_word' id='word_1_272' title='bbox 1788 3479 1928 3535; x_wconf 79' lang='grc' dir='ltr'>θεῖον</span> <span class='ocrx_word' id='word_1_273' title='bbox 1958 3481 2047 3536; x_wconf 84' lang='grc' dir='ltr'>ού-</span> 
     </span>
    </p>
   </div>
   <div class='ocr_carea' id='block_1_39' title="bbox 475 3571 2043 3660">
    <p class='ocr_par' dir='ltr' id='par_1_39' title="bbox 475 3571 2043 3660">
     <span class='ocr_line' id='line_1_39' title="bbox 475 3571 2043 3660; baseline -0.012 -16"><span class='ocrx_word' id='word_1_274' title='bbox 475 3591 565 3644; x_wconf 84' lang='grc' dir='ltr'><strong>δὲν</strong></span> <span class='ocrx_word' id='word_1_275' title='bbox 598 3589 731 3660; x_wconf 72' lang='grc' dir='ltr'>ἔχει,</span> <span class='ocrx_word' id='word_1_276' title='bbox 758 3585 969 3658; x_wconf 75' lang='grc' dir='ltr'>ὑϐρίζει</span> <span class='ocrx_word' id='word_1_277' title='bbox 1011 3582 1110 3653; x_wconf 83' lang='grc' dir='ltr'>τὴν</span> <span class='ocrx_word' id='word_1_278' title='bbox 1144 3579 1333 3649; x_wconf 79' lang='grc' dir='ltr'><strong>κλῆσιν</strong></span> <span class='ocrx_word' id='word_1_279' title='bbox 1366 3575 1459 3630; x_wconf 76' lang='grc' dir='ltr'><strong>καὶ</strong></span> <span class='ocrx_word' id='word_1_280' title='bbox 1489 3572 1761 3628; x_wconf 73' lang='grc' dir='ltr'>διαϐάλλει</span> <span class='ocrx_word' id='word_1_281' title='bbox 1789 3571 2043 3644; x_wconf 71' lang='grc' dir='ltr'>τοῦνομα,</span> 
     </span>
    </p>
   </div>
   <div class='ocr_carea' id='block_1_40' title="bbox 475 3660 2045 3750">
    <p class='ocr_par' dir='ltr' id='par_1_40' title="bbox 475 3660 2045 3750">
     <span class='ocr_line' id='line_1_40' title="bbox 475 3660 2045 3750; baseline -0.011 -15"><span class='ocrx_word' id='word_1_282' title='bbox 475 3678 848 3750; x_wconf 82' lang='grc' dir='ltr'>ἀπαραίτητον</span> <span class='ocrx_word' id='word_1_283' title='bbox 896 3671 1146 3742; x_wconf 81' lang='grc' dir='ltr'>ἔγκλημα</span> <span class='ocrx_word' id='word_1_284' title='bbox 1192 3670 1370 3739; x_wconf 72' lang='grc' dir='ltr'><strong>φέρων</strong></span> <span class='ocrx_word' id='word_1_285' title='bbox 1414 3664 1506 3719; x_wconf 79' lang='grc' dir='ltr'>καὶ</span> <span class='ocrx_word' id='word_1_286' title='bbox 1557 3663 1899 3736; x_wconf 74' lang='grc' dir='ltr'><strong>ἀδιόρθωτον.</strong></span> <span class='ocrx_word' id='word_1_287' title='bbox 1950 3660 2045 3736; x_wconf 63' lang='grc' dir='ltr'><strong>’Μὴ</strong></span> 
     </span>
    </p>
   </div>
   <div class='ocr_carea' id='block_1_41' title="bbox 474 3754 2048 3842">
    <p class='ocr_par' dir='ltr' id='par_1_41' title="bbox 474 3754 2048 3842">
     <span class='ocr_line' id='line_1_41' title="bbox 474 3754 2048 3842; baseline -0.013 -16"><span class='ocrx_word' id='word_1_288' title='bbox 474 3768 567 3827; x_wconf 80' lang='grc' dir='ltr'>οὖν</span> <span class='ocrx_word' id='word_1_289' title='bbox 593 3769 820 3842; x_wconf 77' lang='grc' dir='ltr'>νομίσῃς</span> <span class='ocrx_word' id='word_1_290' title='bbox 852 3768 909 3819; x_wconf 81' lang='grc' dir='ltr'><strong>ὲν</strong></span> <span class='ocrx_word' id='word_1_291' title='bbox 946 3763 1119 3835; x_wconf 86' lang='grc' dir='ltr'>τούτῳ</span> <span class='ocrx_word' id='word_1_292' title='bbox 1166 3760 1256 3815; x_wconf 78' lang='grc' dir='ltr'>τὸν</span> <span class='ocrx_word' id='word_1_293' title='bbox 1301 3758 1714 3829; x_wconf 86' lang='grc' dir='ltr'>παντοκράτορα</span> <span class='ocrx_word' id='word_1_294' title='bbox 1737 3754 1871 3809; x_wconf 79' lang='grc' dir='ltr'>Θεὸν</span> <span class='ocrx_word' id='word_1_295' title='bbox 1895 3755 2048 3809; x_wconf 82' lang='grc' dir='ltr'>ἀνιᾶ-</span> 
     </span>
    </p>
   </div>
   <div class='ocr_carea' id='block_1_42' title="bbox 475 3843 2047 3930">
    <p class='ocr_par' dir='ltr' id='par_1_42' title="bbox 475 3843 2047 3930">
     <span class='ocr_line' id='line_1_42' title="bbox 475 3843 2047 3930; baseline -0.016 -10"><span class='ocrx_word' id='word_1_296' title='bbox 475 3865 603 3921; x_wconf 82' lang='grc' dir='ltr'>σϐαι</span> <span class='ocrx_word' id='word_1_297' title='bbox 642 3863 736 3917; x_wconf 77' lang='grc' dir='ltr'>καὶ</span> <span class='ocrx_word' id='word_1_298' title='bbox 770 3860 1072 3930; x_wconf 76' lang='grc' dir='ltr'><strong>δυσφορεῖν,</strong></span> <span class='ocrx_word' id='word_1_299' title='bbox 1097 3853 1200 3908; x_wconf 79' lang='grc' dir='ltr'><strong>κᾶν</strong></span> <span class='ocrx_word' id='word_1_300' title='bbox 1246 3851 1435 3922; x_wconf 76' lang='grc' dir='ltr'>μέχρις</span> <span class='ocrx_word' id='word_1_301' title='bbox 1480 3846 1724 3920; x_wconf 71' lang='grc' dir='ltr'>ἑρπετῶν</span> <span class='ocrx_word' id='word_1_302' title='bbox 1768 3845 1912 3908; x_wconf 79' lang='grc' dir='ltr'>τινὲς</span> <span class='ocrx_word' id='word_1_303' title='bbox 1937 3843 2047 3897; x_wconf 80' lang='grc' dir='ltr'>τῶν</span> 
     </span>
    </p>
   </div>
   <div class='ocr_carea' id='block_1_43' title="bbox 473 3939 2044 4030">
    <p class='ocr_par' dir='ltr' id='par_1_43' title="bbox 473 3939 2044 4030">
     <span class='ocr_line' id='line_1_43' title="bbox 473 3939 2044 4030; baseline -0.015 -18"><span class='ocrx_word' id='word_1_304' title='bbox 473 3957 725 4030; x_wconf 77' lang='grc' dir='ltr'>ἀφρόνων</span> <span class='ocrx_word' id='word_1_305' title='bbox 748 3952 810 4005; x_wconf 83' lang='grc' dir='ltr'><strong>τὸ</strong></span> <span class='ocrx_word' id='word_1_306' title='bbox 835 3951 975 4005; x_wconf 81' lang='grc' dir='ltr'>Θείον</span> <span class='ocrx_word' id='word_1_307' title='bbox 999 3947 1304 4017; x_wconf 79' lang='grc' dir='ltr'>κατέσυραν</span> <span class='ocrx_word' id='word_1_308' title='bbox 1358 3944 1528 4013; x_wconf 70' lang='grc' dir='ltr'>ὄνομα</span> <span class='ocrx_word' id='word_1_309' title='bbox 1547 3957 1563 3973; x_wconf 69' lang='grc' dir='ltr'><strong>θ</strong></span> <span class='ocrx_word' id='word_1_310' title='bbox 1595 3941 1749 3993; x_wconf 76' lang='grc' dir='ltr'>αὐτοὶ</span> <span class='ocrx_word' id='word_1_311' title='bbox 1778 3939 1887 4011; x_wconf 81' lang='grc' dir='ltr'><strong>γὰρ</strong></span> <span class='ocrx_word' id='word_1_312' title='bbox 1916 3940 2044 3991; x_wconf 76' lang='grc' dir='ltr'><strong>ἑαυ-</strong></span> 
     </span>
    </p>
   </div>
   <div class='ocr_carea' id='block_1_44' title="bbox 356 4030 2044 4112">
    <p class='ocr_par' dir='ltr' id='par_1_44' title="bbox 356 4030 2044 4112">
     <span class='ocr_line' id='line_1_44' title="bbox 356 4030 2044 4112; baseline -0.014 -6"><span class='ocrx_word' id='word_1_313' title='bbox 356 4053 378 4078; x_wconf 89' lang='grc'><strong><em>⁹</em></strong></span> <span class='ocrx_word' id='word_1_314' title='bbox 472 4050 600 4112; x_wconf 79' lang='grc' dir='ltr'>τοὺς</span> <span class='ocrx_word' id='word_1_315' title='bbox 643 4044 842 4108; x_wconf 79' lang='grc' dir='ltr'>ἱκανῶς</span> <span class='ocrx_word' id='word_1_316' title='bbox 874 4040 1204 4112; x_wconf 77' lang='grc' dir='ltr'>ἐζημίωσαν,</span> <span class='ocrx_word' id='word_1_317' title='bbox 1238 4037 1286 4088; x_wconf 90' lang='lat' dir='ltr'><strong>oi</strong></span> <span class='ocrx_word' id='word_1_318' title='bbox 1317 4034 1413 4106; x_wconf 86' lang='grc' dir='ltr'>τὴν</span> <span class='ocrx_word' id='word_1_319' title='bbox 1446 4033 1665 4104; x_wconf 81' lang='grc' dir='ltr'>πρώτην</span> <span class='ocrx_word' id='word_1_320' title='bbox 1708 4032 1801 4086; x_wconf 78' lang='grc' dir='ltr'>καὶ</span> <span class='ocrx_word' id='word_1_321' title='bbox 1845 4030 2044 4085; x_wconf 80' lang='grc' dir='ltr'>ἀνώλε-</span> 
     </span>
    </p>
   </div>
   <div class='ocr_carea' id='block_1_45' title="bbox 475 4122 2045 4212">
    <p class='ocr_par' dir='ltr' id='par_1_45' title="bbox 475 4122 2045 4212">
     <span class='ocr_line' id='line_1_45' title="bbox 475 4122 2045 4212; baseline -0.013 -19"><span class='ocrx_word' id='word_1_322' title='bbox 475 4139 604 4212; x_wconf 83' lang='grc' dir='ltr'>Θρον</span> <span class='ocrx_word' id='word_1_323' title='bbox 650 4136 836 4190; x_wconf 82' lang='grc' dir='ltr'>οὐσίαν</span> <span class='ocrx_word' id='word_1_324' title='bbox 885 4133 980 4187; x_wconf 75' lang='grc' dir='ltr'><strong>καὶ</strong></span> <span class='ocrx_word' id='word_1_325' title='bbox 1017 4131 1289 4200; x_wconf 81' lang='grc' dir='ltr'>ἀκήρατον</span> <span class='ocrx_word' id='word_1_326' title='bbox 1330 4124 1477 4188; x_wconf 71' lang='grc' dir='ltr'>ὕλαις</span> <span class='ocrx_word' id='word_1_327' title='bbox 1503 4124 1716 4193; x_wconf 81' lang='grc' dir='ltr'>ἀτίμοις</span> <span class='ocrx_word' id='word_1_328' title='bbox 1746 4122 2045 4194; x_wconf 78' lang='grc' dir='ltr'>ἐπάραντες</span> 
     </span>
    </p>
   </div>
   <div class='ocr_carea' id='block_1_46' title="bbox 473 4216 2046 4300">
    <p class='ocr_par' dir='ltr' id='par_1_46' title="bbox 473 4216 2046 4300">
     <span class='ocr_line' id='line_1_46' title="bbox 473 4216 2046 4300; baseline -0.013 -15"><span class='ocrx_word' id='word_1_329' title='bbox 473 4231 661 4300; x_wconf 75' lang='grc' dir='ltr'>ὖνομα.</span> <span class='ocrx_word' id='word_1_330' title='bbox 692 4229 844 4293; x_wconf 84' lang='lat' dir='ltr'><strong>Quod</strong></span> <span class='ocrx_word' id='word_1_331' title='bbox 882 4226 930 4279; x_wconf 87' lang='lat' dir='ltr'><strong>si</strong></span> <span class='ocrx_word' id='word_1_332' title='bbox 970 4223 1187 4277; x_wconf 85' lang='lat' dir='ltr'><strong>deorum</strong></span> <span class='ocrx_word' id='word_1_333' title='bbox 1214 4218 1426 4273; x_wconf 88' lang='lat' dir='ltr'><strong>nomina</strong></span> <span class='ocrx_word' id='word_1_334' title='bbox 1454 4216 1643 4270; x_wconf 81' lang='lat' dir='ltr'><strong>habent</strong></span> <span class='ocrx_word' id='word_1_335' title='bbox 1666 4225 1716 4269; x_wconf 89' lang='lat' dir='ltr'><strong>et</strong></span> <span class='ocrx_word' id='word_1_336' title='bbox 1744 4230 2046 4285; x_wconf 82' lang='lat' dir='ltr'><strong>cognomen-</strong></span> 
     </span>
    </p>
   </div>
   <div class='ocr_carea' id='block_1_47' title="bbox 474 4306 2045 4387">
    <p class='ocr_par' dir='ltr' id='par_1_47' title="bbox 474 4306 2045 4387">
     <span class='ocr_line' id='line_1_47' title="bbox 474 4306 2045 4387; baseline -0.013 -9"><span class='ocrx_word' id='word_1_337' title='bbox 474 4336 606 4387; x_wconf 89' lang='lat' dir='ltr'><strong>tum,</strong></span> <span class='ocrx_word' id='word_1_338' title='bbox 634 4337 737 4375; x_wconf 88' lang='lat' dir='ltr'><strong>non</strong></span> <span class='ocrx_word' id='word_1_339' title='bbox 767 4319 968 4373; x_wconf 85' lang='lat' dir='ltr'><strong>idcirco</strong></span> <span class='ocrx_word' id='word_1_340' title='bbox 1004 4314 1259 4383; x_wconf 86' lang='lat' dir='ltr'><strong>injuriam</strong></span> <span class='ocrx_word' id='word_1_341' title='bbox 1284 4309 1336 4365; x_wconf 88' lang='grc' dir='ltr'><strong><em>Ν</em></strong></span> <span class='ocrx_word' id='word_1_342' title='bbox 1341 4309 1507 4365; x_wconf 87' lang='lat' dir='ltr'><strong>umiui</strong></span> <span class='ocrx_word' id='word_1_343' title='bbox 1537 4308 1761 4376; x_wconf 78' lang='lat' dir='ltr'><strong>faciunt,</strong></span> <span class='ocrx_word' id='word_1_344' title='bbox 1790 4306 2045 4377; x_wconf 66' lang='lat' dir='ltr'><strong>quemad~</strong></span> 
     </span>
    </p>
   </div>
   <div class='ocr_carea' id='block_1_48' title="bbox 446 4396 2116 4471">
    <p class='ocr_par' dir='ltr' id='par_1_48' title="bbox 446 4396 2116 4471">
     <span class='ocr_line' id='line_1_48' title="bbox 446 4396 2116 4471; baseline -0.014 1"><span class='ocrx_word' id='word_1_345' title='bbox 446 4450 449 4453; x_wconf 97' lang='lat'><strong><em>-</em></strong></span> <span class='ocrx_word' id='word_1_346' title='bbox 474 4416 688 4471; x_wconf 79' lang='lat' dir='ltr'><strong>modum</strong></span> <span class='ocrx_word' id='word_1_347' title='bbox 713 4428 804 4468; x_wconf 89' lang='lat' dir='ltr'><strong>nec</strong></span> <span class='ocrx_word' id='word_1_348' title='bbox 837 4425 989 4464; x_wconf 87' lang='lat' dir='ltr'><strong>canes</strong></span> <span class='ocrx_word' id='word_1_349' title='bbox 1010 4406 1280 4461; x_wconf 81' lang='lat' dir='ltr'><strong>hominum</strong></span> <span class='ocrx_word' id='word_1_350' title='bbox 1310 4400 1605 4457; x_wconf 77' lang='lat' dir='ltr'><strong>nominibus</strong></span> <span class='ocrx_word' id='word_1_351' title='bbox 1630 4400 1825 4453; x_wconf 90' lang='lat' dir='ltr'><strong>ornati.</strong></span> <span class='ocrx_word' id='word_1_352' title='bbox 1852 4397 2041 4469; x_wconf 83' lang='lat' dir='ltr'><strong>Itaque</strong></span> <span class='ocrx_word' id='word_1_353' title='bbox 2075 4396 2116 4449; x_wconf 83' lang='grc' dir='ltr'><strong>ι)</strong></span> 
     </span>
    </p>
   </div>
   <div class='ocr_carea' id='block_1_49' title="bbox 474 4491 2039 4563">
    <p class='ocr_par' dir='ltr' id='par_1_49' title="bbox 474 4491 2039 4563">
     <span class='ocr_line' id='line_1_49' title="bbox 474 4491 2039 4563; baseline -0.014 1"><span class='ocrx_word' id='word_1_354' title='bbox 474 4509 629 4563; x_wconf 85' lang='lat' dir='ltr'><strong>multi</strong></span> <span class='ocrx_word' id='word_1_355' title='bbox 673 4504 917 4560; x_wconf 82' lang='lat' dir='ltr'><strong>licentius</strong></span> <span class='ocrx_word' id='word_1_356' title='bbox 961 4500 1138 4553; x_wconf 86' lang='lat' dir='ltr'><strong>divina</strong></span> <span class='ocrx_word' id='word_1_357' title='bbox 1172 4497 1386 4551; x_wconf 88' lang='lat' dir='ltr'><strong>nomina</strong></span> <span class='ocrx_word' id='word_1_358' title='bbox 1417 4492 1656 4563; x_wconf 82' lang='lat' dir='ltr'><strong>profanis</strong></span> <span class='ocrx_word' id='word_1_359' title='bbox 1689 4491 1839 4545; x_wconf 87' lang='lat' dir='ltr'><strong>rebus</strong></span> <span class='ocrx_word' id='word_1_360' title='bbox 1870 4492 2039 4559; x_wconf 88' lang='lat' dir='ltr'><strong>impo-</strong></span> 
     </span>
    </p>
   </div>
   <div class='ocr_carea' id='block_1_50' title="bbox 472 4583 2036 4665">
    <p class='ocr_par' dir='ltr' id='par_1_50' title="bbox 472 4583 2036 4665">
     <span class='ocr_line' id='line_1_50' title="bbox 472 4583 2036 4665; baseline -0.013 -10"><span class='ocrx_word' id='word_1_361' title='bbox 472 4606 712 4661; x_wconf 81' lang='lat' dir='ltr'><strong>suerunt,</strong></span> <span class='ocrx_word' id='word_1_362' title='bbox 740 4610 900 4665; x_wconf 82' lang='lat' dir='ltr'><strong>neque</strong></span> <span class='ocrx_word' id='word_1_363' title='bbox 927 4594 980 4646; x_wconf 89' lang='lat' dir='ltr'><strong>in</strong></span> <span class='ocrx_word' id='word_1_364' title='bbox 1012 4607 1071 4644; x_wconf 90' lang='lat' dir='ltr'><strong>eo</strong></span> <span class='ocrx_word' id='word_1_365' title='bbox 1103 4588 1311 4642; x_wconf 84' lang='lat' dir='ltr'><strong>Numen</strong></span> <span class='ocrx_word' id='word_1_366' title='bbox 1339 4587 1742 4651; x_wconf 80' lang='lat' dir='ltr'><strong>contristarunt,</strong></span> <span class='ocrx_word' id='word_1_367' title='bbox 1765 4583 1854 4637; x_wconf 83' lang='lat' dir='ltr'><strong>sed</strong></span> <span class='ocrx_word' id='word_1_368' title='bbox 1886 4599 2036 4635; x_wconf 85' lang='lat' dir='ltr'><strong>suam</strong></span> 
     </span>
    </p>
   </div>
   <div class='ocr_carea' id='block_1_51' title="bbox 472 4674 2037 4755">
    <p class='ocr_par' dir='ltr' id='par_1_51' title="bbox 472 4674 2037 4755">
     <span class='ocr_line' id='line_1_51' title="bbox 472 4674 2037 4755; baseline -0.013 -8"><span class='ocrx_word' id='word_1_369' title='bbox 472 4693 735 4747; x_wconf 69' lang='lat' dir='ltr'><strong>duntaxat</strong></span> <span class='ocrx_word' id='word_1_370' title='bbox 802 4684 1160 4755; x_wconf 83' lang='lat' dir='ltr'><strong>insipientiam</strong></span> <span class='ocrx_word' id='word_1_371' title='bbox 1209 4681 1571 4752; x_wconf 83' lang='lat' dir='ltr'><strong>prodiderunt.</strong></span> <span class='ocrx_word' id='word_1_372' title='bbox 1637 4674 1779 4729; x_wconf 90' lang='lat' dir='ltr'><strong>Nam</strong></span> <span class='ocrx_word' id='word_1_373' title='bbox 1826 4676 1874 4728; x_wconf 93' lang='lat' dir='ltr'><strong>si</strong></span> <span class='ocrx_word' id='word_1_374' title='bbox 1919 4676 2037 4745; x_wconf 85' lang='lat' dir='ltr'><strong>quis</strong></span> 
     </span>
    </p>
   </div>
   <div class='ocr_carea' id='block_1_52' title="bbox 472 4767 2038 4843">
    <p class='ocr_par' dir='ltr' id='par_1_52' title="bbox 472 4767 2038 4843">
     <span class='ocr_line' id='line_1_52' title="bbox 472 4767 2038 4843; baseline -0.013 -5"><span class='ocrx_word' id='word_1_375' title='bbox 472 4783 615 4837; x_wconf 86' lang='lat' dir='ltr'><strong>Deus</strong></span> <span class='ocrx_word' id='word_1_376' title='bbox 656 4780 873 4843; x_wconf 85' lang='lat' dir='ltr'><strong>dicitur,</strong></span> <span class='ocrx_word' id='word_1_377' title='bbox 905 4794 967 4830; x_wconf 82' lang='lat' dir='ltr'><strong>ac</strong></span> <span class='ocrx_word' id='word_1_378' title='bbox 991 4776 1223 4831; x_wconf 84' lang='lat' dir='ltr'><strong>divinum</strong></span> <span class='ocrx_word' id='word_1_379' title='bbox 1254 4772 1384 4827; x_wconf 80' lang='lat' dir='ltr'><strong>nihil</strong></span> <span class='ocrx_word' id='word_1_380' title='bbox 1431 4770 1605 4834; x_wconf 83' lang='lat' dir='ltr'><strong>habet,</strong></span> <span class='ocrx_word' id='word_1_381' title='bbox 1638 4767 2038 4839; x_wconf 73' lang='lat' dir='ltr'><strong>appellationem</strong></span> 
     </span>
    </p>
   </div>
   <div class='ocr_carea' id='block_1_53' title="bbox 470 4857 2039 4945">
    <p class='ocr_par' dir='ltr' id='par_1_53' title="bbox 470 4857 2039 4945">
     <span class='ocr_line' id='line_1_53' title="bbox 470 4857 2039 4945; baseline -0.011 -18"><span class='ocrx_word' id='word_1_382' title='bbox 470 4873 679 4945; x_wconf 85' lang='lat' dir='ltr'><strong>quidem</strong></span> <span class='ocrx_word' id='word_1_383' title='bbox 714 4868 912 4939; x_wconf 81' lang='lat' dir='ltr'><strong>injuria</strong></span> <span class='ocrx_word' id='word_1_384' title='bbox 940 4867 1120 4935; x_wconf 73' lang='lat' dir='ltr'><strong>afﬁcit,</strong></span> <span class='ocrx_word' id='word_1_385' title='bbox 1151 4880 1212 4917; x_wconf 89' lang='lat' dir='ltr'><strong>ac</strong></span> <span class='ocrx_word' id='word_1_386' title='bbox 1258 4877 1441 4916; x_wconf 84' lang='lat' dir='ltr'><strong>nomen</strong></span> <span class='ocrx_word' id='word_1_387' title='bbox 1472 4858 1850 4923; x_wconf 87' lang='lat' dir='ltr'><strong>calumniatur,</strong></span> <span class='ocrx_word' id='word_1_388' title='bbox 1890 4857 2039 4909; x_wconf 77' lang='lat' dir='ltr'><strong>inex-</strong></span> 
     </span>
    </p>
   </div>
   <div class='ocr_carea' id='block_1_54' title="bbox 472 4949 2038 5024">
    <p class='ocr_par' dir='ltr' id='par_1_54' title="bbox 472 4949 2038 5024">
     <span class='ocr_line' id='line_1_54' title="bbox 472 4949 2038 5024; baseline -0.011 -8"><span class='ocrx_word' id='word_1_389' title='bbox 472 4960 759 5016; x_wconf 78' lang='lat' dir='ltr'><strong>cusabilem</strong></span> <span class='ocrx_word' id='word_1_390' title='bbox 808 4965 857 5011; x_wconf 82' lang='lat' dir='ltr'><strong>et</strong></span> <span class='ocrx_word' id='word_1_391' title='bbox 911 4952 1305 5024; x_wconf 76' lang='lat' dir='ltr'><strong>irreparabilem</strong></span> <span class='ocrx_word' id='word_1_392' title='bbox 1360 4949 1571 5017; x_wconf 84' lang='lat' dir='ltr'><strong>culpam</strong></span> <span class='ocrx_word' id='word_1_393' title='bbox 1634 4950 1927 5010; x_wconf 86' lang='lat' dir='ltr'><strong>sustinens;</strong></span> <span class='ocrx_word' id='word_1_394' title='bbox 1986 4956 2038 4998; x_wconf 91' lang='lat' dir='ltr'><strong>at</strong></span> 
     </span>
    </p>
   </div>
   <div class='ocr_carea' id='block_1_55' title="bbox 471 5039 2039 5122">
    <p class='ocr_par' dir='ltr' id='par_1_55' title="bbox 471 5039 2039 5122">
     <span class='ocr_line' id='line_1_55' title="bbox 471 5039 2039 5122; baseline -0.012 -17"><span class='ocrx_word' id='word_1_395' title='bbox 471 5054 645 5122; x_wconf 81' lang='lat' dir='ltr'><strong>ipsum</strong></span> <span class='ocrx_word' id='word_1_396' title='bbox 668 5048 1071 5116; x_wconf 87' lang='lat' dir='ltr'><strong>omnipotentem</strong></span> <span class='ocrx_word' id='word_1_397' title='bbox 1111 5040 1276 5095; x_wconf 87' lang='lat' dir='ltr'><strong>Deum</strong></span> <span class='ocrx_word' id='word_1_398' title='bbox 1307 5057 1366 5094; x_wconf 90' lang='lat' dir='ltr'><strong>ea</strong></span> <span class='ocrx_word' id='word_1_399' title='bbox 1394 5056 1446 5092; x_wconf 87' lang='lat' dir='ltr'><strong>re</strong></span> <span class='ocrx_word' id='word_1_400' title='bbox 1471 5039 1799 5100; x_wconf 80' lang='lat' dir='ltr'><strong>contristari,</strong></span> <span class='ocrx_word' id='word_1_401' title='bbox 1834 5053 1895 5089; x_wconf 89' lang='lat' dir='ltr'><strong>ac</strong></span> <span class='ocrx_word' id='word_1_402' title='bbox 1931 5051 2039 5088; x_wconf 90' lang='lat' dir='ltr'><strong>mo-</strong></span> 
     </span>
    </p>
   </div>
   <div class='ocr_carea' id='block_1_56' title="bbox 414 5126 2036 5209">
    <p class='ocr_par' dir='ltr' id='par_1_56' title="bbox 414 5126 2036 5209">
     <span class='ocr_line' id='line_1_56' title="bbox 414 5126 2036 5209; baseline -0.012 -12"><span class='ocrx_word' id='word_1_403' title='bbox 414 5138 417 5141; x_wconf 71' lang='grc'><em>’</em></span> <span class='ocrx_word' id='word_1_404' title='bbox 469 5142 599 5197; x_wconf 86' lang='lat' dir='ltr'><strong>leste</strong></span> <span class='ocrx_word' id='word_1_405' title='bbox 624 5140 680 5193; x_wconf 83' lang='lat' dir='ltr'><strong>id</strong></span> <span class='ocrx_word' id='word_1_406' title='bbox 708 5139 844 5209; x_wconf 78' lang='lat' dir='ltr'><strong>ferre</strong></span> <span class='ocrx_word' id='word_1_407' title='bbox 874 5151 995 5190; x_wconf 82' lang='lat' dir='ltr'><strong>cave</strong></span> <span class='ocrx_word' id='word_1_408' title='bbox 1014 5134 1319 5194; x_wconf 72' lang='lat' dir='ltr'><strong>existimes;</strong></span> <span class='ocrx_word' id='word_1_409' title='bbox 1345 5131 1444 5183; x_wconf 84' lang='lat' dir='ltr'><strong>etsi</strong></span> <span class='ocrx_word' id='word_1_410' title='bbox 1478 5128 1547 5183; x_wconf 86' lang='lat' dir='ltr'><strong>ad</strong></span> <span class='ocrx_word' id='word_1_411' title='bbox 1572 5129 1686 5198; x_wconf 84' lang='lat' dir='ltr'><strong>ipsa</strong></span> <span class='ocrx_word' id='word_1_412' title='bbox 1713 5127 1921 5196; x_wconf 84' lang='lat' dir='ltr'><strong>reptilia</strong></span> <span class='ocrx_word' id='word_1_413' title='bbox 1943 5126 2036 5178; x_wconf 83' lang='lat' dir='ltr'><strong>de-</strong></span> 
     </span>
    </p>
   </div>
   <div class='ocr_carea' id='block_1_57' title="bbox 470 5218 2032 5304">
    <p class='ocr_par' dir='ltr' id='par_1_57' title="bbox 470 5218 2032 5304">
     <span class='ocr_line' id='line_1_57' title="bbox 470 5218 2032 5304; baseline -0.012 -16"><span class='ocrx_word' id='word_1_414' title='bbox 470 5247 707 5304; x_wconf 80' lang='lat' dir='ltr'><strong>pressum</strong></span> <span class='ocrx_word' id='word_1_415' title='bbox 736 5230 972 5283; x_wconf 79' lang='lat' dir='ltr'><strong>diuinum</strong></span> <span class='ocrx_word' id='word_1_416' title='bbox 1014 5242 1195 5280; x_wconf 87' lang='lat' dir='ltr'><strong>nomen</strong></span> <span class='ocrx_word' id='word_1_417' title='bbox 1244 5222 1477 5276; x_wconf 81' lang='lat' dir='ltr'><strong>vecordes</strong></span> <span class='ocrx_word' id='word_1_418' title='bbox 1511 5220 1727 5289; x_wconf 85' lang='lat' dir='ltr'><strong>quidam</strong></span> <span class='ocrx_word' id='word_1_419' title='bbox 1757 5218 2032 5270; x_wconf 77' lang='lat' dir='ltr'><strong>traxerint.</strong></span> 
     </span>
    </p>
   </div>
   <div class='ocr_carea' id='block_1_58' title="bbox 471 5396 2031 5479">
    <p class='ocr_par' dir='ltr' id='par_1_58' title="bbox 471 5396 2031 5479">
     <span class='ocr_line' id='line_1_58' title="bbox 471 5396 2031 5479; baseline -0.009 -14"><span class='ocrx_word' id='word_1_420' title='bbox 471 5408 892 5465; x_wconf 78' lang='lat' dir='ltr'><strong>Alexandrinum</strong></span> <span class='ocrx_word' id='word_1_421' title='bbox 936 5409 1029 5463; x_wconf 87' lang='lat' dir='ltr'><strong>lib.</strong></span> <span class='ocrx_word' id='word_1_422' title='bbox 1064 5422 1137 5462; x_wconf 88' lang='lat' dir='ltr'><strong>vn</strong></span> <span class='ocrx_word' id='word_1_423' title='bbox 1164 5414 1349 5479; x_wconf 75' lang='lat' dir='ltr'><strong>contra</strong></span> <span class='ocrx_word' id='word_1_424' title='bbox 1371 5401 1671 5479; x_wconf 49' lang='lat' dir='ltr'><strong>lulianum,</strong></span> <span class='ocrx_word' id='word_1_425' title='bbox 1708 5412 1872 5479; x_wconf 51' lang='lat' dir='ltr'><strong>p.”m.</strong></span> <span class='ocrx_word' id='word_1_426' title='bbox 1908 5396 2031 5451; x_wconf 71' lang='lat'><strong>258.</strong></span> 
     </span>
    </p>
   </div>
   <div class='ocr_carea' id='block_1_59' title="bbox 510 5471 1828 5549">
    <p class='ocr_par' dir='ltr' id='par_1_59' title="bbox 510 5471 1828 5549">
     <span class='ocr_line' id='line_1_59' title="bbox 510 5471 1828 5549; baseline -0.008 -16"><span class='ocrx_word' id='word_1_427' title='bbox 510 5502 515 5531; x_wconf 80' lang='grc' dir='ltr'><strong>τ</strong></span> <span class='ocrx_word' id='word_1_428' title='bbox 546 5479 821 5549; x_wconf 63' lang='grc' dir='ltr'><strong>(ωιοο.</strong></span> <span class='ocrx_word' id='word_1_429' title='bbox 856 5480 979 5540; x_wconf 81' lang='lat' dir='ltr'><strong>cit.,</strong></span> <span class='ocrx_word' id='word_1_430' title='bbox 1006 5495 1058 5549; x_wconf 94' lang='lat' dir='ltr'><strong>p.</strong></span> <span class='ocrx_word' id='word_1_431' title='bbox 1092 5494 1163 5532; x_wconf 92' lang='lat' dir='ltr'><strong>m.</strong></span> <span class='ocrx_word' id='word_1_432' title='bbox 1194 5473 1453 5549; x_wconf 70' lang='lat' dir='ltr'><strong>2i0edit.</strong></span> <span class='ocrx_word' id='word_1_433' title='bbox 1491 5471 1828 5549; x_wconf 71' lang='lat' dir='ltr'><strong>Spanhemii.</strong></span> 
     </span>
    </p>
   </div>
   <div class='ocr_carea' id='block_1_60' title="bbox 473 5490 2032 5683">
    <p class='ocr_par' dir='ltr' id='par_1_60' title="bbox 473 5490 2032 5683">
     <span class='ocr_line' id='line_1_60' title="bbox 510 5490 1828 5549; baseline -0.009 -15"><span class='ocrx_word' id='word_1_434' title='bbox 510 5502 515 5531; x_wconf 79' lang='grc' dir='ltr'>τ</span> <span class='ocrx_word' id='word_1_435' title='bbox 572 5490 821 5547; x_wconf 79' lang='lat' dir='ltr'><strong>tt).Loc.</strong></span> <span class='ocrx_word' id='word_1_436' title='bbox 856 5490 979 5540; x_wconf 82' lang='lat' dir='ltr'><strong>ctt.,</strong></span> <span class='ocrx_word' id='word_1_437' title='bbox 1006 5495 1058 5549; x_wconf 90' lang='lat' dir='ltr'><strong>p.</strong></span> <span class='ocrx_word' id='word_1_438' title='bbox 1092 5494 1163 5532; x_wconf 91' lang='lat' dir='ltr'><strong>m.</strong></span> <span class='ocrx_word' id='word_1_439' title='bbox 1194 5490 1299 5531; x_wconf 72' lang='lat' dir='ltr'><strong>2W</strong></span> <span class='ocrx_word' id='word_1_440' title='bbox 1324 5490 1453 5528; x_wconf 85' lang='lat' dir='ltr'><strong>emt.</strong></span> <span class='ocrx_word' id='word_1_441' title='bbox 1492 5490 1828 5549; x_wconf 67' lang='lat' dir='ltr'><strong>bpanuetnu.</strong></span> 
     </span>
     <span class='ocr_line' id='line_1_61' title="bbox 473 5490 2032 5683; baseline -0.01 -75"><span class='ocrx_word' id='word_1_442' title='bbox 473 5490 659 5683; x_wconf 43' lang='grc' dir='ltr'><strong>Ρ.</strong></span> <span class='ocrx_word' id='word_1_443' title='bbox 693 5549 850 5606; x_wconf 75' lang='lat' dir='ltr'><strong>Conf.</strong></span> <span class='ocrx_word' id='word_1_444' title='bbox 887 5549 1170 5606; x_wconf 78' lang='lat' dir='ltr'><strong>Eusebius.</strong></span> <span class='ocrx_word' id='word_1_445' title='bbox 1205 5547 1440 5615; x_wconf 77' lang='lat' dir='ltr'><strong>Prtepar.</strong></span> <span class='ocrx_word' id='word_1_446' title='bbox 1462 5558 1644 5612; x_wconf 80' lang='lat' dir='ltr'><strong>evang.</strong></span> <span class='ocrx_word' id='word_1_447' title='bbox 1677 5540 1771 5596; x_wconf 86' lang='lat' dir='ltr'><strong>lth.</strong></span> <span class='ocrx_word' id='word_1_448' title='bbox 1804 5554 1855 5608; x_wconf 92' lang='lat' dir='ltr'><strong>v,</strong></span> <span class='ocrx_word' id='word_1_449' title='bbox 1898 5553 1946 5595; x_wconf 90' lang='lat' dir='ltr'><strong>c.</strong></span> <span class='ocrx_word' id='word_1_450' title='bbox 1974 5537 2032 5601; x_wconf 76' lang='lat'><strong>’5,</strong></span> 
     </span>
    </p>
   </div>
   <div class='ocr_carea' id='block_1_61' title="bbox 2173 451 3731 530">
    <p class='ocr_par' dir='ltr' id='par_1_61' title="bbox 2173 451 3731 530">
     <span class='ocr_line' id='line_1_62' title="bbox 2173 451 3731 530; baseline 0.001 -17"><span class='ocrx_word' id='word_1_451' title='bbox 2173 461 2543 530; x_wconf 85' lang='lat' dir='ltr'><strong>mortalemque</strong></span> <span class='ocrx_word' id='word_1_452' title='bbox 2568 470 2617 513; x_wconf 89' lang='lat' dir='ltr'><strong>et</strong></span> <span class='ocrx_word' id='word_1_453' title='bbox 2638 461 2994 530; x_wconf 86' lang='lat' dir='ltr'><strong>incorruptam</strong></span> <span class='ocrx_word' id='word_1_454' title='bbox 3022 451 3393 515; x_wconf 44' lang='lat' dir='ltr'><strong>substantiam-</strong></span> <span class='ocrx_word' id='word_1_455' title='bbox 3411 460 3600 515; x_wconf 77' lang='lat' dir='ltr'><strong>vilibus</strong></span> <span class='ocrx_word' id='word_1_456' title='bbox 3625 479 3731 515; x_wconf 83' lang='lat' dir='ltr'><strong>ma-</strong></span> 
     </span>
    </p>
   </div>
   <div class='ocr_carea' id='block_1_62' title="bbox 2174 551 3732 622">
    <p class='ocr_par' dir='ltr' id='par_1_62' title="bbox 2174 551 3732 622">
     <span class='ocr_line' id='line_1_63' title="bbox 2174 551 3732 622; baseline 0.003 -17"><span class='ocrx_word' id='word_1_457' title='bbox 2174 553 2314 606; x_wconf 86' lang='lat' dir='ltr'><strong>teriis</strong></span> <span class='ocrx_word' id='word_1_458' title='bbox 2340 567 2521 605; x_wconf 85' lang='lat' dir='ltr'><strong>nomen</strong></span> <span class='ocrx_word' id='word_1_459' title='bbox 2550 552 2927 621; x_wconf 83' lang='lat' dir='ltr'><strong>imposuerunt.</strong></span> <span class='ocrx_word' id='word_1_460' title='bbox 2952 552 3089 605; x_wconf 83' lang='lat' dir='ltr'><strong>Cum</strong></span> <span class='ocrx_word' id='word_1_461' title='bbox 3118 566 3249 622; x_wconf 87' lang='lat' dir='ltr'><strong>ergo</strong></span> <span class='ocrx_word' id='word_1_462' title='bbox 3272 551 3544 609; x_wconf 65' lang='lat' dir='ltr'><strong>daemones</strong></span> <span class='ocrx_word' id='word_1_463' title='bbox 3570 555 3732 609; x_wconf 79' lang='lat' dir='ltr'><strong>modo</strong></span> 
     </span>
    </p>
   </div>
   <div class='ocr_carea' id='block_1_63' title="bbox 2171 646 3731 716">
    <p class='ocr_par' dir='ltr' id='par_1_63' title="bbox 2171 646 3731 716">
     <span class='ocr_line' id='line_1_64' title="bbox 2171 646 3731 716; baseline 0.001 -16"><span class='ocrx_word' id='word_1_464' title='bbox 2171 646 2438 700; x_wconf 85' lang='lat' dir='ltr'><strong>bonorum</strong></span> <span class='ocrx_word' id='word_1_465' title='bbox 2493 646 2773 714; x_wconf 76' lang='lat' dir='ltr'><strong>geniorum</strong></span> <span class='ocrx_word' id='word_1_466' title='bbox 2823 659 3111 716; x_wconf 89' lang='lat' dir='ltr'><strong>personam</strong></span> <span class='ocrx_word' id='word_1_467' title='bbox 3164 646 3456 716; x_wconf 87' lang='lat' dir='ltr'><strong>vultusque</strong></span> <span class='ocrx_word' id='word_1_468' title='bbox 3505 646 3731 702; x_wconf 78' lang='lat' dir='ltr'><strong>simula-</strong></span> 
     </span>
    </p>
   </div>
   <div class='ocr_carea' id='block_1_64' title="bbox 2168 737 3727 805">
    <p class='ocr_par' dir='ltr' id='par_1_64' title="bbox 2168 737 3727 805">
     <span class='ocr_line' id='line_1_65' title="bbox 2168 737 3727 805; baseline 0.001 -13"><span class='ocrx_word' id='word_1_469' title='bbox 2168 750 2308 805; x_wconf 89' lang='lat' dir='ltr'><strong>rent,</strong></span> <span class='ocrx_word' id='word_1_470' title='bbox 2334 739 2493 794; x_wconf 85' lang='lat' dir='ltr'><strong>modo</strong></span> <span class='ocrx_word' id='word_1_471' title='bbox 2521 737 2823 795; x_wconf 74' lang='lat' dir='ltr'><strong>cmlestium</strong></span> <span class='ocrx_word' id='word_1_472' title='bbox 2855 739 3016 794; x_wconf 86' lang='lat' dir='ltr'><strong>etiam</strong></span> <span class='ocrx_word' id='word_1_473' title='bbox 3058 738 3311 805; x_wconf 85' lang='lat' dir='ltr'><strong>deorum,</strong></span> <span class='ocrx_word' id='word_1_474' title='bbox 3353 747 3449 793; x_wconf 90' lang='lat' dir='ltr'><strong>aut</strong></span> <span class='ocrx_word' id='word_1_475' title='bbox 3502 740 3727 795; x_wconf 86' lang='lat' dir='ltr'><strong>heroum</strong></span> 
     </span>
    </p>
   </div>
   <div class='ocr_carea' id='block_1_65' title="bbox 2168 827 3726 899">
    <p class='ocr_par' dir='ltr' id='par_1_65' title="bbox 2168 827 3726 899">
     <span class='ocr_line' id='line_1_66' title="bbox 2168 827 3726 899; baseline -0.002 -15"><span class='ocrx_word' id='word_1_476' title='bbox 2168 830 2402 899; x_wconf 89' lang='lat' dir='ltr'><strong>speciem</strong></span> <span class='ocrx_word' id='word_1_477' title='bbox 2449 844 2515 884; x_wconf 89' lang='lat' dir='ltr'><strong>ac</strong></span> <span class='ocrx_word' id='word_1_478' title='bbox 2543 827 2773 883; x_wconf 80' lang='lat' dir='ltr'><strong>formam</strong></span> <span class='ocrx_word' id='word_1_479' title='bbox 2806 837 3083 884; x_wconf 89' lang='lat' dir='ltr'><strong>sumerent</strong></span> <span class='ocrx_word' id='word_1_480' title='bbox 3111 827 3255 899; x_wconf 75' lang='lat' dir='ltr'><strong>(l2);</strong></span> <span class='ocrx_word' id='word_1_481' title='bbox 3283 829 3478 899; x_wconf 88' lang='lat' dir='ltr'><strong>ecquid</strong></span> <span class='ocrx_word' id='word_1_482' title='bbox 3504 830 3726 893; x_wconf 83' lang='lat' dir='ltr'><strong>mirum,</strong></span> 
     </span>
    </p>
   </div>
   <div class='ocr_carea' id='block_1_66' title="bbox 2166 920 3725 992">
    <p class='ocr_par' dir='ltr' id='par_1_66' title="bbox 2166 920 3725 992">
     <span class='ocr_line' id='line_1_67' title="bbox 2166 920 3725 992; baseline 0.001 -16"><span class='ocrx_word' id='word_1_483' title='bbox 2166 920 2210 976; x_wconf 88' lang='lat' dir='ltr'><strong>si</strong></span> <span class='ocrx_word' id='word_1_484' title='bbox 2237 936 2426 976; x_wconf 89' lang='lat' dir='ltr'><strong>eorum</strong></span> <span class='ocrx_word' id='word_1_485' title='bbox 2458 935 2675 992; x_wconf 90' lang='lat' dir='ltr'><strong>quoque</strong></span> <span class='ocrx_word' id='word_1_486' title='bbox 2707 922 2923 977; x_wconf 87' lang='lat' dir='ltr'><strong>nomina</strong></span> <span class='ocrx_word' id='word_1_487' title='bbox 2953 922 3303 992; x_wconf 85' lang='lat' dir='ltr'><strong>sumpserint,</strong></span> <span class='ocrx_word' id='word_1_488' title='bbox 3342 922 3631 992; x_wconf 78' lang='lat' dir='ltr'><strong>ﬁctamque</strong></span> <span class='ocrx_word' id='word_1_489' title='bbox 3658 923 3725 977; x_wconf 85' lang='lat' dir='ltr'><strong>il-</strong></span> 
     </span>
    </p>
   </div>
   <div class='ocr_carea' id='block_1_67' title="bbox 2164 1010 3725 1083">
    <p class='ocr_par' dir='ltr' id='par_1_67' title="bbox 2164 1010 3725 1083">
     <span class='ocr_line' id='line_1_68' title="bbox 2164 1010 3725 1083; baseline 0.003 -19"><span class='ocrx_word' id='word_1_490' title='bbox 2164 1010 2272 1065; x_wconf 90' lang='lat' dir='ltr'><strong>lam</strong></span> <span class='ocrx_word' id='word_1_491' title='bbox 2303 1013 2586 1067; x_wconf 88' lang='lat' dir='ltr'><strong>numinum</strong></span> <span class='ocrx_word' id='word_1_492' title='bbox 2622 1012 2953 1068; x_wconf 88' lang='lat' dir='ltr'><strong>molitionem</strong></span> <span class='ocrx_word' id='word_1_493' title='bbox 2994 1014 3049 1067; x_wconf 93' lang='lat' dir='ltr'><strong>in</strong></span> <span class='ocrx_word' id='word_1_494' title='bbox 3081 1013 3265 1083; x_wconf 88' lang='lat' dir='ltr'><strong>plures</strong></span> <span class='ocrx_word' id='word_1_495' title='bbox 3297 1012 3498 1068; x_wconf 90' lang='lat' dir='ltr'><strong>classes</strong></span> <span class='ocrx_word' id='word_1_496' title='bbox 3525 1014 3725 1069; x_wconf 80' lang='lat' dir='ltr'><strong>divise-</strong></span> 
     </span>
    </p>
   </div>
   <div class='ocr_carea' id='block_1_68' title="bbox 2163 1100 3724 1172">
    <p class='ocr_par' dir='ltr' id='par_1_68' title="bbox 2163 1100 3724 1172">
     <span class='ocr_line' id='line_1_69' title="bbox 2163 1100 3724 1172; baseline 0 -17"><span class='ocrx_word' id='word_1_497' title='bbox 2163 1102 2309 1155; x_wconf 88' lang='lat' dir='ltr'><strong>rint?</strong></span> <span class='ocrx_word' id='word_1_498' title='bbox 2337 1100 2468 1168; x_wconf 75' lang='lat' dir='ltr'><strong>Qua:</strong></span> <span class='ocrx_word' id='word_1_499' title='bbox 2496 1111 2675 1157; x_wconf 90' lang='lat' dir='ltr'><strong>tamen</strong></span> <span class='ocrx_word' id='word_1_500' title='bbox 2705 1118 2915 1169; x_wconf 90' lang='lat' dir='ltr'><strong>omnes,</strong></span> <span class='ocrx_word' id='word_1_501' title='bbox 2943 1118 3067 1157; x_wconf 91' lang='lat' dir='ltr'><strong>cum</strong></span> <span class='ocrx_word' id='word_1_502' title='bbox 3098 1101 3233 1155; x_wconf 88' lang='lat' dir='ltr'><strong>nihil</strong></span> <span class='ocrx_word' id='word_1_503' title='bbox 3279 1101 3572 1171; x_wconf 89' lang='lat' dir='ltr'><strong>quidquam</strong></span> <span class='ocrx_word' id='word_1_504' title='bbox 3602 1118 3724 1172; x_wconf 82' lang='lat' dir='ltr'><strong>pro-</strong></span> 
     </span>
    </p>
   </div>
   <div class='ocr_carea' id='block_1_69' title="bbox 2162 1194 3723 1266">
    <p class='ocr_par' dir='ltr' id='par_1_69' title="bbox 2162 1194 3723 1266">
     <span class='ocr_line' id='line_1_70' title="bbox 2162 1194 3723 1266; baseline 0.002 -19"><span class='ocrx_word' id='word_1_505' title='bbox 2162 1194 2449 1263; x_wconf 89' lang='lat' dir='ltr'><strong>prietatum</strong></span> <span class='ocrx_word' id='word_1_506' title='bbox 2497 1196 2806 1251; x_wconf 77' lang='lat' dir='ltr'><strong>divinarum</strong></span> <span class='ocrx_word' id='word_1_507' title='bbox 2846 1195 3355 1265; x_wconf 89' lang='lat' dir='ltr'><strong>complecterentur,</strong></span> <span class='ocrx_word' id='word_1_508' title='bbox 3398 1197 3723 1266; x_wconf 81' lang='lat' dir='ltr'><strong>augustissi-</strong></span> 
     </span>
    </p>
   </div>
   <div class='ocr_carea' id='block_1_70' title="bbox 2161 1283 3724 1356">
    <p class='ocr_par' dir='ltr' id='par_1_70' title="bbox 2161 1283 3724 1356">
     <span class='ocr_line' id='line_1_71' title="bbox 2161 1283 3724 1356; baseline 0.001 -19"><span class='ocrx_word' id='word_1_509' title='bbox 2161 1300 2305 1338; x_wconf 90' lang='lat' dir='ltr'><strong>mam</strong></span> <span class='ocrx_word' id='word_1_510' title='bbox 2341 1284 2430 1340; x_wconf 87' lang='lat' dir='ltr'><strong>Dei</strong></span> <span class='ocrx_word' id='word_1_511' title='bbox 2453 1286 2866 1356; x_wconf 88' lang='lat' dir='ltr'><strong>appellationem</strong></span> <span class='ocrx_word' id='word_1_512' title='bbox 2901 1284 3119 1354; x_wconf 83' lang='lat' dir='ltr'><strong>injuriis</strong></span> <span class='ocrx_word' id='word_1_513' title='bbox 3152 1283 3552 1354; x_wconf 86' lang='lat' dir='ltr'><strong>calumniisque</strong></span> <span class='ocrx_word' id='word_1_514' title='bbox 3580 1303 3724 1339; x_wconf 75' lang='lat' dir='ltr'><strong>mor-</strong></span> 
     </span>
    </p>
   </div>
   <div class='ocr_carea' id='block_1_71' title="bbox 2160 1363 3726 1447">
    <p class='ocr_par' dir='ltr' id='par_1_71' title="bbox 2160 1363 3726 1447">
     <span class='ocr_line' id='line_1_72' title="bbox 2160 1363 3726 1447; baseline 0.002 -17"><span class='ocrx_word' id='word_1_515' title='bbox 2160 1377 2345 1430; x_wconf 89' lang='lat' dir='ltr'><strong>talium</strong></span> <span class='ocrx_word' id='word_1_516' title='bbox 2394 1378 2758 1446; x_wconf 89' lang='lat' dir='ltr'><strong>subjecerunt.</strong></span> <span class='ocrx_word' id='word_1_517' title='bbox 2789 1376 2894 1443; x_wconf 82' lang='lat' dir='ltr'><strong>Qui</strong></span> <span class='ocrx_word' id='word_1_518' title='bbox 2938 1363 3091 1440; x_wconf 82' lang='lat' dir='ltr'><strong>solis,</strong></span> <span class='ocrx_word' id='word_1_519' title='bbox 3129 1377 3291 1438; x_wconf 67' lang='lat' dir='ltr'><strong>lunae,</strong></span> <span class='ocrx_word' id='word_1_520' title='bbox 3338 1376 3499 1447; x_wconf 81' lang='lat' dir='ltr'><strong>ignis,</strong></span> <span class='ocrx_word' id='word_1_521' title='bbox 3547 1387 3726 1446; x_wconf 77' lang='lat' dir='ltr'><strong>teme,</strong></span> 
     </span>
    </p>
   </div>
   <div class='ocr_carea' id='block_1_72' title="bbox 2158 1468 3721 1540">
    <p class='ocr_par' dir='ltr' id='par_1_72' title="bbox 2158 1468 3721 1540">
     <span class='ocr_line' id='line_1_73' title="bbox 2158 1468 3721 1540; baseline 0.002 -18"><span class='ocrx_word' id='word_1_522' title='bbox 2158 1470 2433 1539; x_wconf 85' lang='lat' dir='ltr'><strong>marisque</strong></span> <span class='ocrx_word' id='word_1_523' title='bbox 2458 1470 2658 1540; x_wconf 80' lang='lat' dir='ltr'><strong>ﬁguras</strong></span> <span class='ocrx_word' id='word_1_524' title='bbox 2688 1469 2924 1523; x_wconf 90' lang='lat' dir='ltr'><strong>humana</strong></span> <span class='ocrx_word' id='word_1_525' title='bbox 2953 1470 3131 1539; x_wconf 88' lang='lat' dir='ltr'><strong>specie</strong></span> <span class='ocrx_word' id='word_1_526' title='bbox 3154 1468 3422 1528; x_wconf 79' lang='lat' dir='ltr'><strong>exhibitas</strong></span> <span class='ocrx_word' id='word_1_527' title='bbox 3450 1470 3721 1534; x_wconf 86' lang='lat' dir='ltr'><strong>colebant,</strong></span> 
     </span>
    </p>
   </div>
   <div class='ocr_carea' id='block_1_73' title="bbox 2155 1560 3720 1631">
    <p class='ocr_par' dir='ltr' id='par_1_73' title="bbox 2155 1560 3720 1631">
     <span class='ocr_line' id='line_1_74' title="bbox 2155 1560 3720 1631; baseline 0.001 -16"><span class='ocrx_word' id='word_1_528' title='bbox 2155 1561 2358 1631; x_wconf 90' lang='lat' dir='ltr'><strong>quique</strong></span> <span class='ocrx_word' id='word_1_529' title='bbox 2407 1562 2795 1617; x_wconf 89' lang='lat' dir='ltr'><strong>elementorum</strong></span> <span class='ocrx_word' id='word_1_530' title='bbox 2847 1561 3155 1617; x_wconf 85' lang='lat' dir='ltr'><strong>simulacris</strong></span> <span class='ocrx_word' id='word_1_531' title='bbox 3194 1561 3452 1630; x_wconf 90' lang='lat' dir='ltr'><strong>imposito</strong></span> <span class='ocrx_word' id='word_1_532' title='bbox 3497 1560 3679 1617; x_wconf 70' lang='lat' dir='ltr'><strong>Vesta:</strong></span> <span class='ocrx_word' id='word_1_533' title='bbox 3704 1602 3720 1627; x_wconf 91' lang='lat'><strong>,</strong></span> 
     </span>
    </p>
   </div>
   <div class='ocr_carea' id='block_1_74' title="bbox 2154 1652 3722 1723">
    <p class='ocr_par' dir='ltr' id='par_1_74' title="bbox 2154 1652 3722 1723">
     <span class='ocr_line' id='line_1_75' title="bbox 2154 1652 3722 1723; baseline 0 -16"><span class='ocrx_word' id='word_1_534' title='bbox 2154 1652 2389 1718; x_wconf 82' lang='lat' dir='ltr'><strong>Cereris,</strong></span> <span class='ocrx_word' id='word_1_535' title='bbox 2413 1652 2666 1723; x_wconf 83' lang='lat' dir='ltr'><strong>Neptuni,</strong></span> <span class='ocrx_word' id='word_1_536' title='bbox 2698 1661 2792 1707; x_wconf 88' lang='lat' dir='ltr'><strong>aut</strong></span> <span class='ocrx_word' id='word_1_537' title='bbox 2821 1653 2927 1708; x_wconf 91' lang='lat' dir='ltr'><strong>alio</strong></span> <span class='ocrx_word' id='word_1_538' title='bbox 2962 1653 3201 1719; x_wconf 90' lang='lat' dir='ltr'><strong>nomine,</strong></span> <span class='ocrx_word' id='word_1_539' title='bbox 3231 1653 3320 1708; x_wconf 87' lang='lat' dir='ltr'><strong>illa</strong></span> <span class='ocrx_word' id='word_1_540' title='bbox 3350 1663 3613 1722; x_wconf 84' lang='lat' dir='ltr'><strong>tanquam</strong></span> <span class='ocrx_word' id='word_1_541' title='bbox 3640 1653 3722 1708; x_wconf 77' lang='lat' dir='ltr'><strong>vi-</strong></span> 
     </span>
    </p>
   </div>
   <div class='ocr_carea' id='block_1_75' title="bbox 2086 1724 3721 1816">
    <p class='ocr_par' dir='ltr' id='par_1_75' title="bbox 2086 1724 3721 1816">
     <span class='ocr_line' id='line_1_76' title="bbox 2086 1724 3721 1816; baseline 0.002 -17"><span class='ocrx_word' id='word_1_542' title='bbox 2086 1724 2129 1779; x_wconf 69' lang='grc' dir='ltr'>Β</span> <span class='ocrx_word' id='word_1_543' title='bbox 2158 1746 2398 1800; x_wconf 90' lang='lat' dir='ltr'><strong>ventium</strong></span> <span class='ocrx_word' id='word_1_544' title='bbox 2426 1746 2650 1801; x_wconf 89' lang='lat' dir='ltr'><strong>deorum</strong></span> <span class='ocrx_word' id='word_1_545' title='bbox 2680 1744 2880 1816; x_wconf 79' lang='lat' dir='ltr'><strong>eﬂigies</strong></span> <span class='ocrx_word' id='word_1_546' title='bbox 2905 1745 3278 1813; x_wconf 88' lang='lat' dir='ltr'><strong>honorabant;</strong></span> <span class='ocrx_word' id='word_1_547' title='bbox 3312 1760 3495 1801; x_wconf 90' lang='lat' dir='ltr'><strong>nonne</strong></span> <span class='ocrx_word' id='word_1_548' title='bbox 3521 1762 3555 1801; x_wconf 88' lang='lat' dir='ltr'><strong>a</strong></span> <span class='ocrx_word' id='word_1_549' title='bbox 3595 1762 3721 1802; x_wconf 69' lang='lat' dir='ltr'><strong>vera</strong></span> 
     </span>
    </p>
   </div>
   <div class='ocr_carea' id='block_1_76' title="bbox 2156 1835 3723 1907">
    <p class='ocr_par' dir='ltr' id='par_1_76' title="bbox 2156 1835 3723 1907">
     <span class='ocr_line' id='line_1_77' title="bbox 2156 1835 3723 1907; baseline 0.003 -17"><span class='ocrx_word' id='word_1_550' title='bbox 2156 1835 2413 1907; x_wconf 78' lang='lat' dir='ltr'><strong>religione</strong></span> <span class='ocrx_word' id='word_1_551' title='bbox 2461 1836 2753 1892; x_wconf 88' lang='lat' dir='ltr'><strong>abhorrere</strong></span> <span class='ocrx_word' id='word_1_552' title='bbox 2791 1837 3045 1893; x_wconf 89' lang='lat' dir='ltr'><strong>censendi</strong></span> <span class='ocrx_word' id='word_1_553' title='bbox 3078 1845 3226 1902; x_wconf 90' lang='lat' dir='ltr'><strong>sunt,</strong></span> <span class='ocrx_word' id='word_1_554' title='bbox 3265 1852 3385 1906; x_wconf 70' lang='lat' dir='ltr'><strong>quae</strong></span> <span class='ocrx_word' id='word_1_555' title='bbox 3413 1845 3523 1892; x_wconf 86' lang='lat' dir='ltr'><strong>tota</strong></span> <span class='ocrx_word' id='word_1_556' title='bbox 3558 1840 3723 1894; x_wconf 84' lang='lat' dir='ltr'><strong>rebus</strong></span> 
     </span>
    </p>
   </div>
   <div class='ocr_carea' id='block_1_77' title="bbox 2155 1928 3725 2001">
    <p class='ocr_par' dir='ltr' id='par_1_77' title="bbox 2155 1928 3725 2001">
     <span class='ocr_line' id='line_1_78' title="bbox 2155 1928 3725 2001; baseline 0.003 -21"><span class='ocrx_word' id='word_1_557' title='bbox 2155 1929 2318 1989; x_wconf 84' lang='lat' dir='ltr'><strong>veris,</strong></span> <span class='ocrx_word' id='word_1_558' title='bbox 2361 1928 2517 1984; x_wconf 89' lang='lat' dir='ltr'><strong>seriis</strong></span> <span class='ocrx_word' id='word_1_559' title='bbox 2554 1938 2609 1983; x_wconf 89' lang='lat' dir='ltr'><strong>et</strong></span> <span class='ocrx_word' id='word_1_560' title='bbox 2651 1930 2963 1985; x_wconf 64' lang='lat' dir='ltr'><strong>coelestibus</strong></span> <span class='ocrx_word' id='word_1_561' title='bbox 2988 1937 3221 1989; x_wconf 89' lang='lat' dir='ltr'><strong>constat.</strong></span> <span class='ocrx_word' id='word_1_562' title='bbox 3258 1928 3572 2000; x_wconf 86' lang='lat' dir='ltr'><strong>divinisque</strong></span> <span class='ocrx_word' id='word_1_563' title='bbox 3599 1948 3725 2001; x_wconf 77' lang='lat' dir='ltr'><strong>per-</strong></span> 
     </span>
    </p>
   </div>
   <div class='ocr_carea' id='block_1_78' title="bbox 2154 2017 3719 2092">
    <p class='ocr_par' dir='ltr' id='par_1_78' title="bbox 2154 2017 3719 2092">
     <span class='ocr_line' id='line_1_79' title="bbox 2154 2017 3719 2092; baseline 0.002 -18"><span class='ocrx_word' id='word_1_564' title='bbox 2154 2019 2480 2075; x_wconf 73' lang='lat' dir='ltr'><strong>fectionibus</strong></span> <span class='ocrx_word' id='word_1_565' title='bbox 2529 2020 2728 2075; x_wconf 88' lang='lat' dir='ltr'><strong>summi</strong></span> <span class='ocrx_word' id='word_1_566' title='bbox 2780 2017 3027 2075; x_wconf 76' lang='lat' dir='ltr'><strong>Numinis</strong></span> <span class='ocrx_word' id='word_1_567' title='bbox 3069 2020 3566 2090; x_wconf 83' lang='lat' dir='ltr'><strong>respondet?Bene</strong></span> <span class='ocrx_word' id='word_1_568' title='bbox 3606 2023 3719 2092; x_wconf 84' lang='lat' dir='ltr'><strong>jam</strong></span> 
     </span>
    </p>
   </div>
   <div class='ocr_carea' id='block_1_79' title="bbox 2156 2109 3723 2195">
    <p class='ocr_par' dir='ltr' id='par_1_79' title="bbox 2156 2109 3723 2195">
     <span class='ocr_line' id='line_1_80' title="bbox 2156 2109 3723 2195; baseline 0.004 -31"><span class='ocrx_word' id='word_1_569' title='bbox 2156 2110 2567 2195; x_wconf 46' lang='lat' dir='ltr'><strong>tumjlacarius</strong></span> <span class='ocrx_word' id='word_1_570' title='bbox 2598 2110 2652 2165; x_wconf 90' lang='lat' dir='ltr'><strong>in</strong></span> <span class='ocrx_word' id='word_1_571' title='bbox 2698 2110 2998 2181; x_wconf 80' lang='lat' dir='ltr'><strong>fragmento</strong></span> <span class='ocrx_word' id='word_1_572' title='bbox 3037 2109 3079 2164; x_wconf 85' lang='lat' dir='ltr'><strong>ll</strong></span> <span class='ocrx_word' id='word_1_573' title='bbox 3121 2112 3533 2180; x_wconf 77' lang='grc' dir='ltr'><strong>Ἁποκριτικῶν</strong></span> <span class='ocrx_word' id='word_1_574' title='bbox 3566 2115 3723 2171; x_wconf 75' lang='lat' dir='ltr'><strong>dixe-</strong></span> 
     </span>
    </p>
   </div>
   <div class='ocr_carea' id='block_1_80' title="bbox 2153 2202 3724 2277">
    <p class='ocr_par' dir='ltr' id='par_1_80' title="bbox 2153 2202 3724 2277">
     <span class='ocr_line' id='line_1_81' title="bbox 2153 2202 3724 2277; baseline 0.003 -20"><span class='ocrx_word' id='word_1_575' title='bbox 2153 2212 2238 2257; x_wconf 85' lang='lat' dir='ltr'><strong>rat</strong></span> <span class='ocrx_word' id='word_1_576' title='bbox 2279 2222 2291 2256; x_wconf 92' lang='lat'><strong>:</strong></span> <span class='ocrx_word' id='word_1_577' title='bbox 2326 2202 2617 2257; x_wconf 81' lang='grc' dir='ltr'>Καλεῖσοαι</span> <span class='ocrx_word' id='word_1_578' title='bbox 2671 2203 2728 2256; x_wconf 82' lang='grc' dir='ltr'><strong>δὲ</strong></span> <span class='ocrx_word' id='word_1_579' title='bbox 2782 2203 3005 2268; x_wconf 81' lang='grc' dir='ltr'>πολλοὺς</span> <span class='ocrx_word' id='word_1_580' title='bbox 3049 2203 3202 2269; x_wconf 80' lang='grc' dir='ltr'>θεοὺς</span> <span class='ocrx_word' id='word_1_581' title='bbox 3248 2205 3340 2259; x_wconf 77' lang='grc' dir='ltr'><strong>καὶ</strong></span> <span class='ocrx_word' id='word_1_582' title='bbox 3385 2208 3637 2277; x_wconf 75' lang='grc' dir='ltr'>κυρίους,</span> <span class='ocrx_word' id='word_1_583' title='bbox 3664 2211 3724 2262; x_wconf 78' lang='grc' dir='ltr'><strong>ού</strong></span> 
     </span>
    </p>
   </div>
   <div class='ocr_carea' id='block_1_81' title="bbox 2153 2293 3724 2366">
    <p class='ocr_par' dir='ltr' id='par_1_81' title="bbox 2153 2293 3724 2366">
     <span class='ocr_line' id='line_1_82' title="bbox 2153 2293 3724 2366; baseline 0.004 -21"><span class='ocrx_word' id='word_1_584' title='bbox 2153 2293 2337 2361; x_wconf 70' lang='grc' dir='ltr'>φοονεί</span> <span class='ocrx_word' id='word_1_585' title='bbox 2363 2294 2513 2359; x_wconf 81' lang='grc' dir='ltr'>Θεὸς,</span> <span class='ocrx_word' id='word_1_586' title='bbox 2541 2294 2696 2364; x_wconf 84' lang='grc' dir='ltr'>μόνον</span> <span class='ocrx_word' id='word_1_587' title='bbox 2717 2296 2765 2346; x_wconf 84' lang='grc' dir='ltr'><strong>εί</strong></span> <span class='ocrx_word' id='word_1_588' title='bbox 2790 2293 3176 2364; x_wconf 78' lang='grc' dir='ltr'>πλησιάζοντες</span> <span class='ocrx_word' id='word_1_589' title='bbox 3198 2295 3344 2366; x_wconf 79' lang='grc' dir='ltr'>αὐτῷ</span> <span class='ocrx_word' id='word_1_590' title='bbox 3368 2298 3463 2351; x_wconf 73' lang='grc' dir='ltr'><strong>καὶ</strong></span> <span class='ocrx_word' id='word_1_591' title='bbox 3484 2300 3724 2365; x_wconf 75' lang='grc' dir='ltr'>γειτνιά-</span> 
     </span>
    </p>
   </div>
   <div class='ocr_carea' id='block_1_82' title="bbox 2152 2382 3724 2456">
    <p class='ocr_par' dir='ltr' id='par_1_82' title="bbox 2152 2382 3724 2456">
     <span class='ocr_line' id='line_1_83' title="bbox 2152 2382 3724 2456; baseline 0.004 -19"><span class='ocrx_word' id='word_1_592' title='bbox 2152 2382 2335 2448; x_wconf 75' lang='grc' dir='ltr'>ζοντες</span> <span class='ocrx_word' id='word_1_593' title='bbox 2363 2382 2438 2453; x_wconf 82' lang='grc' dir='ltr'>τῷ</span> <span class='ocrx_word' id='word_1_594' title='bbox 2466 2384 2561 2454; x_wconf 78' lang='grc' dir='ltr'>τῆς</span> <span class='ocrx_word' id='word_1_595' title='bbox 2597 2384 2845 2454; x_wconf 77' lang='grc' dir='ltr'>θεότητος</span> <span class='ocrx_word' id='word_1_596' title='bbox 2872 2384 3013 2455; x_wconf 82' lang='grc' dir='ltr'>λόγῳ</span> <span class='ocrx_word' id='word_1_597' title='bbox 3045 2386 3543 2456; x_wconf 73' lang='grc' dir='ltr'>συγχρωτίζωνται.</span> <span class='ocrx_word' id='word_1_598' title='bbox 3580 2389 3724 2444; x_wconf 68' lang='lat' dir='ltr'><strong>Mul-</strong></span> 
     </span>
    </p>
   </div>
   <div class='ocr_carea' id='block_1_83' title="bbox 2154 2475 3720 2550">
    <p class='ocr_par' dir='ltr' id='par_1_83' title="bbox 2154 2475 3720 2550">
     <span class='ocr_line' id='line_1_84' title="bbox 2154 2475 3720 2550; baseline 0.004 -23"><span class='ocrx_word' id='word_1_599' title='bbox 2154 2485 2231 2528; x_wconf 86' lang='lat' dir='ltr'><strong>tos</strong></span> <span class='ocrx_word' id='word_1_600' title='bbox 2257 2483 2427 2527; x_wconf 87' lang='lat' dir='ltr'><strong>autem</strong></span> <span class='ocrx_word' id='word_1_601' title='bbox 2454 2476 2627 2528; x_wconf 82' lang='lat' dir='ltr'><strong>vocari</strong></span> <span class='ocrx_word' id='word_1_602' title='bbox 2656 2485 2703 2528; x_wconf 89' lang='lat' dir='ltr'><strong>et</strong></span> <span class='ocrx_word' id='word_1_603' title='bbox 2731 2476 2851 2528; x_wconf 85' lang='lat' dir='ltr'><strong>deos</strong></span> <span class='ocrx_word' id='word_1_604' title='bbox 2876 2485 2925 2528; x_wconf 89' lang='lat' dir='ltr'><strong>et</strong></span> <span class='ocrx_word' id='word_1_605' title='bbox 2954 2475 3215 2538; x_wconf 88' lang='lat' dir='ltr'><strong>dominos,</strong></span> <span class='ocrx_word' id='word_1_606' title='bbox 3245 2493 3346 2531; x_wconf 84' lang='lat' dir='ltr'><strong>non</strong></span> <span class='ocrx_word' id='word_1_607' title='bbox 3373 2478 3595 2534; x_wconf 84' lang='lat' dir='ltr'><strong>moleste</strong></span> <span class='ocrx_word' id='word_1_608' title='bbox 3620 2482 3720 2550; x_wconf 81' lang='lat' dir='ltr'><strong>[ert</strong></span> 
     </span>
    </p>
   </div>
   <div class='ocr_carea' id='block_1_84' title="bbox 2152 2565 3721 2641">
    <p class='ocr_par' dir='ltr' id='par_1_84' title="bbox 2152 2565 3721 2641">
     <span class='ocr_line' id='line_1_85' title="bbox 2152 2565 3721 2641; baseline 0.006 -23"><span class='ocrx_word' id='word_1_609' title='bbox 2152 2565 2315 2628; x_wconf 83' lang='lat' dir='ltr'><strong>Deus,</strong></span> <span class='ocrx_word' id='word_1_610' title='bbox 2345 2566 2392 2621; x_wconf 88' lang='lat' dir='ltr'><strong>si</strong></span> <span class='ocrx_word' id='word_1_611' title='bbox 2436 2566 2589 2620; x_wconf 82' lang='lat' dir='ltr'><strong>modo</strong></span> <span class='ocrx_word' id='word_1_612' title='bbox 2616 2566 2653 2619; x_wconf 87' lang='lat' dir='ltr'><strong>ii</strong></span> <span class='ocrx_word' id='word_1_613' title='bbox 2693 2567 3166 2636; x_wconf 85' lang='lat' dir='ltr'><strong>appropinquantes</strong></span> <span class='ocrx_word' id='word_1_614' title='bbox 3210 2569 3616 2641; x_wconf 84' lang='lat' dir='ltr'><strong>accedentesque</strong></span> <span class='ocrx_word' id='word_1_615' title='bbox 3652 2574 3721 2628; x_wconf 78' lang='lat' dir='ltr'><strong>ad</strong></span> 
     </span>
    </p>
   </div>
   <div class='ocr_carea' id='block_1_85' title="bbox 2149 2658 3719 2734">
    <p class='ocr_par' dir='ltr' id='par_1_85' title="bbox 2149 2658 3719 2734">
     <span class='ocr_line' id='line_1_86' title="bbox 2149 2658 3719 2734; baseline 0.004 -23"><span class='ocrx_word' id='word_1_616' title='bbox 2149 2673 2268 2711; x_wconf 88' lang='lat' dir='ltr'><strong>eum</strong></span> <span class='ocrx_word' id='word_1_617' title='bbox 2308 2674 2427 2712; x_wconf 86' lang='lat' dir='ltr'><strong>cum</strong></span> <span class='ocrx_word' id='word_1_618' title='bbox 2477 2666 2669 2711; x_wconf 85' lang='lat' dir='ltr'><strong>natura</strong></span> <span class='ocrx_word' id='word_1_619' title='bbox 2720 2658 3011 2712; x_wconf 84' lang='lat' dir='ltr'><strong>divinitatis</strong></span> <span class='ocrx_word' id='word_1_620' title='bbox 3060 2660 3379 2717; x_wconf 83' lang='lat' dir='ltr'><strong>coalescant.</strong></span> <span class='ocrx_word' id='word_1_621' title='bbox 3435 2662 3502 2717; x_wconf 83' lang='lat' dir='ltr'><strong>Et</strong></span> <span class='ocrx_word' id='word_1_622' title='bbox 3558 2666 3719 2734; x_wconf 88' lang='lat' dir='ltr'><strong>paulo</strong></span> 
     </span>
    </p>
   </div>
   <div class='ocr_carea' id='block_1_86' title="bbox 2151 2748 3721 2822">
    <p class='ocr_par' dir='ltr' id='par_1_86' title="bbox 2151 2748 3721 2822">
     <span class='ocr_line' id='line_1_87' title="bbox 2151 2748 3721 2822; baseline 0.004 -19"><span class='ocrx_word' id='word_1_623' title='bbox 2151 2759 2315 2820; x_wconf 88' lang='lat' dir='ltr'><strong>post:</strong></span> <span class='ocrx_word' id='word_1_624' title='bbox 2348 2750 2479 2814; x_wconf 84' lang='grc' dir='ltr'>Θεὸς</span> <span class='ocrx_word' id='word_1_625' title='bbox 2532 2751 2802 2822; x_wconf 85' lang='grc' dir='ltr'>μονάρχης</span> <span class='ocrx_word' id='word_1_626' title='bbox 2837 2748 2914 2803; x_wconf 82' lang='grc' dir='ltr'><strong>ὣν</strong></span> <span class='ocrx_word' id='word_1_627' title='bbox 2955 2752 3048 2803; x_wconf 77' lang='grc' dir='ltr'><strong>καὶ</strong></span> <span class='ocrx_word' id='word_1_628' title='bbox 3090 2751 3189 2822; x_wconf 74' lang='grc' dir='ltr'>τὴν</span> <span class='ocrx_word' id='word_1_629' title='bbox 3239 2751 3399 2821; x_wconf 82' lang='grc' dir='ltr'>φύσιν</span> <span class='ocrx_word' id='word_1_630' title='bbox 3437 2754 3630 2821; x_wconf 77' lang='grc' dir='ltr'>ἀΐδιος,</span> <span class='ocrx_word' id='word_1_631' title='bbox 3659 2758 3721 2810; x_wconf 69' lang='grc' dir='ltr'>οὔ</span> 
     </span>
    </p>
   </div>
   <div class='ocr_carea' id='block_1_87' title="bbox 2150 2842 3723 2912">
    <p class='ocr_par' dir='ltr' id='par_1_87' title="bbox 2150 2842 3723 2912">
     <span class='ocr_line' id='line_1_88' title="bbox 2150 2842 3723 2912; baseline 0.001 -13"><span class='ocrx_word' id='word_1_632' title='bbox 2150 2844 2347 2899; x_wconf 84' lang='grc' dir='ltr'>κωλύει</span> <span class='ocrx_word' id='word_1_633' title='bbox 2380 2843 2534 2907; x_wconf 77' lang='grc' dir='ltr'>θεοὺς</span> <span class='ocrx_word' id='word_1_634' title='bbox 2564 2842 2841 2897; x_wconf 85' lang='grc' dir='ltr'>καλεῖσθαι</span> <span class='ocrx_word' id='word_1_635' title='bbox 2866 2844 2992 2907; x_wconf 81' lang='grc' dir='ltr'>τοὺς</span> <span class='ocrx_word' id='word_1_636' title='bbox 3020 2844 3302 2912; x_wconf 75' lang='grc' dir='ltr'>ἀγγέλους,</span> <span class='ocrx_word' id='word_1_637' title='bbox 3341 2844 3606 2900; x_wconf 64' lang='lat' dir='ltr'><strong>Geometth</strong></span> <span class='ocrx_word' id='word_1_638' title='bbox 3627 2851 3723 2901; x_wconf 79' lang='grc' dir='ltr'>αύ-</span> 
     </span>
    </p>
   </div>
   <div class='ocr_carea' id='block_1_88' title="bbox 2150 2935 3721 3008">
    <p class='ocr_par' dir='ltr' id='par_1_88' title="bbox 2150 2935 3721 3008">
     <span class='ocr_line' id='line_1_89' title="bbox 2150 2935 3721 3008; baseline 0.003 -19"><span class='ocrx_word' id='word_1_639' title='bbox 2150 2938 2275 3000; x_wconf 80' lang='grc' dir='ltr'>τοὺς</span> <span class='ocrx_word' id='word_1_640' title='bbox 2304 2939 2369 3008; x_wconf 81' lang='grc' dir='ltr'>τῇ</span> <span class='ocrx_word' id='word_1_641' title='bbox 2404 2936 2547 2990; x_wconf 80' lang='grc' dir='ltr'>Θέσει</span> <span class='ocrx_word' id='word_1_642' title='bbox 2573 2935 2662 2988; x_wconf 77' lang='grc' dir='ltr'>τοῦ</span> <span class='ocrx_word' id='word_1_643' title='bbox 2698 2936 3040 3006; x_wconf 83' lang='grc' dir='ltr'>πράγματος,</span> <span class='ocrx_word' id='word_1_644' title='bbox 3069 2936 3130 2988; x_wconf 81' lang='grc' dir='ltr'><strong>οὐ</strong></span> <span class='ocrx_word' id='word_1_645' title='bbox 3160 2936 3258 3007; x_wconf 82' lang='grc' dir='ltr'>τὴν</span> <span class='ocrx_word' id='word_1_646' title='bbox 3287 2937 3495 2991; x_wconf 74' lang='grc' dir='ltr'>οἰκείαν</span> <span class='ocrx_word' id='word_1_647' title='bbox 3519 2941 3605 3003; x_wconf 85' lang='grc' dir='ltr'><strong>εἰς</strong></span> <span class='ocrx_word' id='word_1_648' title='bbox 3627 2943 3721 2993; x_wconf 77' lang='grc' dir='ltr'>αύ-</span> 
     </span>
    </p>
   </div>
   <div class='ocr_carea' id='block_1_89' title="bbox 2150 3027 3719 3102">
    <p class='ocr_par' dir='ltr' id='par_1_89' title="bbox 2150 3027 3719 3102">
     <span class='ocr_line' id='line_1_90' title="bbox 2150 3027 3719 3102; baseline 0.003 -20"><span class='ocrx_word' id='word_1_649' title='bbox 2150 3029 2274 3091; x_wconf 83' lang='grc' dir='ltr'>τοὺς</span> <span class='ocrx_word' id='word_1_650' title='bbox 2305 3028 2625 3098; x_wconf 77' lang='grc' dir='ltr'>ἀποτέμνων</span> <span class='ocrx_word' id='word_1_651' title='bbox 2650 3027 2854 3090; x_wconf 87' lang='grc' dir='ltr'>οὐσίαν,</span> <span class='ocrx_word' id='word_1_652' title='bbox 2890 3028 3011 3081; x_wconf 75' lang='grc' dir='ltr'><strong>οὐδὲ</strong></span> <span class='ocrx_word' id='word_1_653' title='bbox 3057 3028 3221 3100; x_wconf 86' lang='grc' dir='ltr'>μέρος</span> <span class='ocrx_word' id='word_1_654' title='bbox 3246 3028 3429 3094; x_wconf 78' lang='grc' dir='ltr'>αὐτοῖς</span> <span class='ocrx_word' id='word_1_655' title='bbox 3456 3031 3559 3102; x_wconf 78' lang='grc' dir='ltr'>τῆς</span> <span class='ocrx_word' id='word_1_656' title='bbox 3585 3032 3719 3097; x_wconf 75' lang='grc' dir='ltr'>ἰδίας</span> 
     </span>
    </p>
   </div>
   <div class='ocr_carea' id='block_1_90' title="bbox 2148 3118 3723 3193">
    <p class='ocr_par' dir='ltr' id='par_1_90' title="bbox 2148 3118 3723 3193">
     <span class='ocr_line' id='line_1_91' title="bbox 2148 3118 3723 3193; baseline 0.001 -17"><span class='ocrx_word' id='word_1_657' title='bbox 2148 3120 2484 3193; x_wconf 81' lang='grc' dir='ltr'>δωρούμενος</span> <span class='ocrx_word' id='word_1_658' title='bbox 2523 3119 2754 3188; x_wconf 82' lang='grc' dir='ltr'>φύσεως.</span> <span class='ocrx_word' id='word_1_659' title='bbox 2799 3118 2959 3184; x_wconf 90' lang='lat' dir='ltr'><strong>Deus,</strong></span> <span class='ocrx_word' id='word_1_660' title='bbox 2991 3136 3106 3173; x_wconf 87' lang='lat' dir='ltr'><strong>cum</strong></span> <span class='ocrx_word' id='word_1_661' title='bbox 3136 3121 3208 3175; x_wconf 89' lang='lat' dir='ltr'><strong>sit</strong></span> <span class='ocrx_word' id='word_1_662' title='bbox 3235 3123 3524 3176; x_wconf 79' lang='lat' dir='ltr'><strong>ntonarcha</strong></span> <span class='ocrx_word' id='word_1_663' title='bbox 3554 3136 3605 3178; x_wconf 84' lang='lat' dir='ltr'><strong>et</strong></span> <span class='ocrx_word' id='word_1_664' title='bbox 3630 3142 3723 3178; x_wconf 82' lang='lat' dir='ltr'><strong>na-</strong></span> 
     </span>
    </p>
   </div>
   <div class='ocr_carea' id='block_1_91' title="bbox 2151 3211 3720 3283">
    <p class='ocr_par' dir='ltr' id='par_1_91' title="bbox 2151 3211 3720 3283">
     <span class='ocr_line' id='line_1_92' title="bbox 2151 3211 3720 3283; baseline 0.001 -16"><span class='ocrx_word' id='word_1_665' title='bbox 2151 3224 2271 3268; x_wconf 88' lang='lat' dir='ltr'><strong>tura</strong></span> <span class='ocrx_word' id='word_1_666' title='bbox 2298 3229 2395 3268; x_wconf 88' lang='lat' dir='ltr'><strong>sua</strong></span> <span class='ocrx_word' id='word_1_667' title='bbox 2424 3221 2670 3277; x_wconf 70' lang='lat' dir='ltr'><strong>teteruus,</strong></span> <span class='ocrx_word' id='word_1_668' title='bbox 2704 3228 2808 3265; x_wconf 86' lang='lat' dir='ltr'><strong>non</strong></span> <span class='ocrx_word' id='word_1_669' title='bbox 2840 3211 3054 3281; x_wconf 85' lang='lat' dir='ltr'><strong>impedit</strong></span> <span class='ocrx_word' id='word_1_670' title='bbox 3087 3213 3213 3282; x_wconf 87' lang='lat' dir='ltr'><strong>quin</strong></span> <span class='ocrx_word' id='word_1_671' title='bbox 3241 3214 3417 3283; x_wconf 83' lang='lat' dir='ltr'><strong>angeli</strong></span> <span class='ocrx_word' id='word_1_672' title='bbox 3444 3215 3525 3268; x_wconf 87' lang='lat' dir='ltr'><strong>dii</strong></span> <span class='ocrx_word' id='word_1_673' title='bbox 3550 3221 3720 3269; x_wconf 80' lang='lat' dir='ltr'><strong>nomi-</strong></span> 
     </span>
    </p>
   </div>
   <div class='ocr_carea' id='block_1_92' title="bbox 2150 3305 3718 3376">
    <p class='ocr_par' dir='ltr' id='par_1_92' title="bbox 2150 3305 3718 3376">
     <span class='ocr_line' id='line_1_93' title="bbox 2150 3305 3718 3376; baseline 0.001 -14"><span class='ocrx_word' id='word_1_674' title='bbox 2150 3317 2357 3373; x_wconf 88' lang='lat' dir='ltr'><strong>nentur,</strong></span> <span class='ocrx_word' id='word_1_675' title='bbox 2383 3306 2636 3376; x_wconf 82' lang='lat' dir='ltr'><strong>deiﬁcans</strong></span> <span class='ocrx_word' id='word_1_676' title='bbox 2686 3305 2885 3360; x_wconf 82' lang='lat' dir='ltr'><strong>scilicet</strong></span> <span class='ocrx_word' id='word_1_677' title='bbox 2935 3322 3043 3370; x_wconf 81' lang='lat' dir='ltr'><strong>eos,</strong></span> <span class='ocrx_word' id='word_1_678' title='bbox 3086 3307 3362 3361; x_wconf 82' lang='lat' dir='ltr'><strong>divinitate</strong></span> <span class='ocrx_word' id='word_1_679' title='bbox 3414 3309 3482 3364; x_wconf 89' lang='lat' dir='ltr'><strong>iis</strong></span> <span class='ocrx_word' id='word_1_680' title='bbox 3531 3310 3718 3364; x_wconf 81' lang='lat' dir='ltr'><strong>addita</strong></span> 
     </span>
    </p>
   </div>
   <div class='ocr_carea' id='block_1_93' title="bbox 2149 3397 3715 3469">
    <p class='ocr_par' dir='ltr' id='par_1_93' title="bbox 2149 3397 3715 3469">
     <span class='ocr_line' id='line_1_94' title="bbox 2149 3397 3715 3469; baseline 0.002 -17"><span class='ocrx_word' id='word_1_681' title='bbox 2149 3397 2281 3469; x_wconf 89' lang='lat' dir='ltr'><strong>(non</strong></span> <span class='ocrx_word' id='word_1_682' title='bbox 2314 3397 2516 3468; x_wconf 90' lang='lat' dir='ltr'><strong>innata)</strong></span> <span class='ocrx_word' id='word_1_683' title='bbox 2541 3414 2556 3463; x_wconf 88' lang='lat'><strong>;</strong></span> <span class='ocrx_word' id='word_1_684' title='bbox 2581 3413 2683 3450; x_wconf 91' lang='lat' dir='ltr'><strong>non</strong></span> <span class='ocrx_word' id='word_1_685' title='bbox 2707 3407 2881 3452; x_wconf 88' lang='lat' dir='ltr'><strong>autem</strong></span> <span class='ocrx_word' id='word_1_686' title='bbox 2908 3397 3077 3452; x_wconf 82' lang='lat' dir='ltr'><strong>divisa</strong></span> <span class='ocrx_word' id='word_1_687' title='bbox 3108 3414 3225 3451; x_wconf 89' lang='lat' dir='ltr'><strong>cum</strong></span> <span class='ocrx_word' id='word_1_688' title='bbox 3247 3400 3314 3452; x_wconf 86' lang='lat' dir='ltr'><strong>iis</strong></span> <span class='ocrx_word' id='word_1_689' title='bbox 3342 3415 3443 3452; x_wconf 84' lang='lat' dir='ltr'><strong>sua</strong></span> <span class='ocrx_word' id='word_1_690' title='bbox 3468 3401 3715 3455; x_wconf 78' lang='lat' dir='ltr'><strong>substan-</strong></span> 
     </span>
    </p>
   </div>
   <div class='ocr_carea' id='block_1_94' title="bbox 2150 3487 3501 3555">
    <p class='ocr_par' dir='ltr' id='par_1_94' title="bbox 2150 3487 3501 3555">
     <span class='ocr_line' id='line_1_95' title="bbox 2150 3487 3501 3555; baseline 0.003 -15"><span class='ocrx_word' id='word_1_691' title='bbox 2150 3488 2247 3548; x_wconf 89' lang='lat' dir='ltr'><strong>tia,</strong></span> <span class='ocrx_word' id='word_1_692' title='bbox 2280 3501 2371 3540; x_wconf 88' lang='lat' dir='ltr'><strong>nec</strong></span> <span class='ocrx_word' id='word_1_693' title='bbox 2394 3495 2600 3540; x_wconf 65' lang='lat' dir='ltr'><strong>naturae</strong></span> <span class='ocrx_word' id='word_1_694' title='bbox 2626 3501 2737 3540; x_wconf 74' lang='lat' dir='ltr'><strong>sua:</strong></span> <span class='ocrx_word' id='word_1_695' title='bbox 2764 3487 2999 3555; x_wconf 86' lang='lat' dir='ltr'><strong>portione</strong></span> <span class='ocrx_word' id='word_1_696' title='bbox 3025 3487 3211 3541; x_wconf 86' lang='lat' dir='ltr'><strong>iisdem</strong></span> <span class='ocrx_word' id='word_1_697' title='bbox 3232 3505 3501 3544; x_wconf 85' lang='lat' dir='ltr'><strong>concessa.</strong></span> 
     </span>
    </p>
   </div>
   <div class='ocr_carea' id='block_1_95' title="bbox 2219 3579 3712 3652">
    <p class='ocr_par' dir='ltr' id='par_1_95' title="bbox 2219 3579 3712 3652">
     <span class='ocr_line' id='line_1_96' title="bbox 2219 3579 3712 3652; baseline 0.003 -18"><span class='ocrx_word' id='word_1_698' title='bbox 2219 3579 2356 3637; x_wconf 81' lang='lat' dir='ltr'><strong>Hinc</strong></span> <span class='ocrx_word' id='word_1_699' title='bbox 2401 3580 2566 3636; x_wconf 88' lang='lat' dir='ltr'><strong>simul</strong></span> <span class='ocrx_word' id='word_1_700' title='bbox 2610 3580 2846 3634; x_wconf 85' lang='lat' dir='ltr'><strong>concidit</strong></span> <span class='ocrx_word' id='word_1_701' title='bbox 2890 3580 3056 3650; x_wconf 88' lang='lat' dir='ltr'><strong>impia</strong></span> <span class='ocrx_word' id='word_1_702' title='bbox 3101 3579 3384 3652; x_wconf 77' lang='lat' dir='ltr'><strong>Porphyrii</strong></span> <span class='ocrx_word' id='word_1_703' title='bbox 3417 3585 3712 3646; x_wconf 83' lang='lat' dir='ltr'><strong>sententia.</strong></span> 
     </span>
    </p>
   </div>
   <div class='ocr_carea' id='block_1_96' title="bbox 2148 3656 3713 3746">
    <p class='ocr_par' dir='ltr' id='par_1_96' title="bbox 2148 3656 3713 3746">
     <span class='ocr_line' id='line_1_97' title="bbox 2148 3656 3713 3746; baseline 0 -16"><span class='ocrx_word' id='word_1_704' title='bbox 2148 3675 2242 3746; x_wconf 92' lang='lat' dir='ltr'><strong>qui</strong></span> <span class='ocrx_word' id='word_1_705' title='bbox 2269 3672 2466 3729; x_wconf 91' lang='lat' dir='ltr'><strong>summi</strong></span> <span class='ocrx_word' id='word_1_706' title='bbox 2499 3670 2749 3726; x_wconf 89' lang='lat' dir='ltr'><strong>Numinis</strong></span> <span class='ocrx_word' id='word_1_707' title='bbox 2778 3671 3137 3726; x_wconf 84' lang='lat' dir='ltr'><strong>substantiam</strong></span> <span class='ocrx_word' id='word_1_708' title='bbox 3169 3682 3221 3727; x_wconf 88' lang='lat' dir='ltr'><strong>et</strong></span> <span class='ocrx_word' id='word_1_709' title='bbox 3250 3656 3713 3745; x_wconf 39' lang='lat' dir='ltr'><strong>inilnitasoopera-</strong></span> 
     </span>
    </p>
   </div>
   <div class='ocr_carea' id='block_1_97' title="bbox 2147 3764 3718 3837">
    <p class='ocr_par' dir='ltr' id='par_1_97' title="bbox 2147 3764 3718 3837">
     <span class='ocr_line' id='line_1_98' title="bbox 2147 3764 3718 3837; baseline -0.001 -13"><span class='ocrx_word' id='word_1_710' title='bbox 2147 3769 2324 3823; x_wconf 91' lang='lat' dir='ltr'><strong>tiones</strong></span> <span class='ocrx_word' id='word_1_711' title='bbox 2355 3767 2457 3822; x_wconf 90' lang='lat' dir='ltr'><strong>sub</strong></span> <span class='ocrx_word' id='word_1_712' title='bbox 2488 3766 2657 3820; x_wconf 87' lang='lat' dir='ltr'><strong>variis</strong></span> <span class='ocrx_word' id='word_1_713' title='bbox 2684 3764 2995 3820; x_wconf 87' lang='lat' dir='ltr'><strong>nominibus</strong></span> <span class='ocrx_word' id='word_1_714' title='bbox 3037 3764 3260 3820; x_wconf 90' lang='lat' dir='ltr'><strong>deorum</strong></span> <span class='ocrx_word' id='word_1_715' title='bbox 3306 3767 3592 3837; x_wconf 82' lang='lat' dir='ltr'><strong>gentilium</strong></span> <span class='ocrx_word' id='word_1_716' title='bbox 3621 3784 3718 3823; x_wconf 75' lang='lat' dir='ltr'><strong>ex-</strong></span> 
     </span>
    </p>
   </div>
   <div class='ocr_carea' id='block_1_98' title="bbox 2146 3857 3714 3932">
    <p class='ocr_par' dir='ltr' id='par_1_98' title="bbox 2146 3857 3714 3932">
     <span class='ocr_line' id='line_1_99' title="bbox 2146 3857 3714 3932; baseline 0 -18"><span class='ocrx_word' id='word_1_717' title='bbox 2146 3861 2333 3932; x_wconf 88' lang='lat' dir='ltr'><strong>primi,</strong></span> <span class='ocrx_word' id='word_1_718' title='bbox 2386 3860 2480 3916; x_wconf 88' lang='lat' dir='ltr'><strong>sed</strong></span> <span class='ocrx_word' id='word_1_719' title='bbox 2533 3858 2750 3913; x_wconf 89' lang='lat' dir='ltr'><strong>nonnisi</strong></span> <span class='ocrx_word' id='word_1_720' title='bbox 2806 3858 3052 3912; x_wconf 89' lang='lat' dir='ltr'><strong>eamdem</strong></span> <span class='ocrx_word' id='word_1_721' title='bbox 3098 3857 3439 3913; x_wconf 88' lang='lat' dir='ltr'><strong>divinitatem</strong></span> <span class='ocrx_word' id='word_1_722' title='bbox 3485 3859 3714 3931; x_wconf 80' lang='lat' dir='ltr'><strong>intelligi</strong></span> 
     </span>
    </p>
   </div>
   <div class='ocr_carea' id='block_1_99' title="bbox 2147 3950 3712 4022">
    <p class='ocr_par' dir='ltr' id='par_1_99' title="bbox 2147 3950 3712 4022">
     <span class='ocr_line' id='line_1_100' title="bbox 2147 3950 3712 4022; baseline -0.001 -13"><span class='ocrx_word' id='word_1_723' title='bbox 2147 3955 2403 4010; x_wconf 86' lang='lat' dir='ltr'><strong>audacter</strong></span> <span class='ocrx_word' id='word_1_724' title='bbox 2433 3967 2678 4008; x_wconf 86' lang='lat' dir='ltr'><strong>asserere</strong></span> <span class='ocrx_word' id='word_1_725' title='bbox 2710 3950 2853 4005; x_wconf 90' lang='lat' dir='ltr'><strong>haud</strong></span> <span class='ocrx_word' id='word_1_726' title='bbox 2890 3960 2974 4005; x_wconf 91' lang='lat' dir='ltr'><strong>est</strong></span> <span class='ocrx_word' id='word_1_727' title='bbox 3004 3950 3209 4006; x_wconf 85' lang='lat' dir='ltr'><strong>veritus</strong></span> <span class='ocrx_word' id='word_1_728' title='bbox 3239 3966 3253 4003; x_wconf 92' lang='lat'>:</span> <span class='ocrx_word' id='word_1_729' title='bbox 3287 3951 3561 4022; x_wconf 89' lang='lat' dir='ltr'><strong>siquidem</strong></span> <span class='ocrx_word' id='word_1_730' title='bbox 3586 3968 3712 4008; x_wconf 86' lang='lat' dir='ltr'><strong>cum</strong></span> 
     </span>
    </p>
   </div>
   <div class='ocr_carea' id='block_1_100' title="bbox 2144 4041 3712 4114">
    <p class='ocr_par' dir='ltr' id='par_1_100' title="bbox 2144 4041 3712 4114">
     <span class='ocr_line' id='line_1_101' title="bbox 2144 4041 3712 4114; baseline -0.002 -13"><span class='ocrx_word' id='word_1_731' title='bbox 2144 4047 2368 4101; x_wconf 86' lang='lat' dir='ltr'><strong>Platone</strong></span> <span class='ocrx_word' id='word_1_732' title='bbox 2395 4060 2501 4100; x_wconf 84' lang='lat' dir='ltr'><strong>suo</strong></span> <span class='ocrx_word' id='word_1_733' title='bbox 2525 4058 2713 4098; x_wconf 88' lang='lat' dir='ltr'><strong>omnes</strong></span> <span class='ocrx_word' id='word_1_734' title='bbox 2736 4044 2865 4098; x_wconf 87' lang='lat' dir='ltr'><strong>deos</strong></span> <span class='ocrx_word' id='word_1_735' title='bbox 2892 4042 3053 4111; x_wconf 88' lang='lat' dir='ltr'><strong>primi</strong></span> <span class='ocrx_word' id='word_1_736' title='bbox 3090 4041 3419 4112; x_wconf 88' lang='lat' dir='ltr'><strong>secundique</strong></span> <span class='ocrx_word' id='word_1_737' title='bbox 3460 4044 3712 4114; x_wconf 84' lang='lat' dir='ltr'><strong>principii</strong></span> 
     </span>
    </p>
   </div>
   <div class='ocr_carea' id='block_1_101' title="bbox 2144 4132 3714 4204">
    <p class='ocr_par' dir='ltr' id='par_1_101' title="bbox 2144 4132 3714 4204">
     <span class='ocr_line' id='line_1_102' title="bbox 2144 4132 3714 4204; baseline -0.002 -12"><span class='ocrx_word' id='word_1_738' title='bbox 2144 4137 2514 4192; x_wconf 88' lang='lat' dir='ltr'><strong>emanationes</strong></span> <span class='ocrx_word' id='word_1_739' title='bbox 2535 4132 2798 4204; x_wconf 86' lang='lat' dir='ltr'><strong>quasdam</strong></span> <span class='ocrx_word' id='word_1_740' title='bbox 2829 4147 2894 4187; x_wconf 87' lang='lat' dir='ltr'><strong>ac</strong></span> <span class='ocrx_word' id='word_1_741' title='bbox 2921 4132 3410 4203; x_wconf 77' lang='lat' dir='ltr'><strong>proseminationes</strong></span> <span class='ocrx_word' id='word_1_742' title='bbox 3436 4148 3567 4190; x_wconf 87' lang='lat' dir='ltr'><strong>esse</strong></span> <span class='ocrx_word' id='word_1_743' title='bbox 3593 4136 3714 4189; x_wconf 81' lang='lat' dir='ltr'><strong>vin-</strong></span> 
     </span>
    </p>
   </div>
   <div class='ocr_carea' id='block_1_102' title="bbox 2145 4223 3712 4299">
    <p class='ocr_par' dir='ltr' id='par_1_102' title="bbox 2145 4223 3712 4299">
     <span class='ocr_line' id='line_1_103' title="bbox 2145 4223 3712 4299; baseline -0.003 -15"><span class='ocrx_word' id='word_1_744' title='bbox 2145 4232 2289 4285; x_wconf 87' lang='lat' dir='ltr'><strong>dicat</strong></span> <span class='ocrx_word' id='word_1_745' title='bbox 2324 4227 2456 4299; x_wconf 77' lang='grc'><strong>(15).</strong></span> <span class='ocrx_word' id='word_1_746' title='bbox 2508 4224 2762 4279; x_wconf 84' lang='lat' dir='ltr'><strong>Eamdem</strong></span> <span class='ocrx_word' id='word_1_747' title='bbox 2808 4224 3012 4293; x_wconf 87' lang='lat' dir='ltr'><strong>pariter</strong></span> <span class='ocrx_word' id='word_1_748' title='bbox 3057 4232 3289 4277; x_wconf 86' lang='lat' dir='ltr'><strong>mentem</strong></span> <span class='ocrx_word' id='word_1_749' title='bbox 3335 4223 3507 4280; x_wconf 79' lang='lat' dir='ltr'><strong>fuisse</strong></span> <span class='ocrx_word' id='word_1_750' title='bbox 3539 4224 3712 4281; x_wconf 62' lang='lat' dir='ltr'><strong>Gravi</strong></span> 
     </span>
    </p>
   </div>
   <div class='ocr_carea' id='block_1_103' title="bbox 2146 4314 3717 4393">
    <p class='ocr_par' dir='ltr' id='par_1_103' title="bbox 2146 4314 3717 4393">
     <span class='ocr_line' id='line_1_104' title="bbox 2146 4314 3717 4393; baseline -0.003 -17"><span class='ocrx_word' id='word_1_751' title='bbox 2146 4320 2454 4393; x_wconf 88' lang='lat' dir='ltr'><strong>philosophi</strong></span> <span class='ocrx_word' id='word_1_752' title='bbox 2482 4334 2608 4374; x_wconf 89' lang='lat' dir='ltr'><strong>cum</strong></span> <span class='ocrx_word' id='word_1_753' title='bbox 2635 4316 2879 4386; x_wconf 82' lang='lat' dir='ltr'><strong>Magnete</strong></span> <span class='ocrx_word' id='word_1_754' title='bbox 2911 4325 3097 4369; x_wconf 88' lang='lat' dir='ltr'><strong>nostro</strong></span> <span class='ocrx_word' id='word_1_755' title='bbox 3131 4314 3483 4384; x_wconf 87' lang='lat' dir='ltr'><strong>disputantis,</strong></span> <span class='ocrx_word' id='word_1_756' title='bbox 3514 4317 3717 4371; x_wconf 75' lang='lat' dir='ltr'><strong>exinde</strong></span> 
     </span>
    </p>
   </div>
   <div class='ocr_carea' id='block_1_104' title="bbox 2147 4408 3718 4485">
    <p class='ocr_par' dir='ltr' id='par_1_104' title="bbox 2147 4408 3718 4485">
     <span class='ocr_line' id='line_1_105' title="bbox 2147 4408 3718 4485; baseline -0.006 -13"><span class='ocrx_word' id='word_1_757' title='bbox 2147 4416 2435 4485; x_wconf 80' lang='lat' dir='ltr'><strong>colligitur,</strong></span> <span class='ocrx_word' id='word_1_758' title='bbox 2464 4411 2608 4484; x_wconf 90' lang='lat' dir='ltr'><strong>quod</strong></span> <span class='ocrx_word' id='word_1_759' title='bbox 2657 4412 2760 4465; x_wconf 90' lang='lat' dir='ltr'><strong>diis</strong></span> <span class='ocrx_word' id='word_1_760' title='bbox 2798 4410 2915 4464; x_wconf 90' lang='lat' dir='ltr'><strong>suis</strong></span> <span class='ocrx_word' id='word_1_761' title='bbox 2946 4423 3050 4463; x_wconf 90' lang='lat' dir='ltr'><strong>non</strong></span> <span class='ocrx_word' id='word_1_762' title='bbox 3088 4408 3324 4462; x_wconf 89' lang='lat' dir='ltr'><strong>nominis</strong></span> <span class='ocrx_word' id='word_1_763' title='bbox 3353 4416 3594 4469; x_wconf 88' lang='lat' dir='ltr'><strong>tantum,</strong></span> <span class='ocrx_word' id='word_1_764' title='bbox 3624 4426 3718 4463; x_wconf 78' lang='lat' dir='ltr'><strong>ve-</strong></span> 
     </span>
    </p>
   </div>
   <div class='ocr_carea' id='block_1_105' title="bbox 2147 4497 3718 4577">
    <p class='ocr_par' dir='ltr' id='par_1_105' title="bbox 2147 4497 3718 4577">
     <span class='ocr_line' id='line_1_106' title="bbox 2147 4497 3718 4577; baseline -0.007 -14"><span class='ocrx_word' id='word_1_765' title='bbox 2147 4524 2267 4563; x_wconf 89' lang='lat' dir='ltr'><strong>rum</strong></span> <span class='ocrx_word' id='word_1_766' title='bbox 2300 4507 2470 4577; x_wconf 91' lang='lat' dir='ltr'><strong>ipsius</strong></span> <span class='ocrx_word' id='word_1_767' title='bbox 2494 4507 2656 4560; x_wconf 83' lang='lat' dir='ltr'><strong>etiam</strong></span> <span class='ocrx_word' id='word_1_768' title='bbox 2685 4501 2980 4556; x_wconf 86' lang='lat' dir='ltr'><strong>divinitatis</strong></span> <span class='ocrx_word' id='word_1_769' title='bbox 3008 4515 3132 4554; x_wconf 93' lang='lat' dir='ltr'><strong>cum</strong></span> <span class='ocrx_word' id='word_1_770' title='bbox 3165 4513 3291 4552; x_wconf 90' lang='lat' dir='ltr'><strong>vero</strong></span> <span class='ocrx_word' id='word_1_771' title='bbox 3320 4497 3433 4552; x_wconf 86' lang='lat' dir='ltr'><strong>Deo</strong></span> <span class='ocrx_word' id='word_1_772' title='bbox 3462 4514 3718 4554; x_wconf 85' lang='lat' dir='ltr'><strong>commu-</strong></span> 
     </span>
    </p>
   </div>
   <div class='ocr_carea' id='block_1_106' title="bbox 2147 4586 3718 4661">
    <p class='ocr_par' dir='ltr' id='par_1_106' title="bbox 2147 4586 3718 4661">
     <span class='ocr_line' id='line_1_107' title="bbox 2147 4586 3718 4661; baseline -0.007 -8"><span class='ocrx_word' id='word_1_773' title='bbox 2147 4605 2362 4653; x_wconf 87' lang='lat' dir='ltr'><strong>nionem</strong></span> <span class='ocrx_word' id='word_1_774' title='bbox 2387 4595 2594 4659; x_wconf 88' lang='lat' dir='ltr'><strong>tribuit,</strong></span> <span class='ocrx_word' id='word_1_775' title='bbox 2621 4592 2949 4661; x_wconf 88' lang='lat' dir='ltr'><strong>eosdemque</strong></span> <span class='ocrx_word' id='word_1_776' title='bbox 2976 4598 3330 4661; x_wconf 85' lang='lat' dir='ltr'><strong>augustorum</strong></span> <span class='ocrx_word' id='word_1_777' title='bbox 3362 4586 3587 4642; x_wconf 85' lang='lat' dir='ltr'><strong>illorum</strong></span> <span class='ocrx_word' id='word_1_778' title='bbox 3616 4604 3718 4642; x_wconf 87' lang='lat' dir='ltr'><strong>no-</strong></span> 
     </span>
    </p>
   </div>
   <div class='ocr_carea' id='block_1_107' title="bbox 2145 4679 3716 4754">
    <p class='ocr_par' dir='ltr' id='par_1_107' title="bbox 2145 4679 3716 4754">
     <span class='ocr_line' id='line_1_108' title="bbox 2145 4679 3716 4754; baseline -0.004 -11"><span class='ocrx_word' id='word_1_779' title='bbox 2145 4690 2377 4751; x_wconf 88' lang='lat' dir='ltr'><strong>minum,</strong></span> <span class='ocrx_word' id='word_1_780' title='bbox 2408 4684 2956 4754; x_wconf 88' lang='lat' dir='ltr'><strong>incorruptibilitatis,</strong></span> <span class='ocrx_word' id='word_1_781' title='bbox 2983 4680 3404 4737; x_wconf 89' lang='lat' dir='ltr'><strong>immortalitatis</strong></span> <span class='ocrx_word' id='word_1_782' title='bbox 3427 4688 3483 4734; x_wconf 90' lang='lat' dir='ltr'><strong>et</strong></span> <span class='ocrx_word' id='word_1_783' title='bbox 3505 4679 3716 4751; x_wconf 86' lang='lat' dir='ltr'><strong>impas-</strong></span> 
     </span>
    </p>
   </div>
   <div class='ocr_carea' id='block_1_108' title="bbox 2148 4770 3714 4843">
    <p class='ocr_par' dir='ltr' id='par_1_108' title="bbox 2148 4770 3714 4843">
     <span class='ocr_line' id='line_1_109' title="bbox 2148 4770 3714 4843; baseline -0.004 -10"><span class='ocrx_word' id='word_1_784' title='bbox 2148 4777 2421 4834; x_wconf 88' lang='lat' dir='ltr'><strong>sibilitatis</strong></span> <span class='ocrx_word' id='word_1_785' title='bbox 2443 4776 2704 4830; x_wconf 87' lang='lat' dir='ltr'><strong>honorem</strong></span> <span class='ocrx_word' id='word_1_786' title='bbox 2737 4772 3082 4843; x_wconf 85' lang='lat' dir='ltr'><strong>participare,</strong></span> <span class='ocrx_word' id='word_1_787' title='bbox 3108 4779 3270 4840; x_wconf 89' lang='lat' dir='ltr'><strong>atque</strong></span> <span class='ocrx_word' id='word_1_788' title='bbox 3300 4770 3553 4839; x_wconf 84' lang='lat' dir='ltr'><strong>ejusdem</strong></span> <span class='ocrx_word' id='word_1_789' title='bbox 3584 4785 3714 4826; x_wconf 81' lang='lat' dir='ltr'><strong>cum</strong></span> 
     </span>
    </p>
   </div>
   <div class='ocr_carea' id='block_1_109' title="bbox 2146 4862 3407 4934">
    <p class='ocr_par' dir='ltr' id='par_1_109' title="bbox 2146 4862 3407 4934">
     <span class='ocr_line' id='line_1_110' title="bbox 2146 4862 3407 4934; baseline -0.006 -11"><span class='ocrx_word' id='word_1_790' title='bbox 2146 4871 2257 4925; x_wconf 86' lang='lat' dir='ltr'><strong>Deo</strong></span> <span class='ocrx_word' id='word_1_791' title='bbox 2296 4880 2502 4925; x_wconf 72' lang='lat' dir='ltr'><strong>natura:</strong></span> <span class='ocrx_word' id='word_1_792' title='bbox 2529 4878 2809 4923; x_wconf 86' lang='lat' dir='ltr'><strong>consortes</strong></span> <span class='ocrx_word' id='word_1_793' title='bbox 2844 4881 2967 4921; x_wconf 88' lang='lat' dir='ltr'><strong>esse</strong></span> <span class='ocrx_word' id='word_1_794' title='bbox 2993 4866 3245 4934; x_wconf 87' lang='lat' dir='ltr'><strong>opinatur</strong></span> <span class='ocrx_word' id='word_1_795' title='bbox 3274 4862 3407 4933; x_wconf 77' lang='grc'><strong>(14).</strong></span> 
     </span>
    </p>
   </div>
   <div class='ocr_carea' id='block_1_110' title="bbox 2148 4972 3705 5055">
    <p class='ocr_par' dir='ltr' id='par_1_110' title="bbox 2148 4972 3705 5055">
     <span class='ocr_line' id='line_1_111' title="bbox 2148 4972 3705 5055; baseline -0.004 -19"><span class='ocrx_word' id='word_1_796' title='bbox 2148 4985 2175 5055; x_wconf 83' lang='lat'>§</span> <span class='ocrx_word' id='word_1_797' title='bbox 2205 4981 2343 5036; x_wconf 80' lang='lat' dir='ltr'><strong>XIII.</strong></span> <span class='ocrx_word' id='word_1_798' title='bbox 2378 4980 2636 5055; x_wconf 73' lang='lat' dir='ltr'><strong>Magnetis</strong></span> <span class='ocrx_word' id='word_1_799' title='bbox 2670 4978 2910 5055; x_wconf 76' lang='lat' dir='ltr'><strong>doctrina</strong></span> <span class='ocrx_word' id='word_1_800' title='bbox 2940 4976 3004 5031; x_wconf 88' lang='lat' dir='ltr'><strong>de</strong></span> <span class='ocrx_word' id='word_1_801' title='bbox 3027 4976 3238 5055; x_wconf 62' lang='lat' dir='ltr'><strong>Christo</strong></span> <span class='ocrx_word' id='word_1_802' title='bbox 3278 4973 3419 5055; x_wconf 85' lang='lat' dir='ltr'><strong>ilio</strong></span> <span class='ocrx_word' id='word_1_803' title='bbox 3446 4972 3550 5055; x_wconf 40' lang='lat' dir='ltr'><strong>[dei</strong></span> <span class='ocrx_word' id='word_1_804' title='bbox 3580 4977 3705 5029; x_wconf 85' lang='lat' dir='ltr'><strong>uni-</strong></span> 
     </span>
    </p>
   </div>
   <div class='ocr_carea' id='block_1_111' title="bbox 2318 5044 3530 5122">
    <p class='ocr_par' dir='ltr' id='par_1_111' title="bbox 2318 5044 3530 5122">
     <span class='ocr_line' id='line_1_112' title="bbox 2318 5044 3530 5122; baseline -0.007 -16"><span class='ocrx_word' id='word_1_805' title='bbox 2318 5044 2511 5122; x_wconf 69' lang='lat' dir='ltr'><strong>genito,</strong></span> <span class='ocrx_word' id='word_1_806' title='bbox 2539 5052 2748 5120; x_wconf 82' lang='lat' dir='ltr'><strong>ejusque</strong></span> <span class='ocrx_word' id='word_1_807' title='bbox 2778 5048 3135 5103; x_wconf 87' lang='lat' dir='ltr'><strong>incarnatione</strong></span> <span class='ocrx_word' id='word_1_808' title='bbox 3154 5055 3203 5099; x_wconf 90' lang='lat' dir='ltr'><strong>et</strong></span> <span class='ocrx_word' id='word_1_809' title='bbox 3233 5044 3530 5098; x_wconf 83' lang='lat' dir='ltr'><strong>miraculis.</strong></span> 
     </span>
    </p>
   </div>
   <div class='ocr_carea' id='block_1_112' title="bbox 2214 5138 3716 5210">
    <p class='ocr_par' dir='ltr' id='par_1_112' title="bbox 2214 5138 3716 5210">
     <span class='ocr_line' id='line_1_113' title="bbox 2214 5138 3716 5210; baseline -0.005 -13"><span class='ocrx_word' id='word_1_810' title='bbox 2214 5143 2445 5199; x_wconf 82' lang='lat' dir='ltr'><strong>lnlinitis</strong></span> <span class='ocrx_word' id='word_1_811' title='bbox 2486 5143 2682 5197; x_wconf 68' lang='lat' dir='ltr'><strong>divinae</strong></span> <span class='ocrx_word' id='word_1_812' title='bbox 2709 5140 2959 5196; x_wconf 85' lang='lat' dir='ltr'><strong>essentiae</strong></span> <span class='ocrx_word' id='word_1_813' title='bbox 2985 5138 3408 5210; x_wconf 80' lang='lat' dir='ltr'><strong>perfectionibus</strong></span> <span class='ocrx_word' id='word_1_814' title='bbox 3452 5153 3716 5208; x_wconf 83' lang='lat' dir='ltr'><strong>supremo</strong></span> 
     </span>
    </p>
   </div>
   <div class='ocr_carea' id='block_1_113' title="bbox 2144 5228 3715 5301">
    <p class='ocr_par' dir='ltr' id='par_1_113' title="bbox 2144 5228 3715 5301">
     <span class='ocr_line' id='line_1_114' title="bbox 2144 5228 3715 5301; baseline -0.007 -13"><span class='ocrx_word' id='word_1_815' title='bbox 2144 5234 2385 5288; x_wconf 87' lang='lat' dir='ltr'><strong>omnium</strong></span> <span class='ocrx_word' id='word_1_816' title='bbox 2408 5249 2587 5289; x_wconf 89' lang='lat' dir='ltr'><strong>rerum</strong></span> <span class='ocrx_word' id='word_1_817' title='bbox 2616 5232 2860 5287; x_wconf 83' lang='lat' dir='ltr'><strong>Creatori</strong></span> <span class='ocrx_word' id='word_1_818' title='bbox 2889 5230 3100 5300; x_wconf 87' lang='lat' dir='ltr'><strong>solique</strong></span> <span class='ocrx_word' id='word_1_819' title='bbox 3130 5228 3437 5285; x_wconf 65' lang='lat' dir='ltr'><strong>monarchte</strong></span> <span class='ocrx_word' id='word_1_820' title='bbox 3460 5230 3715 5301; x_wconf 74' lang='grc' dir='ltr'>ἀγενήτῳ</span> 
     </span>
    </p>
   </div>
   <div class='ocr_carea' id='block_1_114' title="bbox 2219 5382 3710 5474">
    <p class='ocr_par' dir='ltr' id='par_1_114' title="bbox 2219 5382 3710 5474">
     <span class='ocr_line' id='line_1_115' title="bbox 2219 5382 3710 5474; baseline -0.003 -34"><span class='ocrx_word' id='word_1_821' title='bbox 2219 5388 2329 5474; x_wconf 38' lang='lat' dir='ltr'><strong>(nisi)</strong></span> <span class='ocrx_word' id='word_1_822' title='bbox 2368 5386 2862 5474; x_wconf 47' lang='lat' dir='ltr'><strong>Conﬁngusebius,</strong></span> <span class='ocrx_word' id='word_1_823' title='bbox 2918 5383 3159 5457; x_wconf 73' lang='lat' dir='ltr'><strong>Prwpar.</strong></span> <span class='ocrx_word' id='word_1_824' title='bbox 3212 5398 3397 5453; x_wconf 71' lang='lat' dir='ltr'><strong>evang.</strong></span> <span class='ocrx_word' id='word_1_825' title='bbox 3435 5382 3536 5438; x_wconf 88' lang='lat' dir='ltr'><strong>lib.</strong></span> <span class='ocrx_word' id='word_1_826' title='bbox 3586 5399 3710 5443; x_wconf 79' lang='lat' dir='ltr'><strong>xm.</strong></span> 
     </span>
    </p>
   </div>
   <div class='ocr_carea' id='block_1_115' title="bbox 2144 5458 3712 5599">
    <p class='ocr_par' dir='ltr' id='par_1_115' title="bbox 2144 5458 3712 5599">
     <span class='ocr_line' id='line_1_116' title="bbox 2144 5458 2654 5525; baseline -0.004 -11"><span class='ocrx_word' id='word_1_827' title='bbox 2144 5475 2193 5514; x_wconf 89' lang='lat' dir='ltr'><strong>c.</strong></span> <span class='ocrx_word' id='word_1_828' title='bbox 2222 5461 2311 5521; x_wconf 76' lang='lat' dir='ltr'><strong>i5,</strong></span> <span class='ocrx_word' id='word_1_829' title='bbox 2346 5475 2396 5525; x_wconf 91' lang='lat' dir='ltr'><strong>p.</strong></span> <span class='ocrx_word' id='word_1_830' title='bbox 2424 5474 2495 5512; x_wconf 86' lang='lat' dir='ltr'><strong>tu.</strong></span> <span class='ocrx_word' id='word_1_831' title='bbox 2531 5458 2654 5512; x_wconf 66' lang='grc'><strong>694.</strong></span> 
     </span>
     <span class='ocr_line' id='line_1_117' title="bbox 2215 5523 3712 5599; baseline -0.004 -17"><span class='ocrx_word' id='word_1_832' title='bbox 2215 5531 2326 5599; x_wconf 60' lang='lat' dir='ltr'><strong>\M)</strong></span> <span class='ocrx_word' id='word_1_833' title='bbox 2370 5527 2500 5582; x_wconf 83' lang='lat' dir='ltr'><strong>Vide</strong></span> <span class='ocrx_word' id='word_1_834' title='bbox 2544 5528 2905 5598; x_wconf 82' lang='lat' dir='ltr'><strong>fragmentum</strong></span> <span class='ocrx_word' id='word_1_835' title='bbox 2936 5523 2957 5578; x_wconf 94' lang='lat' dir='ltr'><strong>l</strong></span> <span class='ocrx_word' id='word_1_836' title='bbox 2984 5541 3051 5599; x_wconf 51' lang='lat' dir='ltr'><strong>es</strong></span> <span class='ocrx_word' id='word_1_837' title='bbox 3076 5525 3388 5599; x_wconf 71' lang='lat' dir='ltr'><strong>Apocriticis</strong></span> <span class='ocrx_word' id='word_1_838' title='bbox 3419 5523 3712 5595; x_wconf 67' lang='lat' dir='ltr'><strong>Magnetis.</strong></span> 
     </span>
    </p>
   </div>
   <div class='ocr_carea' id='block_1_116' title="bbox 2144 5596 3272 5670">
    <p class='ocr_par' dir='ltr' id='par_1_116' title="bbox 2144 5596 3272 5670">
     <span class='ocr_line' id='line_1_118' title="bbox 2144 5596 3272 5670; baseline -0.003 -19"><span class='ocrx_word' id='word_1_839' title='bbox 2144 5616 2197 5670; x_wconf 85' lang='lat' dir='ltr'><strong>p.</strong></span> <span class='ocrx_word' id='word_1_840' title='bbox 2225 5596 2375 5656; x_wconf 9' lang='lat' dir='ltr'><strong>itﬁ&#39;et</strong></span> <span class='ocrx_word' id='word_1_841' title='bbox 2407 5600 2494 5665; x_wconf 70' lang='lat'><strong>22,</strong></span> <span class='ocrx_word' id='word_1_842' title='bbox 2523 5610 2574 5653; x_wconf 88' lang='lat' dir='ltr'><strong>et</strong></span> <span class='ocrx_word' id='word_1_843' title='bbox 2603 5596 2957 5670; x_wconf 72' lang='lat' dir='ltr'><strong>fragmentum</strong></span> <span class='ocrx_word' id='word_1_844' title='bbox 2992 5596 3077 5663; x_wconf 90' lang='lat' dir='ltr'><strong>Ill,</strong></span> <span class='ocrx_word' id='word_1_845' title='bbox 3110 5614 3162 5666; x_wconf 88' lang='lat' dir='ltr'><strong>p.</strong></span> <span class='ocrx_word' id='word_1_846' title='bbox 3188 5596 3272 5649; x_wconf 72' lang='grc'><strong>40.</strong></span> 
     </span>
    </p>
   </div>
  </div>
