3966 6206
262 278 401 334 1589

1410 280 1690 336 NOTITIA
1729 281 1817 336 ET
1858 280 2301 338 FRAGMENTA.

3352 290 3487 344 1390

255 398 353 451 καὶ
380 379 690 460 summa
731 396 839 449 τῶν
878 395 1118 467 γενητῶν
1162 396 1325 467 (coni.
1361 399 1383 451 Ι
1429 397 1570 452 Tim.
1618 414 1693 465 VI,
1730 398 1809 464 151

1922 408 1970 451 et
1996 415 2087 467 per
2112 415 2166 453 se
2190 400 2499 453 subsistente
2523 384 2641 468 ε]ἶέ
2674 398 2854 467 Verbo,
2886 403 3023 471 quod
3050 404 3331 458 secundum
3354 407 3484 460 ima-

256 492 349 561 16)
388 492 692 555 vindicatis,
723 492 981 561 cultuque
1012 490 1186 561 ipsius
1226 508 1257 546 a
1299 492 1585 563 polytheiaa
1632 509 1821 563 super-

253 583 477 639 stitione
524 592 578 637 et
628 591 999 637 creaturarum
1049 584 1325 638 consortio
1376 592 1608 655 purgato
1651 584 1817 655 (coni.

250 670 361 729 lsa.
394 687 528 737 XLII,
577 669 667 742 8);
711 668 981 727 Macarius
1012 672 1230 743 Magnes
1258 674 1314 727 in
1358 671 1677 743 fragmentis
1727 690 1821 729 su-

250 766 577 836 perstitibus
625 765 830 820 nullam
858 765 1077 835 quidem
1128 764 1410 821 Trinitatis
1457 766 1818 821 Personarum

250 859 563 913 divinarum
593 859 851 914 disertam
881 860 1055 929 injicit
1084 862 1436 925 mentionem,
1467 876 1590 915 cum
1618 859 1685 914 de
1718 861 1821 915 hoc

250 951 514 1021 mysterio
566 948 749 1005 nullus
782 951 883 1020 ipsi
926 951 1240 1019 disputandi
1286 952 1440 1005 locus
1488 958 1633 1006 esset
1684 951 1814 1021 (15).

248 1041 444 1098 Plures
477 1052 660 1098 tamen
689 1044 743 1096 in
778 1044 879 1097 hac
907 1057 1013 1097 una
1041 1044 1277 1097 essentia
1316 1043 1496 1097 divina
1538 1057 1661 1097 esse
1690 1042 1818 1096 Per-

248 1152 435 1201 sonas,
469 1136 712 1206 ejusdem
750 1145 977 1199 natura),
1025 1135 1305 1205 qualitatis
1342 1145 1503 1205 atque
1544 1135 1815 1204 potentiae,

247 1232 484 1302 primum
528 1231 645 1301 ipsa
690 1230 1021 1285 monarchize
1063 1230 1258 1283 divina:
1302 1229 1451 1284 notio
1498 1227 1565 1282 ab
1598 1239 1818 1283 auctore

248 1334 440 1378 nostro
471 1323 730 1388 stabilita,
777 1331 831 1376 et
878 1336 1042 1389 supra
1088 1320 1115 1391 §
1163 1320 1196 1374 5
1238 1321 1503 1389 explicata
1545 1320 1814 1390 indigitat,

248 1430 361 1481 qua
389 1413 441 1467 in
472 1412 680 1465 unitate
706 1409 872 1464 simul
915 1407 1234 1462 Trinitatem
1282 1407 1641 1462 Personarum
1668 1421 1817 1460 com-

248 1506 623 1576 plectebantur
644 1502 854 1570 antiqui
888 1499 1142 1555 Ecclesia:
1167 1499 1435 1553 doctores.
1464 1497 1665 1551 Deinde
1689 1512 1816 1550 vero

250 1614 361 1651 non
409 1597 592 1649 minus
635 1594 918 1663 pluralitas
965 1591 1326 1646 Personarum
1369 1604 1432 1644 ex
1474 1600 1817 1660 argumenta—

248 1689 396 1741 tione
423 1686 681 1755 Magnetis
712 1684 880 1738 nostri
911 1684 1161 1752 superius
1185 1683 1295 1752 jam
1328 1697 1439 1737 tum
1471 1681 1498 1753 §
1529 1683 1559 1735 6
1584 1682 1815 1735 adducta

247 1781 539 1851 colligitur,
562 1780 614 1833 in
646 1792 751 1848 qua
785 1778 1047 1832 unitatem
1073 1777 1324 1832 essentia:
1349 1776 1543 1830 div-iure
1569 1776 1672 1829 diis
1694 1774 1815 1843 qui-

248 1876 371 1930 dem
425 1873 701 1944 gentilium
738 1870 887 1925 falsis
925 1869 1234 1938 ﬁctitiisque
1278 1869 1492 1937 penitus
1520 1868 1811 1935 abjudicat,

246 1966 467 2020 Christo
507 1972 685 2017 autem
727 1960 959 2015 Domino
993 1968 1182 2013 nostro
1228 1974 1353 2012 rere
1396 1972 1458 2010 ac
1489 1958 1703 2025 proprie
1735 1957 1813 2012 sic

247 2059 394 2114 dicto
438 2055 711 2127 propriam
744 2064 906 2122 atque
952 2052 1278 2122 peculiarem
1317 2059 1517 2112 tuetur,
1562 2049 1811 2104 ﬁrmissi-

251 2166 401 2205 mum
426 2149 614 2218 utique
644 2146 953 2216 pra-sidiqu
986 2144 1257 2198 advocans
1287 2157 1352 2196 ex
1383 2140 1811 2195 luculentissima

252 2244 310 2299 S.
344 2241 577 2313 apostoli
618 2239 770 2293 Pauli
808 2237 1117 2293 testimonio
1142 2234 1161 2288 ι
1188 2234 1312 2289 Cor.
1344 2248 1464 2293 vm,
1496 2231 1549 2297 5,
1578 2232 1630 2285 6.
1670 2230 1809 2285 Tum

247 2337 483 2406 denique
533 2334 714 2388 divina
770 2332 946 2385 haecce
1000 2329 1202 2383 veritas
1257 2343 1286 2380 a
1344 2325 1581 2380 Macario
1625 2335 1809 2378 nostro

248 2438 488 2484 astructa
535 2426 777 2479 omnium
824 2422 1060 2477 maxime
1106 2436 1170 2475 ex
1205 2419 1487 2489 perspicua
1532 2416 1648 2484 ejus
1677 2430 1809 2469 con-

247 2518 486 2576 fessione
515 2519 579 2573 de
605 2517 825 2572 Christo
854 2513 992 2567 Filio
1017 2512 1110 2566 Dei
1148 2511 1425 2576 unigenito
1457 2507 1689 2562 dilucide
1713 2522 1809 2575 ap-

246 2620 419 2682 paret,
451 2609 506 2663 in
535 2608 643 2678 qua
674 2606 921 2661 eumdem
953 2617 1107 2658 vocat
1134 2602 1256 2655 Υἱὺν
1293 2600 1549 2671 μονογενῆ
1576 2598 1668 2651 τοῦ
1698 2599 1810 2650 Πα-

245 2701 392 2774 τρὸς,
423 2699 755 2768 ἀπαύγασμα
786 2696 886 2765 τῆς
908 2693 1063 2763 δόξης
1087 2694 1180 2746 κα).
1203 2691 1522 2763 χαρακτῆρα
1552 2688 1649 2758 τῆς
1678 2690 1809 2741 ὑπο-

249 2793 488 2854 στάσεως
516 2788 698 2852 αύτοῦ,
726 2788 852 2842 item
878 2788 967 2839 τὸν
1000 2784 1175 2849 ζῶντα
1209 2784 1301 2836 κα).
1335 2780 1686 2834 emetat:be
1716 2779 1809 2832 Λό-

247 2900 362 2952 γον,
389 2880 803 2954 ἀπαράλλακτον
855 2878 949 2931 καὶ
996 2874 1311 2944 ἰσοδύναμον
1333 2892 1345 2903 ·
1384 2873 1580 2941 quibus
1615 2871 1804 2936 titulis,

247 2971 387 3028 duce
426 2972 705 3040 Scriptura
738 2981 917 3031 sacra,
951 2966 1150 3036 passim
1185 2962 1391 3032 antiqui
1423 2960 1678 3017 Ecclesiae
1709 2962 1807 3014 do-

245 3075 424 3122 ctores
445 3062 640 3116 Filium
667 3073 980 3129 nuncupare
1005 3057 1202 3113 solent.
1236 3054 1354 3125 Ipsa
1381 3054 1672 3109 testimonii
1707 3054 1806 3107 hu-
1835 3095 1881 3156 Ο

240 3158 332 3228 jus
357 3155 520 3211 verba
542 3168 603 3207 ex
631 3149 943 3221 fragmentis
970 3144 1268 3209 ἀνεκδότοις
1293 3144 1667 3201 Commentarii
1696 3143 1808 3197 Ma-

249 3250 429 3321 gnetis
471 3248 528 3301 in
580 3244 800 3300 Cenesin
843 3242 1076 3313 primum
1128 3239 1516 3309 producamus,
1564 3252 1686 3306 qua:
1736 3235 1810 3290 ita

243 3341 483 3395 habent:
524 3336 597 3391 Τὸ
642 3336 770 3408 γὰρ,
819 3332 1170 3401 Ποιήσωμεν
1211 3331 1525 3398 ἄνθρωπον
1562 3327 1686 3382 κατ’
1729 3330 1809 3381 ει-

244 3433 396 3485 κόνα
438 3428 729 3499 ἡμετέραν
776 3427 873 3480 καὶ
914 3425 1039 3479 καθ’
1088 3424 1389 3493 ὁμοίωσιν,
1432 3420 1581 3475 οὐδὲν
1626 3420 1809 3489 ἕτερον

241 3526 532 3590 δείκνυσιν,
562 3523 595 3595 ἢ
619 3524 698 3576 ὅτι
726 3519 1011 3590 συμϐούλῳ
1039 3519 1304 3588 ἐχρήσατο
1328 3516 1357 3567 ὁ
1383 3514 1571 3584 Πατὴρ
1601 3512 1677 3582 τῷ
1713 3530 1807 3583 μο-

242 3618 451 3685 νογενεί
488 3613 648 3668 αύτοῦ
689 3611 765 3683 τῷ
802 3609 916 3681 Υἱῷ
956 3609 1047 3661 ἐπὶ
1069 3611 1135 3679 τῇ
1169 3606 1356 3660 τούτου
1388 3606 1716 3673 κατασκευῇ,
1750 3605 1809 3667 ὃς

243 3712 363 3763 ἐστι
396 3708 458 3762 τὸ
493 3705 833 3776 ἀπαύγασμα
867 3704 965 3773 τῆς
993 3700 1171 3772 δόξης,
1201 3696 1344 3751 κατὰ
1368 3694 1803 3759 τὸνἋπόστολον,

243 3800 340 3855 καὶ
367 3796 648 3871 χαρακτὴρ
672 3794 770 3862 τῆς
794 3790 1139 3851 ὑποστάσεως
1163 3785 1345 3840 αὑτοῦ.
1379 3782 1513 3837 Οὔτε
1546 3781 1653 3853 γάρ
1683 3781 1807 3851 ἐνῆν

240 3892 387 3962 ἄλλῳ
410 3891 514 3944 τινὶ
544 3886 827 3959 συμϐούλῳ
852 3879 1168 3954 κεχρῆσθαι,
1198 3879 1231 3949 ἢ
1263 3877 1341 3948 τῷ
1367 3875 1529 3941 ζῶντι,
1554 3874 1648 3928 καὶ
1676 3874 1808 3927 ὐπο-

245 3982 484 4053 στατικῷ
521 3974 683 4035 αύτοῦ
724 3978 900 4047 Λόγῳ,
938 3973 1015 4045 τῷ
1045 3968 1447 4042 ἀπαραλλάκτῳ
1485 3964 1648 4020 αὑτοῦ
1686 3966 1803 4018 κατ’

240 4075 426 4128 εἰκόνα
458 4068 551 4126 καὶ
591 4070 865 4142 ὁμοίωσιν,
903 4066 995 4117 καὶ
1042 4062 1358 4130 ἰσοδυνάμῳ.
1406 4057 1605 4126 Quippe
1631 4054 1804 4108 illud:

248 4186 267 4217 ο
314 4162 597 4218 Faciamus
640 4159 895 4213 hominem
937 4152 1219 4207 secundum
1255 4148 1537 4218 imaginem
1569 4154 1805 4198 nostram

236 4268 292 4311 et
317 4255 598 4311 secundum
622 4250 1038 4309 similitudinem,
1068 4264 1088 4297 ι
1120 4242 1251 4297 nihil
1274 4240 1421 4294 aliud
1458 4237 1676 4301 indicat,
1701 4236 1804 4288 nisi

237 4350 382 4420 quod
418 4346 580 4399 Pater
612 4344 669 4398 in
701 4342 855 4411 hujus
887 4338 1200 4408 formatione
1232 4331 1537 4386 consiliario
1572 4346 1697 4382 usus
1726 4336 1803 4380 est

1921 492 2089 560 ginem
2120 492 2182 544 ab
2220 507 2278 545 eo
2319 490 2452 545 nihil
2492 492 2693 561 di/fert,
2731 502 2779 546 et
2824 496 3075 565 wqualem
3114 496 3265 552 habet
3301 510 3483 567 poten-

1924 582 2072 635 tiam.
2141 581 2535 652 Antiquitatem
2598 582 2760 652 hujus
2832 586 3175 655 argumenti,
3242 603 3353 659 quo
3416 591 3482 644 ad

1920 671 2265 726 astruendam
2300 672 2500 727 Christi
2539 673 2878 728 divinitatem
2921 674 3190 731 Macarius
3231 677 3332 731 hoc
3364 677 3484 732 loco

1921 777 2056 815 usus
2108 770 2211 826 est,
2265 762 2462 817 exinde
2503 764 2741 832 primum
2784 779 3112 835 cognoscere
3148 768 3293 835 licet,
3334 770 3483 839 quod

1922 851 1979 908 S.
2011 853 2308 918 Barnabas,
2357 856 2445 909 vel
2472 856 2612 910 alius
2641 853 2837 910 'saltem
2878 858 2979 911 aevi
3012 860 3298 927 apostolici
3342 862 3480 916 scri-

1920 949 2059 1010 ptor,
2080 942 2191 1009 jam
2220 952 2333 995 tum
2363 943 2563 997 sreculo
2589 944 2888 1013 apostolico
2911 946 3097 1001 eadem
3127 948 3334 1003 ratione
3356 965 3485 1018 prae.

1918 1032 2289 1086 exsistentiam
2321 1031 2441 1086 Filii
2475 1032 2567 1087 Dei
2598 1046 2722 1089 ante
2748 1035 3024 1090 conditum
3056 1038 3319 1093 mundum
3350 1056 3485 1109 pro-

1918 1124 2076 1180 basse
2097 1125 2309 1195 legitur.
2350 1126 2400 1182 Is
2433 1127 2578 1182 enim
2607 1129 2662 1181 in
2694 1128 2919 1198 epistola
2949 1129 3218 1185 catholica
3247 1132 3316 1185 ab
3342 1134 3483 1186 anti'

1919 1217 2042 1286 quis
2076 1217 2202 1269 olim
2237 1216 2495 1273 Ecclesiae
2524 1218 2777 1273 Patribus
2812 1221 2914 1273 sub
2960 1222 3178 1275 nomine
3219 1221 3482 1277 Barnabze

1920 1310 2146 1376 apostoli
2189 1310 2424 1373 laudata,
2466 1312 2620 1381 juxta
2655 1313 2934 1382 antiquam
2975 1314 3281 1369 versionem
3334 1315 3482 1370 Lati-

1919 1416 2041 1454 nam
2061 1415 2179 1469 cap.
2203 1401 2237 1453 4
2272 1402 2384 1471 (16)
2408 1403 2517 1471 (ubi
2542 1403 2760 1459 Graecus
2796 1413 2975 1459 textus
3003 1405 3383 1477 desideratur),
3414 1410 3482 1461 de

1920 1489 2205 1545 Serratore
2239 1504 2424 1546 nostro
2458 1494 2536 1547 sic
2576 1494 2848 1563 loquitur:
2887 1496 2955 1548 Et
2987 1498 3056 1549 ad
3101 1496 3195 1550 hoc
3227 1498 3507 1552 Dominus

1916 1584 2163 1636 sustinuit
2189 1587 2301 1653 pali
2338 1602 2431 1654 pro
2457 1587 2636 1639 anima
2667 1597 2868 1651 nostra,
2896 1604 3013 1642 cum
3042 1592 3108 1642 sit
3137 1592 3275 1643 orbis
3312 1601 3477 1644 terra-

1917 1690 2033 1726 rum
2088 1674 2363 1735 Dominus.
2414 1678 2497 1728 cui
2548 1678 2683 1729 dixit
2735 1679 2875 1748 (scil.
2930 1682 3065 1733 Deus
3118 1681 3281 1734 Pater
3331 1682 3509 1751 (l7),-

1915 1768 2111 1835 quippe
2142 1768 2227 1821 cui
2260 1768 2437 1823 Moses
2473 1770 2528 1822 in
2562 1770 2818 1837 primaeva
2866 1774 3140 1826 creatione
3176 1775 3287 1827 haec
3313 1775 3511 1829 verba:

1914 1857 2121 1924 prolata
2178 1858 2384 1927 tribuit)
2441 1860 2525 1913 die
2578 1870 2699 1913 ante
2757 1863 3183 1916 constitutionem
3243 1865 3474 1920 swculi:

1920 1965 1937 1995 ι
1978 1945 2263 2000 Faciamus
2291 1948 2552 2001 hominem
2587 1950 2656 2001 ad
2688 1950 2970 2018 imaginem
2997 1961 3045 2004 et
3077 1952 3477 2005 similitudinem

1914 2047 2169 2090 nostram.
2211 2057 2227 2087 ι
2269 2038 2440 2103 Quem
2469 2038 2725 2107 deinceps
2749 2041 2917 2093 secuti
2945 2051 3069 2095 sunt
3107 2043 3475 2112 antiquissimi

1912 2129 2098 2186 Patres
2133 2131 2242 2201 (l8)
2272 2131 2324 2184 in
2357 2132 2635 2200 probanda
2665 2132 2784 2186 Filii
2816 2132 2906 2187 Dei
2943 2136 3302 2206 προϋπάρξει,
3337 2153 3473 2205 pra:-

1911 2223 2107 2278 stautia
2152 2233 2312 2293 atque
2354 2224 2653 2290 divinitate,
2699 2227 3090 2296 speciatimque
3137 2227 3476 2298 Theophilus

1910 2312 2281 2368 Antiochenus
2317 2313 2385 2366 ad
2427 2313 2741 2383 Autolycum
2769 2315 2861 2369 lib.
2904 2330 2965 2379 ιι,
3019 2330 3136 2383 cap.
3173 2315 3262 2380 9.8,
3306 2332 3356 2385 p.
3394 2333 3471 2371 m.

1912 2404 2013 2459 158
2040 2422 2053 2457 :
2084 2403 2196 2456 Οὐκ
2223 2402 2365 2473 ἄλλῳ
2395 2403 2452 2456 δέ
2484 2420 2610 2467 τινι,
2638 2404 2832 2473 inquit,
2858 2404 3065 2474 εἴρηκε,
3106 2404 3473 2475 Ποιήσωμεν,

1909 2496 2022 2549 ἀλλ’
2048 2496 2081 2567 ἢ
2112 2496 2189 2566 τῷ
2220 2496 2412 2550 ἑαυτοῦ
2435 2495 2593 2567 Λόγῳ
2621 2498 2713 2549 καὶ
2745 2500 2811 2567 τῇ
2834 2497 3026 2549 ἑαυτοῦ
3062 2498 3239 2569 σοφίᾳ.
3277 2499 3330 2553 Id
3355 2509 3469 2554 est:

1912 2587 2067 2640 Nulli
2100 2588 2195 2641 alii
2236 2588 2376 2640 dixit
2398 2627 2413 2650 ,
2446 2606 2465 2638 ‹
2505 2586 2812 2652 Faciamus,
2849 2606 2868 2638 ι
2908 2604 3063 2657 quam
3091 2605 3184 2642 suo
3236 2589 3396 2643 Verbo
3421 2600 3473 2644 et

1908 2696 2018 2736 sua:
2057 2681 2347 2750 sapientiae.
2392 2679 2600 2746 Quibus
2623 2681 2804 2735 verbis
2849 2679 3060 2735 Patrem
3092 2690 3146 2736 et
3182 2680 3377 2735 Filium
3419 2692 3474 2737 et

1910 2770 2167 2841 Spiritum
2192 2780 2437 2826 sanctum
2463 2770 2737 2841 designari
2782 2771 3023 2840 plerique
3063 2770 3282 2827 Patrum
3325 2775 3460 2827 exis-

1908 2864 2188 2927 timarunt,
2228 2878 2365 2931 quos
2404 2862 2657 2917 excitavit
2688 2860 2844 2916 Dion.
2877 2860 3130 2917 Petavius
3160 2863 3215 2917 in
3249 2863 3475 2936 (legata;

1910 2956 2046 3010 tibus
2084 2955 2262 3019 theol.,
2301 2956 2395 3010 lib.
2429 2973 2493 3018 ιι,
2528 2954 2604 3008 De
2630 2953 2908 3021 Trinitate,
2933 2970 3051 3024 cap.
3092 2954 3143 3018 7,
3181 2954 3272 3027 μ
3296 2941 3466 3026 seqq.

1912 3049 2041 3119 (19).
2070 3046 2208 3103 Cum
2238 3048 2401 3115 igitur
2432 3047 2700 3102 Macarius
2726 3046 2944 3117 Magnes
2967 3047 3135 3101 Deum
3168 3046 3379 3101 Patrem
3414 3049 3469 3102 in

1912 3140 2235 3195 formatione
2265 3138 2499 3194 hominis
2520 3138 2661 3193 Filio
2695 3154 2795 3194 suo
2831 3139 3108 3209 unigenito
3156 3140 3471 3195 consiliario

1910 3249 2068 3289 usum
2108 3246 2230 3287 esse
2264 3230 2478 3293 asserit,
2507 3240 2763 3300 tanquam
2807 3228 2981 3284 Verbo
3016 3230 3140 3285 vivo
3185 3240 3239 3285 et
3286 3247 3378 3300 per
3413 3249 3472 3287 se

1910 3324 2260 3384 subsistente,
2287 3322 2661 3391 :equalemque
2692 3336 2815 3375 cum
2849 3322 2967 3390 ipso
3008 3321 3238 3375 habente
3282 3332 3471 3391 poten-

1912 3416 2040 3468 tiam
2069 3433 2081 3468 :
2132 3414 2335 3467 nullum
2366 3413 2525 3481 plane
2567 3422 2652 3467 est
2686 3412 2935 3476 dubium,
2968 3411 3068 3466 hac
3110 3412 3471 3482 descriptione

1909 3506 2306 3577 apertissimam
2335 3505 2634 3559 divinitatis
2664 3515 2848 3559 notam
2892 3504 3188 3570 contineri;
3225 3504 3471 3573 inprimis

1908 3613 2033 3652 cum
2066 3599 2118 3651 in
2147 3597 2423 3665 Scriptura
2469 3611 2624 3650 sacra
2662 3594 2804 3650 Deus
2831 3595 3049 3649 nonnisi
3090 3582 3213 3649 cuin
3248 3596 3470 3664 reliquis

1908 3687 2159 3743 Personis
2188 3687 2386 3741 divinis
2418 3688 2757 3741 consultasse
2783 3684 3011 3755 legatur,
3040 3697 3140 3737 nec
3170 3699 3294 3738 cum
3318 3699 3469 3739 crea-

1908 3779 2065 3841 turis,
2097 3792 2219 3847 quae
2252 3777 2491 3831 nondum
2527 3777 2582 3831 in
2617 3792 2798 3831 rerum
2824 3784 3015 3829 natura
3041 3775 3382 3839 exstiterant,
3411 3775 3466 3827 in

1906 3870 2161 3939 primmva
2186 3883 2368 3922 rerum
2396 3867 2643 3921 omnium
2676 3866 2948 3921 creatione
2976 3865 3265 3921 consilium
3293 3864 3462 3919 ullum

1907 3960 2044 4013 inire
2073 3959 2331 4029 potuerit.
2364 3956 2582 4027 Spectat
2613 3959 2717 4011 huc
2742 3958 2902 4011 etiam
2927 3956 3157 4011 illustris
3188 3955 3274 4009 ille
3313 3955 3466 4012 locus

1906 4050 2115 4105 Hermae
2143 4050 2381 4103 Pastoris
2407 4048 2501 4102 lib.
2528 4063 2612 4113 ιιι,
2641 4045 2995 4102 similitudine
3018 4045 3072 4112 9,
3103 4060 3222 4113 cap.
3252 4045 3340 4110 12,
3372 4046 3465 4101 ubi

1904 4142 2319 4213 antiquissimus
2341 4140 2571 4209 scriptor
2603 4137 3081 4209 prazexsistentiam
3110 4136 3234 4191 Filii
3256 4136 3347 4192 Dei
3380 4138 3465 4192 his

1905 4234 2084 4291 verbis
2115 4234 2392 4290 declarat:
2435 4232 2607 4286 Filius
2656 4232 2865 4301 quidem
2906 4229 3002 4283 Dei
3043 4228 3185 4283 omni
3221 4239 3466 4282 creatura

1905 4324 2171 4395 antiquior
2215 4335 2317 4388 est,
2350 4323 2427 4377 ita
2454 4331 2512 4375 ut
2538 4322 2605 4392 .in
2635 4318 2851 4374 consilio
2892 4317 3048 4389 Patri
3092 4331 3187 4372 suo
3231 4316 3464 4386 adfuerit

242 4410 393 4493 b‘ilio
431 4454 525 4491 suo
569 4433 854 4504 unigenito,
896 4430 985 4499 qui
1019 4426 1264 4497 splendor
1300 4434 1376 4478 est
1424 4422 1623 4492 gloritc,
1643 4421 1803 4489 juxta
1836 4439 1882 4494 D
1905 4418 1974 4472 ad
2004 4416 2326 4471 condendam
2359 4425 2660 4469 creaturam
2692 4410 2825 4483 (20).

240 4530 550 4599 Apostolum
580 4528 764 4599 (Hebr.
815 4541 853 4588 ι,
885 4524 961 4591 ὖ),
1006 4531 1053 4575 et
1098 4521 1270 4589 ﬁgura
1312 4514 1621 4569 substantia’
1666 4512 1798 4579 ejus.

243 4623 357 4678 Nec
386 4622 519 4677 enim
551 4621 739 4674 licebat
776 4616 885 4670 ullo
911 4612 1018 4667 alio
1043 4608 1344 4665 consiliario
1366 4608 1464 4671 uti,
1502 4620 1658 4673 quam
1688 4604 1801 4656 viro

316 4799 425 4871 (15)
465 4797 752 4871 Eusebius.
795 4792 891 4846 lib.
933 4805 972 4843 ιι
1022 4784 1495 4871 Denecclesigistic‘g
1528 4779 1800 4871 theologia

240 4850 427 4925 contra
466 4850 796 4927 Marcellum,
831 4879 883 4931 p.
919 4876 992 4913 m.
1041 4856 1144 4931 MO
1174 4855 1400 4931 scribit:
1434 4850 1545 4931 iVos
1572 4851 1634 4929 in
1673 4866 1799 4931 con-

440 4919 738 5010 quocnnque
766 4919 884 4986 cum
916 4930 1133 4999 paganis
1160 4926 1384 4979 solemus
1414 4920 1710 5012 doctrinam
1737 4919 1800 4972 de

240 5001 462 5066 Christo'
490 5013 543 5061 in
587 5001 785 5073 tempus
816 5013 1161 5073 opportunum
1190 5008 1451 5073 reponere,
1481 5001 1531 5044 et
1563 5006 1617 5042 in
1659 5005 1798 5073 praef

240 5082 376 5134 senti
401 5080 591 5134 erroris
622 5067 941 5129 idololatrici
972 5067 1387 5141 redargutionem
1414 5076 1718 5141 proponere,
1749 5070 1799 5114 et

239 5129 627 5203 ieiunitatem
656 5141 1076 5197 demonstrativis
1110 5129 1691 5203 rationibus'stabilire.

315 5197 361 5289 (1
653 5216 720 5268 14
743 5213 884 5290 edit.
901 5209 1141 5279 Hugonis
1162 5204 1402 5290 Meliardi

314 5269 428 5359 iiii
462 5269 580 5362 Νόῇ
609 5300 739 5362 vero
773 5269 1075 5362 ξετίριειῖειο
1098 5269 1798 5362 ριξὲηι..ῑιὲ9μ³9,¹²ἐὲεῐηη19’

239 5341 499 5433 que—nterii
519 5341 750 5433 absurde
780 5341 929 5420 lingit
951 5341 1131 5433 Lucas
1153 5345 1502 5433 Mellierusuin
1530 5341 1799 5433 b‘ide

238 5408 910 5485 mer'um-t-thrisnanoruni,
941 5419 1203 5473 refutatus
1221 5423 1508 5485 propterea
1532 5427 1560 5485 ξι
1596 5409 1645 5463 J.
1665 5408 1794 5485 Ern.

475 5478 809 5552 illiradnolat.
844 5478 909 5543 ad
937 5488 1128 5555 Georg.
1162 5478 1300 5538 ΒώΙί
1329 5478 1700 5555 ’Πείιξηεξοηεηι
1726 5478 1796 5545 ﬁ-

240 5504 443 5555 Grabio
478 5504 531 5552 in
569 5504 809 5550 adnotat.
844 5504 909 5543 au
937 5504 1077 5543 ucor
1115 5527 1128 5541 .
1162 5504 1300 5538 nuru
1338 5504 1700 5550 ιιειεηδιυιιεηι
1726 5504 1796 5545 μ-

237 5572 324 5627 dei
353 5568 605 5631 Nicwnae,
639 5579 691 5633 p.
721 5579 792 5616 m.
816 5562 878 5633 ξι
910 5504 1151 5633 βθαᾳ.ἧιι
1178 5552 1649 5633 anstitutisnibus
1670 5563 1798 5633 apo:-

237 5625 458 5703 stolicis,
490 5625 660 5697 lib.'v-,
680 5649 799 5703 cap.
826 5631 879 5703 7,
910 5625 1205 5703 Ιιίξσνθιὺο
1230 5625 1522 5703 Scriptura:
1539 5632 1799 5703 expresse

238 5692 425 5768 itidem
447 5692 712 5776 tanquam
747 5692 790 5757 ἰι
822 5692 930 5756 Deo
956 5698 1115 5755 Patre
1143 5696 1210 5752 ad
1237 5694 1433 5751 Filium
1460 5692 1795 5761 unigenitum

1976 4509 2226 4563 Divinum
2260 4523 2426 4578 porro
2469 4522 2605 4575 Opus
2638 4502 2926 4559 creationis
2970 4515 3210 4556 omnium
3256 4512 3463 4561 rerum,

1904 4600 2012 4655 imo
2041 4609 2094 4654 et
2123 4600 2294 4669 ipsius
2324 4597 2581 4663 hominis,
2614 4595 2750 4649 Filio
2772 4592 2867 4647 Dei
2894 4591 3139 4648 attribuit
3165 4588 3382 4661 Magnes
3408 4588 3464 4642 iu

1901 4770 2043 4824 dicta
2098 4769 2397 4838 allegantur
2444 4767 2603 4838 hunc
2633 4766 2685 4819 in
2727 4764 2951 4838 modum
2987 4779 3002 4838 ξ
3041 4760 3239 4838 Keilii»;
3286 4759 3380 4812 καὶ
3428 4762 3462 4838 ἡ

1901 4840 2022 4921 θεία
2044 4831 2229 4921 Γραφῇ
2257 4839 2524 4921 μαρτυρεῖ
2539 4836 2771 4921 ¹ξκιέχοντα
2802 4833 3046 4921 τὸν-Θεὸν
3080 4831 3158 4902 τῷ
3191 4833 3464 4902 μονογενεῖ

1901 4859 2022 4894 OELa
2045 4859 2213 4921 ιραφτ
2257 4859 2518 4908 μαρτυρει
2550 4859 2771 4905 Λεγοντα
2802 4859 2889 4888 τον
2917 4859 2972 4885 σε

1899 4912 2153 4982 Χριστῳ;
2181 4859 2851 4982 [ἰοιήσωμεν-ἄνθρωπον,¹
2867 4914 2972 4982 etc,

1971 4967 2362 5051 (18)'gQuoru'm
2399 4967 2713 5051 iesti_m_onia
2745 4974 3009 5051 dubiique
3035 4970 3260 5051 adduxit
3306 4967 3462 5051 Hugg

1971 4987 2082 5051 (18)
2121 4987 2362 5045 Quorum
2405 4987 2713 5031 testimonia
2753 4987 3009 5044 ομοψηφα
3035 4987 3260 5026 acuunt
3307 4987 3462 5094 nugo

1900 5049 2188 5105 Menardus
2213 5049 2269 5103 in
2298 5047 2443 5102 notis
2468 5047 2536 5101 ad
2555 5045 2852 5115 Epistolam
2873 5043 3150 5107 Barnabas,
3173 5057 3228 5111 p.
3255 5055 3331 5094 In.
3358 5041 3383 5094 1
3426 5039 3465 5095 5

1900 5137 2052 5176 εειια.

2122 5187 2635 5261 Gentiliumnugas,
2663 5185 2755 5261 qui
2784 5183 2967 5261 Deum
2986 5181 3101 5236 haec
3129 5182 3289 5235 verba
3319 5178 3461 5261 forte

1900 5252 2172 5315 ad'falsos
2211 5269 2263 5313 et
2311 5252 2643 5312 adulterinos
2681 5252 2812 5309 deos
2859 5253 3063 5307 dixisse
3108 5252 3457 5314 contendunt,

1898 5327 2513 5400 eleganterprosternit
2566 5326 2802 5400 Cyrinus
2849 5322 3249 5377 Alexandrinus
3290 5321 3388 5376 lib.
3436 5334 3457 5375 ι

1898 5396 2079 5454 contra
2105 5396 2399 5460 lulianum,
2431 5412 2484 5465 p.
2521 5411 2594 5449 ιιι.
2626 5396 2713 5448 24.

1970 5468 2081 5535 (‘20)
2126 5468 2197 5521 De
2235 5457 2496 5538 quolon
2532 5465 2777 5519 videatur
2806 5460 3001 5538 Georg:
3030 5460 3219 5538 Bubus
3250 5461 3305 5514 in
3347 5457 3453 5538 De:

1900 5530 2128 5611 fensione
2159 5530 2281 5611 fidei
2312 5536 2731 5611 Nictente,_sect.
2757 5530 3024 5611 uncae},
3055 5533 3082 5605 §
3115 5533 3168 5611 5_,
3192 5548 3251 5611 ρ.
3280 5530 3456 5611 1ης.ίὸ

1899 5600 2074 5679 Seqq.,
2112 5600 2168 5662 et
2207 5604 2655 5679 Thom.__lttigius
2699 5604 2755 5658 in
2781 5600 2999 5658 Selectis
3041 5600 3300 5671 capitibus
3329 5600 3451 5654 hist.

1897 5674 2275 5745 eccl§,'sect.1,
2304 5693 2358 5748 p.
2397 5674 2500 5730 159
2535 5688 2687 5743 seqq.
