3966 6206
483 221 609 278 1591

1735 218 2088 278 MACARIUS
2129 216 2424 277 MAGNES.

3575 221 3712 278 i392

480 338 780 406 fragmento
830 335 1064 405 quodam
1093 351 1158 390 ex
1201 336 1342 390 libro
1385 351 1450 390 Ill
1496 337 1920 406 Ἀποκριτικῶν
1956 339 2040 392 de-

2150 335 2451 405 fragmento
2497 335 2561 396 Χ.
2609 337 2754 406 quod
2786 351 2852 390 ex
2899 335 3076 406 primo
3107 335 3247 390 libro
3293 335 3714 404 Apoeriticorum

477 439 717 499 sumpto,
770 430 916 498 quod
959 439 1150 498 praeter
1195 429 1524 485 Turrianum
1576 432 1764 486 citavit
1806 430 2046 486 Thomas

476 522 679 578 Bozius
714 521 1052 592 Eugubinus,
1087 523 1528 593 congregationis
1561 520 1796 577 Oratorii
1822 522 2046 592 presby-

478 624 580 679 ter,
607 615 741 669 libro
768 629 858 667 xw
889 613 964 667 De
988 615 1152 684 signis
1188 613 1440 668 Ecclesite
1473 613 1586 678 Dei,
1620 629 1739 685 pag.
1775 613 1835 666 71
1867 611 2045 668 :Audi

477 723 614 760 nunc
655 715 873 771 attente,
917 705 1130 775 inquit:
1176 705 1450 775 Principio
1491 707 1687 760 creavit
1734 703 1908 758 Filius
1949 703 2044 757 Dei

477 810 708 864 terram;
737 816 801 853 ex
829 810 971 852 terra
1001 799 1258 852 hominem
1292 799 1560 867 formavit,
1596 813 1660 852 ea:
1693 797 1898 850 homine
1925 812 2045 849 car-

477 906 591 942 nem
624 889 846 959 sumpsit
886 891 994 958 ipse
1036 889 1173 958 (9.1).
1199 886 1668 954 Quemadmodum
1701 901 1830 942 vero
1866 885 2044 941 incar-

477 981 749 1035 nationem
775 980 976 1034 Christi
1021 995 1084 1034 ex
1128 979 1362 1033 humana
1392 988 1584 1033 natura
1620 977 1843 1043 factam,
1881 987 2044 1048 atque

475 1088 504 1125 a
536 1072 714 1125 divina
766 1071 886 1125 Filii
918 1070 1010 1125 Dei
1064 1080 1257 1125 natura
1298 1080 1655 1140 assumptum,
1693 1070 1858 1125 simul
1889 1086 2043 1125 com-

476 1172 740 1215 memorat
774 1161 857 1216 his
883 1161 1086 1216 ultimis
1113 1161 1325 1226 verbis;
1354 1161 1426 1215 ila
1451 1171 1504 1215 et
1523 1161 1868 1216 Divinitatem
1892 1159 2044 1215 carni

478 1254 682 1306 mutam
711 1253 955 1322 adeoque
988 1253 1242 1307 unionem
1266 1252 1602 1322 personalem
1637 1253 1831 1307 divinae
1860 1262 1913 1307 ct
1943 1253 2043 1307 hu-

477 1358 652 1396 manu:
685 1352 890 1395 natura:
922 1343 975 1395 in
1010 1341 1226 1397 Christo
1253 1343 1486 1396 dilucide
1517 1343 1650 1397 satis
1691 1343 2040 1411 conspicuam

473 1433 730 1499 declarat,
765 1449 887 1487 cum
926 1435 976 1486 in
1002 1433 1458 1502 subsequentibus
1480 1434 1722 1502 ejusdem
1755 1433 2042 1503 fragmenti

473 1526 654 1579 verbis
701 1523 895 1578 Filium
948 1524 1041 1579 Dei
1093 1526 1162 1580 ita
1211 1527 1517 1596 loquentem
1573 1529 1908 1582 introducit:
1959 1527 2042 1582 Ex

473 1618 664 1669 unione
691 1617 876 1687 igitur,
906 1634 1007 1686 qua
1052 1619 1229 1669 ttuittts
1259 1635 1373 1670 sunt
1412 1630 1625 1672 sanctus
1665 1637 1781 1671 cum
1813 1629 2039 1686 terreno,

471 1708 537 1760 do
575 1725 760 1775 panem
784 1719 832 1761 et
862 1710 1055 1770 riuum,
1073 1709 1261 1775 jubcns
1293 1726 1402 1762 esse
1430 1727 1615 1777 corpus
1643 1728 1810 1763 meum
1839 1721 1886 1764 et
1917 1727 2043 1766 sats-

471 1800 679 1867 gninem
848 1800 1117 1870 Siquidem
1141 1803 1278 1869 quod
1303 1820 1402 1855 non
1429 1804 1579 1855 habet
1625 1803 1840 1856 Verbum
1871 1805 2042 1858 vivens

470 1895 678 1946 unitum
714 1909 831 1945 cum
871 1909 1104 1962 corpore,
1147 1895 1283 1964 quod
1329 1896 1431 1963 fuit
1467 1906 1748 1960 terrenum,
1779 1898 1849 1948 ad
1887 1907 2042 1949 wtero

472 1999 593 2034 nam
629 1985 788 2035 vitam
815 1985 1019 2036 edentes
1052 2001 1153 2037 non
1181 1985 1484 2037 adduceret.
1515 1985 1577 2037 Et
1611 1987 1804 2038 iterum
1832 2004 1844 2039 :
1877 1985 2040 2039 Panis

469 2089 588 2127 vero
618 2075 668 2125 in
700 2074 849 2128 beata
892 2074 1087 2128 Christi
1119 2087 1258 2128 terra
1299 2078 1488 2130 rirtute
1533 2077 1841 2131 Dirinitatis
1879 2080 2042 2134 unita

471 2166 776 2234 confectus,
825 2166 936 2219 solo
976 2178 1132 2236 gustu
1185 2168 1638 2222 immortalitatem
1703 2171 1903 2222 homini
1955 2176 2039 2240 ιιι-

474 2258 595 2325 fert.
1674 2325 1684 2338 ο

541 2347 617 2401 Ex
651 2349 925 2404 miraculis
951 2350 1205 2418 denique,
1248 2365 1368 2418 qu:e
1411 2365 1442 2404 a
1488 2350 1706 2405 Christo
1751 2351 2043 2408 Servatorc

469 2440 611 2496 facta
637 2452 785 2507 sunt,
817 2444 1152 2497 divinitatem
1187 2443 1304 2498 Filii
1349 2445 1440 2499 Dei
1477 2446 1706 2500 subinde
1735 2450 2040 2512 conﬁrmat.

471 2549 596 2588 cum
624 2534 856 2605 exempli
887 2552 1050 2590 causa
1086 2537 1375 2592 occasione
1403 2537 1560 2591 istius
1593 2538 1841 2592 miraculi
1871 2541 1923 2593 in
1955 2557 2043 2595 sa-

470 2622 689 2678 natione
737 2626 1002 2690 mulieris,
1051 2642 1171 2694 qua:
1216 2627 1426 2682 diutina
1471 2627 1708 2684 iluxione
1761 2631 2043 2699 sanguinis

470 2715 828 2782 laboraverat,
863 2718 1084 2786 praestiti
1117 2717 1284 2773 Marc.
1316 2735 1368 2782 v,
1398 2719 1486 2783 50,
1511 2719 1708 2774 divinae
1742 2721 1913 2790 ipsius
1937 2724 2043 2774 vir-

472 2807 602 2862 tutis
629 2807 994 2864 characterem
1028 2811 1080 2864 in
1110 2809 1412 2880 fragmento
1440 2811 1482 2865 ll
1523 2812 1934 2881 Ἀποκριτικών
1960 2815 2043 2868 his

471 2901 651 2954 verbis
685 2903 969 2972 agnoscit:
1003 2901 1160 2955 Οὕτω
1201 2904 1351 2974 παρὰ
1396 2902 1489 2955 τοῦ
1535 2905 1772 2976 Χριστοῦ
1818 2906 2042 2977 δύναμις

2147 439 2528 484 conservatum
2551 440 2632 483 est
2667 430 2745 500 (in
2775 430 2932 499 cujus
2965 429 3142 498 capite
3170 439 3320 482 sexto
3349 446 3473 483 eum
3505 431 3718 499 speciao

2146 519 2242 574 tim
2271 519 2337 575 de
2377 521 2675 588 miraculis,
2711 537 2831 592 quae
2858 539 2888 575 a
2925 520 3143 575 Christo
3175 519 3314 575 facta
3355 532 3500 586 sunt,
3533 522 3716 576 disse-

2146 610 2323 665 ruisse
2360 611 2524 665 refert
2557 609 2892 680 Nicephorus
2916 609 3023 664 CP.
3059 612 3113 664 in
3143 611 3393 664 examine
3423 613 3715 664 verborum

2145 701 2365 756 Macarii
2389 701 2708 773 Magnetis);
2739 701 2977 771 factique
2999 701 3157 755 istius
3181 702 3547 756 memorabilis
3579 703 3717 755 ima-

2147 797 2323 866 ginem
2364 812 2469 850 tere
2513 810 2822 865 expressam
2859 795 2912 848 in
2959 793 3346 864 Mesopotamia
3392 794 3570 849 adhuc
3614 810 3714 848 sua

2145 896 2300 940 aetate
2331 897 2704 941 conservatam
2735 887 2903 942 fuisse
2945 886 3203 941 tradidit:
3240 903 3347 954 qua
3389 887 3456 940 de
3499 902 3558 940 re
3596 887 3710 953 jam

2146 987 2259 1032 tum
2303 979 2355 1032 in
2387 979 2653 1048 superiori
2692 978 3103 1044 Dissertatione,
3140 979 3170 1050 §
3201 977 3285 1046 10,
3317 987 3497 1034 actum
3544 978 3721 1034 fuisse

2145 1071 2389 1125 memini.

2148 1183 2343 1256 §X|V.
2391 1184 2652 1256 Magnetis
2694 1183 2933 1238 doctrina
2983 1185 3046 1238 de
3093 1185 3371 1250 creatione,
3418 1192 3468 1239 et
3509 1185 3718 1254 frustra

2529 1257 2757 1324 conﬁcta
2795 1257 3086 1309 wternitate
3122 1256 3324 1309 mundi.

2215 1346 2270 1400 In
2295 1350 2523 1402 articulo
2554 1349 2621 1402 de
2652 1348 2928 1404 creatione
2953 1364 3017 1401 ex
3045 1349 3294 1416 superius
3324 1347 3575 1401 adductis
3599 1347 3716 1414 jam

2144 1448 2257 1493 tum
2311 1449 2522 1494 constat
2574 1439 2788 1510 egregia
2836 1438 3056 1493 Macarii
3101 1437 3363 1508 Magnetis
3417 1440 3716 1501 confessio,

2144 1530 2286 1599 quod
2324 1529 2466 1584 Deus
2495 1531 2646 1585 solus
2674 1531 2962 1600 imperium
3000 1545 3064 1584 ac
3096 1530 3470 1584 monarchiam
3509 1531 3720 1585 habens

2149 1623 2234 1686 iis,
2264 1623 2356 1691 qui
2391 1624 2555 1694 geniti
2585 1630 2733 1689 sunt,
2765 1622 3041 1692 ingenitus
3081 1623 3284 1692 prmsit,
3314 1631 3599 1677 creaturas
3630 1623 3719 1674 in-

2147 1727 2359 1770 creatus
2384 1726 2431 1770 et
2468 1716 2730 1785 principio
2774 1731 2967 1770 carens
3005 1715 3059 1768 in
3093 1724 3358 1783 potestate
3401 1715 3619 1778 habeat,
3657 1731 3720 1769 ac

2146 1823 2255 1860 non
2313 1806 2542 1870 similes,
2593 1806 2686 1860 sed
2738 1806 3032 1862 dissimiles
3073 1807 3332 1876 providus
3385 1816 3542 1874 regat
3579 1806 3716 1874 (Εἰ).

2146 1896 2496 1951 Luculentius
2524 1904 2702 1949 tamen
2742 1903 2797 1948 et
2833 1910 2998 1964 scopo
3029 1911 3130 1948 suo
3161 1893 3572 1948 eonvenientius
3615 1891 3720 1946 hoc

2144 1996 2523 2056 argumentum
2575 1995 2870 2055 pertractat
2908 1987 2960 2040 in
3007 1985 3401 2041 commentario
3449 1985 3580 2055 περὶ
3619 1985 3720 2052 τῆς

2143 2079 2235 2133 τοῦ
2284 2079 2455 2150 ’Λδὰμ
2501 2079 2877 2149 δημιουργίας,
2918 2077 2986 2132 ad
3039 2093 3158 2147 cap.
3210 2093 3226 2130 ι
3272 2075 3569 2142 Genescos,
3624 2077 3719 2129 ubi

2143 2182 2424 2226 creaturas
2458 2186 2648 2223 onlnes
2675 2171 2790 2224 solo
2813 2171 2974 2224 verbo
2999 2168 3090 2222 Dei
3127 2168 3415 2238 productas
3438 2181 3564 2222 esse
3589 2182 3721 2220 con-

2147 2263 2354 2317 tendit:
2402 2263 2509 2314 Καὶ
2555 2262 2623 2315 τὰ
2664 2262 2761 2333 μὲν
2803 2261 2940 2314 ἄλλα
2984 2260 3258 2330 κτίσματα
3308 2261 3513 2330 ῥήματι
3573 2259 3725 2328 μόνῳ

2147 2356 2444 2425 παρῆκται.
2483 2355 2534 2407 ld
2573 2363 2696 2408 est:
2736 2356 2809 2408 Ac
2837 2367 3034 2408 cwtcra.’
3064 2353 3272 2422 quidem
3313 2362 3576 2405 creatura:
3607 2353 3724 2405 sola

2145 2447 2293 2498 rei-bo
2322 2446 2591 2513 producta:
2615 2456 2755 2499 sunt.
2794 2445 3102 2511 Quinetiam
3138 2445 3190 2497 in
3219 2445 3574 2512 sequentibus
3606 2453 3720 2497 tum

2146 2538 2384 2590 materia:
2420 2537 2745 2605 principium
2786 2535 3087 2598 constituit,
3123 2544 3240 2588 tum
3279 2535 3509 2588 formam
3568 2525 3722 2588 erea-

2146 2627 2309 2681 tionis
2339 2627 2717 2696 actionemque
2759 2624 2854 2679 Dei
2899 2627 3136 2679 creantis
3173 2627 3224 2679 in
3269 2642 3334 2680 eo
3363 2627 3538 2696 ponit.
3573 2626 3720 2695 quod

2147 2718 2290 2772 Deus
2322 2719 2503 2773 omnia
2537 2734 2604 2771 ex
2645 2717 2918 2772 liberrima
2965 2718 3261 2784 voluntate,
3290 2728 3345 2772 et
3385 2719 3611 2788 quidem
3654 2733 3720 2772 ex

2146 2809 2342 2873 nihilo,
2395 2823 2489 2877 per
2536 2807 2710 2862 solum
2763 2807 3048 2876 imperium
3096 2808 3430 2876 produxerit,
3474 2823 3590 2878 quo
3643 2809 3718 2874 id,

2145 2899 2290 2970 quod
2318 2916 2422 2954 non
2449 2909 2586 2963 erat,
2617 2897 2829 2954 vocavit
2857 2907 2916 2952 ut
2937 2900 3269 2968 essetApoc.
3303 2913 3375 2965 .‘v,
3411 2901 3470 2954 ll
3497 2919 3516 2966 ;
3558 2898 3716 2954 Rom.

472 2990 747 3062 ἐξήρχετο,
795 2993 887 3046 καὶ
916 2992 1022 3045 τῶν
1057 2994 1372 3064 καμνόντων
1404 2994 1599 3064 ἤλαυνε
1632 2996 1701 3049 τὰ
1742 3000 2040 3068 νοσήματα,

2149 3009 2222 3060 tv,
2260 2993 2342 3046 l7.
2385 2991 2502 3047 Huc
2533 2992 2762 3046 redeunt
2794 2991 2886 3045 illa
2917 2993 3078 3046 verba
3110 2991 3369 3063 Magnetie
3405 2995 3580 3046 nostri
3610 2995 3716 3046 loc.

471 3083 562 3134 καὶ
597 3083 671 3152 τῷ
693 3084 911 3154 Χριστῴ
936 3084 1171 3154 μένουσα
1201 3085 1336 3149 ὅλως
1364 3086 1463 3139 οὐκ
1493 3087 1802 3158 ἐχωρίζετο.
1839 3090 1896 3143 Id
1923 3096 2036 3143 est:

471 3172 560 3226 Sic
598 3175 758 3226 etiam
792 3192 823 3227 a
855 3175 1064 3228 Christo
1096 3175 1262 3228 virtus
1309 3176 1506 3242 exibat,
1545 3194 1663 3246 qum
1703 3188 1753 3231 et
1787 3191 2043 3249 a'grotan-

473 3265 604 3316 tium
659 3267 864 3318 morbos
910 3265 1156 3334 pellebat,
1207 3276 1256 3319 et
1305 3283 1456 3335 penes
1511 3269 1782 3323 Christum
1826 3290 2038 3329 manans

470 3373 682 3409 prorsus
713 3356 777 3409 ab
803 3374 863 3411 eo
887 3374 987 3410 non
1015 3358 1301 3412 recedebat.
1338 3359 1495 3414 Nulla
1533 3361 1618 3416 hic
1644 3378 1747 3417 nos
1777 3374 1930 3434 urget
1953 3381 2041 3420 ra-

472 3453 566 3514 tio,
601 3467 700 3507 cur
745 3466 838 3521 per
879 3452 1107 3522 δύναμιν
1151 3453 1470 3521 ἐξελθοῦσαν
1518 3455 1816 3526 intelligere
1846 3459 2041 3514 debea-

471 3559 592 3598 mus
637 3535 888 3598 virtulem
920 3545 1210 3614 quamdam
1255 3547 1616 3615 corporalem,
1655 3563 1752 3602 seu
1787 3548 2041 3618 pharma-

471 3650 592 3690 cum
651 3636 870 3705 aliquod
927 3635 1164 3692 salutare
1210 3653 1277 3691 ex
1332 3653 1559 3707 corpore
1613 3637 1813 3693 Clu-isti
1863 3640 2041 3710 proie-

471 3737 616 3780 ctum
666 3725 800 3798 (2‘3),
847 3742 970 3782 cum
1023 3726 1166 3782 inter
1204 3744 1394 3783 omnes
1445 3739 1676 3796 constet,
1723 3729 1951 3801 δύναμιν
1986 3734 2038 3788 in

472 3818 750 3888 Scriptura
796 3817 928 3873 Novi
974 3819 1302 3874 Testamenti
1353 3823 1653 3890 saepissime
1716 3824 2039 3880 miraculum

471 3914 748 3978 denotare,
776 3911 943 3970 Marc.
977 3929 1053 3976 vt,
1081 3915 1115 3968 5
1141 3915 1256 3986 (95)
1284 3933 1300 3970 :
1328 3917 1573 3986 adeoque
1611 3933 1752 3987 opus
1796 3919 2039 3974 divinum

471 4002 556 4057 vel
587 4003 906 4058 miraculum
940 4021 971 4059 a
1002 4003 1221 4059 Christo
1248 4014 1520 4074 patratum
1554 4007 1641 4061 hie
1685 4009 1865 4076 potius
1900 4008 2042 4062 indi-

474 4095 696 4164 gitatur,
723 4111 786 4148 ex
821 4095 978 4165 cujus
1021 4097 1301 4164 stupendis
1331 4096 1614 4151 effectibus
1639 4107 1692 4152 et
1728 4098 1926 4154 virtute
1956 4099 2041 4152 in-

473 4187 715 4241 credibili
748 4187 801 4240 in
835 4186 1118 4242 Servatore
1151 4197 1337 4242 nostro
1390 4188 1812 4258 haudquaquam
1855 4190 2039 4244 immi-

473 4288 602 4333 nuta
630 4280 962 4335 divinitatem
992 4282 1109 4351 ejus
1136 4282 1330 4337 merito
1363 4297 1658 4352 agnoscere
1685 4292 1849 4352 atque
1880 4300 2040 4338 vene-

476 4370 583 4423 rari
627 4371 945 4424 tenebantur
999 4387 1207 4426 onmes.
1267 4371 1386 4438 Quo
1442 4388 1603 4427 sensu
1667 4382 1721 4426 et
1771 4373 2038 4428 Macarius

477 4469 656 4514 noster
689 4462 827 4515 hanc
872 4462 1042 4530 ipsam
1086 4462 1365 4517 historiam
1413 4473 1612 4518 sanctae
1643 4465 1884 4519 mulieris
1929 4465 2036 4519 ha:-

477 4553 814 4606 morrhousa:
859 4553 925 4607 ad
972 4555 1235 4609 miracula
1267 4555 1468 4610 Christi
1512 4555 1693 4609 divina
1743 4557 1924 4611 retulit
1980 4558 2036 4611 in

551 4684 662 4752 (9.1)
699 4682 832 4756 Qiue
872 4685 1032 4756 verba
1078 4687 1261 4740 itidem
1301 4702 1333 4741 e
1375 4687 1562 4742 Graeco
1595 4697 1742 4742 textu
1774 4687 2036 4756 Magnetis

475 4771 532 4809 se
555 4755 881 4809 convertisse
899 4755 1180 4810 conﬁrmat
1201 4756 1390 4811 li'ranc.
1412 4757 1712 4812 Turrianus
1736 4759 1788 4810 in
1805 4755 2034 4814 tractatu

480 4825 543 4878 de
579 4823 912 4877 sanctissima
958 4825 1297 4880 Eucharistia
1327 4839 1513 4882 contra
1556 4827 1828 4883 Andream
1873 4827 2036 4884 Vola-

476 4909 627 4965 ιιιιιιι2
663 4910 713 4964 p.
744 4910 818 4948 ιιι.
848 4896 914 4949 75
939 4912 1088 4965 seqq.

547 4964 658 5036 (22)
696 4965 850 5036 Absit
878 4971 988 5020 haec
1019 4964 1252 5035 profana
1287 4966 1574 5030 sententia,
1601 4967 1754 5036 quasi
1780 4967 2032 5025 Christus

474 5032 670 5087 eliluxu
697 5035 931 5103 quodam
957 5032 1200 5105 corporis
1224 5037 1330 5102 sui,
1353 5036 1436 5088 vel
1468 5053 1562 5106 per
1594 5032 1831 5107 magicas
1868 5049 2032 5106 artes,

471 5106 1304 5177 agrorummorhoseuraverit,
1327 5121 1450 5177 cum
1485 5107 1552 5160 de
1575 5106 1756 5177 sensu
1773 5123 2044 5177 corporeo

471 5173 785 5246 suspicandi
815 5174 1018 5245 aliquid
1049 5177 1194 5230 nulla
1227 5175 1313 5230 hic
1355 5175 1426 5229 sit
1454 5191 1639 5246 causa,
1671 5173 1882 5231 nullum
1910 5179 2034 5246 fun-

470 5243 804 5299 damentum.
837 5243 1130 5300 Gentilium
1167 5247 1280 5300 haec
1303 5253 1420 5300 erat
1443 5245 1736 5312 calumnia,
1761 5247 1874 5315 qui,
1902 5243 2036 5304 teste

468 5315 710 5369 Arnobio
744 5316 837 5370 lib.
873 5331 887 5369 ι
915 5317 1173 5371 Adversus
1203 5326 1398 5385 gentes,
1427 5331 1477 5382 p.
1506 5331 1581 5372 ru.
1613 5315 1703 5380 25,
1733 5317 2036 5372 calumnio-

471 5385 547 5456 sis
575 5385 680 5439 illis
706 5395 758 5440 et
782 5387 1080 5455 puerilibus
1112 5388 1334 5449 vocibus
1346 5386 1591 5456 objicere
1613 5387 1859 5440 solebant
1883 5387 2038 5442 Chri-

473 5454 691 5526 stianis,
737 5454 880 5526 quod
925 5457 1172 5512 Christus
1218 5454 1634 5526 magus'fuerit,
1681 5457 2035 5514 clandestinis

472 5524 680 5596 artibus
727 5524 907 5579 omnia
940 5528 1198 5583 miracula
1241 5527 1498 5588 eﬂ‘ecerit,
1543 5524 1918 5596 [Egyptiorum
1967 5545 2032 5584 ex

474 5591 646 5661 adytis
671 5595 980 5665 angelorum
1009 5597 1307 5664 potentium
1337 5596 1579 5661 nomina,
1609 5591 1666 5650 ei
1685 5591 1924 5652 remotas
1947 5598 2033 5652 fu-

461 5669 626 5745 ‘ratus
665 5665 736 5718 sit
766 5665 1112 5742 disciplinas.
1138 5668 1313 5734 Quam
1357 5667 1880 5739 impudentissimam
1920 5672 2030 5725 cri-

2141 3085 2271 3141 cil.:
2316 3084 2372 3137 '0
2404 3081 2510 3155 γὰρ
2537 3081 2792 3136 τοσοῦτον
2830 3081 3057 3153 μέγεοος
3091 3083 3321 3156 οὐρανοῦ
3352 3084 3448 3137 καὶ
3487 3084 3595 3153 γῆς
3626 3087 3721 3138 καὶ

2142 3175 2415 3246 Θαλάσσης
2447 3174 2589 3244 λόγῳ
2610 3173 3075 3246 ὑποστησάμενος,
3100 3175 3276 3248 πολλῷ
3309 3173 3509 3246 μᾶλλον
3544 3181 3722 3247 παρά·

2138 3266 2308 3320 δεισον
2345 3265 2522 3332 ἱκανρς
2554 3265 2958 3335 καταφυτεῦσαι
2986 3268 3211 3339 ῥήματι,
3247 3270 3342 3323 καὶ
3373 3267 3521 3337 λόγῳ
3552 3267 3717 3338 ριζὼυ

2141 3379 2233 3414 σαι
2261 3357 2543 3414 πανόλϐιον
2569 3358 2768 3430 χωρίον
2785 3376 2799 3389 °
2824 3360 2957 3425 ἀλλ’,
2981 3359 3055 3423 ὡς
3085 3361 3318 3432 εἴρηται,
3345 3360 3435 3412 διὰ
3455 3361 3558 3432 τὴν
3587 3362 3718 3430 πρὸς

2139 3454 2230 3507 τὸν
2263 3451 2546 3520 ἄνθρωπον
2578 3450 2740 3522 τιμὴν
2770 3452 2864 3505 καὶ
2905 3452 3198 3523 φυτουργὸς
3220 3452 3432 3521 γίνεται
3469 3452 3718 3523 μυστικῷ

2139 3557 2244 3592 τινι
2269 3539 2411 3610 λόγῳ
2429 3581 2442 3607 ,
2465 3540 2793 3611 ἁκαμάντως
2819 3541 2972 3594 τόνδε
3017 3541 3219 3611 κόσμον
3243 3543 3306 3594 ὲκ
3335 3541 3430 3594 τοῦ
3467 3543 3544 3614 μὴ
3570 3543 3720 3604 bno;

2140 3633 2220 3696 εἰς
2245 3632 2302 3685 τὸ
2335 3627 2472 3685 εἶναι
2507 3633 2771 3704 παράγων
2803 3632 3035 3704 θελήσει.
3065 3631 3203 3686 Nam
3228 3635 3317 3703 qui
3344 3645 3552 3686 tantam
3581 3634 3716 3696 creti,

2143 3735 2298 3779 terra:
2326 3742 2388 3778 ac
2416 3727 2580 3779 maris
2618 3728 2804 3778 molem
2835 3725 2990 3778 verbo
3017 3725 3314 3794 fundasset,
3352 3727 3519 3778 multo
3550 3728 3715 3794 magis

2141 3818 2352 3872 hortum
2394 3826 2599 3886 poterat
2628 3817 2769 3870 dicto
2805 3817 3068 3885 plantare,
3111 3827 3159 3870 et
3203 3817 3566 3869 beatissimum
3597 3819 3714 3885 fun-

2140 3911 2264 3963 dum
2292 3917 2444 3963 verbo
2467 3924 2752 3961 conserere.
2782 3908 2884 3960 Sed
2911 3909 3351 3978 quemadmodum
3379 3910 3586 3962 dictum
3614 3921 3710 3972 est,

2142 4010 2198 4053 ut
2229 4000 2487 4054 hominem
2520 3998 2712 4052 honore
2736 3999 2978 4068 afﬁceret,
3013 3999 3174 4052 etiam
3217 3998 3469 4052 arborum
3516 4018 3712 4053 arcana

2139 4095 2368 4162 quadam
2411 4092 2614 4145 ratione
2645 4092 2819 4160 factus
2850 4102 2926 4144 cst
2973 4092 3166 4156 cultor,
3197 4093 3286 4161 qui
3323 4093 3438 4146 sine
3478 4093 3594 4146 ulla
3633 4097 3712 4147 ta-

2141 4182 2260 4236 bore
2282 4183 2532 4236 mundum
2559 4182 2695 4236 hunc
2721 4198 2784 4236 ea:
2811 4199 2911 4236 non
2937 4199 3047 4237 esse
3075 4183 3144 4236 ad
3171 4200 3278 4236 esse
3306 4182 3421 4236 sola
3445 4183 3714 4237 voluntate

2140 4276 2478 4343 perduxerat.

2069 4353 2115 4411 ι)
2145 4367 2171 4438 §
2204 4367 2318 4420 XV.
2355 4367 2610 4421 Doctrina
2642 4366 2900 4437 Magnetis
2927 4367 2990 4419 de
3019 4368 3216 4436 angelis
3240 4375 3288 4419 et
3315 4369 3378 4420 de
3405 4368 3557 4421 cultu
3582 4370 3715 4422 ima»

2821 4475 3022 4528 gruum.

2211 4552 2500 4622 Speciatim
2557 4551 2624 4606 de
2675 4552 2947 4606 creatione
2986 4551 3323 4621 angelorum,
3373 4568 3523 4622 quos
3574 4555 3711 4609 inter

2139 4687 2491 4742 minationem
2521 4685 2796 4741 Arnobius
2832 4686 3050 4755 speciali
3091 4687 3504 4742 enumeratione
3546 4689 3713 4743 mira-

2139 4760 2385 4813 culorum
2420 4756 2617 4811 Christi
2645 4758 2759 4811 sola
2789 4758 3028 4811 nominis
3063 4758 3440 4826 sui'potestate
3470 4769 3524 4812 et
3557 4760 3711 4812 invo-

2137 4830 2349 4882 catione
2397 4828 2514 4880 sine
2559 4827 2665 4881 ulla
2709 4827 2760 4880 vi
2809 4828 3136 4890 carminum,
3181 4838 3274 4881 aut
3319 4827 3616 4882 herbarum
3658 4838 3712 4882 et

2138 4898 2442 4966 graminum
2474 4898 2678 4961 succis,
2707 4899 2825 4951 sine
2859 4899 2982 4953 ullis
3016 4899 3175 4966 plane
3199 4899 3410 4951 artibus
3451 4899 3712 4952 humanis

2208 4977 2482 5021 raclorum
2533 4967 2974 5037 egregiediluit.
3025 4983 3315 5036 veramque
3363 4967 3710 5022 divinitatem

2208 4983 2482 5021 ractorum
2533 4983 2744 5037 egregie
2788 4983 2974 5027 (ιιιυιι.
3025 4983 3315 5036 veramque
3363 4983 3708 5022 divinitatem

2136 4983 2444 5091 lguii'vatoris
2487 5038 2658 5090 nostri
2687 5036 2883 5091 exinde
2921 5040 3270 5107 comprobat:
3311 5037 3589 5101 Desistite,
3625 5042 3708 5091 in-

2136 5109 2274 5176 quit,
2311 5123 2341 5160 o
2367 5108 2548 5170 nescii,
2580 5108 2632 5159 in
2661 5107 2942 5160 maledicta
2968 5119 3260 5162 convertere
3292 5123 3371 5160 res
3403 5117 3707 5163 tantas.....
3735 5143 3742 5152 -

2139 5178 2312 5241 Nihil,
2347 5193 2403 5230 ut
2446 5178 2652 5238 remini,
2684 5178 2968 5246 "logicum,
2995 5179 3126 5231 nihil
3154 5179 3468 5242 humanum,
3494 5181 3703 5247 prasti-

2136 5251 2485 5319 giosum,_aut
2517 5247 2813 5319 subdolum,
2842 5248 2975 5319 nihil
3003 5249 3207 5319 fraudis
3231 5247 3448 5319 delituit
3475 5250 3530 5301 in
3559 5249 3712 5304 Chri-

2136 5317 2328 5372 sto"...
2356 5317 2495 5371 Deus
2519 5318 2608 5371 ille
2625 5317 2864 5370 sublimis
2889 5318 3013 5386 fuit,
3035 5318 3173 5371 Deus
3196 5319 3374 5371 radice
3394 5318 3463 5371 ab
3489 5321 3703 5379 intima,

2142 5389 2276 5442 Deus
2323 5391 2386 5440 ab
2424 5389 2706 5458 incognitis
2751 5390 2945 5457 regnis,
2993 5399 3041 5442 et
3087 5391 3151 5442 ab
3187 5389 3421 5442 omnium
3465 5391 3708 5459 principi

2135 5459 2276 5513 Deus
2312 5459 2595 5527 sospitator
2618 5469 2694 5512 est
2721 5459 2932 5522 missus,
2961 5468 3066 5512 etc.
3440 5522 3446 5526 τ

2206 5529 2319 5599 (25)
2357 5529 2514 5582 Coul‘.
2548 5527 2744 5599 Gottlr.
2777 5528 2975 5582 Olearii
3016 5528 3418 5583 Observationes
3447 5545 3620 5583 sacrit
3647 5545 3711 5581 in

2138 5597 2466 5661 Matt/neum,
2499 5613 2552 5667 p.
2580 5615 2652 5650 In.
2677 5598 2784 5667 275
2807 5614 2958 5667 seqq.

2211 5669 2321 5740 (24)
2343 5668 2379 5722 \’
2388 5670 2470 5724 ide
2489 5666 2682 5740 fragm.
2707 5666 2748 5722 ll
2764 5666 2922 5739 supra
2937 5669 3156 5724 allatum
3179 5669 3247 5741 (ς.
3263 5668 3422 5736 1580,
3443 5669 3546 5741 §v,
3563 5669 3712 5740 init.)
