3966 6206
225 343 368 402 i393

1357 353 1638 412 NOTITIA
1675 357 1763 412 ET
1804 358 2242 417 FRAGMENTA.

3319 372 3341 426 1
3354 374 3455 427 394

221 467 707 540 praestantissimas
728 477 1007 525 creaturas
1037 471 1214 540 primo
1240 473 1358 530 loco
1385 476 1556 544 ponit,
1581 476 1655 531 ita
1683 477 1798 533 dis-
1828 484 1873 540 Α
1903 481 2058 536 asciti
2095 495 2240 547 sunt,
2288 483 2379 539 ubi
2413 483 2609 540 faciem
2648 484 2742 544 Dei
2770 482 2945 541 Patris
2973 487 3210 544 caelestis
3243 488 3296 542 in
3332 506 3454 559 per-

222 561 359 616 serit
384 560 654 616 Macarius
683 559 923 632 Magnes,
968 571 1028 616 ut
1057 573 1304 619 naturam
1340 568 1581 636 ipsorum
1632 570 1796 638 spiri-

221 651 453 714 tualem.
507 651 872 721 incorruptam
927 662 979 708 et
1025 654 1385 710 immortalem
1440 660 1664 713 extollat
1714 661 1797 717 his

221 743 430 806 verbis,
460 760 580 810 quae
611 744 664 798 i-n
709 744 1010 816 fragmento
1046 748 1113 803 lV
1166 750 1576 820 Ἀποκριτικῶν
1607 755 1797 825 legun-

223 843 318 888 tur
342 853 356 887 :
391 835 611 900 Λοιπὸν,
637 836 734 908 τὴν
767 840 894 910 περὶ
925 839 1033 893 τῶν
1067 842 1312 909 ἀγγέλων
1341 845 1556 916 καὶτῆς
1585 847 1796 919 ἀφθαρ-

226 927 352 990 σίας
391 927 567 980 αὐτῶν
606 928 826 999 λέξομεν
869 931 965 1002 τὴν
1007 932 1395 987 ὑπόθεσιν......
1442 936 1528 990 ἵνα
1569 939 1653 1001 τὶς
1691 939 1798 992 τῶν

224 1017 635 1089 εὐφρονούντων
671 1020 908 1085 ἀκούσας
941 1023 998 1076 ὲν
1022 1023 1233 1094 οὐρανῷ
1264 1024 1482 1098 λογικὴν
1511 1029 1696 1083 οὐσίαν
1723 1031 1798 1102 τῷ

223 1111 329 1180 τῆς
357 1110 656 1174 ἀθανασίας
689 1111 830 1183 λόγῳ
876 1116 1369 1184 πανηγυρίζουσαν,
1409 1120 1656 1174 τουτέστι
1689 1123 1798 1177 τῶν

232 1201 521 1272 μακαρίων
553 1202 646 1254 καὶ
676 1203 980 1273 ἀσωμάτων
1017 1203 1315 1275 δυνάμεων,
1347 1208 1422 1271 ὡς
1453 1209 1677 1263 δυνατὸν
1706 1213 1797 1265 τὸν

231 1290 348 1360 βίον
393 1293 526 1364 πρὸς
567 1294 763 1356 αὐτοὺς
801 1295 1099 1366 ρυθμίσειε,
1135 1299 1228 1350 καὶ
1267 1299 1362 1369 τὴν
1396 1301 1617 1354 ἐκείνων
1643 1301 1798 1368 ἀξίαν

227 1387 346 1448 τοῖς
379 1383 554 1454 ἔργοις
581 1383 889 1454 ζηλώσειεν,
920 1405 972 1440 κ.
1004 1405 1052 1442 τ.
1090 1388 1140 1444 λ.
1170 1389 1420 1458 Deinceps
1462 1394 1796 1461 qnazstionem

230 1476 300 1530 de
328 1475 525 1545 angelis
554 1486 604 1529 et
633 1492 812 1530 eorum
844 1479 1144 1548 incorrupta
1184 1492 1375 1534 natura
1404 1485 1684 1537 tractaturi
1710 1501 1798 1538 su-

231 1581 490 1618 mus......
521 1564 592 1618 At
618 1565 825 1634 sapiens
857 1568 1070 1636 quisque
1108 1585 1224 1622 cum
1274 1571 1523 1636 audierit,
1556 1572 1799 1627 substan-

233 1656 366 1708 tiam
419 1655 731 1708 rationalem
780 1657 833 1710 in
879 1657 1004 1711 caelo
1042 1676 1173 1724 esse,
1218 1677 1334 1730 quia
1380 1663 1797 1718 immortalitatis

230 1761 447 1799 munere
483 1745 712 1816 gaudeat
743 1745 943 1818 (beatas
972 1765 1151 1818 nempe
1195 1762 1242 1804 et
1271 1753 1604 1820 incorporeas
1632 1757 1799 1808 virtu-

231 1839 354 1905 tes),
389 1839 566 1902 vitam,
595 1815 847 1907 quantum
873 1840 991 1907 ﬁeri
1017 1815 1202 1910 potest,
1236 1843 1304 1896 ad
1331 1815 1509 1897 eorum
1540 1847 1798 1901 imitatio-
1829 1815 1871 1870 Β

231 1943 352 1980 nent
406 1937 704 1996 componat,
759 1945 1036 2001 eorumque
1087 1933 1310 2001 gloriam
1371 1937 1610 2004 operibus
1668 1939 1801 2007 σιγε-

228 2028 357 2083 ctet,
396 2030 500 2075 etc.
545 2019 698 2075 Patet
726 2023 939 2089 exinde,
985 2026 1208 2093 angelos
1251 2026 1335 2080 hic
1363 2029 1593 2084 describi
1629 2031 1702 2100 1ο)
1741 2039 1800 2086 ιιι

229 2111 568 2167 substantias
585 2114 887 2182 spirituales
917 2126 965 2168 et
995 2116 1347 2185 incorporeas,
1374 2120 1694 2191 ἀσωμάτους
1709 2122 1798 2175 δυ-

229 2202 442 2274 νάμεις,
477 2220 596 2273 qua:
629 2205 683 2259 in
709 2207 1045 2261 antecedenti
1079 2223 1328 2264 sermone
1357 2212 1665 2268 hominibus
1700 2228 1798 2284 op-

227 2304 526 2366 ponuntur,
552 2297 644 2366 qui
679 2297 942 2366 originem
969 2314 1122 2354 suam
1148 2315 1176 2352 a
1202 2303 1403 2355 carnali
1431 2319 1796 2374 corporeaque

229 2387 578 2456 generatione
607 2388 825 2455 habent,
855 2391 948 2460 qui
973 2391 1040 2444 ab
1060 2391 1340 2447 immunda
1364 2409 1650 2464 corporum
1676 2414 1796 2466 ger-

228 2478 529 2533 minatione
558 2481 919 2534 substantiam
954 2494 1234 2551 ceperunt,
1274 2493 1329 2538 et
1369 2487 1532 2556 geniti
1565 2487 1793 2558 gignen-

229 2575 420 2637 tesque
449 2569 619 2624 instar
651 2570 905 2626 foliorum
935 2572 1043 2626 cito
1072 2574 1342 2641 deﬂuunt;
1376 2592 1498 2629 cum
1546 2589 1794 2633 econtra-

230 2659 315 2716 t'io
347 2662 522 2730 angeli
555 2663 663 2717 sint
692 2664 1016 2734 σωματικῶν
1052 2662 1235 2717 παθῶν
1264 2668 1356 2720 καὶ
1388 2667 1600 2738 δεσμῶν
1624 2669 1796 2723 ἁπαλ-

229 2749 504 2820 λαγέντες,
561 2755 836 2824 corporeis
897 2757 1177 2811 affectibus
1219 2767 1273 2812 et
1321 2758 1552 2816 vinculis
1604 2761 1789 2816 liberi:

230 2844 689 2913 quemadmodum
723 2845 778 2900 in
806 2846 1108 2918 fragmento
1137 2848 1201 2912 ll,
1239 2850 1482 2919 angelum
1511 2868 1607 2921 per
1648 2852 1792 2907 ἀσώ-

235 2930 400 3000 ματόν
429 2949 548 2985 τινα
585 2934 861 3004 τάγματος
904 2936 1235 3008 ἀνωφεροῦς,
1271 2937 1389 2991 Θεὸν
1423 2939 1519 3011 τὴν
1559 2941 1704 2995 Θέσιν
1731 2943 1791 2995 οὐ

230 3019 330 3089 τὴν
362 3019 521 3088 φύσιν
559 3021 890 3092 ὑπάρχοντα,
931 3025 980 3078 id
1008 3034 1090 3079 est
1129 3027 1488 3095 incorporeum
1517 3032 1792 3099 quemdam

231 3114 517 3180 superioris
569 3116 791 3177 ordinis,
827 3118 917 3185 qui
956 3120 1257 3187 adoptione,
1297 3138 1398 3176 non
1455 3134 1666 3188 natura,
1722 3127 1790 3178 sit
1818 3145 1859 3199 ρ

229 3199 378 3265 deus,
401 3202 650 3270 explicat.
681 3201 832 3258 Unde
861 3215 913 3260 et
939 3209 1283 3276 postmodum
1311 3211 1364 3263 in
1398 3211 1701 3282 fragmento
1728 3213 1792 3268 Vl

231 3291 559 3346 invisibilem
619 3305 907 3360 naturam,
962 3298 1204 3369 adeoque
1240 3311 1294 3356 et
1344 3302 1789 3370 immaterialem,

230 3384 436 3452 angelis
466 3385 654 3440 tribuit
681 3386 968 3455 Macarius,
996 3390 1216 3448 dicens:
1251 3394 1311 3447 El
1340 3396 1448 3467 γὰρ
1485 3398 1577 3451 καὶ
1597 3398 1665 3451 τὰ
1693 3400 1795 3470 μά-

229 3473 387 3528 λιστα
413 3476 470 3528 ἐν
501 3477 730 3548 ἀνδρείῳ
772 3481 1008 3551 σχήματι
1053 3483 1270 3552 ἄγγελοί
1319 3504 1447 3540 ποτε
1495 3489 1790 3559 ἐφάνησαν,

227 3566 345 3620 ἀλλ’
373 3567 434 3620 οὐ
463 3568 522 3620 τὸ
544 3570 707 3637 φανὲν
739 3567 897 3641 ἦσαν,
921 3573 1033 3626 ἀλλ’
1057 3575 1192 3644 ὅπερ
1219 3573 1376 3647 ἦσαν,
1401 3580 1627 3650 ἀόρατόν
1655 3583 1788 3636 ἐστι.

229 3658 288 3713 Id
319 3669 400 3714 est
429 3679 442 3714 :
480 3659 602 3714 Etsi
628 3664 766 3716 enim
795 3664 1029 3719 humana
1057 3677 1114 3720 ut
1144 3669 1431 3736 plurimum
1473 3673 1635 3738 specie
1668 3672 1792 3726 olim

231 3756 406 3823 angeli
430 3769 803 3824 apparuerunt,
827 3769 882 3812 at
911 3777 1011 3814 non
1043 3761 1098 3814 id
1129 3763 1297 3831 ipsum
1328 3775 1498 3827 erant,
1524 3766 1661 3834 quod
1697 3783 1792 3837 ap-

229 3847 477 3915 parebat;
507 3847 596 3901 sed
625 3850 764 3918 quod
789 3860 957 3915 erant,
994 3853 1047 3904 id
1075 3853 1274 3908 uisibile
1304 3871 1404 3907 non
1435 3864 1532 3908 est.

306 3937 386 4009 2°)
425 3939 816 3996 Describuntur
849 3945 1025 4014 angeli
1054 3953 1112 3998 ut
1153 3946 1465 4007 substantiae
1495 3949 1794 4019 intelligen-

233 4038 338 4096 tes,
381 4030 508 4084 dum
550 4030 820 4088 Macarius
865 4035 1111 4104 angelum
1156 4047 1314 4092 vocat
1352 4037 1570 4110 λογικὴν
1609 4041 1792 4096 οὐσίαν

231 4123 289 4173 ἐν
314 4122 543 4193 οὐρανῷ,
582 4124 936 4178 substantiam
971 4127 1277 4182 rationalem
1317 4131 1371 4182 in
1404 4133 1562 4195 uelo;
1588 4143 1643 4187 ut
1671 4149 1789 4187 eam

229 4212 587 4282 distingueret
616 4223 726 4268 tum
757 4232 788 4269 a
821 4217 1138 4272 substantiis
1162 4220 1518 4275 rationalibus
1548 4222 1600 4275 in
1629 4233 1790 4286 terra,

229 4302 547 4378 hominibus
576 4304 758 4359 anima
791 4315 845 4359 et
882 4321 1107 4375 corpore
1137 4309 1414 4378 prmditis;
1454 4321 1564 4368 tum
1606 4330 1635 4368 a
1665 4315 1793 4368 sub-

230 4393 448 4448 stantiis
501 4410 635 4464 pure
681 4397 1050 4451 materialibus
1094 4399 1206 4454 sive
1251 4404 1547 4471 corporeis,
1595 4406 1792 4474 quibus

1899 571 2039 628 lecto
2068 574 2416 631 beatitudinis
2433 586 2572 631 statu
2604 576 2804 642 vident,
2836 575 3024 632 Matth.
3057 595 3214 644 xvnt,
3251 581 3341 634 10.
3378 580 3454 636 Ex

1897 663 2000 718 ista
2030 672 2209 718 autem
2245 665 2588 735 simplicitate
2621 668 2870 722 essentia:
2900 678 3058 737 atque
3085 669 3455 739 immateriali-

1897 765 2026 819 tate,
2072 772 2179 825 qua
2224 758 2458 826 gaudent
2501 758 2697 827 angeli,
2727 766 2917 827 sponte
2963 773 3060 812 sua
3106 761 3454 829 consequitur

1898 844 2144 912 ipsorum
2167 844 2440 916 ἀφθαρσία
2463 858 2624 917 atque
2657 847 3054 911 immortalitas,
3085 864 3246 917 quam
3281 849 3454 903 Maca--

1896 935 2011 990 rius
2050 936 2183 1004 ipsis
2211 937 2443 992 vindicat
2470 939 2555 993 his
2588 939 2804 993 verbis:
2838 940 2956 992 Ἵνα
2997 942 3082 1004 τὶς
3113 941 3219 995 τῶν
3259 944 3452 1014 εὐφρο-

1895 1025 2127 1079 νοὺντων
2158 1026 2392 1090 ἀκούσας
2431 1030 2489 1081 ὲν
2529 1027 2740 1100 οὖρανῷ
2779 1029 2998 1101 λογικὴν
3029 1031 3214 1086 οὐσίαν
3247 1032 3322 1102 τῷ
3360 1033 3455 1102 τῆς

1896 1115 2191 1182 ἀθανασίας
2216 1118 2355 1189 λόγῳ
2384 1118 2866 1190 πανηγυρίζουσαν.

1963 1206 2100 1261 Cum
2157 1223 2282 1263 vero
2337 1209 2532 1263 veteris
2586 1207 2838 1262 Ecclesiae
2891 1207 3142 1262 doctores
3206 1208 3454 1278 principii

1896 1299 2014 1354 loco
2035 1308 2316 1369 ponerent,
2351 1315 2412 1354 ea
2437 1315 2551 1367 quce
2587 1301 2797 1353 initium
2825 1300 3134 1360 habuerunt,
3166 1304 3455 1355 necessario

1892 1393 2056 1457 ﬁnem
2094 1392 2338 1445 habitura
2366 1391 2841 1464 (quemadmodum
2886 1401 2939 1445 et
2982 1391 3243 1446 Macarius
3274 1404 3457 1448 noster

1897 1485 1954 1538 in
1988 1485 2390 1554 comparatione
2423 1484 2700 1538 beatorum
2731 1484 3009 1537 hominum
3058 1487 3457 1554 resurgentium

1899 1591 2020 1630 cum
2050 1577 2367 1646 angelorum
2408 1584 2550 1630 statu
2591 1576 2748 1630 beato
2789 1573 2917 1627 illud
2947 1575 3143 1643 pariter
3166 1574 3232 1628 de
3265 1576 3454 1630 iisdem

1898 1667 2174 1736 praedicat,
2214 1669 2309 1720 καὶ
2347 1666 2598 1736 τελευτὴν
2642 1665 2837 1737 μηκέτι
2885 1666 3019 1736 μηδὲ
3062 1666 3272 1734 γένεσιν
3310 1667 3457 1736 ἕχον-

1898 1774 2008 1822 τες,
2033 1757 2149 1826 jam
2182 1773 2272 1810 nec
2314 1767 2486 1810 ortum
2528 1756 2771 1811 habentes
2806 1772 2897 1809 nec
2943 1757 3259 1826 interitum),
3293 1768 3454 1826 atque

1899 1847 2092 1902 exinde
2125 1848 2456 1914 colligerent,
2488 1847 2707 1916 angelos
2749 1863 2853 1900 non
2901 1855 3112 1912 natura,
3153 1850 3242 1902 sed
3286 1850 3454 1916 gratia

1897 1935 2234 1990 immortales
2261 1951 2381 1989 esse
2407 1954 2420 1989 :
2462 1935 2513 1988 id
2543 1935 2730 1988 saltem
2768 1933 3004 1988 indicare
3028 1935 3335 1996 voluerunt,
3364 1951 3453 1988 so-

1897 2024 2007 2078 lum
2049 2024 2216 2078 Deum
2261 2023 2697 2092 independenter,
2740 2023 3003 2088 absolute,
3044 2033 3098 2076 et
3141 2039 3200 2076 ea
3248 2025 3457 2077 ratione

1897 2113 2254 2169 immortalem
2306 2129 2466 2177 esse,
2524 2120 2583 2165 ut
2634 2112 2782 2166 nullo
2835 2113 2996 2166 modo
3046 2113 3203 2167 linem
3261 2114 3457 2167 halere

1896 2217 2079 2274 queat,
2116 2204 2136 2258 l
2184 2204 2324 2257 Tim.
2368 2220 2442 2268 γι,
2490 2204 2595 2269 lii;
2625 2203 2844 2273 angelos
2887 2213 3063 2256 autem
3099 2220 3194 2257 ceu
3236 2205 3457 2274 spiritus

1895 2307 2106 2353 creatos
2132 2297 2488 2368 dependenter
2514 2304 2568 2350 et
2593 2310 2658 2349 ex
2698 2295 2970 2348 voluntate
2998 2293 3090 2350 Dei
3125 2297 3456 2351 innnortales

1894 2405 2032 2453 esse,
2064 2390 2138 2445 ita
2168 2389 2406 2460 quidem,
2439 2397 2498 2442 ut
2525 2388 2650 2442 licet
2675 2397 2865 2442 natura
2901 2387 3114 2441 illorum
3157 2391 3208 2441 in
3241 2407 3297 2442 se
3331 2406 3450 2458 spc-

1895 2492 2036 2538 ctata
2063 2481 2393 2551 corruptioni
2432 2479 2668 2535 obnoxia
2705 2494 2811 2532 non
2840 2480 2932 2544 sit,
2970 2479 3129 2533 linem
3167 2490 3367 2543 tamen,
3410 2483 3454 2536 si

1895 2575 2037 2630 Deus
2074 2575 2220 2641 velit,
2258 2575 2454 2628 habere
2491 2571 2720 2642 possint.
2758 2571 2934 2641 Atque
2973 2573 3025 2626 in
3057 2589 3120 2627 eo
3159 2580 3314 2646 χάρις
3346 2575 3453 2637 illa,

1894 2683 2000 2735 qua
2023 2664 2352 2718 immortales
2373 2663 2625 2717 dicuntur
2647 2676 2767 2715 esse
2795 2663 2992 2730 angeli,
3017 2662 3286 2728 consistit,
3312 2666 3455 2731 quod

1895 2776 1924 2810 a
1959 2756 2067 2812 Deo
2093 2765 2510 2818 conservantur;
2540 2769 2660 2807 cum
2698 2754 2896 2824 alioqui
2931 2755 2983 2807 in
3027 2755 3277 2818 nihilum,
3316 2757 3456 2810 unde

1894 2847 1998 2900 orti
2027 2858 2171 2909 sunt,
2195 2855 2376 2900 essent
2403 2844 2645 2898 redituri.
2679 2843 2814 2899 llinc
2841 2843 3042 2900 Aineas
3070 2844 3292 2900 Gazaeus
3321 2845 3452 2915 (ἓὸ),

1895 2938 2097 2991 veritus
2147 2953 2215 2990 ne
2267 2935 2369 2988 hac
2417 2934 2661 2987 doctrina
2709 2933 3100 2988 immortalitati
3144 2935 3451 2988 animorum

1896 3026 2141 3082 nonnihil
2173 3025 2567 3086 detraheretur,
2603 3023 2927 3093 principium
2956 3025 3105 3091 illud,
3141 3042 3287 3078 omne
3318 3028 3452 3094 quod

1893 3133 2002 3169 esse
2055 3114 2266 3184 incepit,
2310 3113 2588 3166 obnoxium
2617 3113 2855 3166 interitui
2899 3128 3029 3173 esse,
3059 3112 3124 3165 ad
3161 3111 3452 3180 planiorem

1893 3227 2110 3266 sensum
2162 3218 2400 3272 revocat,
2435 3210 2774 3281 ostenditque
2827 3209 3064 3263 animam
3114 3209 3451 3272 ratiooalem,

1892 3303 2092 3372 pariter
2117 3313 2276 3369 atque
2298 3300 2538 3368 angelos,
2572 3311 2761 3371 suapte
2790 3309 2978 3354 natura
3001 3299 3314 3353 morituram
3347 3315 3451 3352 non

1892 3408 2041 3447 esse:
2062 3391 2159 3446 llle
2186 3394 2342 3455 enim,
2370 3391 2565 3460 inquit,
2589 3393 2678 3461 qui
2705 3400 2759 3444 ut
2789 3400 2955 3444 essent
2979 3389 3200 3460 largitus
3223 3402 3320 3455 est,
3347 3392 3456 3442 uni-

1895 3485 1991 3537 mis
2018 3485 2206 3536 nostris
2234 3483 2480 3536 concessit
2520 3499 2740 3553 quoque,
2763 3491 2820 3534 ut
2846 3498 3045 3549 semper
3071 3490 3258 3545 essent,
3287 3481 3452 3533 illud-

1892 3592 1987 3645 que
2031 3575 2225 3627 douum
2263 3574 2375 3642 ipsa
2394 3574 2513 3640 jam
2553 3584 2746 3624 natura
2781 3582 2877 3626 est.
2915 3571 3122 3624 Habent
3164 3572 3323 3639 igitur
3357 3588 3453 3624 an-

1893 3666 1992 3734 geli
2023 3665 2074 3718 iu
2111 3681 2169 3719 se
2201 3665 2352 3733 ipsis,
2383 3672 2440 3716 ut
2466 3673 2518 3718 et
2544 3665 2726 3717 anima
2755 3663 3057 3727 rationalis,
3083 3679 3190 3731 quo
3227 3663 3447 3714 inunor-

1893 3759 2026 3812 tales
2058 3757 2183 3819 sint,
2216 3755 2412 3828 quippe
2453 3772 2575 3810 cum
2621 3755 2885 3824 ejusmodi
2918 3765 3162 3807 naturain
3212 3771 3241 3807 a
3269 3771 3447 3808 rerum

1894 3859 2114 3903 auctore
2149 3848 2323 3902 sortiti
2353 3848 2460 3902 sint
2485 3847 2618 3916 (26).

1961 3940 2121 3993 Addit
2160 3938 2424 3994 Macarius
2452 3940 2503 3991 in
2537 3938 2721 3992 eodem
2760 3935 3099 4005 fragmento;
3134 3936 3207 3989 Ub
3242 3938 3347 4009 μὴν
3371 3940 3447 3990 εἰ-

1892 4031 2054 4094 κόνας
2085 4031 2302 4084 ἐκείνων
2331 4029 2588 4093 τυπώσας
2619 4029 2695 4101 τῷ
2729 4032 2982 4100 σχήματι,
3028 4045 3129 4081 non
3175 4039 3349 4082 autem
3383 4029 3450 4082 il-

1893 4124 2061 4178 lorum
2086 4123 2334 4193 imagines
2364 4124 2597 4192 efﬁngens
2621 4122 2753 4188 (‘27).
2783 4123 2910 4188 Quae
2935 4120 3092 4174 verba
3127 4119 3449 4189 plillOSOpllO

1894 4215 2101 4279 Graeco,
2133 4229 2255 4269 cum
2291 4230 2399 4284 quo
2441 4215 2542 4268 sibi
2582 4229 2667 4268 res
2697 4223 2832 4276 erat,
2862 4212 3004 4265 haud
3047 4211 3247 4265 frustra
3276 4226 3450 4281 oppo-

1894 4308 2002 4362 suit
2040 4306 2330 4373 Macarius,
2386 4305 2514 4360 dutu
2573 4305 2779 4374 angelis
2829 4316 3019 4360 natura
3075 4304 3281 4359 similes
3331 4319 3448 4359 esse

1893 4402 2022 4454 deos
2063 4415 2194 4454 suos
2219 4395 2584 4469 jactitaveral,
2611 4407 2670 4450 ut
2690 4397 2882 4450 exinde
2902 4396 3104 4451 cultum
3133 4395 3444 4451 eorumdem

227 4486 316 4540 vis
349 4487 640 4556 cogitandi,
668 4488 994 4560 intelligendi
1035 4500 1197 4561 atque
1232 4494 1589 4549 ratiocinandi
1633 4497 1789 4550 attri-
1827 4479 1868 4533 Ι)
1894 4492 2137 4546 divinum
2185 4490 2345 4545 veluti
2373 4491 2521 4559 justo
2563 4490 2794 4557 quodam
2841 4489 2996 4542 titulo
3029 4489 3251 4543 delinire
3291 4504 3449 4558 posse

227 4576 322 4632 bui
359 4578 565 4646 nequit.

306 4668 551 4739 Denique
587 4672 667 4733 5ο)
705 4671 1088 4726 describuntur
1136 4675 1310 4744 angeli
1359 4684 1418 4729 ut
1474 4676 1792 4731 substantia)

227 4760 399 4816 beata:
423 4772 585 4832 atque
626 4765 679 4817 in
708 4765 972 4833 spirituali
1018 4781 1113 4818 sua
1151 4777 1338 4821 natura
1369 4778 1422 4822 et
1464 4767 1792 4836 perfectione

229 4854 438 4908 caelesti
476 4855 657 4910 liberze
702 4857 770 4910 ab
807 4856 955 4909 omni
995 4856 1309 4922 mutatione,
1352 4859 1700 4927 corruptione
1735 4869 1792 4914 et

227 4947 582 5001 mortalitate.
614 4945 713 5002 llic
751 4947 895 5002 enim
924 4956 1041 5000 erat
1072 4962 1268 5016 scopus
1295 4948 1648 5018 expositionis
1686 4949 1791 5004 Ma-

227 5039 482 5103 carianw,
522 5037 668 5106 quod
705 5053 772 5091 ex
815 5038 1060 5106 exemplo
1104 5039 1438 5108 angelorum,
1469 5039 1576 5094 τῶν
1613 5058 1790 5111 μακα-

231 5130 363 5200 ρίων
395 5130 694 5200 δυνάμεων,
728 5130 965 5183 indicare
1004 5131 1236 5184 voluerit
1273 5131 1657 5188 beatitudinem
1699 5150 1792 5188 eo-

228 5238 350 5273 rum
405 5221 711 5286 hominum,
761 5222 960 5291 quibus
1012 5223 1248 5278 caelestis
1298 5225 1445 5293 regio
1498 5225 1792 5280 habitanda

225 5312 440 5382 obtigit,
496 5314 698 5384 quique
754 5315 810 5368 in
867 5314 1122 5385 angelica!
1168 5317 1295 5371 vitae
1351 5317 1790 5372 communionem

303 5466 417 5536 (25)
459 5464 516 5520 1η
549 5467 764 5535 dialogo
789 5470 998 5524 erudito
1036 5469 1108 5524 De
1139 5473 1432 5526 animorum
1474 5473 1790 5527 immortali-

229 5546 335 5590 tate
355 5550 403 5589 et
442 5541 816 5608 resurrectione
841 5541 1093 5608 corporis.

301 5609 416 5674 (26)
455 5607 614 5662 Conl'.
645 5607 805 5662 Mieh.
836 5607 1111 5678 Lequienii
1135 5619 1275 5664 notae
1301 5611 1366 5664 ad
1396 5610 1788 5665 Damascennm

229 5674 320 5760 ροΔ
355 5679 456 5758 ﬁde
507 5678 818 5760 orthodoam,
851 5674 1040 5760 Iibgnn,
1079 5695 1198 5760 cap.
1232 5681 1286 5744 ὅ,
1316 5697 1368 5760 p.
1399 5681 1520 5744 156,
1554 5684 1790 5760 itemque

232 5745 503 5812 Petavius,
539 5748 638 5802 loc.
673 5749 787 5814 cit.,
824 5763 874 5816 p.
922 5747 1008 5814 18,
1045 5745 1402 5805 ubi-nomina
1452 5745 1790 5806 mortalis'et

1893 4583 2184 4638 videretur.
2225 4580 2398 4647 Quam
2451 4579 2840 4634 idololatricam
2891 4581 3200 4650 opinionem
3257 4579 3448 4634 merito

1893 4674 2114 4728 damnat
2146 4673 2433 4738 Macarius,
2462 4673 2684 4739 addens,
2713 4674 2785 4738 ὡς
2818 4674 2921 4745 φὴς
2948 4674 3123 4737 αὐτός,
3153 4683 3207 4726 ιιι
3231 4682 3284 4725 tu
3309 4671 3450 4742 (phi-

1893 4767 2174 4837 losophus)
2204 4768 2311 4836 ipse
2347 4770 2448 4830 ais,
2472 4767 2564 4836 qui
2601 4767 2804 4820 scilicet
2839 4767 3125 4819 simulacra
3164 4775 3216 4819 et
3246 4772 3450 4818 statuas

1893 4868 1946 4912 et
1969 4858 2230 4927 imagines
2261 4857 2484 4910 deorum
2514 4855 2577 4909 ad
2609 4854 3028 4908 abominandum
3054 4853 3255 4907 cultum
3285 4867 3450 4921 expo-

1894 4951 1998 5006 nis.
2037 4949 2206 5015 Quam
2231 4949 2284 5002 in
2310 4964 2422 5004 rem
2447 4948 2513 5002 de
2541 4946 2966 5018 apparitionibus
2988 4945 3300 5016 angelorum
3332 4953 3448 4998 sta-

1894 5045 1988 5098 tim
2033 5041 2309 5112 sequentia
2357 5040 2632 5110 subjungit
2661 5057 2677 5093 :_
2718 5040 2780 5092 El
2825 5039 2931 5110 γὰρ
2967 5041 3059 5091 καὶ
3098 5037 3168 5090 τὰ
3216 5035 3448 5107 μάλιστα

1893 5138 1950 5190 ὲν
1982 5135 2207 5208 ἀνδρείῳ
2243 5135 2476 5206 σχήματι
2509 5131 2727 5200 ἄγγελοί
2760 5147 2887 5184 ποτε
2919 5131 3211 5199 ἐφάνησαν,
3243 5127 3355 5180 ἀλλ’
3385 5125 3447 5176 οὐ

1892 5226 1952 5278 τὸ
1975 5226 2136 5293 φανὲν
2167 5220 2325 5295 ἦσαν,
2351 5222 2462 5278 ἀλλ’
2491 5224 2623 5293 ὅπερ
2642 5217 2800 5292 ἦσαν,
2834 5219 3057 5289 ἀόρατόν
3083 5220 3213 5270 ἐστι.
3245 5216 3298 5269 ld
3323 5223 3405 5270 est
3429 5230 3446 5266 :

1898 5318 2012 5369 Etsi
2035 5317 2172 5370 enim
2217 5316 2444 5369 humana
2493 5323 2547 5368 ut
2575 5314 2859 5383 plurimum
2900 5313 3064 5381 specie
3112 5309 3232 5364 olim
3275 5306 3447 5377 angeli

1893 5469 2209 5524 immortalis
2252 5468 2446 5539 triplici
2495 5482 2656 5522 sensu
2701 5483 2732 5521 a
2773 5465 3029 5520 Patr-ibus
3061 5465 3228 5534 accipi
3263 5473 3450 5518 osten-

1891 5543 2074 5678 dnlé'l)
2109 5607 2264 5673 Quod
2290 5607 2622 5678 Nicephorns
2652 5603 3098 5678 patriarchaCP.
3131 5605 3194 5660 ad
3219 5604 3444 5660 vetitum

1894 5675 2157 5735 idolorum
2192 5677 2470 5748 gentilium
2500 5676 2705 5731 cultum
2734 5675 3028 5745 restringit.
