3966 6206
277 322 414 379 1597

1388 331 1663 389 NOTlTlA
1702 330 1790 384 ET
1824 329 2259 387 FRAGMENTA.

3357 332 3492 388 i398

350 443 656 500 Generatim
685 443 752 499 de
781 447 1190 503 conservatione
1209 462 1390 504 rerum
1417 459 1721 506 creatarum
1760 448 1834 503 ita
1866 454 1908 509 Α
1936 448 2233 512 litudinem,
2272 467 2291 499 ι
2328 445 2877 510 nihil'aliud‘indicat,
2920 443 3024 499 nisi
3048 445 3185 516 quod
3227 444 3386 499 Pater
3433 449 3492 502 in

278 534 447 591 sentit
475 532 743 589 Macarius
762 543 966 600 noster,
991 543 1052 589 ut
1076 534 1267 601 Deum,
1295 538 1388 607 qui
1419 546 1696 592 creaturas
1717 551 1835 591 om-

278 644 376 683 nes
414 627 468 681 in
490 634 752 696 potestate
786 626 967 693 habet,
991 643 1191 698 easque
1220 630 1483 699 providus
1527 630 1667 700 regit
1694 628 1831 699 (29),

275 733 341 773 ea
372 716 582 779 omnia,
609 730 841 784 quorum
881 718 1082 770 creavit
1131 718 1487 772 substantiam
1506 759 1521 784 ,
1552 717 1754 786 pariter
1783 724 1837 771 et

276 822 603 865 conservare
642 807 886 863 allirmet.
918 808 992 863 Ita
1026 810 1169 865 enim
1201 811 1253 864 in
1282 810 1581 880 fragmento
1607 812 1654 863 ll
1684 824 1835 863 men-

277 910 386 956 tem
414 915 571 956 suam
599 899 834 968 explicat
865 901 948 955 his
970 901 1177 956 verbis:
1207 902 1315 954 Καὶ
1343 900 1450 954 τῶν
1491 900 1591 970 μὲν
1620 899 1719 971 τὴν
1746 901 1836 953 οὑ-

278 992 401 1047 σίαν
437 989 598 1055 αὐτὸς
632 990 829 1061 (Θεὸς)
854 991 1301 1064 ἐδημιούργησεν,
1326 993 1375 1045 οἰ
1400 991 1457 1045 δὲ
1489 992 1834 1055 ὑποστάσεως

277 1082 452 1155 ἀρχὴν
485 1082 545 1135 οὑ
578 1080 870 1136 κατέλαϐον
906 1084 963 1136 ὲν
1008 1082 1183 1152 αὑτῷο
1224 1083 1317 1136 καὶ
1353 1084 1383 1135 ό
1436 1082 1534 1152 μὲν
1576 1082 1831 1145 ἐκείνους,

275 1169 350 1227 ὧν
380 1174 558 1245 ἄρχει,
590 1169 781 1236 σώζειν
811 1168 950 1226 οἶδεν
970 1190 983 1203 ·
1005 1175 1055 1227 οἱ
1077 1174 1133 1227 δὲ
1162 1174 1311 1227 οὐδὲν
1331 1175 1618 1245 ἀρχόμενοι
1644 1174 1834 1243 ἐκείνῳ

278 1262 607 1334 χαρίζονται.
645 1260 700 1315 ld
729 1271 811 1317 est
834 1279 847 1313 :
872 1263 947 1317 Ac
970 1263 1185 1317 illorum
1213 1263 1467 1330 («Icarum
1493 1264 1697 1317 scilicet
1726 1264 1831 1317 im-

276 1357 493 1427 proprie
516 1356 591 1410 ita
623 1353 926 1423 dictorum)
959 1355 1166 1423 quidem
1189 1355 1297 1419 ipse
1324 1353 1463 1407 Deus
1488 1354 1682 1407 creavit
1706 1356 1832 1406 sub-

277 1452 570 1515 stantiam;
592 1450 674 1504 illi
706 1458 882 1505 autem
918 1450 1132 1503 initium
1158 1448 1447 1503 exsistendi
1474 1448 1674 1501 nullum
1695 1446 1751 1499 in
1774 1460 1832 1497 eo

276 1542 757 1614 deprehenderunt:
787 1542 912 1595 item
943 1540 1032 1594 ille
1066 1556 1172 1604 eos,
1220 1555 1346 1610 quos
1392 1538 1628 1593 subditos
1658 1536 1831 1601 habet,

276 1637 377 1691 scit
410 1649 764 1699 conservare;
802 1635 845 1687 ii
872 1650 987 1689 vero
1026 1633 1152 1687 dum
1191 1633 1387 1686 subditi
1425 1641 1565 1697 sunt,
1608 1628 1740 1683 nihil
1786 1628 1836 1681 ei

276 1728 664 1799 gratiﬁcantur.

279 1841 309 1912 ς
345 1838 503 1912 XVII".
534 1838 791 1894 Doctrina
813 1844 877 1893 de
903 1838 1162 1912 creatione
1186 1836 1429 1912 hominis,
1452 1834 1663 1912 ejusque
1695 1833 1833 1912 imas

310 1913 429 1981 gine
449 1911 649 1975 divina,
678 1910 1078 1963 immortalitate
1109 1909 1322 1971 animat,
1346 1914 1499 1975 atque
1533 1904 1795 1957 libertate.
1814 1908 1835 1945 ι¹

344 2003 422 2057 De
440 2003 715 2058 creatione
748 2001 982 2056 hominis
1013 2010 1120 2055 tam
1154 1999 1435 2070 magnifice
1465 1997 1627 2052 sentit
1659 1995 1834 2049 Maca-

275 2095 410 2158 rius,
442 2100 502 2145 nt
536 2103 702 2146 totam
729 2092 848 2162 ejus
879 2090 1260 2146 formationem
1296 2103 1404 2159 pra:
1436 2088 1646 2143 ceteris
1684 2099 1833 2140 crea-

274 2186 413 2241 turis
436 2185 655 2254 speciali
687 2183 917 2240 consilio
941 2194 995 2239 et
1015 2182 1399 2237 deliberatione
1429 2180 1527 2236 SS.
1552 2178 1832 2235 Trinitatis

271 2278 565 2348 perfectam
610 2291 731 2333 esse
778 2275 1086 2331 contendat.
1117 2275 1195 2329 Ita
1224 2275 1370 2328 enim
1423 2273 1478 2328 in
1516 2271 1832 2343 fragmentis

270 2369 646 2424 Commentarii
680 2369 735 2421 in
774 2365 994 2421 Genesin
1037 2366 1284 2422 eamdem
1318 2366 1667 2435 depraedicat:
1724 2366 1833 2419 Kal.

270 2462 338 2513 τὸ.
364 2461 464 2532 μὲν
489 2459 622 2515 ἄλλα
647 2459 919 2530 κτίσμα-ια
951 2462 1153 2532 ῥήματι
1191 2458 1334 2528 μόνῳ
1361 2458 1670 2528 παρῆκται·
1706 2460 1733 2511 6
1775 2457 1831 2510 δὲ

268 2553 553 2625 ἄνθρωπος
575 2553 730 2624 ἔσχεν
749 2552 1021 2625 ἐξαίρετόν
1051 2570 1102 2605 τι
1128 2552 1267 2605 κατὰ
1302 2550 1399 2621 τὴν
1437 2552 1649 2622 ποίησιν
1684 2552 1834 2623 παρά

270 2640 459 2693 ταῦτα.
511 2641 714 2711 Βουλῆς
766 2640 876 2711 γὰρ
922 2639 1336 2711 προηγουμένης
1381 2639 1621 2711 ἐκτίσθη,
1657 2642 1740 2695 ἵνα
1769 2645 1833 2697 ἐκ

266 2732 457 2785 τούτου
488 2731 668 2803 δειχθῇ
691 2732 877 2801 ὅτιπερ
896 2732 1097 2801 κτίσμα
1116 2730 1293 2801 τίμιον
1324 2731 1575 2803 ὑπάρχει.
1607 2733 1678 2786 Τὸ
1698 2733 1829 2806 γὰρ,

268 2822 619 2892 Ποιήσωμεν
646 2821 958 2889 ἄνθρωπον
991 2825 1117 2876 κατ’
1162 2824 1365 2876 εἰκόνα
1406 2822 1696 2892 ἡμετέραν
1734 2824 1832 2878 καὶ

268 2913 397 2967 καθ’
433 2913 746 2982 ὁμοίωσιν,
791 2913 944 2966 οὐδὲν
972 2914 1155 2985 ἕτερον
1187 2914 1454 2969 δείκνυσιν
1478 2955 1493 2977 ,
1523 2915 1555 2984 ἢ
1586 2916 1666 2968 ὅτι
1699 2932 1834 2986 σύμε-

271 3003 446 3074 δούλῳ
473 3006 737 3077 ἐχρήσατο
759 3008 788 3059 6
813 3005 998 3076 Πατὴρ
1022 3005 1100 3077 τῷ
1130 3010 1405 3077 μονογενεῖ
1425 3006 1593 3060 αὑτοῦ
1617 3005 1693 3077 τῷ
1720 3008 1843 3078 Υἱῷ,

1937 540 2091 608 hujus
2123 540 2436 609 fonnetione
2469 538 2774 592 consiliario
2812 541 2937 591 usus
2976 548 3052 591 est
3080 536 3223 591 Filio
3247 554 3341 592 suo
3371 538 3493 593 uni-

1938 628 2131 699 genito,
2156 631 2246 699 qui
2272 629 2517 697 splendor
2545 636 2621 680 est
2650 625 2851 697 gloriae,
2872 625 3035 694 juatta
3063 627 3393 696 Apostolum,
3440 638 3493 682 et

1936 722 2105 789 figura
2130 720 2438 775 substantiae
2469 722 2582 790 ejus
2616 762 2629 775 .
2656 759 2671 775 .
2698 760 2713 774 .
2747 760 2761 773 .
2795 718 3057 784 Quoniam
3086 720 3282 789 itaque,
3319 732 3377 774 ut
3409 721 3494 773 di-

1936 821 2074 864 ctum
2102 821 2201 876 est,
2228 812 2381 865 homo
2410 815 2462 866 in
2497 813 2747 865 mundum
2771 821 3020 882 tanquam
3042 827 3132 865 rex
3153 824 3226 865 est
3251 811 3495 865 introdu-

1936 914 2073 966 ctus,
2122 903 2461 972 probabiliter
2505 905 2667 958 etiam
2709 903 2989 957 secundum
3052 903 3332 972 imaginem
3393 902 3495 956 Dei

1936 992 2107 1061 factus
2136 1000 2233 1045 est.
2291 990 2576 1061 Oportebat
2602 990 2741 1045 enim
2768 990 2891 1044 aliis
2924 992 3304 1058 imperaturum
3332 989 3493 1043 veluti

1933 1084 2211 1152 imaginem
2227 1082 2508 1152 quamdam
2529 1081 2812 1150 spirantem
2838 1082 2973 1150 regis
2996 1080 3345 1133 similitudine
3364 1096 3494 1149 gau-

1932 1176 2072 1241 dere,
2124 1191 2225 1229 non
2256 1175 2311 1227 in
2340 1189 2573 1243 purpura
2600 1185 2649 1228 et
2679 1181 2879 1242 sceptro
2911 1183 2961 1227 et
2999 1172 3296 1225 diademate
3319 1170 3495 1240 digni—

1935 1279 2092 1322 tatem
2119 1277 2411 1322 ostentante
2454 1269 2672 1338 (quippe
2717 1282 2810 1321 nec
2857 1268 3027 1337 ipsum
3071 1264 3406 1332 archetypum
3435 1263 3490 1317 in

1934 1360 2017 1413 his
2059 1360 2217 1430 erat),
2247 1360 2337 1414 sed
2366 1376 2425 1413 eo
2476 1360 2615 1428 quod
2639 1368 2924 1412 ornaretur
2967 1354 3490 1425 incorruptibilitatc.

1933 1452 2354 1515 immortalitate,
2379 1468 2442 1505 ac
2460 1452 2671 1505 virtute.
2699 1448 2841 1503 Nam
2864 1449 2945 1502 his
2963 1450 3116 1502 homo
3145 1457 3358 1501 ornatus
3381 1446 3495 1515 for-

1935 1559 2075 1595 mam
2103 1544 2363 1617 prototgpi
2390 1542 2738 1595 similitudine
2770 1556 3073 1611 expressam
3113 1548 3301 1593 servat.
3347 1537 3495 1602 Quo-

1935 1636 2076 1689 niam
2104 1653 2219 1690 vero
2247 1638 2362 1705 ipsa
2393 1652 2593 1706 quoque
2615 1634 2831 1689 libertas
2858 1636 3054 1704 regiam
3097 1641 3145 1685 et
3183 1632 3499 1685 eminentem

1918 1736 2138 1799 naturae
2190 1728 2434 1781 humanae
2482 1727 2790 1797 dignitatem
2841 1736 2890 1779 et
2947 1723 3342 1780 similitudinem
3377 1719 3497 1790 ejus

1935 1837 2051 1875 cum
2094 1822 2272 1876 divina
2301 1823 2524 1892 imagine
2552 1820 2994 1876 evidentissimam
3042 1815 3300 1878 ostendit,
3332 1816 3494 1867 etiam

1934 1915 2030 1966 hac
2058 1913 2259 1965 ratione
2288 1912 2440 1965 homo
2469 1926 2719 1964 manuum
2759 1908 2854 1963 Dei
2877 1924 3006 1976 opus
3030 1920 3128 1970 est,
3156 1912 3363 1973 propter
3385 1902 3498 1971 for-

1934 2005 2180 2060 ata-tionis
2233 2020 2344 2058 sua!
2388 2003 2787 2057 excellentiam:
2839 2018 2959 2054 nam
2986 2010 3153 2055 totum
3198 1999 3332 2052 illud
3365 2013 3493 2065 opus

1934 2099 2146 2153 consilii
2166 2107 2261 2152 est.
2299 2095 2499 2152 Eadem
2527 2096 2995 2167 argumentatione
3033 2093 3202 2146 utitur
3222 2090 3511 2161 Theophi-

1934 2195 2020 2248 lus
2045 2192 2418 2247 Antiochenus
2443 2190 2582 2245 libro
2612 2204 2650 2243 ιι
2674 2197 2858 2242 contra
2889 2186 3226 2257 Autolycum,
3256 2200 3375 2254 cap.
3400 2184 3493 2247 28,

1933 2302 1988 2355 p.
2039 2300 2114 2339 ιιι.
2165 2283 2269 2338 158
2303 2298 2445 2353 seq.,
2500 2295 2626 2337 cum
2671 2279 3045 2335 excellentiam
3077 2277 3313 2331 hominis
3346 2276 3399 2329 in
3428 2290 3496 2330 eo

1934 2377 2105 2448 ponit,
2131 2375 2297 2446 quod,
2326 2389 2448 2429 cum
2479 2382 2670 2429 caetera
2714 2372 2897 2425 omnia
2941 2369 3102 2424 verbo
3144 2368 3498 2423 constitueret

1935 2472 2078 2529 Dens
2104 2479 2159 2525 et
2189 2468 2345 2539 quasi
2392 2466 2646 2537 πάρεργα
2697 2463 2971 2526 conderet,
3033 2462 3203 2516 solius
3259 2458 3495 2513 hominis

1933 2562 2259 2619 creationem
2308 2557 2703 2612 existimaverit
2740 2570 2862 2611 esse
2904 2569 3041 2623 opus
3086 2551 3339 2605 manibus
3375 2550 3497 2604 suis

1931 2656 2174 2725 dignum,
2206 2652 2368 2723 μόνον
2401 2650 2548 2705 ἰδίων
2572 2648 2732 2719 ἔργον
2758 2646 2957 2718 χειρῶν
2979 2643 3126 2709 ἄξιον
3157 2644 3369 2714 ἡγεῖται
3394 2642 3494 2713 τὴν

1934 2745 2148 2816 ποίησιν
2184 2742 2277 2795 τοῦ
2314 2739 2617 2812 ἀνθρώπου.
2659 2737 2916 2792 Naturam
2956 2736 3190 2791 hominis
3244 2732 3499 2803 inprimis

1933 2836 2003 2890 ob
2028 2844 2367 2891 concreatam
2393 2830 2679 2900 imaginem
2709 2829 2947 2883 divinam
2978 2826 3192 2881 extollit
3225 2822 3494 2878 Macarius

1932 2925 2169 2994 Magnes,
2200 2936 2429 2992 eamque
2451 2938 2558 2975 non
2583 2921 2637 2975 in
2666 2933 2894 2987 corpore
2917 2916 3052 2986 (50),
3090 2916 3183 2971 sed
3227 2916 3281 2969 in
3313 2919 3495 2968 mente

1933 3014 2167 3069 hominis
2188 3012 2399 3082 quierit,
2419 3010 2563 3081 quod
2591 3006 2952 3078 cognitionem
2992 3006 3119 3061 boni
3143 3013 3195 3060 et
3235 3002 3364 3059 mali
3389 3018 3490 3059 na-

267 3097 362 3150 ὲπὶ
387 3100 451 3168 τῇ
466 3097 1009 3170 τούτου-κατασκευῇ,
1033 3098 1109 3171 τῷ
1122 3100 1512 3171 άπαυγάσματι
1538 3102 1636 3171 τῆς
1651 3102 1826 3171 δόξης,

1935 3115 2054 3159 tura
2090 3103 2306 3159 insitam
2342 3101 2609 3157 habuerit.
2656 3100 2989 3170 Argumenta
3039 3096 3143 3166 ipsi
3165 3103 3291 3151 sunt
3327 3094 3505 3148 verba.

268 3187 414 3241 κατὰ
442 3188 532 3241 τὸν
566 3189 901 3253 ’Δπόιπολον,
927 3192 1022 3244 καὶ
1037 3192 1342 3263 χαρακτῆρι
1367 3194 1464 3264 τῆς
1487 3194 1831 3257 ὑποστάσεως

267 3280 432 3335 αὑτοῦ
460 3322 472 3334 .
510 3319 525 3336 .
557 3320 570 3335 .
605 3320 619 3335 .
654 3322 667 3335 .
703 3281 919 3353 Ἐπειδὴ
958 3283 1171 3347 τοίνυν,
1231 3283 1305 3347 ὡς
1355 3285 1588 3355 εἴρηται,
1644 3282 1833 3357 ὥσπερ

266 3372 521 3445 βασιλεὺς
553 3372 775 3444 εἰσήχθη
799 3376 856 3428 ἐν
887 3374 1073 3445 κόσμῳ
1098 3375 1128 3426 6
1158 3374 1458 3446 ἄνθρωπος,
1492 3376 1714 3441 εἰκότως
1740 3379 1832 3431 καὶ

265 3467 389 3519 κατ’
418 3465 596 3518 εἰκόνα
626 3464 759 3518 Θεοῦ
802 3466 1107 3535 γεγένηται.
1151 3466 1294 3519 Ἔδει
1326 3466 1434 3538 γάρ
1453 3468 1543 3521 τὸν
1577 3469 1832 3538 μέλλοντα

264 3556 455 3628 ἄρχειν
501 3553 608 3608 τῶν
650 3554 822 3608 ἄλλων
864 3554 1049 3624 ὥσπερ
1078 3556 1200 3607 τινὰ
1236 3556 1416 3609 εἰκόνα
1465 3557 1702 3628 ἔμψυχον
1734 3558 1832 3627 τῆς

266 3647 362 3701 τοῦ
394 3646 651 3716 βασιλέως
690 3646 1003 3716 ὁμοιότητος
1048 3645 1336 3699 ἀπολαύειν
1356 3684 1372 3707 ,
1401 3649 1500 3701 οὑκ
1532 3651 1589 3701 ὲν
1622 3666 1830 3720 πορφυ-

268 3735 378 3808 ρίδι
412 3737 508 3806 μα).
558 3737 819 3807 σκήπτρῳ
858 3737 951 3788 καὶ
990 3735 1280 3806 διαδήματι
1308 3736 1407 3806 τὴν
1444 3734 1609 3802 ἀξίαν
1644 3738 1834 3807 ἐμφαί-

264 3845 431 3894 νοντι,
459 3828 582 3881 ἐπεὶ
613 3826 745 3897 μηδὲ
768 3827 828 3879 τὸ
864 3827 1167 3897 ἀρχέτυπον
1200 3827 1258 3879 ὲν
1288 3825 1495 3890 τούτοις
1520 3823 1609 3899 ἦν,
1636 3828 1748 3881 ἀλλ’
1775 3831 1832 3882 ἐν

264 3918 347 3990 τῷ
371 3917 751 3989 κεκοσμεῖσθαι
782 3918 881 3988 τὴν
920 3916 1227 3989 ἀφθαρσίαν
1264 3919 1358 3970 καὶ
1395 3918 1691 3974 ἀθανασίαν
1738 3920 1831 3973 καὶ

267 4015 487 4084 ἀρετήν.
513 4011 733 4074 Τούτοις
764 4009 871 4080 γὰρ
901 4009 1151 4080 τιμηθεὶς
1179 4012 1208 4063 6
1241 4008 1522 4080 ἄνθρωπος
1554 4009 1651 4082 τὴν
1698 4011 1831 4083 πρὸς

263 4106 334 4160 τὸ
366 4105 712 4176 πρωτότυπον
736 4104 918 4156 εἰκόνα
956 4103 1231 4174 ὁμοιότητι
1273 4101 1543 4166 διασώζει.
1582 4103 1731 4155 Ἐπεὶ
1773 4104 1836 4158 δὲ

266 4193 365 4247 καὶ
387 4190 865 4262 αὑτεξουσιότηςτὸ
893 4188 1166 4259 βασιλικὸν
1188 4190 1280 4243 καὶ
1294 4187 1600 4259 ἐπηρμένον
1620 4188 1717 4258 τῆς
1734 4188 1832 4256 φύ-

269 4302 407 4345 σεως
436 4281 528 4336 τοῦ
559 4280 867 4353 ἀνθρώπου.
896 4280 1143 4351 καὶπρὸς
1166 4279 1261 4350 τὴν
1287 4279 1434 4333 θείαν
1458 4278 1639 4331 εἰκόνα
1668 4279 1832 4347 ἐμφε-

271 4378 364 4449 ρὲς
394 4375 862 4447 προσφανέστατον
886 4372 1154 4435 δείκνυσι,
1203 4372 1294 4425 καὶ
1329 4371 1468 4427 κατὰ
1513 4368 1698 4422 τοῦτον
1738 4369 1830 4422 τὸν

1933 3194 2223 3255 Geneseos,
2254 3208 2373 3261 cap.
2413 3209 2492 3257 ιιι,
2519 3192 2623 3245 22:
2654 3188 2788 3244 Ecce
2820 3189 2993 3243 Adam
3032 3187 3204 3255 factus
3228 3196 3303 3239 est
3354 3185 3510 3237 sicut-

1932 3302 2067 3341 unus
2088 3300 2151 3338 ea:
2190 3283 2367 3345 nobis,
2400 3283 2467 3335 ad
2514 3279 2782 3335 sciendum
2828 3280 3017 3333 bonum
3049 3286 3095 3331 et
3126 3276 3341 3330 malum.
3408 3274 3490 3328 Ad

1932 3391 2093 3450 quem
2141 3375 2317 3429 locum
2364 3374 2506 3427 hunc
2544 3371 2597 3424 in
2637 3370 2856 3425 modum
2902 3374 3335 3423 commentatur:
3379 3364 3493 3435 Οὑχ

1930 3471 2005 3534 ὡς
2034 3464 2442 3541 προσκόψαντος
2469 3459 2635 3514 αὑτοῦ
2663 3459 2755 3513 ἐπὶ
2782 3459 2879 3531 τὴν
2910 3459 3010 3529 τῆς
3047 3458 3245 3530 ἀρετῆς
3274 3457 3365 3509 καὶ
3388 3472 3489 3510 κα-

1931 3562 2053 3624 κίας
2075 3555 2295 3629 γνῶσιν.
2325 3553 2437 3606 ἀλλ’
2468 3552 2543 3616 ὡς
2578 3550 2813 3605 τοιούτου
2838 3550 2898 3615 ἐξ
2937 3548 3110 3621 ἀρχῆς
3140 3545 3487 3610 πλασθέντος.

1930 3652 2140 3713 manu;
2169 3652 2278 3722 γὰρ
2309 3642 2456 3700 εἶπεν
2481 3645 2514 3713 ἡ
2542 3641 2749 3713 Γραφὴ,
2776 3641 2958 3694 ὃτιὲτι
2981 3638 3268 3705 ἐποίησεν
3295 3640 3327 3691 ό
3347 3635 3491 3704 Θεὸς

1929 3740 2037 3794 τόν
2061 3738 2375 3807 ἄνθρωπον·
2399 3733 2528 3790 κατ’
2556 3731 2760 3785 εἰκόνα
2790 3728 2955 3783 Θεοῦ.
2987 3727 3152 3797 Δῆλον
3182 3727 3257 3789 ὠς
3286 3741 3492 3795 προκα-

1930 3829 2159 3898 ταϐεϐλη
2167 3829 2333 3900 μένην
2357 3824 2499 3897 εἶχεν
2527 3823 2586 3881 ἐν
2611 3823 2676 3898 τῇ
2695 3820 2853 3896 φύσει
2874 3817 2973 3889 τὴν
2990 3816 3187 3885 γνῶσιν
3200 3814 3293 3868 τοῦ
3323 3814 3509 3873 καλοῦ,

1931 3921 2024 3975 καί
2058 3917 2315 3991 πονηροῦ.
2349 3919 2404 3973 ld
2427 3928 2542 3975 est:
2571 3918 2693 3973 Non
2726 3911 2879 3989 quasi
2903 3910 3207 3987 profecisset
3235 3909 3282 3961 is
3317 3907 3369 3960 in
3402 3922 3490 3959 co—

1930 4012 2161 4081 gnitione
2178 4011 2387 4064 virtutis
2421 4026 2484 4063 ac
2512 4010 2649 4072 vitii,
2680 4009 2769 4063 sed
2792 4009 2920 4078 quia
2950 4007 3074 4060 talis
3102 4005 3167 4058 ab
3195 3992 3348 4058 initio
3379 4004 3507 4072 {or—

1931 4114 2103 4157 matus
2123 4112 2274 4158 esset.
2305 4100 2448 4155 Nam
2470 4110 2589 4154 ante
2626 4100 2833 4155 dixerat
2880 4098 3187 4167 Scriptura:
3231 4115 3250 4149 t
3300 4095 3488 4149 Adhuc

1932 4196 2054 4264 fecit
2081 4194 2215 4249 Deus
2241 4194 2498 4247 hominem
2528 4191 2812 4246 secundum
2848 4192 3127 4261 imaginem
3144 4189 3262 4243 Dei.
3295 4207 3314 4241 ι
3348 4186 3488 4240 Hinc

1930 4297 2093 4356 patet,
2114 4287 2355 4340 habuisse
2374 4303 2492 4341 eum
2522 4286 2736 4339 insitam
2745 4285 2864 4354 jam
2889 4296 3009 4338 ante
3033 4300 3064 4336 a
3090 4290 3284 4335 natura
3305 4278 3488 4350 cogni-

1936 4382 2123 4433 tionem
2155 4380 2273 4433 boni
2302 4389 2351 4433 et
2379 4378 2527 4432 mali.
2564 4377 2847 4432 Hominem
2877 4376 3039 4446 igitur
3065 4376 3136 4430 ab
3157 4373 3313 4429 initio
3350 4372 3490 4431 inle-

269 4470 427 4536 λόγον
454 4468 548 4521 καὶ
577 4465 771 4538 χειρῶν
799 4463 930 4518 Θεοῦ
957 4464 1113 4535 ἔργον
1135 4465 1164 4517 6
1184 4463 1463 4533 ἄνθρωπος
1483 4502 1496 4524 ,
1536 4462 1622 4515 διὰ
1656 4461 1717 4513 τὸ
1746 4461 1827 4513 τί-

1934 4485 2087 4540 grum
2122 4476 2176 4523 ct
2202 4478 2407 4524 rectum
2445 4468 2501 4522 in
2527 4468 2671 4523 omni
2693 4467 2999 4538 cognitione
3031 4466 3247 4522 virtutis
3278 4481 3344 4521 ac
3368 4464 3508 4521 vitii.

273 4576 395 4631 μιον
424 4559 523 4629 τῆς
556 4558 911 4628 κατασκευῆς.
944 4555 1143 4625 Bauli};
1162 4555 1269 4625 γὰρ
1300 4555 1548 4626 ἐνέργεια
1592 4555 1652 4606 τὸ
1700 4554 1826 4606 πᾶν.

271 4652 330 4706 ιιι
355 4662 468 4707 est:
504 4651 577 4704 Ac
603 4660 804 4706 ca'terte
842 4649 1051 4720 quidem
1081 4658 1336 4702 creatura:
1372 4652 1483 4701 solo
1532 4646 1683 4700 rerbo
1709 4662 1831 4714 pro-

268 4743 446 4798 ductae
466 4752 587 4796 sunt
611 4759 629 4805 ;
658 4743 807 4796 homo
844 4753 1021 4795 autem
1048 4740 1370 4810 prtccipuum
1419 4740 1670 4808 quiddam
1694 4754 1830 4806 pra:-

270 4850 414 4893 terea
441 4836 623 4890 habuit
662 4837 713 4888 in
738 4835 1018 4889 creatione.
1053 4832 1195 4885 Nam
1224 4832 1404 4885 habita
1432 4841 1553 4895 ante
1574 4829 1828 4883 delibera-

272 4930 414 4983 tione
435 4936 640 4982 creatus
667 4934 765 4991 est,
796 4938 854 4979 ut
879 4941 943 4979 ea:
984 4941 1042 4978 eo
1069 4924 1456 4987 ostenderetur,
1500 4919 1835 4977 excellentem

268 5037 383 5077 esse
401 5037 518 5075 eam
545 5030 861 5075 creaturam.
895 5018 1096 5088 Quippe
1121 5017 1287 5070 illud:
1317 5035 1335 5065 ι
1362 5014 1642 5067 Faciamus
1665 5011 1833 5065 homi-

274 5128 391 5167 nem
419 5110 701 5165 secundum
730 5110 1009 5180 imaginem
1039 5119 1271 5163 nostram
1294 5119 1339 5161 et
1367 5106 1649 5161 secundum
1676 5104 1828 5158 simi-

347 5268 458 5337 (29)
486 5269 694 5339 Κρατεί
718 5267 1185 5339 τῶνᾴκτισμάτων,
1217 5265 1309 5339 καὶ
1336 5260 1651 5339 ἡγεμονεύει
1682 5256 1832 5339 κηδό-

277 5328 459 5409 μενος,
489 5328 616 5393 sunt
643 5338 804 5391 verba
826 5328 1086 5408 Magnetis
1129 5340 1185 5391 ιιι
1230 5328 1530 5404 fragilia-nio
1571 5331 1634 5383 ll.
1702 5328 1829 5380 Viue

272 5423 460 5472 Supra.

492 5473 579 5531 Uti
609 5476 959 5542 Mclitoniani,
1014 5472 1671 5546 Anthropomorphitan‘ct
1702 5474 1827 5546 ita-

274 5538 737 5616 diani'quondam
768 5538 1091 5616 statuerunt,
1117 5547 1208 5611 ,de
1228 5538 1438 5612 'quibus—
1484 5538 1828 5616 conferjjp‘i-

274 5610 557 5687 plianiuiu,
594 5619 722 5687 liter.
777 5618 952 5687 90,7et
977 5610 1396 5687 Tlieodoreium,
1425 5620 1614 5681 (priest.
1670 5610 1740 5687 20
1776 5613 1830 5687 in

274 5682 529 5751 Genesin,
583 5697 637 5740 et
681 5684 825 5739 alibi.
861 5686 1111 5753 Quannis
1147 5684 1413 5737 Macarius
1462 5690 1653 5753 noster
1687 5682 1829 5753 haud

275 5767 457 5827 neget,
482 5750 643 5812 etiam
670 5758 719 5811 in
747 5750 917 5826 ipsum
953 5756 1139 5812 Adami
1182 5770 1376 5823 corpus
1411 5753 1604 5809 divina;
1644 5750 1832 5821 imagi-

1931 4569 2174 4615 creatum
2204 4559 2375 4616 fuisse
2416 4562 2571 4630 plane
2620 4560 2685 4614 ad
2736 4574 2955 4615 sensum
3001 4558 3292 4629 Scriptura
3318 4571 3489 4612 sacrae

1930 4649 2107 4707 Eccle.
2134 4666 2232 4717 vn,
2260 4653 2349 4714 50,
2379 4652 2686 4706 contendit:
2714 4636 3029 4721 quinimoin
3049 4649 3488 4707 antecedentibus

1929 4744 2177 4798 eumdem
2198 4760 2293 4813 per
2314 4743 2799 4814 transgressionem
2819 4742 3102 4812 pristinam
3123 4741 3485 4798 innocentiam

1932 4833 2252 4900 morum,":6
2274 4833 2657 4905 ἀπειρόκακον,
2688 4832 2940 4888 amisisse
2967 4832 3175 4898 statuit,
3200 4844 3321 4901 quae
3345 4830 3488 4884 fece-

1932 4931 2036 4988 rat,
2073 4931 2133 4979 ut
2154 4923 2313 4994 primi
2342 4934 2595 4993 parentes
2621 4923 2883 4979 nuditatis
2922 4937 3035 4977 suae
3074 4923 3333 4981 rationem
3351 4920 3487 4975 .nul-

1930 5014 2037 5068 lam
2071 5013 2357 5069 haberent:
2414 5012 2570 5068 ’Δλλὰ
2596 5014 2671 5078 ὡς
2703 5014 2765 5067 τὸ
2811 5013 3171 5084 ἁπειρόκακον
3210 5011 3486 5082 ἀποθεμέ-

1931 5122 2037 5161 νων
2075 5103 2162 5157 διά
2190 5104 2567 5177 παραϐάσεως,
2593 5104 2622 5158 ὃ
2650 5106 2743 5159 καὶ
2780 5104 2875 5176 τὴν
2904 5102 3177 5175 γύμνωσιν
3198 5103 3487 5173 ἀδιάφορον

1933 5266 2020 5319 nis
2041 5265 2354 5335 dignitatem
2381 5266 2561 5335 aliquo
2586 5264 2746 5320 modo
2774 5262 3119 5335 redundasse,
3148 5260 3275 5314 dum
3312 5269 3483 5335 totum

1934 5331 2207 5390 hominem
2240 5331 2537 5391 secundum
2573 5335 2859 5404 imaginem
2884 5333 2987 5404 Dei
3013 5331 3213 5404 faetitm
3242 5345 3363 5404 esse
3402 5331 3484 5383 fa-

1932 5415 2095 5469 tetur,
2125 5415 2286 5475 atque
2305 5407 2549 5475 inprimis
2575 5406 2626 5457 in
2650 5398 2895 5457 oratione
2923 5400 2988 5454 l7
3023 5401 3075 5475 in
3103 5398 3334 5455 Genesin
3362 5414 3495 5475 cor:-

1934 5491 2034 5543 pus
2064 5468 2514 5544 protoplastarum
2549 5484 2672 5527 ante
2714 5470 3206 5544 transgressionem
3217 5468 3484 5544 praecepti

1933 5538 2186 5598 subtilius
2209 5538 2273 5599 ac
2298 5545 2647 5614 splendidius.
2673 5551 2724 5596 et
2743 5542 2809 5595 ad
2835 5538 3158 5614 specierum,
3177 5538 3484 5614 divinarum

1932 5607 2341 5737 percieptiionenl-
2356 5614 2525 5685 magis
2553 5607 2940 5682 prmnptum'et
2974 5612 3282 5681 expeditum
3318 5607 3503 5670 ιιιιδωμ

1933 5699 2031 5737 con
2059 5700 2124 5737 en
2169 5692 2222 5736 It.

1933 5692 2222 5738 contendit.
