3930 6864
472 246 491 301 l
503 246 607 303 559

1757 241 2112 299 MACARIUS
2143 242 2445 300 MAGNES.

3569 250 3715 305 i600

466 364 729 437 παρέσχε.
762 362 840 420 Ex
873 377 985 435 quo
1014 371 1255 435 apparet,
1291 361 1586 425 Macariutn
1619 377 1865 421 nostrum
1898 360 2035 415 ima-
2061 364 2110 435 Α
2134 362 2251 416 dem
2281 379 2385 417 non
2423 364 2586 433 fuisse
2631 364 2837 419 Adamo
2892 381 3107 421 causam
3159 366 3474 434 cognitionis
3523 364 3717 436 liquet.

466 459 651 537 ginem.
673 457 914 513 divinam
945 456 1214 527 praecipue
1245 455 1300 511 in
1343 455 1573 513 internis
1599 454 1769 512 animi
1794 454 2033 518 dotibus,

467 550 644 621 iisque
673 550 1000 618 concreatis,
1029 548 1369 621 quaesivisse,
1399 563 1508 604 non
1557 550 1613 604 in
1648 547 1826 609 forma
1859 548 2037 605 homi-

463 642 553 696 nis
582 650 846 708 externa;
882 642 961 697 uti
988 640 1206 711 quidem
1242 640 1597 710 philosophus
1626 640 1736 705 ille,
1770 657 1895 696 cum
1925 656 2036 710 quo

464 734 796 802 disputabat,
810 748 878 788 eo
891 748 1054 788 sensu
1074 731 1348 787 hominem
1365 731 1426 785 τὸ
1450 732 1731 787 κάλλιστον
1750 731 1859 786 τῶν
1882 730 2037 796 ζώων

466 827 562 880 καὶ
586 826 770 880 εἰκόνα
790 825 924 880 Θεοῦ
956 840 1078 880 esse
1102 824 1410 885 venditabat
1436 824 1571 896 (5i).

471 941 499 1011 §
528 940 713 995 XVIII.
740 940 995 995 Doctrina
1022 940 1084 993 de
1112 938 1870 1011 immortalitateanimw.—§
1892 937 2031 993 XIX.

541 1012 792 1065 Doctrina
817 1011 882 1065 de
909 1012 1064 1079 lapsu
1102 1011 1293 1069 Adami
1333 1010 1546 1081 ejusque
1578 1010 1768 1079 e/fectu
1789 1051 1806 1077 ,
1838 1010 2038 1063 morta-

534 1081 688 1137 litate
711 1083 908 1136 scilicet
933 1098 1024 1151 per
1051 1093 1321 1151 peccatum
1345 1081 1668 1136 introducta.

538 1192 776 1264 Lapsum
797 1194 991 1251 Adami
1026 1193 1101 1249 ita
1132 1192 1390 1249 describit
1423 1191 1697 1249 Macarius
1733 1190 1955 1261 Magnes
1982 1191 2037 1247 in

467 1278 787 1356 fragmentis
815 1286 1192 1343 Commentarii
1215 1287 1272 1340 in
1303 1284 1558 1351 Genesin,
1602 1285 1751 1355 quod
1792 1284 2038 1341 libertate

468 1392 567 1431 sua
595 1378 802 1433 abusus
833 1376 1197 1432 conditionem
1225 1376 1550 1433 obedientia:
1573 1374 1821 1431 Creatori
1844 1375 2040 1431 debita:

466 1468 765 1538 neglexerit
785 1476 949 1536 atque
973 1483 1068 1537 per
1091 1468 1578 1539 transgressionem
1597 1469 1847 1539 pracepti
1869 1467 2040 1527 divini

467 1563 529 1617 τὸ
554 1560 918 1632 ἀπειρόκακον
958 1561 1074 1616 sive
1116 1560 1482 1618 innocentiam
1515 1577 1728 1616 morum
1769 1562 2036 1627 amiserit,

469 1654 968 1723 mortalitatemque
992 1653 1197 1723 peccati
1224 1654 1509 1713 invexerit.
1541 1653 1691 1710 Hanc
1714 1656 2037 1711 sententiam

470 1747 755 1817 sequentia
789 1746 961 1815 ipsius
982 1746 1261 1801 declarant
1285 1747 1447 1802 verba
1471 1766 1484 1801 :
1516 1749 1721 1802 Ὄντων
1745 1743 1838 1801 οὖν
1856 1747 2040 1811 ,αὐτῶν

470 1842 530 1892 ἐν
555 1839 634 1911 τῷ
663 1837 971 1911 παραδείσῳ
990 1839 1088 1911 τῆς
1108 1840 1340 1911 τρυφῆς.
1362 1839 1525 1911 νόμον
1544 1840 1758 1894 δίδωσιν
1792 1841 1976 1904 αὐτοῖς
2010 1842 2041 1896 6

470 1931 603 1994 θεὸς
633 1932 725 1985 ἐπὶ
749 1930 1055 2001 εὐεργεσίᾳ,
1075 1929 1170 1983 τοῦ
1196 1930 1369 1998 δεῖξαι
1397 1932 1494 2002 μὲν
1519 1930 1807 2003 ἐλευθέραν
1826 1930 1922 2002 τὴν
1939 1930 2041 2001 φύ-

471 2040 555 2078 σιν
582 2027 640 2078 ἐν
669 2026 734 2094 τῇ
762 2022 1217 2095 αὑτεξουσιότητι,
1244 2023 1523 2090 ἀποδεῖξαι
1546 2023 1603 2078 δὲ
1626 2025 1700 2088 ὼς
1725 2023 1831 2079 ὑπὸ
1842 2025 2043 2078 Δεσπό-

468 2135 570 2190 την
603 2118 697 2175 καὶ
734 2118 1007 2191 κηδεμόνα
1041 2120 1169 2185 εἱσι,
1203 2119 1378 2187 λέγων
1411 2119 1605 2182 οὕτως·
1655 2117 1786 2172 Ἀπὸ
1815 2118 2041 2187 παντὸς

471 2209 660 2277 ξύλου
689 2248 704 2264 .
737 2248 754 2264 .
789 2251 804 2265 .
836 2249 854 2265 .
887 2249 902 2264 .
923 2211 1032 2266 τοῦ
1057 2211 1127 2265 ἐν
1158 2210 1589 2280 τῷπαραδείσφ
1614 2212 1839 2280 ,βρώσει
1854 2209 2037 2285 pag-13°

469 2304 589 2361 ἀπὸ
618 2301 688 2358 δὲ
713 2303 821 2358 τοῦ
842 2304 1033 2370 ξύλου
1059 2302 1377 2375 γινώσκειν
1401 2305 1592 2358 καλὸν
1638 2306 1736 2361 καὶ
1775 2304 2043 2372 πονηρὸν

471 2397 545 2451 οὐ
568 2394 831 2466 φάγεσθε
853 2395 955 2451 ἀπ’
986 2396 1192 2451 αὐτοῦ.
1229 2390 1312 2469 τῌ
1344 2395 1413 2450 δὲ
1442 2393 1519 2450 ἂν
1547 2395 1734 2466 ἡμέρᾳ
1772 2395 2043 2467 admotis

471 2490 572 2543 ἀπ’
603 2489 809 2554 αὑτοῦ,
839 2486 1072 2555 θανάτῳ
1097 2488 1516 2554 ἀποθανεῖσθε,
1554 2488 1699 2543 τοῦτ’
1725 2488 1889 2552 ἐστιν,
1917 2489 2043 2561 θνη-

471 2582 555 2635 τοὶ
575 2581 782 2635 ἔσεσθε.
819 2580 976 2637 Οὕτω
995 2582 1104 2655 γὰρ
1145 2585 1175 2638 6
1214 2583 1511 2657 Σύμμαχος
1544 2584 1911 2655 ήρμήνευσεν·
1961 2577 2046 2656 ’ῌ

472 2670 524 2724 δ’
554 2671 632 2725 ἂν
666 2672 856 2743 ἡμέρῃ
894 2672 1057 2744 φάγῃ
1109 2673 1228 2730 ἀπὸ
1259 2675 1365 2731 τοῦ
1406 2676 1616 2742 ξύλου,
1643 2677 1860 2744 θνητὸς
1899 2675 2040 2745 ἔσῃ.

485 2762 649 2816 Ἀλλὰ
683 2764 756 2834 μή
775 2781 861 2827 τις
890 2763 1168 2829 ὑπολάϐοι,
1199 2764 1356 2819 ὅτιτὸ
1383 2765 1538 2832 ξύλον
1566 2764 1821 2837 τοιαύτης
1846 2760 1916 2837 ἦν
1945 2764 2046 2834 φύ-

476 2872 633 2919 σεως,
662 2856 738 2920 ὡς
765 2856 965 2925 γνῶσιν
992 2856 1253 2929 παρέχειν
1291 2857 1454 2911 καλοῦ
1499 2858 1595 2911 καὶ
1633 2857 1869 2929 πονηροῦ
1907 2857 2041 2929 (52).

475 2946 553 3003 Οὐ
606 2948 716 3021 γὰρ
778 2950 843 3021 δὴ
903 2949 1161 3022 βλαϐερὸν
1222 2951 1280 3003 ἐν
1343 2949 1422 3021 τῷ
1481 2949 1794 3022 παραδείσῳ
1847 2967 1898 3004 τι
1952 2944 2043 3021 ἦν.

2135 453 2247 511 Lex
2273 458 2415 510 enim
2438 458 2487 512 ei
2511 457 2641 511 datu
2680 470 2781 524 est,
2812 468 3067 528 tanquam
3096 468 3376 529 utrumque
3396 460 3616 523 scienti,
3668 468 3720 513 et

2137 547 2329 601 bonum
2372 557 2424 603 ct
2470 549 2688 617 malum,
2719 560 2769 604 et
2800 550 3149 605 obedientiam
3191 561 3241 607 et
3277 551 3722 608 inobedientiam.

2136 637 2327 709 Itaque
2351 641 2578 711 cognitio
2607 641 2775 711 legem
2802 644 3099 696 antecessit.
3136 641 3248 697 Le:
3285 660 3404 698 vero
3438 644 3576 698 data
3620 656 3726 709 est,

2135 742 2194 786 ut
2222 732 2396 797 homo,
2424 733 2536 804 qui,
2567 744 2626 787 ut
2647 735 2885 788 diximus
2905 775 2921 799 ,
2959 735 3126 791 libera
3161 736 3428 792 voluntate
3478 738 3731 793 moueba-

2139 832 2244 891 tur,
2277 825 2647 897 licentiamque
2672 826 2895 881 Itabebat
2925 843 2989 881 ea:
3017 831 3223 884 caeteris
3268 831 3556 887 arboribus
3605 831 3732 900 {ru-

2136 926 2281 971 ctum
2304 919 2657 987 percipiendi,
2696 929 2746 975 et
2789 919 2853 974 ab
2877 938 2983 975 una
3020 922 3282 978 duntaxat
3318 922 3594 979 abstinere
3638 942 3732 991 per

2136 1012 2298 1083 legem
2321 1013 2632 1082 jubebatur,
2667 1014 2766 1068 hoc
2809 1016 2989 1079 sciret,
3037 1016 3308 1077 subditum
3354 1034 3412 1072 se
3457 1034 3579 1072 esse
3616 1017 3732 1071 Do-

2137 1104 2301 1169 mino,
2329 1106 2379 1158 ei
2408 1121 2589 1175 nempe
2613 1107 2704 1179 qui
2726 1115 2777 1160 et
2794 1106 2959 1176 legem
2979 1107 3230 1162 dedisset.
3252 1109 3553 1179 Interjecta
3572 1109 3737 1164 dein-

2138 1209 2266 1263 ceps
2297 1195 2522 1250 historia
2547 1196 2615 1251 de
2643 1194 2965 1251 seductione
2995 1198 3286 1266 serpentis.
3305 1199 3603 1267 quomodo
3628 1198 3733 1253 ho-

2137 1287 2239 1343 stis
2275 1296 2483 1342 natura:
2528 1297 2728 1343 nostra:
2762 1296 2914 1343 tanto
2965 1288 3207 1344 hominis
3239 1289 3437 1344 honori
3473 1290 3734 1346 invidens

2137 1380 2338 1435 bellum
2376 1380 2639 1437 adversus
2666 1396 2791 1437 eum
2823 1382 3151 1452 susceperit,
3190 1383 3609 1453 mendacioque
3633 1399 3733 1438 suo

2137 1473 2399 1535 cﬂecerit,
2428 1482 2490 1529 ut
2514 1474 2678 1529 ambo
2708 1481 3113 1543 contemptores
3142 1473 3238 1529 Dei
3269 1474 3488 1539 ﬁerent,
3522 1474 3733 1530 tristis-

2138 1564 2340 1618 simum
2370 1564 2557 1634 lapsus
2587 1563 2837 1620 eﬂ'ectum
2870 1565 3096 1635 exponit
3121 1580 3188 1620 ex
3220 1563 3549 1636 cognitione
3570 1566 3735 1619 nudi-

2141 1659 2270 1713 tatis
2296 1658 2539 1728 ipsorum
2582 1668 2637 1712 et
2672 1665 2881 1712 terrore
2903 1656 3128 1726 iustitiae
3158 1656 3390 1724 divina,
3432 1672 3614 1727 quam
3665 1657 3733 1711 ad

2141 1764 2358 1819 ptenam
2407 1748 2762 1819 promeritam
2796 1749 3225 1815 concitaverant,
3242 1748 3378 1803 adeo
3411 1758 3475 1802 ut
3500 1763 3733 1804 animus

2140 1841 2377 1912 paradisi
2407 1841 2565 1901 sedes
2590 1840 2778 1896 statim
2808 1848 3113 1895 mutaretur
3134 1840 3202 1894 iis
3241 1840 3296 1894 in
3326 1841 3599 1895 acerbum
3633 1841 3733 1894 tri-

2141 1933 2305 1990 bunal
2335 1932 2784 2002 tretnendumque
2813 1931 3145 2001 praetorium.
3182 1929 3339 1987 Μετὰ
3366 1930 3432 1983 τὸ
3461 1930 3733 2001 τόλμημα

2139 2026 2219 2089 είς
2253 2023 2465 2079 σύνεσιν
2494 2022 2738 2087 ἐλθόντες
2762 2021 2856 2076 τοῦ
2896 2022 3264 2092 πταίσματος.
3293 2019 3371 2091 τῷ
3399 2020 3732 2091 διακριτικῷ

2139 2118 2467 2191 κρατοῦνται
2517 2116 2703 2188 φόϐῳ,
2756 2116 2851 2171 καὶ
2894 2116 3231 2188 κρύπτεσθαι
3279 2114 3592 2186 πειρῶνται
3641 2113 3732 2167 τὸν

2138 2210 2405 2284 ἁλάθητον
2428 2209 2735 2281 ὀφθαλμὸν,
2774 2209 2871 2263 καὶ
2913 2207 3308 2280 παραιτοῦνται
3341 2206 3446 2278 τὴν
3473 2206 3730 2277 πρόοδον,

2140 2303 2236 2358 καὶ
2268 2302 2582 2359 ἁναδύονται
2623 2301 2723 2372 τὴν
2760 2299 3124 2372 παράστασιν.
3147 2299 3205 2355 ld
3228 2305 3342 2355 est:
3377 2297 3517 2353 Post
3546 2300 3731 2352 aude:

2139 2394 2277 2449 illttd
2303 2395 2533 2463 facinus,
2563 2392 2827 2447 intellecto
2857 2392 3013 2463 lapsu
3050 2409 3148 2446 suo
3173 2435 3189 2459 ,
3233 2392 3539 2461 providenti
3592 2404 3732 2445 metu

2141 2484 2520 2556 percelluntur,
2560 2495 2609 2538 et
2647 2501 2787 2551 eum,
2825 2501 2977 2553 quem
3004 2484 3167 2538 latere
3191 2483 3269 2537 nil
3298 2482 3731 2552 potest,octtlttat

2142 2576 2306 2631 latere
2332 2585 2613 2642 conantur,
2648 2584 2698 2629 et
2728 2576 2943 2645 prodire
2965 2576 3279 2640 detrectant,
3313 2586 3363 2630 et
3389 2592 3586 2629 coram
3611 2576 3733 2629 sisti

2144 2669 2435 2738 refugiunt.

2213 2760 2350 2815 Illud
2381 2758 2618 2830 denique
2650 2757 2871 2814 silentio
2917 2757 3344 2829 haudquaquam
3394 2756 3731 2827 praetermit-

2142 2853 2363 2911 tendum
2389 2860 2493 2918 est,
2538 2850 2682 2921 quod
2710 2848 2982 2905 Macarius
3010 2848 3231 2920 Magnes
3268 2848 3438 2904 simul
3471 2849 3733 2907 divinum

2145 2944 2419 3017 quoddam
2452 2941 2774 2998 beneﬁcium
2819 2941 2872 2995 in
2926 2940 3043 3011 ipsa
3093 2953 3254 3010 poena
3285 2940 3483 2995 mortis
3524 2955 3731 3010 corpo-

478 3042 641 3112 Ὂρος
694 3041 750 3095 δὲ
784 3041 942 3112 ἐτέθη
995 3044 1052 3095 ἐν
1105 3041 1179 3113 τῷ
1227 3043 1377 3114 φυτῷ
1424 3042 1560 3114 πρὸς
1605 3042 1908 3113 γυμνασίαν
1944 3043 2044 3114 τῆς

2147 3034 2276 3090 ralis
2311 3042 2604 3106 agnoscat,
2642 3030 2787 3103 quod
2831 3031 2933 3085 hac
2991 3031 3260 3086 sententia
3298 3030 3601 3101 exprimit:
3639 3029 3731 3099 Διδ

476 3130 902 3201 ἐλευθερότητος.
936 3133 1045 3185 Καὶ
1074 3134 1156 3186 ὅτι
1190 3134 1252 3186 οὐ
1299 3134 1360 3187 τὸ
1398 3132 1551 3198 ξύλον
1589 3133 1761 3188 αἴτιον
1797 3133 2050 3203 γνώσεως

474 3220 553 3291 τῷ
590 3221 757 3291 Ἀδὰμ
779 3222 988 3291 γέγονε,
1019 3222 1197 3292 δῆλον.
1252 3224 1317 3276 Ἦ
1348 3223 1459 3294 γὰρ
1480 3224 1666 3295 ἐντολὴ
1694 3226 1771 3289 ὡς
1811 3225 1948 3297 πρὸς
1973 3226 2052 3280 είς

474 3311 602 3367 δότα
616 3312 781 3382 ἄμφω
795 3314 974 3385 ἐδόθη,
990 3314 1052 3368 τό
1071 3332 1128 3368 τε
1145 3314 1308 3368 καλὸν
1320 3317 1414 3369 καὶ
1445 3315 1551 3388 [τὸ]
1584 3320 1840 3388 πονηρὸν,
1865 3319 1965 3390 τήν
1989 3335 2051 3372 τε

476 3405 722 3477 ὑπακοὴν
751 3406 843 3459 καὶ
871 3407 969 3477 τὴν
990 3409 1300 3479 παρακοήν·
1330 3407 1470 3461 ὥστε
1488 3408 1742 3480 ήιγνῶσις
1776 3407 2050 3482 προῦλαϐε

476 3499 577 3569 τὴν
604 3499 841 3571 ἐντολήν.
871 3499 1086 3555 Δέδοται
1118 3500 1175 3554 δὲ
1190 3501 1330 3574 αὑτὴ
1355 3501 1442 3555 διὰ
1463 3501 1545 3567 τὸ,
1565 3503 1641 3567 ὡς
1661 3504 1897 3577 εἴρηται,
1923 3502 2051 3558 αὐτ-

476 3592 702 3664 εξουσίῳ
745 3592 1043 3664 βουλήματι
1090 3596 1406 3667 κινούμενον
1448 3597 1541 3652 τὸν
1596 3598 1918 3671 ἄνθρωπον,
1960 3602 2052 3656 ἐπ’

476 3683 661 3748 ἁδείας
680 3702 738 3737 τε
765 3684 955 3756 ἔχοντα
976 3685 1085 3740 ἀπὸ
1110 3687 1327 3742 πάντων
1363 3689 1796 3761 μεταλαμϐάνειν
1823 3692 1931 3746 τῶν
1954 3692 2051 3749 ἄλ-

476 3776 584 3831 λων
618 3778 881 3851 δένδρων,
913 3780 1030 3844 eve;
1068 3781 1124 3835 δὲ
1174 3782 1335 3853 μόνου
1368 3783 1519 3855 νόμῳ
1586 3788 2051 3859 προσταττόμενον

476 3869 797 3942 ἀπέχεσθαι,
819 3872 977 3926 τοῦτο
1017 3873 1303 3942 γινώσκειν
1322 3916 1337 3941 ,
1372 3877 1449 3940 ὡς
1488 3877 1593 3931 ὑπὸ
1625 3879 1900 3951 Δεσπότην
1932 3880 2052 3934 ἐστὶ

478 3963 571 4018 τὸν
602 3965 697 4019 καὶ
722 3966 819 4037 τὴν
850 3967 1070 4039 ἐντολὴν
1112 3969 1400 4024 δεδωκότα.
1454 3970 1510 4025 Id
1539 3981 1654 4037 est:
1692 3972 1824 4028 Cant
1872 3975 2053 4045 itaque

479 4067 646 4110 essent
677 4059 729 4111 in
752 4060 1002 4128 paradiso
1025 4059 1327 4131 voluptatis,
1349 4060 1488 4115 Deus
1512 4062 1868 4134 benefaciendi
1890 4082 2050 4122 causa

480 4145 573 4199 dat
606 4147 671 4200 iis
703 4146 885 4216 legem,
920 4158 977 4201 ut
1009 4149 1269 4212 ostendat,
1303 4150 1523 4203 liberam
1567 4154 1775 4223 quidem
1817 4170 1928 4208 esse
1956 4155 2051 4208 Ito-

480 4238 679 4290 mittum
714 4247 981 4301 naturam,
1005 4256 1065 4294 eo
1102 4241 1240 4308 quod
1269 4243 1353 4294 sui
1381 4241 1514 4307 iuris
1547 4244 1653 4308 sit;
1693 4256 1923 4299 attanten
1960 4247 2051 4302 de-

480 4336 757 4389 monstret,
774 4345 860 4381 eos
887 4329 981 4382 sub
1003 4328 1227 4383 Domino
1249 4341 1297 4383 et
1328 4342 1573 4387 curatore
1592 4350 1719 4389 esse.
1748 4336 1838 4388 Sic
1872 4348 2048 4390 autem

2153 3128 2236 3182 ἵνα
2271 3126 2345 3201 μὴ
2391 3127 2560 3190 κακὸς
2599 3119 2921 3197 ἀθάνατοςῇ
2957 3122 3241 3194 ἄνθρωπος
3257 3162 3273 3185 ,
3315 3122 3515 3193 θνητὸν
3563 3123 3729 3179 αὑτὸν

2150 3222 2465 3292 ἀπεφήνατο
2491 3222 2520 3273 6
2542 3218 2697 3283 Θεὸς,
2727 3218 3008 3290 νεκρότητι
3039 3214 3366 3289 περιὸαλὼν.
3408 3215 3595 3270 Τοῦτο
3624 3216 3729 3287 γὰρ

2149 3314 2198 3369 οἱ
2224 3314 2532 3385 δερμάτινοι
2564 3309 2790 3382 χιτῶνες
2818 3309 3140 3381 σημαίνουσι
3180 3309 3289 3364 ἀπὸ
3319 3307 3417 3362 τοῦ
3442 3308 3613 3378 λόγου
3631 3309 3727 3378 τῆς

2149 3406 2256 3460 τῶν
2289 3403 2439 3471 ζώων
2454 3403 2807 3477 νεκριὶισεως*
2842 3403 2989 3466 ὅπως
3020 3402 3109 3455 διὰ
3141 3401 3238 3473 τῆς
3256 3401 3468 3466 λύσεως
3493 3401 3598 3455 τοῦ
3624 3402 3725 3454 stit-

2154 3515 2321 3570 ματος
2347 3497 2441 3551 καὶ
2470 3495 2571 3567 τῆς
2610 3495 2808 3559 δέσεως
2833 3495 2866 3566 ἡ
2894 3494 3136 3567 ἁμαρτία
3173 3496 3321 3550 πᾶσα
3347 3494 3726 3565 αὐτόπρεμνος

2149 3589 2441 3662 διαφθαρῇ.
2473 3586 2528 3641 Ι‹Ι
2561 3596 2644 3643 est
2678 3606 2691 3642 :
2720 3585 2909 3657 Itaque
2940 3603 3003 3641 ne
3022 3587 3175 3641 homo
3206 3587 3377 3641 malus
3400 3587 3723 3641 immortalis

2150 3690 2302 3747 esset,
2333 3682 2452 3735 etim
2477 3679 2615 3734 Deus
2639 3677 2969 3733 mortalitate
2997 3680 3243 3735 indutum
3284 3679 3567 3733 mortalem
3612 3679 3722 3732 red-

2150 3774 2307 3827 didit.
2336 3771 2477 3826 Nam
2511 3773 2565 3826 id
2595 3773 2767 3839 ipsum
2792 3773 2986 3827 tunica
3015 3773 3246 3840 pellicere
3265 3772 3596 3842 signiﬁcant,
3629 3772 3722 3824 Ita—

2152 3864 2262 3919 bita
2289 3865 2490 3918 ratione
2511 3863 2696 3923 mortis
2720 3864 3044 3919 animalibus
3061 3865 3264 3920 illata:
3284 3873 3342 3917 ut
3363 3881 3456 3933 per
3481 3866 3719 3933 corporis

2151 3957 2546 4012 dissolutionem
2581 3958 2752 4025 ipsum
2779 3973 2982 4029 quoque
3014 3957 3209 4012 vinculi
3252 3957 3485 4027 corporei
3522 3973 3713 4026 pecca-

2152 4058 2263 4107 tum
2290 4051 2495 4119 penitus
2530 4048 2849 4108 aboleretur.
2922 4070 2927 4074 ·

2259 4142 2287 4213 §
2313 4140 2431 4197 XX.
2469 4140 2739 4198 Sententia
2761 4141 3021 4213 Magnetis
3042 4142 3106 4198 de
3134 4141 3329 4195 tunicis
3360 4141 3620 4208 pelliceis.

2220 4232 2479 4300 Quamvis
2511 4243 2762 4290 cartorum
2788 4234 3073 4289 historiam
3109 4234 3295 4305 lapsus
3335 4249 3366 4289 a
3403 4233 3593 4307 Moyse
3630 4236 3718 4290 dc-

2150 4327 2406 4397 scriptam
2439 4325 2660 4397 proprio
2691 4335 2746 4381 et
2778 4325 2998 4381 litterali
3039 4342 3203 4381 sensu
3244 4326 3511 4397 intelligat
3541 4327 3719 4381 Maca-

480 4417 597 4471 ait:
633 4435 652 4467 ι
690 4417 774 4471 Ex
797 4421 940 4483 omni
968 4420 1130 4487 ligno,
1166 4422 1304 4492 quod
1338 4433 1417 4476 est
1445 4424 1502 4483 in
1528 4424 1700 4490 horto,
1731 4428 2045 4482 comestione
2079 4416 2126 4476 υ
2150 4420 2265 4476 rius
2302 4418 2540 4489 Magnes,
2569 4420 2780 4474 tunicas
2812 4428 2992 4473 tamen
3041 4420 3327 4489 pelliceas,
3364 4421 3571 4490 quibus
3603 4431 3719 4491 post

477 4511 750 4564 comedas:
775 4527 839 4563 ea:
872 4511 1015 4580 ligno
1048 4524 1219 4567 autem
1251 4518 1594 4585 cognoscendi
1619 4516 1809 4572 bonum
1839 4528 1888 4572 et
1939 4537 2050 4586 nta-

482 4602 593 4655 lum
630 4618 732 4657 non
765 4605 1043 4659 comedetis
1073 4622 1136 4659 ex
1155 4624 1233 4661 eo.
1269 4606 1387 4673 Qua
1408 4620 1586 4663 autem
1615 4610 1699 4665 die
1719 4612 2048 4669 comederitis

479 4711 544 4749 ea:
574 4711 653 4759 eo,
685 4706 851 4750 morte
897 4696 1215 4765 moriemini,
1254 4718 1271 4750 ι
1327 4700 1425 4753 hoc
1451 4711 1550 4764 est,
1582 4703 1833 4757 mortales
1874 4704 2046 4758 eritis.

482 4788 626 4844 Nam
653 4788 997 4861 Symmachus
1030 4793 1108 4846 ita
1130 4793 1504 4863 interpretatus
1528 4806 1642 4857 est:
1674 4816 1694 4849 t
1732 4796 1852 4864 Qua
1874 4807 2050 4852 autem

480 4877 567 4932 die
612 4883 898 4936 comederis
924 4899 988 4937 ea:
1016 4882 1177 4953 ligno,
1221 4886 1463 4941 mortalis
1509 4889 1721 4957 futurus
1768 4906 1841 4945 es.
1881 4909 1900 4942 ι
1947 4889 2050 4953 Sed

480 4987 634 5027 nemo
655 4975 939 5041 existimet,
971 4993 1086 5029 eam
1117 4976 1280 5046 fuisse
1307 4978 1438 5049 ligni
1473 4990 1742 5048 naturam,
1790 4991 1845 5035 ut
1873 4986 2051 5053 cogni-

484 5064 676 5119 tionem
704 5067 915 5137 a/ferret
945 5068 1067 5122 boni
1094 5077 1142 5123 et
1170 5070 1321 5124 mali.
1356 5070 1468 5125 Nec
1488 5074 1628 5127 enim
1675 5075 1964 5146 quidquam
1996 5076 2049 5131 in

480 5158 733 5223 paradiso
772 5161 985 5212 noxium
1034 5170 1168 5214 erat.
1222 5161 1325 5215 Sed
1373 5163 1428 5215 itt
1455 5162 1641 5232 planta
1675 5166 1786 5228 Itan:
1818 5167 2050 5222 conditio

482 5250 655 5314 posita
683 5261 782 5314 est,
832 5252 901 5305 ad
930 5257 1237 5311 exercitium
1263 5254 1543 5310 libertatis.
1588 5259 1663 5315 Ac
1699 5259 1901 5329 lignum
1928 5262 2049 5331 qui-

553 5410 667 5487 (5!)
695 5410 826 5487 Quae
853 5416 1015 5470 verba
1038 5416 1341 5487 philosophi
1364 5417 1652 5472 Macariani
1677 5419 1729 5472 iu
1748 5419 2051 5487 fragmento

483 5476 551 5559 Hi
581 5476 742 5559 [diviti
766 5476 1159 5559 iamsupe‘rius
1188 5476 1418 5544 adducta
1449 5500 1612 5559 atque
1640 5476 1884 5559 exposita
1919 5502 2051 5549 sunt

485 5548 549 5604 ad
580 5549 607 5619 ς
638 5550 671 5604 9
701 5548 819 5619 (col.
848 5548 1027 5619 issi).

558 5616 666 5697 (.52)
709 5616 799 5677 Sic
825 5635 877 5678 et
906 5618 1206 5697 Prompius
1251 5630 1304 5683 in
1342 5646 1541 5685 comm.
1578 5647 1683 5685 ms.
1726 5632 1778 5686 in
1812 5630 2047 5688 Genesin

487 5691 709 5767 stultum
762 5703 941 5779 putat,
976 5691 1134 5755 talem
1170 5702 1349 5757 arbori
1380 5702 1488 5757 vim
1534 5714 1724 5759 natura
1753 5703 2044 5774 ingenitam

2148 4527 2349 4567 noxam
2390 4511 2565 4567 induti
2596 4510 2751 4567 fuere
2781 4512 3131 4581 protoplasta'.
3168 4510 3236 4567 ad
3271 4513 3575 4569 nuditatem
3603 4531 3717 4570 cor-

2149 4605 2300 4675 peris
2348 4605 2651 4674 tegendam,
2699 4618 2810 4658 non
2858 4613 2964 4661 tam
3023 4604 3281 4662 historice
3320 4621 3487 4676 quam
3522 4608 3715 4679 allego-

2150 4700 2263 4753 rice
2285 4696 2507 4767 exponit
2534 4696 2588 4750 in
2613 4696 2916 4769 symbolum
2942 4697 3285 4752 mortalitatis
3313 4713 3410 4768 per
3434 4709 3714 4767 peccatum

2152 4788 2611 4855 subintroductae;
2644 4804 2744 4844 ceu
2775 4803 2837 4843 ex
2872 4787 3054 4849 verbis
3097 4789 3150 4843 in
3195 4789 3300 4844 (ine
3333 4792 3640 4859 superioris
3688 4792 3714 4863 ξ

2150 4882 2330 4937 citatis
2358 4882 2693 4951 intelligitur.
2744 4879 2876 4948 Quae
2927 4881 3298 4951 interpretatio
3327 4883 3473 4939 haud
3524 4901 3714 4955 parum

2151 4972 2290 5029 lucis
2319 4972 2514 5043 accipit
2549 4988 2615 5027 ex
2648 4972 2790 5035 illis,
2839 4988 2961 5043 quae
2992 4972 3219 5030 Photius
3276 4978 3330 5030 in
3360 4975 3714 5044 Bibliotheca,

2152 5065 2271 5122 cod.
2303 5081 2552 5132 ccxxxtv,
2586 5081 2641 5136 p.
2670 5080 2743 5119 m.
2776 5063 2990 5132 909,ex
3022 5064 3625 5125 S.Methodiioratione
3646 5071 3717 5125 De

2152 5158 2530 5211 resurrectione
2562 5156 2869 5226 excerpsit:
2915 5158 3035 5210 Ὅτι
3083 5157 3439 5230 δερματίνους
3484 5161 3716 5231 χιτῶνας

2150 5247 2242 5302 τὸν
2263 5247 2488 5303 θάνατόν
2521 5264 2673 5320 φησι.
2707 5247 2869 5317 Λέγει
2903 5249 3013 5320 γὰρ
3037 5250 3163 5322 περὶ
3189 5250 3283 5305 τοῦ
3320 5251 3519 5323 ’Δδάμ’
3564 5255 3663 5307 ’ον
3687 5255 3715 5307 6

2152 5394 2342 5485 fuisse,
2366 5392 2606 5479 credere.
2628 5421 2801 5478 Verba
2818 5421 2938 5491 ejus
2961 5425 3028 5479 ad
3057 5425 3233 5491 ipsum
3261 5425 3481 5482 Macarii
3505 5436 3709 5485 textum

2151 5495 2465 5570 citahim‘us.
2514 5492 2670 5570 Quos
2705 5496 3017 5570 perstringit
3068 5492 3298 5570 Magnes»
3337 5507 3470 5570 sunt
3491 5499 3714 5570 quidam

2150 5566 2307 5690 :l'pll‘l;
2322 5561 2679 5636 Theophilum
2710 5561 3103 5623 Antiochenam
3128 5561 3237 5623 Ιῖιι
3267 5568 3349 5623 Ad
3376 5561 3712 5649 Autolycus,
