3966 6206
295 294 425 352 MOI

1409 312 1686 372 NOTITIA
1726 315 1815 370 ET
1855 317 2297 378 FRAGMENTA.

3400 325 3536 383 N02

287 417 422 481 Θεὸς
459 421 489 473 ὀ
532 423 924 498 παντοκράτωρ
959 427 1225 486 ἀθάνατον
1261 432 1429 487 κακὸν
1476 433 1535 504 ἐξ
1576 435 1834 507 ἐπιϐουλῆ

1970 449 2092 503 quae
2119 435 2170 489 in
2199 444 2328 506 typo
2359 451 2456 506 per
2482 435 2672 508 pellem
2701 437 2825 508 agni
2853 437 2922 494 ab
2955 437 3078 509 ipsa
3108 439 3320 511 origine
3347 440 3534 496 mundi

291 509 417 564 ἰδὼν
450 514 844 582 γεγενημένον,
892 520 1144 594 καθάπερ
1179 524 1274 578 καὶ
1313 528 1342 580 ὁ
1385 527 1662 598 πλανήσας
1703 529 1861 582 αὐτὸν

283 600 528 668 διάὅολος
546 599 634 675 ἦν,
651 610 778 673 τοὺς
795 609 1148 682 δερματίνους
1174 617 1404 688 χιτῶνας
1429 619 1518 674 διὰ
1548 619 1707 674 τοῦτο
1732 639 1863 676 κατ-

281 696 603 763 εσκεύασεν,
630 703 792 755 οἱονεὶ
822 704 1108 777 νεκρότητι
1158 709 1467 781 περιϐαλὼν
1498 711 1680 777 αὐτὸν,
1711 715 1860 780 ὅπως

279 789 372 844 διὰ
404 791 504 862 τῆς
532 791 736 858 λύσεως
757 795 851 849 τοῦ
877 796 1128 869 σώματος
1155 803 1262 855 πᾶν
1299 801 1360 856 τὸ
1401 806 1459 857 ὲν
1487 805 1637 876 αὐτῷ
1665 823 1858 878 γεννη-

280 882 374 934 ιὲν
427 883 595 938 κακὸν
642 885 907 962 ἀποθάνῃ.
963 890 1019 946 ld
1057 903 1140 948 est
1171 910 1184 946 :
1218 893 1322 949 Per
1359 896 1604 966 pelliceas
1651 901 1856 954 tunicas

278 984 504 1028 mortem
554 977 821 1049 intelligit.
875 982 1083 1038 Narrat
1127 987 1266 1040 enim
1306 988 1369 1042 de
1399 990 1640 1046 Adamo:
1691 979 1856 1056 Quem

280 1064 424 1120 Deus
478 1071 802 1139 omnipotens
848 1093 966 1130 cum
999 1080 1349 1134 immortalem
1389 1083 1631 1151 fecisset,
1687 1087 1854 1140 sciens

278 1171 399 1210 eum
430 1175 496 1213 e1:
524 1161 735 1218 insidiis
766 1167 1041 1243 (diaboli)
1075 1172 1271 1227 malum
1303 1175 1527 1244 factum,
1569 1178 1650 1230 uti
1684 1188 1732 1231 et
1763 1179 1855 1232 ille

279 1260 418 1313 erat,
445 1254 536 1322 qui
560 1271 678 1308 eum
699 1257 993 1328 deceperat,
1014 1263 1276 1332 diabolus,
1297 1278 1568 1336 propterea
1595 1270 1678 1323 illi
1699 1271 1854 1338 pelli-

280 1359 400 1396 ceas
424 1355 583 1400 vestes
609 1351 960 1420 concinnavit,
992 1357 1146 1426 quasi
1178 1357 1328 1412 illum
1358 1361 1578 1416 induens
1605 1365 1852 1417 mortali-

281 1444 414 1500 tate,
452 1446 509 1490 ut
558 1455 650 1507 per
677 1446 910 1510 corporis
955 1447 1269 1504 solutionem
1319 1468 1488 1516 omne,
1543 1457 1679 1524 quod
1709 1456 1763 1509 in
1792 1473 1851 1511 eo

280 1528 481 1582 malum
502 1542 635 1596 erat,
670 1547 976 1592 moreretur.
1007 1540 1088 1594 An
1119 1540 1426 1599 Methodius
1467 1545 1580 1601 haec
1610 1564 1640 1602 a
1673 1547 1852 1604 Maca-

274 1620 361 1674 rio
400 1620 668 1692 Magnete,
693 1643 761 1680 an
791 1644 920 1684 vero
946 1630 1167 1701 Magnes
1197 1649 1226 1688 a
1255 1633 1527 1691 Metliodio
1576 1639 1847 1709 habuerit,

278 1713 543 1781 disputari
572 1719 791 1785 quidem
843 1733 1057 1790 posset;
1094 1726 1198 1780 nisi
1243 1727 1356 1797 jam
1398 1739 1522 1785 ante
1556 1742 1848 1806 utrumque

276 1801 537 1875 Origenes
553 1817 718 1878 atque
749 1807 1066 1885 Hippolytus
1090 1816 1142 1870 in
1170 1819 1416 1874 eamdem
1445 1801 1846 1890 concessissent

277 1900 627 1955 sententiam.
654 1903 750 1958 llle
793 1906 938 1959 enim
974 1907 1196 1964 homilia
1221 1928 1273 1965 vr
1304 1912 1356 1966 in
1382 1912 1678 1971 Leviticum
1705 1920 1842 1989 (55),

275 2001 400 2038 cum
429 1986 496 2040 de
529 1988 863 2049 indumentis
902 1993 1160 2054 Levitieis
1205 2003 1477 2070 pontiﬁcis
1511 2016 1563 2060 et
1594 1986 1845 2063 sacerdo-

272 2084 388 2130 tum
425 2078 553 2147 agit,
575 2081 712 2137 hanc
736 2088 1198 2155 comparationem
1222 2093 1490 2150 instituit:
1533 2096 1693 2152 Velim
1719 2117 1845 2155 con-

269 2171 408 2240 ferre
436 2171 533 2225 illa
561 2174 797 2242 infelicia
824 2179 1133 2236 indumenta
1153 2225 1168 2250 ,
1203 2186 1392 2254 quibus
1435 2191 1637 2258 primus
1689 2185 1866 2249 homo

269 2281 388 2322 cum
416 2278 702 2333 peccasset,
733 2269 948 2325 indutus
983 2283 1082 2339 est,
1121 2293 1240 2330 cum
1279 2279 1358 2334 his
1389 2284 1585 2337 sanctis
1628 2296 1675 2339 et
1707 2287 1841 2355 fide-

268 2355 407 2409 libus
433 2357 776 2415 indumentis.
810 2360 877 2414 Et
900 2366 1110 2432 quidem
1133 2370 1229 2422 illa
1250 2371 1450 2426 dicitur
1477 2373 1618 2429 Deus
1635 2378 1840 2446 fecisse:

274 2466 293 2498 ι
323 2447 469 2504 Fecit
499 2453 658 2518 enim,
686 2455 876 2524 inquit,
909 2459 1045 2513 Deus
1072 2463 1280 2516 tunicas
1302 2465 1566 2533 pelliceas,
1593 2479 1641 2522 et
1666 2471 1842 2529 induit

268 2541 441 2594 Adam
478 2554 529 2597 et
556 2547 827 2601 mulierem
855 2552 988 2619 ejus.
1024 2570 1043 2604 ι
1075 2553 1196 2609 Illw
1217 2573 1339 2625 ergo
1368 2562 1560 2615 tunica:
1586 2563 1649 2616 de
1681 2565 1838 2632 pelli-

265 2629 362 2686 bus
382 2645 533 2688 erant
563 2653 627 2690 ea:
655 2641 979 2696 animalibus
1001 2656 1245 2716 sumptaz.
1275 2648 1492 2705 Talibus
1524 2655 1662 2707 enim
1681 2629 1840 2725 opor-

265 2726 406 2779 lebat
455 2729 609 2783 indui
640 2743 964 2801 peccatorem
990 2778 1004 2803 ,
1050 2739 1299 2808 pelliceis,
1331 2744 1563 2814 inquam,
1621 2750 1835 2816 tunicis,

261 2833 380 2885 quae
409 2831 579 2874 essent
615 2826 984 2893 mortalitatis,
1014 2847 1169 2899 quam
1187 2849 1281 2902 pro
1312 2848 1522 2898 peccato
1543 2851 1837 2909 acceperat,

262 2919 313 2963 et
340 2912 656 2981 fragilitatis
673 2916 784 2986 ejus
807 2935 923 2988 qua:
941 2937 1005 2974 ea:
1019 2925 1196 2978 carnis
1216 2929 1552 2995 corruptione
1581 2932 1833 2989 veniebat.

261 3003 523 3059 indicium
557 3009 689 3081 (54).
715 3010 973 3078 Quinimo
1007 3015 1346 3088 Hippolytus.
1367 3019 1567 3078 Portus
1601 3023 1830 3081 Romani

1966 527 2274 598 mactati‘ad
2297 527 2685 599 designandum
2706 529 3037 586 oblationem
3064 534 3318 593 sacriﬁcii
3346 533 3534 601 expia-

1963 619 2159 673 toriam
2193 620 2514 677 adumbrata
2544 629 2682 676 erat.
2711 621 2868 676 Conl‘.
2901 622 3071 692 Apoc.
3102 642 3223 689 xui,
3263 624 3327 691 8;
3362 624 3528 688 Zacb,

1963 726 2046 775 ιιι,
2073 711 2138 779 ι1;
2169 712 2275 766 Isa.
2312 729 2424 778 LXI,
2455 714 2509 776 5,
2547 712 2635 767 10.
2664 712 2836 778 Quam
2869 713 3319 783 signiﬁcationem
3367 714 3530 768 etiam

1960 804 2014 858 in
2045 805 2230 859 animo
2257 806 2512 862 habuisse
2539 806 2754 860 videtur
2778 807 3018 861 Irenasus
3047 807 3140 862 lib.
3175 824 3236 862 ιιι
3269 809 3530 862 Adversus

1959 895 2200 965 luereses,
2227 914 2346 967 cap.
2378 898 2446 952 57
2477 917 2490 961 ε
2529 898 2812 963 Quoniam,
2839 898 3035 968 inquit,
3076 917 3230 972 quam
3267 901 3452 954 habuit
3496 918 3532 954 a

1958 988 2184 1058 Spiritu,
2211 991 2514 1044 sanctitatis
2557 989 2751 1044 stolam
2793 991 2973 1044 amisit
3003 1009 3095 1061 per
3124 994 3530 1049 inobedicntiant

1957 1123 1966 1135 .
2007 1118 2023 1132 .
2054 1120 2068 1134 .
2101 1121 2115 1135 .
2155 1080 2427 1146 Dominus,
2454 1082 2545 1151 qui
2572 1091 2648 1135 est
2678 1082 3000 1148 misericors,
3038 1085 3245 1138 tunicas
3283 1085 3530 1154 pelliceas

1954 1187 2050 1242 pro
2078 1173 2223 1243 foliis
2254 1175 2494 1242 ﬁculneis
2524 1174 2718 1228 induit.

2023 1265 2100 1322 Ne
2141 1269 2269 1338 quid
2309 1279 2489 1323 tamen
2531 1267 2960 1332 dissimulemus.
3004 1269 3235 1324 similem
3282 1270 3394 1326 fere
3419 1270 3528 1326 ﬂu-

1953 1359 2307 1423 ctuationem,
2363 1375 2526 1429 quam
2582 1360 2637 1415 in
2686 1361 2789 1416 hac
2825 1363 3126 1432 quaestione
3161 1362 3378 1434 Origeni
3427 1382 3528 1420 ex-

1951 1450 2174 1519 probrat
2222 1449 2450 1504 Huetius
2501 1450 2607 1506 loc.
2661 1451 2756 1505 cit.
2798 1467 2851 1520 p.
2879 1451 3006 1516 168,
3058 1452 3295 1508 Macario
3336 1464 3533 1510 nostro.

1951 1541 2139 1594 eodem
2171 1540 2294 1612 jure
2325 1541 2565 1595 tribuere
2607 1556 2900 1611 possumus
2929 1560 2942 1595 :
2969 1543 3235 1612 siquidem
3273 1544 3326 1598 in
3362 1561 3529 1614 pecu-

1950 1632 2094 1698 liari,
2111 1649 2270 1703 quem
2288 1633 2352 1688 de
2374 1634 2476 1688 hoc
2501 1643 2824 1704 argumento
2863 1635 3122 1702 instituit,
3139 1653 3390 1693 sermone
3412 1655 3527 1693 xm

1953 1725 2004 1778 in
2029 1725 2263 1781 Genesin
2294 1726 2581 1782 litteralem
2604 1727 3044 1796 explicationem,
3070 1731 3224 1798 quasi
3242 1731 3523 1787 brutarum

1950 1817 2308 1874 animantium
2356 1820 2666 1889 tergoribus
2705 1820 2877 1875 induti
2917 1821 3122 1878 fuerint
3153 1826 3525 1894 protoiilastze,

1949 1918 2098 1965 tanto
2147 1921 2342 1966 conatu
2388 1911 2547 1974 ridet,
2589 1921 2647 1966 ut
2680 1913 2841 1970 istam
2878 1917 3192 1971 socordium
3227 1918 3518 1973 hominum

1947 2002 2452 2058 commentationem
2487 2012 2539 2058 et
2571 2005 2722 2059 chori
2759 2008 2961 2062 indocti
2996 2008 3232 2063 fabulam
3271 2011 3519 2081 appellet.

1946 2089 2086 2147 llinc
2123 2093 2176 2147 in
2211 2094 2373 2148 aliam
2413 2097 2721 2164 prolabitur
2772 2101 3120 2166 sententiam,
3158 2103 3365 2159 scilicet
3396 2113 3524 2159 ante

1944 2187 2434 2257 transgressionem
2468 2190 2725 2247 subtilius
2752 2191 2921 2249 fuisse
2951 2210 3014 2250 ac
3049 2196 3385 2266 splendidius
3419 2197 3521 2252 ho-

1944 2278 2112 2332 minis
2145 2295 2368 2348 corpus,
2418 2282 2565 2336 nulla
2601 2284 2858 2339 crassiori
2894 2287 3038 2340 mole
3083 2287 3374 2354 tardatum,
3424 2289 3521 2344 sed

1943 2374 2148 2442 speculi
2202 2374 2378 2430 instar
2425 2377 2891 2445 speciosissimum
2946 2380 3320 2451 lucidumque,
3367 2382 3520 2447 nulla

1943 2468 2191 2524 videlicet
2220 2481 2314 2524 aut
2354 2471 2473 2525 labe
2502 2473 2842 2529 extrinsecus
2879 2491 3186 2544 aspersum,
3223 2484 3318 2530 aut
3345 2485 3517 2532 mate-

1943 2560 2021 2612 ria
2071 2560 2379 2614 liebetatuin
2431 2562 2586 2631 (36);
2634 2574 2758 2632 post
2803 2567 3015 2635 lapsum
3073 2581 3205 2619 vero
3257 2568 3516 2622 crassiori

1941 2665 2171 2719 cmpore
2199 2668 2397 2707 C8|°HPO
2431 2669 2552 2707 eum
2589 2653 2757 2709 fuisse
2789 2657 3208 2724 circumdatum,
3245 2660 3389 2727 quod
3423 2675 3517 2728 per

1941 2743 2178 2797 tunicam
2236 2745 2381 2798 illam
2426 2747 2703 2815 pelliceam
2744 2748 2965 2819 intelligi
3020 2751 3317 2816 existimat,
3354 2763 3517 2823 atque

1939 2848 2316 2902 argumentum
2369 2838 2644 2906 opinionis
2693 2855 2805 2894 suae
2837 2841 3183 2910 potissimum
3232 2859 3300 2898 ex
3333 2845 3517 2902 verbis

1936 2923 2057 2983 1Ιοιιί
2093 2940 2210 2995 cap.
2252 2943 2316 2989 x,
2359 2928 2446 2994 ll,
2477 2929 2747 2998 desumit,
2787 2931 2876 2986 ubi
2927 2933 2974 2988 is
3013 2934 3307 2990 creationis
3347 2951 3512 3004 argu-

1938 3024 2181 3070 mentum
2212 3033 2475 3074 enarrans
2499 3019 2810 3077 Creatorem
2847 3023 2920 3078 ita
2948 3024 3246 3094 alloquitur
3272 3045 3285 3082 :
3311 3025 3514 3080 Pellem

263 3098 582 3168 episcopus,
622 3103 674 3156 in
703 3103 1007 3174 fragmento
1042 3108 1303 3165 hactenus
1341 3112 1564 3174 inedito.
1597 3117 1740 3185 quod
1768 3136 1833 3173 ex

1943 3118 1986 3162 et
2019 3126 2230 3164 carnem
2269 3112 2491 3166 induisti
2526 3129 2638 3180 me,
2680 3131 2872 3185 nempe
2920 3117 3077 3183 illud,
3113 3135 3223 3188 quo
3275 3119 3511 3174 circum-

262 3189 479 3245 duobus
509 3208 643 3249 mss.
687 3197 966 3252 codicibus
1003 3197 1186 3270 Regiis
1229 3199 1633 3262 Parisiensibus
1693 3209 1833 3266 1825

261 3290 320 3335 et
345 3281 482 3337 1888
501 3287 894 3356 excerpsimus,
916 3291 1057 3347 hanc
1083 3293 1547 3364 interpretationis
1566 3303 1832 3358 rationem

256 3373 534 3443 eleganter
579 3379 832 3448 subiicit:
871 3381 1088 3455 Νεκρὰν
1137 3385 1247 3458 γὰρ
1291 3388 1500 3462 σκέπην
1543 3394 1714 3448 ἐποίει
1756 3395 1833 3468 τῷ

254 3467 581 3536 νεκρωθὲντι
624 3471 712 3524 διὰ
750 3472 848 3543 τὴν
881 3475 1182 3546 ἁμαρτίανο
1212 3479 1288 3550 τῷ
1319 3482 1425 3554 γὰρ
1451 3486 1618 3558 νεκρὰ
1645 3467 1831 3561 ἁμαρέ

251 3562 472 3632 τήματα
514 3563 688 3636 ἔχοντι
739 3568 866 3638 περὶ
902 3568 962 3620 τὸ
1021 3569 1182 3641 σῶμα
1234 3573 1438 3646 φθορὰν
1481 3580 1744 3651 ἐσήμαινε
1771 3581 1832 3638 τὸ

251 3653 448 3726 δέρμα.
492 3656 548 3710 Id
580 3668 697 3713 est:
724 3659 996 3715 Mortuum
1027 3666 1165 3718 enim
1197 3677 1549 3736 tegumentum
1591 3675 1714 3742 fecit
1737 3677 1830 3730 ho-

253 3748 388 3800 mini
421 3765 513 3818 per
535 3762 804 3818 peccatum
840 3768 1069 3820 mortuo,
1102 3774 1218 3812 cum
1249 3761 1399 3828 pellis
1453 3765 1829 3834 signiﬁcaverit

252 3843 641 3908 corruptionem
667 3846 840 3914 quoad
864 3863 1052 3917 corpus
1093 3851 1146 3904 in
1175 3852 1382 3908 homine
1413 3859 1642 3925 peccatis
1684 3877 1826 3915 mor-

254 3932 362 3985 tuis
396 3935 742 3990 circumdato.
773 3937 852 3993 Ex
894 3941 1140 3998 adductis
1182 3945 1333 4002 hisce
1364 3950 1690 4007 testimoniis
1709 3954 1824 4023 jam

251 4035 368 4078 tum
405 4026 594 4096 liquet,
629 4027 930 4101 Magnetem
971 4045 1220 4091 nostrum
1249 4054 1356 4094 non
1386 4039 1556 4098 fuisse
1587 4045 1822 4113 primum

251 4119 420 4188 hujus
459 4122 924 4191 interpretationis
969 4128 1272 4199 allegorica:
1303 4133 1418 4189 sive
1460 4138 1698 4207 mysticm
1727 4155 1825 4196 au-

248 4220 455 4266 ctorem
481 4213 591 4283 (55)
617 4230 630 4278 ;
655 4231 775 4284 quae
791 4218 970 4287 quoad
1001 4219 1172 4289 ipsam
1193 4222 1269 4278 rei
1294 4225 1527 4282 indolem
1556 4244 1657 4283 suo
1684 4246 1816 4286 sane

247 4319 362 4356 non
392 4305 708 4362 destituitur
739 4307 1117 4380 fundamento,
1143 4323 1204 4369 ut
1234 4317 1442 4373 scilicet
1489 4321 1715 4378 vestitus
1755 4340 1822 4378 ex

247 4404 593 4452 mortuorum
643 4400 1001 4458 animantium
1043 4406 1272 4475 pellibus
1308 4410 1587 4468 coniectus
1611 4415 1820 4484 primos

249 4487 501 4544 homines
528 4491 594 4546 de
619 4501 770 4547 reatu
798 4495 988 4550 mortis
1009 4502 1522 4569 commonefaceret,
1556 4515 1611 4561 et
1640 4515 1698 4560 ut
1724 4508 1822 4562 ad-

245 4589 623 4648 monerentur,
669 4584 792 4639 loco
849 4586 1065 4644 amissae
1096 4591 1266 4646 vestis
1313 4601 1616 4650 concreatze
1665 4597 1824 4653 inno-

241 4671 458 4738 centize,
500 4683 703 4730 vestem
727 4675 952 4746 justitire
979 4694 1011 4734 a
1039 4695 1204 4736 manu
1237 4681 1329 4738 Dei
1351 4685 1650 4755 parandam
1677 4703 1819 4762 esse,l

247 4921 266 4976 1
318 4851 432 4974 (35)
467 4850 529 4906 Ρ.
597 4851 725 4918 216,
771 4861 900 4909 tom.
939 4854 980 4912 ll
1010 4857 1266 4914 editionis
1315 4862 1626 4919 novissima:
1657 4865 1720 4921 D.
1752 4867 1821 4924 de

271 4937 301 4976 a
387 4939 470 4976 ue.

271 4937 301 4976 3
334 4937 470 4976 une.

319 4991 430 5073 ('54)
465 4993 602 5077 Cum
643 4996 843 5077 quillus
867 4998 1028 5077 etiam
1059 4997 1296 5077 conferri
1327 5015 1556 5077 possunt
1579 5022 1664 5069 ea,
1697 5023 1819 5077 qua:

244 5061 508 5146 Origenes
541 5066 633 5118 lib.
650 5061 720 5146 _'iv
745 5067 947 5146 gontra
978 5069 1187 5130 Celsum
1231 5061 1489 5141 scripsit,
1527 5061 1680 5132 nutu.

242 5148 298 5202 p.
338 5133 463 5199 555,
489 5145 622 5189 tum.
648 5139 669 5190 l
694 5138 822 5192 edit.
853 5141 944 5200 Cit.

315 5203 435 5280 (55)
478 5204 731 5280 Diversas
787 5210 1154 5280 antiquiorum
1224 5212 1446 5267 Patrum
1515 5221 1815 5276 sententias

241 5274 390 5361 circa
422 5276 566 5357 hunc
590 5277 806 5361 locum,
837 5274 1070 5350 quorum
1099 5283 1190 5336 alii
1223 5299 1317 5361 per
1347 5285 1577 5361 χιτῶνας
1609 5274 1813 5361 δερμαέ

239 5345 424 5417 τίνονς
476 5346 781 5416 intelligunt
824 5345 1041 5406 carnem
1093 5345 1399 5417 mortalem,
1429 5357 1521 5410 alii
1552 5345 1809 5414 arborum

241 5416 500 5494 cortices,
541 5418 630 5494 alii
669 5422 1053 5494 mortalitatem
1089 5425 1284 5494 ipsam,
1318 5416 1406 5477 alii
1439 5442 1566 5483 vero
1598 5435 1812 5485 tunicas

239 5485 500 5568 pelliceas
541 5487 710 5568 just
747 5491 979 5546 litteram
1036 5485 1486 5568 interpretantur,
1540 5501 1812 5568 congessit

242 5556 505 5638 §iiieerus
547 5556 916 5638 iuﬂThesauro
958 5556 1294 5638 «clean-sub
1333 5556 1484 5638 voce'
1508 5556 1705 5636 χιτώῖθ,
1753 5586 1807 5638 p.

243 5627 385 5681 1518
410 5643 562 5706 seqq.
594 5631 771 5706 .Conl‘.
805 5632 1195 5706 eti‘amﬂlluetii
1231 5627 1572 5705 Origenimz'a,
1617 5627 1709 5694 lib'.
1745 5627 1805 5706 ι”ι,

241 5707 435 5777 quiest.
467 5700 552 5777 Ψ,
591 5699 619 5772 §
648 5703 702 5763 8,
740 5719 792 5772 p.
819 5704 1040 5777 ιιι..168.

314 5768 424 5840 (50)
479 5768 650 5836 Quain
700 5768 1018 5831 sententiam
1057 5781 1190 5832 inter
1227 5781 1557 5838 recentiores
1610 5782 1803 5840 iterum

1935 3200 2154 3265 damur,
2186 3216 2445 3256 carneum
2479 3219 2680 3274 corpus
2711 3205 3026 3276 indigitans.
3059 3207 3360 3264 lnoleverat
3387 3210 3510 3279 qui-

1934 3293 2054 3347 dem
2090 3292 2201 3362 jam
2237 3293 2379 3348 inter
2397 3295 2812 3365 antiquissimos
2845 3299 3132 3356 haereticos
3155 3301 3256 3356 ista
3293 3303 3510 3370 exposi-

1933 3384 2030 3448 tio,
2060 3400 2221 3452 quam
2255 3385 2310 3439 in
2337 3385 2834 3447 Valentinianorum
2863 3393 3143 3447 erroribus
3167 3391 3512 3462 reprehendit

1933 3473 2167 3531 lrenaeus
2197 3475 2341 3546 (57),
2375 3476 2742 3537 ‘l'ertullianus
2785 3482 2929 3552 (58),
2982 3483 3235 3539 Clemens
3273 3485 3510 3539 Alexan-

1933 3565 2124 3620 drinus
2157 3566 2291 3636 (59),
2335 3569 2534 3638 aliique
2585 3572 2654 3625 ab
2686 3571 2880 3627 lluetio
2929 3575 2981 3628 in
3014 3575 3372 3646 Origenianis,
3399 3577 3506 3631 loc.

1931 3656 2023 3710 cit.
2050 3661 2102 3711 et
2122 3653 2169 3710 .I.
2190 3653 2325 3714 Rod.
2345 3659 2717 3719 Wetsteuioin
2747 3667 2893 3720 notis
2927 3667 2991 3719 ad
3024 3665 3274 3734 Origenis
3322 3667 3509 3722 Dialo-

1930 3764 2054 3816 gum
2097 3759 2279 3803 contra
2311 3750 2682 3815 Marcionitas,
2729 3770 2782 3823 p.
2809 3756 2877 3808 88
2908 3759 3333 3826 seqq.,excitati.
3369 3759 3505 3824 Qui-

1928 3837 2032 3892 bus
2078 3854 2223 3894 nunc
2253 3841 2442 3894 saltem
2484 3842 2755 3907 addimus,
2796 3843 3120 3914 Procopium
3150 3845 3401 3899 Gazzeum
3447 3848 3502 3901 in

1927 3943 2127 3983 comm.
2168 3930 2234 3984 ad
2268 3946 2386 4000 cap.
2415 3948 2474 3986 ιιι
2500 3931 2794 3998 Geneseos,
2825 3935 2988 3989 etiam
3017 3935 3214 3991 Justini
3249 3940 3503 4009 martyris

1926 4021 2227 4076 orationem
2274 4021 2350 4076 De
2395 4030 2771 4079 resurrectione
2810 4026 2952 4080 inter
3000 4028 3103 4083 ista
3132 4029 3234 4084 SS.
3277 4029 3500 4084 Patrum

1926 4120 2278 4167 monumenta
2326 4112 2548 4181 referre,
2601 4115 2802 4186 quibus
2847 4117 3067 4172 inventa
3121 4120 3190 4174 ab
3232 4120 3502 4177 haereticis

1925 4206 2192 4275 expositio
2233 4205 2589 4276 pellicearum
2640 4207 2834 4263 Adami
2883 4212 3194 4268 tunicarum
3239 4213 3302 4268 de
3343 4230 3502 4268 carne

1927 4298 2146 4360 humani
2176 4299 2411 4369 corporis
2435 4299 2680 4369 rejicitur
2711 4300 2845 4372 (40).
2888 4301 3342 4374 Quandoquidem
3368 4322 3500 4362 vero

1927 4387 2160 4443 haeretici
2198 4391 2253 4442 in
2287 4404 2352 4443 eo
2389 4403 2575 4444 errore
2608 4391 2990 4460 versabantur,
3024 4393 3193 4448 Deum
3247 4395 3500 4452 iaciendo

1853 4472 1899 4526 D
1929 4480 2244 4537 hominibus
2281 4483 2497 4538 tunicas
2525 4483 2782 4553 pelliceas
2811 4487 3100 4544 vestivisse
3139 4503 3234 4545 eos
3261 4489 3498 4560 primum

1928 4573 2270 4643 corporibus,
2304 4575 2463 4646 quasi
2492 4587 2618 4632 ante
2646 4577 2856 4648 lapsum
2880 4577 3124 4636 Adamus
3151 4590 3205 4636 et
3226 4581 3331 4637 Eva
3362 4582 3501 4639 fuis-

1925 4673 2047 4720 sent
2089 4665 2432 4736 iucorporei;
2472 4683 2581 4724 non
2614 4668 2813 4727 desunt
2857 4681 3036 4728 tamen
3067 4673 3255 4731 Patres
3294 4677 3498 4733 rectius

1922 4865 2244 4936 incrustavit
2266 4879 2572 4936 anonymus
2599 4867 2822 4936 quidam
2843 4873 2894 4926 in
2912 4870 3340 4925 Observationum
3365 4871 3500 4926 llat-

1923 4935 2146 5015 lfmsium
2188 4934 2501 5015 tomojllll,
2548 4934 2668 5015 olis.
2726 4954 2823 5015 vi,_
2851 4955 2904 5010 p.
2944 4941 3050 5015 l57_
3078 4958 3254 5015 seqq._;
3311 4943 3400 5015 cui,
3443 4943 3496 5015 J.

1921 5004 2184 5080 Feclilius
2202 5007 2528 5080 peculiarem
2550 5004 2988 5080 dissertationem
3020 5011 3086 5065 de
3106 5004 3501 5080 gloriosissime

1921 5077 2132 5150 lucente
2158 5077 2350 5150 Adami
2377 5093 2605 5150 corpore
2631 5082 2885 5150 Opposuit
2915 5077 3195 5135 Rostoehii
3229 5081 3384 5136 1706.

1991 5147 2102 5221 (57)
2157 5147 2320 5221 Lib.)
2350 5149 2614 5221 Adversus
2663 5147 2914 5215 Iubreses,
2966 5167 3086 5221 cap.
3119 5152 3172 5218 1,
3225 5168 3377 5207 num.
3406 5155 3496 5221 10,

1917 5233 1969 5288 p.
2000 5218 2229 5274 28’edit.
2255 5218 2460 5274 Grabii.

1991 5288 2105 5359 (58)
2159 5290 2416 5363 Adversus
2478 5289 2890 5360 Valentinianos,
2942 5308 3059 5363 cap.
3090 5292 3182 5359 ‘24,
3227 5303 3281 5348 et
3332 5294 3426 5350 lib.
3459 5310 3494 5351 ν

1916 5358 2395 5432 Deresurrectione
2425 5365 2625 5428 carnis,
2656 5365 2847 5432 cap.7.

1989 5431 2101 5508 (59)
2152 5428 2352 5508 S_trom.
2406 5433 2498 5486 lib.
2528 5449 2611 5508 ιιι,
2660 5428 2845 5508 ρί510
2891 5433 3146 5508 editionis
3193 5433 3488 5508 Sylburgii,

1915 5500 2004 5553 ubi
2038 5502 2288 5576 eumdem
2321 5517 2577 5576 errorem
2596 5500 2674 5576 in;
2677 5503 2940 5576 Cassiano
2971 5507 3204 5572 quodam
3233 5500 3487 5576 damnati

1912 5586 2014 5650 nec
2044 5571 2227 5650 minus
2252 5571 2604 5650 inﬁxcerptis
2629 5571 3018 5650 Clen_ien_tis_e:c
3045 5576 3330 5650 Theodoto,
3363 5571 3485 5650 pag;

1915 5639 2252 5716 salvebis.
2281 5642 2401 5716 '19:,
2432 5639 2622 5716 c_ol._2_
2644 5643 2901 5716 editionis
2928 5644 3181 5716 Potteri).

1983 5709 2093 5792 (ςέο)
2126 5709 2246 5764 Vid.
2278 5711 2325 5765 J.
2443 5711 3014 5792 Grabiiuspicilegium
3043 5709 3271 5774 Patrum
3299 5727 3348 5774 et
3381 5723 3489 5792 ha:-

1917 5784 2194 5837 reticorum
2224 5784 2404 5837 sa'culi
2437 5800 2495 5848 ιι,
2534 5799 2588 5852 p.
2618 5783 2735 5838 191.
