3966 6206
337 351 480 406 1405

948 344 1004 399 S.
1048 341 1466 398 ARCHELAUS
1502 340 2030 398 MESOI’OTAMIIE,
2055 341 2453 400 EPISCOPUS.
2478 371 2545 388 -ρ
2568 340 2861 397 NOTITIA.

3424 345 3568 401 I406,

332 465 643 525 ccontrario
689 466 1105 535 propensionem
1155 465 1222 519 ad
1271 463 1410 519 mala
1449 464 1612 518 veluti
1662 463 1881 518 tunica-tr

2002 466 2094 518 ml.
2135 467 2233 537 τὴν
2278 466 2505 535 ὓπαρξιν
2547 469 2609 518 ἐκ
2643 468 2890 537 ρυπαρᾶς
2925 466 3030 520 τῶν
3069 466 3284 540 σαρκῶν
3330 465 3560 538 piem;

333 556 610 615 carnalem
667 556 1030 626 assumpsisse
1067 578 1078 611 :
1117 558 1252 610 adeo
1291 566 1350 611 ut
1389 573 1533 610 nunc
1573 557 1899 624 deplorauda

331 653 408 707 sit
436 649 719 705 hominum
751 649 1012 713 conditio,
1043 650 1134 719 qui
1161 665 1225 703 ex
1253 649 1531 702 immunda
1563 649 1744 703 carnis
1779 664 1901 716 pro-

332 740 623 813 pagatione
653 740 996 794 existentiam
1027 756 1177 795 suam
1211 741 1472 810 ceperint,
1507 739 1738 794 docente
1763 739 1900 794 Jobo

333 852 456 905 cap.
510 850 621 900 3m,
653 833 708 899 4,
748 843 802 888 et
842 833 1042 889 Davide
1089 834 1282 904 psalm.
1330 848 1404 895 LI,
1450 831 1500 886 7.
1548 831 1734 886 Elucet
1787 832 1901 885 haec

333 927 602 983 sententia
629 927 870 982 auctoris
896 927 1064 981 nostri
1087 941 1152 980 ex
1169 925 1570 995 comparatione
1585 923 1897 993 angelorum

333 1028 500 1088 atque
547 1020 829 1072 hominum
866 1018 1199 1080 mortalium,
1235 1033 1395 1086 quam
1430 1015 1779 1084 sequentibus
1818 1015 1900 1067 in-

334 1109 511 1164 stituit
550 1110 767 1164 verbis:
806 1110 915 1180 Τὴν
965 1109 1336 1180 μακαριότητα
1374 1106 1541 1172 δεῖξαι
1585 1105 1900 1176 βουλόμενος

329 1202 362 1254 ὁ
387 1201 620 1272 Χριστὸς
663 1201 770 1254 τῶν
801 1202 969 1254 οἰκεῖν
1001 1201 1269 1271 λαχόντων
1299 1199 1396 1270 τὴν
1421 1199 1666 1269 οὐράνιον
1689 1196 1898 1269 χώραν,

332 1293 428 1346 καὶ
465 1292 744 1348 ταλανίσαι
776 1294 900 1356 τοὺς
941 1294 997 1346 ἐν
1044 1292 1219 1363 φθορᾷ
1252 1291 1350 1360 τῆς
1400 1289 1503 1359 γῆς
1537 1288 1893 1359 βιοτεύοντας,

2007 558 2388 628 ἀνειληφότας,
2413 557 2778 627 γεννωμένους
2808 557 2900 610 καὶ
2924 558 3242 625 γεννῶντας,
3279 561 3372 612 καὶ
3405 560 3560 630 δίκην

2008 649 2215 719 φύλλων
2251 650 2438 702 θᾶττον
2465 649 2845 720 ἁπορῤέοντας,
2875 650 3057 720 φησίν,
3090 668 3145 704 κ.
3169 667 3220 703 τ.
3244 651 3292 704 λ.
3317 651 3558 705 Christus

2007 741 2339 793 iudicaturus
2377 739 2749 794 beatitudinem
2777 755 2976 804 eorum,
3006 740 3191 810 quibus
3227 741 3445 796 caelestis
3475 759 3558 794 re-

2008 830 2092 898 gio
2126 828 2415 881 habitanda
2471 829 2689 898 obtigit,
2739 828 3104 898 deploraturus
3146 840 3319 884 autem
3366 841 3558 885 sortem

2006 918 2338 994 illorum‘qui
2373 921 2426 972 iu
2461 920 2555 972 hac
2592 929 2797 972 terrena
2833 920 3155 973 mortalitate
3180 922 3374 985 vivunt,
3405 933 3454 976 et
3489 922 3555 974 ab

2005 1010 2277 1062 immunda
2315 1027 2589 1079 corporum
2618 1012 2994 1080 germinatione
3037 1011 3384 1067 substantiam
3413 1029 3559 1081 cepe-

2003 1112 2144 1166 runt,
2173 1101 2333 1171 geniti
2362 1103 2754 1172 gignentesqae,
2784 1111 2833 1156 et
2864 1105 3035 1156 instar
3059 1103 3306 1172 foliorum
3336 1104 3437 1156 cito
3473 1104 3559 1158 deo

2006 1193 2247 1260 ﬂuentes,
2285 1193 2394 1249 Ιιωσ
2432 1193 2570 1246 dixit
2609 1192 2751 1262 (qua:
2778 1193 2985 1247 scilicet
3033 1193 3088 1246 in
3119 1192 3558 1248 antecedentibus

2001 1299 2067 1339 ex
2094 1282 2226 1338 Luc.
2251 1300 2344 1350 xx,
2376 1284 2466 1351 '55,
2493 1283 2581 1350 56,
2610 1283 2842 1338 adducta
2870 1283 3064 1354 erant),
3096 1294 3200 1338 etc.

1818 1449 3543 1479 ﬂ

1386 1615 1575 1657 (ΗΒΕΑ
1617 1615 1842 1664 ΑΝΝΟΜ
1883 1613 2113 1656 DOMI‘NI
2150 1613 2493 1656 CCLXXVIII.

933 1754 1146 2006 s'.
1381 1789 2955 2006 ARCHELAUS

1402 2119 2010 2182 MESOPOTAMIIE
2065 2117 2484 2181 EPISCOPUS

737 2429 1332 2546 NOTITIA
1425 2427 3141 2547 HISTORICO-LITTERABIA

1114 2651 1401 2712 (Genuum,
1429 2652 1658 2702 Veterum
1680 2651 1884 2699 Patrum
1911 2647 2220 2710 Bibliotheca,
2249 2648 2334 2708 III,
2360 2647 2580 2711 Proleg.,
2604 2662 2655 2711 p.
2682 2646 2790 2711 η.)

327 2944 368 3002 Ι.
400 2945 678 3001 Dissensus
709 2957 936 3001 veterum
963 2946 1046 3000 ‘de
1085 2947 1340 3014 scriptore
1387 2947 1635 3001 Actorum
1683 2948 1870 3012 dispu-
1909 2953 1948 3010 Β
1983 2945 2068 3000 ΙΧ.
2109 2946 2274 3011 quue
2299 2962 2508 2999 rursum
2541 2946 2820 2999 astruitur.

393 3019 606 3070 tationis
671 3033 787 3069 cum
822 3016 1059 3086 Ablanete,
1105 3017 1262 3086 facile
1311 3017 1689 3070 conciliandus.
1747 3017 1877 3069 "(re

391 3092 524 3141 Acta
556 3086 779 3156 primum
809 3084 1397 3156 SyriaceabAt-chelao
1438 3089 1632 3155 scripta
1657 3087 1877 3156 :deimle

392 3154 631 3231 [οπεοςαὸ
663 3154 978 3231 {legemonio
1005 3154 1412 3231 Qhalcedopensi
1432 3154 1672 3231 episcopo
1699 3155 1876 3231 rwce

392 3225 621 3280 reddita.
655 3225 794 3289 Quid
824 3226 1133 3279 censendum
1166 3227 1228 3280 de
1253 3225 1447 3279 Latina
1472 3228 1741 3281 versione?

320 3294 384 3349 II.
414 3295 634 3349 Latinus
660 3297 908 3362 interpres
949 3294 1132 3351 Grazca
1169 3297 1402 3351 versione
1429 3297 1681 3349 Actorum
1717 3297 1877 3365 fuisse

394 3383 518 3420 usus
545 3367 926 3434 comprobatur.

322 3433 409 3488 Ill.
475 3434 620 3488 Num
663 3433 958 3490 Archelaus
1013 3444 1202 3505 prtcter
1262 3437 1397 3488 Acta
1457 3435 1877 3504 disputationis.

390 3507 524 3558 alios
540 3505 712 3576 libros
743 3515 926 3576 contra
954 3505 1212 3558 Manetem
1243 3507 1628 3573 perscripserit,
1660 3508 1879 3576 inquiri-

390 3585 494 3629 tur.
529 3574 730 3642 Lapsus
766 3574 1070 3644 Epiphauii.

318 3644 407 3699 IV.
455 3645 739 3698 Archelaus
781 3643 882 3698 non
919 3644 1300 3699 Cascharorum
1335 3654 1424 3696 aut
1464 3643 1874 3709 Carcharorum,

471 3715 559 3768 sed
592 3714 912 3769 Charrarum
944 3717 996 3766 iu
1033 3713 1410 3779 Mesopotamia
1435 3715 1723 3783 episcopus.

320 3781 547 3905 ν.Μρυο
606 3796 830 3851 tempore
892 3785 1068 3837 habita
1116 3784 1404 3850 disputatio
1456 3781 1700 3836 Archelai
1761 3801 1878 3837 cum

453 3863 620 3905 anete.

453 3863 620 3907 anete.

320 3921 409 3976 Vl.
443 3922 680 3976 Secundo
711 3939 847 3976 anno
874 3921 1035 3975 Probi
1056 3924 1179 3991 imp.
1202 3922 1364 3990 juxta
1394 3922 1696 3976 Eusebium.

324 3993 430 4046 \K’Il.
486 3993 669 4047 Verum
731 3994 786 4046 id
841 3993 1092 4048 accidisse
1151 4001 1388 4046 currente
1435 4010 1571 4046 anno
1621 3993 1726 4046 277
1779 4002 1889 4046 sta~

392 4064 579 4116 tuitur.

318 4129 455 4184 VIII.
504 4135 752 4184 Actorum
811 4132 1188 4201 disputationis
1242 4131 1531 4200 antiquitas
1586 4140 1740 4201 atque
1796 4131 1874 4183 in-

388 4204 605 4272 tegritas
648 4203 1056 4256 demonstratur.

1984 3016 2051 3069 Χ.
2101 3016 2418 3069 Eorumdem
2461 3017 2708 3069 Actorum
2762 3019 2952 3072 veritas
3005 3018 3170 3088 magis
3210 3019 3383 3073 aahuc
3423 3037 3545 3074 con-

2099 3095 2291 3139 rmata.

2159 3103 2173 3136 I
2281 3129 2291 3139 .

2316 3171 2408 3208 nos
2443 3156 2644 3236 integra
2671 3159 2992 3236 pertimuerint
3023 3157 3281 3226 ejusmodi
3309 3159 3463 3214 Acta.

1984 3225 2105 3296 XII:
2132 3225 2329 3296 Quibus
2357 3241 2420 3278 ea:
2449 3225 2711 3296 codicibus
2749 3226 3028 3296 descripta.

1986 3294 2126 3348 XIII.
2170 3294 2420 3367 Magnum
2463 3310 2526 3349 ex
2569 3295 2708 3348 hisce
2752 3296 2898 3351 Actis
2922 3294 3136 3350 accedit
3177 3298 3452 3352 catholica:
3480 3299 3546 3367 fi-

2055 3367 2138 3418 dei
2187 3366 2493 3434 prwsidium
2522 3373 2677 3433 atque
2711 3379 3093 3420 ornamentum.
3131 3368 3269 3422 Hinc
3300 3370 3424 3420 item
3457 3366 3542 3422 re-

2056 3452 2172 3488 rum
2203 3436 2540 3504 antiquarum
2566 3435 2817 3490 studiosis
2859 3436 3060 3507 aliquid
3087 3438 3419 3492 emolumenti
3461 3455 3546 3492 ac-

2053 3507 2321 3559 cersitum.

1983 3573 2123 3629 XIV.
2191 3573 2456 3628 Ilactenus
2511 3574 2792 3628 observatis
2855 3575 3053 3630 additae
3111 3576 3372 3629 nonnulla:
3426 3575 3546 3629 ani-

2055 3644 2436 3698 madversiones
2495 3645 2556 3696 de
2599 3646 2716 3698 sede
2757 3645 3000 3698 Archelai
3035 3646 3340 3713 episcopali,
3381 3645 3544 3714 deque

2055 3714 2305 3765 Actorum
2337 3715 2710 3782 disputationis
2760 3716 2822 3766 ab
2864 3731 2922 3766 eo
2958 3715 3152 3768 habita:
3193 3733 3311 3768 cum
3336 3714 3544 3768 Maneto

2055 3784 2374 3835 intcaritate.

1985 3800 2612 3922 Xi’TeIgt't-i‘f‘i'fgmentum
2663 3851 2796 3904 illud
2828 3851 3108 3916 Actorum,
3147 3852 3284 3921 quod
3334 3869 3398 3906 ex
3438 3852 3542 3922 Cy-

2056 3921 2166 3974 rilli
2203 3920 2673 3990 Hierosolymitani
2702 3923 2958 3973 catechesi
2985 3938 3036 3974 vr
3067 3923 3403 3990 descriptam,
3445 3920 3541 3976 iis-

2062 3991 2176 4043 dem
2202 3991 2348 4043 Actis
2380 3991 2680 4060 subjicitur,
2703 3991 2962 4060 iutegrum
2993 3991 3251 4046 Archelao
3289 3995 3356 4045 sit
3383 3994 3539 4045 attri-

2057 4061 2336 4114 bueudum.
2381 4059 2562 4113 Pauca
2601 4059 2826 4114 insuver
2856 4061 2918 4114 de
2947 4072 3125 4116 nostra
3148 4064 3334 4116 horum
3381 4064 3538 4115 Acto-

2062 4147 2177 4182 rum
2202 4131 2447 4184 editione.

313 4297 421 4358 Ea:
485 4299 549 4360 γ.
587 4296 656 4359 C.
688 4297 1014 4358 Laurentii
1061 4297 1363 4376 Zacagnii
1400 4299 1769 4377 pra’fatione
1823 4294 1903 4355 ad
1932 4293 2319 4355 Collectanea
2366 4307 2899 4356 monumentorum
2949 4297 3241 4357 Ecclesiae
3273 4298 3533 4374 Grtecw,

1744 4394 1807 4452 p.
1876 4392 1945 4434 ιιι
1978 4391 2136 4452 seqq.

384 4497 424 4553 I.
455 4497 634 4555 Editio
673 4499 926 4554 Actorum
972 4498 1114 4554 binae
1147 4499 1529 4570 disputationis
1560 4501 1628 4556 ab
1658 4500 1863 4555 Arche-
1890 4505 1933 4564 C
1967 4515 2088 4569 pus,
2126 4499 2179 4552 in
2207 4499 2359 4554 libris
2388 4513 2522 4567 quos
2535 4505 2722 4553 contra
2737 4497 3060 4553 Manicbaaos
3075 4494 3534 4568 conscripsit,He-

314 4589 402 4645 lao
425 4588 828 4659 Mesopotamia:
850 4587 1106 4658 episcopo
1132 4604 1256 4644 cum
1284 4591 1494 4647 Manete
1523 4591 1743 4647 nefaria:
1764 4592 1864 4645 bte-

313 4697 499 4737 reseos
531 4689 771 4746 auctore,
821 4681 962 4749 apud
1013 4679 1211 4735 Carras
1261 4683 1519 4751 primum,
1577 4682 1774 4737 deinde
1817 4683 1870 4736 in

314 4772 621 4829 Diodoridis
654 4773 772 4828 vi'co
804 4772 1020 4837 habitae,
1065 4781 1175 4825 tum
1220 4773 1291 4826 ob
1325 4773 1567 4828 materiae
1599 4783 1868 4842 praestan-

315 4866 468 4931 tiam,
497 4872 610 4917 tum
641 4863 711 4918 ob
745 4863 819 4917 rei
849 4870 1012 4932 gestm
1036 4862 1436 4931 antiquitatem,
1471 4863 1869 4932 acceptissima,

313 4964 374 5010 ut
400 4955 654 5021 arbitror,
685 4955 792 5009 illis
816 4953 940 5018 erit,
975 4953 1067 5022 qui
1107 4969 1386 5008 sacrarum
1417 4955 1722 5010 litterarum
1755 4965 1874 5010 stu-

310 5049 401 5103 dio
428 5055 696 5103 tenentur.
729 5045 959 5112 Quinam
995 5046 1129 5100 Acta
1171 5045 1274 5099 ista
1309 5047 1527 5117 scriptis
1577 5049 1872 5119 consigna-

312 5139 469 5207 verit,
501 5139 640 5193 inter
667 5136 1046 5206 Epiphanium,
1085 5133 1474 5207 Hieronymum
1507 5147 1561 5193 et
1598 5137 1876 5193 Heraclia--

314 5246 445 5285 num
490 5228 983 5284 Chalcedonensem
1045 5226 1360 5297 episcopum
1423 5243 1533 5282 non
1591 5231 1866 5284 convenit.

315 5319 544 5374 Sanctus
576 5317 718 5372 enim
748 5315 1081 5385 Epiphanius
1128 5319 1202 5388 (a)
1255 5326 1309 5373 et
1348 5329 1570 5373 sanctus
1611 5317 1872 5390 Hierony-

311 5406 541 5477 mus.(b)
569 5405 892 5460 Archelaum
928 5405 1124 5474 ipsum,
1154 5422 1286 5475 quae
1310 5421 1492 5461 coram
1522 5407 1745 5463 delectis
1783 5409 1873 5478 juo

312 5499 525 5553 dicibus
568 5498 828 5552 adversus
857 5495 1121 5551 Manetem
1157 5497 1433 5561 disseruit,
1468 5500 1673 5568 scripto
1707 5501 1870 5554 tradi-

315 5592 461 5645 disse
471 5596 681 5658 putant.
698 5586 1050 5642 Heraclianus
1066 5602 1193 5643 vero
1205 5586 1657 5647 Chalcedonensis
1670 5591 1871 5660 episco-

387 5741 462 5807 (a)
498 5739 640 5795 "tl’l'.
671 5755 813 5802 mm,
843 5754 994 5807 capp.
1024 5737 1113 5804 ‘Zl,
1145 5740 1214 5798 25
1247 5750 1295 5795 ct
1328 5741 1414 5796 52.

390 5811 566 5882 φλορ
599 5811 694 5866 t'ir.
734 5809 837 5877 ill.,
868 5825 918 5864 c.
952 5809 1034 5862 72.

1973 4591 2278 4661 gemonium
2321 4589 2611 4659 quemdam
2673 4590 2887 4644 illorum
2913 4599 3190 4645 auctorem
3218 4589 3384 4645 fuisse
3406 4602 3534 4642 cen-

1974 4683 2101 4737 suit.
2144 4680 2421 4752 Siquidem
2460 4681 2770 4752 Photius(c)
2796 4681 2989 4750 horum
3023 4681 3324 4738 Heracliani
3368 4681 3533 4736 libro-

1975 4789 2094 4827 rum
2122 4783 2375 4842 excerpta
2400 4772 2660 4837 referens,
2678 4774 2926 4830 eumdem
2952 4773 3328 4830 I-Ieraclianum
3366 4775 3444 4829 ait
3475 4775 3531 4828 in

1972 4863 2313 4919 confutandis
2358 4863 2778 4921 Manichtnorum
2825 4869 3125 4930 erroribus,
3156 4882 3316 4921 usum
3360 4865 3531 4924 fuisse

1974 4955 2123 5010 Actis
2179 4955 2564 5023 disputationis
2621 4957 2871 5014 Archelai
2938 4959 3174 5028 episcopi
3239 4973 3362 5012 cum
3417 4957 3530 5013 Ma-

1973 5053 2116 5110 nete,
2148 5046 2215 5100 ab
2251 5045 2582 5115 Hegemonio
2608 5049 2946 5117 conscriptis.
2986 5048 3050 5102 Et
3077 5047 3379 5103 Heracliani
3411 5049 3526 5119 qui-

1973 5139 2091 5192 dem
2125 5139 2445 5193 sententiam
2482 5141 2805 5195 confirmare
2832 5141 3083 5194 videntur
3114 5142 3245 5195 Acta
3275 5141 3391 5210 ipsa
3417 5141 3531 5197 dis-

1973 5230 2298 5298 putationis,
2343 5231 2434 5285 ubi
2485 5231 2602 5286 haec
2650 5231 2876 5302 legimus
2933 5232 3010 5301 (ά)
3048 5249 3060 5285 :
3113 5230 3372 5295 Quoniam
3411 5247 3528 5285 vero

1970 5320 2168 5390 placuit
2221 5321 2477 5378 Marcetlo
2541 5325 2947 5393 disputationem
3003 5323 3138 5377 hanc
3175 5327 3343 5394 excipi
3373 5336 3529 5394 atque

1971 5412 2224 5477 describi,
2287 5416 2646 5469 contradicere
2691 5432 2792 5469 non
2840 5415 3026 5483 potui,
3068 5416 3292 5485 conﬁsus
3339 5417 3402 5470 de
3438 5418 3526 5470 be-

1972 5501 2227 5568 nignitate
2279 5505 2577 5574 legentium,
2632 5506 2770 5574 quod
2811 5507 3014 5559 veniam
3063 5508 3260 5563 dabunt
3304 5510 3350 5563 si
3400 5511 3526 5580 quid

1970 5587 2266 5656 imperitum
2311 5603 2403 5646 aut
2447 5593 2702 5646 rusticum
2754 5594 2961 5648 sonabit
2992 5598 3199 5662 oratio;
3252 5598 3346 5653 hoc
3387 5601 3524 5654 enim

2044 5741 2114 5808 (r)
2143 5741 2306 5808 Bibl.,
2338 5746 2452 5798 cod.
2487 5763 2680 5801 Lxxxv.

2041 5812 2118 5884 (d)
2153 5811 2270 5868 Act.
2306 5816 2467 5885 disp.,
2502 5831 2550 5868 c.
2580 5817 2682 5886 '59.,
