3930 6864
443 295 465 347 i
478 293 575 347 ω’]

1313 290 1371 346 S.
1410 290 1824 348 AliCllELAUS
1855 286 2368 346 MESOPOTAMLE
2405 285 2822 343 EPISCOPUS.‘

3529 287 3670 343 “03

445 418 651 464 tantum
705 419 804 474 est.
869 411 1006 480 quod
1057 412 1343 476 studemus,
1396 423 1452 466 ut
1506 415 1580 468 rei
1632 423 1787 484 gestat
1829 413 2006 484 cogni-
2033 415 2081 470 A
2106 407 2315 462 siccatis
2344 407 2626 462 tradiderit
2647 407 2836 476 patris,
2867 414 3169 474 permanent
3203 405 3312 460 illa
3337 406 3390 459 in
3421 407 3675 459 columna

446 504 519 555 tio
539 503 833 556 studiosum
854 520 1101 573 quemque
1115 519 1216 556 non
1235 504 1420 560 lateat.
1441 505 1504 560 Et
1518 506 1722 560 clarius
1743 505 1867 559 alibi
1887 507 1962 576 (α)
1987 523 2000 559 :

445 592 644 658 Quibus
689 603 870 662 postea
907 595 1099 664 agnitis
1149 596 1458 663 Archelaus,
1513 597 1703 666 adjecit
1747 614 1808 651 ea
1838 598 2003 667 priori

442 685 815 754 disputationi,
860 697 917 740 ut
950 689 1188 741 omnibus
1229 690 1590 756 innotesceret,
1625 693 1760 744 sicut
1788 708 1880 761 ego
1911 692 2001 761 qui

441 778 710 848 inscripsi,
743 781 793 832 in
828 780 1089 849 prioribus
1118 783 1352 847 exposui.
1388 781 1690 837 Verisimile
1718 783 1860 836 enim
1894 800 1999 837 non

441 878 526 923 est
555 872 873 924 Archelaum
906 872 977 926 ita
1012 873 1250 928 locutum
1294 872 1480 939 fuisse,
1522 875 1568 929 si
1611 875 1853 943 ipsemet,
1881 891 2002 944 qua:

442 977 587 1014 nunc
637 963 915 1028 habemus,
962 963 1343 1033 disputationis
1395 965 1558 1034 hujus
1601 965 1732 1019 Acta
1783 968 2000 1035 scriptis

441 1038 782 1118 mandasset;
824 1069 889 1107 eo
915 1056 1262 1123 praesertim,
1297 1057 1440 1126 quod
1475 1072 1571 1125 pro
1598 1057 1876 1124 inscripsi,
1926 1060 2001 1112 le-

440 1143 670 1210 gendum
710 1145 886 1213 patius
931 1160 1050 1201 esse
1091 1146 1336 1202 videatur
1363 1149 1638 1217 exscripsi.
1683 1147 1789 1203 Sed
1829 1150 1998 1204 nihilo

440 1239 617 1293 secius
649 1255 770 1294 cum
808 1242 860 1295 in
914 1254 1189 1313 postremo
1217 1243 1528 1297 eorumdem
1574 1243 1832 1298 Actorum
1879 1245 1999 1300 loco

439 1332 602 1385 modo
627 1343 926 1387 memorato
954 1335 1154 1390 diserte
1187 1336 1418 1398 dicatur,
1446 1335 1771 1390 Archelaum
1819 1337 1997 1406 ipsum

439 1423 700 1477 nonnulla
731 1425 897 1492 priori
930 1424 1285 1495 disputationi
1315 1442 1428 1480 sum
1468 1427 1810 1494 postmodum
1843 1428 1996 1481 addi-

439 1513 604 1580 disse,
641 1515 693 1568 in
723 1531 842 1570 eam
877 1519 1200 1572 sententiam
1231 1519 1425 1573 lubens
1461 1519 1638 1582 venio,
1673 1527 1734 1574 ut
1765 1517 1999 1588 Epipha-

439 1604 590 1658 nium
614 1615 773 1676 atque
799 1606 1187 1679 Hieronymum
1217 1625 1340 1664 cum
1365 1608 1684 1665 Heracliano
1715 1610 1998 1666 conciliari

439 1709 598 1763 posse
627 1698 860 1761 credam,
889 1697 936 1752 si
971 1698 1242 1762 dicamus,
1277 1699 1600 1753 Archelaum
1639 1699 1859 1770 Syriaca
1886 1701 1996 1770 pri-

2103 499 2307 568 gloriat,
2336 500 2473 569 quod
2502 508 2716 552 vocatur
2734 499 2814 552 vir
2841 497 3119 566 perfectus.
3153 496 3255 552 llic
3285 507 3463 550 autem
3490 500 3572 550 vir
3597 510 3676 551 est

2103 588 2346 644 columna
2391 589 2543 644 lucis.
2591 589 2722 655 Quae
2761 589 2924 642 verba
2963 589 3036 643 ita
3085 589 3338 659 leguntur
3383 590 3438 642 in
3485 588 3676 644 Grates

2102 682 2244 750 apud
2289 681 2653 751 Epiphanium
2689 681 2941 735 versione
2971 699 2986 734 :
3036 681 3147 751 Τῆς
3176 679 3270 735 οὖν
3301 682 3535 751 σελήνης
3585 699 3681 749 με-

2099 772 2413 842 ταδιδούσης
2442 773 2533 826 τὸν
2554 773 2723 843 γόμον
2742 771 2850 826 τῶν
2879 770 3066 842 ψυχῶν
3111 775 3225 836 τοῖς
3253 773 3417 825 ultimi
3447 772 3543 824 τοῦ
3571 789 3678 824 πα-

2099 864 2245 934 τρὸς,
2266 865 2668 936 παραμένουσιν
2686 867 2743 918 ὲν
2757 865 2836 935 τῷ
2853 864 3027 933 στύλῳ
3041 864 3140 932 τῆς
3160 864 3339 934 δόξης,
3354 864 3417 927 ὃς
3430 863 3682 916 καλεῖται

2100 955 2208 1026 ἀὴρ
2229 958 2256 1008 ὁ
2277 955 2477 1020 τέλειος
2495 973 2508 986 ο
2547 958 2574 1008 ὁ
2601 956 2656 1009 δὲ
2674 956 2780 1026 ἀὴρ
2814 951 2967 1019 οὗτος
2996 955 3185 1019 στύλος
3211 957 3329 1008 ἐστὶ
3359 955 3567 1024 φωτός.
3601 953 3682 1007 Ex

2100 1048 2300 1115 quibus
2316 1057 2478 1117 patet,
2496 1047 2746 1105 Latinum
2766 1050 3110 1117 interpretem
3129 1048 3442 1102 Grazcarum
3475 1061 3682 1098 vocum

2101 1139 2450 1194 similitudine
2472 1139 2778 1208 deceptum,
2798 1155 2893 1209 pro
2911 1141 3038 1212 ἀὴρ,
3059 1151 3116 1194 ιιι
3133 1138 3475 1209 Epiphanius
3488 1138 3682 1201 habet,

2098 1227 2237 1300 ἀνὴρ
2266 1228 2493 1298 legisse;
2528 1241 2725 1284 etcum
2757 1238 2967 1283 vertere
2991 1230 3264 1284 debuisset
3293 1247 3306 1282 :
3349 1227 3679 1281 Permanent

2098 1318 2206 1373 illw
2257 1320 2312 1372 in
2338 1319 2579 1372 columna
2605 1320 2785 1389 gloria:
2827 1337 2944 1390 qua:
2972 1334 3190 1374 vocatur
3229 1337 3322 1372 aer
3366 1318 3675 1387 perfectus;

2097 1424 2188 1460 aer
2216 1420 2387 1462 autem
2414 1411 2512 1462 iste
2533 1420 2609 1463 est
2639 1411 2882 1466 columna
2911 1410 3082 1474 lucis;
3107 1411 3284 1479 ipsum
3319 1410 3467 1463 male
3499 1409 3680 1462 inter-

2095 1509 2364 1570 pretatum
2414 1499 2582 1556 fuisse
2627 1520 2640 1555 :
2683 1501 2835 1566 Quod
2874 1513 3091 1558 vocatur
3135 1503 3212 1556 vir
3239 1504 3508 1570 perfectus
3546 1518 3567 1554 :
3595 1503 3679 1554 hic

2097 1600 2269 1644 autem
2294 1592 2372 1644 vir
2399 1603 2475 1645 est
2503 1591 2745 1646 columna
2775 1592 2941 1653 lacis;
2970 1593 3023 1646 in
3055 1609 3215 1662 quem
3249 1609 3383 1648 sane
3421 1608 3677 1646 errorem

2097 1697 2202 1736 non
2231 1682 2541 1746 incidisset,
2571 1684 2615 1738 si
2648 1683 2715 1737 ad
2751 1683 2959 1755 Syriaci
2994 1694 3173 1738 textus
3207 1683 3399 1747 ﬁdem,
3452 1685 3513 1738 in
3567 1701 3681 1753 quo

440 1796 588 1835 mum
634 1785 816 1854 lingua
860 1795 1074 1854 cuncta,
1103 1803 1222 1857 qum
1252 1804 1434 1844 comm
1480 1767 1698 1844 delecti;
1721 1767 1995 1860 iudicibus
2027 1767 2070 1822 Β
2099 1790 2350 1844 magnum
2382 1776 2523 1830 inter
2557 1785 2844 1844 utramque
2866 1791 3052 1829 vocem
3075 1775 3370 1828 discrimen
3403 1782 3516 1839 est,
3553 1791 3678 1828 ver-

439 1871 698 1929 adversus
748 1874 1011 1930 Manetem
1059 1879 1376 1947 protulerat,
1431 1881 1771 1950 divulgasse;
1823 1879 1996 1952 Hege-

437 1964 680 2019 monium
708 1982 856 2034 vero,
885 1985 1005 2038 qua:
1045 1971 1113 2024 ab
1145 1970 1409 2025 Archelao
1438 1972 1550 2042 jam
1583 1973 1728 2028 edita
1760 1971 1993 2040 fuerant,

437 2056 647 2110 meliori
678 2073 783 2111 non
817 2060 992 2114 solum
1021 2061 1209 2117 ordine
1246 2062 1561 2133 digessisse,
1597 2079 1784 2119 verum
1830 2065 1994 2120 etiam

436 2148 679 2216 exordio,
707 2150 940 2220 epilogo,
969 2152 1200 2222 aliisque
1220 2156 1498 2209 nonnullis
1526 2156 1910 2225 locupletasse,
1937 2165 1997 2214 ut

436 2239 688 2294 omnibus
724 2243 964 2296 numeris
994 2244 1261 2311 absoluta,
1297 2247 1662 2301 celeberrima:
1694 2247 1836 2302 illius
1881 2247 1994 2302 dis-

434 2330 731 2398 putationis
755 2331 887 2404 Acta
921 2334 985 2386 ad
1013 2344 1256 2402 posteros
1285 2338 1800 2392 transmitterentur.
1824 2337 1993 2392 Porro

437 2419 661 2492 Syriaca
715 2423 950 2492 primum
995 2426 1174 2497 lingua
1227 2433 1427 2498 scripta
1469 2429 1634 2484 fuisse
1676 2434 1807 2484 Acta
1856 2430 1990 2495 ista,

434 2522 628 2582 praeter
679 2512 1062 2587 Hieronymum
1113 2518 1166 2572 id
1216 2519 1393 2590 ipsum
1447 2521 1568 2576 loco
1609 2538 1735 2576 mox
1774 2523 1993 2577 laudato

435 2605 580 2660 clare
617 2615 932 2676 testantem,
977 2611 1106 2665 illud
1147 2612 1311 2668 etiam
1361 2624 1682 2683 argumento
1711 2623 1815 2679 est,
1847 2617 1994 2685 quod

432 2696 732 2753 Archelaus
758 2700 821 2754 de
847 2701 1039 2756 solaris
1067 2717 1261 2756 cursus
1292 2705 1467 2772 spatio
1499 2720 1685 2774 agens,
1723 2705 1991 2774 sphmram

434 2785 566 2842 illud
592 2804 622 2843 a
652 2788 851 2847 Graecis
873 2793 1051 2848 vocari
1085 2795 1160 2847 ait
1192 2794 1290 2864 (ὁ).
1320 2795 1551 2860 Quinam
1574 2812 1636 2850 ea
1666 2798 1720 2850 in
1747 2797 1992 2853 Graecum

435 2893 740 2936 sermonem
786 2887 1140 2954 transtulerit,
1176 2897 1323 2942 certo
1352 2888 1607 2947 allirmari
1642 2906 1747 2944 non
1781 2899 1991 2961 potest,

437 2973 684 3039 quamvis
708 2989 897 3042 magna
920 2977 1061 3045 apud
1095 2992 1180 3032 me
1210 2977 1449 3045 suspicio
1481 2979 1572 3043 sit,
1601 2977 1991 3048 llegemonium

435 3063 528 3131 qui
571 3064 794 3120 alteram
830 3068 1078 3122 Archelai
1113 3070 1498 3138 disputationis
1535 3073 1824 3126 editionem
1860 3089 1990 3127 con-

434 3154 694 3220 cinnavit,
719 3157 892 3226 i'psum
921 3175 1136 3230 quoque
1157 3163 1468 3218 corumdem
1503 3164 1804 3217 versionem
1837 3179 1866 3217 e
1891 3162 1991 3234 Sy-

435 3249 587 3303 riaco
622 3251 674 3304 in
702 3251 948 3306 Graecum
986 3254 1256 3322 eloquium
1290 3255 1658 3318 elucubrasse,
1698 3263 1757 3309 ut
1795 3255 1848 3307 in
1894 3271 1993 3309 uo-

435 3326 628 3396 tiorem
663 3343 898 3410 linguam
929 3344 1221 3410 transfusa,
1254 3347 1434 3400 cuncti
1466 3363 1558 3416 per
1588 3348 1775 3400 orbem
1809 3347 1990 3402 ﬁdeles

435 3431 804 3501 plenissimam
852 3436 1162 3489 eorumdem
1211 3438 1457 3491 notitiam
1507 3439 1705 3493 habere
1747 3451 1990 3508 possent.

439 3521 658 3576 Factum
690 3523 739 3577 id
772 3526 1167 3593 antiquissimis
1202 3529 1531 3598 temporibus
1563 3529 1749 3595 fuisse,
1779 3547 1843 3585 ex
1867 3531 1994 3601 Epi-

431 3613 636 3685 phanio
679 3624 912 3682 constat,
963 3619 1055 3688 qui
1101 3620 1335 3690 insignia
1372 3622 1688 3677 eorumdcm
1740 3635 1994 3694 excerpta

435 3705 622 3762 Grmce
652 3708 815 3763 refert
839 3711 892 3764 in
921 3709 1340 3769 Manichaeorum
1371 3714 1563 3770 haeresi
1595 3735 1606 3770 :
1634 3732 1734 3771 nec
1752 3717 1857 3773 dici
1885 3731 1997 3788 pot-

434 3813 536 3862 em,
566 3817 631 3855 ex
659 3800 880 3872 Syriaco
900 3805 1193 3874 exemplari
1217 3805 1579 3877 Epiphanium
1609 3809 1783 3878 ipsum
1812 3812 1995 3866 Grmca

433 3887 651 3954 fecisse,
683 3906 805 3944 cum
836 3893 1015 3947 omnia
1045 3910 1163 3965 qua:
1187 3896 1256 3950 ab
1281 3897 1470 3952 eodem
1499 3914 1565 3952 ex
1580 3899 1726 3953 Actis
1755 3900 1997 3966 disputa-

433 3982 600 4037 tionis
633 3984 884 4038 Archelai
929 4000 1053 4040 cum
1100 3986 1310 4043 Mauete
1345 3989 1666 4056 afferuntur,
1701 3991 1753 4044 in
1801 3990 1993 4047 Latina

434 4088 597 4143 quam
625 4076 867 4139 edimus,
900 4080 1146 4134 versione
1176 4080 1398 4135 totidem
1424 4083 1601 4138 verbis
1631 4083 1989 4152 reperiantur.

435 4167 513 4223 De
542 4166 734 4223 Latino
757 4169 1047 4239 interprete
1069 4171 1226 4226 nobis
1249 4181 1455 4226 tantum
1475 4174 1661 4243 liquet,
1692 4174 1839 4227 illum
1867 4173 1993 4229 Hie-

434 4275 661 4332 ronymo
705 4263 1061 4331 posteriorem
1111 4261 1299 4330 fuisse,
1342 4280 1502 4334 quem
1547 4267 1612 4320 de
1648 4265 1835 4320 Latina
1865 4282 1989 4322 ver-

433 4352 587 4408 sione
615 4354 942 4408 mentionem
977 4353 1168 4410 fecisse
1201 4371 1299 4425 par
1329 4366 1464 4422 erat,
1498 4357 1543 4411 si
1593 4359 1708 4413 suis
1735 4358 1992 4428 tempori-

2097 1866 2303 1920 sionem
2333 1881 2486 1921 suam
2521 1866 2870 1922 elaborasset.
2907 1865 3044 1921 Sunt
3075 1873 3128 1920 et
3153 1866 3271 1920 alia!
3303 1868 3559 1934 ejusdem
3590 1867 3674 1919 iu-

2096 1957 2344 2025 terpretis
2385 1957 2854 2019 halluciuationes,
2888 1973 2957 2010 ex
2985 1957 3184 2026 quibus
3236 1957 3287 2010 id
3323 1957 3507 2025 ipsum
3554 1956 3674 2009 evi-

2095 2046 2412 2102 dentissime
2445 2048 2733 2117 colligitur.
2771 2048 3052 2118 Siquidem
3082 2051 3253 2118 capite
3286 2049 3316 2100 7
3347 2049 3417 2103 de
3452 2051 3673 2103 vivente

2097 2138 2287 2207 spiritu
2315 2153 2344 2190 a
2382 2136 2594 2193 Manete
2627 2138 2857 2193 conﬁcto
2892 2139 3139 2210 loquens,
3173 2141 3247 2194 ait
3275 2158 3288 2194 ε
3323 2139 3536 2194 Rursus
3566 2144 3672 2210 ipse

2095 2231 2265 2284 vivens
2303 2231 2523 2301 spiritus
2557 2233 2750 2286 ereavit
2784 2232 3094 2297 luminaria,
3123 2249 3238 2302 qua:
3274 2244 3398 2286 sunt
3428 2235 3671 2304 reliquiae

2095 2323 2308 2389 anima,
2343 2332 2391 2376 et
2425 2323 2542 2392 fecit
2568 2339 2628 2376 ea
2652 2323 3043 2385 ﬁrmamentum
3065 2325 3372 2388 circumire;
3394 2337 3443 2379 et
3469 2327 3670 2378 iterum

2095 2413 2285 2464 creavit
2315 2421 2531 2478 terram,
2568 2422 2617 2466 et
2639 2423 2760 2466 sunt
2779 2423 2917 2468 octo.
2943 2412 3078 2469 llinc
3105 2425 3282 2469 autem
3303 2425 3452 2485 patet
3483 2416 3665 2484 ipsum

2096 2501 2286 2556 Gracco
2334 2503 2627 2571 exemplari
2676 2520 2834 2557 usum
2894 2502 3081 2568 fuisse,
3138 2505 3190 2558 in
3235 2522 3345 2575 quo
3395 2508 3664 2576 scriptum

2095 2592 2303 2658 fuerat,
2337 2595 2443 2647 εἰσὶ
2474 2595 2531 2648 δὲ
2561 2595 2733 2658 ὀκτώ,
2765 2597 2849 2650 vel
2879 2598 2982 2650 εἰσὶ
3009 2597 3072 2669 δὴ
3098 2597 3267 2658 ὀκτώ,
3303 2614 3428 2652 cum
3479 2609 3664 2652 tamen

2095 2689 2235 2756 apud
2254 2688 2610 2759 Epiphanium
2631 2689 2838 2757 legatur
2858 2691 2937 2753 εἰς
2962 2690 3073 2760 εἴδη
3101 2688 3260 2751 ὀκτώ,
3279 2691 3534 2759 octuplici
3555 2709 3664 2758 spe-

2094 2781 2207 2844 cie;
2235 2796 2355 2849 qute
2387 2796 2516 2836 sane
2542 2780 2899 2849 mquivocalio
2945 2797 3050 2834 non
3083 2796 3148 2835 ex
3179 2780 3422 2852 Syriaca,
3457 2783 3556 2836 sed
3598 2799 3663 2836 ex

2095 2870 2278 2926 Graeca
2309 2880 2513 2926 tantum
2542 2872 2724 2940 lingua
2753 2874 2882 2926 oriri
2908 2881 3136 2941 poterat.
3175 2872 3266 2927 Sic
3301 2889 3426 2943 cap.
3472 2877 3507 2926 8
3542 2890 3661 2926 ver-

2096 2965 2178 3026 tit,
2207 2966 2436 3033 e/fundet
2468 2965 2680 3034 famem,
2717 2981 2840 3021 cum
2873 2975 3085 3020 vertere
3115 2967 3412 3029 debuisset,
3440 2980 3662 3036 pestem,

2096 3071 2124 3110 a
2157 3055 2466 3110 Graecarum
2491 3071 2684 3110 vocum
2723 3056 2898 3127 λιμός,
2932 3057 3120 3126 fames,
3154 3066 3208 3111 et
3237 3056 3444 3128 λοιμός,
3474 3061 3659 3124 pestis,

2095 3147 2451 3203 similitudine
2477 3149 2761 3218 deceptus,
2792 3158 2853 3202 ut
2897 3148 2952 3202 in
2987 3148 3188 3202 nostris
3215 3147 3284 3202 ad
3316 3165 3442 3201 eum
3478 3150 3661 3202 locum

2093 3240 2236 3294 notis
2273 3240 2704 3297 observavimus.
2737 3239 2829 3294 Sic
2861 3241 3034 3308 capite
3069 3241 3103 3295 9
3144 3256 3240 3310 pro
3280 3241 3503 3311 πήσσει,
3543 3258 3663 3293 con-

2093 3332 2252 3402 gelat,
2282 3331 2478 3401 frigore
2510 3333 2782 3401 astringit,
2813 3343 2872 3386 ut
2897 3343 2978 3387 est
3000 3334 3136 3402 apud
3168 3332 3560 3402 Epiphaniam,
3588 3335 3661 3387 le—

2093 3422 2236 3490 gisse
2269 3423 2478 3476 videtur
2522 3422 2771 3494 πλήσσει,
2803 3425 3047 3492 percutit,
3091 3423 3230 3478 utin
3274 3423 3478 3476 eisdem
3520 3424 3662 3476 notis

2092 3512 2394 3566 docuimus.
2426 3510 2642 3567 Retinet
2665 3513 2825 3567 etiam
2859 3514 3145 3568 nonnullas
3171 3529 3330 3567 voces
3359 3512 3585 3568 Graecas
3608 3514 3660 3568 in

2091 3603 2340 3658 versione
2371 3619 2498 3668 sua;
2531 3611 2585 3658 et
2617 3603 2886 3658 interdum
2923 3604 3142 3674 quidem
3175 3605 3448 3666 absolute,
3485 3606 3659 3659 inter-

2093 3695 2222 3748 dum
2260 3710 2388 3748 vero
2412 3694 2593 3749 addita
2620 3694 2933 3750 earumdem
2963 3697 3355 3766 explicatione;
3379 3700 3526 3768 quod
3555 3701 3659 3753 uti-

2094 3805 2200 3857 que
2230 3803 2336 3841 non
2361 3787 2596 3853 fecisset,
2625 3789 2715 3857 qui
2743 3785 2964 3859 Syriace
2993 3791 3252 3860 scriptum
3283 3807 3422 3860 opus
3451 3791 3660 3846 Latini-

2094 3878 2188 3931 tati
2215 3877 2487 3932 donasset.
2515 3875 2652 3931 Hinc
2678 3891 2797 3946 cap.
2841 3878 2908 3931 55
2946 3879 3135 3932 talenti
3168 3895 3354 3934 vocem
3388 3897 3481 3949 pro
3514 3899 3655 3949 pon-

2094 3969 2219 4023 dere
2247 3977 2489 4037 usurpat,
2519 3983 2628 4037 quo
2660 3984 2822 4022 sensu
2847 3970 2985 4037 apud
3016 3970 3233 4025 Grazcos
3261 3988 3364 4025 vox
3394 3973 3646 4026 τάλαντον

2092 4058 2362 4114 interdum
2394 4058 2673 4126 accipitur.
2711 4059 2800 4112 Sic
2833 4059 2995 4126 paulo
3031 4069 3174 4123 ante,
3210 4061 3349 4130 cybi,
3389 4063 3652 4117 vocabulo

2092 4149 2285 4212 utitur,
2321 4157 2373 4203 et
2423 4150 2604 4203 statim
2651 4150 2834 4204 subdit
2887 4166 2954 4203 ex
3003 4152 3386 4207 emendatione
3430 4167 3653 4217 nostra,

2089 4241 2227 4310 quod
2279 4257 2462 4294 nomen
2518 4251 2594 4295 est
2658 4242 2788 4306 tali;
2827 4242 2910 4295 vel
2955 4250 3015 4298 ut
3059 4242 3113 4295 in
3156 4244 3394 4312 quodam
3455 4244 3658 4314 Regio-

2089 4331 2453 4386 Alexandrino
2481 4333 2667 4387 codice
2708 4332 2929 4401 legitur,
2972 4334 3109 4403 quod
3139 4352 3325 4390 nomen
3355 4346 3434 4390 est
3478 4339 3612 4392 aleae
3633 4357 3652 4401 ;

431 4443 538 4498 bus
564 4445 862 4500 exstitisset
889 4464 903 4498 :
933 4446 1132 4502 vixisse
1163 4422 1340 4503 tamen
1363 4459 1486 4504 ante
1514 4451 1800 4518 septimum
1827 4450 1988 4504 Chri-

2094 4439 2123 4476 a
2149 4422 2312 4486 κύϐος
2343 4423 2568 4488 scilicet,
2603 4439 2725 4493 quae
2759 4440 2859 4478 vox
2889 4439 3042 4494 teque
3071 4427 3240 4480 talum
3268 4438 3436 4499 atque
3479 4431 3654 4486 aleam

434 4535 623 4591 stianze
669 4553 789 4591 certe
825 4538 1078 4592 saeculum
1121 4540 1204 4594 vel
1252 4540 1374 4596 inde
1404 4542 1694 4613 colligitur,
1747 4542 1888 4611 quod
1933 4543 1989 4596 in

431 4628 718 4685 laudandis
735 4645 904 4684 sacra:
921 4629 1214 4699 Scriptura:
1233 4632 1364 4688 locis
1384 4635 1653 4704 vulgatam
1676 4635 1987 4700 editionem,

431 4737 554 4794 qua:
577 4739 642 4778 eo
673 4725 869 4780 saeculo
894 4740 986 4795 per
1009 4724 1354 4780 Occidentem
1385 4727 1588 4795 passim
1624 4737 1835 4798 recepta
1866 4725 1986 4794 fuit,

379 4818 381 4820 ’
431 4827 539 4868 non
567 4825 843 4885 sequatur.

503 4965 568 5021 ll.
599 4967 771 5026 Porro
795 4970 1031 5027 Graecam
1058 4973 1383 5038 versionem,
1417 4989 1524 5029 non
1551 4990 1678 5028 vero
1707 4973 1988 5044 Syriacum

432 5070 635 5118 textum
659 5080 768 5133 pra:
789 5065 1040 5120 manibus
1063 5064 1313 5122 Latinum
1336 5065 1682 5136 interpretem
1711 5067 1986 5132 habuisse,

433 5168 542 5208 non
576 5155 739 5208 modo
769 5171 836 5210 ex
863 5156 1112 5212 universa
1141 5157 1259 5226 ejus
1301 5157 1592 5224 locutione,
1623 5173 1744 5228 quae
1767 5159 1986 5221 Graecae,

435 5257 546 5297 non
628 5260 757 5299 vero
816 5245 1052 5316 Syriacze
1110 5246 1307 5318 lingua:
1361 5247 1597 5302 indolem
1665 5250 1990 5318 geniumque

435 5333 679 5399 redolet,
763 5337 896 5392 satis
965 5353 1237 5409 superque
1296 5339 1735 5406 demonstratur;
1799 5356 1986 5396 verum

433 5427 596 5482 etiam
644 5429 889 5498 pluribus
923 5431 1044 5485 aliis
1078 5432 1413 5503 argumentis
1446 5431 1742 5488 fortissime
1779 5435 1988 5489 evinci-

436 5529 544 5575 tur.
570 5520 776 5592 Quippe
803 5523 859 5577 in
889 5523 1051 5593 huius
1078 5523 1462 5594 disputationis
1491 5540 1612 5594 cap.
1649 5524 1683 5579 8
1713 5525 1784 5580 ita
1814 5526 1991 5597 loqui-

436 5622 562 5668 tur:
600 5611 730 5667 Cum
761 5617 926 5684 igitur
964 5615 1091 5669 luna
1130 5633 1258 5672 onus
1285 5619 1422 5687 quod
1454 5619 1609 5689 gerit,
1655 5619 1990 5688 animarum,

507 5725 585 5796 (α)
604 5726 719 5779 Act.
750 5727 886 5797 disp.
906 5767 918 5790 ,
943 5743 1059 5798 cap.
1087 5729 1183 5785 ult.

2091 4513 2380 4584 signiﬁcat,
2407 4523 2465 4568 ut
2495 4514 2548 4568 in
2589 4515 2793 4570 nostris
2823 4515 2889 4570 ad
2914 4531 3037 4570 eum
3082 4518 3261 4574 locum
3289 4523 3436 4577 notis
3464 4523 3654 4578 obser-

2089 4606 2357 4663 vavimus.
2397 4604 2487 4661 Sic
2515 4606 2748 4676 denique
2779 4622 2898 4677 cap.
2937 4609 2970 4662 8
3001 4609 3181 4664 lunam
3215 4614 3520 4680 apocrusin,
3562 4616 3653 4668 de-

2091 4699 2395 4753 trimentum
2416 4699 2550 4768 pati,
2573 4699 2716 4766 quod
2747 4708 3075 4769 postremam
3107 4717 3294 4757 vocem
3326 4704 3531 4772 prioris
3565 4706 3651 4759 in-

2089 4790 2530 4859 terpretationem
2553 4804 2676 4844 esse
2707 4805 2867 4845 nemo
2896 4808 3004 4846 non
3031 4793 3195 4847 videt.

2087 4907 2092 4920 ~
2159 4880 2248 4936 lll.
2289 4880 2472 4936 Refert
2518 4879 2852 4950 Epiphanius
2884 4898 3005 4953 cap.
3041 4885 3097 4937 ll
3135 4885 3484 4952 Archelaum,
3530 4898 3653 4958 post

2089 4970 2332 5042 fugatum
2366 4988 2396 5028 e
2421 4972 2608 5028 Carris
2635 4971 2919 5037 Manctem,
2950 4974 3016 5029 de
3044 4976 3162 5045 ejus
3186 4977 3416 5032 adventu
3442 4980 3494 5032 in
3525 4979 3652 5034 Dio-

2088 5061 2332 5116 doridem
2361 5071 2621 5128 castrum,
2665 5077 2694 5115 a
2737 5060 2972 5118 Diodoro
3011 5063 3112 5118 loci
3160 5065 3304 5120 illius
3335 5067 3653 5138 presbytero

2090 5152 2372 5209 certiorem
2407 5151 2632 5218 factum,
2665 5152 2802 5207 duos
2836 5153 2903 5207 ad
2945 5153 3193 5209 eumdem
3227 5153 3525 5212 Diodorum
3567 5158 3653 5212 λό-

2087 5261 2238 5314 τους,
2271 5244 2373 5298 hoc
2401 5253 2483 5299 est
2510 5245 2678 5300 libros
2704 5244 2939 5310 misisse,
2971 5254 3032 5300 ut
3062 5262 3253 5302 eorum
3289 5248 3521 5304 lectione
3566 5251 3651 5304 in-

2089 5318 2329 5390 structus
2359 5335 2509 5404 impii
2554 5336 2791 5390 hmretici
2827 5346 3052 5392 conatus
3093 5347 3148 5392 et
3181 5337 3299 5407 ipse
3345 5338 3645 5410 infringere

2089 5430 2309 5484 valeret.
2362 5427 2465 5483 Sed
2508 5444 2573 5484 ea
2623 5431 2678 5484 in
2723 5446 2781 5485 re
2813 5431 3025 5500 lapsum
3072 5430 3242 5486 fuisse
3281 5431 3648 5502 Epiphaniam

2089 5522 2223 5578 scite
2253 5521 2482 5576 advertit
2526 5521 2825 5580 Gulielmus
2855 5524 2996 5578 Cave
3037 5524 3089 5577 in
3119 5521 3450 5594 Scriptorum
3483 5527 3646 5580 eccle-

2091 5617 2424 5668 siasticarum
2461 5613 2682 5669 historia
2714 5617 2998 5683 litteraria,
3030 5625 3080 5672 et
3106 5633 3172 5672 ex
3196 5617 3346 5674 Aetis
3376 5618 3508 5689 ipsis
3530 5619 3644 5676 dis-

2163 5728 2237 5798 (ὁ)
2269 5727 2551 5802 lbid.,cap.
2577 5727 2664 5784 52.
