3966 6206
286 241 424 302 ίὶῡθ

1747 244 2048 305 ΝΟΤΙΤΙΑ.

3376 252 3514 318 Nlo

280 362 580 435 putationis
607 360 857 419 Archelai
884 380 1007 420 cum
1040 360 1250 421 Manete
1277 366 1580 423 luculenter
1603 370 1839 424 ostendi-
1865 380 1911 435 Α
1939 370 2106 425 cratis
2135 370 2277 432 loca.
2310 369 2364 425 in
2390 369 2591 441 quibus
2619 369 2907 446 Κασχάρα,
2932 373 3014 428 vel
3050 374 3354 447 Κασχάρων
3383 394 3509 447 per-

279 469 409 513 tur:
456 458 510 510 in
543 458 609 511 iis
639 457 782 511 enim
810 473 930 526 cap.
969 458 1031 510 4i
1069 460 1276 529 integra
1316 459 1549 515 refertur
1588 458 1840 515 Archelai

281 550 349 601 ad
384 547 683 601 Diodorum
724 547 970 615 epistola,
1016 548 1067 601 in
1098 564 1202 617 qua
1244 565 1301 604 se
1334 551 1571 605 voluisse
1598 551 1839 621 quidem,

280 642 360 694 ait
391 639 709 703 Archelaus,
742 639 809 693 ad
842 638 1133 693 Diodorum
1165 641 1346 695 omnia
1381 643 1742 710 perscribere.
1776 648 1842 698 de

273 735 478 802 quibus
504 748 628 787 cum
660 732 867 786 Maneto
895 749 1077 786 coram
1104 735 1326 789 delectis
1354 735 1628 803 iudicibus
1654 736 1842 806 dispu-

270 834 518 890 taverat;
564 826 656 879 sed
685 836 965 895 propterea
1018 827 1086 880 iis
1118 828 1393 882 mittendis
1426 829 1796 897 supersedisse
1822 870 1836 895 ,

270 919 420 986 quod
454 918 709 986 deinceps
743 933 838 987 per
859 919 1028 972 otium
1060 919 1125 973 de
1162 928 1270 973 tota
1299 921 1663 989 disputatione
1682 937 1837 974 eum-

270 1010 397 1064 dem
431 1010 715 1065 certiorem
743 1011 967 1066 reddere
992 1012 1283 1082 cogitabat.
1322 1013 1378 1067 ln
1412 1013 1516 1068 fine
1547 1014 1709 1068 etiam
1734 1014 1841 1083 epi-

274 1103 430 1157 stolae
457 1110 582 1171 post
625 1101 860 1156 breviter
889 1103 1205 1172 perstrictos
1248 1103 1475 1159 Manetis
1510 1119 1754 1170 errores,
1782 1120 1841 1159 se

276 1194 447 1249 multa
478 1194 692 1249 silentio
720 1195 1042 1264 praeteriisse
1076 1196 1288 1260 scribit,
1327 1196 1455 1250 dum
1483 1196 1709 1250 celerem
1736 1196 1839 1265 ipsi

272 1287 689 1355 responsionem
725 1287 949 1341 reddere
978 1283 1220 1353 festinat,
1268 1303 1337 1342 ne
1366 1287 1590 1342 minima
1618 1288 1836 1356 quidem

270 1377 543 1434 librorum
592 1381 661 1436 ad
704 1382 952 1435 eumdem
1004 1382 1294 1436 missorum
1342 1380 1615 1435 mentione
1671 1379 1834 1433 facta.

270 1471 494 1526 Certum
519 1472 703 1542 itaque
726 1483 826 1539 est,
855 1476 1199 1537 Archelaum,
1224 1488 1333 1542 quo
1358 1482 1597 1541 tempore
1617 1473 1683 1527 ad
1709 1470 1839 1524 Dio-

270 1564 464 1618 dorum
499 1566 871 1635 presbyterum
916 1567 1122 1621 litteras
1149 1565 1328 1629 dedit,
1367 1564 1547 1619 nullos
1575 1564 1836 1619 adversus

268 1655 501 1711 Manetis
536 1658 781 1712 haeresim
814 1660 980 1714 libros
1008 1659 1358 1713 elucubrasse
1387 1676 1400 1710 :
1430 1656 1522 1711 sed
1552 1672 1651 1711 nec
1680 1672 1837 1710 secu-

270 1749 340 1801 tis
368 1748 621 1817 deinceps
653 1750 987 1818 temporibus
1032 1750 1153 1803 lihri
1202 1749 1295 1802 ulli
1331 1748 1399 1801 ab
1432 1748 1699 1802 Archelao
1736 1748 1832 1799 ad—
1866 1728 1908 1781 Β

268 1851 461 1891 versus
494 1839 741 1892 eumdem
778 1840 963 1908 scripti
1014 1839 1183 1897 fuisse
1222 1839 1501 1901 videntur;
1556 1838 1660 1891 nisi
1707 1837 1831 1905 quis

267 1930 562 1983 contendat
589 1930 877 1998 ipsummet
905 1930 1035 1985 Acta
1064 1931 1447 1999 disputationis
1476 1946 1587 1983 sua:
1612 1930 1830 1998 scriptis

270 2020 581 2074 mandasse.
627 2019 761 2074 Nam
796 2019 1131 2091 Epiphanius
1170 2024 1283 2091 ipse
1323 2037 1390 2076 ex
1432 2021 1538 2074 alio
1572 2020 1828 2089 quopiam

267 2110 521 2165 Archelai
553 2112 690 2165 libro
719 2112 793 2165 nil
825 2114 1036 2176 recitat,
1075 2114 1320 2184 nihilque
1360 2111 1529 2167 ferme
1567 2114 1829 2169 adversus

264 2198 690 2255 Manichaeorum
722 2216 933 2257 errores
958 2202 1181 2271 profert,
1208 2204 1350 2273 quod
1374 2204 1426 2257 in
1450 2204 1829 2273 disputationis

265 2309 297 2347 a
332 2294 489 2347 nobis
516 2295 672 2348 edita:
705 2294 854 2349 Aetis
884 2310 991 2349 non
1028 2297 1348 2365 reperiatur.
1388 2295 1585 2350 Eadem
1612 2311 1828 2364 quoque

265 2385 383 2439 sola
421 2385 574 2450 Acta,
610 2402 715 2439 non
744 2402 870 2440 vero
896 2386 1031 2441 alios
1060 2388 1344 2456 quospiam
1371 2387 1617 2442 Archelai
1656 2388 1826 2442 libros

259 2475 449 2530 laudat
480 2475 831 2531 Heraclianus
860 2478 1315 2533 Chalcedonensis
1352 2479 1657 2548 episcopus,
1695 2479 1825 2533 dum

262 2566 511 2621 omnium
542 2567 889 2636 antiquorum
916 2566 1135 2621 Patrum
1166 2569 1363 2638 scripta
1402 2580 1822 2638 commemorat,

258 2658 463 2727 quibus
502 2659 553 2711 in
584 2674 684 2713 suo
707 2659 969 2713 adversus
999 2659 1328 2715 Manichteos
1352 2678 1513 2731 opere
1538 2678 1688 2722 ususr
1709 2662 1827 2718 fue-

259 2760 367 2804 rat.
400 2750 762 2817 Quamobrem
815 2752 1102 2806 dicendum
1148 2762 1249 2819 est,
1296 2756 1399 2808 hac
1438 2754 1491 2808 in
1524 2771 1581 2810 re
1609 2770 1826 2825 quoque

258 2844 483 2897 humani
513 2844 641 2913 quid
666 2859 887 2913 passum
912 2843 1080 2899 fuisse
1102 2845 1481 2914 Epiphanium,
1505 2855 1560 2900 et
1591 2847 1823 2902 duorum

256 2936 512 2991 Archelai
542 2937 807 2990 librorum
841 2937 959 2991 loco
991 2937 1245 2991 habuisse
1271 2937 1403 2992 Acta
1433 2939 1545 3008 ipsa
1580 2938 1825 3008 disputa-

258 3029 428 3082 tionis
450 3045 479 3082 a
508 3029 663 3083 nobis
686 3029 843 3083 editae
868 3046 880 3082 :
916 3045 1036 3099 quae
1062 3045 1185 3084 cum
1223 3046 1309 3085 res
1349 3032 1578 3086 diversis
1609 3041 1822 3103 tempo—

256 3121 420 3175 ribus
464 3131 642 3191 gestas
677 3121 1126 3189 complectantur,
1154 3122 1295 3175 haud
1332 3122 1480 3176 inani
1507 3126 1823 3193 conjectura

253 3212 439 3283 colligi
474 3223 669 3282 potest,
702 3214 755 3267 in
787 3216 923 3270 duas
954 3216 1083 3269 olim
1128 3226 1308 3284 partes
1339 3216 1512 3270 divisa
1549 3214 1741 3280 fuisse,
1770 3218 1823 3271 in

254 3319 489 3374 quarum
515 3305 693 3374 priore
716 3306 1010 3375 disputatio
1032 3306 1282 3361 Archelai
1305 3322 1428 3361 cum
1454 3306 1661 3361 Manete
1684 3309 1824 3377 apud

253 3400 486 3463 Carras;
515 3397 568 3451 in
602 3400 836 3453 secunda
867 3414 1015 3463 vero,
1041 3410 1233 3454 cuncta
1261 3416 1381 3469 qua!
1412 3409 1519 3453 tam
1558 3400 1824 3457 Diodorus

254 3488 564 3558 presbyter,
594 3504 758 3557 quam
801 3490 941 3543 idem
981 3490 1281 3544 Archelaus
1311 3506 1342 3543 a
1391 3489 1624 3545 Diodoro
1652 3491 1823 3545 monia

253 3588 366 3645 tus,
398 3590 586 3634 contra
615 3579 879 3635 Manetcm
914 3582 964 3634 in
993 3580 1302 3636 Diodoridis
1332 3592 1510 3637 castro
1536 3583 1665 3651 egit,
1692 3598 1823 3637 con-

252 3669 370 3722 tine
379 3680 584 3724 rentur.

326 3759 419 3815 1V.
464 3760 582 3816 lam
612 3777 742 3817 vero
781 3762 1106 3817 Archelaum
1152 3762 1479 3835 Κασχάρων,
1526 3763 1820 3819 Casa-Icaro-

254 3869 375 3906 rum
413 3855 728 3925 episcopum
774 3854 940 3909 fuisse
981 3856 1143 3909 tradit
1174 3855 1421 3911 Socrates
1453 3858 1551 3923 (α),
1584 3857 1820 3927 Epipha-

254 3946 406 3999 nium
440 3955 659 4000 secutus
694 3944 789 4015 (ll).
820 3945 888 3999 At
930 3958 1121 3999 aucmr
1151 3946 1252 3999 iste
1285 3945 1385 3999 sibi
1423 3959 1529 3998 non
1566 3953 1816 4010 constat,

254 4043 440 4103 utpote
470 4035 562 4103 qui
596 4036 812 4098 urbem,
845 4034 1002 4101 cujus
1031 4035 1315 4104 cpiscopus
1336 4044 1452 4089 erat
1484 4034 1780 4089 Archelaus
1801 4077 1815 4099 ,

252 4125 553 4199 Καρχόρην
590 4128 715 4181 alibi
764 4129 1007 4181 nominat
1038 4130 1107 4197 (ι’)
1143 4129 1194 4182 iu
1242 4128 1531 4183 Pelaviaua
1559 4129 1815 4197 editione,

251 4219 384 4275 licet
419 4222 470 4273 in
508 4220 612 4274 alia
648 4219 942 4275 Basileensi
973 4222 1210 4275 editione
1234 4222 1539 4293 Καλχάρων
1564 4232 1817 4291 corrupte

254 4314 534 4368 habeatur.
580 4314 917 4369 Postremam
963 4317 1100 4369 hanc
1147 4317 1432 4371 lectionem
1480 4318 1817 4386 expressisse

1941 477 2125 532 peram
2176 463 2389 532 legitur.
2444 460 2614 518 Porro
2664 465 2854 518 urbem
2906 465 3195 534 quamdam
3242 469 3509 524 Carcham

1941 553 2161 607 nomine
2210 554 2263 607 in
2310 553 2508 608 Arabia
2561 553 2739 609 Felice
2772 556 2928 609 sitam
2965 556 3154 624 fuisse,
3206 575 3511 630 anonymus

1941 642 2227 699 Ravennas
2268 642 2605 715 Geographie:
2657 647 2887 716 scriptor
2935 649 3097 703 tradit
3139 650 3229 720 (ε).
3266 648 3513 707 Meminit

1941 746 1994 788 et
2019 736 2240 789 alterius
2271 736 2494 791 Carcha:
2525 735 2847 792 Ammianus
2886 737 3231 795 Marcellinus
3277 742 3367 811 (ι’).
3408 741 3509 797 Ve-

1940 841 2058 879 rum
2083 837 2285 880 neutra:
2313 829 2504 881 harum
2532 828 2746 882 urbium
2777 830 3072 883 Archelaus
3096 834 3389 902 episcopus
3416 851 3508 889 ex-

1941 916 2111 980 stitit;
2144 932 2266 969 naln
2300 917 2419 985 ejus
2460 934 2583 972 cum
2616 919 2824 973 Mauete
2868 920 3163 989 disputatio
3198 923 3380 979 habita
3412 930 3500 980 est

1941 1004 1993 1057 in
2022 1005 2421 1075 Mesopotamiae
2462 1011 2595 1063 urbe
2629 1011 2730 1065 sub
2763 1009 3129 1064 Romanorum
3162 1013 3366 1068 ditione
3405 1030 3503 1084 po-

1941 1097 2068 1159 sita,
2106 1098 2262 1166 cujus
2292 1100 2662 1169 episcopatum
2686 1100 2964 1155 obtinebat
2985 1103 3303 1168 Archelaus,
3337 1114 3395 1158 ut
3419 1106 3505 1159 di-

1938 1198 2078 1243 serte
2118 1191 2316 1244 dicitur
2357 1192 2498 1261 apud
2534 1191 2917 1261 Epiphanium,
2960 1202 3014 1247 et
3053 1194 3105 1246 in
3136 1193 3286 1251 Actis
3335 1196 3525 1265 ipsius,

1937 1280 2360 1349 disputationis:
2408 1281 2616 1336 Carcha
2669 1298 2798 1337 vero
2852 1298 2882 1337 a
2930 1282 3254 1340 Marcellino
3301 1302 3510 1342 memo-

1937 1381 2075 1436 rata,
2111 1382 2260 1426 extra
2291 1373 2758 1442 Mesopotamiam,
2791 1382 2941 1429 trans
2974 1375 3200 1444 Tigrim,
3235 1378 3289 1431 in
3316 1377 3508 1433 Persa-

1938 1479 2058 1517 rum
2086 1465 2290 1521 ditione
2324 1468 2424 1521 sita
2459 1477 2593 1530 erat,
2628 1469 2818 1522 eodem
2851 1470 3140 1523 Ammiano
3184 1479 3322 1526 teste
3362 1472 3508 1530 locis

1936 1561 2190 1617 laudatis.
2222 1562 2447 1618 Carchze
2477 1579 2697 1633 quoque
2730 1564 2943 1620 Arabiae
2975 1565 3147 1631 urbis,
3174 1566 3332 1635 cujus
3354 1570 3499 1638 apud

1936 1669 2264 1726 auonymum
2296 1655 2660 1710 Ravennatem
2684 1656 2885 1711 mentio
2905 1664 3008 1718 est,
3032 1656 3330 1712 Archelaus
3353 1659 3505 1715 nullo

1935 1755 2094 1814 pacto
2125 1747 2413 1816 episcopus
2443 1763 2561 1801 esse
2608 1748 2817 1815 potuit;
2870 1763 2992 1801 cum
3045 1749 3256 1817 antiqui
3306 1766 3501 1806 omnes

1936 1839 2226 1906 scriptores
2252 1855 2374 1892 eum
2408 1855 2513 1893 non
2551 1840 2782 1905 Arabiae,
2812 1841 2902 1894 sed
2946 1840 3347 1909 Mesopotamiae
3379 1844 3500 1912 epi-

1936 1946 2161 1999 scopum
2206 1930 2375 1985 fuisse
2411 1932 2642 1986 tradant.
2674 1931 3036 1986 Posteriorem
3081 1934 3221 2001 apud
3253 1934 3491 2003 Epipha-

1934 2024 2084 2077 nium
2110 2022 2416 2087 lectionem,
2436 2032 2629 2091 prieter
2655 2022 2873 2077 Petrum
2896 2023 3139 2078 Siculum
3169 2033 3331 2093 atque
3356 2027 3498 2080 Pho-

1935 2115 2089 2178 tium,
2103 2110 2333 2182 probare
2349 2113 2568 2181 insuper
2584 2113 2973 2167 videnturActa
2988 2114 3098 2183 ipsa
3116 2114 3500 2184 disputationis

1931 2202 2183 2257 Archelai
2224 2218 2347 2257 cum
2391 2201 2621 2267 Manete,
2672 2203 2725 2256 in
2782 2218 3015 2272 quorum
3064 2205 3220 2259 initio
3253 2205 3453 2258 dicitur

1936 2292 2232 2350 Tltesaurus
2268 2312 2438 2361 verus,
2481 2297 2587 2349 sive
2623 2296 2915 2363 disputatio
2946 2297 3126 2349 habita
3165 2298 3219 2349 in
3264 2297 3501 2352 Garcliar

1931 2389 2139 2442 civitate
2159 2387 2568 2455 Mesopotamia.
2597 2386 2797 2441 Verum
2829 2404 2951 2442 cum
2988 2387 3212 2442 inferius
3236 2389 3307 2459 (g)
3332 2390 3500 2443 Char-

1931 2496 2047 2534 ram
2081 2480 2335 2543 habeant,
2371 2494 2599 2547 eamque
2626 2478 3031 2548 Mesopotamia:
3065 2480 3251 2533 urbem
3278 2496 3397 2535 esse
3422 2481 3505 2536 did

1932 2580 2084 2638 cant;
2133 2572 2257 2626 hinc
2287 2571 2464 2625 lucide
2491 2579 2723 2635 constat,
2769 2580 2881 2624 tam
2906 2571 3093 2625 eadem
3143 2572 3300 2639 Acta,
3335 2588 3497 2643 quam

1930 2662 2291 2732 Epiphanium
2322 2675 2377 2716 et
2408 2661 2567 2727 alios,
2610 2662 2986 2732 intelligendos
3020 2677 3143 2717 esse
3171 2663 3236 2717 de
3266 2662 3499 2719 Charris

1930 2755 2277 2809 celeberrima
2300 2754 2701 2824 Mesopotamiae
2731 2759 2890 2823 urbe;
2928 2760 3067 2813 unde
3093 2760 3206 2813 vias
3233 2760 3367 2814 duas
3399 2776 3487 2813 re—

1931 2845 2046 2915 gias
2076 2846 2132 2899 in
2167 2844 2442 2901 Persidem
2475 2847 2737 2903 ducentes
2766 2848 3025 2917 distingui
3060 2850 3225 2903 tradit
3256 2849 3490 2905 Marcel-

1930 2940 2073 2995 linus
2138 2937 2213 3010 (h)
2256 2958 2270 2994 :
2302 2956 2422 3009 quae
2470 2941 2601 2995 urbs
2631 2939 2836 2995 Cbarra
2865 2942 3027 2996 etiam
3066 2943 3322 2998 scribitur
3348 2944 3493 3014 apud

1930 3029 2155 3085 Paulum
2204 3030 2501 3085 Diaconum
2550 3030 2633 3102 (i).
2681 3033 2919 3086 Garchar
2970 3042 3192 3099 autem,
3234 3035 3317 3089 vel
3363 3038 3497 3090 Car-1

1927 3123 2090 3176 chara
2137 3124 2191 3177 in
2221 3123 2424 3177 eisdem
2470 3124 2645 3184 Actis,
2686 3133 2740 3178 et
2779 3124 2920 3193 apud
2954 3124 3312 3194 Epiphaniam
3360 3128 3499 3182 scri-

1928 3222 2078 3283 ptum
2121 3213 2288 3268 fuisse
2317 3213 2551 3279 videtur,
2588 3214 2934 3267 librariorum
2988 3213 3220 3269 forsitan
3266 3231 3449 3269 errore
3473 3254 3493 3284 ,

1924 3307 2007 3361 vel
2040 3307 2184 3375 quod
2214 3306 2421 3377 vulgari
2468 3307 2844 3378 indigenarum
2878 3306 3061 3377 lingua
3089 3308 3163 3362 ita
3204 3323 3493 3379 nuncupa-t

1928 3406 2101 3452 retur.

2000 3487 2061 3541 V.
2098 3488 2172 3543 De
2202 3496 2443 3559 tempore
2471 3488 2634 3545 etiam
2673 3490 2872 3546 habitae
2903 3491 2972 3545 ab
3006 3490 3273 3546 Archelao
3302 3491 3499 3561 dispu-

1926 3579 2153 3633 tationis
2182 3590 2551 3634 consentanea
2579 3581 2679 3635 sibi
2704 3597 3046 3651 nequaquam
3074 3583 3234 3636 tradit
3260 3582 3498 3652 Epipha-

1923 3668 2084 3736 nius;
2139 3684 2261 3722 nam
2315 3671 2368 3723 in
2410 3672 2548 3724 libro
2605 3670 2680 3725 De
2725 3675 2981 3726 mensuris
3020 3683 3069 3725 et
3120 3674 3435 3741 ponderibus
3464 3712 3481 3737 ,

1922 3776 2073 3813 num.
2106 3761 2196 3821 ‘20,
2233 3760 2497 3814 Manetcm
2530 3763 2598 3815 ob
2626 3772 2984 3831 perpetratam
3017 3763 3157 3829 regis
3192 3762 3482 3817 Persarum

1921 3851 2013 3903 filii
2049 3865 2231 3904 necem
2261 3866 2326 3904 ex
2357 3850 2577 3905 Perside
2607 3852 2915 3921 profugum,
2952 3852 3003 3904 in
3035 3851 3487 3921 Mesopotamiam

1920 3956 2065 3993 nono
2093 3940 2361 3995 Valeriani
2394 3952 2447 3996 et
2473 3942 2701 3996 Gallieni
2729 3943 2895 4012 impp.
2937 3958 3079 3996 anno
3111 3944 3344 4005 venisse,
3376 3944 3478 4012 qui

1917 4044 2000 4087 est
2028 4032 2351 4088 Christiana:
2378 4050 2498 4088 arra:
2536 4050 2712 4088 annus
2740 4034 2865 4096 9.62,
2900 4034 3199 4103 eodemque
3240 4043 3491 4105 tempore

1918 4143 2041 4182 cum
2071 4127 2337 4183 Archelao
2366 4126 2605 4195 ejusdem
2636 4125 2872 4197 regionis
2898 4127 3155 4196 episcopo
3179 4127 3489 4196 disputasse

1917 4216 2099 4271 refert.
2135 4220 2196 4271 At
2230 4218 2282 4270 in
2318 4218 2508 4272 haeresi
2541 4217 2971 4271 Manichazorum
3003 4218 3103 4271 sub
3140 4218 3315 4287 ipsum
3360 4232 3490 4287 ope-

1917 4308 1993 4361 ris
2012 4308 2245 4373 initium,
2268 4317 2321 4361 et
2342 4324 2491 4361 num.
2525 4308 2618 4371 20,
2646 4308 2878 4376 primum
2903 4307 3120 4375 quidem
3147 4319 3295 4361 ortos
3319 4308 3489 4362 fuisse

255 4406 472 4459 videtur
506 4406 841 4475 Epiphanius
867 4423 933 4459 ex
963 4408 1111 4462 Actis
1139 4409 1269 4477 ipsis
1300 4410 1685 4477 disputationis
1711 4410 1817 4460 Ar-
1852 4431 1893 4485 ι)
1922 4398 2268 4465 Μίὶιιίειιίθοεσ
2314 4416 2407 4453 SC“
2438 4401 2616 4465 βοιίυε
2654 4400 2935 4467 υιιιὶίιιιίιιιι
2974 4399 3040 4452 de
3070 4398 3214 4452 bono
3245 4414 3308 4453 ac
3342 4401 3489 4455 ¹¹¹³¹ο

254 4500 428 4553 chelai
458 4501 693 4569 episcopi
727 4517 849 4555 cum
880 4501 1110 4565 Manete,
1147 4502 1198 4554 in
1230 4518 1460 4570 quorum
1495 4502 1649 4555 initio
1677 4501 1815 4554 diei-

253 4603 343 4647 tur
371 4612 383 4647 :
420 4591 716 4646 Thesaurus
744 4611 912 4657 verus,
941 4596 1045 4648 sive
1073 4596 1362 4663 disputatio
1384 4594 1567 4646 habita
1599 4596 1651 4646 in
1678 4592 1815 4648 Car-

252 4686 381 4737 char
415 4686 627 4739 civitate
668 4685 1099 4754 Mesopotamia};
1140 4701 1371 4753 eamque
1417 4685 1702 4739 lectionem
1737 4700 1817 4738 se-

252 4784 497 4843 quuntur
524 4773 717 4829 Petrus
741 4774 959 4829 Siculus
985 4775 1061 4843 (d)
1084 4784 1137 4831 et
1155 4774 1375 4831 Photius
1390 4774 1447 4827 P.
1463 4772 1565 4827 Cl’.
1581 4772 1635 4825 in
1653 4786 1815 4839 opere

253 4869 433 4923 adhuc
478 4867 679 4922 inedito
708 4868 968 4921 adversus
1010 4866 1336 4920 Maniehmos
1368 4878 1471 4918 suo
1498 4879 1611 4917 τενο
1643 4864 1817 4933 repul-

254 4961 506 5025 lulantes,
540 4960 632 5013 lib.
673 4974 712 5024 1,
750 4959 841 5028 qui
870 4960 997 5011 dum
1046 4956 1331 5026 Epiphanii
1381 4955 1722 5009 narrationes
1758 4956 1810 5008 in

250 5054 521 5119 epitomen
564 5051 834 5121 redigunt,
865 5051 1187 5103 Archelaum
1220 5063 1326 5101 non
1367 5046 1695 5116 Κασχάρων,
1729 5047 1812 5100 vel

250 5145 575 5217 Kalxﬁpwv,
605 5144 699 5199 sed
729 5143 1033 5213 Καρχάρων
1056 5141 1365 5209 episeopum
1399 5148 1594 5193 vocant
1619 5155 1633 5193 :
1667 5138 1810 5193 unde

248 5238 413 5292 etiam
443 5245 609 5307 patet,
648 5236 986 5291 emendanda
1012 5250 1131 5287 esse
1158 5234 1262 5287 alia
1291 5231 1577 5302 Epiphanii
1619 5240 1674 5287 et
1707 5230 1811 5287 So-

320 5414 400 5487 (a)
434 5412 720 5487 l‘l‘ist.eccl.
741 5411 834 5464 lib.
867 5427 905 5473 I,
938 5410 1177 5487 θάμβει.

320 5479 398 5557 (ὁ)
453 5482 594 5537 lber.
628 5498 795 5557 ⁸ωινι,
855 5496 1010 5550 capp.
1057 5482 1090 5534 5
1142 5490 1194 5535 ct
1222 5482 1273 5550 7,
1327 5489 1379 5536 et
1422 5479 1493 5533 Dc
1546 5496 1707 5535 mens.
1758 5491 1805 5533 et

246 5554 439 5628 ροὴιί.ἰ
466 5569 590 5628 cap.
623 5554 713 5606 20.

322 5630 391 5749 ((2
425 5620 695 5704 1ι1..,“Ιι;εῐ·.
729 5637 875 5703 nm,
905 5620 1140 5705 cap.

322 5702 337 5749 ι
390 5704 402 5749 )
438 5694 581 5749 Utst.
613 5692 868 5749 ΜιιηιεΙι.,
902 5707 1018 5749 pag.
1050 5708 1135 5744 Ol.

322 5690 402 5765 (ά)
438 5694 581 5749 Hist.
613 5692 868 5753 Manich.,
900 5707 1018 5760 pag.
1050 5690 1135 5744 57.

1924 4489 2033 4543 Deo
2069 4491 2314 4545 hairesim
2361 4507 2391 4544 a
2418 4490 2628 4544 Maneto
2671 4505 2765 4558 per
2797 4490 2978 4543 varias
3021 4490 3169 4544 orbis
3216 4500 3488 4546 terrarum

1917 4594 2098 4653 partes
2130 4584 2275 4637 circa
2300 4598 2501 4636 annum
2537 4598 2588 4635 tv
2620 4582 2897 4636 Aureliani
2930 4584 3058 4653 imp.
3090 4599 3281 4639 rursus
3305 4584 3485 4638 divul-

1918 4686 2096 4746 gatam
2123 4675 2292 4730 fuisse
2318 4676 2535 4741 scribit;
2569 4675 2761 4729 deinde
2790 4691 2919 4730 vero
2962 4678 3064 4730 sub
3096 4677 3387 4731 Aureliano
3428 4685 3486 4733 et

1916 4766 2091 4822 Probo
2118 4767 2169 4820 id
2198 4782 2227 4820 a
2261 4765 2469 4821 Manete
2502 4767 2701 4821 factum
2750 4765 2921 4821 fuisse
2957 4768 3161 4829 innuit,
3206 4780 3264 4821 ut
3301 4767 3484 4822 videre

1914 4868 1995 4913 est
2025 4873 2176 4911 num.
2210 4856 2296 4919 l9,
2332 4857 2424 4920 20,
2463 4857 2531 4911 59
2582 4866 2637 4911 et
2669 4857 2733 4909 77
2761 4857 3001 4927 ejusdem
3032 4858 3318 4912 hzereseos.
3355 4856 3474 4913 Non

1914 4948 2090 5016 potuit
2111 4956 2291 5001 autem
2317 4946 2616 5003 Archelaus
2639 4946 2907 5002 Valeriani
2933 4958 2983 5001 et
3001 4946 3225 5001 Gallieni
3252 4963 3393 5002 anno
3418 4963 3473 5003 Ix

1914 5039 2177 5093 Manetcm
2224 5039 2343 5091 viva
2379 5053 2512 5093 voce
2540 5040 2842 5105 confutare,
2879 5049 2937 5093 ut
2976 5040 3027 5092 in
3064 5040 3203 5092 libro
3233 5038 3305 5092 De
3330 5055 3473 5093 meu-

1912 5131 2051 5184 suris
2078 5139 2127 5184 et
2156 5130 2471 5199 ponderibus
2499 5129 2574 5183 ait
2602 5128 2958 5199 Epiphanius,
2994 5129 3039 5183 si
3067 5137 3190 5198 post
3214 5144 3319 5182 non
3346 5146 3479 5199 pau—

1913 5237 2007 5278 cos
2041 5238 2235 5288 annos,
2266 5220 2351 5277 vel
2378 5236 2522 5277 anno
2568 5238 2621 5277 Iv
2660 5218 2957 5287 Aureliani,
3008 5220 3088 5273 vel
3133 5220 3275 5274 circa
3307 5220 3471 5274 linem

1982 5406 2050 5475 (e)
2096 5404 2280 5475 Gcogr.
2314 5404 2405 5458 lib.
2445 5418 2506 5466 ιι,
2539 5418 2657 5471 cap.
2698 5401 2746 5452 7.

1980 5470 2047 5543 (Ῑ)
2080 5470 2383 5537 Μϋίχνιη,
2416 5491 2532 5543 cap.
2570 5470 2658 5533 9.3,
2695 5484 2747 5526 et
2777 5471 2867 5525 lib.
2908 5487 3035 5537 xxv,
3071 5487 3189 5541 cap.
3224 5470 3315 5537 20,
3343 5471 3436 5527 9!.

1982 5548 2056 5613 (g)
2082 5548 2210 5599 Acta
2238 5548 2463 5612 diSput.,
2496 5559 2621 5613 cap.
2645 5545 2698 5595 5.

1982 5612 2057 5683 (Ii)
2088 5614 2204 5667 Lib.
2247 5630 2405 5675 xviii,
2443 5628 2561 5683 cap.
2597 5612 2652 5665 4.

1983 5680 2043 5756 (ἰ)
2071 5683 2212 5737 Hist.
2243 5686 2413 5750 misc.,
2442 5680 2534 5735 lib.
2570 5698 2701 5747 xxii,
2734 5696 2851 5750 cap.
2884 5680 2975 5735 ‘20.
