3930 6864
467 253 595 308 Mil

1341 251 1397 306 s.
1440 250 1858 307 ARCllELAUS
1887 249 2402 306 MESOPOTAMIA".
2441 240 2853 310 Episcopus!

3546 251 3676 306 me

463 366 706 438 ejusdem
739 366 972 436 imperii,
1001 377 1054 421 et
1081 367 1295 422 initium
1324 366 1508 435 Probi,
1539 368 1722 423 Manes
1755 368 2029 436 antiquio-
2055 372 2103 430 Α
2129 369 2289 432 nerit,
2321 377 2380 422 ut
2410 383 2476 423 eo
2525 377 2765 438 tempore
2812 366 3086 436 incepisse
3136 363 3538 436 quodammodo
3581 365 3680 420 dici

462 461 542 514 ris
570 459 765 514 nefarii
794 460 1061 530 dogmatis
1111 461 1444 515 incrementa
1493 461 1828 530 procuravit.
1867 458 2027 514 Prio-

463 568 577 608 rem
627 549 916 621 Epiphanii
951 551 1220 606 calculum
1271 552 1325 605 in
1368 552 1509 606 libro
1553 551 1630 605 De
1676 553 1930 606 mensuris
1979 560 2028 606 et

460 644 775 714 ponderibus
804 643 1049 714 sequitur
1082 642 1276 698 Petrus
1309 641 1529 697 Siculus
1556 642 1596 698 l.
1629 660 1678 698 c.
1711 652 1765 698 et
1803 643 2029 700 Photius

461 736 762 792 inlaudato
790 735 882 789 lib.
915 750 929 788 ι
963 735 1224 789 adversus
1251 733 1583 790 Manichaeos
1617 735 2026 803 repullulantes,

461 825 587 882 licet
612 825 934 880 Valerianus
972 825 1111 895 Aug.
1145 824 1253 892 iam
1278 825 1346 878 ab
1375 839 1520 879 anno
1562 841 1636 878 vn
1668 825 1787 891 ejus
1816 824 2027 892 imperii

462 936 492 974 a
534 915 739 988 Sapore.
773 932 896 986 rege
918 914 1211 970 Persarum
1237 925 1427 985 captus
1453 914 1632 968 fuerit.
1662 903 2026 968 Posteriorem

461 1025 589 1063 vero
617 1009 846 1078 probant
879 1007 1009 1060 Acta
1045 1005 1158 1076 ipsa
1193 1005 1576 1074 disputationis
1612 1004 1860 1059 Archelai
1901 1020 2025 1059 cum

461 1099 693 1162 Maneto,
725 1114 788 1151 ex
819 1112 1054 1168 quorum
1083 1112 1204 1165 cap.
1238 1096 1308 1151 57
1337 1096 1512 1151 lucide
1540 1098 1793 1164 "apparet,
1826 1097 2031 1150 Arche-

462 1191 608 1244 laum
645 1188 746 1242 sub
775 1187 1004 1256 imperio
1034 1185 1218 1249 Probi,
1256 1201 1363 1238 non
1395 1194 1577 1239 autem
1609 1185 1872 1250 Gallieni,
1900 1200 2025 1238 cum

461 1280 672 1336 Manete
705 1280 772 1334 de
799 1279 958 1347 cujus
987 1276 1179 1330 lueresi
1226 1276 1302 1329 ni-l
1331 1277 1512 1331 adhuc
1549 1279 1652 1332 sibi
1688 1289 2026 1348 compertum

461 1386 600 1440 erat,
627 1376 953 1444 disputasse.
984 1372 1218 1444 Cyrillus
1246 1385 1466 1441 quoque
1487 1370 2025 1442 Hierosolymitanus,

459 1469 551 1539 qui
579 1465 914 1537 septuaginta
946 1474 1153 1518 tantum
1195 1464 1354 1518 annis
1398 1473 1525 1532 post
1552 1463 1815 1517 detectam
1845 1459 2028 1513 Mane-

459 1563 530 1615 tis
552 1559 798 1614 haeresim
825 1574 883 1613 se
911 1557 1148 1612 scribere
1170 1565 1400 1610 testatur
1434 1553 1531 1625 (a),
1556 1554 1823 1608 Manetem
1845 1552 2026 1606 Probo

461 1654 761 1722 imperante
789 1651 1038 1705 haeresim
1075 1649 1356 1720 divulgare
1387 1649 1640 1718 coepisse,
1671 1646 1871 1700 diserte
1894 1645 2030 1698 scri-

2133 461 2389 529 potuerit.
2435 459 2659 516 Videtur
2691 463 2832 515 enim
2866 460 3165 513 Archelaus
3199 468 3322 527 post
3352 455 3684 512 confutatam

2132 568 2312 607 coram
2343 552 2618 621 judicibus
2652 552 2940 615 Manctem,
2982 566 3096 604 rem
3137 559 3306 604 totam
3355 548 3566 603 cunctis
3599 562 3689 616 per

2131 644 2315 698 orbem
2341 645 2609 714 episcopis
2637 655 2823 699 notam
2849 643 3066 704 fecisse,
3095 652 3153 696 ut
3179 642 3385 695 labanti
3415 640 3694 695 catholica:

2129 735 2273 799 tidei,
2303 743 2502 804 quanta
2545 745 2766 802 possent
2813 735 3101 790 sedulitate
3143 739 3571 788 succurrerent:
3607 745 3699 784 θος

2129 843 2233 894 que
2267 837 2423 896 pacto
2471 827 2674 882 factum
2709 826 2877 882 fuisse
2909 843 3004 896 par
3048 835 3152 889 est,
3204 830 3264 878 ut
3306 823 3401 893 qui
3437 821 3699 877 subdolus

2129 919 2548 975 Maniclia-orum
2580 935 2902 991 progressus
2936 918 3275 988 ignorabant,
3311 925 3445 970 tunc
3482 913 3700 968 illorum

2129 1015 2377 1069 lneresim
2425 1023 2603 1069 ortam
2653 1012 2822 1068 fuisse
2874 1009 3224 1068 crediderint,
3281 1021 3408 1063 cum
3462 1004 3702 1075 primum

2128 1107 2372 1177 ejusdem
2404 1106 2648 1160 notitiam
2687 1120 2752 1160 ex
2784 1105 3031 1159 Archelai
3063 1102 3258 1157 litteris
3289 1102 3631 1156 habuerunt.

2201 1196 2310 1250 γη.
2354 1196 2458 1252 Sed
2513 1207 2566 1251 et
2631 1197 2824 1251 habitae
2871 1199 2936 1249 ab
2989 1194 3253 1250 Archelao
3305 1189 3704 1262 disputationis

2130 1295 2343 1356 tempus
2392 1303 2458 1341 ex
2507 1287 2569 1340 D.
2619 1287 2796 1341 Leone
2847 1285 3039 1353 Magno
3090 1282 3371 1352 prmcisius
3424 1280 3703 1349 designari

2130 1387 2324 1446 potest,
2354 1378 2445 1447 qui
2470 1379 2522 1430 in
2553 1392 2804 1432 sermone
2829 1393 2867 1430 ll
2897 1377 2960 1430 de
2981 1375 3317 1436 Pentecoste,
3340 1372 3706 1426 Manicharum

2130 1469 2454 1549 iunctuisse,
2487 1468 2584 1532 ait,
2618 1467 2793 1521 Probo
2839 1467 2969 1535 imp.
3016 1478 3068 1518 et
3109 1463 3339 1517 Paulino
3366 1477 3543 1528 coss.,
3564 1475 3708 1513 anno

2130 1570 2249 1630 post
2277 1559 2480 1614 Christi
2514 1559 2968 1614 resurrectionem
2997 1555 3124 1621 250,
3149 1564 3206 1609 ut
3233 1552 3709 1610 accommodatius

2131 1653 2196 1704 d
2243 1651 2685 1721 chronologicam
2739 1649 3020 1703 veritatem
3071 1647 3124 1699 in
3173 1647 3358 1700 codice
3401 1644 3706 1698 Oxoniensi

459 1744 558 1798 bit.
591 1743 886 1798 Dicendum
917 1743 1099 1811 itaque
1132 1751 1234 1806 est,
1276 1740 1637 1811 Epiphanium
1668 1741 1722 1794 in
1765 1739 1908 1793 libro
1946 1737 2024 1791 De
2058 1727 2101 1782 Β
2131 1743 2231 1813 legi
2286 1743 2612 1809 Quesnellus
2657 1750 2904 1797 testatur.
2953 1741 3022 1792 At
3062 1740 3151 1794 hic
3196 1737 3358 1793 Probi
3400 1748 3458 1791 et
3490 1738 3706 1790 Paulini

460 1835 718 1887 mensuris
749 1844 797 1886 et
848 1832 1164 1900 ponderibus
1210 1847 1459 1894 errasse,
1493 1839 1548 1884 et
1589 1829 1761 1883 multo
1799 1829 2031 1884 certiora

458 1926 525 1980 de
558 1924 978 1980 Manichaeorum
1008 1925 1234 1978 ineresis
1258 1934 1446 1978 exortu
1488 1923 1540 1976 in
1571 1922 1724 1975 libris
1766 1922 2028 1973 Adversus

456 2019 676 2071 luci-eses
716 2016 872 2070 nobis
927 2016 1240 2080 tradidisse,
1289 2014 1413 2070 licet
1457 2015 1510 2067 in
1569 2013 1772 2067 eisdem
1813 2027 2030 2081 quoque

458 2109 612 2164 libris
666 2108 864 2161 iterum
923 2107 1028 2162 sibi
1083 2123 1191 2162 non
1249 2116 1499 2161 constare
1548 2105 2023 2175 deprehendatur:

457 2217 582 2254 nam
627 2215 752 2254 cum
803 2201 1030 2255 dixisset
1063 2213 1208 2253 anno
1256 2215 1309 2253 tv
1355 2198 1652 2260 Aureliani,
1675 2197 1768 2266 qui
1817 2205 2022 2266 partem

457 2295 587 2348 anni
625 2293 731 2347 27-5
759 2302 814 2348 et
834 2278 939 2346 274
971 2291 1366 2361 complectitur,
1418 2288 1706 2344 emersisse
1738 2286 2024 2349 Manetem,

457 2400 522 2440 ac
566 2392 827 2455 praeterea
864 2381 1210 2447 aﬂirmasset,
1259 2381 1312 2435 id
1357 2379 1621 2434 accidisse
1659 2377 1939 2431 Aureliani
1973 2386 2027 2431 et

455 2475 620 2532 Probi
665 2475 1026 2546 temporibus,
1067 2473 1174 2528 hoc
1222 2481 1304 2527 est
1353 2485 1494 2525 anno
1533 2469 1735 2524 Christi
1790 2467 1896 2521 276
1939 2483 2026 2523 se-

455 2569 693 2626 cundum
733 2568 1020 2640 quosdam,
1051 2566 1145 2636 qui
1179 2565 1291 2636 jam
1329 2574 1442 2619 tum
1482 2567 1550 2617 ab
1585 2562 1703 2632 ejus
1741 2561 2026 2616 nativitate

455 2676 630 2716 annos
678 2674 967 2715 numerare
1001 2666 1311 2720 sueverant,
1353 2655 1477 2711 licet
1511 2669 1607 2710 eos
1640 2671 1670 2710 a
1717 2653 1919 2709 Christi
1969 2654 2022 2707 in

455 2754 625 2809 caelos
654 2752 1026 2823 assumptione
1055 2765 1226 2804 annos
1249 2759 1545 2818 supputare
1575 2747 1911 2818 Epiphanius
1935 2761 2025 2800 as-

455 2855 637 2910 serat;
672 2839 762 2897 vel
788 2857 932 2896 anno
960 2840 1068 2894 246
1100 2840 1402 2895 secundum
1433 2840 1594 2904 alios,
1623 2840 1715 2909 qui
1759 2855 1790 2894 a
1819 2839 2025 2894 Christi

455 2945 630 2992 morte
660 2950 834 2990 annos
869 2934 1273 3004 supputabant;
1312 2941 1496 3002 postea
1544 2933 1750 2997 subdit,
1777 2948 1807 2986 a
1842 2932 2026 2988 Mane-

454 3030 525 3082 tis
560 3027 894 3098 temporibus
920 3041 1094 3095 usque
1130 3026 1197 3080 ad
1233 3039 1437 3078 annum
1465 3033 1561 3078 xm
1595 3024 1723 3092 imp.
1759 3023 2020 3088 Valentis,
2049 3067 2091 3125 ϐ

453 3131 506 3174 et
538 3137 589 3174 nt
621 3119 864 3174 Gratiani
887 3134 951 3174 ac
982 3120 1215 3188 primum
1241 3115 1603 3171 Valentiniani
1637 3115 1879 3171 Junioris
1911 3130 2020 3185 quo

454 3213 570 3282 ipse
603 3211 900 3274 scribebat,
934 3211 1036 3264 hoc
1064 3217 1148 3264 est
1180 3225 1354 3277 usque
1385 3209 1453 3262 ad
1479 3212 1618 3275 ᾕρει-ω
1644 3207 1886 3276 vulgaris
1917 3223 2019 3261 an-

453 3319 583 3357 num
627 3301 1129 3361 576,intercessisse
1154 3315 1327 3352 annos
1353 3298 1472 3354 107.
1496 3297 1640 3366 quod
1671 3312 1802 3352 sane
1831 3314 2018 3353 verum

451 3408 573 3448 esse
598 3407 704 3446 non
739 3400 948 3461 potest;
983 3407 1106 3444 nam
1139 3391 1206 3445 ab
1237 3405 1381 3444 anno
1409 3390 1514 3444 276
1544 3390 1629 3445 vel
1660 3389 1766 3443 275
1797 3399 1891 3444 aut
1913 3389 2019 3443 274

450 3482 520 3538 ad
564 3498 764 3537 annum
806 3482 930 3545 576.
965 3499 1074 3538 non
1109 3494 1329 3537 centum
1377 3493 1429 3537 et
1472 3493 1678 3552 septem
1723 3483 1876 3548 anni,
1923 3483 2017 3538 sed

449 3583 668 3630 centum
696 3574 1092 3640 tantummodo,
1123 3573 1206 3628 vel
1240 3571 1344 3627 105
1374 3582 1469 3627 aut
1499 3573 1601 3628 104
1634 3573 1784 3639 anni,
1820 3588 2017 3629 secun-

451 3669 581 3722 dum
610 3669 792 3723 varias
821 3668 1233 3737 supputationes
1261 3668 1423 3722 modo
1447 3674 1796 3733 memoratas,
1823 3681 2017 3721 nume-

452 3769 662 3815 rantur.

519 3851 609 3906 Vl.
629 3850 799 3906 Porro
815 3865 1052 3922 quonam
1070 3850 1231 3906 Probi
1248 3866 1392 3906 anno
1409 3852 1460 3907 id
1475 3852 1753 3918 acciderit,
1767 3867 1831 3907 ex
1852 3853 2019 3907 Euse-

449 3946 538 4001 bio
553 3945 731 4016 colligi
749 3946 1050 4015 potest,_qui
1064 3945 1117 4000 in
1130 3944 1388 3999 Chronico
1404 3945 1482 3999 sic
1497 3946 1562 4001 de
1595 3944 2016 4000 Manichaeorum

451 4037 621 4091 initiis
643 4035 914 4104 scribit(b)
932 4055 944 4086 :
964 4034 1201 4089 Secundo
1220 4052 1357 4088 atina
1375 4033 1554 4100 PrObi,
1565 4035 2019 4106 juxtaldntioclte-

448 4143 543 4182 nos
553 4121 828 4182 CCCXXV
842 4142 1002 4180 annus
1026 4127 1053 4193 Γ
1051 4128 1147 4192 uit,
1157 4125 1318 4195 juxta
1337 4126 1522 4196 Tyrios
1536 4127 1665 4181 CDll
1679 4128 1756 4182 vel
1771 4127 1924 4182 CDlll
1939 4145 2018 4181 se-

448 4220 678 4273 cundum
692 4219 968 4282 quosdam;
991 4217 1148 4287 juxta
1175 4217 1497 4271 Laodicenos
1514 4218 1837 4282 CCCXXIV,
1854 4219 2016 4288 juxta

450 4311 743 4366 Edessena:
772 4313 841 4384 (ε)
862 4309 1303 4366 CCCLXXXVIII
1323 4311 1419 4378 (ita
1449 4313 1592 4365 enim
1625 4313 1823 4382 corrigi
1859 4312 2017 4366 debet

446 4403 671 4460 Pontaei
684 4405 868 4467 editio,
884 4406 935 4456 in
949 4419 1054 4473 qua
1069 4419 1344 4475 perperam
1363 4402 2013 4475 legiturCCCLXXXlX);
2049 4435 2092 4489 ι)

441 4496 948 4567 juxtaAscalonitas
983 4495 1330 4562 CCCLXXX,
1367 4496 1558 4548 insana
1601 4495 2014 4549 Manichaeorum

447 4590 659 4644 hwresis
673 4589 726 4640 in
742 4590 1238 4642 communchumani
1252 4590 1448 4659 generis
1465 4591 1872 4643 malumexorta.
1892 4585 2016 4641 llaec

455 4688 633 4735 autem
651 4677 865 4732 Eusebii
882 4675 1045 4731 verba
1060 4675 1130 4730 ita
1146 4674 1491 4746 intelligenda
1513 4685 1659 4740 sunt,
1674 4685 1732 4733 ut
1757 4692 1863 4731 non
1888 4687 2016 4731 tunc

449 4772 684 4843 primum
740 4769 1160 4824 Manichaeorum
1217 4770 1438 4825 haeresis
1491 4781 1611 4824 orta
1662 4769 1855 4837 fuerit;
1898 4770 2012 4840 jam

448 4865 592 4920 enim
622 4865 689 4918 ab
710 4863 1076 4932 apostolorum
1103 4861 1269 4916 ferme
1294 4863 1630 4932 temporibus
1653 4863 2013 4931 quorumdam

449 4967 658 5013 mentes
687 4957 774 5009 ille
805 4954 1041 5010 nefarius
1066 4969 1218 5008 error
1251 4955 1544 5018 invaserat,
1571 4963 1629 5008 nt
1655 4970 1719 5009 ex
1747 4954 2014 5010 Archelao

449 5061 638 5105 nostro
666 5061 719 5105 et
746 5049 1045 5119 Epiphanio
1072 5049 1271 5118 liquet;
1307 5050 1401 5104 sed
1429 5051 1574 5117 quod
1613 5059 1742 5105 tunc
1774 5051 2008 5120 primum

449 5143 659 5198 Manete
694 5143 941 5198 haeresim
969 5153 1201 5198 veterem
1238 5157 1334 5211 per
1362 5143 1543 5197 varias
1569 5141 1806 5198 Orientis
1837 5143 2012 5212 regio-

449 5255 548 5294 nes
572 5239 983 5304 disseminante,
1016 5249 1069 5294 et
1108 5239 1162 5292 in
1195 5239 1523 5293 Archelaum
1551 5237 1688 5292 forte
1719 5236 2008 5303 incidente,

446 5330 542 5400 qui
565 5345 754 5384 omnes
781 5330 900 5398 ejus
934 5338 1078 5384 artes
1102 5344 1166 5383 ac
1187 5343 1402 5383 errores
1432 5327 1762 5398 disputando
1785 5327 2008 5389 detexit,

446 5417 524 5474 ita
556 5418 612 5472 in
643 5430 964 5475 cunctorum
989 5436 1085 5492 per
1121 5422 1307 5478 orbein
1349 5419 1587 5477 ﬁdelium
1624 5419 1870 5473 notitiam
1914 5435 2009 5474 ve—

519 5623 598 5698 (a)
628 5623 848 5698 Catech.
880 5645 953 5692 vi,
988 5645 1108 5698 pag.
1147 5631 1266 5684 MO.

518 5693 596 5766 ίὸ)
624 5693 815 5752 Chron.
851 5699 940 5754 lib.
973 5693 1134 5770 post”
1160 5718 1282 5774 pag.
1315 5703 1431 5759 177.

2133 1836 2453 1890 consulatus
2497 1844 2708 1904 partem
2763 1833 2891 1887 anni
2941 1831 3101 1901 primi
3143 1839 3198 1886 et
3235 1829 3462 1884 secundi
3492 1829 3709 1897 imperii

2131 1924 2293 1980 Probi
2329 1925 2590 1987 continet,
2609 1939 2769 1994 quem
2799 1923 3034 1977 obeunte
3063 1919 3250 1973 Tacito
3268 1920 3354 1972 die
3382 1919 3450 1972 15
3481 1918 3706 1987 Aprilis,

2129 2019 2356 2087 ejusque
2384 2016 2551 2071 fratre
2591 2015 2846 2069 Floriano
2890 2023 3014 2083 post
3062 2012 3202 2067 duos
3244 2026 3465 2065 menses
3495 2011 3705 2075 occiso,

2129 2108 2433 2164 Romanum
2473 2109 2760 2178 imperium
2810 2107 3116 2162 obtinuisse
3161 2114 3394 2160 constat.
3429 2103 3620 2170 Quare
3663 2105 3705 2158 si

2121 2203 2277 2273 juxta
2309 2201 2605 2258 Eusebium
2633 2216 2776 2255 anno
2799 2199 2961 2254 Probi
2995 2215 3034 2252 ιι
3057 2208 3110 2253 et
3132 2199 3287 2268 juxta
3317 2197 3564 2253 Leonem
3599 2196 3709 2250 Ma-

2126 2311 2290 2364 gnum
2327 2294 2428 2348 sub
2470 2293 2758 2349 consulatu
2799 2290 2963 2346 Probi
3001 2300 3054 2346 et
3082 2289 3295 2345 Paulini
3323 2288 3604 2355 patefacta
3627 2298 3708 2343 est

2129 2385 2552 2441 Manichaeorum
2600 2386 2844 2450 luercsis,
2899 2383 3206 2439 necessario
3242 2383 3347 2437 dici
3383 2382 3574 2445 debet,
3610 2381 3708 2434 Ar-

2122 2478 2295 2532 chelai
2319 2493 2442 2532 cum
2460 2476 2668 2531 Maneto
2685 2475 3232 2545 disputationem-,per
3245 2489 3413 2544 quam
3432 2475 3708 2528 universa:

2124 2571 2379 2626 Ecclesia:
2429 2569 2658 2625 Manetis
2713 2583 2867 2624 error
2921 2569 3196 2632 innotuit,
3245 2567 3516 2623 accidisse
3565 2568 3705 2623 intra

2121 2663 2323 2717 Julium
2359 2671 2521 2733 atque
2555 2661 2905 2717 Decembrem
2936 2660 3066 2715 anni
3097 2660 3222 2714 277.
3269 2659 3467 2714 Verum
3501 2661 3708 2715 Arche-

2123 2756 2195 2810 lai
2227 2757 2397 2811 nostri
2425 2755 2584 2811 verba
2613 2755 2843 2826 benigne
2873 2763 3000 2808 sunt
3033 2751 3462 2822 interpretanda,
3515 2752 3615 2822 qui
3655 2755 3707 2806 in

2124 2861 2245 2916 cap.
2276 2845 2349 2899 27
2377 2844 2759 2916 disputationis
2791 2858 2904 2898 sua:
2932 2849 3055 2911 post
3082 2850 3351 2895 trecentos
3385 2837 3502 2894 fere
3532 2854 3708 2893 annos

2125 2954 2156 2993 a
2182 2937 2386 2993 Christi
2434 2947 2629 3002 morte,
2675 2935 2786 2989 imo
2815 2942 2939 3004 post
2968 2939 3255 2995 trecentos,
3294 2939 3347 2984 et
3375 2944 3444 2985 eo
3467 2931 3710 3001 amplius

2125 3045 2299 3084 annos
2321 3030 2388 3083 ab
2414 3030 2601 3084 eadem
2635 3025 2835 3081 Christi
2877 3033 3052 3079 morte
3095 3021 3380 3076 advenisse
3430 3019 3702 3076 Manetem

2127 3121 2342 3176 asserit.
2372 3120 2695 3174 Archelaum
2726 3119 2873 3172 enim
2907 3116 2973 3170 ad
3002 3113 3438 3184 exaggerandam
3470 3113 3704 3168 Manetis

2126 3213 2496 3278 stoliditatem,
2547 3211 2640 3280 qui
2691 3209 3034 3265 Paracletum
3087 3206 3350 3277 Spiritum
3402 3225 3436 3263 a
3483 3209 3704 3264 Christo

2125 3305 2479 3375 promissum,
2532 3312 2733 3356 temere
2790 3317 2849 3356 se
2893 3315 3013 3356 esse
3057 3299 3380 3366 allirmabat,
3430 3315 3702 3356 annorum

2125 3412 2413 3454 numerum
2445 3396 2499 3450 in
2533 3393 2920 3466 disputationis
2965 3402 3098 3448 aestu
3139 3393 3359 3447 auxisse
3409 3392 3702 3447 dicendum

2124 3501 2227 3557 est,
2256 3501 2315 3544 ut
2346 3488 2549 3544 clarius
2582 3486 2911 3552 ostenderet,
2967 3484 3143 3553 ipsum
3191 3485 3350 3554 longe
3396 3483 3540 3538 adeo
3585 3496 3708 3553 post

2124 3581 2330 3637 Christi
2368 3587 2599 3633 mortem
2645 3586 2890 3648 tempore
2939 3585 3327 3643 emergentem,
3357 3571 3704 3632 Paracletum

2125 3689 2246 3731 esse
2277 3689 2386 3728 non
2424 3686 2608 3742 posse,
2655 3683 2814 3740 quem
2848 3665 3010 3722 Jesus
3063 3673 3186 3737 post
3236 3681 3400 3721 suum
3445 3667 3499 3720 in
3532 3669 3704 3723 ctelos

2125 3781 2434 3829 ascensum,
2462 3764 2606 3818 illico
2628 3777 2685 3818 se
2705 3759 2971 3830 apostolis
2993 3759 3290 3814 missurum
3313 3758 3700 3827 atlirmaverat;

2125 3867 2178 3913 et
2215 3872 2407 3912 revera
2453 3864 2575 3924 post
2621 3851 3013 3923 quinquaginta
3051 3850 3120 3905 ab
3150 3850 3270 3920 ejus
3298 3853 3704 3907 resurrectione

2124 3951 2240 4005 dies
2281 3949 2349 4003 ab
2379 3948 2497 4016 ipso
2525 3945 2754 4000 missum
2792 3943 2995 4007 fuisse,
3036 3942 3408 4012 apostolorum
3433 3942 3563 3996 Acta
3599 3943 3695 3996 di-

2125 4053 2269 4097 serte
2298 4050 2469 4096 testan
2479 4049 2530 4094 ll]
2541 4054 2583 4094 Γ.

2194 4108 2332 4186 Vill.
2373 4130 2472 4186 His
2528 4129 2594 4184 de
2631 4127 2885 4183 Archelai
2915 4142 3040 4182 eum
3069 4123 3282 4180 Manete
3313 4125 3697 4196 disputationis

2124 4235 2364 4294 tempore
2395 4239 2461 4278 ac
2500 4221 2869 4286 versionibus,
2920 4219 3100 4286 deque
3144 4217 3392 4287 ejusdem
3439 4217 3696 4272 Archelai

2122 4313 2417 4384 episcopali
2460 4313 2587 4366 sede
2633 4309 2949 4380 praelibatis,
2988 4307 3254 4380 agendum
3303 4307 3463 4362 nobis
3504 4316 3593 4362 est
3630 4309 3699 4362 de

2123 4405 2435 4462 sinceritate
2458 4415 2622 4473 atque
2645 4401 2959 4472 praestantia
2982 4401 3224 4470 ejusdem
3248 4401 3461 4470 operis;
3479 4415 3548 4454 ac
3563 4416 3701 4469 pra:-

2120 4509 2267 4553 terca
2294 4497 2606 4558 videndum,
2635 4511 2703 4549 an
2737 4495 2917 4565 aliqua
2956 4494 3042 4548 sui
3076 4503 3228 4564 parte
3250 4495 3565 4548 mutilatum
3590 4497 3696 4560 sit;

2117 4601 2393 4662 postremo
2436 4589 2808 4655 indicandum,
2862 4603 3113 4657 quamam
3166 4587 3426 4642 Actorum
3456 4591 3699 4658 quaein-

2121 4695 2268 4756 tegra
2295 4698 2441 4738 nunc
2465 4682 2628 4754 primi
2656 4682 2894 4747 edimus,
2927 4680 3231 4750 fragmenta
3266 4680 3396 4735 olim
3430 4681 3483 4734 in
3518 4681 3694 4736 lucem

2116 4775 2436 4847 prodierint,
2488 4783 2542 4828 et
2592 4789 2658 4827 ex
2710 4774 2870 4843 cujus
2922 4773 3265 4828 bibliotheca:
3306 4772 3499 4827 codice
3527 4773 3696 4827 editio

2116 4876 2302 4922 nostra
2336 4865 2671 4936 proﬂuxerit.
2708 4865 2773 4919 Et
2823 4867 3001 4934 primo
3051 4865 3268 4934 quidem
3321 4863 3389 4918 de
3427 4863 3694 4919 Actorum

2115 4960 2344 5015 istorum
2380 4958 2690 5014 sinceritate
2715 4957 2957 5027 suspicio
2984 4957 3132 5011 nulla
3157 4957 3286 5010 oriri
3316 4965 3498 5026 potest
3525 4975 3538 5010 :
3567 4972 3693 5012 nam

2115 5050 2453 5122 Epiphanius
2481 5066 2623 5104 anno
2644 5048 2850 5103 Christi
2872 5047 2976 5102 ’576
3001 5049 3263 5103 adversus
3287 5048 3526 5102 haereses
3557 5049 3697 5103 scri-

2114 5143 2270 5207 bens,
2302 5140 2514 5210 insigne
2543 5156 2608 5195 ex
2640 5139 3009 5208 disputatione
3038 5138 3287 5193 Archelai
3325 5137 3691 5208 fragmentum

2115 5235 2342 5306 protulit
2391 5235 2442 5288 in
2492 5233 2685 5288 haeresi
2721 5231 3167 5295 Manichaeorum,
3222 5246 3342 5300 cap.
3396 5229 3489 5292 25,
3542 5231 3692 5300 quod

2113 5329 2354 5399 ejusdem
2389 5328 2536 5382 Actis
2563 5341 2629 5381 ex
2660 5324 2851 5380 Latina
2886 5323 3137 5378 versione
3169 5339 3199 5377 a
3233 5323 3390 5378 nobis
3423 5324 3475 5376 in
3510 5322 3689 5376 lucem

2111 5423 2273 5479 editis
2310 5437 2533 5492 prorsus
2582 5419 2908 5490 respondet;
2963 5433 3026 5472 ac
3072 5425 3331 5487 praterea
3360 5416 3407 5471 si
3435 5417 3690 5472 Archelai

2187 5626 2258 5692 (c)
2314 5623 2456 5678 Edit.
2508 5621 2542 5675 2
2589 5620 2852 5692 Scaligeii
2905 5619 3066 5676 habet
3109 5640 3119 5674 :
3166 5621 3325 5690 juxta
3390 5619 3689 5678 Edessena:

2115 5710 2413 5752 DLXXXVIII.
