3966 6206
243 271 387 326 1415

1694 261 1991 326 NOTITIA.

3346 277 3484 340 illi

242 398 499 447 rationes
530 401 695 463 atque
727 401 1042 463 argumenta
1082 408 1204 448 cum
1235 392 1522 464 Epiphanii
1567 391 1818 448 confuta-
1851 399 1896 452 Α
1926 390 2148 458 insuper
2182 389 2479 445 Archelaus
2513 406 2631 460 cap.
2665 392 2732 445 34
2762 391 3022 449 Manctem
3060 388 3115 449 in
3143 411 3359 453 carcere
3388 417 3489 469 ρο.

237 484 490 539 tionibus
538 483 808 551 conferas,
858 487 1267 542 evidentissime
1300 485 1602 556 apparebit,
1639 485 1816 554 ipsum

237 577 321 632 ita
354 578 408 631 in
436 576 691 631 omnibus
717 586 960 632 secutum
989 578 1157 634 fuisse
1176 579 1527 645 Archelaum,
1554 587 1611 632 ut
1643 592 1816 648 pauca

237 668 312 723 de
343 684 446 724 suo
470 669 732 723 adversus
762 667 988 722 Mauetis
1017 685 1232 724 errores
1270 669 1531 723 attulerit.
1573 668 1820 724 Meminit

232 761 404 815 etiam
428 759 685 815 Actorum
717 760 880 829 hujus
912 762 1297 831 disputationis
1331 762 1604 829 Socrates,
1631 762 1725 833 qui
1759 763 1814 817 in

235 850 534 904 consulatu
586 865 674 903 xvr
747 849 1042 905 Theodosii
1085 849 1352 918 Junioris,
1399 853 1502 907 hoc
1531 862 1613 907 est
1670 867 1816 906 anno

231 956 366 996 atra:
394 941 717 996 Christiana:
745 940 1312 1007 459,Ecclesiasticam
1333 945 1608 997 historiam
1634 944 1813 998 absol-

232 1037 356 1101 vit;
388 1042 442 1088 et
471 1049 534 1088 ea
569 1033 750 1088 omnia
777 1049 898 1103 quae
930 1035 996 1089 dc
1021 1035 1443 1090 Manichaeorum
1469 1037 1659 1092 haeresi
1686 1053 1814 1091 nar-

230 1127 402 1190 ravit,
454 1143 513 1182 se
547 1142 613 1181 ex
655 1127 859 1183 eisdem
910 1127 1059 1182 Actis
1108 1129 1356 1184 hausisse
1397 1130 1626 1199 ingenue
1675 1128 1811 1184 fate-

227 1229 328 1274 tur
353 1221 454 1291 (a).
500 1218 700 1274 Eorum
753 1220 995 1289 insuper,
1043 1230 1301 1288 tauquam
1355 1220 1422 1274 ab
1477 1220 1809 1291 llegcmonio

231 1312 480 1380 quodam
534 1311 883 1380 scriptorum,
936 1312 1264 1365 mentionem
1300 1312 1428 1366 facit
1458 1312 1809 1370 Heraclianus

223 1391 1024 1472 Chalcedonensisepiscopus,
1045 1412 1105 1456 ut
1138 1418 1302 1472 supra
1332 1403 1535 1458 dictum
1567 1413 1667 1459 est.
1702 1385 1806 1460 De—

224 1496 404 1565 Inique
427 1495 680 1549 Archelai
702 1495 874 1550 nostri
896 1510 1119 1564 operum
1151 1493 1510 1565 fragmentum
1535 1497 1804 1552 contineri

224 1587 291 1640 in
327 1586 493 1642 veteri
510 1585 712 1642 Catena
745 1587 1057 1641 Graecorum
1095 1585 1321 1640 Patrum
1362 1587 1416 1640 in
1448 1587 1803 1658 Evangelium

221 1677 480 1744 Joannis,
496 1695 616 1749 quae
635 1679 863 1732 habetur
884 1679 938 1731 in
965 1679 1166 1748 scripto
1192 1678 1450 1733 Cazsareae
1465 1680 1805 1736 bibliothecae

1926 483 2112 546 situm,
2154 483 2452 558 discipulos
2499 500 2628 538 suos
2682 485 2896 541 misisse
2930 489 2998 540 ad
3049 489 3184 556 loca,
3227 491 3279 544 in
3304 504 3493 561 quibus

1924 573 2344 626 Christianorum
2387 574 2510 628 libri
2562 577 3040 646 conscribebanlur,
3099 583 3286 652 eisque
3336 583 3500 639 Chri-

1923 664 2225 718 stianorum
2272 680 2329 719 se
2375 665 2595 720 nuntios
2632 683 2753 722 esse
2786 670 3171 729 simulantibus
3205 691 3490 731 sacrorum

1922 757 2171 811 codicum
2218 758 2425 826 copiam
2473 757 2668 813 factam
2713 759 2903 816 fuisse.
2945 763 3011 818 At
3041 765 3090 818 id
3119 767 3221 821 sub
3252 769 3486 823 ethnicis

1921 856 2134 901 tantum
2189 849 2611 918 imperatoribus
2663 850 2840 907 facere
2899 857 3205 926 oportebat,
3259 876 3493 928 quorum

1918 939 2253 1008 temporibus
2299 939 2500 995 Christi
2550 942 2734 997 ﬁdeles
2768 960 2980 999 summa
3035 948 3295 1016 religione
3336 967 3496 1008 cura-

1915 1029 2066 1096 bant,
2093 1047 2159 1084 ne
2193 1042 2556 1087 sacrosancta:
2584 1034 2717 1104 legis
2751 1035 2872 1088 libri
2906 1036 2974 1090 ad
2999 1038 3342 1094 ethnicorum
3375 1058 3496 1097 ma—

1913 1137 2018 1176 nus
2071 1123 2448 1190 pervenirent;
2507 1139 2571 1178 ac
2623 1136 2904 1194 propterea
2960 1143 3067 1182 non
3125 1131 3346 1201 ubique,
3398 1135 3494 1190 sed

1913 1212 2076 1267 certis
2111 1213 2439 1282 quibusdam
2469 1215 2522 1268 in
2556 1216 2712 1279 locis,
2750 1219 2889 1270 sacri
2928 1221 3142 1276 codices
3174 1225 3328 1278 vendi
3362 1241 3494 1279 con-

1912 1316 2219 1359 sueverant.
2271 1305 2637 1377 Corrigendus
2671 1319 2848 1362 autem
2887 1309 3242 1382 Epiphanius,
3291 1318 3390 1386 qui
3434 1320 3487 1372 in

1907 1396 2330 1452 Manichaeorum
2363 1399 2576 1467 liter-esi,
2604 1416 2722 1469 cap.
2755 1401 2808 1464 5,
2848 1403 2921 1455 ait
2955 1402 3219 1459 Manctem
3247 1408 3486 1478 discipu-

1906 1491 1988 1544 los
2020 1506 2149 1544 suos
2189 1492 2254 1545 ad
2296 1491 2650 1561 inquirendos
2682 1508 2868 1547 sacros
2899 1494 3070 1550 libros
3102 1498 3339 1564 misisse,
3386 1518 3484 1555 an-

1905 1591 2122 1650 tequam
2159 1582 2211 1636 in
2245 1598 2520 1637 carcerem
2548 1584 2882 1651 truderetur;
2915 1602 3037 1640 nam
3071 1588 3125 1641 in
3159 1591 3320 1645 modo
3353 1593 3478 1646 lau-—

1907 1673 2033 1727 dato
2069 1674 2323 1728 Archelai
2355 1675 2740 1744 disputationis
2772 1675 2890 1731 loco
2913 1677 3111 1733 diserte
3143 1681 3340 1734 dicitur
3367 1683 3419 1736 id
3447 1702 3478 1739 a

227 1770 446 1835 codice,
475 1739 626 1825 testis
650 1779 734 1824 est
760 1739 1178 1838 Lambecius-(l2)
1201 1788 1212 1822 :
1234 1771 1378 1838 quod
1403 1771 1588 1840 utique
1603 1787 1666 1826 ex
1702 1773 1804 1825 hu-
1837 1739 1880 1798 Β
1905 1765 2113 1820 Mancte
2144 1766 2345 1822 factum
2374 1767 2564 1834 fuisse,
2593 1783 2702 1838 quo
2733 1778 2975 1839 tempore
3008 1771 3062 1824 iu
3095 1789 3314 1829 carcere
3339 1775 3479 1832 deti-

214 1861 321 1934 jus
337 1861 726 1931 disputationis
741 1860 890 1916 Actis
908 1861 1254 1929 desumptum
1276 1861 1442 1915 fuisse
1459 1878 1566 1916 non
1590 1863 1800 1916 dubito.

304 1951 394 2005 ιχ.
438 1951 704 2007 Praeterea
736 1966 801 2006 ex
832 1953 1142 2006 eorumdem
1171 1954 1430 2006 Actorum
1473 1962 1620 2007 textu
1656 1956 1802 2010 varia

226 2053 557 2111 argumenta
600 2042 718 2095 erui
760 2049 1008 2111 possunt,
1051 2041 1250 2110 quibus
1283 2056 1472 2094 eorum
1505 2041 1802 2111 antiquitas

222 2143 394 2206 atque
463 2135 750 2190 sinceritas
817 2134 1239 2189 demonstratur.
1297 2133 1594 2188 Archelaus
1655 2135 1800 2188 enim

227 2243 354 2297 cap.
383 2227 450 2279 27
487 2235 541 2280 et
586 2226 654 2280 58
701 2226 883 2281 varios
930 2226 1216 2279 haereticos
1250 2239 1597 2292 enumerans,
1628 2227 1799 2280 nemi-

223 2335 353 2373 nem
391 2318 625 2373 Sabellio
667 2317 1024 2372 recentiorem
1071 2317 1323 2385 appellat,
1370 2332 1529 2384 quem
1575 2316 1712 2370 Sixti
1754 2316 1797 2370 ll

225 2407 588 2476 temporibus,
620 2406 713 2476 qui
743 2422 885 2460 anno
913 2406 1112 2461 Christi
1140 2405 1246 2460 257
1277 2415 1329 2459 ct
1357 2407 1461 2460 258
1496 2405 1794 2462 Romanam

226 2500 528 2555 Ecclesiam
577 2500 736 2565 rexit,
767 2514 797 2554 a
830 2498 1088 2570 Dionysio
1115 2498 1481 2573 Alexandrino
1525 2501 1796 2556 haereseos

226 2599 546 2648 accusatum
594 2589 765 2646 fuisse
806 2599 1112 2646 coustatex
1165 2591 1398 2646 Eusebio
1421 2592 1512 2662 (ο).
1554 2591 1797 2648 Meminit

221 2699 449 2755 quoque
499 2683 796 2738 obsidionis
845 2682 1172 2751 Carrarum,‘
1214 2685 1301 2739 cui
1361 2694 1680 2754 praesentem
1737 2704 1797 2744 se

223 2776 401 2832 fuisse
430 2785 657 2831 testatur
685 2791 804 2846 cap.
837 2776 928 2840 24,
962 2793 1083 2846 qua:
1121 2777 1266 2832 nulla
1299 2779 1402 2832 alia
1429 2779 1642 2834 videtur
1675 2795 1795 2836 esse

220 2885 410 2941 posse,
439 2885 600 2939 quam
635 2870 726 2923 illa
753 2885 874 2938 quae
903 2869 1004 2923 sub
1034 2869 1318 2924 Valeriano
1345 2871 1591 2941 Augusto
1621 2875 1793 2927 conti-

221 2965 324 3034 git,
364 2979 486 3018 cum
521 2963 728 3018 scilicet
757 2977 787 3015 a
815 2962 998 3017 Persis
1033 2971 1336 3033 expugnata
1391 2963 1523 3032 fuit;
1571 2967 1653 3020 vel
1686 2967 1791 3021 alia

1905 1859 2159 1913 uehatur.

1974 1949 2042 2003 Χ.
2082 1949 2193 2005 Nec
2223 1966 2288 2005 ex
2325 1953 2496 2006 sacris
2542 1953 2939 2021 tantummodo,
2981 1971 3169 2010 verum
3209 1959 3370 2012 etiam
3405 1975 3475 2014 ex

1902 2042 2145 2110 profanis
2178 2044 2504 2112 quibusdam
2563 2045 2723 2099 rebus
2768 2062 3000 2116 quarum
3049 2049 3102 2102 in
3143 2049 3294 2104 hisce
3319 2053 3474 2108 Actis

1904 2134 2105 2188 mentio
2142 2137 2220 2199 lit,
2248 2137 2560 2189 corumdem
2596 2137 2726 2193 fides
2765 2140 3050 2194 astruitur.
3083 2143 3145 2196 In
3173 2142 3240 2196 iis
3271 2147 3472 2215 quippe

1901 2225 2129 2294 legimus
2175 2227 2462 2290 Manetem,
2517 2245 2641 2283 cum
2684 2247 2714 2284 a
2753 2231 3006 2289 Marcello
3046 2235 3242 2291 litteris
3266 2239 3472 2294 accitus

1899 2318 2096 2372 Carras
2151 2320 2316 2386 venit,
2371 2320 2624 2374 baculum
2672 2338 2737 2377 ex
2783 2341 2956 2379 coeno
3006 2327 3059 2380 in
3096 2330 3345 2385 manibus
3381 2348 3471 2400 ge-

1900 2417 2107 2473 stasse;
2159 2410 2305 2478 quod
2353 2411 2420 2464 ab
2449 2413 2754 2482 Alytarchis
2791 2415 3097 2472 factitatum
3137 2421 3268 2474 olim
3299 2421 3468 2478 fuisse

1898 2507 2127 2553 testatur
2150 2499 2198 2554 ει.
2226 2499 2446 2557 Malalas
2482 2504 2572 2573 (e).
2611 2503 2969 2561 Callisthenes
3000 2524 3217 2578 quoque
3246 2513 3466 2581 spurius

1897 2593 2132 2658 scriptor
2161 2609 2189 2647 a
2221 2596 2538 2650 doctissimo
2584 2595 2862 2668 Ducaugio
2896 2599 2950 2653 in
2982 2600 3250 2656 Glossario
3281 2607 3466 2661 mediw

1895 2693 1944 2734 et
1980 2684 2177 2752 inﬁmae
2213 2685 2511 2740 (ii-recitatis
2539 2686 2808 2754 laudatus,
2852 2691 3014 2746 verbo
3054 2693 3371 2761 Ἐδελλῖνος,
3397 2697 3465 2754 de

1895 2773 2292 2831 Psammeticho
2334 2779 2405 2831 ita
2448 2779 2636 2832 scribit
2670 2798 2682 2833 :
2716 2780 2823 2834 Kal
2853 2783 3087 2838 ἐστολέει
3119 2787 3311 2840 ἑαυτὸν
3341 2805 3462 2841 στο-

1893 2865 1990 2938 λὴν
2037 2872 2349 2941 προφήτου,
2409 2872 2650 2942 κατέχων
2698 2875 2755 2926 ὲν
2788 2877 2852 2947 τῇ
2888 2877 3030 2947 χειρὶ
3068 2878 3230 2932 αὐτοῦ
3267 2881 3460 2952 ῥάϐδον

1894 2959 2192 3032 ὲὸελλίνην,
2235 2961 2326 3016 ubi
2361 2960 2602 3034 Esopus
2635 2963 2874 3033 ejusdem
2910 2965 3256 3024 Callisthenis
3291 2971 3458 3026 inter-

221 3056 330 3110 sub
360 3055 623 3122 Gallieno,
651 3069 775 3109 cum
796 3054 865 3130 ab
891 3052 1172 3109 Odenatho
1201 3053 1435 3112 Orientis
1466 3073 1589 3129 rege
1609 3057 1792 3115 Persis
1819 3082 1860 3139 ο
1893 3067 2036 3121 pres,
2080 3053 2172 3122 qui
2215 3053 2522 3109 versionem
2555 3070 2711 3110 suam
2745 3055 3087 3124 Constantio,
3113 3061 3457 3119 Constantini

216 3159 410 3220 erepta
441 3149 495 3202 in
527 3149 759 3203 Romani
793 3148 1008 3219 imperii
1038 3149 1295 3204 ditionem
1341 3149 1534 3205 iterum
1576 3153 1789 3207 redacta

217 3241 345 3307 fuit,
384 3241 652 3296 Trebellio
679 3240 920 3295 Pollione
954 3249 1090 3296 teste
1125 3242 1178 3294 in
1211 3240 1469 3308 Gallieno,
1496 3258 1616 3314 cap.
1649 3245 1714 3298 lO
1737 3255 1790 3298 et

219 3334 310 3387 12.
339 3332 538 3387 Eorum
565 3334 788 3402 insuper
811 3333 1138 3388 mentionem
1168 3332 1295 3388 facit
1319 3350 1434 3404 cap.
1461 3335 1550 3400 52,
1577 3337 1668 3406 qui
1693 3353 1790 3406 per

219 3432 512 3493 parentum
545 3422 892 3476 traditionem
926 3423 1204 3494 Scythiani
1250 3423 1487 3478 haeretici
1515 3427 1790 3494 apostolo-

218 3531 343 3568 rum
375 3515 709 3584 temporibus
754 3515 982 3569 viventis
1024 3516 1269 3570 notitiam
1299 3516 1622 3581 habuerant,
1649 3517 1785 3572 sibi-

219 3622 326 3676 que
358 3607 615 3660 nonnulla
657 3605 723 3660 de
753 3607 872 3676 ejus
915 3607 1105 3660 haeresi
1153 3617 1522 3662 narraverant.
1564 3607 1703 3674 Quin
1734 3618 1788 3663 et

218 3699 362 3752 varii
407 3698 615 3767 antiqui
658 3712 838 3752 mores
876 3698 929 3751 in
979 3698 1126 3752 hisce
1169 3698 1319 3752 Actis
1366 3699 1672 3763 memorati,
1721 3699 1786 3754 de

219 3789 536 3846 eorumdem
564 3789 875 3844 sinceritate
898 3804 998 3842 nos
1018 3787 1265 3843 dubitare
1289 3805 1394 3842 non
1422 3789 1623 3843 sinunt.
1649 3788 1782 3843 Nam

219 3885 274 3939 in
306 3885 425 3954 ipso
457 3883 720 3937 Actorum
756 3882 981 3937 exordio
1010 3881 1210 3936 dicitur
1248 3881 1541 3934 nonnullos
1576 3897 1640 3934 ex
1674 3882 1783 3936 llo-

220 3992 510 4032 manarum
532 3977 805 4044 legionum
835 3973 1120 4041 militibus,
1143 3973 1377 4028 Marcelli
1403 3973 1784 4028 misericordiae

219 4070 469 4127 exemplo
501 4066 1097 4136 commotos,-d‘eposito
1129 4065 1335 4118 militia:
1363 4064 1600 4132 cingulo,
1627 4065 1784 4119 Chri-

219 4161 413 4217 stiana:
437 4157 765 4214 fideinomen
790 4158 1002 4212 dedisse
1032 4175 1045 4211 :
1077 4157 1220 4226 quod
1251 4155 1645 4226 antiquissimis
1679 4158 1781 4211 Ec-

219 4254 403 4310 clesia:
437 4252 772 4322 temporibus
804 4266 834 4305 a
864 4249 1187 4305 Christianis
1209 4249 1496 4315 militibus,
1528 4265 1596 4303 ne
1620 4265 1781 4318 paga-

219 4361 418 4401 norum
461 4343 789 4400 commercio
831 4351 885 4398 et
934 4341 1408 4411 superstitionibus
1442 4343 1780 4397 macularen-

1893 3142 2071 3213 Magni
2114 3144 2244 3210 ﬁlio,
2289 3145 2509 3210 dicavit,
2542 3147 2681 3201 male
2721 3150 2994 3202 tamarisci
3034 3153 3233 3221 virgam
3259 3157 3455 3223 vertit;

1892 3237 2036 3292 unde
2076 3250 2222 3307 patet
2255 3238 2564 3307 hujusmodi
2603 3240 2797 3295 baculo
2827 3257 2922 3297 cos
2958 3245 3036 3299 uti
3080 3249 3454 3315 consuevisse,

1891 3328 1986 3398 qui
2022 3329 2238 3398 publica
2286 3330 2466 3400 aliqua
2509 3331 2768 3402 dignitate
2807 3334 3222 3406 decorabantur,
3255 3343 3459 3413 quique

1889 3419 2152 3473 doctrina:
2177 3419 2391 3474 Iaudem
2420 3420 2759 3476 affectabam.
2798 3420 3074 3482 lncessum
3108 3446 3325 3501 quoque
3357 3435 3458 3486 iiu-

1892 3523 2223 3576 peratorum,
2255 3511 2383 3565 dum
2420 3512 2633 3580 publice
2657 3529 2780 3570 cum
2808 3520 3229 3586 protectoribus,
3262 3525 3455 3595 signis,

1889 3603 2240 3666 draconibus,
2285 3603 2506 3665 labaris,
2555 3603 2810 3672 ducibus,
2869 3611 3206 3680 principibus
3234 3625 3288 3668 et
3315 3632 3456 3684 pra:-

1887 3693 2043 3750 fectis
2074 3695 2262 3748 urbem
2289 3694 2526 3763 aliquam
2560 3696 2990 3766 ingrederentur,
3025 3713 3213 3758 exacte
3242 3705 3452 3762 descri-

1890 3787 1970 3840 bit
1998 3801 2117 3855 cap.
2155 3785 2244 3838 57.
2277 3784 2518 3856 Denique
2544 3787 2610 3840 de
2632 3789 2916 3858 multiplici
2938 3791 3237 3861 sigillorum
3268 3806 3320 3850 et
3342 3799 3454 3851 cla-

1885 3879 2032 3932 vium
2082 3893 2184 3931 ttsu
2217 3879 2356 3946 apud
2390 3887 2595 3933 veteres
2628 3896 2736 3932 non
2773 3896 2943 3948 pauca
2977 3884 3136 3938 tradit
3160 3900 3278 3954 cap.
3307 3887 3374 3940 M
3398 3898 3455 3943 et

1883 3969 1953 4022 26
1975 3969 2172 4038 quibus
2195 3968 2392 4022 similia
2418 3983 2643 4038 prorsus
2673 3969 2726 4022 in
2751 3972 3090 4027 ethnicorum
3122 3976 3448 4046 scriptorum

1885 4061 2253 4115 monumentis
2306 4069 2620 4124 occurrunt,
2664 4071 2724 4115 ut
2762 4062 2816 4115 in
2853 4066 3054 4120 nostris
3095 4067 3161 4121 ad
3204 4084 3267 4123 ea
3303 4073 3448 4127 notis

1884 4151 2243 4207 ostendimus.
2270 4150 2349 4203 Ex
2376 4150 2576 4220 quibus
2609 4152 2863 4208 omnibus
2895 4154 3026 4209 satis
3056 4172 3325 4226 superque
3355 4160 3449 4213 de-

1883 4254 2240 4310 monstratur,
2273 4245 2406 4301 Aeta
2431 4245 2533 4298 ista
2554 4245 2789 4315 genuina
2818 4254 2870 4299 et
2900 4246 3279 4315 antiquissima
3303 4265 3444 4315 esse,

1884 4351 1986 4389 nec
2018 4349 2208 4388 eorum
2240 4337 2398 4390 Iidem
2429 4335 2535 4390 ulla
2562 4351 2624 4388 ex
2657 4344 2808 4406 parte
2841 4347 3052 4390 nutare.

218 4449 332 4504 tur,
368 4437 566 4492 factum
592 4435 779 4500 fuisse,
812 4434 964 4488 testis
990 4441 1073 4488 est
1096 4431 1460 4488 Tertullianus
1479 4433 1556 4502 (Δ)
1583 4434 1783 4503 aliique
1815 4447 1858 4500 υ
1956 4423 2046 4480 XL
2091 4427 2227 4481 “Iud
2276 4436 2453 4482 tamen
2500 4427 2846 4481 diSSillllﬂal‘e
2892 4443 2998 4481 ηοιι
3038 4444 3282 4498 Possum.
3314 4431 3444 4485 Αειίι

218 4531 276 4585 in
307 4529 510 4584 nostris
561 4527 627 4581 ad
674 4541 794 4580 eum
828 4524 1004 4578 locum
1039 4523 1179 4576 notis
1207 4522 1429 4577 laudati.
1465 4522 1774 4577 Marcellum

218 4635 440 4692 quoque
473 4619 568 4684 ait,
602 4616 836 4686 hospitia
871 4615 925 4668 in
960 4613 1395 4670 Christianorum
1434 4616 1780 4693 peregrinan-

220 4714 358 4768 tium
389 4726 548 4768 usum
575 4724 670 4779 per
695 4709 810 4763 vias
844 4707 1020 4777 regias
1045 4707 1436 4772 coustruxisse,
1462 4721 1582 4776 qua:
1602 4721 1630 4758 a
1654 4706 1780 4758 Car-

219 4809 298 4862 ris
321 4807 376 4860 in
406 4802 682 4859 Persidem
719 4801 988 4854 ducebant
1014 4816 1027 4852 :
1049 4799 1202 4866 ,quod
1237 4798 1419 4852 itidem
1447 4797 1514 4850 ab
1542 4795 1778 4865 antiquis

217 4896 545 4955 Christianis
561 4895 652 4964 qui
676 4892 917 4948 sedulam
940 4890 1290 4960 hospitalitati
1312 4904 1530 4958 operam
1556 4888 1776 4950 dabant,

217 4991 337 5047 ﬁeri
375 4987 723 5045 consuevisse
768 4992 949 5054 aperte
993 4984 1263 5054 colligitur
1301 4999 1368 5038 ex
1398 4981 1643 5052 Gregorii
1673 4980 1783 5034 Na-

219 5081 468 5138 zianzeni
504 5079 767 5134 invectiva
807 5078 830 5130 1
871 5075 929 5128 in
973 5073 1248 5130 Julianum
1299 5076 1648 5144 Apostatam;
1683 5076 1777 5130 ubi

217 5177 604 5247 imperatorem
633 5173 777 5226 hunc
802 5171 1098 5226 diversoria
1127 5177 1180 5224 et
1209 5167 1440 5238 hospitia
1460 5182 1556 5238 per
1589 5167 1776 5222 orbem

217 5267 548 5331 Romanum,
593 5263 1024 5318 Christianorum
1064 5261 1313 5329 exemplo
1340 5259 1590 5314 mdilicari
1626 5275 1779 5314 man-

217 5363 382 5415 dasse
413 5365 661 5421 testatur,
692 5365 750 5408 ut
785 5367 1116 5424 paganorum
1153 5350 1630 5421 superstitionibus
1665 5365 1778 5402 ma-

215 5455 395 5524 jorem
424 5449 638 5505 laudem
669 5444 1172 5513 venerationemque
1204 5442 1534 5496 conciliaret.
1582 5438 1778 5494 Narrat

297 5588 373 5656 (a)
415 5585 558 5640 Hist.
592 5583 715 5638 εστι.
737 5582 842 5657 lib.
877 5576 1182 5657 I_.._cap._fi_0.

407 5658 694 5728 Comment.
889 5648 1040 5702 Vind.
1074 5647 1165 5728 lib“.
1202 5662 1281 5716 Ill,
1312 5649 1427 5705 cod.
1463 5646 1549 5702 40.

296 5719 364 5799 (ε)
408 5726 547 5780 Hist.
577 5724 702 5779 ccci.
736 5723 830 5776 lib.
859 5735 953 5785 vn,
987 5733 1102 5788 cap.
1131 5719 1182 5773 6.

1883 4521 1985 4575 ista
2041 4521 2426 4590 disputationis
2476 4519 2726 4574 Archelai
2769 4535 2895 4574 cum
2936 4518 3166 4588 Manete,
3213 4538 3334 4593 qua:
3377 4542 3442 4578 ex

1883 4611 2142 4667 Vaticano
2188 4612 2502 4668 Casinensis
2547 4613 2748 4667 codicis
2786 4612 3096 4683 apographo
3135 4614 3297 4684 primi
3329 4615 3444 4669 edi-

1879 4720 2023 4769 mus,
2056 4706 2264 4774 integra
2311 4720 2653 4773 nequaquam
2699 4704 2893 4768 videri,
2951 4705 3046 4759 sed
3097 4707 3344 4775 pluribus
3385 4709 3439 4762 in

1880 4798 2012 4852 locis
2051 4812 2080 4850 a
2127 4805 2301 4851 vetere
2333 4796 2554 4850 librario
2582 4796 2848 4851 mutilata.
2887 4795 3162 4866 Siquidem
3211 4798 3440 4871 Cyrillus

1879 4889 2398 4960 llierosolymitanus
2427 4889 2502 4958 (f)
2533 4890 2780 4960 quaadam
2836 4889 3065 4944 Manetis
3124 4900 3439 4960 argumenta

1879 4996 2001 5036 cum
2052 4979 2303 5034 Archelai
2347 4981 2808 5048 responsionibus
2836 4981 3044 5045 recitat,
3082 4995 3203 5050 quae
3239 4980 3290 5033 in
3342 4998 3440 5034 ιιι»-

1880 5081 1992 5126 stra
2025 5070 2265 5124 editione
2297 5084 2402 5123 non
2434 5071 2810 5139 reperiuntur;
2837 5086 2936 5124 nec
2970 5071 3076 5124 dici
3101 5085 3261 5138 posse
3288 5072 3436 5126 vide-

1881 5171 1989 5225 tur,
2022 5159 2284 5231 Cyrillum
2311 5160 2556 5214 Archelai
2589 5161 2858 5215 dictorum
2888 5174 3129 5222 sensum,
3163 5176 3269 5214 non
3309 5175 3436 5215 vero

1879 5255 2108 5324 ipsamet
2138 5252 2386 5307 Archelai
2413 5253 2575 5307 verba
2617 5253 2888 5317 laudasse,
2920 5267 3042 5307 cum
3069 5252 3244 5306 simile
3273 5254 3433 5322 quid-

1879 5348 2020 5415 piam
2055 5346 2110 5398 in
2137 5345 2511 5407 nullo,nostrze
2528 5344 2779 5398 editionis
2803 5344 2920 5398 loco
2943 5343 3184 5412 legatur;
3208 5358 3272 5398 ac
3295 5359 3435 5413 prte-

1880 5447 2022 5490 terea
2059 5437 2222 5490 verba
2272 5435 2360 5489 illa
2407 5451 2528 5505 qua
2573 5435 2805 5505 Cyrillus
2849 5433 3028 5501 refert,
3060 5437 3134 5492 ita
3172 5447 3432 5507 concepta

1947 5571 2022 5641 (ιι)
2059 5571 2132 5641 De
2158 5587 2266 5626 cor.
2303 5572 2438 5637 mil.,
2466 5585 2582 5641 cap.
2612 5571 2694 5624 ll.

1947 5646 2016 5712 (e)
2049 5640 2269 5712 Chrom,
2295 5658 2415 5712 pag.
2448 5640 2567 5693 567.

1948 5711 2014 5783 (Ῑ)
2049 5711 2268 5768 Catech.
2299 5710 2384 5779 vi,
2406 5727 2457 5783 p.
2492 5726 2564 5764 ω.
2601 5710 2720 5765 147.
