3930 6864
565 260 706 322 181⁵

1431 250 1489 314 S.
1531 259 1948 318 ARCHELAUS
1988 259 2507 318 MES’OPOTAML’E
2547 262 2946 322 EPISCOPUS.

3588 271 3695 328 illb

563 382 694 446 sint,
729 388 788 433 ut
814 379 882 433 ab
912 378 1143 446 ipsemet
1168 375 1433 432 Archelao
1462 377 1674 446 prolata
1709 377 1876 432 fuisse
1907 378 2126 433 videan-
2154 391 2201 445 Α
2231 386 2436 448 posset,
2481 378 2671 448 quanti
2720 377 2979 433 faciendae
3025 375 3133 430 sint
3161 374 3383 444 antiqua
3411 375 3582 434 Latina:
3605 399 3702 438 ver-

565 482 670 525 tur.
705 469 808 523 Sed
846 478 900 523 et
935 468 1257 538 conjectura:
1283 468 1557 523 nonnullae
1594 484 1659 524 ex
1693 477 1874 524 nostra
1906 485 2126 524 eorum-

561 561 684 616 dem
712 560 970 614 Actorum
997 558 1232 613 editione
1253 559 1360 628 peti
1380 569 1628 628 possunt,
1650 559 1850 630 quibus
1876 560 1926 614 id
1950 561 2129 629 ipsum

563 651 793 706 ulterius
844 649 1221 704 continuatur.
1265 649 1401 703 Nam
1443 649 1498 702 in
1547 649 1862 704 eorumdem
1897 665 2016 719 cap.
2061 649 2130 703 l2

565 743 681 799 haec
710 741 1017 794 habentur:
1050 739 1303 794 Archelao
1345 748 1520 793 autem
1568 749 1683 794 erat
1727 756 1856 793 cura
1897 757 1988 810 pro
2032 757 2128 810 po-

563 835 711 906 pulo,
745 843 994 902 tanquam
1019 833 1222 902 pastori
1250 848 1345 900 pro
1375 831 1575 896 ovibus,
1607 848 1725 885 cum
1763 831 2008 902 luporum
2035 846 2132 902 pa-

565 933 754 979 rantur
787 924 1016 977 insidiw.
1046 923 1222 992 Igitur
1251 919 1534 975 Marcellus
1567 919 1858 975 Turbonem
1901 922 2132 975 muneri-

568 1022 660 1072 bus
688 1017 932 1086 plurimis
957 1014 1208 1084 implevit,
1238 1025 1286 1068 et
1311 1018 1366 1068 in
1401 1014 1647 1068 Archelai
1669 1014 1881 1068 domum
1910 1015 2132 1068 residere

565 1111 829 1180 prwcepit.
875 1107 1070 1160 Eadem
1120 1117 1292 1160 autem
1336 1108 1451 1176 ipsa
1479 1108 1562 1161 die
1593 1107 1888 1161 adventavit
1924 1106 2130 1172 Manes,

569 1211 622 1254 et
665 1216 785 1270 qua:
833 1209 1156 1268 sequuntur.
1190 1197 1259 1250 At
1291 1213 1419 1251 vero
1473 1198 1547 1250 nil
1592 1198 1643 1250 iu
1691 1197 2132 1253 antecedentibus

571 1303 841 1357 narratur,
885 1291 1030 1360 quod
1071 1305 1135 1344 ea
1163 1305 1269 1358 qua
1309 1287 1494 1343 Manes
1543 1291 1756 1343 advenit
1794 1289 1882 1343 die
1928 1288 2131 1344 factum

571 1385 752 1440 fuerit.
784 1384 1049 1439 Praeterea
1079 1384 1133 1437 in
1166 1399 1285 1452 cap.
1307 1382 1378 1436 25
1421 1383 1582 1452 hujus
1611 1383 1992 1451 disputationis
2026 1383 2132 1435 Ar-

569 1479 792 1532 chelaus
815 1478 921 1530 ait:
951 1474 1136 1529 Nonne
1160 1475 1330 1529 David
1353 1491 1416 1528 ex
1437 1491 1524 1527 ore
1547 1475 1710 1527 leonis
1747 1472 1825 1527 rel
1863 1477 1972 1526 ursi
1997 1476 2130 1527 eruit

569 1568 749 1622 ovem?
790 1565 903 1619 Hoc
933 1566 1154 1618 dicimus
1189 1573 1399 1635 propter
1435 1578 1529 1618 ore
1561 1563 1755 1624 leonis,
1783 1561 1919 1631 quod
1947 1562 2043 1625 ait,
2071 1561 2134 1614 de

569 1677 658 1713 ore
697 1659 881 1723 leonis,
927 1667 1017 1710 aut
1057 1657 1121 1710 de
1164 1666 1336 1710 ventre
1380 1655 1492 1725 ejus
1532 1663 1698 1724 potest
1727 1653 1964 1715 educere,
1993 1652 2132 1723 quod

2229 470 2432 533 siones,
2475 478 2531 523 et
2572 478 2832 538 quantum
2882 466 3143 522 utilitatis
3182 481 3243 519 ex
3275 465 3374 520 illis
3399 470 3636 532 redundet,
3660 485 3705 529 ut

2229 563 2484 616 idemmet
2523 562 2599 615 ait
2651 561 2704 614 iu
2744 560 3064 630 praefatione
3116 557 3182 612 ad
3239 557 3449 612 Palladii
3493 561 3706 633 dialogum

2227 654 2292 706 'de
2335 654 2441 706 vita
2479 651 2538 707 S.
2573 651 2798 706 Joannis
2849 650 3212 719 Chrysostomi
3245 664 3401 718 prope
3441 650 3576 704 linem
3605 656 3708 707 :sed

2228 755 2418 814 postea
2449 745 2587 799 hanc
2617 759 2806 798 curam
2853 744 2920 798 iis
2953 743 3263 805 relinquere
3290 741 3451 795 satius
3479 742 3624 808 duxit,
3646 748 3712 813 qui

2228 852 2426 892 novam
2465 837 2756 891 editionem
2789 849 3016 905 operum
3066 831 3125 887 S.
3163 831 3436 900 Epiphanii
3471 838 3712 902 aggressuri

2229 937 2432 993 essent,
2461 939 2554 982 aut
2584 928 2677 998 qui
2712 925 2956 982 Socratis
2989 925 3245 978 IIistoria’
3272 939 3388 977 cum
3417 923 3544 978 netis
3569 925 3716 980 doctis-

2230 1019 2355 1074 simi
2388 1017 2592 1073 Valesii
2625 1034 2818 1074 rursus
2848 1017 3076 1073 edenda:
3105 1031 3322 1085 operam
3348 1017 3653 1082 susciperent.
3672 1018 3715 1072 Et

2231 1111 2496 1165 hactenus
2523 1109 2741 1180 quidem
2773 1109 2846 1162 nil
2881 1108 3031 1162 aliud
3063 1123 3127 1160 ex
3163 1106 3405 1159 Archelai
3428 1106 3716 1176 disputatione

2230 1201 2503 1271 publicam
2533 1202 2704 1255 lucem
2737 1201 2967 1270 aspexit.
3015 1199 3154 1252 Cum
3189 1208 3364 1252 autem
3398 1201 3525 1252 sacri
3556 1200 3638 1253 loci
3661 1218 3717 1256 te-

2231 1296 2468 1350 vereutia
2497 1295 2712 1360 ductus,
2740 1295 3007 1349 Casinum
3042 1293 3336 1353 venissem,
3365 1301 3418 1345 et
3441 1292 3502 1344 ab
3527 1293 3717 1361 antiquis

2232 1389 2386 1444 simis
2441 1389 2774 1458 temporibus
2806 1389 3086 1441 conditam
3126 1386 3200 1440 ibi
3233 1401 3262 1438 a
3292 1385 3592 1439 doctissimis
3614 1403 3717 1454 atque

2232 1496 2296 1536 ac
2327 1481 2685 1536 sanctissimis
2729 1479 3140 1533 CtBllOblal‘ChiS
3189 1477 3545 1531 bibliothecam
3589 1480 3716 1547 perlu-

2233 1583 2513 1638 strassem,
2543 1573 2683 1626 inter
2708 1571 2812 1625 alia
2843 1588 2952 1624 non
2988 1584 3170 1639 pauca
3197 1569 3393 1623 inedita
3419 1569 3575 1623 adhuc
3593 1581 3716 1624 vetem

2233 1673 2606 1728 monumenta,
2633 1660 2881 1716 Archelai
2910 1661 3187 1730 integram
3219 1673 3342 1712 cum
3375 1658 3564 1713 Manete
3587 1660 3718 1730 dispu-

565 1754 677 1821 jam
714 1750 804 1803 ille
847 1748 1130 1802 devoravit.
1174 1749 1244 1801 Αἱ
1279 1761 1406 1800 vero
1451 1746 1506 1800 ἱιι
1545 1744 1986 1800 antecedentibus
2028 1757 2136 1795 llOll
2165 1740 2208 1794 Β
2237 1755 2490 1809 lationem
2520 1753 2575 1806 in
2605 1761 2990 1807 sexcenlorum
3038 1757 3096 1804 et
3139 1748 3373 1818 amplius
3412 1763 3718 1803 annm-uulgo.

569 1843 800 1912 legimus
833 1841 948 1894 haec
977 1854 1214 1908 unquam
1251 1855 1282 1890 a
1316 1836 1524 1892 Manete
1568 1837 1713 1890 dicta
1760 1834 1948 1891 fuisse.
1989 1833 2133 1902 Quin

569 1936 705 1989 etin
752 1949 871 2002 cap.
903 1931 971 1985 38
1017 1931 1178 1984 verba
1221 1929 1349 1983 illa:
1385 1928 1516 1992 Qua:
1544 1929 1751 1997 quidem
1790 1944 1882 1997 ego
1926 1945 2027 1981 non
2069 1943 2134 1982 ex

570 2027 696 2078 meis
739 2024 904 2078 verbis
947 2022 1185 2087 adstrue,
1239 2030 1292 2075 et
1349 2036 1472 2089 qua:
1523 2030 1827 2088 sequuntur
1863 2034 2034 2087 usque
2066 2019 2133 2072 ad

569 2118 728 2170 linem
751 2114 964 2184 capitis,
997 2113 1201 2166 nullam
1229 2127 1354 2166 cum
1381 2111 1810 2180 praecedentibus
1839 2111 2136 2164 connexio-

572 2222 695 2262 nem
733 2206 931 2260 habere
967 2206 1238 2259 videntur.
1284 2203 1526 2272 Denique
1559 2203 1613 2256 in
1650 2204 1840 2256 borum
1873 2201 2133 2256 Actorum

536 2358 539 2362 ,
569 2301 748 2370 capite
786 2299 1002 2363 ultimo,
1042 2307 1168 2368 post
1204 2306 1478 2351 narratam
1511 2295 1738 2351 Manetis
1772 2310 1980 2359 necem,
2021 2294 2136 2350 haec

569 2393 798 2462 legimus
835 2409 848 2445 :
881 2391 1082 2456 Quibus
1111 2402 1291 2460 postea
1319 2391 1511 2461 agnitis
1540 2388 1828 2442 Archelaus
1853 2385 2045 2455 adjecit
2073 2403 2135 2441 ea

569 2486 736 2555 priori
765 2484 1134 2551 disputationi,
1162 2492 1218 2536 ut
1243 2482 1479 2536 omnibus
1503 2482 1863 2543 innotesceret,
1888 2480 2022 2531 sicut
2042 2494 2134 2549 ego

570 2577 658 2646 qui
687 2575 952 2643 inscripsi,
989 2575 1043 2626 in
1074 2573 1338 2640 prioribus
1391 2571 1626 2638 exposui.
1670 2568 1928 2624 Videntur
1953 2576 2134 2623 autem

571 2667 686 2719 haec
721 2665 883 2718 verba
915 2678 1034 2718 esse
1067 2660 1380 2732 Hegemouii
1415 2661 1580 2725 illius,
1621 2660 1738 2731 qui,
1783 2667 1843 2713 ut
1885 2660 2136 2728 superius

569 2757 830 2819 diximus,
881 2763 1071 2811 eadem
1122 2755 1255 2810 Acta
1301 2755 1632 2824 compilavit,
1681 2762 1735 2808 et
1783 2753 1836 2807 in
1886 2751 2134 2806 Cra-cum

571 2863 877 2904 sermonem
927 2847 1223 2902 transtulit.
1277 2844 1381 2901 Sed
1412 2848 1467 2900 in
1500 2856 1683 2902 nostra
1733 2845 1985 2911 editione,
2026 2861 2134 2914 quo

572 2942 694 2997 loco
735 2957 799 2996 ea
841 2940 907 2995 de
941 2955 999 2994 re
1033 2954 1214 2995 sermo
1245 2939 1529 3001 habeatur,
1573 2953 1681 2992 non
1721 2937 1972 3000 invenio;
2006 2937 2132 3006 quia

571 3031 804 3087 fortasse
833 3032 887 3086 in
916 3031 1197 3086 Casinensi
1227 3031 1410 3086 codice
1444 3029 1690 3100 praefatio
1714 3029 1911 3092 deﬁcit,
1943 3029 1995 3082 in
2025 3042 2131 3097 qua

572 3125 936 3196 Hegemonius
969 3124 1367 3194 compilationis
1402 3139 1515 3177 suae
1551 3123 1811 3176 rationem
1841 3121 2130 3174 reddebat:

572 3221 677 3273 nisi
723 3221 846 3288 quis
887 3219 1045 3272 verba
1081 3217 1169 3270 illa
1207 3234 1221 3270 :
1257 3215 1324 3268 In
1372 3216 1632 3284 prioribus
1683 3213 1918 3280 exposui,
1953 3212 2021 3265 de
2049 3211 2134 3266 bis

572 3309 882 3379 accipienda
934 3324 1057 3362 esse
1107 3317 1344 3370 censeat,
1388 3321 1510 3375 quae
1543 3306 1790 3374 proxime
1818 3306 1884 3358 de
1908 3303 2134 3358 Manetis

571 3410 747 3454 morte
778 3399 1036 3452 narravit.
1066 3395 1196 3451 Jure
1219 3398 1396 3465 itaque
1421 3397 1613 3451 merito
1643 3397 1904 3466 suspicari
1936 3406 2131 3466 potest,

569 3505 696 3546 eum
724 3490 816 3560 qui
858 3488 1214 3544 Casinensem
1258 3489 1500 3543 codicem
1551 3497 1675 3543 ante
1721 3489 2044 3559 quingentos
2079 3499 2134 3543 et

571 3584 806 3653 amplius
839 3597 1010 3636 annos
1051 3582 1318 3646 exaravit,
1367 3597 1574 3650 magnae
1605 3566 1861 3634 Actorum
1891 3581 2133 3651 disputa-

572 3677 743 3731 tionis
778 3677 943 3746 hujus
977 3676 1286 3746 prolixitate
1323 3684 1630 3744 pertaesum,
1662 3676 1831 3727 multa
1861 3675 2131 3737 omisisse,

573 3771 854 3841 multaque
884 3770 1178 3834 breviasse,
1213 3783 1445 3837 quorum
1477 3776 1655 3820 tamen
1689 3767 1958 3836 cpitomen
1992 3766 2133 3835 apud

578 3861 939 3932 Epiphaniam
981 3859 1166 3914 haberi
1197 3858 1453 3921 arbitror,
1484 3872 1647 3926 quem
1677 3872 1742 3910 ex
1776 3857 1996 3924 integris
2030 3856 2136 3908 Ar-

576 3952 749 4004 chelai
783 3949 1168 4019 disputationis
1198 3947 1348 4002 Actis
1378 3962 1533 4001 suam
1569 3945 1989 4000 Manichatorum
2023 3944 2133 3997 ba:-

576 4060 758 4099 reseos
796 4042 1222 4098 confutationem
1260 4042 1606 4111 potissimum
1635 4041 1904 4102 hausisse,
1939 4039 2134 4093 editio-

576 4153 696 4191 nem
747 4146 989 4191 nostram
1040 4151 1164 4190 cum
1214 4133 1332 4203 ejus
1375 4133 1591 4201 scriptis
1643 4129 1940 4186 conferenti
1987 4131 2134 4184 clare

574 4228 798 4298 patebit.

644 4319 761 4372 XII.
803 4318 957 4385 Quod
1003 4317 1068 4372 ad
1118 4331 1304 4372 eorum
1344 4315 1636 4370 editionem
1682 4312 1894 4378 attinet,
1935 4313 2131 4367 vetusti

2233 1847 2354 1901 dice
2377 1845 2574 1916 reperi,
2628 1859 2791 1914 quam
2837 1843 2985 1897 bona
3037 1840 3474 1896 reverendissimi
3514 1843 3716 1909 quondam

2233 1939 2464 2001 abbatis,
2509 1951 2656 1991 nunc
2695 1950 2823 1990 vero
2867 1933 3270 2002 archiepiscopi
3311 1931 3712 1986 RossauensisAn-

2232 2028 2373 2082 dreae
2414 2024 2634 2079 Dcodati
2682 2024 2784 2080 viri
2829 2024 3222 2078 humanissimi
3271 2032 3430 2089 atque
3476 2025 3713 2078 amicissimi

2234 2117 2412 2184 venia,
2442 2133 2565 2172 cum
2599 2117 2874 2172 nonnullis
2899 2118 3024 2172 aliis
3059 2126 3306 2172 veterum
3329 2117 3526 2186 scriptis
3546 2117 3588 2170 in
3611 2115 3710 2170 Vati-

2234 2222 2384 2262 cana:
2428 2207 2766 2262 bibliotheca:
2817 2215 3210 2262 ornamentum
3265 2206 3531 2261 transcribi
3567 2206 3711 2269 curavi,

2233 2315 2454 2371 operam
2500 2298 2850 2370 favoremque
2887 2314 3054 2355 suum
3096 2299 3480 2354 humanissime
3505 2307 3710 2368 priestante

2233 2393 2432 2449 domno
2462 2393 2765 2463 Augustino
2789 2392 3071 2447 Collicello
3101 2408 3134 2446 a
3161 2389 3403 2460 Neapoli,
3431 2400 3544 2444 tunc
3570 2401 3712 2457 tenipo-

2235 2485 2312 2539 ris
2345 2484 2681 2540 bibliothecae
2723 2484 2867 2539 illius
2895 2482 3182 2554 praefecto.
3219 2481 3336 2537 Non
3367 2496 3562 2551 possum
3587 2490 3707 2534 tamen

2235 2574 2326 2630 hic
2365 2574 2582 2628 silentio
2614 2574 2888 2643 praeterire
2928 2582 3200 2643 quantum
3246 2570 3604 2642 diligentissimi
3623 2571 3710 2623 alte-

2235 2667 2350 2722 rius
2376 2666 2774 2721 bibliOthecarii
2809 2666 3023 2722 Erasini
3053 2664 3286 2720 Gattolae
3313 2681 3342 2718 a
3371 2663 3538 2733 Cajeta
3575 2663 3708 2716 huma-

2234 2760 2389 2815 nitati
2415 2759 2658 2823 debeam,
2683 2759 2776 2828 qui
2797 2773 3083 2827 nunquam
3116 2758 3257 2813 meis
3288 2758 3426 2812 votis
3451 2755 3606 2819 deluit,
3629 2753 3708 2823 plu-

2233 2851 2514 2920 rimosque
2545 2850 2599 2904 in
2629 2863 2871 2903 meorum
2913 2849 3228 2902 studiorum
3262 2844 3536 2916 profectum
3562 2843 3708 2897 labores

2233 2943 2378 2998 ultro
2415 2939 2970 3010 subivit,'praasertim
3009 2939 3067 2993 in
3110 2939 3456 2994 emaculauda
3475 2936 3562 2991 hac
3580 2936 3709 3003 dispu-

2235 3035 2438 3088 tatione
2489 3032 2781 3096 Archelai,
2836 3031 2994 3100 cujus
3041 3030 3349 3102 apographi
3403 3028 3600 3098 plurima
3634 3026 3708 3079 loca

2236 3127 2446 3181 mendis
2494 3124 2826 3187 incubantia,
2861 3137 2985 3178 cum
3015 3123 3322 3194 archetypo
3345 3122 3514 3177 codice
3534 3119 3706 3174 contulit.

2237 3215 2340 3271 Sed
2370 3225 2430 3271 ut
2459 3217 2527 3270 ad
2549 3216 2876 3270 Archelaum
2908 3216 3156 3280 redeam,
3193 3225 3401 3285 reperto
3428 3215 3518 3267 hoc
3540 3210 3697 3266 vetustis

2234 3309 2373 3363 simo
2395 3308 2655 3362 adversus
2681 3305 3009 3362 Manichazos
3033 3321 3228 3376 Opere,
3260 3306 3327 3359 ad
3352 3303 3547 3360 nefaria
3566 3315 3710 3355 eorum-

2232 3402 2354 3456 dem
2398 3401 2664 3455 haereseos
2717 3399 3001 3453 historiam
3049 3398 3496 3454 conscribendam
3538 3395 3709 3448 animum

2236 3491 2474 3555 admovi,
2505 3491 2664 3560 eique
2694 3505 2804 3544 non
2835 3489 2997 3546 modo
3026 3491 3304 3560 integram
3341 3487 3561 3544 Archelai
3583 3486 3712 3553 dispnc

2232 3583 2516 3648 tationem,
2547 3581 2640 3634 sed
2665 3589 2718 3634 et
2741 3579 2914 3635 Photii
2941 3581 3274 3651 patriarchze
3303 3577 3405 3634 ΟΡ.
3432 3579 3575 3632 libros
3597 3590 3634 3628 tv
3650 3572 3713 3626 ad-

2231 3690 2423 3730 versus
2470 3673 2793 3740 Manichaeos
2839 3686 2941 3726 suo
2997 3681 3251 3742 tempore
3308 3671 3490 3726 iterum
3537 3673 3713 3727 exortus,

2234 3767 2448 3837 aliaque
2467 3766 2635 3820 multa
2662 3765 2840 3821 adhuc
2871 3765 3073 3826 inedita
3106 3766 3404 3836 magnique
3427 3759 3628 3816 facienda
3649 3769 3714 3808 ve-

2233 3868 2408 3913 terum
2442 3867 2722 3913 auctorum
2751 3857 2954 3926 scripta
2979 3857 3308 3926 appendicis
3331 3857 3446 3910 loco
3472 3851 3718 3920 subiungere

2233 3952 2577 4007 decreveram
2623 3969 2638 4004 :
2684 3949 2778 4005 sed
2811 3951 3262 4005 doctissimorum
3299 3950 3523 4004 virorum
3548 3939 3718 3997 consilio

2233 4042 2436 4097 factum
2475 4051 2581 4107 est,
2623 4050 2682 4096 ut
2726 4042 2778 4096 in
2829 4051 3175 4097 antecessum
3210 4042 3348 4096 Acta
3390 4039 3484 4092 ista
3520 4034 3562 4087 in
3589 4030 3719 4099 primo

2233 4135 2567 4190 collectionis
2619 4142 2818 4189 nostrae
2864 4143 3011 4189 tomo
3036 4135 3357 4190 ederentur.
3390 4133 3549 4187 Habes
3572 4129 3720 4193 itaque;

2231 4226 2440 4280 erudite
2476 4226 2667 4290 lector,
2707 4227 2967 4296 integram
3007 4226 3264 4281 Archelai
3305 4241 3426 4281 cum
3457 4222 3631 4276 Manete
3647 4214 3724 4266 dis-

2232 4319 2561 4387 putationem
2607 4319 2748 4373 bona
2795 4321 2898 4374 lide
2929 4335 2996 4374 ex
3022 4323 3342 4389 apographo
3370 4309 3726 4372 Casiuensisco-

571 4413 710 4466 adeo
746 4411 1083 4465 monumenti
1122 4420 1328 4478 partem
1367 4411 1566 4478 reperit
1601 4408 1652 4460 in
1684 4408 2004 4476 perantiquo
2033 4422 2127 4460 co-
2159 4423 2203 4477 ι)
2230 4408 2367 4464 dicis
2389 4410 2533 4478 quod
2559 4410 2610 4463 in
2639 4407 2895 4464 Vaticana
2919 4411 3249 4466 bibliotheca
3276 4417 3530 4469 servatur,
3557 4400 3725 4456 editam.

573 4503 692 4556 dice
719 4501 992 4563 Bobiensi,
1037 4502 1129 4569 qui
1163 4515 1304 4552 nunc
1335 4499 1387 4551 in
1422 4499 1780 4551 Ambrosiana
1805 4496 2130 4549 bibliotheca

574 4602 840 4655 servatur,
874 4591 1153 4644 Emerieus
1183 4590 1425 4660 Bigotius
1449 4589 1894 4657 diligentissimus
1924 4585 2130 4641 Italica-

573 4699 694 4738 rum
727 4683 1176 4736 bibliothecarum
1214 4691 1604 4750 perscrutator,
1636 4695 1865 4750 eamque
1892 4681 2133 4734 clarissi-

573 4790 666 4830 mo
713 4772 927 4827 Valcsio
969 4773 1415 4838 communicavit,
1472 4773 1565 4843 qui
1611 4775 1665 4826 in
1713 4774 1861 4828 calce
1909 4787 2131 4828 suarum

569 4876 824 4925 notarum
854 4864 921 4918 ad
946 4862 1220 4918 Socratem
1244 4875 1297 4918 et
1327 4863 1687 4918 Sozomenum
1719 4864 2015 4934 fragmenta
2042 4863 2129 4916 illa

569 4959 756 5013 edidit.
797 4957 1092 5012 Contineut
1140 4966 1318 5010 autem
1377 4969 1488 5010 tum
1538 4966 1730 5011 cuncta
1766 4956 1856 5011 illa
1905 4970 2024 5026 quae
2064 4969 2132 5010 ex

570 5051 758 5101 eadem
807 5049 1170 5118 disputatione
1219 5049 1334 5102 suis
1380 5051 1612 5102 inseruit
1647 5049 1864 5118 scriptis
1895 5047 2131 5117 Epipha-

573 5140 717 5202 niu's,
772 5148 887 5193 tum
941 5140 1044 5193 alia
1095 5139 1348 5193 nonnulla
1405 5139 1473 5191 ab
1518 5140 1705 5192 eodem
1753 5138 1976 5204 omissa,
2011 5154 2132 5206 qua:

574 5240 754 5283 tmnen
805 5246 872 5285 ne
924 5231 1189 5285 decimam
1241 5231 1460 5300 quidem
1507 5231 1673 5284 totius
1705 5230 1887 5299 aperis
1921 5239 2128 5299 partem

571 5323 863 5390 complent.
897 5322 962 5376 Et
985 5325 1120 5378 tanti
1149 5323 1364 5394 quidem
1397 5325 1538 5394 apud
1570 5322 1837 5392 Bigotium
1868 5321 1970 5376 fuit
2005 5337 2130 5391 pars

574 5411 662 5464 illa
687 5413 1073 5480 disputationis
1101 5417 1372 5483 Archelai,
1405 5426 1463 5471 ut
1485 5431 1603 5470 eam
1636 5431 1757 5469 cum
1794 5414 2028 5468 Palladio
2053 5430 2131 5469 re-

572 5504 768 5556 cudere
793 5509 1126 5574 cogitaverit,
1161 5509 1406 5577 apposito
1436 5506 1622 5562 Graeco
1650 5505 1936 5576 Epiphanii
1958 5515 2126 5573 textu,

572 5607 633 5648 ut
681 5611 747 5648 ex
797 5600 1077 5668 utriusque
1125 5602 1566 5672 comparatione,
1623 5601 1856 5672 genuina
1904 5599 2125 5654 illorum

575 5683 999 5753 fragmentorum
1049 5689 1277 5748 lectione
1331 5692 1600 5762 restituta,
1655 5692 1835 5764 quivis
1878 5693 2128 5764 colligere

2233 4500 2592 4570 brevibusque
2616 4503 2762 4556 notis
2785 4503 2990 4556 criticis
3019 4503 3370 4566 illustratum,
3398 4509 3546 4566 atque
3567 4491 3640 4545 ubi
3661 4500 3727 4554 βπ

2232 4594 2507 4664 ingenium
2538 4603 2655 4648 tuto
2684 4595 2862 4660 licuit,
2896 4597 3272 4659 emendatam;
3311 4600 3439 4648 sunt
3463 4589 3592 4644 enim
3620 4583 3660 4635 in
3681 4594 3725 4631 eo

2232 4687 2417 4740 codice
2442 4686 2649 4761 librarii
2671 4687 2972 4756 sphalmata
2997 4687 3249 4756 plurima,
3281 4700 3404 4755 qua:
3427 4682 3538 4736 sine
3558 4672 3726 4730 alterius

2233 4777 2436 4832 codicis
2469 4792 2571 4847 ope
2607 4779 2896 4833 emendare
2937 4780 3306 4848 periculosum
3350 4782 3586 4832 conatum
3621 4777 3722 4823 esse.

2231 4870 2398 4938 probe
2431 4871 2611 4924 sciunt
2639 4871 2734 4939 qui
2764 4872 2820 4925 in
2860 4872 3086 4926 vetustis
3121 4872 3338 4940 scriptis
3374 4863 3583 4922 edendis
3608 4869 3724 4912 occu-

2230 4971 2448 5029 pantur.
2483 4960 2587 5015 Sed
2633 4961 2867 5017 fortasse
2908 4963 3013 5018 hoc
3045 4978 3199 5032 opus,
3247 4961 3358 5015 Deo
3389 4959 3560 5020 dante,
3587 4960 3721 5004 com'

2230 5053 2369 5107 ctius
2401 5053 2660 5108 reducere
2694 5053 2776 5110 fas
2819 5056 2921 5110 erit
2961 5072 3085 5110 cum
3122 5057 3240 5110 aliis
3273 5063 3506 5108 veterum
3546 5042 3744 5110 scripto"

2228 5158 2347 5196 rum
2372 5145 2629 5199 adversus
2654 5145 2976 5202 Manicharos
3004 5145 3463 5204 lucubrationibus
3484 5139 3544 5194 ad
3564 5136 3716 5191 calcem

2229 5244 2427 5290 nostra:
2478 5234 2888 5292 Manichworum
2939 5241 3199 5305 historice,
3255 5239 3302 5291 si
3357 5229 3556 5301 aliquod
3607 5217 3712 5277 ειιὶυά

2227 5325 2502 5395 exemplar
2540 5328 2680 5383 inter
2709 5329 3052 5385 lustrandum
3087 5329 3517 5386 bibliothecarum
3542 5324 3707 5372 nostra-

2228 5432 2348 5471 rum
2379 5418 2585 5475 loculos
2607 5433 2876 5485 occurrat,
2899 5423 3071 5476 autin
3102 5423 3220 5476 aliis
3249 5418 3464 5486 Europa
3483 5403 3702 5467 bibliolhe'

2228 5510 2306 5565 eis
2339 5519 2609 5581 repertum
2639 5514 2769 5568 mihi
2796 5515 3215 5574 communicare.
3238 5511 3466 5568 eruditos
3487 5503 3609 5557 viros
3622 5504 3698 5548 non

2227 5603 2426 5673 pigeat.

2296 5691 2433 5749 Xlll.
2473 5692 2736 5752 Caeterum
2780 5711 3033 5766 magnum
3076 5711 3141 5752 ex
3183 5691 3416 5751 Archelai
3437 5681 3581 5742 nostri
3605 5687 3690 5729 vero
