3966 6206
314 312 455 376 ltn

1825 310 2121 362 NU'I'ITIA.

3404 324 3537 377 “13

316 440 399 493 his
440 432 722 491 catholicae
770 431 889 487 ﬁdei
931 429 1237 501 praesidium
1286 435 1447 494 atque
1492 431 1871 478 ornamentum
1903 430 1947 486 Α
1978 426 2070 479 sed
2107 433 2373 481 testantur
2400 429 2561 484 etiam
2591 430 2927 503 Epiphanius
2956 435 3049 507 (e),
3088 434 3338 493 Socrates
3378 440 3455 509 (α)
3486 451 3539 496 et

312 530 541 589 accedit.
575 527 707 581 Nam
736 527 863 580 dum
888 519 1379 577 Manetishteresim
1403 517 1753 571 validissimis
1788 532 1875 570 ar-

313 621 585 695 gumentis
612 624 909 688 oppugnat,
945 615 1172 686 ejusque
1209 611 1472 681 originem
1502 618 1665 679 atque
1698 608 1875 663 incre-

312 725 495 772 menta
528 720 890 777 consectatur,
922 724 1028 763 non
1056 705 1217 761 modo
1238 718 1356 759 eam
1390 703 1635 759 funditus
1660 701 1876 755 subver-

311 811 399 875 tit,
432 816 486 862 et
526 820 689 876 quam
738 803 934 872 impios
978 799 1229 854 habuerit
1280 806 1569 860 auctores,
1602 794 1869 859 ostendit;

310 901 407 955 sed
440 908 492 953 et
527 897 781 965 pleraque
814 893 1215 947 Catholicorum
1247 890 1501 959 dogmata
1532 887 1765 942 illustrat
1791 896 1872 939 at-

308 1007 418 1062 que
448 987 750 1042 conﬁrmat.
788 984 1016 1055 Elegans
1042 991 1123 1037 est
1144 981 1282 1035 inter
1308 980 1413 1034 alia
1442 979 1593 1034 locus
1623 978 1687 1033 de
1717 978 1871 1030 insti-

308 1092 425 1137 tuta
451 1080 518 1134 ab
546 1076 825 1147 apostolis,
859 1089 1021 1144 quam
1058 1087 1229 1141 usque
1264 1086 1409 1125 nunc
1434 1084 1738 1131 servamus,
1768 1068 1870 1123 Ec-

306 1173 489 1227 clesiae
511 1168 835 1232 hierarchia,
861 1166 1007 1220 hisce
1028 1165 1209 1219 verbis
1234 1164 1287 1217 in
1308 1177 1428 1231 cap.
1454 1162 1514 1216 51
1542 1169 1861 1231 conceptus:

307 1259 413 1314 Sed
425 1268 475 1311 et
487 1259 712 1323 Optimus
729 1255 1041 1307 architectus
1052 1252 1163 1321 ejus
1195 1251 1595 1322 fundamentum
1607 1260 1865 1314 nostrum,

304 1350 362 1401 id
393 1354 490 1410 est,
522 1343 793 1407 Ecclesice,
826 1342 1026 1395 Paulus
1048 1342 1219 1411 posuit
1250 1352 1299 1396 et
1334 1342 1493 1411 legem
1518 1342 1755 1408 tradidit,
1787 1359 1866 1395 or-

302 1438 503 1492 dinatis
530 1436 806 1501 ministris,
830 1443 878 1487 et
908 1434 1244 1502 presbyteris,
1289 1442 1337 1486 et
1378 1434 1633 1502 episcopis
1676 1433 1727 1485 in
1762 1450 1865 1501 ea;

301 1525 599 1579 describens
644 1541 735 1594 per
781 1526 897 1577 loca
951 1525 1179 1592 singula,
1236 1523 1494 1593 quomodo
1543 1534 1591 1577 et
1640 1524 1865 1592 qualiter

302 1626 536 1684 oporteat
571 1616 839 1668 ministros
864 1613 984 1678 Dei,
1024 1614 1223 1683 quales,
1253 1625 1300 1666 et
1342 1614 1569 1683 qualiter
1598 1615 1716 1683 ﬁeri
1741 1632 1862 1684 pre-

299 1708 560 1776 sbyteros,
589 1703 866 1775 qualesque
897 1719 1005 1756 esse
1025 1702 1242 1755 debeant
1271 1703 1359 1771 qui
1387 1702 1739 1771 episcopatum
1772 1704 1862 1756 de-

298 1798 714 1864 siderant;qua:
743 1795 916 1847 omnia
960 1792 1083 1869 bene
1131 1792 1276 1845 nobis
1322 1802 1371 1845 et
1414 1801 1547 1845 recte
1583 1792 1860 1860 disposita,
1894 1784 1934 1838 Β

298 1902 462 1956 usque
494 1886 549 1938 in
577 1885 908 1947 hodiernum,
936 1892 1132 1937 statum
1159 1899 1311 1936 suum
1341 1883 1660 1949 custodiunt,
1681 1893 1728 1935 et
1752 1900 1863 1952 per-

302 1985 479 2032 manet
506 1974 645 2044 apud
677 1989 768 2027 nos
818 1972 974 2041 hujus
1023 1971 1214 2041 regula:
1262 1970 1562 2039 disciplina.
1595 1968 1862 2023 Palmaria

298 2082 517 2136 quoque
547 2074 675 2120 sunt
701 2066 754 2117 in
796 2064 944 2119 hisce
971 2064 1121 2118 Actis
1150 2063 1290 2125 loca,
1324 2063 1377 2116 in
1412 2061 1611 2133 quibus
1640 2061 1861 2114 humani

297 2158 512 2213 arbitrii
584 2158 802 2211 libertas
869 2155 1129 2210 adversus
1206 2155 1531 2209 recentiores
1584 2154 1862 2208 haereticos

296 2250 583 2316 astruitur,
617 2259 674 2304 ut
716 2250 895 2303 videre
922 2259 1005 2303 est
1028 2264 1148 2316 cap.
1186 2248 1253 2302 15
1285 2257 1338 2301 et
1372 2246 1459 2303 19.
1491 2245 1861 2300 Pulcherrima

296 2353 428 2397 sunt
450 2344 791 2412 maximeque
824 2342 1056 2395 notanda
1083 2332 1256 2397 verba
1274 2341 1363 2395 illa
1393 2356 1510 2410 cap.
1545 2339 1634 2403 5'2,
1665 2338 1753 2392 ubi
1781 2338 1861 2394 sic

294 2435 417 2490 ait:
453 2435 591 2489 Deus
621 2435 760 2488 enim
805 2435 983 2487 omnia
1026 2451 1141 2504 qua:
1180 2435 1324 2504 fecit,
1365 2432 1499 2486 bona
1537 2432 1685 2486 valde
1712 2431 1856 2500 fecit,

297 2525 451 2580 liberi
485 2527 693 2580 arbitrii
739 2542 948 2580 sensum
990 2527 1268 2596 unicuique
1300 2524 1466 2589 dedit,
1507 2515 1612 2595 qua
1656 2525 1858 2577 ratione

295 2620 455 2673 etiam
485 2619 643 2689 legem
663 2620 859 2688 judicii
892 2620 1084 2687 posuit.
1119 2618 1341 2672 Peccare
1371 2626 1607 2671 nostrum
1647 2626 1723 2669 est
1750 2633 1767 2669 :
1800 2627 1857 2670 ut

296 2721 469 2765 autem
511 2728 614 2765 non
658 2727 942 2780 peccemus,
976 2710 1073 2764 Dei
1102 2710 1297 2763 donum
1326 2721 1424 2776 est,
1455 2726 1518 2763 ea:
1547 2727 1605 2763 eo
1630 2714 1766 2779 quod
1803 2710 1857 2762 in

296 2812 476 2856 nostro
512 2804 582 2857 sit
612 2803 833 2857 arbitrio
866 2804 1203 2857 constitutum
1234 2819 1466 2872 peccare,
1504 2802 1580 2855 vel
1610 2818 1707 2855 non
1738 2819 1855 2871 pec-

294 2912 432 2959 care,
464 2909 565 2950 etc.
592 2894 661 2948 Et
684 2906 817 2950 certe
846 2898 932 2966 qui
956 2895 1232 2959 voluerint,
1260 2893 1530 2947 observant
1564 2893 1851 2957 mundata;

294 2989 386 3058 qui
412 3005 529 3042 vero
558 2990 953 3057 contempserint
980 2998 1028 3041 et
1057 2988 1425 3055 inperversum
1455 2985 1851 3053 declinaret-int,

1974 515 2204 572 Photius
2232 519 2302 589 (e)
2341 539 2355 574 :
2395 530 2453 575 ut
2484 534 2768 593 prapterea
2798 526 2920 595 jure
2958 538 3150 598 arguat
3192 530 3538 589 doctissimus

1973 607 2311 665 Assemanus
2338 612 2425 684 (f)
2461 617 2827 683 statuendum,
2861 619 2913 672 in
2959 622 3120 676 unico
3158 622 3416 679 Actorum
3464 624 3548 680 Ιο-

1974 714 2038 753 co
2065 700 2139 770 (g)
2172 701 2518 759 librariorum
2551 707 2730 776 potius
2761 724 2947 765 errore
2977 711 3234 768 Charram
3272 717 3540 786 scriptum

1972 790 2164 857 fuisse,
2199 810 2363 863 quam
2394 797 2811 854 existimandum
2844 803 3158 860 mendosam
3189 822 3309 863 esse
3348 809 3537 865 lectio-

1972 899 2095 939 nem
2128 886 2365 943 Caschar
2412 890 2567 945 initio
2610 894 2923 950 eorumdem
2971 895 3250 965 Actorum,
3293 911 3346 956 et
3393 906 3535 975 apud

1971 979 2135 1033 modo
2186 981 2433 1038 laudatos
2488 996 2806 1054 praestantes
2853 998 3122 1058 auctores,
3150 992 3533 1066 Epiphanium,

1974 1067 2255 1127 Socratem
2287 1081 2342 1129 et
2374 1073 2650 1131 Pbotium.
2681 1079 2858 1149 Atque
2888 1082 2999 1137 haec
3021 1084 3180 1153 plane
3212 1087 3423 1143 diversa
3450 1101 3536 1147 est

1969 1177 1999 1215 a
2020 1163 2245 1219 Charris
2274 1166 2387 1220 sive
2419 1165 2622 1236 Haran,
2658 1172 2950 1240 provincia:
2989 1171 3294 1233 Osrhoenes
3318 1180 3536 1239 civitate

1967 1253 2132 1307 altera
2184 1256 2329 1310 haud
2378 1260 2567 1326 procul
2594 1262 2661 1314 ab
2692 1260 2964 1331 Euphrate
2987 1267 3160 1335 posita
3191 1285 3205 1322 :
3241 1284 3340 1325 nec
3379 1273 3534 1343 longe

1966 1344 2116 1400 abest
2145 1345 2415 1419 Babylone
2440 1359 2492 1405 et
2528 1349 2793 1420 Seleucia,
2827 1371 2934 1409 non
2961 1355 3237 1415 Amidensi
3267 1370 3536 1433 nu‘tropoo

1965 1435 2072 1490 lita:
2117 1438 2379 1507 subjecta,
2434 1441 2527 1496 sed
2581 1445 2826 1510 proxime
2878 1446 3206 1506 Seleuciensi
3233 1456 3527 1524 catholico,

1964 1538 2024 1582 ut
2052 1539 2263 1584 constat
2306 1548 2369 1587 ex
2418 1533 2720 1607 Pontiticali
2750 1536 3126 1596 Chaldaeorum
3178 1547 3320 1614 apud
3363 1546 3531 1601 Mori--

1964 1636 2091 1673 num
2129 1621 2203 1693 (h)
2251 1634 2304 1677 et
2334 1625 2694 1682 Assemanum
2728 1630 2826 1697 (i);
2856 1632 2944 1686 ubi
2970 1633 3209 1702 jubetur,
3251 1647 3309 1690 ut
3350 1642 3530 1693 statim

1964 1713 2027 1765 ab
2062 1714 2208 1767 obitu
2246 1718 2514 1785 catholici,
2569 1723 2816 1776 mittatur
2850 1727 2918 1777 ad
2950 1727 3245 1799 episcopum
3274 1730 3526 1799 Caschar,

1965 1805 2010 1858 si
2050 1805 2103 1858 in
2136 1808 2262 1860 vivis
2294 1819 2369 1861 est
2390 1850 2404 1873 ,
2456 1820 2633 1880 utpote
2677 1814 2961 1884 principem
2996 1820 3366 1888 primariumve
3393 1840 3530 1892 prce-

1965 1897 2131 1951 sulem
2159 1900 2535 1967 patriarchalis
2565 1905 2865 1971 provinciae,
2895 1909 2983 1976 qui
3008 1908 3275 1963 dexteram
3294 1917 3531 1982 patriar-

1965 1986 2076 2041 clue
2100 1997 2255 2055 tenet,
2286 2002 2561 2062 custosque
2595 1994 2738 2049 illius
2772 1998 2907 2050 sedis
2941 2009 3151 2067 estpast
3172 2004 3286 2071 ejus
3306 2005 3524 2062 obitum.

1964 2075 2120 2142 Quod
2170 2081 2424 2135 nimirum
2476 2084 2874 2154 accipiendum,
2922 2104 2987 2142 ex
3020 2105 3129 2160 quo
3159 2093 3397 2150 Carchar
3426 2100 3527 2155 sub

1966 2168 2172 2241 Sapore
2205 2189 2329 2245 rege
2378 2176 2431 2229 in
2479 2175 2767 2234 Persarum
2801 2192 3119 2251 potestatem
3152 2188 3317 2243 venit.
3349 2188 3528 2246 Probo

1963 2265 2107 2354 enim
2133 2265 2427 2335 imperante
2451 2270 2711 2329 Romana:
2735 2276 2959 2332 ditionis
2991 2291 3128 2346 erat,
3153 2297 3262 2352 quo
3283 2292 3525 2354 tempore

1962 2353 2149 2412 Manes
2177 2373 2207 2413 e
2237 2357 2477 2418 Persidis
2513 2364 2713 2421 ﬁnibus
2744 2365 2976 2439 fugiens,
3035 2373 3088 2425 in
3124 2353 3521 2434 Cascharorum

1960 2463 2100 2519 pago
2121 2464 2281 2520 quem
2305 2451 2648 2511 Diodoridem
2681 2462 3019 2530 appellabant
3042 2464 3141 2534 (j),
3168 2482 3521 2536 congressum

1962 2538 2111 2593 illum
2135 2541 2201 2596 de
2220 2543 2479 2615 religione
2511 2548 2700 2604 habuit
2727 2567 2851 2606 cum
2888 2555 3172 2611 Archelao.
3206 2556 3331 2615 Haec
3354 2561 3523 2618 ferme

1960 2622 2313 2695 Lequienius.

2030 2713 2200 2773 Porro
2229 2721 2473 2777 eamdem
2505 2729 2823 2782 sententiam
2850 2732 2914 2785 de
2938 2732 3296 2794 Cascharensi
3318 2741 3519 2798 Arche-

1958 2804 2027 2902 lai
2059 2809 2194 2902 sede
2216 2810 2459 2902 pluribus
2493 2831 2664 2886 nuper
2710 2823 3082 2891 comprobavit
3133 2843 3183 2880 ν.
3224 2832 3298 2885 cl.
3333 2831 3523 2902 Augu-

1958 2895 2133 2951 stinus
2167 2897 2435 2957 Antonius
2465 2903 2726 2977 Georgius
2748 2912 2971 2966 eremita
3007 2895 3518 2986 Augustinianus'in

1961 2990 2235 3052 prmstanti
2267 3007 2429 3061 opere
2447 2996 2587 3064 quod
2617 3000 2960 3068 Alphabetum
2992 3003 3297 3063 Tibetauum
3331 3010 3543 3069 inscri~

294 3080 406 3133 sine
426 3078 584 3132 dubio
610 3080 771 3147 legem
800 3080 994 3147 judicii
1029 3080 1214 3147 ferent.
1242 3077 1606 3131 Romanarum
1638 3093 1854 3147 quoque
1882 3116 1924 3175 ο
1961 3078 2095 3147 psit;
2129 3082 2219 3135 u-bi
2243 3086 2427 3153 etiam,
2458 3089 2600 3156 quod
2634 3092 2710 3144 rei
2746 3102 2908 3163 caput
2946 3106 3048 3162 est,
3080 3099 3341 3156 Actorum
3372 3103 3519 3172 ejus-

293 3170 675 3240 antiquitatum
732 3172 956 3225 studiosi
1016 3171 1168 3239 plura
1224 3171 1277 3222 in
1333 3168 1438 3223 hoc
1492 3185 1654 3239 opere
1707 3171 1858 3225 inve-

290 3266 446 3321 nient
490 3267 626 3320 scitu
668 3266 811 3320 hand
855 3266 1092 3335 indigna,
1148 3281 1376 3334 quorum
1406 3264 1659 3335 pleraque
1692 3280 1855 3334 supe-

288 3359 407 3413 rius
433 3359 974 3414 commemoravimus
1013 3358 1126 3422 ubi,
1156 3360 1221 3411 de
1262 3358 1501 3427 ejusdem
1547 3359 1856 3414 sinceritate

290 3452 661 3505 tractavimus.
725 3451 961 3520 Denique
1018 3451 1145 3504 hinc
1193 3450 1354 3503 etiam
1410 3450 1621 3504 discere
1661 3467 1854 3519 possu-

288 3557 412 3596 mus
445 3558 730 3611 quousque
778 3541 1009 3595 Romani
1046 3541 1255 3610 imperii
1292 3541 1491 3597 limites
1527 3541 1849 3597 Parthorum

287 3649 381 3688 Seu
412 3633 701 3687 Persarum
750 3633 1008 3687 ditionem
1050 3648 1237 3688 versus
1266 3644 1393 3689 tunc
1438 3634 1695 3703 temporis
1726 3649 1851 3703 pro-

285 3726 664 3790 tenderentur;
688 3725 901 3794 aliaque
930 3725 1184 3779 nonnulla
1209 3725 1273 3779 de
1297 3726 1431 3780 locis
1460 3724 1512 3778 in
1536 3726 1847 3779 earumdem

284 3817 571 3871 collimitio
592 3817 731 3882 sitis,
760 3817 933 3886 deque
965 3815 1333 3871 Romanorum
1365 3818 1595 3871 militum
1622 3833 1847 3872 numero

282 3911 375 3981 qui
409 3911 551 3980 apud
582 3910 783 3965 Carras
813 3920 989 3965 castra
1024 3910 1311 3964 servabant
1344 3931 1356 3965 :
1387 3910 1559 3965 dehis
1592 3910 1735 3964 enim
1761 3925 1847 3965 re-

283 4003 386 4057 bus
415 4002 647 4072 sparsim
681 4003 858 4072 agitur
892 4003 945 4056 in
970 4002 1159 4072 primis
1187 4003 1427 4073 quinque
1455 4003 1723 4074 capitibus
1751 4003 1849 4056 hu-

276 4093 370 4163 jus
398 4094 597 4162 operis,
634 4109 699 4148 ac
740 4103 996 4163 praeterea
1035 4094 1087 4147 in
1116 4094 1356 4164 ejusdem
1390 4110 1541 4164 capp.
1584 4094 1673 4157 52,
1705 4094 1772 4148 51
1792 4103 1846 4149 et

280 4183 370 4237 55.
402 4183 566 4237 Plura
602 4184 796 4238 eruditi
826 4187 965 4238 inter
987 4184 1268 4254 legendum
1293 4185 1677 4239 observabuut.
1706 4183 1843 4239 Hac-

280 4282 440 4328 tenus
469 4272 772 4344 Zacagnius
797 4290 849 4328 v.
879 4271 950 4332 el.

348 4366 487 4422 XIV.
527 4366 605 4422 Ne
634 4382 812 4424 autem
844 4369 1056 4423 muneri
1086 4376 1270 4424 nostro
1292 4368 1483 4424 deesse
1507 4368 1729 4423 omnino
1759 4369 1838 4423 vi-

1959 3169 2081 3224 dem
2131 3174 2379 3229 Archelai
2428 3179 2792 3237 sinceritatem
2839 3186 3099 3242 adversus
3128 3169 3517 3247 Beausobrium

1957 3262 2257 3319 luculenter
2310 3269 2490 3335 evicit,
2541 3288 2695 3327 suam
2748 3276 2830 3331 his
2878 3279 3057 3334 verbis
3101 3280 3515 3351 disputationem

1956 3356 2287 3414 concludens
2313 3360 2385 3430 (Is)
2421 3379 2433 3415 :
2466 3362 2751 3420 Teneamus
2775 3366 3017 3425 Caschar
3050 3373 3104 3425 in
3133 3372 3517 3445 Mesopotamia

1954 3447 2206 3519 Kalltaja:
2233 3469 2251 3505 :
2277 3465 2326 3507 et
2370 3472 2486 3510 ecce
2524 3460 2808 3527 vinculum,
2834 3464 2961 3517 dum
2991 3467 3132 3522 data:
3168 3470 3291 3537 ﬁdei
3324 3488 3517 3526 memor

1951 3554 2060 3593 esse
2095 3541 2215 3596 velit
2269 3543 2645 3615 Beausobrius,
2698 3568 2802 3621 quo
2854 3566 2995 3610 arcte
3040 3563 3419 3632 constringitur
3445 3566 3515 3619 ad

1949 3630 2084 3684 Acta
2108 3636 2277 3687 sancti
2299 3638 2526 3708 episcopi
2559 3642 2801 3696 Archelai
2832 3654 3079 3717 tanquam
3101 3630 3334 3718 pretiosa
3360 3655 3513 3710 Chri-

1948 3725 2133 3778 stiana:
2184 3729 2517 3798 antiquitatis
2563 3747 2894 3791 monumenta
2942 3741 3341 3809 amplectenda;
3395 3764 3510 3816 gnte

1950 3825 2121 3869 tamen
2145 3819 2305 3885 paulo
2333 3832 2453 3875 ante
2486 3822 2773 3881 lacerabat.
2811 3828 3079 3885 Nimirum
3108 3834 3174 3887 ad
3200 3849 3261 3888 ea
3292 3830 3523 3907 respicit'

1947 3914 2152 3998 auctor,
2171 3926 2292 3979 qua:
2314 3911 2473 3968 habet
2490 3913 2853 3975 Beausobrius
2879 3921 2932 3975 in
2955 3921 3067 3978 hac
3086 3926 3248 3980 verba
3278 3926 3341 3998 (ι)
3363 3947 3376 3981 :
3396 3927 3431 3982 J
3438 3930 3509 3984 ‘ai

1946 3996 2062 4050 bien
2094 4004 2288 4067 prouvé
2309 4019 2408 4072 que
2441 4003 2494 4058 la
2533 4006 2738 4076 dispute
2767 4010 2855 4062 u’a
2887 4012 3033 4080 point
3068 4016 3149 4068 eté
3172 4032 3235 4069 en
3272 3996 3510 4086 Mesopo-

1947 4092 2127 4147 tamie.
2162 4095 2300 4148 Mais
2332 4097 2379 4151 si
2416 4115 2546 4151 nous
2586 4099 2640 4153 la
2668 4101 2882 4170 plaeons
2913 4104 3045 4159 dans
3075 4108 3122 4160 le
3155 4106 3505 4179 Turquestan,

1941 4181 2041 4235 elle
2076 4200 2272 4252 pourra
2309 4204 2363 4241 se
2402 4192 2654 4246 soutenir.
2680 4191 2817 4249 C‘est
2850 4194 2902 4248 Ιὰ
2940 4213 3038 4265 que
3063 4197 3434 4272 l’herésiarque
3453 4220 3509 4258 se

1942 4277 2118 4341 retire,
2145 4279 2287 4333 selon
2322 4281 2395 4335 les
2432 4282 2761 4350 Orientaux,‘
2805 4288 2931 4357 qu‘il
2952 4305 2985 4357 y
3014 4307 3045 4342 a
3075 4306 3174 4344 une
3197 4290 3396 4347 Cascar
3415 4296 3505 4365 qui

1941 4368 2069 4423 n’est
2096 4372 2242 4439 point
2267 4376 2494 4428 soumise
2524 4392 2630 4429 uua:
2662 4377 2869 4443 Perses,
2908 4392 2956 4434 et
2987 4384 3053 4435 ou
3082 4383 3121 4435 il
3145 4400 3340 4452 pourra
3359 4386 3501 4454 plai-

278 4458 528 4526 deamur,
562 4459 629 4514 iis
660 4458 1093 4531 quaaZacagnius
1126 4460 1231 4514 huc
1264 4475 1433 4529 usque
1455 4460 1587 4517 satis
1615 4460 1840 4547 diligen-
1870 4460 1914 4515 D
1942 4461 2035 4514 der
2062 4479 2121 4515 sa
2154 4480 2310 4518 cause
2346 4481 2408 4519 en
2445 4476 2583 4521 toute
2620 4470 2812 4525 sureté.
2856 4471 2987 4528 C‘est
3031 4475 3082 4528 [ὰ
3119 4477 3247 4545 qu’il
3284 4494 3315 4547 y
3353 4496 3384 4530 a
3412 4481 3501 4533 des

276 4560 359 4607 ter
389 4552 699 4618 edisseruit,
729 4551 925 4606 addere
968 4552 1223 4607 nonnulla
1252 4564 1617 4623 opportunum
1646 4536 1836 4607 exisii-

274 4659 510 4699 mamus.
558 4643 624 4697 Et
671 4645 904 4713 primum
952 4644 1168 4713 quidem
1230 4648 1297 4699 ad
1344 4645 1526 4699 sedem
1588 4645 1838 4700 Archelai

271 4735 634 4806 episcopalem
663 4735 808 4805 quod
839 4735 1048 4801 attinet,
1098 4735 1153 4789 in
1177 4736 1337 4789 aliam
1369 4751 1400 4789 a
1433 4734 1684 4805 Zacagnii
1712 4752 1836 4792 sen-

271 4828 439 4883 tentia
472 4842 594 4883 cum
628 4826 922 4897 Lequienio
954 4842 1007 4880 v.
1037 4829 1104 4882 cl.
1137 4828 1288 4881 abire
1318 4827 1446 4882 libet
1467 4829 1564 4899 (a).
1600 4828 1836 4885 Cascha-

272 4934 458 4973 rorum
499 4919 665 4986 enim,
713 4935 818 4974 non
864 4918 1215 4986 Charrarum,
1267 4919 1522 4975 Ecclesiae
1554 4922 1834 4990 praefuisse

270 5011 616 5077 Archelaum,
670 5027 776 5066 non
824 5012 997 5066 solum
1047 5012 1241 5067 docent
1282 5013 1415 5067 Acta
1446 5014 1831 5083 disputationis

268 5119 433 5173 quam
484 5113 705 5159 sanctus
751 5104 840 5159 ille
885 5106 1079 5175 praesul
1110 5106 1297 5160 habuit
1321 5122 1441 5161 ctun
1479 5105 1690 5161 Manete
1720 5108 1828 5177 (b);

338 5304 415 5444 Ea)
449 5304 543 5360 0r.
574 5305 723 5371 σιω,
756 5314 890 5360 tom.
923 5306 986 5371 ll,
1023 5323 1178 5379 pagg.
1214 5307 1351 5363 1002
1377 5318 1430 5363 et
1452 5307 1608 5364 1165.

362 5375 412 5443 b)
446 5377 588 5440 Act.,
622 5392 739 5444 cap.
781 5378 827 5431 Ι.

338 5375 412 5444 (b)
446 5377 588 5440 Act.,
622 5392 739 5445 cap.
781 5378 827 5431 1.
1024 5375 1040 5378 ’
1097 5375 1152 5379 ’⁷

338 5445 408 5515 (c)
446 5445 583 5500 Hasr.
621 5463 765 5511 LXVI,
798 5464 947 5503 num.
977 5450 1011 5504 5
1037 5458 1090 5502 et
1114 5448 1163 5502 7.

338 5516 413 5555 II“
454 5515 588 5555 nisi,
620 5517 724 5555 orn,
780 5518 851 5555 ΙίΙὶ
905 5536 917 5555 l
974 5535 1071 5555 nan
1119 5519 1187 5555 9⁵)

358 5516 413 5584 d)
447 5515 592 5568 Hist.
620 5517 744 5570 eccl.
778 5518 871 5572 lib.
905 5536 941 5581 I,
974 5535 1090 5587 cap.
1119 5519 1208 5572 9.2.

335 5519 383 5654 be
442 5585 559 5639 Lib.
591 5602 607 5638 ι
642 5589 761 5642 adv.
799 5587 1030 5641 Manich.

335 5587 409 5723 (1))
440 5656 579 5708 Bibl.
615 5658 801 5709 orient.
838 5668 963 5712 tom.
1002 5657 1043 5719 Ι,
1077 5673 1129 5723 p.
1163 5657 1208 5711 55

333 5656 409 5731 (Γ)
440 5656 579 5731 Bibl.
615 5658 801 5731 orient_.
838 5668 963 5712 tom.
1002 5657 1043 5719 Ι,
1077 5673 1129 5726 p.
1163 5657 1286 5711 555.

332 5728 405 5795 (g)
436 5727 579 5789 Act.,
611 5742 729 5795 cap.
766 5728 818 5780 5.

536 5819 808 5881 Ρλτιιοιι.
833 5819 945 5878 Gn.
982 5821 1063 5882 Χ.

1940 4553 2230 4619 Chrétiens,
2275 4558 2363 4611 des
2398 4559 2627 4628 évéques,
2668 4562 2756 4630 qui
2801 4579 2863 4616 ne
2899 4576 3112 4632 peuvent
3153 4584 3402 4637 manquer
3438 4571 3501 4623 de

1936 4648 2143 4702 s‘élever
2163 4661 2338 4705 contra
2361 4668 2428 4705 un
2455 4653 2736 4723 hérétique,
2757 4658 2846 4725 qui
2868 4657 3068 4712 detruit
3086 4659 3160 4713 les
3185 4663 3499 4730 principaux

1935 4740 2146 4795 articles
2184 4742 2247 4795 de
2286 4743 2341 4794 la
2388 4744 2462 4812 [οἱ
2510 4744 2918 4804 chrétienne.....
2974 4749 3039 4803 Je
3076 4752 3160 4820 n‘y
3207 4752 3350 4805 avais
3402 4770 3497 4821 pas

1933 4836 2105 4901 pensé.
2131 4832 2185 4887 Il
2219 4835 2334 4904 [aut
2372 4836 2590 4889 rétablir
2623 4848 2753 4892 cette
2778 4841 2984 4910 dispute
3012 4859 3109 4912 que
3138 4844 3241 4912 j’ai
3274 4853 3384 4896 tant
3409 4856 3497 4897 at—

1934 4932 2132 4996 taquée.
2170 4928 2221 4982 Il
2254 4930 2340 4999 n‘g
2381 4950 2412 4984 α
2442 4933 2561 5001 qu‘a
2589 4932 2644 4985 la
2682 4930 2797 4985 bien
2828 4932 3115 5001 placer.....
3149 4934 3393 4989 Donnons
3424 4952 3496 4990 au

1930 5016 2123 5072 lecteur
2144 5020 2487 5089 l‘édi/ication
2512 5023 2576 5076 de
2600 5024 2711 5076 voir
2734 5026 2922 5094 qu'une
2942 5026 3156 5077 Itistoirc
3177 5025 3223 5077 si
3248 5027 3497 5080 ancienne

1930 5120 2004 5163 est
2027 5112 2274 5166 ve’ritable
2316 5116 2446 5167 dans
2492 5116 2539 5169 le
2590 5117 2735 5186 fond.
2792 5115 3058 5170 Caeterum
3100 5132 3166 5170 eo
3202 5118 3319 5186 ipso
3347 5133 3491 5173 anno

2000 5306 2075 5375 (Ii)
2108 5307 2183 5361 De
2207 5325 2345 5363 saer.
2379 5311 2550 5364 ordin.

1997 5384 2011 5437 (
2036 5382 2085 5445 ί)
2113 5378 2241 5435 Loc.
2270 5381 2363 5438 cit.

1997 5449 2083 5515 (ἱ)
2116 5450 2258 5515 Act.,
2294 5465 2412 5515 cap.
2441 5450 2529 5504 59.

1994 5517 2068 5590 (lc)
2107 5517 2329 5590 Alphab.
2360 5517 2553 5590 7_’i_bet.,
2582 5536 2701 5590 pag.
2728 5520 2832 5575 563
2858 5520 2985 5577 edit.
3017 5521 3175 5578 Rom.
3207 5525 3366 5588 1762.
3392 5528 3446 5583 4.

1924 5586 2056 5710 19(ΙΙ.)
2083 5585 2242 5710 ligas}.
2270 5590 2333 5643 de
2377 5588 2560 5642 Manes
2585 5585 2678 5643 'et'
2709 5591 2779 5644 du
2811 5591 3068 5661 Manich.,
3099 5605 3209 5649 tom
3258 5597 3297 5664 I,
3325 5585 3484 5669 pagg.

3092 5803 3168 5890 δὲ
