3966 6206
563 277 705 339 ".49

561 410 674 465 quo
712 391 891 464 prodit
913 389 1256 460 Alphabefum
1291 385 1621 452 Tibetanum,
1665 387 1747 440 vir
1779 387 1914 440 alter
1948 384 2129 439 crudi-

562 486 812 541 tissimus
860 480 1171 536 eorumdem
1225 478 1483 532 Actorum
1532 476 1894 547 integritatem
1940 484 2126 531 contra

564 575 846 649 praefatum
892 570 1279 627 Bcausobrium
1326 577 1546 623 strenue
1581 582 1950 639 propugnassc
1978 582 2129 621 com-

564 666 772 737 peritur
798 664 895 729 (a).

635 754 750 809 XV.
794 753 926 808 Illud
974 759 1232 821 prteterea
1275 765 1396 803 cum
1438 747 1557 803 viro
1592 747 1754 802 docto
1783 748 2126 800 animadver-

566 857 685 902 tere
717 848 959 907 interest,
995 843 1021 913 §
1051 844 1084 896 ὖ
1118 842 1263 897 illius
1308 840 1595 909 fragmenti
1632 840 1888 894 Actorum
1942 840 2130 908 dispu~

568 939 794 993 talionis
830 934 1099 997 Archelai,
1146 933 1289 1002 quod
1322 948 1386 987 ex
1430 930 1615 1001 Cyrilli
1655 928 2128 1001 Hierosolymitani

567 1026 835 1082 catechesi
881 1041 933 1078 vr
984 1025 1328 1091 desumptum
1385 1021 1574 1075 iisdem
1631 1020 1775 1075 Actis
1821 1021 2128 1089 subjicitur,

568 1117 1058 1188 Hierosolymitano
1086 1116 1268 1185 potius
1301 1113 1555 1183 episcopo
1582 1126 1744 1182 quam
1771 1110 2129 1167 Cascharensi

566 1228 688 1266 esse
719 1210 950 1265 fortasse
981 1208 1348 1263 tribuendum.
1377 1205 1467 1260 Sic
1491 1205 1635 1259 enim
1661 1206 1747 1260 'rlle
1773 1205 1845 1273 tb)
1877 1223 1890 1258 :
1922 1223 1940 1256 ι
1978 1202 2134 1259 Tam-

567 1303 669 1356 etsi
717 1304 853 1365 hrec,
898 1301 1093 1370 inquit,
1138 1300 1205 1354 ab
1250 1299 1406 1353 initio
1448 1297 1768 1368 paragraphi
1801 1297 1835 1350 5
1861 1310 2033 1365 usque
2065 1297 2132 1349 ad

568 1395 753 1456 tinem,
778 1393 1024 1447 Archelai
1050 1391 1228 1447 verbis
1252 1390 1484 1462 Cyrillus
1504 1389 1684 1443 dicere
1705 1388 1979 1453 videatur;
2006 1402 2128 1442 cum

569 1485 641 1539 ibi
696 1484 948 1553 subjiciat
990 1501 1003 1531 :
1050 1483 1368 1554 llujusmodi
1414 1481 1636 1552 aliisque
1686 1479 1923 1550 pluribus
1975 1480 2131 1534 dictis

566 1578 893 1632 evertebatur
922 1576 1122 1629 draco:
1157 1574 1351 1628 talibus
1395 1573 1681 1626 Archelaus
1713 1572 1921 1627 Manent
1951 1571 2134 1641 conﬂi-

567 1666 886 1721 ctationibus
924 1664 1319 1735 prosternebat;
1358 1664 1501 1719 unde
1537 1662 1839 1733 Zacagnius
1876 1662 1991 1717 haec
2015 1677 2134 1716 om-

567 1760 658 1815 nia
688 1760 757 1815 ad
790 1760 994 1815 calcem
1023 1757 1409 1829 disputationis
1438 1757 1686 1811 Archelai
1723 1766 1978 1827 tanquam
2008 1770 2134 1826 par-

569 1859 678 1905 tem
706 1851 826 1919 ejus
850 1865 1032 1904 veram
1060 1849 1306 1918 appinsit
1337 1866 1350 1902 :
1385 1848 1740 1902 nihilominus
1780 1848 1835 1901 in
1880 1848 1982 1902 hoc
2015 1848 2134 1902 loco

567 1943 816 1997 Archelai
847 1941 1009 1996 verba
1043 1940 1315 2004 desinere,
1348 1947 1398 1992 et
1430 1947 1642 1999 caetera,
1695 1937 1764 1990 ab
1795 1937 1878 1993 his
1909 1936 2089 1991 verbis
2116 1955 2129 1991 :

569 2032 629 2090 Si
660 2043 855 2096 autem,
880 2041 1008 2095 etc.,
1035 2047 1208 2101 usque
1240 2031 1307 2085 ad
1340 2030 1523 2093 tinem,
1558 2044 1587 2082 a
1617 2027 1820 2098 Cyrillo
1846 2035 2134 2098 parenthe-

568 2127 646 2183 sis
694 2126 833 2187 vice,
887 2123 1139 2179 Archelai
1197 2122 1499 2177 rationibus
1556 2122 1764 2191 adjecta
1823 2134 2129 2176 censemus.

569 2218 772 2276 Saltem
816 2216 1053 2271 dubitari
1092 2231 1199 2271 non
1242 2221 1421 2284 potest
1470 2214 1600 2284 quin
1658 2213 1817 2270 verba
1857 2212 2028 2266 ταῦτα
2069 2212 2135 2265 τὰ

567 2309 842 2384 μυστήρια
872 2308 1101 2363 inferius
1130 2305 1524 2377 posita,Cyrilli
1557 2305 1688 2372 sint,
1724 2321 1831 2360 non
1862 2304 2131 2372 Archelai,

568 2402 782 2455 duabus
834 2398 1138 2454 rationibus
1184 2414 1306 2469 qua:
1354 2413 1514 2454 omne
1563 2406 1824 2468 punctum
1880 2396 2131 2451 aﬂ‘erunt.

570 2494 633 2548 1ο
667 2493 811 2548 enim
844 2492 938 2555 ait,
970 2492 1229 2563 mysteria
1256 2506 1378 2561 qua:
1403 2506 1549 2545 nunc
1569 2489 1813 2544 audienti
1836 2504 1865 2543 a
1888 2490 2137 2544 catechu-

569 2599 855 2641 menorum
896 2592 1044 2639 sorte
1086 2598 1307 2653 egresso
1355 2583 1592 2654 exponit,
1624 2582 1828 2636 licitum
1865 2596 1970 2636 non
2016 2595 2136 2637 esse

570 2676 866 2748 gentilibus
897 2674 1144 2745 aperire;
1179 2683 1342 2746 atque
1376 2675 1433 2730 in
1468 2675 1555 2729 his
1587 2674 1861 2746 mysteriis
1889 2672 2136 2728 nominat

568 2768 925 2825 sanctiSSimae
955 2767 1237 2822 Trinitatis
1262 2767 1588 2823 doctrinam.
1620 2767 1783 2837 Atqui
1815 2776 1874 2821 ut
1905 2768 2016 2820 haec
2041 2780 2136 2835 ap-

572 2859 747 2929 prime
771 2859 1104 2916 conveniunt
1130 2858 1316 2929 Cyrilli
1343 2857 1704 2924 auditoribus,
1734 2873 1765 2912 e
1794 2859 2136 2913 catechume-

540 2968 764 3007 -norum
793 2961 935 3007 statu
966 2952 1018 3005 in
1047 2951 1286 3005 ﬁdelium
1325 2965 1522 3005 nomen
1554 2966 1617 3006 ac
1644 2950 1867 3021 gradum
1900 2949 2134 3004 transla-

566 3044 669 3111 tis,
707 3043 917 3097 catech.
962 3057 1015 3105 v,
1065 3041 1181 3113 5!,
1231 3042 1430 3112 quibus
1481 3042 1795 3113 mysterium
1853 3040 2133 3096 Trinitatis

567 3135 784 3191 catech.
835 3151 887 3188 tv
930 3134 1246 3203 planissime
1299 3147 1620 3206 aperuerat;
1672 3137 1745 3190 ita
1786 3151 1892 3189 non
1935 3150 2133 3190 come-

568 3227 729 3279 niunt
760 3224 979 3288 Maueti,
1018 3225 1340 3295 qui,L‘yrillo
1380 3234 1512 3280 teste
1542 3227 1749 3281 catceh.
1777 3242 1851 3289 vt,
1888 3225 1914 3295 ᾗ
1947 3226 2134 3297 2i,ne-

571 3333 678 3386 que
696 3316 1040 3370 Christianus
1064 3330 1325 3382 unquam,
1350 3332 1523 3385 neque
1544 3318 1613 3371 ab
1639 3317 1870 3372 Ecclesia
1900 3317 2134 3387 rejectus

573 3408 767 3473 fuerat,
806 3406 1004 3461 nedum
1040 3407 1461 3462 catechumcnus
1492 3417 1586 3462 aut
1614 3409 2132 3463 eatechumenorum

572 3497 797 3567 gradum
849 3511 1253 3566 supergressus,
1302 3507 1468 3568 atque
1497 3498 1570 3552 ita
1597 3497 1849 3553 Ecclesiae
1878 3500 2021 3554 illius
2056 3500 2136 3554 fa-

571 3599 696 3646 ctus
724 3596 887 3655 esset,
918 3588 1261 3655 Procatech.,
1297 3590 1323 3662 §
1356 3591 1441 3644 15.
1471 3588 1604 3644 Nam
1634 3591 2051 3649 catechumenos
2078 3608 2137 3648 re

573 3698 700 3738 vera
727 3683 796 3737 ab
820 3680 1059 3737 Ecclesia
1091 3681 1240 3751 rejici
1274 3683 1469 3752 probat
1497 3682 1737 3750 Lucifer,
1768 3686 1861 3756 qui
1908 3688 1960 3740 in
1997 3687 2135 3741 libro

573 3776 652 3831 De
682 3792 787 3831 non
806 3776 1175 3841 conveniendo,
1201 3786 1329 3844 etc.,
1352 3776 1731 3833 Constantium
1758 3779 2133 3848 imperatorem

572 3880 730 3927 vocat
771 3872 1029 3926 hominem
1059 3874 1293 3927 excisum
1328 3891 1355 3928 e
1392 3891 1607 3945 corpore
1633 3888 1830 3931 sancta:
1866 3877 2133 3935 [ζει-[θείω.

650 3981 670 4015 ι
695 3962 785 4016 Ait
810 3962 886 4025 2°,
916 3979 1036 4033 quae
1058 3980 1202 4020 nunc
1231 3967 1487 4036 mysteria
1516 3968 1633 4022 sine
1658 3968 1954 4024 involucris
1977 3987 2139 4041 expc.

572 4054 673 4120 nit,
704 4053 856 4108 nefas
883 4069 1007 4109 esse
1033 4068 1216 4109 coram
1259 4056 1549 4123 gentilibus
1594 4059 1861 4129 proloqui.
1893 4061 2053 4130 Atqui
2083 4062 2137 4116 in

574 4144 854 4214 gentilium
907 4144 1181 4198 auditorio
1233 4143 1555 4212 loquebatur
1606 4147 1927 4211 Archelaus,
1982 4157 2041 4202 ut
2071 4163 2137 4203 ex

573 4235 652 4306 §i
688 4235 972 4306 fragmenti
1019 4234 1300 4307 Cyrilliani
1344 4236 1635 4307 colligitur.
1678 4238 1757 4293 Illi
1791 4239 1954 4310 igitur
1987 4240 2139 4294 aliin-

575 4336 729 4398 ge‘.ur
750 4327 1130 4382 contradicens
1151 4328 1345 4392 oratio,
1371 4343 1477 4398 qua
1503 4339 1656 4400 neget
1685 4346 1743 4385 se
1763 4347 1945 4386 coram
1968 4333 2141 4387 ethnt-

575 4420 655 4475 cis
678 4420 844 4491 loqui,
870 4435 1009 4490 quos
1042 4431 1223 4475 tamen
1249 4419 1883 4492 disceptationisjudices
1910 4424 2135 4490 habeat;

576 4511 913 4580 allirmetque
962 4526 1019 4565 se
1061 4526 1123 4565 ea
1178 4512 1433 4583 mysteria
1485 4514 1775 4583 explicare,
1831 4514 1898 4570 de
1943 4516 2142 4585 quibus

572 4603 806 4673 quaestio
846 4602 994 4657 nulla
1039 4613 1176 4658 erat.
1209 4603 1344 4659 Cum
1393 4604 1577 4674 itaque
1612 4606 1798 4672 verba,
1849 4606 2022 4661 ταῦτα
2072 4607 2140 4661 τὰ

578 4695 874 4767 μυστήρια,
903 4694 1203 4750 certissime
1237 4699 1347 4750 sint
1378 4697 1584 4769 Cyrilli,
1617 4715 1791 4769 eaque
1823 4716 1945 4755 cum
1977 4717 2138 4771 supe-

578 4788 817 4842 rioribus
860 4787 1165 4841 necessaria
1216 4793 1554 4845 connexione
1594 4792 2004 4854 devinciantur;
2048 4808 2142 4849 ne-

575 4878 820 4935 cessario
847 4878 1188 4949 parenthesis
1220 4878 1433 4933 initium
1467 4883 1519 4934 in
1556 4882 1660 4939 hoc
1694 4883 1815 4939 loco
1848 4884 2136 4939 collocavi-

651 5057 725 5130 (a)
744 5038 1021 5131 :Travasa,
1064 5057 1208 5113 Stor.
1235 5059 1355 5114 crit.
1379 5059 1514 5114 delle
1536 5063 1637 5115 vite
1664 5061 1804 5131 dein
1823 5078 1976 5128 eres.,
2005 5071 2041 5115 t.
2069 5060 2132 5123 V,

579 5127 715 5196 pag.’
736 5127 841 5182 215
874 5138 927 5183 et
963 5144 1114 5197 seqq.

651 5198 727 5266 (b)
764 5197 1010 5266 Touttée,
1043 5197 1179 5269 Opp.
1226 5198 1283 5255 S.
1322 5198 1505 5271 Cyrilli
1550 5197 1784 5268 Hieros.,
1835 5215 1958 5272 pag.
2013 5200 2134 5266 105,

566 5275 692 5325 net.
719 5272 819 5342 to).

1410 274 1470 331 S.
1506 269 1918 328 ARCHELAUS
1955 265 2486 327 MESOPOTAMIE
2520 270 2914 331 EPISCOPUS.

3592 276 3692 331 ΝΞΟ

2156 386 2199 442 Α
2232 398 2371 438 mus.
2405 381 2514 438 Nec
2543 386 2739 439 morari
2772 400 2872 439 nos
2906 382 3061 439 debet
3100 383 3415 454 parenthesis
3434 384 3701 457 longitudo:

2230 488 2352 526 nam
2403 474 2767 545 digressiones
2805 484 2859 530 et
2902 475 3258 544 parentheses
3285 475 3529 547 longiores
3551 479 3708 550 Cyrillo

2232 579 2337 618 non
2367 565 2660 620 inusitatae.
2692 566 2811 620 Vid.
2841 567 3047 623 catech.
3084 583 3193 632 xvr,
3236 566 3263 638 ς
3297 568 3378 632 14,
3408 569 3537 623 hom.
3564 569 3608 624 in
3629 571 3707 628 Pa-

2230 656 2354 723 ral.,
2388 655 2414 727 ᾗ
2440 656 2473 710 8
2497 672 2667 728 usque
2693 659 2760 713 ad
2792 659 2878 713 11.
2903 658 3166 713 Praeterea
3193 661 3271 713 hae
3301 659 3449 714 unius
3477 658 3712 730 Scriptura
3757 642 3773 678 ”

2230 748 2337 803 luci
2387 751 2685 805 secundum
2728 751 2972 807 diversas
3027 752 3317 807 sententias
3368 753 3708 823 explicationes,

2228 840 2347 909 ejus
2374 852 2502 896 sunt
2527 843 2750 912 ingenii,
2787 853 2846 899 ut
2874 844 3059 899 videre
3084 855 3167 899 est
3191 844 3386 899 catech.
3416 860 3531 910 xvn,
3555 845 3604 916 ες
3630 846 3713 902 9et

2231 932 2318 997 lt),
2349 934 2555 989 catech.
2582 950 2700 999 xm,
2736 934 2763 1007 §
2790 935 2880 1000 ‘Zl,
2927 946 3031 991 etc.
3071 934 3291 990 Demum
3326 950 3476 1004 quam
3499 948 3713 1005 postremo

2230 1025 2350 1079 loco
2386 1027 2550 1080 tradit
2580 1027 2742 1096 hujus
2787 1026 2889 1080 loci
2920 1026 3429 1095 interpretationem,
3457 1043 3623 1097 nempe
3656 1031 3715 1084 in-

2231 1119 2417 1171 firmos
2445 1117 2636 1172 oculos
2684 1118 2972 1171 veritatum
3019 1134 3157 1187 quas
3186 1132 3371 1187 capere
3400 1134 3496 1172 non
3520 1132 3714 1187 possunt,

2233 1207 2443 1277 fulgore
2470 1208 2718 1275 obtundi,
2745 1209 3055 1263 continetur
3085 1207 3138 1261 in
3169 1224 3231 1262 ea
3258 1208 3455 1263 ratione
3480 1226 3619 1279 quam
3635 1216 3721 1266 red-

2230 1300 2366 1355 didit
2393 1299 2709 1355 Procatech.
2746 1299 2892 1372 §12,
2938 1316 3038 1355 cur
3084 1300 3470 1356 catechumenis
3521 1304 3717 1373 mysteria

2231 1392 2509 1459 celentur;
2560 1392 2688 1462 quia
2732 1392 2983 1447 videlicet
3015 1401 3233 1446 noceret
3272 1391 3400 1461 ipsis
3439 1408 3597 1446 rerum
3620 1408 3719 1463 quas

2232 1484 2470 1537 nondum
2501 1499 2693 1553 capere
2725 1493 2975 1554 possunt,
3032 1483 3289 1554 cognitio.
3324 1501 3342 1535 ι
3379 1480 3630 1539 Hactenus
3664 1485 3721 1539 vir

2233 1575 2322 1629 ille
2353 1575 2570 1632 doctus.
3196 1590 3197 1593 ‘

2307 1668 2555 1723 Nostram
2606 1684 2769 1739 porro
2807 1668 3073 1739 ejusmodi
3107 1668 3363 1724 Actorum
3398 1667 3647 1724 editionem
3674 1671 3719 1724 ad

2236 1760 2383 1815 illam
2417 1762 2717 1831 exegimus,
2754 1776 2916 1831 quam
2964 1760 3153 1827 Romae
3202 1760 3431 1830 vulgavit
3470 1775 3594 1815 anno
3620 1762 3719 1817 {698

2234 1866 2288 1904 v.
2317 1851 2383 1906 cl.
2425 1851 2752 1908 Laurentius
2783 1852 3086 1907 Aletander
3112 1850 3409 1922 Zacagnius
3443 1849 3492 1903 in
3517 1849 3721 1905 Collum-

2234 1946 2342 1999 neis
2371 1938 2822 1999 monumentorum
2854 1954 3077 1999 ueterum
3111 1943 3362 1999 Ecclesia
3378 1944 3559 2005 Greca
3579 1961 3629 1997 ac
3646 1942 3721 1998 La-

2235 2037 2377 2090 tiare.
2410 2034 2534 2091 Suis
2569 2035 2704 2091 locis
2746 2037 3085 2093 restituimus
3113 2052 3240 2092 cum
3277 2038 3504 2093 addenda
3532 2037 3721 2107 prolego-

2233 2130 2428 2193 menis,
2458 2136 2571 2182 tum
2602 2127 2779 2182 varias
2822 2127 2875 2182 in
2906 2128 3099 2198 primis
3125 2129 3404 2193 lectiones,
3435 2145 3556 2200 quas
3582 2130 3634 2183 ad
3661 2143 3722 2183 ca-

2232 2220 2343 2289 pita
2379 2219 2551 2274 Eii-55
2582 2218 2973 2289 Disputationis
3004 2220 3262 2274 Archelai
3304 2236 3425 2276 cum
3469 2221 3719 2284 Manete,ex

2233 2311 2792 2382 Regio-Alexandrino
2815 2312 3001 2367 codice
3033 2312 3336 2381 descriptas
3363 2312 3426 2367 ad
3464 2327 3562 2367 suae
3584 2310 3722 2365 editio-

2233 2406 2318 2459 nis
2350 2404 2553 2459 calcem
2582 2403 2770 2473 rejecit
2792 2404 2929 2458 idem
2955 2404 3037 2458 vir
3064 2404 3339 2470 eruditus,
3364 2403 3459 2458 hac
3476 2402 3719 2474 praefatiun-

2232 2496 2352 2551 cnla
2383 2510 2517 2549 usus
2548 2493 2617 2565 (ε)
2654 2512 2668 2548 ;
2714 2493 2845 2549 Cum
2889 2503 3007 2563 post
3053 2495 3275 2562 editam,
3320 2495 3505 2567 inquit,
3543 2494 3718 2548 Archelai

2232 2586 2642 2655 disputationem
2691 2584 2827 2637 inter
2884 2583 3461 2653 Regio-Alexandrinos
3516 2580 3718 2636 Vaticana

2234 2677 2553 2733 bibliotheca:
2575 2676 2773 2730 codices
2801 2675 3105 2745 reperissem
3133 2676 3481 2747 apographum
3506 2672 3715 2744 cujusdam

2231 2771 2420 2824 uetusti
2447 2769 2662 2832 codicis,
2700 2768 2789 2837 qui
2819 2766 2946 2820 olim
2976 2766 3044 2820 ad
3069 2768 3442 2821 monasterium
3462 2765 3606 2819 sancti
3630 2763 3713 2818 Sal-

2234 2862 2323 2927 vii,
2344 2859 2709 2914 Ambianeusis
2740 2859 2962 2929 fortasse
2987 2859 3166 2929 episco
3174 2860 3229 2928 pi
3251 2869 3300 2913 et
3328 2858 3572 2929 martyris,
3596 2857 3713 2925 perti-

2233 2954 2377 3015 nuit;
2415 2961 2462 3006 et
2485 2952 2539 3005 in
2564 2968 2622 3005 eo
2648 2952 2823 3006 codice
2845 2967 2950 3005 una
2978 2967 3097 3004 cum
3136 2951 3311 3005 sancti
3335 2950 3587 3021 Augustini
3604 2948 3715 3004 Com-

2159 3084 2201 3142 C
2235 3045 2512 3099 monitorio
2529 3045 2776 3100 adversus
2799 3044 3139 3111 Manicheam,
3156 3046 3297 3100 inter
3308 3047 3523 3115 ejusdem
3535 3040 3718 3113 epistolas

2233 3136 2397 3199 edito,
2441 3136 2756 3189 haberentur
2783 3144 2999 3204 exerpta
3026 3137 3275 3204 quendam
3299 3150 3361 3189 ex
3390 3136 3525 3188 Actis
3544 3134 3719 3202 disputa-

2235 3228 2390 3282 tionis
2441 3226 2686 3280 Archelai
2731 3243 2764 3280 a
2808 3243 2924 3296 cap.
2952 3227 3015 3281 51
3058 3244 3225 3298 usque
3261 3227 3329 3280 ad
3364 3244 3472 3297 cap.
3497 3225 3573 3291 55,
3602 3232 3720 3293 opere

2232 3321 2457 3389 pretium
2489 3319 2665 3374 censui
2692 3320 2867 3373 varias
2900 3334 2966 3373 ex
2998 3320 3183 3373 eodem
3226 3320 3508 3391 apograplto
3542 3316 3719 3371 tertiam

2233 3411 2402 3470 edere.
2438 3428 2553 3464 cum
2580 3411 2811 3481 ipsorum
2846 3427 2939 3481 ope
2966 3411 3215 3481 quaedam
3243 3412 3478 3465 Archelai
3502 3410 3600 3463 loca
3620 3405 3719 3461 resti-

2237 3512 2471 3557 tuantur.
2506 3500 2629 3558 Hmc
2654 3502 2761 3557 ille.
2787 3501 3064 3573 Ejusmodi
3094 3513 3283 3558 autem
3314 3504 3483 3558 varias
3504 3501 3714 3561 lectiones,

2237 3596 2382 3651 haud
2413 3611 2543 3651 sane
2574 3597 3018 3660 contemnendas,
3045 3596 3196 3651 aliud
3226 3612 3388 3669 agens
3419 3593 3634 3665 praeteriit
3650 3589 3719 3645 Fa-

2239 3690 2466 3751 brieius.
2497 3689 2581 3743 vir
2609 3698 2803 3744 cartera
2828 3688 3079 3759 diligens,
3128 3689 3186 3743 in
3224 3706 3324 3746 suo
3363 3687 3610 3758 Spia'legio
3643 3698 3724 3738 sas-

2238 3792 2441 3836 ctorum
2475 3781 2701 3835 Patrum
2742 3781 2922 3836 saeculi
2962 3796 3043 3847 ιιι,
3083 3779 3325 3852 Operum
3361 3779 3720 3851 Hippolyteorum

2240 3875 2447 3929 adnexo
2481 3892 2494 3929 :
2523 3883 2579 3928 at
2602 3874 2721 3928 illas
2742 3875 2874 3929 scite
2898 3874 3129 3928 intexuit
3161 3876 3383 3946 reliquis
3406 3871 3600 3928 editoris
3625 3863 3724 3921 notis

2239 3965 2586 4019 doctissimus
2623 3973 2812 4018 auctor
2842 3963 3209 4033 Supplementi
3236 3965 3306 4018 ad
3331 3963 3536 4018 concilia
3574 3957 3725 4012 Veneto.

2240 4054 2521 4109 Labbeana
2550 4054 2647 4125 (ά).
2685 4052 2948 4110 Praeterea
2998 4054 3363 4126 fragmentum
3411 4046 3725 4123 Disputationis

2240 4148 2487 4203 Archelai
2517 4164 2584 4203 ex
2613 4147 2795 4219 Cyrilli
2825 4146 3300 4219 Hierosolymitani
3334 4146 3579 4204 caterhesi
3600 4156 3642 4198 ﬂ
3662 4139 3725 4194 de-

2242 4248 2517 4309 sumptum
2560 4248 2721 4309 atque
2750 4239 2937 4295 iisdem
2977 4239 3128 4297 Actis
3174 4243 3278 4298 sub
3312 4242 3463 4296 ﬁnem
3500 4236 3727 4308 adjectum.

2242 4331 2572 4387 contulimus
2601 4348 2725 4387 cum
2772 4334 3070 4391 novissima
3095 4335 3334 4390 editione
3363 4326 3623 4387 Parisiensi
3651 4320 3723 4377 BB.

2168 4416 2215 4473 Ι)
2242 4422 2557 4495 Cyrilliana,
2586 4426 3003 4497 versionemque
3032 4428 3425 4491 recensuimus,
3453 4432 3503 4480 et
3526 4423 3587 4479 cl.
3610 4417 3731 4474 edilo'

2244 4517 2321 4571 ris
2352 4527 2509 4571 notas
2536 4517 2889 4587 subjecimus.
2940 4519 3239 4576 Nonnullae
3287 4520 3508 4589 denique
3534 4515 3731 4569 observa-

2242 4608 2440 4674 tiones,
2467 4611 2532 4663 ad
2563 4609 2820 4665 Actorum
2845 4620 3048 4666 textum
3080 4612 3417 4681 potissimum
3442 4607 3728 4680 pertinentes.

2242 4710 2403 4770 prout
2435 4717 2493 4755 se
2535 4702 2658 4756 tulit
2700 4701 2938 4768 occasio,
2972 4703 3315 4767 addidimus;
3355 4717 3415 4757 ea
3456 4697 3731 4786 quidem

2244 4790 2390 4843 tione
2422 4806 2586 4859 quam
2630 4791 2683 4844 in
2717 4791 2839 4846 aliis
2883 4801 3124 4846 veterum
3172 4790 3391 4845 Patrum
3431 4786 3730 4842 monumenlls

2245 4881 2506 4936 hactenus
2538 4881 2802 4952 evulgatis
2836 4882 3038 4953 passim
3068 4882 3327 4938 adhibere
3355 4874 3705 4936 consuevimus.

2337 5058 2383 5128 ε)
2418 5056 2673 5128 Zacagn.,
2700 5056 2917 5113 Collect.
2946 5073 3176 5112 manum.
3206 5066 3331 5128 eet,
3365 5063 3489 5128 ton].
3516 5049 3553 5116 Ι,
3574 5062 3619 5117 P-
3639 5038 3727 5128 7,0,9:

2337 5058 2383 5128 ε)
2418 5058 2673 5128 Zacagn.,
2700 5058 2917 5113 Collect.
2946 5073 3176 5112 manum.
3207 5066 3331 5123 vet.,
3365 5063 3489 5110 tom.
3516 5058 3553 5116 ι,
3574 5062 3619 5117 p.
3641 5058 3727 5123 κως

2312 5058 2391 5201 ἑά)
2422 5128 2615 5198 Mansi,
2642 5128 2907 5201 Supplem.
2943 5128 3012 5181 ad
3043 5127 3256 5193 concil.,
3292 5137 3420 5183 tom.
3447 5125 3487 5192 l,
3502 5133 3637 5193 pagg.
3657 5112 3728 5168 lio

2246 5215 2399 5271 seqq.
