3966 6206
294 325 428 383 Nil

1483 337 1813 396 VETERUM
1852 341 2294 402 TESTIMONIA.

3393 354 3532 412 H23

295 548 3519 595 _._.___________________________

1199 720 1776 811 VETERUM
1856 726 2597 820 TESTIMONIA

644 903 733 959 DE
766 905 824 962 S.
864 905 1212 964 ARCHELAI
1249 910 1557 968 EPISCOPI
1593 911 2101 970 DlSPUTAT‘lONE
2136 915 2283 974 CUM
2319 918 2603 977 MANETE
2642 921 3178 982 HERESIARCHA.
3288 890 3291 899 ἡ

714 1348 727 1361 .
756 1306 990 1378 Cyrillus
1026 1308 1563 1381 Hierosolymitanus,
1597 1313 1842 1371 Cateclzes

1997 1317 2024 1389 ᾗ
2054 1318 2147 1387 27,
2179 1336 2299 1390 pag.
2335 1319 2455 1387 104,
2477 1313 2603 1378 edit.
2651 1324 2764 1382 ΒΒ.
2808 1325 2986 1382 Paris.
3016 1328 3172 1385 1720.

359 1420 550 1491 Φεύγει
586 1422 651 1475 ἐκ
694 1424 792 1495 τῆς
822 1424 1065 1497 φυλακῆς
1100 1426 1330 1499 (Μάνης)
1376 1430 1468 1483 καὶ
1508 1430 1724 1502 ἔρχεται
1770 1434 1849 1498 είς

2021 1434 2184 1506 Fugit
2216 1451 2247 1491 e
2274 1452 2492 1493 carcere
2523 1438 2753 1510 (Manes)
2782 1451 2837 1496 et
2866 1442 2919 1496 in
2945 1443 3385 1515 MesOpotamiam
3429 1466 3527 1508 ve-

284 1512 386 1585 τὴν
419 1514 866 1584 Μεσοποταμίαν
894 1515 1007 1568 ἀλλ’
1038 1517 1251 1587 ἀπαντᾷ
1287 1517 1433 1588 αὐτῷ
1464 1519 1623 1572 ὅπλον
1650 1521 1858 1575 δικαιο-

286 1603 454 1676 σύνης
470 1605 545 1674 (1)
563 1606 844 1677 Ἀρχέλαος
862 1608 1175 1673 ἐπίσκοπος,
1198 1610 1290 1663 καὶ
1311 1611 1402 1663 ἐπὶ
1423 1611 1722 1681 φιλοσόφων
1750 1631 1867 1685 κρι-

282 1697 397 1749 τῶν
432 1697 670 1767 ἐλέγξας,
706 1700 1065 1771 ἀκροατήριον
1101 1701 1407 1773 Ἑλληνικὸν
1433 1704 1860 1776 συστησάμενος,

287 1787 374 1841 ἵνα
409 1788 484 1860 μὴ
517 1791 853 1861 Χριστιανων
892 1793 1181 1864 κρινόντων
1212 1794 1441 1849 δοκῶσιν
1468 1799 1515 1850 οἱ
1543 1798 1728 1868 κριταὶ
1752 1814 1854 1867 χα-

287 1879 532 1952 ρίζεσθαι
552 1898 565 1911 ·
594 1882 754 1952 Λέγε,
789 1887 953 1955 φησιν
996 1885 1306 1956 Ἀρχέλαος,
1342 1904 1396 1939 κ.
1426 1905 1475 1940 τ.
1506 1887 1556 1940 λ.

1962 1527 2043 1581 nit
2071 1544 2086 1580 :
2119 1542 2308 1581 verum
2331 1528 2543 1585 obstitit
2588 1530 2637 1586 ei
2683 1542 2897 1587 scutum
2928 1535 3155 1604 iustitia:
3176 1579 3193 1605 ,
3226 1536 3528 1599 Archelaus

1960 1618 2268 1688 cpiscopus,
2304 1635 2538 1691 eumque
2567 1637 2750 1677 coram
2783 1625 3123 1697 philosophis
3142 1628 3418 1691 iudicibus
3446 1647 3529 1687 re—

1963 1710 2329 1778 prehendens,
2353 1713 2580 1767 collecto
2602 1715 2879 1782 gentilium
2905 1718 3198 1784 auditorio,
3219 1736 3286 1776 ne
3304 1723 3351 1777 si
3374 1712 3529 1778 Chrié

1964 1801 2127 1855 stiani
2158 1802 2369 1871 judices
2396 1813 2608 1867 essent,
2644 1806 2958 1864 viderentur
2997 1808 3196 1867 favisse
3215 1853 3231 1878 ,
3263 1813 3376 1884 Age
3405 1829 3529 1885 pro-

1964 1890 2066 1958 fer,
2101 1893 2175 1946 ait
2196 1893 2515 1961 Archelaus,
2554 1905 2681 1963 etc.,

813 2007 872 2051 ut
917 1998 1061 2068 infra
1092 1998 1160 2052 ad
1204 1998 1399 2053 calcem
1424 2000 1835 2069 disputationis;
1864 2002 2051 2070 quibus
2076 2002 2358 2068 absolutis,
2377 2006 2562 2059 statim
2590 2008 2767 2061 subdit
2798 2007 2826 2079 §
2855 2008 2925 2063 50
2958 2029 2972 2064 :

357 2111 626 2176 Τοιούτοις
657 2114 751 2167 καὶ
788 2115 965 2178 ἄλλοις
1006 2115 1247 2171 πλείοσιν
1280 2117 1607 2189 ἀνετρέπετο
1645 2120 1673 2171 ό
1721 2119 1852 2191 δρά-

284 2219 431 2256 κων’
483 2203 759 2269 τοιαύταις
810 2207 1149 2277 συμπλοκαῖς
1207 2208 1575 2263 κατεπάλαισε
1631 2209 1706 2280 (2)
1762 2209 1853 2263 τὸν

282 2294 478 2366 Μάνην
500 2297 530 2347 ὁ
568 2296 871 2368 ’Δρχέλαος.
897 2297 1089 2367 Φεύγει
1118 2298 1275 2353 πάλιν
1310 2300 1404 2353 καὶ
1444 2299 1690 2353 ἐντεῦθεν
1727 2300 1756 2353 ό
1787 2301 1853 2353 ἐκ

280 2386 384 2457 τῆς
416 2387 660 2458 φυλακῆς
691 2389 875 2459 φυγών
894 2408 907 2421 ο
939 2391 1033 2444 καὶ
1071 2392 1162 2445 τὸν
1200 2392 1599 2464 ἀνταγωνιστὴν
1631 2391 1851 2465 διαδρά-

283 2494 404 2542 σας.
422 2478 637 2550 ἔρχεται
666 2481 756 2533 ἐπὶ
782 2481 974 2553 κώμην
1006 2484 1415 2556 εὐτελεστάτην,
1437 2485 1576 2539 κατά
1600 2485 1690 2539 τὸν
1708 2485 1852 2554 ὅφιν,

280 2571 374 2624 τὸν
418 2574 474 2625 ἐν
520 2572 826 2644 παραδείσῳ
865 2576 1231 2629 καταλιπόντα
1274 2576 1364 2629 τὸν
1420 2576 1607 2647 Ἀδὰμ,
1650 2577 1743 2629 καὶ
1788 2578 1853 2648 τῇ

282 2663 400 2735 Εὕα
432 2664 815 2735 προσελθόντα.
865 2667 1001 2719 Ἀλλ’
1041 2670 1069 2721 ό
1106 2668 1268 2732 καλὸς
1299 2668 1502 2741 ποιμὴν
1542 2667 1850 2739 Ἀρχέλαος,

2032 2119 2127 2177 His
2151 2122 2380 2193 aliisque
2403 2123 2648 2193 pluribus
2673 2127 3014 2183 sermonibus
3034 2129 3378 2186 evertebatur
3404 2131 3522 2190 dra-

1960 2226 2046 2279 co,
2081 2213 2283 2268 talibus
2311 2215 2610 2272 Archelaus
2636 2215 3127 2275 conﬂictationibus
3152 2218 3363 2277 Manem
3394 2238 3522 2293 pro-

1960 2304 2172 2358 stravit.
2238 2304 2436 2360 lterum
2468 2315 2523 2362 et
2550 2307 2674 2363 inde
2698 2307 2868 2380 fugit,
2894 2310 2987 2379 qui
3016 2310 3083 2366 de
3114 2326 3332 2368 carcere
3360 2314 3521 2369 aufu-

1958 2402 2146 2464 gerat;
2181 2404 2235 2450 et
2260 2397 2480 2468 elapsus
2525 2399 2838 2455 adversario
2860 2440 2873 2463 ,
2912 2403 3062 2456 venit
3102 2403 3170 2457 ad
3196 2404 3522 2462 vilissimum

1960 2488 2247 2556 quemdam
2278 2506 2474 2560 pagum
2497 2531 2513 2559 ,
2564 2492 2631 2546 ad
2674 2493 2849 2548 instar
2879 2495 3166 2563 serpentis,
3192 2498 3309 2567 qui,
3332 2498 3523 2553 relicto

1960 2577 2132 2633 Adam
2175 2579 2231 2633 in
2275 2582 2567 2650 paradiso,
2604 2583 2671 2638 ad
2712 2582 2879 2638 Evam
2910 2586 3161 2640 accessit.
3218 2586 3322 2643 Sed
3345 2588 3523 2646 bonus

1961 2678 2148 2737 pastor
2177 2670 2477 2727 Archelaus
2502 2712 2517 2737 ,
2569 2674 2752 2729 ovium
2780 2675 2939 2730 saluti
2972 2677 3262 2746 providens
3282 2718 3298 2743 ,
3339 2679 3523 2735 audita

283 2755 393 2809 τῶν
426 2758 706 2829 προϐάτων
738 2758 1001 2830 προνοῶν,
1038 2760 1274 2825 ἀκούσας
1300 2761 1396 2832 τὴν
1425 2761 1621 2832 φυγὴν,
1650 2758 1849 2822 εὐθέως

1964 2758 2113 2830 fuga,
2143 2776 2310 2816 cursu
2339 2763 2524 2831 citato,
2555 2764 2623 2818 ad
2648 2765 2835 2836 lupum
2862 2769 3247 2837 requirendum
3280 2768 3521 2831 festinat.

280 2846 535 2920 δρομαῖος
567 2851 658 2906 ἐπὶ
690 2851 787 2920 τὴν
820 2851 911 2904 τοῦ
946 2852 1108 2906 λύκου
1153 2853 1400 2922 ἐπείγετο
1443 2852 1689 2924 ζήτησιν.
1732 2851 1854 2905 Μά-

281 2957 382 3011 νης
411 2940 487 3005 δὲ,
518 2940 640 2996 ίδὼν
678 2942 936 3015 ἐξαίφνης
966 2945 1056 2998 τὸν
1086 2946 1373 3011 ἀντίδικον,
1411 2944 1732 3016 ἐξεπήδησε,
1756 2943 1851 2995 καὶ

286 3031 507 3101 ἔφυγεν.

1866 3149 1933 3206 II.

1959 2850 2145 2908 Manes
2175 2863 2357 2910 autem
2404 2858 2587 2912 statim
2633 2868 2795 2928 atque
2821 2860 3193 2923 adversarium
3216 2865 3519 2936 conspexit,

1959 2944 2168 2999 exsiliit
2197 2945 2345 3016 inde,
2379 2957 2542 3019 atque
2568 2947 2797 3020 aufugit.

1446 3248 1508 3304 S.
1549 3248 1896 3320 Epiphanius,
1934 3244 2081 3301 Har.
2109 3264 2254 3315 uvr,
2286 3248 2314 3321 θ
2345 3250 2398 3305 7.

353 3341 674 3415 Συμϐἐϐηκε
711 3344 819 3415 γάρ
859 3344 1143 3416 Ἀρχέλαον
1165 3345 1255 3399 τὸν
1284 3345 1383 3417 τῆς
1409 3346 1613 3410 πόλεως
1634 3346 1854 3399 ἐπίσκο-

283 3448 384 3487 πον
416 3434 593 3487 οἶκαδε
627 3434 744 3506 ἅμα
766 3435 914 3506 αὑτῷ
948 3439 1181 3490 συνεῖναι
1212 3439 1333 3491 κατ’
1360 3437 1573 3509 ἐκείνην
1597 3437 1693 3509 τὴν
1720 3437 1855 3509 ἠμέ-

287 3541 411 3597 ραν,
452 3520 574 3600 ὲνῇ
615 3527 713 3599 τὴν
755 3528 1039 3600 ἐπιστολὴν
1084 3528 1172 3581 τοῦ
1220 3529 1517 3598 Μανιχαίου
1564 3529 1701 3601 μετὰ
1743 3534 1854 3600 χεῖ-

285 3639 385 3695 ρας
430 3622 648 3693 εἴληφεν
689 3625 717 3676 ὁ
759 3622 851 3677 τοῦ
895 3621 1029 3676 Θεοῦ
1075 3623 1279 3688 δοῦλος.
1328 3624 1387 3677 '0
1432 3623 1489 3676 δὲ
1541 3622 1846 3695 Ἀρχέλαος,

283 3714 443 3783 γνοὺς
489 3715 589 3786 τὴν
640 3716 853 3782 αἰτίαν,
911 3714 1008 3768 καὶ
1054 3717 1152 3787 τὴν
1217 3714 1504 3785 ἐπιστολὴν
1560 3715 1846 3783 ἀναγνοὺς,

284 3805 479 3877 ἔϐρυκε
520 3808 646 3870 τοὺς
691 3807 923 3871 ὀδόντας,
971 3806 1157 3879 ῶσπερ
1199 3806 1334 3861 λέων
1376 3806 1706 3878 ὠρυόμενος,
1755 3807 1850 3860 καὶ

284 3897 442 3970 ζῆλον
473 3898 606 3952 Θεοῦ
634 3899 914 3953 ἀναλαϐὼν
948 3900 1203 3972 ἐπειρᾶτο
1235 3899 1473 3971 ὁρμῆσαι
1510 3899 1707 3972 μᾶλλον
1746 3900 1850 3964 ἕως

282 3990 469 4055 αὐτοῦ,
499 3992 592 4045 καὶ
616 3992 977 4063 χειρώσασθαι
997 3992 1087 4045 τὸν
1117 3991 1351 4045 τοιοῦτον
1390 3993 1467 4056 ὼς
1499 3991 1751 4046 ὲπίλυτον
1785 3995 1852 4047 ἐκ

284 4081 595 4155 βαρϐάρων,
638 4083 762 4136 ὅθεν
804 4084 898 4138 καὶ
941 4081 1189 4155 ὡρμᾶτο,
1228 4082 1366 4155 πρὸς
1398 4085 1699 4156 ἀφανισμὸν
1745 4086 1852 4139 τῶν

283 4174 415 4227 υίῶν
444 4174 553 4228 τῶν
585 4171 885 4244 ἀνθρώπων
914 4174 1315 4227 ἐπαναστάντα.

2031 3344 2110 3398 Ac
2135 3353 2251 3400 tum
2287 3345 2423 3403 forte
2451 3348 2709 3420 contigit,
2751 3356 2810 3404 ut
2835 3350 3021 3406 eodem
3056 3350 3141 3408 die
3168 3368 3276 3424 quo
3311 3353 3457 3411 illam
3489 3370 3522 3410 a

1957 3435 2258 3494 Manichaee
2285 3441 2565 3510 epistolam
2594 3441 2690 3497 Dei
2717 3457 2908 3499 servus
2939 3444 3179 3514 accepit,
3225 3446 3524 3504 Archelaus

1958 3530 2111 3586 urbis
2158 3531 2448 3601 episcopus
2495 3548 2604 3588 una
2644 3549 2768 3589 cum
2820 3535 2912 3590 illo
2935 3536 3083 3591 domi
3109 3547 3271 3594 esset.
3331 3538 3436 3605 Qui
3465 3554 3524 3596 re

1958 3621 2107 3675 omni
2140 3633 2420 3692 perspecta
2449 3624 2704 3680 dentibus
2733 3624 3005 3693 fremens,
3054 3629 3315 3699 rugientis
3350 3631 3522 3686 leonis

1956 3708 2153 3778 instar,
2185 3726 2247 3765 ac
2271 3711 2456 3766 divino
2487 3713 2725 3783 quodam
2747 3715 2942 3771 ardore
2965 3718 3224 3786 percitus,
3263 3720 3330 3773 ad
3350 3718 3524 3776 Mani-

1955 3802 2165 3857 chazum
2209 3802 2392 3872 potius
2433 3803 2704 3873 proﬁcisci
2747 3806 3026 3875 cupiebat,
3078 3808 3462 3880 hominemque
3488 3825 3522 3866 θ

1956 3894 2223 3957 barbaris,
2251 3894 2394 3950 unde
2417 3895 2464 3951 is
2493 3903 2647 3952 ortus
2673 3907 2809 3961 erat,
2840 3898 3232 3967 advenientem,
3254 3909 3307 3957 et
3326 3900 3397 3957 ad
3417 3901 3520 3957 hu-

1960 3988 2108 4043 mani
2141 3990 2355 4061 generis
2383 3990 2677 4061 perniciem
2704 3990 3075 4064 insurgentem
3108 4008 3320 4066 capere.

1873 4269 2021 4319 ibid..
2050 4264 2078 4319 ε
2102 4263 2155 4319 8.

1696 4266 1849 4325 Idem.

362 4355 422 4414 Ὀ
452 4359 509 4413 δὲ
547 4359 841 4421 ἐπίσκοπος
878 4358 1184 4429 Ἀρχέλαος,
1224 4357 1361 4427 ἔχων
1399 4357 1457 4410 ἐν
1485 4356 1660 4429 ἐαυτῷ
1709 4325 1849 4429 μετάλ

1964 4264 2087 4411 ιἿΔΞ
2102 4264 2418 4411 8Archelaus
2441 4354 2751 4426 episcopus,
2776 4365 2971 4426 praeter
3001 4356 3304 4414 doctrinam
3325 4400 3340 4425 ,
3390 4358 3515 4417 fidei

279 4446 372 4501 τὸν
410 4446 562 4516 λόγον
594 4450 687 4502 καὶ
711 4449 770 4502 τὸ
790 4449 1082 4520 ζηλωτικδν
1102 4449 1201 4519 τῆς
1235 4447 1487 4513 πίστεως,
1512 4448 1843 4514 ἐϐουλεύετο,

284 4540 335 4593 εί
376 4535 443 4612 ἦν
473 4539 711 4605 δυνατὸν,
761 4540 820 4604 ἐξ
859 4541 1025 4611 αὐτῆς
1060 4540 1150 4593 τὸν
1192 4539 1379 4611 ἄνδρα,
1417 4539 1602 4611 ὥσπερ
1642 4540 1849 4612 πάρδα-

283 4630 387 4698 λιν,
428 4631 460 4703 ἢ
507 4630 687 4695 λύκον,
734 4633 769 4703 ἦ
817 4649 868 4685 τι
920 4631 1104 4703 ἕτερον
1145 4629 1254 4684 τῶν
1300 4630 1501 4702 Θηρίων
1526 4632 1845 4701 ’ἀγρεύσας,

282 4722 496 4794 θανάτῳ
530 4723 878 4795 παραδοῦναι,
916 4724 1002 4777 ἵνα
1039 4722 1112 4794 μὴ
1150 4722 1393 4793 λυμανθῇ
1426 4721 1495 4775 τὰ
1536 4722 1842 4794 θρέμματα,

277 4816 521 4871 τοιούτου
545 4816 709 4890 Θηρὸς
732 4817 815 4885 ἐφ’
841 4814 959 4870 όδοῦ
984 4815 1081 4885 τὴν
1113 4815 1315 4868 εἴσοδον
1339 4813 1635 4867 κατανοῶν.

1953 4450 2175 4518 insuper
2195 4447 2390 4502 ardore
2418 4446 2700 4517 praeditus,
2724 4456 2912 4503 auctor
2934 4457 3052 4504 erat
3095 4450 3228 4513 ut,si
3253 4450 3365 4505 fieri
3389 4466 3518 4521 pos-

1953 4552 2055 4607 set,
2104 4540 2268 4594 homo
2294 4538 2384 4593 ille
2416 4538 2569 4609 pardi
2602 4538 2777 4593 instar
2817 4556 2883 4596 ac
2911 4541 3024 4612 lupi
3056 4541 3140 4597 vel
3165 4543 3406 4613 cujusvis
3436 4545 3509 4600 al-

1954 4631 2123 4686 terius
2150 4630 2338 4685 bestiae
2359 4630 2710 4699 interceptus,
2733 4631 2893 4684 morti
2929 4632 3250 4701 traderetur,
3276 4649 3345 4691 ne
3370 4634 3514 4704 ejus-

1952 4722 2102 4777 modi
2132 4719 2259 4775 εει-ω
2286 4720 2601 4775 incursione
2627 4734 2825 4789 pecora
2846 4722 3193 4790 laederentur,
3215 4740 3339 4781 cum
3367 4724 3512 4780 illius

1952 4816 2260 4886 ingressum
2285 4821 2654 4883 cognosceret.

1668 4949 1999 5017 Idem,ibid.,
2023 4948 2051 5022 ς
2092 4947 2177 5004 10.

360 5039 449 5106 Ὠς
469 5042 526 5097 δὲ
556 5043 725 5097 ταῦτα
766 5040 833 5114 ἦν
865 5044 1056 5109 οὕτως,
1085 5046 1177 5099 καὶ
1202 5046 1260 5098 ἐν
1290 5045 1588 5117 καταλήψει
1620 5047 1847 5119 γεγένη-

275 5149 367 5186 ται
405 5135 505 5188 ὑπὸ
536 5134 628 5188 τοῦ
666 5135 953 5207 Ἀρχελάου
986 5137 1065 5199 είς
1099 5136 1199 5208 τὴν
1232 5135 1512 5208 ἀντιϐολὴν
1551 5136 1645 5190 τοῦ
1680 5136 1846 5209 ζητή-

282 5242 469 5295 ματος,
498 5226 840 5297 ἐτοιμότατος
875 5226 1131 5297 ὑπάρχων
1172 5226 1261 5280 διὰ
1294 5228 1393 5299 τὴν
1427 5227 1560 5299 πρὸς
1588 5227 1720 5282 Θεὸν
1749 5245 1845 5281 πο-

277 5315 584 5372 λυποίκιλον
608 5318 804 5387 γνῶσιν
833 5318 925 5371 τοῦ
956 5318 1164 5389 ἀνδρὸς,
1198 5319 1291 5371 καὶ
1317 5318 1384 5370 δι’
1412 5318 1478 5389 ἢν
1505 5318 1842 5389 προεντεθεί-

2027 5044 2152 5100 Ilaec
2177 5044 2340 5115 igitur
2369 5059 2492 5098 cum
2520 5044 2591 5099 ita
2616 5059 2675 5100 se
2697 5044 2977 5110 haberent,
3015 5052 3068 5100 et
3092 5044 3389 5103 Archelaus
3414 5063 3510 5118 pe-

1951 5136 2100 5191 nitus
2127 5133 2310 5191 omnia
2348 5144 2663 5205 cognosset,
2703 5144 2764 5190 ut
2794 5136 2860 5190 de
2883 5136 3183 5206 quaestione
3211 5136 3300 5191 illa
3326 5138 3512 5208 dispu-

1952 5236 2066 5283 tare
2114 5236 2334 5297 posset;
2372 5239 2604 5295 cumque
2648 5224 2717 5280 ad
2760 5227 2812 5281 id
2854 5237 2997 5282 esset
3032 5227 3507 5294 instructissimus,

1948 5317 2147 5388 partim
2173 5316 2317 5386 quod
2343 5331 2373 5370 a
2399 5316 2683 5386 multiplici
2730 5315 3036 5370 divinarum
3066 5333 3248 5372 rerum
3280 5318 3508 5373 scientia

277 5422 428 5459 κειτο
465 5407 615 5479 παρά
654 5407 747 5461 τοῦ
778 5407 1058 5479 Τύρϐωνος
1099 5406 1338 5479 ἀκριϐῶς
1376 5406 1711 5479 μεμαθηκὼς
1742 5409 1840 5479 τῆς

1964 5408 2328 5476 paratissimus
2348 5414 2483 5471 erat,
2501 5406 2696 5477 partim
2719 5406 2864 5476 quod
2892 5422 2922 5461 a
2950 5405 3199 5477 Tyrbone
3217 5408 3510 5479 perdoctus

349 5565 425 5634 (1)
468 5565 697 5621 Ὅπλον
726 5566 840 5621 δικ.
896 5565 954 5618 ln
984 5565 1143 5621 editis
1168 5565 1314 5635 ὅπλῳ
1345 5564 1450 5618 δικ.
1501 5583 1521 5615 ι
1555 5565 1720 5635 armis
1748 5565 1838 5635 ju-

277 5631 460 5690 s’titize.
506 5655 525 5688 ι
569 5636 819 5696 Legimus
860 5635 1019 5689 ὅπλον
1068 5637 1120 5689 in
1173 5631 1307 5690 mss.
1353 5635 1519 5691 Coisl.
1555 5632 1701 5696 Roe,
1730 5631 1835 5691 Ca-

1943 5562 2155 5620 Tour'r.

2012 5634 2087 5705 (2)
2129 5632 2539 5705 Κατεεμαισε
2563 5648 2629 5705 ex
2646 5632 2839 5705 CoisL,
2856 5632 3061 5705 Ottob.,
3090 5633 3228 5705 Roe,
3245 5634 3507 5705 Cassam,

279 5705 435 5791 s‘aub.
467 5705 627 5761 Petro
644 5702 1059 5791 Sic.'Gr2d..qlui
1082 5708 1241 5791 vertit
1273 5704 1828 5791 insontumjustitiaf.”i

1964 5702 2105 5760 irOd.
2142 5703 2297 5791 Editi
2320 5702 2375 5760 et
2400 5702 2581 5762 caeteri
2608 5703 2957 5760 κατεπάλαιε.
2995 5703 3091 5761 lo.‘

279 5773 514 5832 Omnino
556 5792 623 5832 ex
663 5777 800 5850 stylo
846 5774 1051 5843 Cyrilli.
1110 5773 1245 5831 Vide
1288 5775 1509 5831 Catech.
1553 5789 1623 5841 ιι,
1654 5791 1710 5829 ιι.
1745 5777 1831 5831 15.
