3966 6206
485 296 625 354 “23

1318 302 1374 359 S.
1410 301 1830 360 ARCIIELAUS
1863 302 2377 362 ΜΕΞΟΡΟΤᾹΜΙᾸΞ
2414 306 2804 365 EPISCOPUS.

3587 315 3608 371 1
3622 316 3714 373 ιει

484 424 612 469 ante
645 411 861 482 fuerat,
906 424 961 470 et
1002 429 1192 470 omnes
1237 413 1426 469 nefarii
1483 416 1718 470 hominis
1752 417 2019 486 praestigia

2156 418 2283 489 περὶ
2332 418 2420 472 τὸν
2453 419 2619 491 ἄνδρα
2651 422 2902 493 γοητείας
2943 424 3011 477 τὰ
3056 423 3253 491 πάντα,
3299 425 3409 481 ἰδοῦ
3461 427 3490 481 6
3527 429 3711 501 Μὲνης

484 513 739 561 accurate
805 506 1115 574 didicerat;
1173 522 1300 563 ecce
1351 522 1475 563 cum
1524 522 1747 563 suorum
1793 509 2051 563 comitatu

482 593 672 652 Manes
721 596 972 651 accessit.
1023 596 1207 663 Quare
1252 595 1520 663 subinde,
1574 596 1721 651 nulla
1773 595 2051 665 interiecta

2155 512 2494 583 παρεγένετο
2536 512 2654 585 μεθ’
2694 510 2770 570 ὧν
2816 511 2927 585 εἶχε
2966 514 3086 586 μεθ’
3127 516 3322 572 ἑαυτοῦ
3366 519 3598 592 ἀνδρῶν.
3633 523 3715 590 Ἐξ

2152 602 2322 674 αὐτῆς
2346 600 2439 657 οῦν
2467 605 2562 659 καὶ
2594 605 2754 671 εὐθὺς
2793 608 3157 682 παρέρχονται
3191 611 3273 675 εἰς
3303 611 3598 683 συζήτησιν
3626 613 3713 686 δη-

481 704 673 755 mora,
722 688 993 759 publicam
1041 689 1386 744 collationem
1440 688 1730 743 instituunt
1767 688 1821 742 in
1853 687 2026 758 oppidi

2154 694 2315 766 μοσίᾳ
2340 696 2397 749 ὲν
2422 697 2557 769 αὐτῇ
2593 700 2659 769 τῇ
2699 699 2988 771 Κασχάρῃ,
3030 700 3294 774 πρότερον
3325 704 3406 766 εἰς
3426 702 3524 773 τὴν
3542 704 3713 758 αὐτῶν

485 778 607 848 ipso
635 778 908 834 Caschara
931 819 945 845 ,
995 789 1055 834 ut
1080 791 1208 834 ante
1239 780 1422 834 omnia
1445 779 1871 834 controversiam
1902 779 2048 832 illam

484 871 773 941 agitarent.
827 871 906 924 Ad
935 871 988 926 id
1019 887 1149 926 vero
1179 872 1601 928 concertationis
1649 872 1883 927 arbitros
1910 870 2048 925 deli-

485 970 638 1031 gunt,
670 960 967 1032 Marsipum
1002 963 1291 1029 quemdam
1311 1004 1327 1030 ,
1357 972 1412 1017 et
1442 963 1751 1026 Claudium,
1783 970 1834 1016 et
1863 960 2049 1029 Αἰαίη-

478 1054 627 1110 leum
653 1093 668 1119 ,
719 1060 773 1107 et
799 1051 1118 1106 Cleobulum
1143 1095 1158 1120 ,
1202 1068 1433 1123 quorum
1461 1053 1672 1123 primus
1702 1053 1932 1107 ethnij
1958 1068 2047 1107 sa-

476 1147 731 1216 pientiae,
793 1144 1067 1201 secundus
1126 1146 1406 1205 medicina:
1474 1143 1791 1216 professor,
1854 1145 2045 1201 tertius

478 1237 885 1309 grammaticus,
918 1248 1227 1307 postremus
1253 1246 1369 1292 erat
1392 1237 1661 1306 sophista.
1705 1235 1870 1290 Multa
1901 1236 1954 1290 in
1980 1231 2043 1292 ea

474 1329 842 1400 disputatione
894 1330 1037 1384 ultro
1068 1330 1315 1398 citroque
1338 1329 1540 1400 jactata
1567 1337 1725 1394 sunt;
1761 1344 1883 1383 cum
1920 1327 2045 1382 hinc

475 1421 661 1479 Manes
688 1421 899 1477 fabulas
929 1439 1057 1478 suas
1082 1421 1558 1492 proponeret,inde
1581 1420 1899 1485 Archelaus,
1927 1420 2044 1476 vel-

473 1522 536 1568 ut
586 1513 835 1585 egregius
869 1513 1043 1578 miles,
1080 1512 1377 1568 adversarii
1416 1513 1523 1569 tela
1548 1512 1603 1567 vi
1629 1528 1727 1568 sua
1752 1528 1817 1568 ac
1843 1512 2042 1569 virtute

472 1605 790 1663 discuteret.
844 1604 1128 1661 Postremo
1157 1607 1332 1661 victus
1356 1615 1438 1661 est
1470 1605 1678 1673 Manes,
1708 1621 1772 1661 ac
1807 1606 1874 1661 de
1900 1604 2041 1676 judi-

473 1716 600 1756 cum
629 1700 897 1758 sententia
936 1697 1149 1752 veritati
1174 1698 1360 1753 cessit.

2149 783 2429 856 ἀντιϐολὴν
2470 785 2563 839 τοῦ
2600 785 2910 859 ζητήματος
2938 790 3294 861 αἱρησάμενοι
3334 791 3473 862 ὁμοῦ
3505 794 3711 865 κριτὰς,

2148 873 2437 943 Μάρσιπόν
2485 893 2605 929 τινα
2645 875 2889 948 ὀνόματι,
2924 878 3019 931 καὶ
3046 878 3358 946 οΚλαύδιον,
3402 883 3496 934 καὶ
3532 884 3714 953 Δίγια-

2147 963 2264 1029 λέα,
2303 967 2396 1019 κα)⁵
2440 966 2789 1033 Κλεόϐουλον,
2825 969 2916 1022 τὸν
2957 969 3056 1040 μὲν
3087 970 3196 1023 τῶν
3237 973 3393 1036 ἐκτὸς
3425 973 3599 1043 λόγων
3631 994 3714 1045 9t-

2146 1055 2372 1126 λόσονρον
2392 1098 2407 1124 ,
2441 1058 2532 1112 τὸν
2568 1058 2624 1112 δὲ
2667 1060 3097 1133 ἰατροσοφιστὴν,
3131 1062 3222 1115 τὸν
3251 1062 3307 1116 δὲ
3345 1064 3504 1133 φύσει
3538 1083 3712 1137 γραμ-

2148 1148 2395 1217 ματικὸν,
2436 1149 2529 1203 καὶ
2561 1150 2651 1205 τὸν
2691 1150 2849 1205 ἄλλον
2894 1153 3173 1223 σοφιστήν.
3222 1154 3330 1206 Καὶ
3369 1154 3579 1208 πολλῶν
3620 1159 3709 1228 ρη-

2146 1240 2331 1310 μάτων
2364 1242 2669 1314 εἰρημένων
2706 1242 2765 1310 ἐξ
2817 1244 3091 1317 ἑκατέρων
3136 1242 3245 1299 τῶν
3290 1245 3492 1318 μερῶν,
3530 1248 3624 1301 τοῦ
3655 1267 3709 1303 τε

2142 1332 2300 1406 Μάνη
2329 1332 2397 1387 τὰ
2434 1334 2533 1406 τῆς
2571 1333 2851 1405 μυθώδους
2880 1336 3225 1401 διδασκαλίας
3256 1338 3706 1410 προϐαλλομένου,

2142 1421 2234 1474 καὶ
2279 1419 2371 1475 τοῦ
2429 1423 2751 1495 Ἀρχελάου,
2798 1423 2986 1498 ὥσπερ
3028 1426 3401 1497 ἀριστεύοντας
3457 1430 3707 1493 ὁπλίτου,

2140 1514 2233 1568 καὶ
2264 1516 2331 1586 τῇ
2361 1515 2466 1588 ἰδίᾳ
2489 1516 2653 1569 αὑτοῦ
2687 1516 2911 1588 δυνάμει
2940 1517 3330 1590 καθαιροῦντος
3350 1520 3418 1574 τὰ
3443 1519 3574 1595 βέλη
3609 1522 3709 1578 τῶν

2138 1608 2457 1674 διεναντίας,
2500 1610 2561 1664 τὸ
2600 1610 2773 1683 πέρας
2813 1610 2874 1664 τὸ
2917 1607 3079 1684 ἦττον
3127 1612 3573 1683 ἀπενεγκαμένου
3620 1614 3707 1668 τοῦ

2137 1702 2318 1773 Μάνη,
2347 1702 2443 1755 καὶ
2473 1703 2770 1775 κρινάντων
2800 1702 2909 1757 τῶν
2942 1702 3166 1776 κριτῶν,
3196 1703 3256 1757 τὺ
3290 1704 3544 1776 βραϐεῖον
3575 1702 3708 1762 εἶναι

2069 1788 2111 1842 Β
2139 1793 2204 1863 τῇ
2234 1790 2481 1864 ἀληθείᾳ.
2682 1804 2683 1807 ‘
3316 1820 3321 1825 -

1851 1877 2022 1947 Idem,
2052 1881 2206 1951 sum,
2254 1882 2281 1955 ς
2309 1883 2396 1938 ιι.

539 1977 667 2032 inde
712 1975 877 2047 igitur
921 1974 1207 2030 discedens
1233 1971 1418 2028 Manes
1462 1972 1808 2029 Diodoridem
1839 1972 2033 2045 (pagus

466 2072 517 2129 is
546 2078 631 2126 est
653 2070 706 2124 in
731 2067 1043 2137 Carcharis)
1071 2082 1193 2123 sese
1225 2065 1459 2121 contulit
1486 2083 1500 2120 :
1541 2065 1633 2120 ubi
1661 2064 1920 2136 Tryphon
1952 2066 2029 2137 (3)

466 2162 690 2233 quidam
723 2168 841 2215 erat
862 2158 946 2213 vir
971 2158 1231 2228 Optimus,
1261 2171 1328 2211 ac
1350 2165 1464 2211 tum
1494 2155 1599 2211 loci
1630 2156 1775 2213 illius
1803 2155 2028 2228 presby-

467 2265 565 2311 ter.
628 2253 709 2308 Ad
756 2253 901 2307 hunc
942 2250 1127 2305 Manes
1168 2250 1482 2314 divertens,
1533 2264 1751 2303 rursum
1800 2248 2033 2303 miscere

470 2347 648 2404 omnia
672 2388 688 2414 ,
732 2360 798 2401 ac
826 2361 886 2401 se
916 2353 1233 2414 arroganter
1261 2340 1453 2397 efierre
1477 2380 1492 2405 ,
1525 2350 1719 2396 nactus
1754 2341 2027 2396 hominem

466 2437 667 2509 alioqui
734 2437 977 2501 bonum,
1031 2443 1085 2489 et
1132 2432 1417 2489 excellenti
1466 2432 1664 2503 pietate
1719 2432 2026 2501 praeditum,

466 2530 558 2586 sed
598 2530 863 2585 orationis
911 2526 1165 2598 praesidio
1209 2525 1547 2580 destitutum.
1596 2521 1795 2579 Verum
1839 2538 1908 2578 ne
1948 2522 2028 2579 sic

463 2621 712 2693 quidem,
762 2620 839 2675 uti
865 2626 1210 2690 speraverat,
1247 2617 1472 2673 illudere
1493 2616 1698 2672 Christi
1740 2632 1899 2673 servo
1925 2633 2024 2686 po-

465 2714 588 2769 tuit.

2221 1975 2500 2031 Ἐντεῦθεν
2545 1977 2574 2030 6
2602 1976 2795 2046 Μάνης
2826 1976 3155 2050 ἀποδράσας,
3177 1986 3281 2033 etc.
3323 1979 3707 2051 ’Δναχωρησας

2136 2066 2193 2122 δὲ
2250 2067 2470 2141 ἔρχεται
2522 2067 2604 2131 εἰς
2663 2066 2860 2140 κώμην
2911 2068 3010 2139 τῆς
3050 2069 3356 2141 Καρχάρων
3415 2072 3706 2144 Διοδωρίδα

2135 2158 2492 2231 καλουμένην,
2544 2161 2602 2213 ὲν
2730 2159 2962 2232 Τρύφων
3001 2178 3084 2224 τις
3129 2163 3533 2227 ἐπιεικέστατος
3589 2166 3706 2219 κατ’

2132 2252 2310 2305 έκεῖνο
2356 2250 2546 2323 καιροῦ
2590 2250 2851 2323 ἐτύγχανε
2897 2251 3005 2307 τῶν
3056 2253 3244 2308 αὐτόθι
3299 2252 3705 2327 πρεσϐύτερος·

2134 2342 2265 2415 παρ’
2300 2334 2346 2410 ᾧ
2384 2344 2413 2396 6
2445 2344 2637 2417 Μάνης
2667 2343 2975 2413 γενόμενος,
3012 2345 3171 2398 πάλιν
3215 2346 3386 2399 ἐκύκα
3415 2348 3679 2417 καυχώμε

2131 2452 2239 2499 νος,
2268 2433 2584 2489 καταλαϐὼν
2611 2436 2701 2491 τὸν
2738 2436 2905 2508 ἄνδρα
2941 2437 3142 2506 ἀγαθὸν
3178 2438 3277 2508 μὲν
3306 2438 3375 2492 τὰ
3412 2438 3570 2499 ἄλλα.
3611 2445 3705 2493 καὶ

2133 2522 2438 2594 θαυμαστὸν
2464 2526 2529 2596 τῇ
2564 2523 2861 2596 θεοσεϐείᾳ,
2891 2527 3138 2597 πενιχρὸν
3164 2527 3222 2580 δὲ
3246 2527 3504 2598 τῷλόγῳ.
3549 2530 3704 2584 Ἀλλά

2132 2614 2227 2695 καὶ
2267 2616 2325 2668 έν
2365 2613 2594 2680 τούτοις,
2635 2616 2710 2681 ὡς
2753 2616 3067 2689 ὑπείληφεν,
3100 2618 3203 2672 οὐκ
3244 2618 3462 2690 ἴσχυσεν
3509 2621 3705 2674 ἐπιτω-

2131 2707 2315 2774 θάζειν
2345 2708 2422 2781 τῷ
2452 2708 2547 2764 τοῦ
2580 2708 2813 2779 Χριστοῦ
2838 2710 3029 2782 δούλῳ.

1896 2824 2068 2880 Paulo
2106 2836 2224 2897 post
2252 2842 2270 2881 .'

534 2918 638 2976 Sed
683 2935 805 2975 cum
855 2918 1042 2974 Manes
1088 2917 1284 2972 iterum
1329 2930 1451 2971 cum
1489 2917 1779 2989 Tryplione
1804 2918 2022 2989 presby-
2053 2924 2096 2981 c

461 3020 578 3067 tero
609 3009 866 3082 congredi
901 3010 1079 3073 vellet,
1115 3009 1207 3079 qui
1241 3009 1341 3063 sibi
1374 3008 1427 3061 in
1454 3008 1723 3078 plerisque
1747 3009 2022 3063 contradi-

461 3113 643 3167 xerat,
686 3102 772 3156 ille
795 3117 907 3155 rem
934 3114 1149 3154 onmem
1194 3113 1289 3167 per
1321 3096 1524 3152 litteras
1554 3095 1819 3151 Archelao
1850 3097 2017 3168 signi-

463 3197 606 3252 ticat.

2214 2916 2490 2970 Ἐντεῦθεν
2544 2915 2703 2971 πάλιν
2752 2915 3103 2989 βουληθέντος
3162 2916 3513 2983 διαλέξασθαι
3570 2921 3704 2992 πρὸς

2127 3008 2391 3081 Τρύφωνα
2412 3009 2499 3063 τὸν
2532 3008 2912 3081 πρεσϐύτερον,
2932 3008 3024 3062 καὶ
3054 3008 3215 3063 αὑτοῦ
3242 3011 3301 3063 έν
3333 3010 3553 3074 πολλοῖς
3582 3014 3703 3065 αντε

2126 3100 2391 3164 ειπόντος,
2419 3098 2727 3170 γράψαντός
2748 3116 2805 3152 τε
2841 3098 2919 3170 τῷ
2960 3100 3242 3173 Ἀρχελάῳ,
3254 3109 3358 3157 etc.

1838 3277 1905 3331 Et
1952 3288 2068 3347 post
2089 3296 2258 3350 pauca
2282 3296 2300 3335 :

525 3376 847 3440 Archelaus,
893 3375 976 3429 bis
1001 3372 1236 3442 acceptis
1266 3372 1482 3438 litteris,
1512 3372 1650 3427 duos
1683 3371 1749 3425 ad
1790 3386 1915 3425 eum
1952 3371 2018 3426 li-

456 3471 586 3528 bros
620 3468 805 3531 mittit,
834 3480 974 3538 quos
996 3466 1048 3520 in
1080 3474 1332 3535 promptu
1359 3463 1628 3536 facileque
1658 3463 2019 3535 comprehen-

455 3564 649 3624 deret.
703 3568 894 3617 contra
943 3558 1154 3615 Mancm
1209 3559 1571 3629 conscriptos.
1648 3557 1913 3614 Cmterum
1962 3569 2023 3613 ut

455 3658 745 3713 adventum
790 3668 952 3709 suum
1005 3651 1410 3723 praestolaretur
1439 3649 1740 3705 admonuit.
1798 3647 2018 3704 Interim

456 3744 641 3804 Manes
666 3745 904 3801 medium
937 3744 991 3800 in
1017 3758 1211 3815 pagum
1239 3757 1454 3798 summo
1479 3740 1719 3797 diluculo
1741 3740 2017 3812 prodiens,

456 3838 801 3910 Tryphonem
844 3835 911 3890 ad
936 3833 1322 3904 disputandum
1349 3841 1627 3903 provocat.
1676 3831 1780 3899 Qui
1805 3846 1929 3886 cum
1958 3845 2019 3887 se

455 3930 718 3995 stitisset,
766 3936 820 3983 et
847 3926 916 3983 ad
945 3926 1128 3982 omnia
1171 3940 1294 3996 qua:
1319 3923 1610 3995 qumsierat
1633 3963 1648 3991 ,
1700 3921 2016 3993 singillatim

454 4036 551 4094 pro
579 4035 642 4077 ea
666 4034 830 4091 quam
862 4033 889 4072 a
921 4016 1030 4073 Deo
1077 4024 1355 4086 acceperat
1405 4014 1667 4085 sapientia
1701 4013 2017 4083 respondis-

452 4122 555 4181 set,
580 4123 742 4185 atque
762 4115 1112 4184 impostorem
1140 4110 1314 4166 lenius
1343 4111 1591 4181 agitaret,
1620 4111 1762 4182 apud
1790 4125 1849 4164 se
1877 4126 2014 4166 non-

453 4208 588 4263 nihil
616 4207 903 4272 haasitans;
935 4215 1151 4274 repente
1183 4202 1481 4258 Archelaus
1504 4219 1602 4258 nec
1634 4202 1857 4273 opinato
1881 4217 2014 4260 cou-

450 4310 669 4373 Spectus
692 4308 795 4366 est,
825 4300 921 4370 qui
951 4307 1205 4368 tanquam
1254 4296 1553 4352 acerrimus
1601 4296 2012 4368 paterfamilias,

450 4407 786 4462 suorumque
832 4389 1266 4446 studiosissimus
1289 4429 1303 4452 ,
1339 4388 1593 4444 audacter
1619 4388 1674 4443 in
1705 4389 2011 4459 praedonem

2204 3371 2261 3427 ὐ
2299 3371 2357 3425 δὲ
2399 3362 2712 3426 ἀπέστειλεν
2751 3370 2901 3443 αῦτῷ
2941 3370 3034 3427 δύο
3078 3372 3271 3443 λόγους
3315 3377 3375 3430 ὲν
3419 3381 3699 3451 προχείρῳ

2122 3463 2519 3520 καταλαϐέσθαι
2565 3463 2642 3536 τῷ
2692 3464 2874 3535 Μάνῃ,
2924 3464 3244 3530 ἐκδέξασθαι
3283 3468 3341 3521 δὲ
3383 3469 3483 3541 τὴν
3536 3472 3697 3524 αὐτοῦ

2123 3555 2424 3630 παρουσίαν
2446 3553 2594 3626 αὐτῷ
2628 3554 2918 3624 ἐσήμανεν.
2960 3554 3019 3607 '0
3054 3555 3244 3627 Μάνης
3269 3558 3328 3610 δὲ
3359 3559 3419 3611 ἐν
3450 3562 3520 3630 τῇ
3558 3560 3698 3632 μέσῃ

2127 3646 2289 3721 κώμῃ
2317 3645 2585 3719 προῆλθεν
2614 3642 3005 3717 ὀρθριαίτερον,
3036 3647 3511 3719 προσκαλούμενος
3543 3651 3601 3722 εχ
3624 3649 3694 3722 τῷ

2125 3718 2506 3812 συνάρξασθαι,
2545 3736 2927 3809 προκαλεῖσθαι
2959 3738 3048 3790 τὸν
3081 3718 3355 3810 Τρύφωνα
3391 3743 3472 3805 είς
3508 3718 3695 3811 λόγους

2120 3833 2294 3903 ἥκειν.
2333 3832 2440 3886 Καὶ
2479 3830 2572 3885 τοῦ
2613 3828 2901 3902 Τρύφωνος
2937 3829 3329 3903 ἰνδαλλομένου,
3365 3835 3695 3906 ἀποκριθέν-

2120 3941 2211 3990 τος
2239 3924 2295 3978 δὲ
2327 3923 2491 3978 αὑτοῦ
2527 3926 2663 3997 πρὸς
2690 3925 2818 3990 ἔπος
2850 3918 2923 3979 ὧν
2964 3924 3131 3997 ᾔτησε
3156 3926 3299 3980 κατὰ
3329 3927 3428 3999 τὴν
3456 3929 3527 3982 ὲκ
3556 3928 3691 3982 Θεοῦ

2119 4016 2362 4071 δοθεῖσαν
2395 4017 2538 4089 αὐτῷ
2570 4017 2805 4083 σύνεσιν,
2839 4021 2935 4074 καὶ
2968 4020 3365 4093 στροϐήσαντος
3404 4021 3502 4074 τὸν
3547 4022 3690 4075 ἀπα-

2117 4107 2310 4173 τεῶνα,
2356 4108 2538 4180 ἡρέμα
2567 4109 2703 4174 πῶς,
2740 4110 2797 4164 ἐν
2826 4104 2870 4180 ᾧ
2903 4110 3079 4183 ἐαυτῷ
3121 4109 3452 4181 ἐνεδοίαζεν]
3488 4112 3691 4165 ἀνακύ-

2120 4217 2243 4255 πτει
2283 4203 2311 4255 6
2363 4201 2647 4274 Ἀρχέλαος
2680 4202 2867 4275 ὥσπερ
2902 4203 3118 4276 ἰσχυρὸς
3153 4203 3545 4278 οἰκοδεσπότης
3581 4207 3689 4259 τῶν

2123 4290 2266 4344 ἰδίων
2304 4291 2746 4363 ἐπιμελούμενος,
2782 4294 2876 4347 καὶ
2915 4293 3055 4365 μετὰ
3093 4293 3402 4368 παρρησίας
3442 4295 3688 4349 ἐπελθὼν

2119 4381 2195 4455 τῷ
2236 4382 2395 4454 συλᾷν
2421 4384 2780 4457 ἐπιχειροῦντι
2814 4386 3166 4459 ὲνεϐριμεῖτο.
3197 4386 3374 4452 Εὐθὺς
3411 4387 3467 4440 δὲ
3503 4389 3580 4452 ὡς
3612 4385 3691 4442 εἷ-

452 4486 692 4543 fremens
719 4484 968 4539 incurrit.
1000 4482 1168 4549 Quem
1205 4490 1265 4535 ut
1287 4479 1471 4537 Manes
1505 4482 1736 4552 aspexit,
1760 4481 2012 4537 simulata

2132 4474 2204 4527 isv
2224 4474 2252 4526 6
2277 4473 2467 4544 Μάνης
2496 4473 2587 4527 τὸν
2622 4474 2926 4548 Ἀρχέλαον,
2953 4477 3383 4550 ὑποκοριστικῶς
3406 4479 3531 4531 καθ’
3556 4480 3691 4533 ὑπό-

454 4576 744 4641 blanditia,
783 4572 910 4628 Sine
932 4588 1041 4639 me,
1096 4573 1293 4643 inquit,
1326 4589 1448 4628 cum
1478 4572 1769 4644 Tryphone
1792 4581 2016 4628 conten-

450 4664 614 4731 dere;
664 4672 720 4716 tu
754 4661 897 4716 enim
941 4675 1027 4715 me
1049 4700 1066 4724 ,
1116 4677 1239 4716 cum
1275 4662 1352 4718 sis
1384 4662 1672 4732 episcopus
1696 4701 1712 4727 ,
1756 4662 2016 4733 dignitate

452 4770 695 4827 superas.
730 4751 1029 4807 Archelaus
1055 4767 1205 4818 vero,
1235 4768 1397 4808 exeo
1426 4754 1570 4824 quod
1591 4754 1702 4823 jam
1737 4753 1884 4809 illius
1912 4744 2014 4809 do-

451 4860 576 4917 gma
597 4843 937 4899 confutatum
983 4850 1119 4906 erat,
1168 4843 1338 4896 multo
1385 4859 1547 4913 quam
1579 4842 1759 4899 verbis
1784 4844 2012 4914 exprimi

449 4949 673 5012 posset,
705 4935 995 4992 simulandi
1026 4935 1360 4991 callidiorem
1402 4954 1524 4992 esse
1565 4937 1792 5004 docuit,
1842 4952 2014 5006 osque

455 5032 528 5086 illi
575 5043 804 5102 prorsus
849 5027 1097 5083 occlusit.
1152 5025 1290 5082 Tum
1333 5046 1454 5100 quae
1503 5030 1571 5083 ab
1602 5030 1693 5084 illo
1738 5031 2010 5100 proposita

453 5123 668 5179 fuerant
706 5120 1048 5184 dissolvens,
1104 5135 1305 5175 novum
1351 5122 1400 5175 ei
1443 5122 1702 5190 pudorem
1764 5121 2010 5187 incussit,

452 5227 575 5266 cum
608 5225 673 5265 ne
700 5209 911 5265 hiscere
938 5208 1157 5279 quidem
1190 5209 1425 5280 amplius
1455 5210 1696 5264 auderet.
1747 5209 1861 5264 Sub
1897 5209 2011 5267 haec

453 5303 724 5374 populus,
785 5300 1102 5357 ardentibus
1160 5316 1377 5357 rursum
1432 5301 1667 5369 animis,
1721 5302 2008 5357 scelestum

454 5393 605 5447 illum
649 5394 957 5463 opprimere
1002 5401 1231 5449 conatus
1260 5403 1359 5449 est.
1415 5393 1658 5461 Quorum
1705 5393 1794 5451 ille
1819 5409 2010 5450 manus

450 5485 713 5555 eﬂ‘ugiens
741 5484 810 5539 ad
839 5485 1120 5540 castellum
1146 5484 1434 5542 Arabionis
1458 5499 1708 5541 reversus
1731 5495 1832 5542 est.

523 5618 600 5689 (5)
640 5616 739 5674 llic
766 5620 1086 5683 notandum.
1115 5619 1474 5692 Epiplianium
1507 5633 1786 5692 perperam
1831 5639 1848 5671 ι
1881 5619 2011 5692 Τι’)-

448 5691 686 5764 phonem
724 5706 743 5739 ι
774 5703 966 5764 vocare
996 5691 1368 5764 presbyterum
1399 5692 1572 5764 illum,
1622 5690 1863 5764 quicum
1892 5690 1974 5744 Ma
1999 5723 2006 5731 -

450 5757 576 5821 nete
607 5757 931 5828 disputavit;
970 5757 1095 5815 nam
1128 5757 1184 5814 in
1216 5761 1366 5816 Actis
1396 5757 1778 5831 disputationis
1805 5760 2008 5816 Arche-

2116 4581 2294 4635 κρισιν
2345 4564 2446 4636 ἔφη
2472 4581 2485 4594 ⁸
2545 4566 2650 4620 Ἔα
2696 4584 2760 4638 με
2807 4567 2940 4640 πρὸς
2981 4568 3245 4640 Τρύφωνα
3294 4569 3684 4639 διαλέγεσθαι·

2115 4656 2428 4729 ὑπερϐαίνει
2459 4658 2567 4730 γάρ
2602 4676 2670 4731 με
2704 4659 2765 4713 τὸ
2813 4659 2903 4714 σὺν
2944 4659 3161 4732 ἀξίωμα
3196 4660 3284 4715 διὰ
3326 4661 3418 4715 τὸν
3460 4663 3686 4716 ἐπῖσκο-

2115 4765 2233 4802 πον.
2275 4749 2333 4802 Ὀ
2359 4749 2438 4814 δὲ,
2465 4750 2560 4804 καὶ
2587 4750 2726 4822 μετά
2750 4750 3003 4822 ἐλέγχους
3022 4751 3116 4806 τοῦ
3142 4751 3299 4821 λόγου
3329 4752 3556 4822 μείζονα
3584 4755 3685 4806 αύ-

2112 4838 2202 4892 τδν
2242 4839 2537 4911 ὑποκριτὴν
2576 4840 2882 4906 ἀποδείξας,
2932 4842 3314 4912 ἀπεφίμωσεψ
3355 4842 3465 4895 τῶν
3500 4843 3559 4897 δὲ
3592 4843 3683 4895 ὑπ’

2113 4929 2321 4982 ἐκείνου
2355 4931 2718 5002 προτεθέντων
2752 4932 2925 5001 λόγων
2950 4932 3048 4996 τάς
3077 4932 3347 4996 ὲπιλύσεις
3377 4934 3684 5005 ποιησάμεο

2113 5039 2220 5085 νος,
2248 5018 2401 5087 αὖθις
2428 5025 2506 5088 εἰς
2534 5024 2791 5096 αἰσχύνην
2815 5025 2974 5079 αὐτὸν
3008 5025 3325 5096 κατέστησε,
3364 5027 3568 5097 μηκέτι
3592 5026 3687 5081 δυ-

2112 5113 2340 5183 νάμενον
2360 5115 2585 5187 διαίρειν
2613 5117 2807 5186 στόμα.
2837 5117 2900 5169 Ol
2928 5116 2984 5171 δὲ
3006 5116 3125 5170 λαοὶ
3147 5116 3304 5187 ζῆλον
3341 5117 3506 5173 πάλιν
3533 5119 3683 5172 ἀνει-

2110 5209 2356 5282 ληφότες,
2407 5212 2699 5284 ἐπειρῶντο
2744 5212 2833 5266 τὸν
2887 5211 3162 5284 ἀλιτήριον
3221 5213 3679 5287 διαχειρίσασθαι.

2122 5301 2180 5356 '0
2206 5302 2283 5365 δὲ,
2312 5302 2552 5375 ἀποδρὰς
2582 5303 2708 5368 τοὺς
2736 5303 2960 5375 δήμους,
2987 5304 3081 5357 καὶ
3115 5305 3195 5368 εἰς
3220 5305 3309 5358 τὸν
3342 5308 3683 5380 προειρημέ-

2110 5410 2197 5449 νον
2228 5392 2517 5447 κάστελλον
2557 5394 2878 5466 Ἀραϐίωνος
2896 5394 3057 5450 πάλιν
3080 5396 3324 5465 ἀφῖκται.

2110 5622 2177 5676 lai
2217 5642 2234 5674 ι
2274 5622 2540 5694 Diodorus
2576 5641 2594 5674 ι
2621 5622 2833 5694 diserte
2858 5624 3197 5694 appellatur,
3224 5621 3487 5682 Eumdem
3516 5642 3681 5683 erro-

2110 5708 2223 5749 rem
2253 5694 2453 5748 erravit
2477 5692 2702 5751 Photius
2728 5692 2868 5749 infra
2899 5692 3049 5750 num.
3078 5695 3132 5749 7.
3163 5693 3393 5750 Zacacs.
