3966 6206
250 311 385 366 “23

1427 304 1756 360 VETEltUM
1799 306 2239 367 TESTIMONIA.

3349 307 3481 362 Ηᾶὸ

1604 426 1773 489 Idem,
1805 428 1958 493 ibid.,
1991 428 2124 493 §‘21.

1604 428 1773 489 Idem,
1805 428 1815 479 ἰ

321 518 463 587 Ἰιδη
495 516 550 571 δὲ
588 519 812 591 ἀνδράσι
845 520 1099 590 μεγάλοις
1147 520 1471 590 θαυμαστῶς
1499 522 1617 575 κατ’
1653 522 1814 575 αὑτοῦ

1930 469 1958 493 .,
2037 428 2124 481 ‘21.

1988 428 2106 576 iam
2137 539 2166 577 a
2193 524 2401 593 magnis
2434 523 2564 577 viris
2595 522 2939 577 admirabiles
2964 521 3029 576 ad
3061 520 3205 577 illius
3236 519 3481 574 refutan-

246 610 597 682 ἀντιρρήσεις
623 610 714 664 τοῦ
755 611 973 682 ἐλέγχου
1009 613 1329 685 πεποίηνται
1354 630 1366 644 ’
1408 613 1680 685 Ἀρχελάω
1717 613 1812 683 μὲν

244 702 323 773 τῷ
362 702 662 774 ἐπισκὸπῳ,
694 702 768 767 ὡς
800 704 1135 777 προείρηται.

1919 614 2020 668 dos
2046 628 2259 668 errores
2294 614 2697 669 lucubrationes
2741 623 2866 669 sunt
2890 614 3045 668 edita:
3068 654 3083 678 ,
3110 613 3257 669 velut
3284 612 3351 666 ab
3381 612 3482 665 Ar-

1920 705 2110 759 chelao
2137 706 2414 776 episcopo,
2458 716 2515 760 ut
2545 715 2700 761 antea
2725 706 2929 761 dictum
2962 714 3061 759 est.

1721 798 1787 851 Et
1828 797 1855 869 §
1897 800 1986 853 25.

320 891 476 943 Κατὰ
510 890 653 954 λέξιν
680 891 736 944 δέ
763 891 997 961 καθεξῆς
1048 894 1299 959 ὑποτάξω
1354 893 1732 964 ἁρμοττόντως
1755 892 1816 945 τὸ

247 979 410 1032 αὑτοῦ
435 979 688 1049 φρόνημα
712 980 819 1033 ἀπὸ
856 981 1143 1050 Ἀρχελάου
1166 982 1301 1054 πρὸς
1321 982 1478 1035 αὑτὸν
1499 999 1817 1053 πεπραγμα-

246 1070 523 1141 τευμένων
556 1072 612 1123 ἐν
669 1074 733 1141 τῇ
771 1071 907 1151 πρὸς
959 1071 1116 1124 αὐτὸν
1163 1074 1468 1145 ἀντιλογίᾳ,
1531 1073 1605 1137 ὡς
1652 1073 1814 1137 αὐτὸς

249 1160 568 1231 ἀπεκάλυψε
625 1161 871 1233 Τύρϐων,
907 1158 985 1226 εἷς
1038 1162 1143 1216 τῶν
1187 1162 1350 1217 αὑτοῦ
1384 1164 1658 1236 μαθητῶν,
1689 1166 1816 1235 περὶ

248 1244 310 1304 οὗ
346 1253 456 1305 ἄνω
507 1252 874 1324 ἐπεμνήσθην.
952 1256 1443 1327 Ἐπερωτησάντων
1498 1256 1675 1309 τοίνυν
1708 1257 1815 1310 τῶν

250 1344 379 1416 περὶ
420 1346 703 1416 Ἀρχέλαον
751 1347 838 1399 τὸν
868 1346 1166 1401 ἐπίσκοπον
1193 1350 1284 1402 καὶ
1334 1349 1650 1421 Μάρκελλον
1676 1350 1816 1421 Τύρ-

251 1436 398 1488 ϐωνα
430 1437 553 1508 περὶ
578 1438 677 1509 τῆς
701 1437 794 1491 τοῦ
818 1438 975 1510 Μάνη
1004 1439 1365 1507 διδασκαλίας,
1388 1442 1416 1493 ὁ
1443 1441 1665 1513 Τύρϐων
1692 1442 1817 1495 ἁπε-

250 1526 473 1597 κρίνατο
501 1526 692 1596 λέγων,
725 1529 880 1583 ἆτινα
909 1531 974 1584 ἐκ
995 1529 1087 1583 τοῦ
1122 1530 1324 1601 βιϐλίου
1355 1531 1689 1603 παρεθέμην,
1725 1532 1819 1585 καὶ

248 1618 365 1671 ἐστι
397 1619 541 1672 τάδε.

1991 890 2093 946 Sed
2128 908 2271 946 nunc
2300 892 2443 947 illius
2469 893 2662 962 dogma
2701 894 2764 946 ad
2802 891 3022 947 verbum
3052 935 3066 958 ,
3096 895 3174 947 uti
3197 903 3483 948 consenta-

1923 1000 2083 1038 neum
2114 992 2197 1037 est
2221 1024 2235 1046 ,
2266 985 2531 1038 ascribam
2560 1024 2573 1045 ,
2625 1000 2687 1037 ex
2715 984 2962 1039 Archelai
2994 998 3154 1057 opere
3179 1024 3193 1049 ,
3223 986 3364 1054 quod
3391 987 3485 1041 ad-

1921 1088 2112 1127 versus
2157 1073 2404 1126 eumdem
2446 1073 2595 1127 illum
2623 1074 2809 1140 edidit,
2845 1090 2906 1128 ex
2942 1075 3009 1129 iis
3032 1090 3152 1144 quae
3179 1091 3207 1129 a
3238 1074 3487 1147 Tyrbone

1923 1164 2193 1235 discipulo
2238 1164 2383 1221 illius
2412 1174 2723 1235 acceperat,
2753 1167 2819 1221 de
2848 1182 2957 1236 quo
3000 1167 3325 1221 mentionem
3363 1176 3486 1222 ante

1926 1255 2176 1310 fecimus.
2212 1254 2345 1310 Nam
2380 1274 2501 1311 eum
2535 1259 2830 1312 Archelaus
2861 1258 3164 1328 episcopus,
3186 1268 3237 1313 et
3263 1258 3486 1314 Marcel-

1924 1350 2009 1401 lus
2040 1348 2106 1401 de
2130 1347 2299 1403 Manis
2330 1349 2674 1418 dogmatibus
2706 1349 3005 1418 'l'yrbonem
3042 1351 3485 1422 interrogassent,

1924 1444 2038 1497 lucc
2076 1443 2163 1497 ille
2191 1442 2305 1512 ipsa
2332 1441 2631 1509 respondit,
2664 1456 2784 1511 qum
2813 1458 2910 1495 nos
2939 1456 2999 1494 es
3030 1458 3093 1494 eo
3124 1442 3259 1494 libro
3286 1440 3488 1494 deseri-

1929 1533 2160 1604 psimus,
2196 1542 2429 1602 suntque
2452 1532 2739 1601 ejusmodi.

324 1712 636 1783 Sequuntur
656 1724 907 1785 excerpta
950 1731 1013 1770 ex
1044 1716 1193 1771 Ac'is
1239 1715 1626 1784 disputationis
1656 1715 1903 1770 Archelai
1935 1730 2057 1769 cum
2077 1714 2306 1778 Manete,
2334 1732 2452 1783 qua:
2480 1714 2523 1767 G
2579 1713 2638 1766 L.
2676 1714 2943 1769 habentur
2970 1713 3021 1766 in
3049 1712 3280 1767 editione
3305 1720 3485 1766 nostra

248 1816 369 1870 cap.
397 1800 509 1855 VII.
538 1834 605 1841 —
633 1803 776 1856 Idem
809 1803 1143 1873 Epiphanius
1174 1804 1226 1858 in
1259 1803 1396 1857 libro
1431 1802 1504 1856 De
1538 1805 1796 1858 mensuris
1824 1812 1870 1858 et
1907 1804 2243 1871 ponderibus,
2278 1805 2303 1875 §
2332 1806 2420 1870 '20,
2463 1805 2657 1859 iterum
2700 1804 2947 1859 meminit
2985 1801 3231 1859 Archelai
3263 1804 3486 1875 ejusque

249 1893 633 1965 disputationis
658 1911 780 1950 cum
811 1895 1041 1952 Maneto.

1177 2085 1235 2142 S.
1275 2086 1645 2157 Hieronymus,
1683 2087 1773 2139 lib.
1808 2088 1871 2141 de
1905 2046 2268 2149 Vir.illustr.,
2314 2102 2429 2156 cap.
2466 2086 2552 2139 72.

320 2178 640 2233 Ancaeuus
672 2178 958 2247 episcopus
982 2177 1382 2250 Mesopotamia:
1410 2182 1603 2234 librum
1630 2181 1817 2251 disptt-
1849 2193 1891 2246 Β
1921 2182 2216 2236 translatus
2269 2182 2321 2235 in
2371 2180 2617 2235 Graecum
2672 2180 2901 2235 habetur
2944 2195 2971 2233 τι
3020 2180 3222 2234 multis.
3281 2180 3487 2237 Claruit

249 2270 476 2325 tationis
502 2286 615 2324 suae
642 2286 804 2339 quam
847 2271 1033 2325 habuit
1076 2272 1334 2327 adversus
1359 2272 1709 2326 Manichmum
1735 2288 1823 2326 ex-

246 2371 467 2417 euntem
498 2361 564 2415 de
589 2359 841 2424 Perside,
876 2359 1012 2432 Syro
1043 2377 1291 2417 sermone
1335 2364 1673 2433 composuit;
1726 2366 1819 2433 qui

1824 2480 1911 2535 IV.

1929 2274 2030 2328 sub
2062 2274 2385 2343 imperatore
2420 2271 2618 2337 Probo,
2652 2272 2743 2343 qui
2771 2271 3058 2325 Aureliano
3083 2282 3136 2327 et
3162 2272 3351 2327 Tacito
3374 2287 3491 2329 suc-

1927 2376 2175 2422 cesserat.

344 2598 693 2653 Heraclianus
717 2598 1149 2653 Chalcedonensis
1175 2599 1465 2668 episcopus,
1491 2602 1543 2654 in
1576 2602 1724 2657 libris
1756 2603 2000 2657 adversus
2031 2603 2369 2657 Manicltwos.
2399 2602 2551 2671 Apud
2585 2602 2827 2657 Photium
2858 2600 3111 2656 Biblioth.
3148 2601 3261 2653 cod.
3292 2614 3409 2655 xcv.

331 2718 646 2789 Ἀνατρέπει
700 2717 755 2771 δὲ
795 2719 854 2771 τὸ
920 2718 1066 2788 παρὰ
1116 2719 1434 2790 Μανιχαίοις
1490 2720 1818 2791 καλούμενον

249 2809 601 2878 Εὑαγγὲλιον,
631 2810 724 2862 καὶ
751 2809 847 2880 τὴν
877 2810 1184 2878 Γιγάντειον
1206 2810 1403 2881 βίϐλον,
1434 2813 1527 2864 καὶ
1557 2813 1680 2875 τοὺς
1713 2812 1819 2883 Θη-

249 2901 502 2972 σαυρούς.
536 2900 834 2969 Καταλὲγει
859 2902 952 2955 καὶ
973 2902 1083 2954 ὅσοι
1111 2901 1214 2973 πρὸ
1235 2902 1396 2956 αὐτοῦ
1431 2902 1571 2956 κατά
1600 2903 1697 2973 τῆς
1724 2902 1815 2955 τοῦ

248 2992 550 3061 Μανιχαίου
609 2991 948 3063 συνέγραψαν
1003 2991 1319 3062 ἀθεότητος,
1388 2993 1700 3065 Ἦγεμόνιόν
1758 3010 1816 3046 τε

251 3082 349 3135 τὸν
379 3083 476 3148 τὰς
522 3084 811 3155 ’Δρχελάου
853 3085 987 3155 πρὸς
1015 3086 1172 3140 αὐτὸν
1220 3086 1523 3156 ἀντιλογίας
1582 3088 1818 3161 ἀναγρά-

246 3173 445 3244 ψαντα.

1995 2724 2193 2778 Evertit
2226 2738 2352 2777 vero
2384 2722 2433 2776 id
2461 2764 2475 2790 ,
2526 2723 2670 2792 quod
2701 2720 2982 2775 Manichzei
3016 2719 3287 2787 appellant
3312 2716 3487 2790 Evam

1924 2816 2142 2886 gelium,
2171 2824 2223 2869 ct
2250 2814 2570 2884 Giganteum
2595 2814 2812 2875 librum,
2844 2822 3003 2881 atque
3034 2808 3361 2864 Thesauros.
3382 2806 3490 2862 Re—

1925 2914 2107 2963 censet
2156 2903 2379 2973 insuper
2424 2919 2550 2966 eos,
2604 2902 2694 2971 qui
2746 2911 2868 2955 ante
2899 2917 2957 2955 se
2989 2901 3040 2954 in
3071 2899 3487 2953 Manichaeorum

1927 2996 2256 3065 impietatem
2285 2996 2555 3051 calamum
2584 2996 2953 3057 strinxerunt,
2989 2990 3376 3063 llegemonium
3408 2990 3489 3043 ni-

1928 3087 2147 3153 mirum,
2177 3088 2267 3158 qui
2296 3087 2716 3157 disputationem
2740 3084 2991 3140 Archelai
3018 3084 3278 3140 adrersus
3310 3082 3484 3152 ipsum

1925 3177 2190 3234 Manetem
2227 3178 2564 3249 perscripsit,
2599 3189 2702 3232 etc.

1842 3287 1884 3341 V

1317 3378 1583 3442 Socrates,
1623 3379 1765 3433 Hist.
1790 3382 1973 3437 eccles.
2032 3382 2103 3435 lib
2129 3400 2166 3449 t,
2191 3399 2306 3451 cap.
2355 3381 2444 3436 22.

321 3465 503 3520 Ταῦτα
527 3466 583 3520 δὲ
606 3468 766 3537 ἡμεῖς
797 3466 857 3520 οὐ
915 3465 1218 3530 πλάσαντες
1269 3466 1519 3539 λέγομεν·
1557 3468 1690 3523 ἀλλὰ
1722 3470 1812 3523 διὰ

1989 3470 2166 3539 Atque
2202 3474 2315 3525 haec
2350 3486 2449 3525 nos
2482 3471 2900 3540 haudquaquam
2926 3466 3218 3523 commenti
3249 3483 3439 3524 sumus
3472 3486 3490 3537 ;

248 3559 408 3627 λόγου
469 3559 756 3629 Ἀρχελάου
802 3557 895 3611 τοῦ
952 3558 1250 3611 ἐπισκόπου
1304 3561 1629 3630 Κασχάρων,
1689 3562 1815 3629 μιᾶς

1930 3562 2013 3617 sed
2042 3578 2105 3614 ex
2143 3562 2508 3629 disputatione
2537 3562 2769 3630 quadam
2811 3559 3059 3614 Archelai
3091 3559 3489 3614 Cascharorum

249 3650 361 3702 τῶν
392 3652 448 3702 ἐν
476 3648 867 3720 Μεσοποταμίᾳ
896 3648 1122 3712 πόλεων,
1168 3649 1477 3717 ἐντυχόντες
1510 3650 1813 3721 συνηγάγο-

1930 3652 2076 3707 urbis
2104 3652 2159 3705 in
2193 3651 2582 3720 Mesopotamia
2632 3651 2868 3721 episcopi
2891 3690 2905 3715 ,
2936 3666 2966 3705 a
3001 3650 3158 3705 nobis
3187 3649 3323 3706 lecta
3343 3690 3358 3715 ,
3390 3668 3487 3705 ex-

252 3759 380 3813 μεν·
416 3742 572 3804 αὐτὸς
597 3742 704 3812 γὰρ
767 3740 1051 3813 Ἀρχέλαος
1096 3742 1440 3813 διαλεχθῆναι
1484 3742 1629 3813 αὐτῷ
1684 3762 1815 3814 φησι

1930 3743 2240 3812 :erpsimus.
2261 3741 2358 3797 llic
2384 3744 2525 3796 enim
2541 3743 2834 3797 Archelaus
2850 3742 2944 3806 ait,
2966 3758 3021 3795 sc
3046 3756 3165 3795 cutn
3194 3742 3487 3796 Manichaee

247 3836 345 3890 καὶ
373 3834 441 3888 τὰ
469 3834 933 3905 προγεγραμμένα
966 3836 1045 3897 είς
1067 3833 1156 3887 τὸν
1192 3834 1304 3905 βίον
1332 3834 1624 3889 ἐκτίθεται.

1930 3852 2035 3905 ίρδο
2063 3835 2372 3904 disputasse
2398 3877 2411 3899 ,
2444 3843 2497 3887 et
2522 3850 2583 3888 ea
2609 3849 2729 3903 quae
2772 3834 3021 3902 superius
3072 3848 3102 3885 a
3138 3832 3295 3887 nobis
3319 3833 3486 3887 relata

1922 3935 2070 3992 sunt,
2104 3926 2170 3981 de
2202 3925 2350 3981 illius
2379 3926 2486 3980 vita
2519 3935 2927 3981 commemorat.

1817 4043 1907 4099 Vl.

329 4130 543 4189 Perses
579 4132 807 4188 SICULUS
838 4133 891 4187 in
921 4134 1167 4189 Historia
1199 4134 1610 4190 Manichaeorum
1630 4177 1647 4203 ,
1699 4151 1822 4207 pag.
1931 4138 2071 4191 suris
2102 4147 2151 4192 et
2180 4134 2517 4207 ponderibus,
2549 4144 2601 4191 et
2629 4152 2692 4189 ex
2724 4134 2962 4190 Socratis
2990 4132 3230 4187 Historia
3249 4131 3488 4187 ecclesia-

249 4223 342 4284 25.
369 4224 437 4278 '55
460 4234 511 4278 et
534 4223 624 4289 37,
649 4239 712 4278 ea
735 4235 931 4280 cuncta
957 4226 1025 4280 ad
1052 4226 1276 4281 verbum
1300 4224 1485 4292 refert,
1517 4243 1637 4297 qua:
1661 4242 1824 4297 supra
1929 4230 2083 4292 stica,
2113 4229 2178 4283 de
2204 4227 2473 4282 Archelao
2494 4226 2720 4297 ejusque
2743 4240 2867 4281 cum
2888 4223 3097 4279 Maneto
3126 4222 3487 4294 disputatione

249 4330 316 4370 ex
341 4315 541 4387 Cyrillo
568 4313 1055 4388 Hierosolymitano
1082 4359 1097 4383 ,
1148 4315 1205 4372 S.
1238 4316 1542 4389 Epiphanio
1579 4318 1656 4373 De
1676 4335 1820 4372 men-
1931 4318 2092 4373 modo
2124 4318 2430 4373 retulimus.

1823 4411 1931 4467 VII.

395 4504 636 4573 Photius,
680 4507 772 4563 lib.
802 4523 841 4576 ι,
880 4506 1126 4563 adversus
1154 4508 1491 4565 Manichwos.
1528 4508 1719 4562 Exstat
1759 4509 1931 4564 editus
1966 4510 2023 4562 in
2058 4508 2311 4562 Bibliotlt.
2350 4506 2574 4562 Coislin.
2605 4523 2651 4559 υ.
2697 4502 2763 4557 cl.
2809 4503 3103 4573 Montlauc.
3137 4519 3189 4573 ρ.
3221 4499 3345 4557 556.

318 4594 500 4661 Φυγὰς
552 4594 599 4666 (ὁ
644 4595 856 4667 Μάνης)
906 4596 1307 4667 καταλαμϐάνει
1366 4594 1804 4667 Μεσοποταμίαν,

247 4684 343 4738 καὶ
370 4682 610 4754 σπείρειν
639 4683 800 4738 πάλιν
828 4685 1130 4755 ἀπάρχεται
1161 4686 1227 4739 τὰ
1250 4685 1348 4755 τῆς
1374 4684 1705 4748 ἀποστασίας
1731 4684 1810 4748 ζι-

250 4776 426 4840 ζάνια.
476 4776 531 4827 Ὀ
578 4776 633 4828 δὲ
664 4776 770 4829 τῶν
824 4776 1128 4848 Καρχάρων
1170 4776 1481 4841 ἐπίσκοπος,
1526 4775 1810 4847 Ἀρχέλαος

248 4865 399 4936 αὐτῷ
450 4865 637 4936 ὄνομα,
671 4866 806 4938 ἀνὴρ
865 4867 1026 4937 ἱερὸς,
1054 4868 1144 4921 καὶ
1196 4868 1323 4938 περὶ
1366 4867 1553 4936 λόγους
1604 4866 1729 4931 τούς
1751 4884 1809 4919 τε

1989 4596 2032 4651 E
2064 4611 2285 4652 carcere
2330 4594 2541 4665 fugiens
2575 4592 2799 4664 (Manes)
2841 4593 2897 4647 in
2923 4594 3365 4664 Mesopotamiam
3403 4607 3488 4646 ve-

1916 4687 2028 4754 nit,
2073 4689 2257 4759 ibique
2306 4687 2575 4741 haereseos
2623 4702 2736 4740 suae
2770 4686 2975 4740 zizania
3006 4688 3197 4742 iterum
3233 4700 3486 4756 spargere

1918 4780 2102 4849 cmpit.
2134 4780 2204 4833 At
2226 4779 2625 4834 Carcharorum
2652 4780 2941 4850 episcopus
2965 4780 3049 4835 cui
3074 4794 3267 4832 nomen
3293 4775 3487 4830 Arche-

1921 4873 2063 4938 laus,
2114 4872 2198 4926 vir
2223 4887 2398 4936 sacer,
2454 4882 2507 4927 et
2532 4871 2700 4925 multa
2735 4872 2787 4925 in
2822 4871 3162 4927 sermonibus
3192 4870 3257 4924 de
3286 4868 3485 4923 divinis

250 4956 427 5020 θείους
460 4958 697 5020 καὶτοὺς
730 4958 1101 5030 ἀνθρωπίνους
1150 4960 1466 5031 περιδέξιος,
1510 4960 1815 5033 Ἑλληνικὸν

1930 4963 2285 5033 humanisque
2360 4963 2522 5018 rebus
2574 4963 2892 5018 dexteritate
2944 4963 3237 5029 praeditus,
3295 4970 3485 5017 coacto

249 5049 639 5122 ἀθροισάμενος
672 5050 1048 5125 ἀκροατήριον,
1081 5053 1165 5105 ἵνα
1196 5054 1268 5124 μὴ
1300 5052 1445 5124 δόξῃ,
1479 5053 1816 5124 Χριστιανῶν

250 5141 563 5209 κρινόντων,
598 5141 872 5213 φιλοτιμίᾳ
897 5142 1189 5214 λαμϐάνειν
1220 5144 1289 5198 τὰ
1311 5146 1598 5216 νικητήρια
1632 5146 1664 5216 ή
1689 5145 1817 5216 ἀλή-

251 5230 393 5295 θεια,
420 5232 554 5302 πρὸς
576 5232 667 5286 τὸν
702 5234 799 5304 τῆς
837 5234 1030 5304 μανίας
1082 5235 1386 5307 ἐπώνυμον,
1416 5236 1506 5292 τὸν
1532 5237 1629 5307 τῆς
1662 5238 1815 5291 εὐσε-

249 5322 406 5386 ϐείας
436 5324 765 5395 ἀνακινήσας
796 5324 972 5394 λόγον,
1025 5327 1166 5381 οὕτω
1215 5328 1517 5399 κατῄσχυνε
1570 5328 1664 5381 καὶ
1709 5328 1815 5381 διέ-

248 5415 409 5483 λεγξε
439 5416 528 5468 τὸν
558 5416 978 5489 τρισαλιτήριον,
1012 5420 1086 5482 ὼς
1120 5420 1318 5474 αὐτίκα
1347 5437 1407 5473 τε
1441 5423 1632 5489 φυγεῖν
1670 5422 1814 5472 ἐκεί-

250 5508 365 5572 θεν,
398 5508 492 5561 καλ⁸
523 5509 656 5581 μηδὲ
680 5510 816 5580 φυὴν
838 5510 1018 5564 λαϐεῖν
1050 5511 1117 5564 τὰ
1144 5512 1242 5582 τῆς
1283 5512 1618 5575 ἀποστασίας
1646 5509 1811 5563 αὐτοῦ

248 5601 563 5673 σπέρματα.
635 5601 769 5654 Ἀλλ’
820 5604 1021 5657 ἐκεῖθεν
1088 5604 1353 5674 ἀποδρὰς,
1411 5602 1812 5672 καταλαμϐάνει

249 5692 445 5767 κώμην
476 5692 597 5747 τινὰ
621 5692 725 5746 τῶν
752 5693 1167 5765 εὐτελεστάτων,
1197 5696 1356 5750 κάκεῖ
1383 5696 1543 5750 πάλιν
1580 5692 1812 5748 ὑποθάλ-

1922 5055 2262 5110 ethnicorum
2294 5054 2568 5109 auditorio
2590 5095 2603 5119 ,
2640 5070 2706 5109 ne
2735 5055 2781 5110 si
2813 5053 3104 5109 Christiani
3127 5052 3479 5122 iudicassent,

1922 5148 2139 5203 veritati
2189 5148 2473 5203 victoriam
2513 5148 2757 5217 judicum
2799 5147 2980 5202 favore
3019 5146 3249 5200 cessisse
3272 5144 3483 5198 videre-

1922 5247 2031 5306 tur,
2084 5253 2257 5309 usque
2305 5238 2441 5293 adeo
2470 5237 2855 5307 impiissimum
2885 5238 3030 5291 illum
3066 5234 3336 5303 redarguit
3364 5240 3485 5287 tan-

1921 5344 2084 5401 toque
2113 5331 2319 5400 pudore
2346 5330 2589 5395 sulfudit,
2643 5338 2700 5384 ut
2746 5330 2927 5384 statim
2958 5326 3137 5396 fugam
3168 5325 3478 5394 arripuerit,

1920 5431 1975 5477 et
2005 5423 2123 5491 ejus
2151 5423 2421 5478 haereseos
2471 5422 2676 5477 semina
2703 5461 2717 5485 ,
2773 5429 3059 5486 antequam
3106 5423 3478 5479 nascerentur,

1922 5524 2180 5579 oppressa
2205 5510 2427 5566 fuerint.
2484 5508 2657 5563 Porro
2686 5507 2811 5561 inde
2838 5507 3048 5576 fugiens
3074 5505 3279 5570 Manes,
3307 5504 3372 5558 ad
3402 5507 3484 5556 νῖν

1920 5602 2186 5655 lissimum
2213 5603 2483 5671 quoddam
2512 5599 2766 5670 Oppidum
2794 5599 3054 5668 pervenit,
3085 5599 3265 5668 ibique
3292 5612 3483 5651 rursus

1919 5691 2102 5747 fovere
2150 5699 2315 5761 atque
2363 5691 2615 5761 evulgare
2652 5702 2806 5744 suam
2838 5688 3170 5760 impietatem
3200 5687 3480 5743 machina—
