3996 6208
612 275 637 329 Ι
648 275 748 330 ιῖῚ

1468 265 1524 320 S.
1564 265 1974 323 ARCHELAUS
2016 262 2522 320 MESOPOTAMIE
2560 263 2941 321 EPISCOPUS.

3620 268 3721 324 N28

609 368 799 435 batur;
836 365 930 424 sed
960 365 1256 422 acerrimus
1276 366 1490 436 pietatis
1517 374 1883 436 prepugnator
1904 374 1958 420 et
1983 380 2042 421 re
2071 367 2187 420 ve-'

2145 367 2243 429 -Ἀ
2271 382 2392 419 πειν
2442 365 2771 436 ἐμηχανᾶτο,
2800 367 2893 417 και
2925 358 3322 431 παραδεικνύειν
3350 358 3406 411 τὸ
3428 359 3593 417 οίιιεῖον
3628 359 3723 411 δυσρ

611 473 681 520 η,
700 467 885 528 pastor
928 456 1227 513 Archelaus
1265 457 1359 528 qui
1388 457 1626 512 sedulam
1653 456 1832 511 ovium
1867 472 2050 511 curam
2081 471 2173 527 ge-

611 554 802 617 rebat,
849 553 1099 607 eumdem
1136 552 1262 621 lupo
1297 551 1575 607 szeviorem
1616 551 1669 605 in
1710 549 1909 605 Christi
1933 565 2167 619 gregem,

2270 458 2501 530 σέϐημα·
2538 457 2652 511 ἀλλ’
2682 460 2711 510 6
2734 454 2931 528 θερμὸς
2956 452 3053 523 τῆς
3089 449 3351 513 εὐσεϐείας
3376 449 3639 521 ὐπέρμαχος
3658 452 3729 503 καὶ

2265 550 2340 614 ὡς
2368 549 2581 620 άληθῶς
2636 547 2833 618 ποιμὴν
2875 545 3174 616 Ἀρχέλαος,
3201 543 3259 595 ού
3282 542 3371 612 τὴν
3404 540 3625 611 τυχοῦσαν
3649 540 3729 593 τῶν

610 654 671 698 ιιι
690 660 814 698 eum
850 643 1203 713 disperderet,
1226 643 1518 699 irruentem
1548 642 1796 714 persequi
1827 657 2166 712 nequaquam

2153 657 2166 696 I
2265 641 2551 713 προϐάτων
2610 639 2929 709 ποιούμενος
2976 636 3259 709 πρόνοιαν,
3305 634 3399 687 οὐκ
3443 630 3731 702 ἐνερῤᾳθύμει

610 732 865 789 cessavit.

2262 731 2480 787 διώκειν
2526 732 2614 787 τὸν
2645 731 2965 804 πικρότερον
2993 729 3158 782 λύκου
3208 726 3269 779 τὸ
3297 724 3520 796 ποίμνιον
3555 723 3733 776 6mm-

2262 823 2482 894 ράσσειν
2514 823 2957 893 ἐπανιστάμενον.

1896 913 1965 968 Et
1983 915 2145 985 infra,
2171 933 2291 987 pag.
2317 917 2422 971 358
2447 936 2462 973 :

683 1006 783 1065 Hic
834 1009 1020 1078 itaque
1063 1007 1249 1064 Manes
1298 1017 1407 1063 tam
1445 1008 1623 1078 impia:
1666 1006 1932 1064 haereseos
1982 1018 2173 1062 auctor

614 1115 759 1155 nono
787 1115 931 1155 anno
961 1097 1233 1154 Valeriani
1263 1108 1318 1154 et
1342 1099 1590 1166 Gallieni,
1624 1099 1714 1169 qui
1747 1097 2047 1153 Romanum
2075 1097 2171 1151 ob-

610 1186 857 1241 tinebant
882 1186 1193 1256 imperium,
1226 1202 1292 1242 ex
1315 1186 1603 1243 Persarum
1627 1188 1936 1243 carceribus
1962 1186 2173 1257 fugiens

611 1277 711 1344 (nil
739 1278 885 1332 enim
913 1286 1097 1341 vetat,
1148 1280 1443 1348 quominus
1491 1294 1553 1335 ea
1582 1294 1972 1349 persequamur
1996 1320 2013 1345 ,
2052 1293 2173 1348 qua:

610 1384 777 1438 supra
811 1370 1055 1425 historia:
1082 1371 1343 1427 decursus
1372 1371 1733 1441 praetermisit)
1764 1387 1884 1425 eum
1920 1370 1973 1423 in
2001 1369 2177 1426 Meso-

610 1460 906 1530 potamiam
939 1461 1176 1517 venisset
1200 1502 1216 1526 ,
1248 1477 1279 1516 a
1307 1462 1491 1517 divino
1519 1461 1784 1516 Archelao
1831 1459 1969 1532 (erat
1991 1470 2171 1515 autem

612 1567 768 1608 sacer
794 1553 896 1608 iste
931 1552 1013 1607 vir
1037 1550 1436 1608 Carcharorum
1484 1553 1725 1623 ejusdem
1758 1553 1993 1622 regionis
2024 1553 2173 1607 urbis

2355 1010 2414 1063 '0
2449 1009 2546 1080 μὲν
2573 1004 2665 1062 οὖν
2690 1008 2880 1078 Μάνης
2915 1000 3086 1070 οὗτος,
3136 1006 3164 1059 6
3188 1005 3283 1076 τῆς
3332 1001 3622 1073 τηλικαύτης
3640 1001 3740 1055 ἀπο-

2278 1100 2501 1163 στασίας
2528 1098 2770 1172 ἔξαρχος,
2831 1098 2940 1151 ἐτει
2965 1098 3064 1169 τῆς
3099 1094 3363 1175 βασιλείας
3397 1094 3575 1162 ἐννάτῳ
3593 1092 3743 1145 Οὐαλε-

2280 1189 2462 1261 ριανοῦ
2492 1192 2586 1244 καὶ
2613 1188 2927 1261 Γαλλιηνοῦ,
2952 1188 3002 1242 οἳ
3038 1186 3252 1257 Ῥώμης
3295 1182 3428 1256 εἶχον
3458 1184 3512 1237 τὸ
3541 1182 3743 1254 βασίλειον

2277 1282 2495 1353 κράτος,
2528 1280 2627 1352 τὴν
2668 1283 2725 1334 ἐν
2780 1280 3017 1350 Πέρσαις
3063 1276 3302 1348 φυλακὴν
3332 1273 3743 1356 διαφυγὼνχοὺδὲν

2276 1372 2385 1442 γὰρ
2413 1371 2609 1426 κωλύει
2636 1370 2864 1425 διελθεῖν
2887 1369 2923 1424 ἃ
2945 1370 3045 1440 τῆς
3076 1369 3312 1442 ἱστορίας
3334 1370 3361 1421 6
3394 1366 3567 1438 δρόμος
3588 1364 3744 1433 παρῆλ-

2278 1463 2370 1516 θεν
2392 1462 2638 1533 ἄνωθεν),
2670 1462 2763 1517 καὶ
2791 1462 2929 1534 μετὰ
2999 1458 3413 1531 Μεσοποταμίαν
3433 1456 3651 1527 γεγονὼς,
3676 1456 3747 1508 ὑπὸ

2275 1553 2332 1606 δὲ
2362 1553 2455 1606 τοῦ
2481 1554 2765 1607 Θεσπεσίου
2806 1552 3095 1626 Ἀρχελάου
3140 1550 3453 1623 (Καρχάρων
3494 1548 3543 1601 δὲ
3585 1548 3663 1616 τῆς
3684 1547 3748 1598 αὕη

611 1642 939 1715 episcopus)
993 1642 1113 1712 eius
1168 1643 1417 1713 impietas
1473 1643 1685 1715 egregie
1734 1642 2176 1713 abundanterque

2169 1662 2176 1695 ι
2205 1642 2249 1700 Β
2276 1645 2376 1715 τῆς
2400 1644 2581 1717 χώρας
2609 1640 2761 1710 οὗτος
2783 1647 2811 1699 6
2843 1645 2989 1718 ἱερὸς
3035 1645 3177 1716 ἀνὴρ
3211 1644 3393 1714 ἔφορος
3437 1637 3541 1712 ἦν),
3582 1639 3747 1701 πολλοὺς

611 1733 891 1789 confutata
914 1743 1015 1789 est.
1051 1733 1225 1804 Atque
1251 1734 1395 1800 inde,
1432 1734 1706 1804 insperato
1732 1734 1973 1789 suffusus
2000 1734 2172 1804 pudo-

614 1842 693 1892 re,
728 1824 960 1897 fugiens,
989 1825 1056 1879 ad
1090 1824 1361 1881 Dioridem
1393 1824 1792 1880 Carcharorum
1823 1825 2060 1895 regionis
2085 1839 2175 1895 op-

614 1918 799 1987 pidum
826 1916 966 1970 clam
989 1917 1219 1971 accessit
1240 1956 1255 1982 ,
1312 1916 1401 1969 ubi
1428 1915 1481 1970 in
1510 1915 1853 1986 Tryphonem
1882 1915 2171 1987 quemdam

613 2022 832 2062 sacrum
864 2006 1257 2077 probatumque
1282 2006 1457 2060 virum
1490 2016 1543 2060 et
1564 1996 1623 2060 in
1659 2006 1973 2078 presbyterii
2005 2006 2174 2078 gradu

611 2098 853 2168 positum
888 2097 1153 2160 incidens,
1181 2112 1287 2150 non
1319 2097 1583 2151 minorem
1610 2097 1958 2165 ignominiam
1993 2108 2180 2168 pertu-

611 2189 699 2246 liL-
732 2189 873 2257 Quin
904 2200 959 2246 et
987 2190 1102 2259 ipse
1125 2189 1425 2246 Archelaus
1446 2189 1713 2246 Manetem
1748 2191 1874 2247 illuc
1893 2192 2179 2248 advenisse

611 2297 945 2353 cognoscens
979 2280 1115 2352 (erat
1140 2281 1283 2335 enim
1320 2281 1403 2335 vir
1441 2296 1565 2336 acer
1589 2290 1643 2336 et
1671 2281 1885 2351 pietatis
1912 2283 2026 2338 zelo
2053 2299 2179 2338 suco

612 2374 853 2442 census),
885 2373 953 2428 ad
983 2372 1124 2427 idem
1168 2373 1425 2444 Oppidum
1456 2373 1722 2439 accessit;
1751 2382 1806 2428 et
1837 2374 2178 2444 deceptorem

613 2464 766 2519 illum
798 2464 864 2520 ad
894 2464 1108 2520 consilii
1137 2463 1376 2535 in0piam
1400 2464 1675 2520 redactum
1700 2504 1717 2529 ,
1759 2473 1814 2520 et
1857 2465 2177 2523 confusione

613 2572 778 2627 quam
807 2556 1044 2612 maxime
1071 2557 1293 2623 vitabat,
1322 2557 1624 2628 perfusum,
1656 2558 1850 2612 iterum
1896 2557 1967 2614 iis
2005 2560 2176 2615 ratiov

613 2651 776 2706 nibus
807 2648 1006 2720 quibus
1031 2664 1195 2705 exosa
1232 2650 1350 2721 ejus
1379 2651 1631 2721 dogmata
1662 2649 1942 2717 subvertit,
1967 2659 2020 2705 et
2044 2666 2180 2705 cun-

615 2741 719 2795 ctis
761 2737 1055 2794 deridenda
1099 2747 1261 2810 atque
1287 2738 1600 2796 detestanda
1630 2738 1942 2810 proposuit,
1994 2740 2176 2810 fugam

558 2864 565 2872 -
613 2830 852 2903 arripere
876 2830 1070 2901 coegit.

2282 1738 2379 1808 μὲν
2403 1738 2494 1790 καὶ
2521 1738 2784 1808 μεγάλους
2822 1737 3075 1807 ἐλέγχους
3096 1736 3198 1806 τῆς
3221 1733 3514 1795 δυσσεϐείας
3539 1730 3747 1802 mare.

2291 1828 2527 1882 Ἐκεῖθεν
2548 1829 2605 1881 δὲ
2626 1828 2712 1881 διά
2749 1828 2845 1900 τὴν
2873 1828 3136 1899 ἀδόκητον
3183 1826 3434 1896 αἰσχύνην
3462 1824 3678 1894 ἀποδρὰς,
3698 1824 3750 1884 εἰς

2279 1918 2509 1991 Διωρίδα
2553 1919 2859 1991 Καρχάρων
2908 1918 3097 1991 κώμην
3151 1917 3489 1990 παραδύεται.
3537 1915 3611 1968 Ἐν
3631 1913 3749 1983 ταύτῃ

2277 2010 2333 2064 δὲ
2364 2010 2617 2083 Τρύφωνι
2648 2012 2753 2066 τινι
2781 2010 3071 2082 σπουδαίῳ,
3136 2011 3269 2082 ἱερῷ
3325 2010 3414 2081 μὲν
3439 2008 3588 2080 ἀνδρὶ,
3616 2006 3685 2059 τὸν
3713 2004 3749 2057 δὲ

2279 2102 2373 2157 τοῦ
2406 2102 2775 2176 πρεσϐυτέρου
2804 2102 3039 2158 διέποντι
3070 2102 3298 2175 βαθμὸν,
3340 2104 3570 2172 ἐντυχὼν,
3616 2098 3670 2150 τὰ
3691 2098 3747 2149 ἶσα

2280 2193 2508 2265 ὑπέστη.
2535 2194 2683 2266 Πλὴν
2710 2194 2845 2248 ἀλλὰ
2899 2195 2993 2248 καὶ
3048 2194 3214 2259 αὑτός
3245 2211 3303 2247 τε
3343 2196 3371 2247 6
3421 2191 3663 2263 Ἀρχέλαος
3684 2188 3748 2257 τὴν

2279 2286 2457 2338 ἐκεῖσε
2482 2285 2830 2357 παρείσδυσιν
2856 2285 2948 2341 τοῦ
2972 2286 3183 2341 πλάνου
3231 2284 3411 2357 μαθὼν
3443 2283 3571 2353 (ὀξὺς
3607 2281 3688 2351 γὰρ
3706 2275 3748 2350 ἦν

2281 2378 2373 2430 καὶ
2401 2377 2601 2449 θερμὸς
2628 2378 2718 2431 τὸν
2754 2378 2951 2449 εὐσεϐῆ
2984 2374 3192 2449 ζῆλον),
3222 2374 3593 2447 καταλαμϐάνει
3612 2371 3659 2424 τὸ
3682 2389 3748 2440 χω-

2282 2469 2414 2541 ρίον·
2451 2470 2546 2523 καὶ
2570 2469 2767 2542 πολλῆς
2819 2470 3103 2542 ἐμπλήσας
3150 2468 3242 2523 τὸν
3293 2468 3478 2522 πλάνον
3504 2467 3747 2536 ἀμηχανωςν

2282 2562 2375 2614 καὶ
2400 2560 2467 2631 ἢν
2495 2561 2720 2631 ἔφευγεν
2743 2563 3023 2634 αἰσχύνης,
3055 2555 3138 2617 οἷς
3159 2561 3323 2615 αὑτοῦ
3351 2560 3415 2613 τά
3463 2556 3643 2629 μυσαρὰ
3680 2551 3749 2604 τῶν

2279 2649 2563 2722 δογμάτων
2591 2653 2853 2725 ἀνέτρεπὲ
2880 2671 2963 2719 τε,
2999 2653 3091 2706 καὶ
3120 2650 3467 2714 ἁνεσκεύαζε,
3494 2650 3575 2703 καὶ
3594 2643 3747 2717 προύτί-

2283 2739 2367 2794 θει
2425 2744 2556 2797 πᾶσι
2590 2744 2801 2813 γέλωτά
2835 2762 2894 2798 τε
2944 2746 3039 2798 καὶ
3092 2742 3389 2815 βδέλυγμα,
3438 2732 3750 2813 παρασκευάζει

2284 2834 2445 2887 πάλιν
2475 2836 2688 2906 φυγάδα
2718 2837 2987 2906 γενέσθαι.

2156 2919 2283 2977 Vlll.

1581 3015 1781 3069 Auctor
1818 3031 2107 3085 anonymu:
2146 3014 2331 3072 Libelli
2360 3017 2631 3087 Synudici,
2660 3040 2774 3093 cap.
2813 3024 2902 3077 27.

688 3103 942 3177 Synodus
973 3105 1154 3160 divina
1200 3113 1255 3159 et
1295 3118 1451 3158 sacra
1481 3104 1826 3173 particularis
1873 3106 2097 3160 collecta
2127 3105 2180 3159 in
2210 3111 2251 3168 c

2170 3111 2251 3168 lC
2358 3107 2583 3172 Σύνοδος
2612 3110 2731 3164 θεία
2785 3113 2877 3167 καὶ
2916 3112 3038 3185 ίερὰ
3086 3112 3291 3186 μερικὴ
3319 3106 3695 3182 συναθροισθεῖσα
3713 3102 3748 3155 ὲν

615 3196 1003 3266 Mesopotamia
1033 3196 1102 3250 ab
1123 3196 1388 3251 Archelao
1417 3195 1814 3249 Carcharorum
1841 3196 2097 3266 epise0po
2124 3205 2179 3252 et

616 3286 853 3341 Diodoro
906 3285 1225 3351 sacerdote,
1270 3292 1461 3339 contra
1510 3284 1718 3338 Manem
1764 3284 2081 3340 infernalem
2124 3294 2179 3342 et

617 3377 994 3433 Diodoriadem
1022 3376 1417 3447 presbyterum,
1445 3391 1565 3447 quae
1587 3375 1772 3433 multis
1794 3377 1969 3433 modis
1995 3377 2179 3433 confu-

618 3476 761 3523 tatos
787 3467 951 3523 hosce
975 3465 1266 3522 abdicavit.

2161 3562 2253 3621 IX.

2281 3200 2345 3268 τῇ
2381 3200 2774 3275 Μεσοποταμίᾳ
2811 3205 2916 3258 ὑπὸ
2959 3203 3257 3275 Ἀρχελάου
3302 3202 3574 3257 ἐπισκόπου
3599 3191 3749 3265 Καρχά-

2284 3307 2391 3360 ρων
2417 3292 2510 3344 καὶ
2534 3294 2795 3367 Διοδώρου
2826 3295 3014 3369 ἱερέως
3047 3297 3192 3353 κατὰ
3220 3296 3482 3357 Μάνεντος
3506 3289 3586 3345 τοῦ
3616 3282 3750 3358 ἐρεῦὠ-

2280 3380 2403 3447 δους
2431 3386 2523 3438 καὶ
2551 3388 2901 3460 Διοδωριάδου
2937 3390 3334 3463 πρεσϐυτέρου,
3356 3388 3471 3459 ἠτις
3495 3378 3749 3451 πολυτρόπως

2282 3474 2505 3542 τούτους
2537 3478 2801 3549 ἐλέγξασα
2825 3482 3159 3555 ἀπεκήρυξε.

965 3654 1163 3708 Auctor
1207 3669 1494 3724 anonymus
1544 3652 1797 3712 Historia
1840 3653 2093 3711 haereseos
2129 3651 2561 3730 Manichaeorum,
2594 3682 2621 3719 e
2644 3682 2742 3722 ms.
2774 3668 2947 3723 codice
2968 3669 3108 3740 regio
3135 3666 3464 3724 Taurinensi.

691 3773 1005 3848 Scythianus
1034 3775 1109 3842 (Δ)
1150 3774 1370 3844 quidam
1414 3774 1516 3832 fuit
1552 3789 1619 3830 ex
1660 3791 1854 3847 genere
1885 3774 2183 3830 Saraceno-

620 3884 762 3932 rum,
788 3883 819 3922 a
843 3883 953 3937 quo
979 3866 1200 3921 haeresis
1222 3865 1639 3922 Manichzeorum
1688 3876 1806 3922 orta
1830 3877 1945 3936 est;
1970 3868 2061 3939 qui
2088 3868 2184 3923 ad-

628 3973 817 4013 versus
844 3971 1026 4012 veram
1054 3964 1369 4026 rectamque
1400 3956 1558 4011 fidem
1592 3966 1827 4026 quatuor
1855 3957 2022 4012 libros
2050 3973 2183 4011 con-

623 4048 861 4119 scripsit,
895 4062 1129 4117 quorum
1160 4062 1329 4100 unum
1364 4047 1575 4101 vocavit
1598 4046 1940 4117 Mysterium,
1988 4063 2182 4103 secun-

622 4142 749 4197 dum
799 4137 1202 4208 Capitulorum,
1251 4136 1466 4190 tertium
1501 4135 1884 4207 Evangelium,
1930 4148 2182 4207 quartum

622 4249 751 4287 vero
773 4231 1093 4285 Thesaurum
1118 4228 1436 4299 appellavit:
1456 4237 1509 4283 et
1530 4229 1719 4283 habuit
1742 4228 2064 4298 discipulum
2094 4245 2189 4283 no-

622 4324 767 4377 mine
794 4319 1143 4382 Terebintum,
1167 4317 1260 4386 qui
1285 4316 1601 4384 discipulus,
1629 4325 1845 4370 mortuo
1876 4314 2183 4384 Scythiam,

622 4430 844 4471 sumens
869 4413 941 4483 (5)
973 4421 1303 4466 memoratos
1351 4417 1586 4479 quatuor
1614 4409 1782 4463 libros
1806 4448 1819 4470 ,
1864 4423 1964 4462 nec
1989 4422 2097 4462 non
2130 4414 2186 4461 et

623 4507 909 4579 pecuniam
939 4519 1047 4557 non
1077 4518 1320 4571 parvam,
1344 4500 1601 4571 quoniam
1634 4499 1734 4555 fuit
1764 4499 1840 4569 (6)
1866 4498 2183 4569 Scythianus

2287 3793 2536 3851 ceperat,
2566 3801 2662 3855 pro
2688 3797 2859 3844 morte
2885 3789 3004 3859 ejus
3046 3790 3295 3860 pecuniae
3337 3786 3602 3857 cupiditate
3630 3776 3751 3848 83““

2288 3893 2512 3947 puerum
2548 3881 2650 3936 sibi
2692 3897 2793 3951 pro
2819 3882 3112 3937 senectutis
3158 3882 3356 3937 solatio
3381 3870 3668 3947 comparavit
3690 3866 3751 3933 (ἶ).

2287 3970 2505 4025 nomine
2535 3968 2856 4036 Curbicium,
2877 3987 3038 4041 quem
3061 3981 3114 4026 et
3133 3972 3328 4026 litteris
3359 3985 3458 4023 non
3483 3956 3753 4021 mediocribus

2288 4062 2521 4116 erudivit
2551 4080 2563 4116 :
2600 4071 2723 4132 post
2746 4063 2902 4133 cujus
2925 4071 3152 4117 mortem
3180 4078 3289 4116 non
3314 4060 3480 4117 solum
3503 4056 3643 4110 libros
3664 4057 3752 4117 quos

2295 4151 2601 4207 Terebintus
2635 4154 2948 4225 reliquerat,
2979 4154 3069 4209 sed
3100 4164 3154 4208 et
3179 4153 3457 4224 pecuniam
3486 4141 3676 4203 Curbicii
3696 4151 3754 4190 sur

2289 4260 2444 4299 mens
2470 4287 2485 4311 ,
2533 4243 2750 4299 Tremhi
2784 4245 2861 4316 (8)
2910 4244 3211 4315 discipulos
3261 4238 3756 4316 acquisivit,qu0ﬂlm

2291 4352 2432 4390 unus
2470 4335 2716 4402 Thomas,
2750 4314 2890 4391 alius
2925 4314 3094 4400 Abdo,
3123 4336 3315 4389 tertius
3347 4343 3426 4387 est
3454 4328 3662 4383 Hermas.
3685 4314 3756 4369 llos

2289 4429 2355 4483 ad
2389 4430 2785 4499 [medicandum
2818 4430 2985 4484 libros
3005 4443 3142 4498 quos
3169 4426 3477 4497 Scythiam“
3498 4412 3757 4480 conscripse-

2291 4529 2394 4587 rat,
2424 4520 2692 4581 mittebat,
2725 4520 2926 4589 quibus
2956 4518 3031 4589 (9)
3062 4518 3310 4589 plurima:
3336 4511 3601 4586 provincia:
3631 4507 3671 4559 in
3692 4512 3758 4553 nle'

621 4598 776 4652 valde
804 4594 1108 4650 ditissimus
1134 4601 1249 4648 erat
1271 4610 1286 4659 ;
1312 4608 1442 4661 ergo
1465 4634 1481 4659 ,
1510 4600 1570 4646 ut
1593 4591 2016 4645 memorabimus
2040 4632 2055 4657 ,
2090 4589 2185 4644 Te-
2216 4615 2260 4674 υ
2289 4621 2497 4666 morata
2523 4621 2667 4665 secta
2692 4612 2912 4666 meum
2934 4619 3080 4666 sum.
3116 4609 3320 4664 Tamen
3353 4618 3403 4663 ει
3432 4607 3535 4676 ipse
3556 4591 3756 4656 Curbiriu

622 4689 857 4743 rebintus
885 4686 1097 4745 devenit
1140 4686 1192 4740 in
1220 4684 1461 4748 Persida,
1509 4692 1564 4738 et
1592 4699 1624 4738 a
1647 4683 1880 4752 quadam
1906 4684 2066 4737 vidua
2092 4697 2183 4737 so.

621 4784 801 4838 litaria
840 4788 1121 4849 susceptus
1164 4787 1276 4845 est,
1322 4793 1442 4849 qua:
1480 4778 1593 4832 sola
1647 4786 1854 4832 secreta
1887 4777 2005 4846 ejus
2043 4776 2182 4831 scire

620 4874 814 4947 potuit.
875 4870 973 4926 Hic
1012 4870 1242 4924 elatione
1280 4868 1521 4923 tumidus
1564 4868 1776 4922 dicebat
1803 4882 1860 4922 se
1880 4867 1946 4921 de
1972 4865 2181 4935 virgine

621 4974 847 5032 natum,
891 4972 945 5018 et
987 4961 1055 5016 ab
1099 4961 1288 5031 angelo
1317 4960 1369 5012 in
1402 4960 1679 5013 montibus
1721 4958 2051 5018 enutritum;
2087 4955 2181 5025 qui

624 5058 785 5111 etiam
809 5098 824 5122 ,
857 5062 1064 5109 mutato
1092 5052 1194 5107 sibi
1227 5049 1445 5104 nomine
1465 5089 1480 5113 ,
1531 5049 1775 5103 Buddam
1808 5064 1867 5103 se
1899 5062 1994 5115 pro
2030 5045 2181 5098 Tere-

622 5147 768 5201 binto
801 5145 1104 5216 appellavit.
1166 5141 1270 5197 Sed
1316 5156 1439 5195 cum
1489 5140 1721 5209 quadam
1767 5139 1855 5192 die
1897 5138 1950 5190 in
1981 5135 2180 5190 solario

623 5237 981 5303 ascenderet,
1031 5237 1100 5291 ab
1143 5233 1421 5289 immundo
1478 5231 1668 5299 spiritu
1697 5228 1890 5284 exinde
1916 5229 2178 5296 dejectus,

622 5339 840 5401 repente
865 5329 1113 5400 spiritum
1140 5326 1385 5381 reddidit.
1400 5323 1538 5380 Tum
1564 5324 1745 5391 vidua,
1764 5337 1884 5394 qua:
1906 5337 2029 5377 eum
2057 5337 2181 5379 sus-

694 5465 771 5530 (ι)
812 5463 913 5519 Ms.
951 5482 971 5516 ι
1006 5463 1299 5517 Scitianus.
1332 5479 1350 5513 ι

818 5553 853 5603 (γ
879 5533 1156 5589 Sumehat.
1194 5552 1212 5584 ι

719 5598 774 5671 6)
808 5602 924 5659 Hoc
957 5623 975 5656 ι
1015 5603 1117 5658 fuit
1151 5624 1169 5655 ›
1204 5602 1488 5657 delendum
1519 5615 1639 5657 esse
1667 5598 1920 5654 arbitror.

723 5673 776 5747 ’1)
812 5673 911 5728 Ms.
949 5692 968 5726 ι
1000 5674 1353 5742 comparabit.
1393 5692 1410 5724 ι

2286 4712 2408 4774 post
2450 4711 2676 4757 mortem
2708 4703 2903 4767 vidua,
2949 4702 3236 4756 immutate
3281 4701 3383 4755 sibi
3409 4694 3604 4752 nomine
3626 4686 3757 4741 Hand

2287 4812 2344 4850 se
2374 4810 2473 4865 pro
2517 4794 2760 4850 Curbicio
2798 4794 2906 4865 (10)
2943 4789 3447 4863 ηυηουριινίι,”(ιυί
3487 4776 3758 4853 aliquando!

2287 4902 2411 4956 rege
2436 4884 2725 4941 Persarum
2749 4884 3192 4955 comprehensus,
3214 4883 3306 4937 tali
3336 4876 3577 4936 sententia
3598 4871 3758 4956 damna:

2288 4987 2374 5029 tus
2407 4984 2509 5041 est,
2547 4984 2605 5029 ut
2629 4976 2903 5029 hircorum
2935 4990 3086 5028 more
3117 4973 3455 5031 discoriatus,
3482 4974 3587 5020 uter
3608 4959 3699 5029 ejus
3714 4945 3754 5045 αξξ

2288 5074 2498 5136 portam
2532 5066 2809 5135 penderet,
2860 5078 3054 5119 carnes
3084 5077 3211 5117 vero
3235 5063 3353 5132 ejus
3381 5052 3655 5114 volucribus
3674 5038 3754 5095 ωλι

2289 5159 2355 5212 ad
2399 5174 2580 5213 escam
2625 5159 2963 5228 proficerent.
3032 5154 3157 5210 Hazc
3188 5154 3260 5209 ita
3303 5166 3418 5209 esse
3446 5144 3616 5204 melius
3644 5140 3755 5193 ιιοειθ

2289 5250 2565 5320 cupientes
2600 5247 2918 5303 Archelaum
2952 5247 3145 5317 legant.

2354 5453 2428 5513 (8)
2468 5451 2691 5506 Videtur
2711 5450 2994 5520 legendum
3030 5469 3048 5499 ι
3082 5460 3207 5504 tres.
3241 5466 3263 5502 ι

2354 5524 2430 5587 (9)
2472 5522 2567 5576 Ms.
2606 5542 2623 5572 ι
2660 5539 2750 5591 per
2778 5521 2998 5591 quibus.
3039 5539 3058 5572 ι

2355 5594 2466 5666 (ιο)
2503 5592 2601 5647 Ms.
2645 5611 2663 5644 ι
2697 5591 3031 5647 Curbicium.
3068 5610 3088 5643 ι
