3996 6208
272 300 414 356 1439

1132 279 1309 336 ACTA
1348 276 1515 335 DISP.
1554 276 1611 331 S.
1652 276 1944 333 ABCHEL.
1987 282 2126 337 CUM
2165 284 2443 341 MANETE
2481 287 2641 343 ΗΕΒ.

3359 300 3491 355 H30

1020 636 1437 769 ACTA
1564 639 2775 770 DISPUTATIONIS

1425 896 1544 1009 S.
1643 897 2349 1013 ARCHELAI

524 1136 1387 1235 CASCHARORUM
1512 1141 1638 1229 IN
1729 1138 2590 1233 MESOPOTAMIA
2659 1142 3201 1236 EPISCOPI

1281 1329 1438 1393 CUM
1485 1329 1818 1392 MANETE
1870 1329 2233 1393 HIERESIA
2242 1329 2479 1392 RCHA.

1523 1524 1529 1551 ‘
1827 1517 1897 1532 -

335 1648 379 1703 Ι.
419 1646 733 1703 Thesaurus
789 1659 952 1699 verus
976 1684 992 1711 ,
1042 1644 1153 1700 sive
1199 1642 1492 1714 disputatio
1540 1644 1721 1700 habita
1776 1644 1830 1700 in
1861 1648 1907 1705 A
1934 1646 2106 1715 pretia
2134 1646 2421 1710 militibus,
2454 1661 2554 1701 nec
2581 1662 2809 1702 numero
2832 1647 3014 1717 aliquo
3047 1663 3146 1701 nec
3171 1646 3495 1703 discretione

265 1740 507 1797 Carchar
552 1739 663 1810 (ll)
709 1737 926 1793 civitate
996 1734 1417 1805 Mesopotamiae,
1457 1735 1831 1807 iudicantibus

268 1830 522 1900 Manippo
557 1827 690 1899 (12),
719 1837 773 1883 et
802 1826 1048 1898 Egialeo
1070 1867 1086 1893 ,
1116 1836 1168 1881 et
1192 1826 1436 1895 Claudio,
1472 1836 1526 1881 et
1554 1827 1828 1884 Cleobolo.

266 1921 327 1976 In
358 1937 461 1990 qua
492 1920 626 1976 urbe
656 1919 1053 1989 Mesopotamia:
1076 1927 1191 1973 erat
1215 1919 1434 1989 quidam
1469 1919 1571 1985 vir,
1604 1918 1832 1975 Marcel-

269 2011 358 2067 lus
385 2011 623 2071 nomine.
650 2011 743 2079 qui
772 2011 879 2063 vita
906 2017 960 2063 et
997 2009 1190 2063 studiis
1218 2019 1273 2063 et
1300 2025 1516 2079 genere,
1548 2010 1832 2080 prudentia

264 2115 485 2172 quoque
509 2108 564 2155 et
584 2100 868 2155 honestate
905 2099 1059 2153 valde
1085 2099 1265 2153 clarus
1297 2099 1628 2167 habebatur;
1656 2099 1829 2155 facul-

265 2194 472 2249 tatibus
499 2192 663 2248 etiam
688 2193 962 2261 copiosus,
997 2200 1051 2245 et
1083 2192 1227 2261 quod
1254 2191 1497 2245 omnium
1532 2192 1832 2248 maximum

265 2293 388 2350 est,
440 2278 848 2356 religiosissime
895 2281 1073 2345 Deum
1109 2284 1342 2348 timens,
1392 2292 1446 2338 et
1486 2283 1572 2340 his
1619 2301 1740 2355 qua:
1766 2287 1834 2342 de

264 2375 486 2432 Christo
506 2375 847 2440 dicebantur,
865 2390 1078 2446 semper
1109 2391 1232 2431 cum
1258 2376 1454 2432 timore
1477 2379 1789 2436 auscultans
1813 2398 1829 2448 ;

264 2483 367 2524 nec
395 2467 693 2538 quidquam
722 2467 947 2521 omnino
971 2466 1100 2521 boni
1128 2477 1268 2532 erat,
1304 2470 1447 2539 quod
1482 2470 1558 2524 illi
1589 2471 1706 2526 viro
1733 2471 1830 2526 de—

261 2569 410 2616 esset
443 2577 457 2613 :
493 2558 637 2614 unde
660 2569 713 2614 et
736 2557 945 2613 honore
977 2559 1211 2628 plurimo
1237 2563 1305 2616 ab
1336 2562 1589 2619 universa
1613 2564 1832 2621 civitate

263 2651 584 2717 colebatur,
620 2650 978 2721 plurimisque
1027 2650 1142 2721 ipse
1187 2653 1459 2708 civitatem
1514 2670 1669 2710 suam
1722 2655 1828 2711 fre-

261 2749 494 2811 quenter
542 2739 921 2809 largitionibus
968 2741 1448 2808 remunerabatur,
1501 2743 1830 2812 pauperibus

262 2833 507 2889 tribuens
530 2871 545 2896 ,
580 2832 807 2887 amietos
834 2832 1077 2887 relevans
1102 2872 1117 2897 ,
1156 2834 1425 2889 tribulatis
1456 2835 1719 2889 auxilium
1752 2836 1830 2890 fe-

264 2936 413 2977 rens.
472 2921 577 2977 Sed
608 2937 677 2977 ne
703 2921 1016 2978 inﬁrmitate
1055 2925 1343 2978 verborum
1389 2924 1681 2980 virtutibus
1725 2926 1825 2980 viri

1932 1736 2044 1791 ulla
2077 1735 2361 1807 distinguit
2394 1734 2529 1807 (15),
2564 1745 2622 1790 ut
2649 1738 2821 1807 magis
2851 1737 2996 1791 dona
3023 1752 3184 1806 quam
3214 1736 3384 1806 pretia
3409 1732 3492 1789 vi-

1933 1826 2209 1881 derentur.
2237 1828 2305 1880 At
2336 1827 2409 1880 illi
2437 1827 2686 1882 admirati
2711 1838 2762 1881 et
2787 1828 3018 1896 amplexi
3044 1838 3150 1882 tam
3175 1829 3493 1883 immensam

1934 1918 2037 1972 viri
2079 1919 2333 1988 pietatem
2381 1918 2952 1988 munificentiamque,
3003 1929 3058 1973 et
3100 1919 3226 1973 facti
3276 1927 3497 1989 stupore

1934 2010 2164 2079 permoti
2187 2051 2201 2075 ,
2235 2012 2482 2081 exemplo
2510 2010 2895 2065 misericordiae
2921 2019 3333 2065 commonentur
3359 2011 3494 2083 (M),

1934 2113 1989 2156 ut
2023 2101 2238 2172 plurimi
2265 2117 2331 2157 ex
2361 2103 2493 2172 ipsis
2515 2102 2841 2156 adderentur
2871 2101 2936 2155 ad
2968 2102 3122 2155 ﬁdem
3152 2101 3367 2157 Domini
3395 2118 3496 2158 no—

1933 2195 2031 2249 stri
2072 2194 2200 2250 .lesu
2247 2193 2481 2260 Christi,
2531 2194 2791 2249 derelicto
2838 2193 3044 2249 militiae
3078 2194 3294 2265 cingulo
3337 2194 3495 2263 (15);

1934 2286 2024 2339 alii
2060 2301 2220 2351 vero,
2254 2285 2341 2339 vix
2385 2294 2579 2354 quarta
2608 2285 2907 2354 pretiorum
2953 2284 3197 2353 portione
3222 2294 3496 2354 suscepta,

1932 2377 1998 2430 ad
2027 2376 2246 2446 propria
2276 2386 2453 2431 castra
2481 2377 2851 2443 discederent;
2881 2378 3058 2432 catteri
3092 2386 3271 2432 autem
3302 2393 3493 2448 parum

1932 2468 2159 2522 omnino
2199 2467 2437 2537 aliquid,
2483 2477 2746 2538 quantum
2791 2467 2987 2524 viatico
3021 2467 3320 2535 suﬁicerct,
3353 2467 3496 2524 acci-

1932 2561 2143 2630 pientes
2166 2559 2397 2613 abirent.

2002 2653 2068 2706 ll.
2114 2651 2208 2706 His
2238 2651 2419 2721 itaque
2465 2650 2631 2721 gestis
2678 2650 2833 2706 laetus
2868 2649 3151 2705 Marcellus
3180 2662 3295 2705 erat
3320 2650 3491 2715 valde,

1930 2754 1981 2800 et
2010 2743 2324 2825 accito~uno
2351 2758 2413 2797 ex
2443 2743 2690 2811 captivis,
2723 2742 2984 2813 Cortynio
3012 2743 3250 2807 nomine,
3279 2741 3496 2812 perqui—

1933 2840 2085 2893 rebat
2118 2823 2272 2892 abito
2303 2852 2523 2892 causam
2556 2836 2705 2899 belli,
2736 2837 2818 2890 vel
2846 2850 2955 2905 quo
2984 2850 3112 2890 casu
3146 2834 3247 2903 ipsi
3281 2832 3499 2888 inferio-

1929 2944 2017 2982 res
2045 2927 2386 2990 exstiterint,
2436 2942 2500 2980 ac
2527 2925 2760 2979 vinculis
2790 2924 3117 2994 captivitatis
3147 2922 3329 2977 innexi
3363 2923 3492 2977 sint.

263 3013 586 3085 derogemus
638 3015 819 3084 potius
874 3030 1039 3084 quam
1083 3014 1245 3085 digna
1300 3001 1674 3085 proferamus,
1711 3018 1825 3073 haec
1856 2997 1899 3051 Β
1931 3020 2131 3085 Atille,
2164 3018 2418 3088 loquendi
2458 3017 2561 3072 sibi
2600 3025 2862 3087 potestate
2889 3014 3172 3084 permissa,
3228 3015 3299 3069 ita
3332 3028 3494 3069 exor-

263 3104 469 3159 dixisse
496 3103 725 3159 suﬁiciat
754 3126 768 3162 :
797 3106 863 3160 ad
886 3121 1024 3175 opus
1054 3108 1195 3177 quod
1226 3108 1567 3178 propositum
1597 3118 1698 3174 est,
1730 3125 1824 3164 ve-

265 3194 433 3248 niam.
490 3192 737 3260 Quodam
773 3196 826 3250 in
856 3204 1097 3267 tempore
1128 3215 1250 3253 cum
1287 3199 1549 3255 Archelao
1571 3201 1826 3271 episcopo

262 3285 602 3353 captivorum
633 3285 923 3343 multitudo
949 3287 1144 3344 fuisset
1181 3290 1360 3345 oblata
1393 3307 1425 3346 a
1450 3291 1710 3348 militibus
1732 3295 1827 3364 qui

263 3375 339 3430 ibi
368 3384 545 3431 castra
581 3378 910 3444 servabant,
960 3389 1164 3450 septem
1207 3383 1373 3439 millia
1403 3400 1630 3441 numero
1658 3395 1710 3441 et
1736 3402 1825 3443 se-

266 3467 549 3551 ptingenti,
585 3484 695 3523 non
727 3471 1019 3527 mediocris
1061 3489 1187 3529 eum
1211 3476 1518 3532 sollicitudo
1551 3479 1826 3534 constrin-

264 3568 441 3627 xerat,
471 3574 535 3616 eo
568 3563 711 3632 quod
744 3579 842 3632 pro
872 3565 1046 3621 salute
1079 3566 1320 3635 ipsorum
1357 3584 1549 3625 aurum
1580 3586 1611 3625 a
1639 3573 1826 3626 militi-

266 3651 371 3707 bus
414 3666 764 3723 posceretur;
817 3657 908 3726 qui
938 3672 1063 3712 cum
1092 3657 1439 3715 dissimulare
1466 3677 1575 3716 non
1619 3673 1824 3732 posset,

264 3758 364 3815 pro
405 3744 664 3816 religione
705 3755 760 3800 et
809 3746 1002 3801 timore
1033 3747 1127 3802 Dei
1159 3749 1506 3805 vehementer
1535 3753 1823 3817 aestuabat,

262 3842 319 3887 et
350 3834 568 3889 tandem
616 3835 683 3890 ad
716 3834 1026 3891 Marcellum
1063 3852 1381 3907 properans,
1427 3839 1504 3894 rei
1536 3850 1700 3910 gestae
1731 3856 1827 3897 ne-

265 3926 473 3996 gotium
500 3928 744 3997 exponit.
797 3926 1019 3994 Verum,
1068 3939 1127 3984 ut
1155 3930 1270 3985 haec
1301 3932 1507 3986 audivit
1532 3933 1614 3986 vir
1644 3934 1828 4002 piissi-

266 4035 390 4075 mus
414 4019 738 4089 Marcellus,
779 4022 913 4077 nihil
947 4025 1170 4083 omnino
1201 4033 1477 4090 moratus,
1529 4024 1827 4097 ingreditur

266 4111 512 4175 domum,
547 4127 860 4182 praeparans
890 4114 1059 4183 pretia
1090 4114 1451 4183 captivorum,
1483 4127 1826 4185 quantacun-

265 4215 374 4271 que
402 4202 778 4272 pOposcissent
809 4207 900 4272 qui
931 4204 1266 4259 deduxerant
1290 4207 1537 4274 vinctos;
1571 4218 1623 4263 et
1655 4209 1829 4264 conti-

267 4307 401 4362 nuo,
429 4293 686 4351 reseratis
714 4294 983 4351 bonorum
1019 4312 1244 4353 suorum
1275 4300 1578 4368 thesauris,
1610 4301 1825 4372 pietatis

337 4518 451 4592 (ll)
490 4518 616 4576 Haec
634 4522 825 4595 eadem
849 4522 978 4579 urbs
1004 4522 1147 4579 infra
1172 4538 1290 4595 cap.
1321 4525 1354 4579 '5
1391 4543 1410 4576 ε
1440 4524 1640 4582 Charra
1680 4546 1697 4578 ι
1730 4545 1828 4584 vo-

265 4601 453 4669 catur)
483 4607 589 4669 non
614 4610 642 4669 _¢
676 4593 946 4669 Carehar,
986 4613 1038 4669 Du
1060 4603 1155 4649 aut
1187 4614 1205 4647 ι
1232 4593 1571 4669 ΑΕθβεΙιιη-,Αξ
1613 4598 1828 4669 utEpi-

268 4660 503 4733 phanius
539 4662 733 4733 habet:
785 4662 964 4728 Quare
988 4665 1281 4733 disputatio
1316 4665 1415 4718 ista
1448 4660 1827 4725 habita‘fuisse

265 4731 479 4805 videtur
512 4732 654 4805 apud
695 4730 931 4805 Carrhas
972 4730 1375 4805 celeberrimam
1429 4733 1830 4805 Mesopotamiae

267 4800 481 4923 :lll'gfalg.
522 4800 655 4857 Vide
677 4802 835 4873 plura
867 4803 923 4857 in
952 4802 1266 4873 pratiatione
1293 4812 1499 4871 nostra,
1524 4800 1612 4861 ubi
1636 4808 1702 4864 de
1723 4810 1827 4864 Ar-

266 4884 478 4927 cuelao.

339 4939 451 5015 (lg)
491 4940 777 5015 Μάρσιπος
808 4950 1034 4997 vocatur
1065 4941 1598 5015 apudEpiphanium
1623 4946 1679 5003 in
1705 4946 1826 5005 Ha:-

265 5014 372 5065 resi
404 5013 822 5067 Manichaeorum
856 5029 999 5079 Lm,
1024 5029 1175 5069 num.
1207 5013 1295 5069 ‘10.

338 5080 453 5148 (15)
494 5081 674 5147 Forte,
709 5100 728 5134 ι
765 5083 1059 5138 distribuit.
1097 5102 1118 5136 ι

340 5149 454 5219 (14)
494 5149 675 5219 Forte,
711 5170 731 5204 ί
769 5163 1199 5208 commoventur.
1238 5172 1257 5207 ι
1379 5189 1382 5193 -

340 5221 857 5298 (ᾤχΑΜιοηδυίδεθ
889 5237 919 5277 a
953 5223 1141 5278 militia
1181 5223 1520 5298 Christianos
1544 5228 1828 5298 primitiva:

268 5288 543 5372 Ecclesiae,
572 5308 639 5347 ne
673 5309 1004 5372 paganorum
1030 5297 1356 5372 commercio
1378 5288 1831 5372 atque-supersti-

269 5361 512 5434 tionibus
559 5361 963 5419 mac’ularentur
983 5404 997 5428 ,
1054 5367 1235 5421 notius
1265 5377 1348 5421 est
1379 5361 1824 5434 ex‘Tertulliano,

268 5429 350 5484 De
379 5447 570 5505 corona
603 5434 864 5493 militiam.
905 5436 1004 5500 11,
1050 5451 1211 5504 quam
1246 5446 1303 5490 ut
1332 5438 1577 5505 pluribus
1603 5429 1827 5494 demoni-

271 5504 433 5578 strari
458 5518 595 5578 opus
626 5506 716 5578 sit.
777 5505 879 5560 Sed
897 5506 972 5578 _a_d
1002 5504 1554 5578 illustranduinhuuc
1578 5508 1825 5578 disputa-

271 5572 705 5645 tionisiA'rchelai
731 5591 853 5631 cum
892 5575 1098 5630 Manete
1120 5576 1320 5645 locum,
1353 5576 1643 5645 plurimum
1666 5572 1826 5644 'facit,

269 5643 415 5722 quod
445 5643 640 5698 ibidem
664 5646 738 5722 ait
762 5646 1130 5722 :l‘ertullianus
1162 5665 1174 5722 ξ
1208 5664 1226 5696 ι
1254 5643 1420 5722 Plane
1444 5647 1654 5722 siquos
1680 5643 1818 5722 mili;

273 5714 343 5765 tia
374 5724 675 5783 praeventus
706 5714 838 5771 ﬁdes
865 5718 1130 5786 posterior
1162 5716 1397 5786 invenit,
1449 5714 1554 5774 alia
1580 5718 1816 5775 conditio

1850 4350 1897 4408 C

1931 3128 2028 3167 sus
2060 3120 2159 3165 est.
2196 3108 2325 3176 Nos,
2360 3110 2577 3164 domine
2608 3108 2678 3163 mi
2706 3107 2975 3171 Marcelle,
3007 3106 3206 3160 viventi
3235 3104 3344 3161 Deo
3375 3120 3493 3161 cre-

1931 3203 2115 3258 dintus
2160 3202 2279 3256 soli.
2349 3198 2444 3254 Est
2473 3209 2651 3254 autem
2696 3197 2855 3253 nobis
2891 3213 3010 3252 mos
3042 3198 3352 3267 hujusmodi
3385 3196 3495 3251 fra-

1933 3308 2074 3351 trum
2109 3301 2421 3349 nostrorum
2458 3290 2511 3345 in
2536 3307 2637 3345 nos
2664 3290 2953 3344 traditione
2990 3290 3342 3356 descendens,
3380 3292 3498 3360 qui-

1931 3402 2039 3458 que
2090 3402 2120 3441 a
2166 3386 2321 3440 nobis
2362 3385 2679 3439 observatos
2714 3390 2798 3437 est
2827 3398 2999 3453 usque
3032 3384 3098 3439 ad
3132 3384 3276 3438 hunc
3303 3383 3445 3438 diem
3475 3398 3492 3437 :

1932 3494 2028 3549 per
2072 3492 2244 3531 annos
2288 3475 2534 3546 singulos
2577 3482 2727 3528 extra
2759 3474 2947 3528 urbem
2976 3474 3178 3545 egressi
3213 3488 3319 3528 una
3369 3487 3494 3527 cum

1933 3568 2256 3637 coniugibus
2290 3582 2353 3621 ac
2377 3564 2594 3628 liberis,
2636 3564 3005 3634 supplicamus
3032 3564 3130 3619 soli
3160 3572 3214 3618 et
3238 3562 3494 3618 invisibili

1934 3658 2075 3722 Deo,
2116 3660 2315 3711 imbres
2361 3657 2429 3710 ab
2460 3671 2525 3710 eo
2555 3655 2687 3711 satis
2718 3656 2920 3709 nostris
2955 3670 3018 3709 ac
3060 3654 3305 3724 frugibus
3332 3654 3493 3708 obse-

1933 3760 2149 3804 crantes
2183 3767 2196 3802 :
2225 3746 2370 3817 quod
2408 3761 2533 3800 cum
2584 3753 2827 3814 tempore
2878 3761 2942 3800 ac
2983 3759 3134 3798 more
3167 3744 3328 3799 solito
3354 3744 3496 3798 cele-

1932 3842 2218 3897 braremus
2242 3879 2256 3904 ,
2308 3839 2659 3892 immorantes
2696 3837 2913 3906 jejunos
2942 3851 3129 3904 vesper
3155 3834 3392 3897 obtexit,
3438 3841 3495 3888 et

1934 3931 2233 4004 gravabant
2256 3943 2358 3983 nos
2390 3928 2500 3982 duo
2530 3927 2774 3980 omnium
2805 3926 3115 3981 ditﬁeillima
3137 3963 3152 3988 ,
3196 3923 3488 3993 jejunium,

1932 4033 1988 4079 et
2012 4021 2228 4092 vigiliae.
2272 4018 2430 4074 Circa
2466 4016 2702 4070 medium
2730 4032 2859 4071 vero
2884 4016 3059 4071 noctis
3088 4016 3306 4069 invidus
3333 4014 3493 4070 nobis

1933 4126 1986 4176 et
2030 4118 2373 4187 importunus
2418 4127 2644 4167 somnus
2673 4110 2944 4180 obrepsit,
2992 4120 3045 4164 et
3067 4109 3368 4164 cervicibus
3397 4108 3492 4163 de-

1934 4219 2170 4284 gravatts
2194 4224 2261 4264 ac
2288 4206 2446 4272 laxis,
2470 4205 2718 4260 demerso
2745 4204 2856 4274 (l6)
2899 4203 3093 4273 capite,
3138 4200 3369 4256 frontem
3399 4215 3492 4272 ge-

1934 4304 2093 4360 nibus
2114 4300 2283 4358 elidit.
2317 4297 2429 4355 Hoc
2450 4308 2630 4353 autem
2657 4297 2857 4352 factum
2880 4302 2982 4363 est,
3000 4292 3253 4366 quoniam
3277 4304 3490 4364 tempus

1925 4535 2044 4593 est,
2084 4533 2145 4580 ut
2192 4525 2587 4595 illorumquos
2612 4518 2856 4595 Joannes.
2895 4517 3210 4573 admittebat
3248 4514 3491 4595 adleva-

1927 4586 2110 4660 cruin;
2146 4586 2601 4650 utcenturio'num
2637 4589 3099 4652 ﬁdelissimorum,
3135 4602 3295 4657 quem
3324 4586 3485 4639 Chri-

1928 4677 2045 4723 stus
2075 4659 2286 4736 probat,
2315 4672 2368 4716 et
2389 4677 2550 4731 quem
2565 4660 2765 4736 _Petrus
2796 4660 3124 4736 catecbizat;
3147 4659 3275 4736 dum
3305 4664 3484 4736 tamen

1924 4725 2181 4806 suscepta
2214 4725 2316 4806 ﬁde
2339 4725 2502 4801 atque
2533 4731 2764 4801 signata,
2794 4729 3268 4806 aut-deserendum
3298 4725 3484 4806 statim

1927 4810 2000 4864 sit
2024 4795 2136 4861 ut'a
2164 4804 2349 4860 multis
2377 4795 2559 4856 actum
2581 4795 2610 4867 ξ
2629 4812 2722 4855 aut
2743 4800 2996 4855 omnibus
3031 4798 3207 4852 modis
3226 4795 3482 4851 cavillan-

1926 4879 2076 4941 dutn,
2111 4892 2178 4930 ne
2206 4874 2331 4944 quid
2357 4874 2615 4944 adversus
2638 4871 2808 4926 Deum
2832 4869 3219 4944 committatur,
3241 4878 3483 4943 quaenec

1925 4965 1991 5002 ex
2027 4941 2665 5015 militia—permittuntur;
2719 4950 2831 5015 aut
2858 4941 3150 4995 novissime
3180 4941 3480 5015 perpetior:~

1926 5019 2053 5073 dum
2083 5031 2182 5085 pro
2207 5008 2314 5085 Deo
2337 5054 2351 5079 ,
2385 5014 2528 5082 quod
2567 5027 2721 5081 aeque
2763 5011 2896 5085 ﬁdes
2925 5024 3129 5085 pagana
3157 5008 3415 5062 condixit.
3455 5022 3477 5084 ξ

1927 5080 2227 5143 Concilium
2260 5080 2538 5138 Nic-aenum
2562 5123 2578 5147 ,
2608 5080 2731 5137 can.
2764 5081 2830 5134 12
2862 5097 2878 5135 :
2910 5098 2929 5131 ι
2962 5080 3277 5145 Quicunque
3306 5080 3480 5130 vocati

1926 5174 2023 5228 per
2051 5156 2301 5228 gratiam,
2336 5155 2572 5228 primum
2603 5153 2819 5228 quidem
2856 5150 3111 5228 impetum
3136 5156 3476 5228 monstrave-

1926 5219 2080 5293 runt:
2109 5219 2436 5294 deponentes
2462 5219 2667 5277 militiae
2694 5221 2992 5294 cingulum,
3028 5219 3370 5294 postmodum
3397 5228 3484 5294 ve-

1926 5313 1989 5351 ro
2027 5284 2093 5351 ad
2126 5284 2401 5368 proprium
2435 5293 2697 5368 vomitum
2730 5284 2857 5346 su'nt
2885 5284 3242 5368 relapsi_;._ita
3271 5284 3481 5368 utqui-

1925 5368 2050 5421 dam
2099 5358 2151 5420 et
2183 5358 2443 5435 pecunias
2470 5363 2800 5425 tribuerent,
2835 5368 2890 5413 et
2923 5358 3476 5435 beneﬁciis__militiam

1925 5426 2227 5505 repeterent
2255 5452 2269 5488 :
2299 5434 2355 5505 hi
2388 5434 2571 5486 decem
2622 5445 2825 5505 annos_
2843 5426 3222 5505 postmtriennii
3266 5437 3480 5494 tempus

1924 5497 2034 5576 qu'o
2069 5504 2517 5576 inter_audi_entes
2574 5508 2762 5576 erunt,
2812 5498 2899 5576 in_
2926 5497 3214 5576 aﬂlictione
3255 5510 3476 5576 perma-

1925 5567 2105 5629 neant.
2133 5592 2151 5624 ι
2189 5571 2320 5629 Vide
2350 5572 2557 5641 Lupum
2577 5579 2631 5625 et
2653 5568 2997 5640 Beveregium
3025 5567 3080 5622 iu
3106 5568 3356 5623 eumdem
3390 5581 3481 5620 ca-

1927 5658 2144 5700 nonem.

1994 5713 2105 5782 (16)
2144 5711 2324 5780 Forte,
2360 5732 2378 5765 ι
2412 5709 2655 5767 dimisso.
2690 5728 2708 5761 ι
