3996 6208
517 288 648 348 “5!

1508 293 1685 347 ACTA
1723 288 2242 347 DISPUTATIONIS
2282 288 2340 345 S.
2381 288 2713 346 ARCIIELAI

3595 285 3728 340 “3:2

517 407 740 473 aderat,
781 419 837 463 ut
883 408 976 463 Dei
1013 408 1220 477 judicio
1246 424 1434 479 ptenas
1458 423 1557 478 pro
1585 407 1790 463 meritis
1818 407 2071 477 pendere-
2097 409 2144 465 Δ
2172 406 2415 476 ρταξείρίι
2478 422 2574 476 per
2617 405 2860 461 convivia
2916 402 3209 470 reclinari,
3272 401 3726 474 septingentisque

521 515 670 566 mus;
718 499 941 556 forsitan
991 502 1135 556 enim
1188 509 1472 572 peccantes
1525 501 1949 571 ignorabamus,
1986 507 2079 552 aut

515 595 676 650 etiam
711 608 1064 666 agnoscentes
1113 612 1220 651 non
1248 597 1651 652 desinebamus.
1707 595 1764 650 lu
1789 595 1877 649 illa
1915 595 2078 664 igitur

519 689 650 742 liora
681 689 862 742 subito
902 689 1130 742 militum
1178 705 1278 743 nos
1313 687 1600 743 multitudo
1631 685 1930 741 circumdat
1953 725 1966 749 ,
2017 697 2075 740 ut

513 779 723 832 aestimo
744 823 759 846 ,
794 788 1043 850 putantes
1072 795 1171 834 nos
1201 796 1296 848 pro
1323 779 1532 834 insidiis
1577 779 1886 834 consedisse
1909 820 1924 843 ,
1981 787 2074 832 aut

513 871 735 923 omnino
782 887 938 924 usum
987 871 1067 924 vel
1111 871 1347 924 studium
1393 871 1591 924 habere
1647 870 1984 940 praeliorum;
2015 879 2071 924 et

517 959 662 1012 nulla
719 974 1017 1015 conventus
1069 961 1238 1015 nostri
1288 976 1450 1015 causa
1504 960 1717 1030 penitus
1768 963 2066 1030 explorata,

513 1051 712 1105 bellum
743 1052 899 1106 nobis
924 1053 1264 1117 denuntiant,
1302 1068 1406 1105 nun
1434 1067 1702 1116 sermone,
1730 1052 1823 1106 sed
1847 1053 2024 1122 gladio
2051 1071 2064 1115 ;

511 1152 566 1195 et
593 1143 839 1197 homines
867 1143 958 1212 qui
985 1142 1234 1212 injuriam
1264 1143 1438 1196 facere
1467 1143 1718 1212 cuiquam
1751 1159 1856 1196 non
1884 1143 2070 1198 didici-

511 1245 654 1295 mus,
706 1233 826 1286 sine
859 1233 964 1286 ulla
996 1231 1364 1288 misericordia
1399 1233 1755 1288 missibilibus
1787 1234 1899 1304 (l7)
1949 1233 2062 1287 vul-

512 1333 726 1387 nerant,
758 1324 930 1378 hastis
952 1323 1290 1390 confodiunt,
1326 1325 1677 1380 mucronibus
1699 1325 1966 1395 jugulant.
2005 1326 2066 1380 Et

511 1415 892 1469 interfecerunt
935 1415 1154 1485 quidem
1201 1431 1264 1469 ex
1313 1414 1468 1469 nobis
1515 1417 1578 1469 ad
1612 1417 1754 1470 mille
1799 1427 2064 1472 trecentos

505 1509 675 1571 viros,
707 1506 1121 1560 vulneraverunt
1167 1516 1343 1560 autem
1375 1507 1714 1576 quingentos.
1773 1507 1905 1561 Cum
1934 1523 2062 1563 vero

504 1594 620 1648 dies
652 1594 921 1660 inclaruit,
951 1596 1042 1664 qui
1075 1595 1451 1664 superfuerant
1480 1612 1542 1651 ex
1571 1598 1758 1659 nobis,
1797 1597 1901 1652 huc
1934 1613 2058 1667 per-

503 1685 775 1740 duxerunt
794 1688 1052 1756 captivos,
1081 1703 1178 1742 nec
1205 1689 1282 1743 sic
1309 1689 1524 1759 quidem
1553 1690 1753 1760 aliquid
1783 1691 1938 1745 nobis
1961 1691 2060 1744 mi-

504 1777 816 1831 sericordiae
865 1779 1220 1834 concedentes
1263 1799 1276 1833 :

500 1884 694 1939 equos,
717 1871 990 1926 hastilium
1019 1874 1333 1928 verberibus
1367 1875 1694 1936 stimulatos,
1721 1887 1774 1930 et
1793 1891 2055 1945 equorum

501 1959 772 2015 frontibus
810 1961 1091 2030 impulsos.
1151 1962 1216 2016 Et
1258 1964 1567 2033 perduravit
1595 1965 1847 2034 quidem,
1897 1967 2072 2021 sicui.

499 2051 642 2105 vires
688 2050 904 2106 fuerunt
933 2053 1224 2118 tolerandi;
1282 2054 1499 2124 plurimi
1529 2072 1653 2110 vero
1679 2067 1801 2110 ante
1831 2072 1926 2110 ora
1953 2058 2054 2111 do—

501 2144 770 2196 minurum
786 2145 1082 2198 crudelium
1098 2147 1458 2213 coucidentcs,
1473 2147 1682 2202 animas
1695 2147 2052 2215 exhalabant;

497 2237 792 2303 pendentes
826 2236 1084 2292 uberibus
1108 2238 1362 2307 parvulos
1396 2252 1524 2293 suos
1554 2248 1770 2303 matres,
1796 2240 2056 2311 defatiga-

496 2326 566 2380 tis
597 2341 659 2380 ac
685 2327 924 2383 dimissis
957 2345 1120 2384 onere
1150 2330 1418 2392 brachiis,
1456 2331 1605 2385 humi
1637 2332 1884 2386 decidere
1910 2334 2054 2388 sine-

495 2417 646 2481 bant,
700 2418 912 2487 agitatae
959 2419 1357 2488 insequentium
1382 2421 1577 2487 minis;
1614 2423 1792 2478 omnis
1819 2439 1944 2479 vero
1967 2441 2052 2479 se-

493 2509 619 2562 nilis
652 2519 782 2564 aetas
811 2511 951 2565 victa
988 2511 1264 2568 laboribus
1292 2528 1356 2567 ac
1385 2514 1617 2568 resoluta
1661 2530 1755 2583 per
1791 2514 2048 2584 inediam,

492 2603 780 2656 corruebat
812 2603 865 2657 iu
891 2612 1112 2658 terram.
1175 2603 1401 2674 Superbi
1429 2621 1557 2660 vero
1585 2606 1780 2661 milites
1815 2607 1916 2662 hoc
1940 2617 2046 2662 tam

491 2703 718 2748 cruento
745 2696 1128 2750 collabeutium
1157 2696 1484 2766 spectaculo,
1517 2706 1773 2766 tanquam
1812 2699 2050 2769 volupta-

497 2797 548 2842 te
586 2787 764 2858 aliqua
811 2789 1168 2856 fruebantur,
1201 2806 1324 2846 cum
1369 2791 1503 2844 alios
1540 2789 1853 2846 deficientes
1879 2791 2045 2846 sterni

491 2874 608 2929 salo
635 2888 949 2944 cernerent;
984 2879 1034 2932 in
1062 2879 1184 2933 aliis
1210 2880 1331 2935 sitis
1365 2881 1651 2936 ardoribus
1679 2880 1934 2951 fatigatis,
1964 2881 2046 2934 in-

491 2973 770 3021 tuerentur
811 2968 971 3021 etiam
1021 2969 1168 3024 vocis
1211 2978 1444 3024 meatum
1470 3012 1485 3034 ,
1533 2982 1809 3026 arescente
1850 2973 2046 3043 lingua:

2178 497 2432 552 omnibus
2455 495 2748 549 exstructis
2766 492 2988 560 mensis,
3016 510 3138 548 cum
3169 494 3371 564 ingenti
3399 493 3579 549 laetitia
3603 492 3722 548 refi-

2174 590 2350 645 ciebat
2391 589 2709 654 universos;
2762 588 2833 642 ita
2865 597 2919 641 ut
2947 586 3039 658 qui
3085 600 3373 656 superesse
3423 593 3724 656 potuerant,

2173 681 2498 737 oblivionem
2549 689 2804 750 caperent
2845 673 3116 746 labarum,
3167 695 3233 734 ac
3262 680 3429 734 totius
3457 680 3588 734 mali
3615 680 3726 736 effi-

2171 785 2424 829 cerentur
2451 775 2813 829 immemores.
2862 771 2996 827 Cum
3021 782 3201 827 autem
3227 771 3450 841 quintus
3481 772 3727 828 decimus

2170 866 2559 935 transigeretur
2603 865 2752 931 dies,
2784 864 3035 919 Marcello
3079 874 3273 920 cuncta
3305 863 3509 918 aﬂatim
3563 863 3728 918 mini-

2169 965 2373 1012 strante
2415 957 2665 1027 captivis,
2709 957 2910 1027 placuit
2938 956 3017 1012 eis
3051 956 3304 1011 omnibus
3339 955 3612 1010 remeandi
3657 955 3726 1010 ad

2167 1049 2380 1118 propria
2411 1048 2576 1103 tribui
2611 1047 2918 1103 facultatem
2941 1087 2956 1114 ,
3015 1055 3210 1118 praeter
3237 1062 3331 1102 eos
3361 1061 3499 1115 quos
3537 1046 3730 1101 vulne-

2165 1155 2286 1194 rum
2321 1155 2448 1195 cura
2483 1139 2764 1206 retinebat,
2790 1139 2986 1209 quibus
3005 1147 3317 1209 competens
3345 1138 3586 1192 adhibita
3613 1154 3725 1192 me-

2164 1233 2304 1299 dela,
2338 1233 2403 1286 ad
2433 1248 2532 1288 sua
2562 1239 2784 1287 catteros
2821 1232 2970 1285 abire
3000 1232 3272 1301 praecepit.
3301 1229 3404 1284 Sed
3435 1230 3521 1285 his
3541 1232 3722 1284 omni-

2165 1323 2266 1376 bus
2300 1322 2508 1391 majora
2542 1321 2746 1376 addidit
2790 1319 3072 1376 Marcellus
3098 1321 3313 1390 pictatis
3336 1319 3518 1375 ofﬁcia
3550 1339 3566 1374 :
3599 1337 3719 1376 cum

2163 1413 2394 1483 plurima
2442 1427 2676 1482 namque
2717 1426 2939 1467 suorum
2973 1428 3134 1466 manu
3169 1427 3490 1480 progressus
3538 1421 3624 1466 est
3655 1412 3720 1466 ad

2161 1505 2464 1576 sepelienda
2482 1520 2709 1575 corpora
2727 1505 2780 1558 in
2801 1504 2990 1558 itinere
3015 1513 3436 1574 peremptorum,
3460 1514 3513 1558 et
3535 1504 3719 1558 omnia

2160 1610 2494 1666 qumcunque
2529 1594 2772 1649 invenire
2797 1593 2995 1664 potuit,
3041 1605 3096 1648 ut
3118 1593 3338 1663 dignum
3369 1602 3506 1657 erat,
3545 1593 3718 1647 tradi-

2159 1689 2236 1742 dit
2265 1687 2554 1757 sepultura:
2589 1705 2603 1742 :
2640 1702 2750 1756 quo
2779 1701 3002 1740 munere
3052 1686 3306 1754 impleto,
3357 1685 3420 1739 ad
3450 1685 3718 1742 Cbarram

1321 1781 1549 1851 agebant
1595 1782 1738 1835 enim
1791 1797 1889 1836 nos
1935 1793 2059 1837 ante
2091 1763 2132 1817 Β
2161 1781 2271 1848 (l8)
2300 1780 2476 1843 rediit,
2501 1787 2662 1849 atque
2687 1778 2882 1832 exinde
2911 1787 3220 1846 recuperata
3248 1777 3502 1840 sanitate,
3537 1778 3722 1834 vulne-

2160 1880 2306 1926 ratos
2362 1871 2427 1926 ad
2472 1870 2698 1940 patriam
2755 1884 2996 1924 remeare
3052 1868 3352 1938 permittit,
3402 1868 3719 1940 largissimo

2157 1963 2224 2018 ad
2253 1963 2354 2017 iter
2386 1963 2582 2017 viatico
2612 1971 2934 2030 prteparato.
2993 1959 3062 2014 At
3088 1975 3218 2013 vero
3245 1959 3370 2014 facti
3397 1960 3561 2029 hujus
3598 1962 3720 2030 upi-

2158 2059 2246 2111 nio
2277 2057 2345 2110 ad
2376 2056 2581 2124 reliqua
2617 2055 2849 2110 Marcelli
2893 2055 3027 2108 bene
3067 2063 3214 2123 gesta
3254 2053 3581 2108 immensum
3616 2072 3717 2110 cu-

2155 2149 2363 2203 mulum
2413 2147 2674 2213 contulit;
2733 2163 2827 2216 per
2875 2147 3182 2200 universam
3236 2146 3380 2201 enim
3433 2148 3714 2217 regionem

2155 2240 2299 2294 illam
2336 2239 2524 2308 ingens
2550 2237 2690 2293 fama
2721 2237 2976 2293 discurrit
3004 2237 3069 2291 de
3097 2237 3293 2306 pietate
3319 2235 3599 2301 Marcelli,
3643 2239 3717 2293 ita

2154 2337 2210 2381 ut
2236 2326 2455 2396 plurimi
2477 2342 2544 2380 ex
2571 2326 2797 2382 diversis
2825 2325 3047 2380 urbibus
3079 2324 3292 2380 videndi
3323 2333 3486 2394 atque
3519 2341 3722 2397 cogno-

2153 2419 2335 2473 scendi
2367 2418 2470 2472 viri
2502 2418 2796 2487 cupiditate
2826 2417 3134 2487 ﬂagrarent,
3158 2427 3212 2472 et
3248 2411 3480 2473 maxime
3506 2418 3562 2471 lii
3587 2419 3708 2488 qui-

2152 2511 2253 2567 bus
2287 2510 2427 2565 ferre
2475 2509 2758 2580 penuriam
2792 2525 2923 2562 usus
2957 2519 3081 2564 ante
3116 2525 3223 2563 non
3259 2508 3458 2576 fuerat,
3507 2511 3712 2580 quibus

2151 2603 2404 2657 omnibus
2433 2603 2518 2656 vir
2545 2602 2791 2672 egregius
2841 2602 3307 2671 indulgentissime
3339 2602 3710 2670 ministrabat,

2151 2693 2387 2749 Marcelli
2415 2693 2612 2748 veteris
2636 2693 2876 2747 imitatus
2903 2692 3147 2761 exempla
3168 2732 3183 2758 ,
3217 2692 3288 2746 ita
3317 2701 3377 2746 ut
3397 2708 3594 2749 omnes
3626 2694 3712 2748 di-

2147 2797 2326 2843 cereut
2355 2787 2464 2850 hoc.
2486 2787 2604 2841 viro
2637 2786 2842 2841 nullum
2869 2785 3066 2854 pietate
3090 2785 3548 2855 praastantiorem.
3602 2786 3710 2844 Sed

2146 2892 2200 2936 et
2229 2881 2406 2935 vidua:
2452 2878 2713 2934 universa:
2765 2879 2820 2932 in
2877 2877 3107 2932 Domino
3157 2877 3438 2934 credentes
3475 2880 3543 2933 ad
3582 2895 3710 2936 eum

2146 2972 2730 3038 coneurrebant;'cum
2763 2970 3016 3025 imbecilli
3047 2985 3263 3040 quoque
3291 2987 3353 3026 ex
3385 2987 3451 3026 eo
3479 2973 3584 3027 sibi
3613 2990 3711 3028 au-

489 3058 696 3127 glutino
717 3098 732 3124 ,
766 3060 1085 3128 prwpediri;
1117 3061 1254 3116 alios
1281 3078 1410 3116 vero
1440 3062 1715 3130 viderent,
1764 3064 2043 3118 conversis
2069 3097 2113 3159 ο
2145 3067 2335 3120 xilium
2405 3064 2767 3120 certissimum
2842 3064 3279 3134 praesumebant,
3331 3080 3432 3120 nec
3489 3082 3600 3121 non
3651 3076 3708 3122 et

486 3157 609 3215 post
637 3158 780 3218 terga
803 3151 992 3214 oculis,
1035 3153 1425 3220 exspirantium
1449 3155 1792 3221 parvulorum
1817 3171 2038 3209 suorum

488 3237 901 3309 ingemiscentes
925 3241 1134 3307 exitiis;
1166 3258 1288 3296 cum
1321 3244 1394 3296 illi
1418 3244 1814 3300 infelicissimus
1842 3258 2041 3302 matres

485 3330 755 3400 vagitibus
814 3331 1168 3386 inclamarent
1191 3374 1205 3396 ,
1248 3333 1350 3388 illa:
1387 3349 1516 3387 vero
1545 3336 1853 3403 priedonum
1890 3353 2039 3393 acer-

485 3419 747 3473 bitatibus
793 3421 1039 3490 agitatae,
1094 3423 1291 3491 quibus
1340 3424 1470 3478 solis
1503 3425 1667 3479 libere
1702 3427 1776 3479 uti
1822 3427 2036 3492 licebat,

485 3511 774 3580 gemitibus
812 3517 1228 3582 responderent;
1273 3533 1503 3586 quarum
1546 3519 1592 3574 si
1643 3536 1763 3590 qure
1799 3522 2037 3578 tenerius

485 3603 718 3672 propriis
774 3603 1111 3672 indulgerent
1156 3609 1493 3675 visceribus,
1544 3611 1793 3665 interitus
1837 3621 2036 3666 sortem

483 3703 673 3764 sponte
701 3695 804 3749 sibi
822 3711 1003 3765 parem
1021 3715 1144 3753 cum
1165 3699 1288 3755 tiliis
1317 3712 1807 3771 praisumpscrunt;
1844 3704 1888 3759 si
1919 3720 2039 3774 qua:

481 3801 608 3840 vero
642 3787 838 3843 habere
881 3790 1081 3860 aliquid
1128 3794 1422 3848 tolerantiae
1466 3805 1774 3864 potuerunt,
1815 3797 2038 3867 captiva:

482 3879 586 3933 huc
621 3897 791 3948 usque
841 3884 1111 3951 perducta:
1156 3897 1300 3941 sunt.
1369 3886 1572 3943 Triduo
1607 3889 1787 3959 itaque
1821 3902 2034 3956 exacto,

480 3984 604 4026 cum
639 3988 707 4026 ne
738 3975 984 4031 noctibus
1015 3978 1232 4046 quidem
1260 3980 1495 4050 aliquam
1527 3983 1768 4050 requiem
1798 3982 2035 4051 cepisse-

478 4075 622 4127 mus,
657 4064 723 4118 ad
758 4063 934 4119 locum
970 4066 1113 4122 hunc
1144 4067 1521 4136 perducimur,
1551 4071 1604 4124 in
1629 4087 1738 4140 quo
1773 4079 1893 4141 post
1922 4071 2036 4126 haec

473 4152 585 4222 jam
621 4155 748 4223 quid
779 4166 986 4227 gestum
1020 4159 1106 4224 sit,
1148 4162 1338 4216 melius
1371 4163 1486 4232 ipse
1517 4164 1678 4218 nosti,

549 4243 636 4298 lll.
678 4247 774 4302 His
798 4249 996 4304 auditis
1022 4251 1103 4304 vir
1135 4252 1410 4322 piissimus
1435 4253 1719 4311 Marcellus
1739 4267 2030 4328 plurimum

476 4337 529 4390 in
566 4337 829 4409 lacrymas
862 4341 1118 4410 profusus
1152 4353 1235 4398 est
1258 4387 1272 4412 ,
1320 4346 1574 4404 misertus
1628 4357 1808 4406 tantos
1833 4359 1886 4406 et
1921 4361 2028 4407 tam

474 4427 656 4482 varios
690 4445 884 4498 casus;
942 4433 1036 4486 sed
1083 4435 1214 4488 nihil
1265 4445 1527 4502 moratus,
1561 4438 1713 4494 cibos
1745 4453 2030 4512 prmparat,

475 4517 711 4589 fatigatis
743 4537 837 4590 per
864 4524 1212 4593 semetipsum
1250 4529 1546 4585 ministeria
1574 4532 1858 4601 exhibens,
1907 4535 2030 4589 imi-

473 4618 618 4665 tatus
665 4622 868 4678 patrem
921 4624 1165 4671 nostrum
1200 4618 1468 4675 Abraham
1493 4624 1862 4692 patriarcham
1889 4627 1904 4656 ¹
1934 4629 2028 4696 qui

470 4703 743 4770 quondam
775 4705 978 4775 angelis
1011 4723 1042 4760 a
1076 4724 1134 4761 se
1165 4710 1396 4780 hospitio
1425 4717 1692 4786 susceptis
1712 4755 1725 4779 ,
1758 4733 1865 4772 non
1902 4735 2027 4774 ver-

470 4794 683 4848 naculis
712 4794 994 4864 imperavit
1023 4799 1252 4855 vitulum
1284 4803 1491 4860 deferre
1513 4806 1579 4862 de
1609 4809 1860 4879 gregibus
1887 4828 1900 4876 ;
1933 4811 2029 4870 sed

469 4885 586 4954 ipse
621 4889 803 4941 senior
832 4889 1142 4959 impositum
1179 4893 1420 4952 humeris
1451 4900 1692 4967 pertulit,
1721 4917 1786 4956 ac
1823 4918 1916 4970 per
1942 4919 2028 4958 se-

470 4987 580 5031 met
605 4992 932 5048 prmparatos
975 4983 1128 5038 cibos
1156 4987 1388 5054 prOpriis
1415 4990 1665 5045 manibus
1698 4994 1904 5063 angelis
1933 5011 2028 5064 ap-

469 5071 670 5139 posuit.
737 5072 909 5127 Simili
939 5083 992 5128 et
1021 5073 1304 5132 Marcellus
1337 5075 1556 5134 functus
1587 5081 1760 5136 ollicio
1784 5125 1798 5149 ,
1855 5084 2026 5140 denos

543 5206 557 5236 '
591 5205 726 5260 Gen.
759 5223 913 5261 xviii.

539 5315 650 5390 tl?)
689 5315 926 5390 Barbara
953 5337 1052 5374 vox
1086 5338 1182 5390 pro
1222 5343 1241 5373 ‹
1287 5324 1605 5380 missilibus.
1641 5344 1660 5378 ι

537 5384 649 5455 (18)
691 5385 880 5466 Maliita
913 5401 996 5444 est
1023 5384 1202 5466 itaque
1251 5395 1362 5448 haec
1402 5395 1696 5464 disputatio
1723 5399 1862 5466 apud
1893 5397 2025 5453 Car-

471 5453 597 5506 rhas
627 5453 1030 5540 celeberrimam
1063 5453 1461 5540 Mesopotamia:
1491 5453 1896 5540 'urbetn,_eujus
1917 5473 2024 5540 epi-

469 5538 667 5604 scopus
687 5535 814 5604 erat
837 5528 1156 5604 Archelaus,
1195 5528 1268 5588 uti
1302 5551 1461 5604 supra
1488 5528 1885 5593 adnotavimus.

503 5593 649 5670 .(19)
687 5594 823 5675 Hinc
853 5599 1039 5675 incipit
1067 5593 1189 5675 pars
1226 5593 1386 5674 hujus
1417 5608 1596 5675 Oper-is
1624 5608 1768 5660 edita
1803 5626 1832 5662 a
1866 5607 2022 5663 Vale-

470 5667 552 5718 siu
578 5678 640 5716 ex
665 5667 850 5720 codice
877 5667 1150 5739 Bobiensi,
1182 5676 1271 5743 qui
1298 5667 1524 5732 'nuuc'in
1558 5678 1912 5736 Ambrosiana
1944 5682 2023 5736 bi-

2144 3155 2372 3225 orphani
2415 3169 2604 3208 omnes
2652 3153 2720 3207 ab
2763 3153 2881 3222 ipso
2931 3153 3344 3220 uutriebantur,
3399 3155 3707 3227 domusque

2139 3248 2260 3317 ejus
2292 3245 2697 3315 peregrinorum
2731 3254 2784 3299 et
2811 3261 3114 3315 pauperum
3157 3247 3451 3317 hospitium
3484 3249 3703 3304 dicebas

2141 3345 2256 3401 tur;
2286 3349 2446 3402 super
2475 3333 2656 3387 omnia
2691 3348 2820 3387 vero
2849 3336 2980 3399 haec,
3015 3334 3138 3390 fidei
3180 3351 3370 3392 curam
3394 3338 3614 3408 egregie
3643 3354 3706 3393 ac

2139 3425 2488 3495 singulariter
2538 3425 2824 3492 retinebat,
2877 3426 3152 3484 aadilieans
3194 3443 3289 3484 cor
3337 3444 3502 3485 suum
3538 3446 3706 3502 super

2139 3515 2468 3571 immobilem
2496 3526 2723 3587 petram.

2212 3609 2297 3663 IV.
2342 3610 2454 3680 (l9)
2498 3610 2664 3681 lgitur
2687 3627 2810 3664 cum
2841 3611 3072 3667 diversis
3119 3612 3174 3667 in
3205 3613 3338 3668 locis
3367 3612 3512 3670 fama
3539 3615 3612 3672 de
3641 3632 3706 3672 eo

2137 3702 2436 3770 smpissime
2468 3712 2834 3772 spargeretur,
2875 3703 3039 3757 etiam
3074 3703 3303 3776 Stranga
3338 3705 3506 3761 fluvio
3533 3724 3703 3778 supe-

2140 3800 2278 3854 rato,
2312 3790 2601 3846 Persarum
2636 3793 2688 3847 in
2720 3793 2991 3863 regionem
3031 3809 3154 3849 eum
3180 3797 3400 3866 pertulit
3421 3797 3706 3852 admiran-

2135 3883 2263 3937 dum
2287 3923 2302 3949 ,
2351 3885 2405 3938 in
2435 3901 2539 3954 qua
2568 3885 2948 3940 demorabatur
2976 3885 3159 3942 Manes
3191 3888 3444 3954 quidam;
3490 3891 3586 3959 qui
3635 3893 3700 3946 ad

2137 3990 2195 4030 sc
2229 3976 2599 4045 hujuscemodi
2633 3975 2732 4029 viri
2767 3977 3021 4045 opinione
3069 3980 3290 4050 perlata,
3332 3981 3568 4051 plurima
3607 3999 3698 4038 se-

2135 4082 2258 4121 cum
2293 4069 2404 4136 ipse
2442 4067 2719 4132 volvebat,
2773 4071 3224 4138 quemadmodum
3269 4088 3392 4126 eum
3435 4073 3696 4128 doctrina-

2135 4171 2246 4211 sua:
2294 4164 2477 4225 posset
2522 4157 2730 4226 laqueis
2781 4157 3027 4225 irretire,
3085 4175 3308 4230 Speraus
3362 4171 3701 4220 assertorem

2135 4248 2402 4318 dogmatis
2444 4250 2531 4304 sui
2576 4250 2692 4305 ﬁeri
2735 4265 2892 4321 posse
2932 4251 3262 4310 Marcellum.
3324 4253 3702 4313 Priesumebat

2135 4342 2278 4392 enim
2312 4339 2619 4395 universam
2653 4357 2713 4398 se
2738 4358 3004 4413 occupare
3043 4361 3206 4415 posse
3232 4348 3569 4416 provinciam
3592 4390 3610 4415 ,
3653 4351 3703 4406 si

2063 4440 2109 4499 υ
2137 4432 2288 4502 prius
2313 4434 2472 4487 talem
2499 4433 2674 4488 virum
2701 4436 2916 4490 sibimet
2937 4438 3166 4492 subdere
3187 4440 3483 4508 potuisset;
3505 4441 3562 4494 in
3591 4457 3704 4512 quo

2135 4523 2332 4592 duplici
2385 4523 2713 4593 cogitatione
2766 4526 2981 4580 animus
3033 4528 3333 4594 aestuabat,
3382 4539 3700 4586 utrumnam

2135 4615 2252 4684 ipse.
2285 4613 2352 4669 ad
2387 4630 2512 4669 eum
2544 4625 2820 4685 pergeret,
2850 4631 2917 4670 an
2948 4616 3142 4672 litteris
3162 4633 3285 4672 eum
3316 4621 3493 4688 primo
3524 4631 3706 4678 tenta-

2133 4719 2217 4760 ret
2247 4707 2480 4772 adoriri;
2515 4707 2798 4762 verebatur
2826 4709 2992 4774 enim,
3027 4725 3095 4763 ne
3126 4709 3268 4765 forte
3320 4711 3629 4780 improviso
3651 4726 3707 4770 et

2133 4800 2314 4854 subito
2347 4800 2592 4870 ingressu
2630 4801 2830 4854 malum
2860 4802 2960 4856 sibi
2994 4803 3212 4872 aliquod
3242 4817 3598 4875 nasceretur;
3636 4809 3704 4864 ad

2136 4889 2387 4942 ultimum
2416 4889 2808 4946 versutioribus
2828 4892 3070 4946 consiliis
3090 4906 3306 4962 parens,
3333 4895 3580 4952 scribere
3609 4898 3705 4953 de-

2130 4983 2301 5036 crevit
2333 4996 2346 5033 :
2383 4982 2726 5051 accitumque
2757 4997 2922 5036 unum
2951 4999 3017 5038 ex
3047 4983 3349 5053 discipulis,
3382 4985 3700 5044 Turbonem

2131 5072 2248 5142 (20)
2279 5074 2617 5144 nomine,qui
2653 5089 2747 5143 per
2772 5074 2979 5129 Addam
3009 5074 3184 5131 fuerat
3218 5078 3540 5146 instructus,
3585 5091 3699 5137 tra-

2134 5325 2402 5380 bliotheca
2429 5333 2694 5380 servatur.

2209 5396 2320 5465 (20)
2357 5396 2537 5449 Codex
2566 5395 2843 5453 Bobiensis
2872 5398 2920 5453 le
2959 5399 3028 5465 it,
3067 5419 3086 5455 ι
3119 5400 3268 5457 Adda
3299 5400 3635 5458 Turbonem.
3667 5422 3689 5458 ι

2209 5468 2260 5519 lli.
2287 5475 2465 5519 autem
2492 5467 2642 5520 Adda
2671 5484 2810 5522 unus
2831 5486 2893 5523 es
2916 5416 3195 5524 giscinulis
3224 5475 3360 5524 suis.
3389 5473 3480 5524 cui
3504 5475 3689 5524 Orien-

2137 5466 2465 5540 Fuitautem
2491 5467 2642 5540 Adda
2671 5484 2810 5540 unus
2831 5466 3195 5540 esidiscipulis
3224 5475 3360 5534 suis,
3389 5473 3480 5526 cui
3504 5475 3696 5529 Orien-

2139 5547 2244 5590 tem
2275 5536 2834 5661 hiairgsijlnﬁciendum
2863 5536 3444 5609 Manes'demandavit,
3471 5553 3529 5600 ut
3549 5546 3690 5601 intra

2139 5623 2256 5661 can.
2428 5621 2492 5661 tct
2522 5622 2604 5660 ur.

2139 5623 2256 5677 cap.
2298 5615 2356 5660 Η
2387 5615 2604 5662 dicrtur.
2653 5668 2656 5670 γ
