3996 6208
273 287 296 342 1
316 287 415 342 135

1355 293 1502 353 CUM
1539 296 1820 353 MANETE
1850 300 2382 358 IIERESIARCHA.

3360 305 3498 359 1454

210 447 216 455 ,
270 380 382 435 dita
416 375 659 449 Epistola
686 422 702 447 ,
753 382 903 438 abire
930 381 1126 453 jubet,
1177 399 1242 440 ac
1278 387 1514 458 perferre
1543 389 1834 458 Marcello;
1867 395 1911 452 Α
1941 403 2052 448 tum
2079 395 2192 466 (25)
2228 396 2332 450 sibi
2368 407 2562 450 nomen
2591 409 2700 448 non
2729 393 2956 448 libenter
2986 395 3253 464 amplexi,
3289 395 3500 452 Turbo-

270 471 476 542 quique
504 469 618 541 (21)
648 483 924 543 acceptam
969 491 1087 530 eam
1124 475 1272 540 huic,
1305 478 1393 533 cui
1425 495 1456 533 a
1480 478 1636 535 Mane
1666 479 1835 535 fuerat

270 572 598 634 praeceptum
622 605 638 630 ,
675 566 927 634 pertulit,
958 567 1104 621 omni
1142 568 1335 624 itinere
1365 569 1555 626 diebus
1599 571 1839 640 quinque

269 663 563 711 transacto.
630 655 807 712 Veloci
853 659 1052 714 etenim
1108 676 1240 715 usus
1271 671 1356 716 est
1393 677 1597 728 cursu,
1643 663 1696 716 in
1729 677 1837 732 quo

269 745 568 816 plurimum
617 749 961 818 supradictus
1010 748 1192 805 Turbo
1244 749 1444 806 laboris
1495 761 1548 806 et
1579 751 1838 806 molestiae

271 841 523 909 pertulit;
558 839 843 910 siquando
870 842 1012 896 enim
1047 843 1212 896 veluti
1242 843 1593 914 peregrinaris
1619 842 1730 913 (22)
1767 844 1833 898 ad

274 930 572 998 hospitium
599 931 968 1000 pervenisset,
1001 948 1122 1001 qua:
1147 933 1362 1002 quidem
1397 933 1699 989 diversoria
1723 933 1833 1005 (25)

269 1021 732 1091 hospitalissimus
757 1021 1039 1079 Marcellus
1071 1024 1422 1091 instruxerat,
1440 1042 1562 1080 cum
1593 1041 1622 1079 a
1651 1041 1834 1079 serva-

270 1115 483 1170 toribus
533 1114 890 1184 hospitiorum
920 1116 1363 1186 interrogaretur,
1410 1119 1571 1183 unde,
1606 1127 1658 1171 et
1687 1119 1831 1186 quis,

269 1207 354 1260 vel
381 1223 410 1261 a
439 1222 548 1277 quo
581 1207 783 1262 missus
829 1217 1010 1272 esset,
1067 1209 1244 1262 aiebat
1275 1227 1290 1264 :
1321 1211 1451 1266 Sum
1477 1210 1692 1279 quidem
1721 1210 1832 1279 (24)

270 1296 778 1367 Mesopotamensis,
815 1300 882 1354 de
905 1298 1125 1355 Persida
1171 1311 1350 1356 autem
1398 1303 1574 1366 venio,
1610 1318 1640 1356 a
1666 1301 1834 1357 Mani-

269 1389 422 1444 chazo
452 1391 710 1460 magistro
741 1390 1179 1445 Christianorum
1212 1393 1435 1449 missus.
1477 1395 1546 1448 At
1575 1395 1650 1448 illi
1682 1395 1836 1464 igno-

851 1507 1234 1559 ΜΑΝΙΧΔΙΟΣ

280 1592 642 1670 Ἀπόστολος
711 1595 904 1670 Ἰησοῦ
956 1597 1235 1670 Χριστοῦ,
1291 1600 1388 1652 καὶ
1442 1603 1496 1654 οἱ
1542 1600 1663 1654 σὺν
1703 1602 1831 1670 ἐμοὶ

336 1663 558 1739 ,πάντες
586 1666 778 1739 ﬁrmi,
814 1667 910 1719 καὶ
956 1663 1254 1735 παρθένοι,
1284 1670 1610 1738 Μαρκέλλῳ
1649 1663 1834 1739 τένξνῳ

1941 502 2062 540 nem
2093 487 2258 541 etiam
2291 485 2423 555 ipsis
2449 482 2698 553 hospitiis
2728 484 3101 549 detrudebant,
3123 503 3188 541 ne
3211 503 3363 556 aqua:
3383 491 3501 558 qui-

1939 579 2060 632 dem
2090 579 2264 648 ipsius
2306 577 2373 632 ad
2405 578 2694 632 bibendum
2742 575 2999 633 facultate
3030 595 3322 645 concessa;
3379 598 3499 650 qua

1939 685 2061 723 cum
2095 670 2306 740 singula
2338 669 2579 739 quotidie
2600 678 2760 738 atque
2787 669 2980 723 horum
3007 673 3266 740 nequiora
3293 675 3499 742 perfer-

1938 772 2020 816 ret
2050 763 2118 817 ab
2146 763 2251 825 his,
2284 765 2375 832 qui
2412 779 2508 832 per
2547 763 2759 831 singula
2785 763 2902 818 loca
2939 765 3310 820 mansionibus
3334 775 3499 835 atque

1939 853 2187 922 hospitiis
2235 862 2497 922 prmerant
2526 895 2539 916 ,
2590 854 2691 907 nisi
2742 854 2808 908 ad
2857 855 3107 910 ultimum
3163 857 3413 912 Marcello
3439 874 3497 913 se

1937 955 2153 1012 portare
2181 946 2388 1000 litteras
2420 927 2734 1007 indicasset,
2754 946 3071 1016 peregrinus
3097 946 3280 1002 Turbo
3307 947 3496 1006 mortis

1935 1037 2245 1106 pertulisset
2273 1037 2456 1091 exitia.

2009 1129 2071 1182 V.
2113 1131 2376 1198 Acceptas
2411 1129 2576 1198 igitur
2601 1128 2885 1182 Marcellus
2908 1129 3116 1184 litteras
3147 1131 3401 1195 resolvit,
3433 1146 3498 1185 ac

1936 1220 2082 1290 legit,
2116 1231 2376 1290 praesente
2400 1221 2665 1276 Archelao
2693 1221 2924 1276 civitatis
2953 1223 3226 1293 episcopo,
3256 1238 3488 1302 quapum

1933 1314 2238 1383 exemplum
2272 1314 2374 1368 hoc
2403 1323 2505 1368 est.

2421 1513 2531 1582 (εδ)
2558 1511 2984 1567 MANICIUEUS

1936 1599 2215 1672 Apostolus
2251 1599 2378 1654 Jesu
2423 1600 2642 1660 Christi.
2683 1611 2731 1654 et
2783 1604 2871 1672 qui
2909 1620 3110 1657 mecum
3150 1616 3269 1658 sunt
3315 1623 3491 1661 omnes

2005 1671 2255 1748 sancti_ct
2282 1673 2502 1748 uirgines
2525 1710 2541 1734 ,
2585 1671 2834 1748 Marcello
2866 1674 2978 1748 [ilio
3013 1675 3320 1748 charissima
3365 1694 3492 1748 gra-

334 1735 533 1818 ἀτᾳπη
543 1735 867 1818 τῴ,-χάρις,
900 1739 1090 1818 ξλεος,
1105 1740 1334 1818 ’ξιριήζη
1349 1735 1481 1818 -ᾇπὸ
1525 1735 1671 1818 Θεοῦ
1716 1735 1827 1818 ηαξ

2007 1741 2100 1806 tia,
2126 1735 2499 1818 misericordia.
2531 1759 2635 1813 pax
2664 1760 2694 1794 a
2726 1743 2838 1818 -Deo
2866 1735 3025 1818 Patre
3060 1754 3109 1818 et
3138 1735 3494 1801 Dominovno-

340 1806 489 1880 (pc);
512 1805 1060 1880 xal._K'vplo_v.1jpth
1105 1805 1298 1880 Ἰησοῦ
1324 1805 1616 1878 Χριστοῦ,
1667 1811 1763 1865 καὶ
1793 1813 1830 1880 ἢ

336 1874 502 1946 δεξιὰ
545 1875 651 1928 τοῦ
685 1876 876 1944 φωτὸς
903 1874 1248 1946 διατηρήσει
1296 1898 1369 1934 σε
1384 1874 1521 1935 Idm)
1556 1882 1660 1934 τοῦ
1706 1874 1833 1934 ἐνε-ἰ

338 1945 563 2020 στῶτος
587 1946 798 2020 αὶῷνος
826 1945 1108 2020 πονηροῦ,
1132 1950 1227 2001 καὶ
1253 1950 1368 2003 τῶν
1387 1951 1833 2020 συμπτωμάτων

337 2017 540 2079 αὐτοῦ,
573 2017 669 2069 καὶ
701 2017 964 2094 «aridior
991 2019 1095 2071 τοῦ
1123 2022 1408 2087 πονηροῦ,
1440 2017 1617 2090 ἀμήν.

337 2105 448 2177 Τὴν
497 2108 594 2177 μὲν
641 2108 767 2179 περ),
807 2108 863 2160 σὲ
899 2108 1116 2180 ἀγάπην
1154 2110 1413 2181 μεγίστην
1446 2107 1606 2166 οὖσαν
1647 2111 1832 2183 αἰσθη-

264 2199 402 2266 θεὶς,
425 2202 542 2256 λίαν
572 2203 775 2279 ἐχάρην
795 2221 807 2232 ·
837 2205 934 2274 τὴν
967 2203 1023 2256 δὲ
1058 2204 1237 2256 πίστιν
1267 2206 1364 2257 οὐκ
1391 2201 1554 2259 οὖσαν
1583 2206 1720 2259 κατὰ
1741 2206 1831 2258 τὸν

262 2294 422 2366 ὀρθὸν
456 2294 632 2363 λόγον,
676 2295 976 2367 ἠχθέσθην
1014 2296 1134 2350 ὅθεν
1165 2298 1302 2370 πρὸς
1338 2298 1704 2371 ἐπανόρθωσιν
1737 2298 1829 2351 τοῦ

265 2383 373 2436 τῶν
402 2384 700 2455 ἀνθρώπων
730 2385 917 2454 γένους
942 2386 1284 2450 ἀποσταλεὶς,
1308 2388 1614 2458 φειδόμενός
1642 2406 1701 2440 τε
1725 2386 1830 2441 τῶν

267 2474 447 2546 ἀπάτῃ
497 2475 590 2527 καὶ
625 2475 796 2546 πλάνῃ
848 2477 1073 2539 ἑαυτοὺς
1121 2477 1512 2542 ἐκδεδωκότων,
1547 2478 1718 2533 ταῦτα
1762 2480 1828 2531 τὰ

267 2568 568 2639 γράμματα
591 2567 726 2639 πρὸς
762 2568 819 2620 σὲ
851 2569 1143 2636 ἀναγκαῖον
1172 2571 1464 2642 ἡγησάμην
1495 2573 1827 2635 ἀποστεῖλαι,

269 2659 480 2732 πρῶτον
541 2660 635 2730 μὲν
689 2659 823 2732 πρὸς
886 2661 1157 2732 σωτηρίαν
1205 2663 1303 2733 τῆς
1346 2663 1570 2716 σεαυτοῦ
1619 2663 1826 2736 ψυχῆς,

267 2754 456 2807 ἔπειτα
507 2755 563 2807 δὲ
605 2755 695 2807 καὶ
726 2754 835 2806 τῶν
880 2755 994 2826 ἅμα
1032 2773 1112 2808 σοι
1158 2757 1548 2825 τυγχανόντων,
1598 2760 1734 2830 πρὸς
1769 2762 1830 2815 τὸ

270 2844 344 2915 μὴ
397 2844 705 2915 ἁδιάκριτόν
753 2861 811 2897 σε
844 2844 985 2916 ἔχειν
1031 2847 1123 2899 τὸν
1174 2847 1447 2918 λογισμὸν,
1505 2849 1580 2912 ὡς
1634 2853 1682 2904 οἱ
1723 2853 1830 2905 τῶν

265 2936 644 3007 ἁπλουστέρων
688 2937 1060 3008 καθηγεμόνες
1106 2937 1412 2990 διδάσκουσι
1445 2938 1727 3006 λέγοντες,
1769 2941 1831 2993 τὸ

267 3029 468 3098 ἀγαθὸν
498 3030 590 3083 καὶ
624 3029 682 3082 τὸ
713 3030 878 3083 κακὸν
911 3029 1017 3083 ἀπὸ
1059 3029 1151 3082 τοῦ
1189 3030 1351 3083 αὐτοῦ
1392 3031 1649 3102 φέρεσθαι
1670 3073 1685 3088 .
1735 3034 1830 3086 καὶ

2004 1820 2112 1862 stro
2147 1811 2273 1863 Jesu
2314 1811 2560 1876 Christo,
2615 1822 2662 1865 cl
2701 1813 2917 1867 dextera
2971 1815 3101 1868 lucis
3137 1827 3395 1871 conservet
3445 1829 3493 1872 te

2003 1897 2035 1933 a
2056 1883 2301 1955 praesenti
2326 1884 2517 1955 swculo
2551 1882 2712 1944 mala,
2738 1892 2787 1937 et
2813 1901 2844 1936 a
2879 1888 3034 1940 ruina
3059 1885 3169 1951 ejus
3194 1929 3210 1955 ,
3250 1896 3298 1941 et
3342 1905 3373 1941 a
3410 1889 3493 1942 la-

2000 1953 2144 2020 queis
2174 1952 2283 2022 (27)
2318 1953 2553 2022 maligni.

2003 2111 2352 2167 Dilectionem
2403 2113 2619 2183 quidem
2669 2125 2816 2168 tuam
2860 2116 3177 2173 immensam
3215 2120 3489 2186 sentiens,

1931 2203 2270 2257 vehementer
2288 2203 2502 2275 gavisus
2526 2221 2644 2259 sum
2663 2224 2676 2264 :
2695 2206 2824 2262 fides
2837 2223 2982 2270 vero,
2998 2208 3122 2277 quia
3138 2224 3243 2263 non
3264 2210 3493 2280 sitjuxta

1934 2303 1984 2348 te
2007 2305 2153 2350 recta
2183 2297 2389 2350 ratione
2411 2295 2544 2366 (28),
2568 2298 2790 2352 moleste
2820 2298 2917 2352 tuli
2955 2316 2969 2352 :
3001 2310 3217 2369 propter
3241 2301 3385 2371 quod
3426 2300 3494 2356 ad

1931 2388 2360 2443 emendationem
2395 2392 2607 2460 generis
2630 2392 2853 2445 humani
2888 2393 3086 2448 missus
3115 2409 3256 2456 sum,
3291 2403 3342 2448 et
3365 2394 3496 2449 sub-

1930 2479 2150 2533 veniens
2183 2479 2293 2549 (29)
2328 2481 2411 2536 his
2436 2483 2526 2550 qui
2561 2497 2619 2536 se
2649 2483 3055 2538 seductionihus
3088 2494 3251 2555 atque
3281 2485 3492 2540 errori-

1930 2569 2032 2624 bus
2071 2569 2443 2633 tradiderunt,
2498 2571 2610 2626 luec
2665 2572 2863 2639 scripta
2911 2572 2976 2625 ad
3027 2582 3079 2627 te
3126 2573 3492 2630 necessarium

1930 2662 2056 2715 duxi
2087 2661 2196 2730 (50)
2243 2663 2638 2728 transmittere;
2675 2663 2850 2732 primo
2896 2663 3111 2732 quidem
3149 2664 3216 2718 ad
3260 2665 3492 2722 salutem

1930 2755 2125 2808 anima:
2153 2763 2280 2818 tum,
2314 2754 2507 2809 deinde
2535 2765 2588 2810 et
2621 2771 2810 2810 eorum
2853 2756 2944 2826 qui
2977 2765 3152 2812 tecum
3205 2766 3367 2824 sunt;
3407 2758 3488 2813 uti

1931 2862 1998 2901 nc
2026 2847 2346 2903 indiscretos
2378 2849 2589 2902 animos
2621 2863 2776 2915 geras
2819 2848 2962 2917 (51),
3013 2848 3154 2903 sicut
3195 2848 3495 2918 simplicio-

1931 2955 2048 2994 run:
2082 2940 2324 3011 magistri
2349 2939 2545 2995 docent
2567 2942 2805 2996 dicentes
2827 2942 2960 3011 (52),
2988 2942 3186 2996 malum
3211 2951 3264 2997 et
3290 2942 3496 2998 bonum

1933 3032 2000 3087 ab
2032 3032 2218 3087 eodem
2249 3031 2570 3098 subsistere,
2601 3041 2654 3086 ct
2691 3048 2854 3085 lllltlm
2892 3032 3106 3087 initium
3141 3034 3494 3090 introducen-

269 3123 396 3194 μίαν
424 3122 594 3194 ἀρχὴν
627 3122 1021 3193 εἰσηγούμενοι,
1055 3123 1115 3176 ού
1147 3099 1530 3194 διακρίνοντες,
1557 3125 1676 3178 οὐδὲ
1699 3125 1827 3179 διαι-

1937 3134 2036 3188 tes,
2066 3139 2240 3192 neque
2275 3123 2568 3192 quidquam
2596 3133 2994 3192 perscrutantes
3023 3125 3104 3179 vel
3127 3125 3496 3182 discernentes

270 3215 487 3287 ροῦντες
518 3217 625 3270 ἀπὸ
644 3215 736 3269 τοῦ
772 3216 948 3285 φωτὸς
974 3217 1034 3269 τὸ
1068 3216 1274 3280 σκότος,
1301 3216 1392 3270 καὶ
1420 3217 1478 3270 τὸ
1504 3217 1703 3286 ἀγαθὸν
1727 3217 1832 3272 ἀπὸ

265 3306 358 3360 τοῦ
395 3307 562 3360 καικοῦ
611 3307 702 3359 καὶ
749 3305 972 3376 φαύλου,
1029 3307 1123 3359 καὶ
1171 3305 1261 3358 τὸν
1312 3305 1507 3370 ἔξωθεν
1548 3306 1831 3378 ἄνθρωπον

265 3397 375 3451 ἀπὸ
407 3397 499 3450 τοῦ
534 3399 707 3463 ἔνδον,
741 3399 816 3464 ὡς
853 3400 1213 3471 προείπομεν·
1250 3398 1383 3452 ἀλλὰ
1416 3399 1704 3471 κιρνῶντες
1737 3401 1832 3454 καὶ

270 3491 761 3561 ἐγκαταμιγνύντες
802 3491 1024 3561 θάτερον
1068 3490 1277 3560 θατέρῳ
1317 3491 1377 3542 οὐ
1428 3491 1706 3545 παύονται.
1756 3494 1828 3546 Σὺ

267 3581 346 3646 δὲ,
390 3576 435 3636 ὧ
465 3584 672 3646 τέκνον,
710 3583 784 3654 μὴ
836 3583 925 3636 ῐσα
972 3585 1084 3646 τοῖς
1119 3583 1330 3646 πολλοῖς
1376 3583 1482 3635 τῶν
1527 3581 1829 3654 ἀνθρώπων

266 3674 561 3745 ἀλογίστως
596 3677 691 3731 καὶ
731 3674 913 3740 ἁπλῶς
947 3675 1249 3747 ἀμφότερα,
1284 3675 1358 3738 ὡς
1391 3674 1456 3727 ἂν
1487 3675 1660 3746 τύχοι,
1697 3675 1828 3728 ἑνώ-

363 3888 450 3953 21)
489 3887 669 3943 Codex
694 3886 1000 3950 Bohiensis,
1039 3910 1056 3936 ι
1089 3885 1318 3955 Quippe,
1356 3905 1374 3934 ι
1413 3887 1548 3938 maia
1573 3886 1754 3938 lectio.

363 3889 450 3953 21)
489 3889 669 3943 Codex
694 3889 1000 3950 Bobiensis,
1039 3910 1056 3936 ι
1089 3889 1318 3955 Quippe,
1356 3905 1374 3934 ι
1413 3889 1548 3938 mala
1573 3889 1754 3938 lectio.

340 3889 452 4029 (22)
493 3957 637 4013 Idem
688 3959 856 4013 codex
909 3975 926 4008 ι
962 3959 1028 4012 ad
1063 3959 1340 4025 vesperam
1384 3957 1549 4012 veluti
1590 3956 1825 4025 peregri-

270 4045 392 4084 nus.
431 4049 447 4079 )

344 4099 456 4166 (25)
497 4097 638 4152 Idem
657 4100 846 4161 codex,
878 4117 896 4150 ι
921 4114 1041 4167 qua:
1068 4097 1284 4166 quidem
1311 4097 1424 4166 ipsa
1459 4096 1776 4167 diversoria.
1801 4113 1820 4146 ι

269 4167 406 4224 Hinc
439 4180 616 4224 autem
644 4180 861 4238 apparet
887 4166 1048 4238 quam
1085 4167 1272 4238 sedulo
1306 4166 1664 4238 hospitalitati
1699 4181 1827 4234 ope-

269 4257 386 4294 ram
416 4236 980 4310 dederiutprimitiva-
1006 4237 1257 4292 Ecclesia:
1288 4237 1490 4303 ﬁdeles,
1510 4236 1658 4310 Pauli
1690 4251 1827 4310 prae-

269 4319 423 4378 cepto
450 4310 501 4362 in
534 4305 768 4376 Epistula
793 4309 858 4364 ad
888 4309 1140 4364 Hebra‘os
1168 4323 1287 4375 cap.
1308 4323 1581 4370 xm,vers.
1612 4306 1636 4378 1
1668 4305 1826 4360 obse-

269 4377 402 4432 cuti.
457 4379 862 4444 Tertullianus,
911 4380 989 4432 De.
1033 4378 1512 4447 pra'scriptionibus
1567 4377 1825 4447 adversus

271 4449 657 4526 Hmreseseap.
693 4450 810 4526 20__:
853 4469 870 4501 ι
905 4450 996 4526 Si_c
1027 4465 1215 4504 omnes
1250 4446 1526 4517 (Ecclesia:
1558 4446 1802 4526 videlicet

270 4521 458 4591 prima:
489 4533 543 4574 et
575 4520 914 4587 apostolicae;
945 4521 1071 4574 dum
1109 4536 1213 4591 una
1239 4535 1429 4591 omnes
1447 4519 1690 4591 probant
1713 4519 1828 4591 uni-

267 4588 456 4654 tatem,
487 4597 611 4653 dum
646 4598 728 4643 est
757 4590 861 4645 illis
889 4588 1307 4646 communicatio
1341 4590 1510 4656 pacis,
1560 4597 1614 4642 et
1645 4588 1827 4656 appel-

267 4660 397 4716 latio
447 4660 829 4724 fraternitatis,
867 4671 921 4714 et
965 4658 1352 4715 contesseratio
1405 4657 1822 4727 hospitalitatis;

269 4747 390 4801 qua:
419 4731 542 4796 jura
577 4747 682 4784 non
711 4731 814 4784 alia
838 4731 1164 4801 ratio_rcgit,
1191 4743 1352 4799 quam
1381 4728 1621 4801 ejusdem
1650 4743 1827 4801 sacra-

269 4797 435 4857 menti
469 4817 574 4854 una
610 4802 845 4854 traditio.
880 4819 898 4852 ι
961 4797 1097 4853 Nota
1125 4797 1272 4861 sunt,
1323 4797 1535 4865 quae-de
1561 4797 1824 4851 Christia-

268 4887 463 4925 norum
493 4887 616 4939 erga
652 4869 992 4940 Peregrinum
1019 4869 1280 4939 hospitem
1305 4868 1492 4940 olliciis
1526 4867 1683 4922 refert
1708 4867 1817 4940 Lu-

267 4942 459 4994 cianus
494 4941 544 4993 in
559 4937 710 4994 'libro
746 4937 811 4994 de
852 4941 1091 5011 ejusdem
1122 4937 1313 4992 morte.
1369 4939 1472 5011 Sed
1503 4937 1726 5011 etquod
1749 4939 1814 5011 de

268 5011 580 5066 diversoriis
613 5019 771 5079 atque
795 5007 1057 5080 hospitiis,
1086 5025 1177 5079 per
1204 5011 1378 5079 regias
1411 5009 1524 5064 vias
1555 5009 1609 5080 in
1642 5007 1817 5080 Persi-

269 5081 391 5135 dem
425 5082 702 5139 ducentcs.
739 5096 769 5134 a
797 5079 1046 5136 Marcello
1074 5082 1424 5144 constructis,
1457 5080 1543 5132 hic
1567 5079 1815 5148 legimus.

271 5150 324 5204 id
365 5151 484 5206 aliis
530 5151 582 5203 in
635 5152 802 5214 locis,
853 5167 915 5206 ac
959 5151 1157 5217 ubique
1202 5149 1368 5205 ferme
1417 5167 1447 5204 a
1496 5148 1820 5203 Christianis

272 5220 473 5275 factum
502 5221 687 5285 fuisse,
713 5233 894 5290 aperte
920 5222 1189 5290 colligitur
1216 5235 1281 5273 ex
1313 5220 1557 5290 Gregorii
1589 5219 1822 5274 Nazian-

270 5293 391 5345 zeni
423 5292 684 5346 invectiva
714 5307 753 5354 ι,
788 5292 838 5343 in
867 5290 1142 5346 lulianum
1167 5290 1500 5358 Apostatam,
1528 5292 1616 5345 ubi
1651 5292 1823 5358 impe»

270 5371 505 5416 ratorem
542 5362 684 5415 hunc
715 5361 780 5414 ad
805 5361 1238 5418 Christianorum
1266 5362 1614 5415 imitationem
1646 5360 1824 5413 diver-

271 5431 414 5486 soria
459 5441 511 5485 et
561 5432 792 5500 hospitia
842 5448 937 5502 per
981 5429 1518 5502 orbcmﬂiiomanum
1565 5428 1822 5502 aedificari

271 5502 559 5556 mandasse
605 5499 859 5568 teStatur,
915 5512 972 5556 ut
1017 5501 1297 5570 gentilium
1349 5499 1822 5570 superstitionibus

271 5569 530 5640 majorem
553 5573 762 5626 laudem
791 5567 1297 5639 venerationemque
1325 5567 1655 5626 conciliaret.
1691 5567 1822 5640 Vide

273 5639 429 5709 plura
457 5644 596 5710 apud
625 5641 889 5697 Priorium
926 5642 1000 5696 De
1028 5640 1220 5710 litteris
1255 5643 1538 5709 canonicis,
1563 5655 1678 5704 cap.
1706 5639 1821 5694 5.et

276 5726 429 5781 sugq.
491 5708 543 5766 et
598 5711 986 5767 Thomasintnn
1043 5711 1120 5765 De
1172 5708 1820 5785 Tesserishospitalitatis,

1807 4419 1905 4515 (ι)

1935 3231 1965 3270 a
2004 3216 2123 3270 luce
2145 3214 2394 3269 tenebras
2425 3215 2559 3282 (55),
2592 3223 2646 3268 et
2671 3215 2870 3269 bonum
2901 3232 2931 3269 a
2964 3216 3126 3282 malo,
3158 3225 3212 3270 et
3257 3219 3497 3275 exterio-

1932 3323 2045 3361 rem
2081 3307 2355 3360 hominem
2389 3307 2457 3360 ab
2488 3306 2750 3369 interiori,
2797 3308 2938 3363 sicut
2973 3309 3356 3378 praediximus;
3399 3310 3495 3366 sed

1933 3399 2264 3454 confundere
2297 3416 2359 3454 ac
2392 3401 2715 3469 permiscere
2744 3401 2974 3456 alterum
3019 3403 3170 3458 alteri
3208 3419 3313 3458 non
3365 3419 3484 3460 ces-

1933 3501 2075 3548 sant.
2113 3490 2194 3545 Tu
2227 3507 2377 3558 vero,
2404 3507 2436 3545 o
2465 3493 2560 3555 fili,
2608 3508 2676 3547 ne
2720 3493 2968 3549 similiter
3013 3503 3072 3549 ut
3116 3497 3269 3552 multi
3317 3497 3496 3552 homi-

1937 3599 2100 3648 num,
2149 3563 2590 3636 irrationabiliter
2618 3591 2673 3637 et
2725 3585 3041 3654 simpliciter
3081 3597 3307 3657 utraque
3350 3588 3496 3642 indi-

1935 3682 2111 3728 screta
2141 3673 2465 3742 permisceas
2503 3674 2640 3743 (54),
2675 3689 2850 3744 neque
2885 3676 3139 3732 bonitatis
3160 3677 3268 3733 Deo
3294 3679 3496 3736 inferas

1931 3897 2050 3936 can.
2083 3881 2172 3936 26.

1998 3898 2334 4020 ?§42)0Codex
2362 3949 2494 4022 30b.
2531 3969 2550 4002 ι
2580 3949 3072 4022 Mesopotamenus.
3111 3971 3128 4001 ι

2005 4019 2114 4089 (25)
2151 4022 2331 4075 Codex
2362 4019 2664 4083 Bobiensis,
2701 4019 3080 4090 (ignoratum.
3123 4041 3140 4072 ι

2003 4091 2113 4164 (26)
2143 4091 2290 4164 Hanc
2311 4090 2590 4164 epistolam
2613 4107 2734 4164 cum
2753 4091 3003 4164 Marcelli
3037 4094 3387 4161 responsione
3409 4093 3495 4148 in-

1933 4161 2138 4233 tegram
2173 4161 2336 4216 refert
2372 4161 2703 4230 Epiphanius
2752 4163 2803 4215 in
2835 4162 3254 4216 Manichmorum
3301 4163 3494 4220 haresi

1935 4234 2122 4301 (var),
2151 4250 2205 4286 n.
2233 4233 2286 4299 6,
2313 4248 2378 4302 ex
2407 4249 2514 4302 quo
2539 4233 2725 4287 Graeca
2751 4233 3174 4302 desumpsimus.

2005 4303 2114 4373 (27)
2146 4302 2323 4373 Codex
2347 4301 2649 4373 Bobiensis,
2686 4322 2704 4355 ι
2739 4319 2768 4357 a
2801 4301 2975 4359 ruinis
3014 4303 3132 4373 ejus
3155 4343 3170 4369 ,
3211 4311 3266 4357 et
3310 4303 3376 4359 de
3412 4303 3496 4360 la-

1931 4370 2106 4444 queis.
2151 4371 2295 4444 rSic
2333 4370 2761 4444 ct‘Epiphanius.

2003 4443 2114 4512 (28)
2143 4443 2287 4496 Idem
2313 4440 2561 4508 codexﬁ
2592 4443 2747 4513 juxta
2773 4451 2973 4498 rectam
3014 4443 3299 4497 rationem.
3336 4461 3356 4494 ο
3403 4440 3494 4500 Sic

1930 4525 1982 4571 et
2010 4513 2362 4582 Epiphanius.

2001 4581 2280 4653 (29)’Idem
2314 4583 2503 4647 codex,
2530 4603 2548 4635 ι
2580 4585 2779 4640 missus
2801 4599 2920 4639 sum
2941 4581 3284 4638 subveniens.
3317 4601 3338 4637 ι
3365 4581 3495 4653 Epi-

1930 4656 2238 4727 phanius”
2279 4654 2477 4727 missus
2502 4663 2554 4708 et
2586 4655 2930 4727 subveniens.
2958 4674 2995 4727 Δι

1926 4723 1957 4851 ὲ,
1998 4725 2108 4808 (51))
2158 4724 2300 4778 Idem
2344 4725 2552 4791 codex,
2613 4745 2631 4776 ‹
2684 4726 2798 4780 haec
2862 4724 3064 4792 scripta
3123 4723 3490 4780 necessarium

1966 4812 2076 4850 uxt.
2127 4813 2144 4846 ι

1966 4812 2076 4850 [ΙΧΙ.
2127 4813 2144 4846 ι

1997 4865 2108 4937 (51)
2152 4864 2292 4937 lline
2335 4873 2480 4937 patet
2527 4865 2766 4937 recte_in
2792 4863 2978 4937 Graeco
3013 4863 3298 4937 Epiphanii
3343 4871 3487 4920 textu

1924 4935 2240 4992 emendasse
2267 4935 2576 5001 Petavium,
2616 4935 2750 5007 πρὸς
2792 4935 2852 4989 τὸ
2888 4935 2960 5007 μὴ
3006 4935 3335 5004 ἀδιάκριτον,
3362 4951 3489 4989 nam

1926 5009 2098 5078 prius
2132 5009 2204 5078 μή
2264 5007 2466 5078 deerat.

1999 5077 2110 5148 (52)
2135 5074 2320 5132 Codex
2354 5076 2690 5138 Casinensis,
2724 5095 2740 5126 ι
2779 5074 3022 5148 magistri
3045 5075 3305 5148 dicentes.
3337 5094 3356 5128 ι
3384 5075 3489 5132 Sed

1925 5143 2394 5218 aliam'lectiouem
2435 5147 2691 5218 exprimit
2725 5143 2887 5218 etiam
2920 5143 3274 5218 Epiphanius.

1995 5218 2105 5288 (55)
2135 5217 2270 5272 Male
2299 5218 2436 5272 idem
2466 5216 2654 5283 codex,
2686 5236 2702 5267 ι
2738 5234 2766 5271 a
2795 5217 2933 5288 luce,
2966 5229 2996 5267 a
3031 5216 3284 5288 tenebris.
3324 5235 3344 5269 ι

1996 5285 2106 5359 (54)
2120 5289 2297 5359 Codex
2317 5289 2678 5351 Casinensis,c
2703 5287 3038 5359 permiscens
3056 5295 3165 5349 nat
3181 5285 3486 5359 Bobiensis,

1929 5380 1946 5412 ι
1989 5352 2317 5428 permisceas
2358 5375 2535 5428 neque
2559 5352 2816 5412 bonitatis
2840 5354 2931 5428 Dei
2951 5352 3172 5428 inferas.
3206 5376 3224 5408 ι
3252 5352 3489 5428 Epipha-F

1924 5425 2067 5494 nius,
2097 5449 2115 5479 ι
2149 5425 2496 5497 permisceas,
2515 5443 2686 5497 neque
2708 5429 2771 5481 ad
2799 5425 3057 5497 bonitatis
3075 5425 3239 5493 Deum
3260 5425 3484 5482 referas.

1922 5493 2319 5562 luitiumcnim,
2343 5509 2446 5554 etc.
2484 5493 2508 5550 ί»
2550 5493 3153 5567 Ρέωιετειιᾼϐσεὶιιεηεὶε
3178 5497 3488 5567 legitpaulo

1923 5578 2062 5637 post,
2099 5586 2117 5618 ι
2157 5567 2372 5623 Initium
2402 5579 2454 5622 et
2487 5573 2667 5622 tinem.
2720 5586 2738 5618 ι
2791 5565 2900 5622 Nos
2937 5577 3120 5622 autem
3153 5565 3487 5636 ex'utroque

1922 5639 2132 5704 codice,
2179 5649 2341 5710 atque
2387 5637 2688 5710 Epiphanio
2736 5637 2880 5695 hunc
2933 5639 3114 5696 locum
3168 5639 3484 5694 emendavi-

1921 5724 2064 5763 IDUS.
