3996 6208
535 213 673 270 “55

1541 217 1726 273 ACTA
1758 216 2285 274 DISPU'I‘ATIONIS
2317 218 2372 274 S.
2413 220 2754 277 ARCHELAI

3604 222 3746 277 “56

531 330 934 389 contumeliam.
962 330 1176 388 Initium
1210 334 1354 389 enim
1384 345 1439 390 et
1469 336 1653 404 tinem,
1684 350 1739 394 et
1766 340 1958 395 horum
1991 356 2082 409 pa-

2187 357 2306 412 σῃς,
2343 342 2476 411 μηδὲ
2507 342 2585 412 τῷ
2612 344 2708 414 τῆς
2740 342 3094 415 ἀγαθωσύνης
3121 343 3239 415 Θεῷ
3272 342 3571 399 ἀνατεθεσο.
3614 343 3745 415 Ἀρ·

532 436 668 482 trem
694 424 960 481 malorum
988 426 1053 480 ad
1082 425 1248 481 Deum
1280 428 1391 499 (55)
1417 428 1677 498 referunt,
1703 449 1921 502 quorum
1964 434 2086 503 ﬁnis

529 527 609 573 ut
637 518 911 571 maledicto
948 520 1217 586 proximus
1253 522 1293 575 ⁸.
1330 519 1445 577 Non
1494 524 1637 578 enim
1677 526 1763 581 his
1809 525 1918 596 (36)
1952 532 2088 597 'quae

530 610 671 664 dicta
704 621 832 664 sunt
861 609 914 663 in
933 608 1243 680 Evangeliis
1276 610 1569 671 Salvatoris
1597 618 1763 671 nostri
1794 627 1847 672 et
1876 618 2085 672 Domini

530 698 658 755 Jesu
684 699 884 755 Christi
911 700 1155 765 credunt,
1181 704 1306 772 quia
1329 720 1430 758 non
1451 715 1614 775 potest
1645 707 1801 762 arbor
1825 708 1965 761 mala
1996 708 2087 761 bo-

531 809 624 847 nos
648 794 851 864 fructus
877 797 1076 864 facere,
1120 813 1279 867 neque
1313 798 1472 853 arbor
1513 801 1644 855 bona
1683 804 1847 857 malos
1883 804 2084 872 fructus

533 884 702 956 facere
727 887 767 941 ³.
801 886 1084 953 Quomodo
1108 888 1392 944 Dominum
1418 933 1432 958 ,
1468 890 1680 947 Satanas
1724 903 1779 949 et
1817 896 2083 951 malorum

531 975 650 1042 ejus
678 964 895 1031 actuum
940 975 1196 1032 factorem
1242 980 1420 1035 dicere
1454 983 1691 1038 audeant
1734 993 1787 1039 et
1840 987 2085 1044 condito-

532 1083 686 1132 rem,
744 1066 1036 1138 plurimum
1088 1068 1273 1125 miror.
1334 1073 1509 1142 Atque
1555 1074 1762 1130 utinam
1803 1092 1869 1131 eo
1914 1094 2085 1148 usque

527 1172 721 1212 eorum
747 1158 956 1212 xanitas
985 1161 1333 1229 pervenisset,
1361 1172 1411 1217 et
1439 1180 1546 1219 non
1583 1163 1947 1237 Unigenitum,
1994 1173 2083 1240 qui

533 1250 598 1305 de
632 1250 811 1305 Patris
838 1251 1038 1305 sinibus
1062 1253 1324 1307 descendit
1361 1254 1509 1327 (57),
1552 1257 1860 1326 Christum,
1904 1260 2084 1318 Mariae

531 1343 813 1411 cujusdam
848 1343 1089 1399 mulieris
1116 1360 1237 1400 esse
1256 1344 1498 1402 dicerent
1533 1347 1701 1404 [ilium
1747 1352 1788 1415 ⁸,
1839 1368 1906 1407 ex
1950 1370 2081 1409 san-

529 1434 693 1504 guine
716 1443 767 1488 et
789 1449 950 1489 carne
980 1450 1044 1489 ac
1065 1436 1287 1505 reliquis
1310 1437 1594 1494 mulierum
1623 1443 1894 1512 spurcitiis
1922 1461 2084 1516 gene-

528 1526 743 1581 ratum!
783 1524 867 1591 Et,
895 1535 954 1581 ut
984 1542 1052 1581 ne
1074 1527 1303 1596 plurima
1334 1544 1427 1599 per
1453 1531 1594 1587 hanc
1634 1534 1911 1603 epistolam
1947 1536 2081 1591 scri-

528 1614 691 1681 bam,
734 1625 896 1685 atque
933 1616 987 1668 in
1031 1614 1417 1687 longitudinem
1461 1624 1716 1692 temporis
1770 1625 2078 1694 protraham

527 1705 838 1776 patientiam
879 1716 1059 1773 tuam,
1099 1724 1221 1762 cum
1266 1709 1399 1763 mibi
1444 1728 1548 1766 non
1591 1713 1733 1768 adsit
1777 1716 2080 1786 eloquentia

528 1798 811 1863 naturalis,
844 1798 1037 1855 sullieit
1066 1800 1168 1854 ista
1201 1801 1421 1856 dixisse.
1452 1802 1645 1858 Omnia
1674 1815 1854 1861 autem
1880 1823 2084 1878 cogno-

527 1905 668 1954 sces,
705 1906 825 1944 eum
855 1907 1088 1960 praesens
1120 1891 1272 1946 fuero
1300 1895 1441 1963 apud
1487 1904 1567 1963 te;
1615 1897 1661 1951 si
1698 1906 1872 1953 tamen
1900 1902 2082 1956 saluti

529 1992 632 2035 tua;
660 1996 881 2051 parcere
910 1984 1044 2053 (58),
1079 1999 1142 2037 ac
1167 1985 1445 2054 providere
1470 1985 1692 2044 festinas
1738 2006 1754 2045 :
1796 2008 1901 2046 non
1935 1995 2078 2049 enim

527 2069 768 2139 laqueum
793 2073 954 2125 alicui
985 2074 1166 2142 injicio
1194 2077 1236 2141 ⁸,
1270 2077 1428 2131 sicuti
1458 2078 1671 2147 plurimi
1709 2081 2079 2150 insipientium

527 2161 751 2216 faciunt.
786 2161 1025 2235 lntellige
1051 2182 1172 2236 qua:
1197 2167 1341 2235 dico,
1368 2167 1440 2222 liii
1472 2170 1804 2228 honorabilis
1835 2174 1971 2247 (59).

594 2431 821 2489 VlJlac
851 2436 1077 2505 epistola
1116 2438 1273 2505 lecta,
1317 2439 1558 2509 bajulum
1601 2442 1898 2500 litterarum
1939 2445 2079 2501 Mar-

523 2525 694 2581 cellus
720 2528 1208 2597 obsequentissime
1224 2528 1334 2600 (40)
1364 2531 1576 2587 fciebat
1598 2533 1848 2603 hospitio;
1877 2537 2081 2591 Arche-

524 2616 642 2670 laus
665 2634 789 2673 vero
815 2636 874 2673 ea
904 2637 1023 2689 quae
1050 2622 1183 2677 lecta
1209 2634 1355 2691 sunt,
1381 2642 1487 2680 non
1519 2628 1745 2682 libenter
1773 2630 2076 2699 amplexus,

526 2710 665 2762 velut
698 2709 780 2763 leo
812 2712 1103 2769 conclusus
1129 2715 1380 2771 dentibus
1418 2718 1753 2776 infrendebat
1795 2722 1903 2795 (41)
1930 2766 1943 2789 ,
1982 2740 2080 2778 au-

522 2809 722 2855 ctorem
752 2803 993 2872 epistola:
1028 2806 1131 2861 sibi
1162 2806 1473 2864 desiderans
1498 2813 1636 2879 dari;
1669 2830 1827 2884 quem
1858 2814 2079 2871 Marcel-

1107 2920 1521 2979 llMRCELLUS

2187 431 2286 500 χὴν
2317 432 2424 502 γάρ
2456 432 2547 484 καὶ
2572 433 2741 498 τέλος,
2773 433 2866 487 καὶ
2893 433 2984 487 τὸν
3014 432 3217 487 τούτων
3248 432 3457 506 πατέρα
3488 432 3593 486 τῶν
3638 449 3744 485 κα-

2187 522 2295 573 κῶν
2329 523 2420 575 ἐπὶ
2445 523 2537 575 τὸν
2568 523 2698 576 Θεὸν
2727 524 3105 596 ἀναφέρουσιν,
3136 519 3225 578 ὧν
3255 524 3323 578 τὸ
3350 522 3523 590 τέλος
3562 521 3748 577 κατά-

2177 630 2292 679 ρας
2334 613 2530 683 ἐγγύς.
2590 614 2723 668 Οὔτε
2772 616 2880 688 γὰρ
2910 618 2967 669 ὲν
3009 617 3120 679 τοῖς
3156 614 3464 687 εἰρημένοις
3501 614 3748 681 Εὐαγγε-

2184 702 2317 767 λὶοις
2350 706 2477 774 παρ’
2506 704 2668 758 αὐτοῦ
2700 705 2793 759 τοῦ
2823 704 3071 775 Σωτῆρος
3096 704 3250 775 ἡμῶν
3281 705 3375 757 καὶ
3400 703 3605 774 Κυρίου
3641 704 3749 772 Ἰη-

2186 794 2278 847 σοῦ
2312 794 2546 868 Χριστοῦ
2590 795 2948 860 πιστεύουσιν,
2992 796 3072 848 ὅτι
3103 798 3176 849 οὐ
3207 796 3453 850 δύναται
3492 794 3749 861 δένδρον

2184 885 2368 941 καλὸν
2416 887 2679 955 καρποὺς
2708 887 2928 954 κακοὺς
2968 885 3231 954 ποιῆσαι,
3266 885 3409 941 οὐδὲ
3448 885 3579 956 μὴν
3606 883 3746 938 δὲνο

2183 975 2328 1043 δρον
2370 980 2557 1031 κακὸν
2594 978 2814 1045 καλοὺς
2852 978 3117 1047 καρποὺς
3166 977 3431 1045 ποιῆσαι.
3487 977 3601 1030 Καὶ
3630 976 3748 1038 πῶς

2181 1068 2273 1121 τὸν
2297 1068 2427 1122 Θεὸν
2458 1069 2550 1123 τοῦ
2573 1070 2784 1124 Σατανᾶ
2819 1070 2913 1123 καὶ
2942 1069 3049 1122 τῶν
3074 1067 3261 1123 κακῶν
3287 1067 3448 1121 αὐτοῦ
3477 1066 3748 1138 πραγμά-

2182 1176 2287 1212 των
2318 1159 2493 1227 λέγειν
2525 1160 2761 1232 τολμῶσι
2809 1161 3035 1231 ποιητὴν
3084 1160 3180 1214 καί
3221 1158 3573 1230 δημιουργὸν,
3616 1156 3749 1209 θαυ-

2185 1247 2372 1318 μάζειν
2384 1265 2470 1317 μοι
2496 1250 2797 1320 ἐπέρχεται.
2816 1250 2922 1303 Kal.
2945 1249 3055 1302 εἴθε
3074 1250 3170 1319 μὲν
3195 1249 3320 1320 ἄχρι
3347 1247 3554 1301 τούτων
3575 1244 3746 1315 trpez-

2183 1357 2274 1393 σεν
2319 1340 2494 1394 αὐτῶν
2539 1341 2570 1411 ἠ
2627 1340 2979 1411 ματαιοπονία
3018 1340 3114 1394 καὶ
3160 1339 3233 1412 μὴ
3270 1338 3374 1392 τὸν
3429 1334 3743 1406 Morari-nui

2181 1433 2288 1486 τὸν
2323 1432 2390 1486 ἐκ
2418 1431 2533 1485 τῶν
2563 1434 2803 1489 κόλπων
2828 1434 2933 1487 τοῦ
2974 1431 3203 1501 Πατρός
3228 1431 3569 1487 καταϐάντα
3608 1431 3746 1501 Χριι-

2183 1520 2325 1586 στὸν,
2359 1522 2575 1592 Μαρίας
2595 1522 2739 1587 τινὸς
2762 1523 3015 1592 γυναικὸς
3039 1524 3221 1591 ἔλεγον
3249 1518 3387 1576 εἶναι
3411 1522 3549 1585 υἱὸν,
3582 1520 3647 1588 ἐξ
3670 1521 3749 1574 αε-

2186 1631 2349 1685 ματος
2379 1615 2472 1668 καὶ
2520 1616 2717 1686 σαρκὸς
2750 1616 2843 1669 καὶ
2887 1615 2985 1685 τῆς
3018 1614 3181 1687 ἄλλης
3213 1614 3473 1677 δυσωδίας
3505 1614 3617 1666 τῶν
3648 1630 3748 1680 γυ-

2180 1704 2380 1757 ναικῶν
2412 1705 2729 1774 γεγενῆσθαι
2756 1707 2768 1757 ι
2798 1707 2904 1758 Καὶ
2936 1707 3019 1759 ἵνα
3055 1706 3150 1778 μὴ,
3173 1706 3241 1759 τά
3269 1705 3433 1758 πολλά
3457 1704 3550 1757 διὰ
3581 1704 3748 1773 τῆσδε

2177 1797 2276 1867 τῆς
2308 1796 2590 1868 ἐπιστολῆς
2642 1797 2886 1867 γράφων,
2927 1800 3006 1861 εἰς
3056 1799 3226 1868 μῆκος
3268 1797 3457 1868 χρόνον
3502 1794 3751 1866 διασύρω

2181 1903 2271 1943 σου
2304 1891 2400 1959 τὴν
2430 1888 2747 1951 ἐπιείκειαν,
2778 1890 2877 1942 οὐκ
2910 1889 3046 1960 ἔχων
3079 1889 3179 1952 τὰς
3212 1888 3443 1958 φυσικὰς
3478 1888 3747 1958 φράσεις,

2178 1981 2269 2033 ἐπὶ
2303 1981 2506 2045 τούτοις
2533 1980 2958 2053 ἀρκεσθήσομαι.
2997 1982 3069 2034 Τὸ
3092 1982 3138 2035 δ’
3164 1981 3284 2034 ὅλον
3309 1980 3495 2054 γνώσῃ
3534 1979 3746 2051 παρόν·

2178 2088 2268 2134 τος
2307 2088 2406 2141 μου
2449 2073 2583 2144 πρὸς
2617 2073 2697 2137 σὲ,
2739 2072 2854 2141 εἴγε
2909 2074 3007 2145 τῆς
3061 2072 3285 2126 σεαυτοῦ
3337 2072 3619 2143 σωτηρίας
3666 2071 3749 2124 ἔτι

2181 2164 2331 2237 φείδῃ
2350 2181 2364 2195 ’
2398 2165 2517 2219 οὐδὲ
2541 2166 2646 2237 γὰρ
2672 2167 2902 2236 ,ϐρόχον
2930 2166 3045 2219 τινὶ
3079 2166 3396 2228 ἐπιϐάλλω,
3427 2165 3505 2227 ὡς
3541 2167 3597 2217 οξ
3640 2164 3747 2219 τῶν

2180 2254 2388 2309 πολλῶν
2420 2256 2801 2329 ἀφρονέστεροι
2844 2256 3101 2312 ποιοῦσιν.
3138 2257 3264 2310 Νόει
3289 2256 3324 2310 ἀ
3356 2255 3519 2324 λέγω,
3555 2256 3746 2310 τέκνον

2178 2361 2230 2397 τι
2237 2343 2487 2414 μιὼτατε.

2182 2436 2267 2490 lus
2297 2438 2557 2492 suadebat
2586 2439 2895 2508 quiescere,
2943 2447 3114 2494 semet
3179 2438 3436 2508 pollicens
3481 2452 3747 2507 procura-

2182 2537 2360 2582 turum
2406 2529 2744 2597 przesentiam
2792 2529 2912 2583 viri.
2964 2528 3283 2584 Rescribere
3330 2542 3461 2597 ergo
3511 2526 3744 2582 Marcel-

2172 2614 2262 2677 lus
2287 2621 2352 2675 ad
2377 2637 2437 2677 ea
2466 2638 2587 2691 quze
2618 2623 2814 2693 scripta
2839 2630 2984 2687 sunt,
3019 2621 3208 2676 statuit
3231 2620 3517 2691 epistolam
3565 2618 3748 2678 conti-

2179 2724 2392 2769 nentem
2417 2714 2547 2769 hate.

2746 2916 3165 2971 ΜΑΡΚΕΛΛΟΣ

538 3003 629 3059 Vir
649 3019 800 3062 notus
836 3010 965 3081 (4‘2),
996 3010 1306 3093 Altinio/imo,
1337 3017 1545 3093 quisibi
1574 3034 1665 3087 per
1693 3021 1967 3089 epistolam
1999 3024 2080 3077 iu-

2192 3010 2358 3080 Ἀνὴρ
2387 3010 3007 3093 ἑπίσημοςῇΜρνιχαίῳ
3040 3007 3130 3093 τῷ,
3150 3008 3245 3062 διὰ
3277 3006 3387 3077 τῆς
3410 3007 3747 3079 ἐπιστολῆς

994 3083 1199 3136 dicatus
1226 3095 1323 3147 est,
1350 3083 1595 3142 salutent.

593 3163 858 3233 Scriptam
901 3171 1114 3237 quidem
1152 3181 1258 3225 ate
1287 3173 1566 3240 epistolam
1603 3177 1828 3244 sumpsi,
1852 3187 1906 3231 et
1943 3177 2080 3231 Tur-

522 3255 719 3309 bonem
749 3259 905 3312 solita
932 3261 1062 3313 mihi
1096 3261 1428 3316 humanitate
1449 3266 1679 3333 suscepi,
1706 3283 1924 3321 sensum
1954 3285 2080 3323 vero

522 3341 823 3397 litterarum
866 3361 1205 3415 nequaquam
1245 3350 1489 3415 advexti;
1534 3353 1637 3407 nisi
1677 3353 1811 3409 forte
1842 3364 1896 3409 tu
1940 3372 2078 3426 prm-

522 3447 649 3487 sens
670 3449 909 3503 exponas
941 3438 1093 3494 nobis
1120 3456 1216 3510 per
1239 3442 1417 3508 verba,
1448 3444 1678 3515 singula,
1711 3446 1847 3502 sicut
1876 3450 2079 3518 promi-

522 3524 662 3577 sisti.
699 3524 821 3580 V'ale
843 3528 972 3599 (45).

592 3704 741 3762 Hanc
766 3710 1048 3778 epistolam
1083 3712 1345 3783 signatam
1374 3716 1615 3772 tradebat
1663 3718 1901 3776 Turboni
1942 3722 2078 3778 refe-

522 3803 745 3855 rendam
777 3802 1027 3869 adeum,
1071 3820 1100 3859 a
1143 3822 1253 3875 quo
1298 3808 1446 3876 prius
1486 3810 1599 3879 ipse
1636 3815 1951 3881 pertulerat;
1992 3817 2078 3871 ille

522 3907 651 3945 vero
673 3894 737 3946 ad
764 3908 886 3947 eum
914 3895 1088 3950 redire
1116 3897 1333 3966 penitus
1362 3900 1746 3966 reluctabatur,
1769 3907 2078 3961 memoriti-

522 3983 666 4037 neris
697 3984 962 4052 laborum,
990 3996 1043 4041 et
1068 3989 1288 4058 rogabat
1308 3992 1470 4046 alium
1498 4010 1595 4063 pro
1623 4013 1680 4050 se
1711 3998 1890 4070 dirigi,
1920 4002 2079 4056 abne-

522 4092 657 4146 gaus
685 4079 823 4132 ultra
864 4082 964 4134 sibi
995 4082 1060 4135 ad
1085 4098 1206 4135 eum
1238 4086 1557 4150 rediturum,
1606 4101 1699 4144 aut
1738 4095 2078 4149 communio-

525 4184 645 4221 nem
675 4185 796 4224 cum
821 4187 886 4226 eo
916 4172 1151 4241 aliquam
1184 4172 1451 4230 facturum
1477 4179 1608 4247 (44);
1641 4180 1923 4239 Marcellus
1949 4201 2077 4241 vero
2126 4187 2133 4193 ’

522 4261 698 4314 accito
724 4278 833 4315 uno
860 4277 924 4316 ex
955 4262 1133 4331 pueris
1160 4265 1293 4327 suis,
1319 4265 1541 4323 Callisto
1567 4272 1805 4339 nomine,
1838 4278 2077 4347 praecipit

2661 3078 3008 3148 δηλουμένῳ
3032 3079 3273 3147 χαίρειν.

2251 3172 2357 3243 Τὴν
2395 3172 2492 3242 μὲν
2533 3172 2637 3223 ὑπὸ
2681 3170 2772 3222 σοῦ
2806 3172 3106 3241 γραφεῖσαν
3148 3167 3428 3239 ἐπιστολὴν
3467 3167 3748 3241 προσηκά-

2184 3281 2317 3337 μην⁶
2352 3264 2442 3317 τὸν
2468 3264 2523 3316 δὲ
2548 3263 2807 3333 Τύρϐωνα
2841 3259 3258 3333 προσεδεξάμην
3294 3259 3437 3314 κατὰ
3484 3259 3746 3332 φιλοφρο-

2182 3357 2344 3429 σύνην
2375 3355 2530 3427 ἐμὴν,
2566 3354 2672 3408 τῶν
2704 3356 2761 3408 δὲ
2802 3354 3141 3426 γραμμάτων
3179 3352 3270 3406 τὸν
3316 3350 3444 3405 νοῦν
3494 3349 3748 3420 οὐδαμῶς

2180 3449 2377 3518 ἔγνων·
2425 3449 2472 3500 εἰ
2512 3446 2583 3518 μὴ
2612 3446 2675 3499 σὺ
2716 3448 3152 3518 παραγενόμενος
3176 3444 3388 3516 φράσῃς
3411 3444 3547 3515 ἡμῖν
3580 3460 3749 3496 καταο

2180 3542 2407 3611 λογάδην
2457 3541 2708 3603 ἕκαστον,
2755 3538 2830 3602 ὼς
2876 3539 3110 3608 ὑπέσχου
3149 3537 3235 3590 διὰ
3284 3536 3383 3605 τῆς
3429 3536 3745 3607 ἐπιστολῆς.

2184 3633 2482 3705 Ἔρρωσθε.

2180 3725 2347 3791 didit;
2369 3742 2473 3796 qua
2508 3726 2594 3779 ille
2621 3724 2871 3795 perlecta.
2892 3723 3109 3793 gavisus
3138 3730 3241 3786 est,
3272 3736 3303 3773 a
3329 3718 3588 3773 Marcello
3607 3715 3747 3772 invi.

2182 3826 2351 3871 tatum
2382 3830 2442 3870 se
2467 3830 2608 3878 esse,
2642 3830 2706 3869 ac
2730 3815 2846 3868 sine
2883 3828 3036 3867 mora
3082 3813 3185 3865 iter
3229 3810 3435 3864 invadit
3468 3826 3484 3873 ;
3532 3807 3748 3862 Turbo—

2180 3910 2266 3964 nis
2292 3920 2469 3962 tauten
2498 3906 2912 3961 remorationem
2945 3919 3051 3957 non
3079 3917 3387 3972 prosperam
3419 3899 3745 3969 praesagitul

2182 3999 2313 4071 (46),
2340 4008 2393 4053 et
2430 3999 2582 4069 quasi
2611 3998 2858 4053 consulto
2892 3996 3083 4049 itinere
3110 3994 3174 4048 ad
3207 3992 3518 4047 Marcellum
3551 3981 3741 4061 pet-re1

2180 4097 2278 4151 xit.
2311 4094 2491 4148 Turbo
2515 4106 2645 4145 vero
2673 4092 2739 4145 de
2766 4088 3001 4143 Marcelli
3035 4089 3195 4142 domo
3224 4101 3448 4155 prorsus
3484 4100 3601 4138 non
3633 4085 3748 4141 dis-

2180 4187 2423 4248 cedebat,
2496 4198 2597 4238 nec
2642 4182 2710 4236 ab
2750 4181 2996 4236 Archelai
3034 4178 3267 4249 episcopi
3300 4177 3750 4232 confabulatione

2180 4280 2425 4335 cessabat
2455 4295 2468 4331 :
2495 4276 2644 4330 valde
2670 4274 2811 4329 enim
2844 4273 3082 4328 studiose
3110 4279 3337 4341 uterque
3365 4270 3432 4325 de
3455 4268 3749 4324 Manichzi

521 4353 815 4421 proﬁcisci;
843 4355 936 4424 qui
966 4356 1097 4408 nihil
1133 4367 1392 4423 moratus,
1428 4360 1572 4415 illico
1593 4365 1955 4432 proﬁciscitur
1980 4386 1993 4423 :
2023 4377 2076 4423 et
2107 4352 2151 4407 Ῑ)
2180 4369 2375 4427 studiis
2414 4365 2816 4436 perquirebant,
2847 4364 2986 4420 scire
3007 4363 3303 4433 cupientes,
3333 4360 3426 4430 qui
3454 4360 3545 4425 sit.
3577 4359 3745 4424 unde.

522 4456 644 4512 post
671 4447 909 4498 triduum
941 4447 1180 4515 pervenit
1201 4449 1267 4503 ad
1299 4450 1531 4519 Manem,
1560 4471 1716 4523 quem
1750 4457 1802 4510 in
1854 4462 2075 4517 castello

521 4538 757 4609 quodam
780 4539 1071 4595 Arabiouis
1097 4542 1207 4614 (45)
1239 4546 1452 4614 reperit,
1477 4559 1636 4617 atque
1656 4550 1937 4618 epistolam
1967 4562 2077 4609 tra-

588 4696 609 4725 ¹
643 4691 803 4747 Hebr.
839 4710 910 4758 γι,
943 4694 995 4748 8.
1063 4696 1303 4755 ‘Mattb.
1335 4718 1430 4768 vn,
1475 4703 1557 4758 18.
1634 4704 1656 4735 ⁸
1685 4704 1837 4761 Joan.
1893 4725 1941 4775 ι,
1990 4709 2077 4764 18.

593 4840 702 4907 (55)
741 4838 1022 4894 Βιὼίρηείε
1048 4840 1237 4903 codex,
1271 4861 1289 4893 ‹
1328 4844 1639 4905 Dominum.
1676 4866 1697 4898 ι

592 4909 703 4978 (56)
739 4910 1053 4965 Casinensis
1089 4911 1339 4977 habebat,
1382 4934 1399 4964 ι
1440 4914 1493 4969 ln
1532 4917 1633 4970 his.
1670 4936 1688 4968 ι
1737 4915 1867 4972 Vide
1905 4926 2084 4975 tamen

513 4998 579 5055 an
619 4981 804 5055 leviter
828 4981 1313 5055 emen_danh_tm_sit
1340 4986 1477 5055 apud
1520 4984 1876 5055 Epiphanium
1897 5031 1911 5055 ,
1946 4989 2079 5043 Οὔτε

513 5053 582 5120 γὲ
596 5052 770 5123 ρᾷτοῖς
799 5051 1102 5123 εἰρημένοις
1133 5052 1192 5123 ἐν
1223 5051 1583 5123 Εὐαγγελίοιςξ

592 5120 913 5191 (δηβοιιωι
946 5120 1247 5177 Bobiensis.
1277 5141 1294 5171 ι
1324 5120 1424 5187 Qui
1459 5125 1624 5191 patris
1653 5125 1849 5181 ﬁnibus
1875 5128 2078 5181 disces-

514 5187 608 5261 sit.
654 5187 1037 5261 i'Qasittcnsis,
1074 5209 1092 5241 ι
1132 5191 1348 5259 quidem
1396 5187 1563 5261 patris
1616 5197 1811 5249 ﬁnibus
1847 5198 2074 5252 descen-

514 5256 627 5331 dit.“
656 5279 673 5310 ι
699 5260 807 5313 Nos
830 5276 892 5316 ex
922 5256 1221 5331 Epiphanio
1244 5256 1586 5318 hunc-locutu
1612 5267 1963 5321 t'cstituitnus.

594 5329 709 5400 (58)
737 5329 1071 5395 CasittenISis,
1104 5350 1122 5383 ι
1159 5347 1365 5400 parere.
1397 5352 1416 5385 ι
1440 5334 1627 5387 Melior
1650 5336 1753 5389 alia
1783 5337 1941 5392 lectio
1965 5336 2073 5393 Bo-

520 5396 726 5473 biensis
745 5401 982 5473 podicis,
1016 5411 1074 5457 ut
1102 5396 1246 5472 patet
1278 5418 1340 5456 cx
1370 5403 1687 5473 Epiphanio.

591 5469 702 5550 (59)
733 5469 1246 5550 Codex_Bobie_iisis,
1260 5492 1278 5524 ι
1313 5469 1669 5550 llonorabilis.
1692 5473 1854 5531 Vale:
1885 5495 1902 5529 ι
1930 5478 2074 5550 quod

519 5539 878 5614 verbu_m_non
910 5543 1066 5614 habet
1097 5539 1446 5614 Epiphanius.

592 5607 701 5678 (40)
731 5611 907 5668 Codex
933 5607 1235 5683 Bobiensis,
1268 5634 1287 5668 ι
1319 5617 1825 5683 obsequentissimo.
1861 5639 1877 5672 ι

2176 4465 2260 4519 vel
2294 4461 2423 4532 quid
2450 4458 2597 4513 verbi
2627 4457 2783 4513 ferat.
2821 4456 2891 4511 At
2919 4455 3007 4509 ille
3033 4456 3282 4510 universa
3308 4452 3548 4508 dilucide
3577 4465 3749 4506 enar-

2179 4556 2339 4622 ravit,
2362 4562 2609 4624 repetens
2633 4559 2687 4605 et
2713 4564 2983 4620 exponens
3012 4548 3077 4601 de
3098 4547 3201 4602 [ide
3232 4545 3350 4616 ejus
3377 4545 3484 4599 hoc
3516 4544 3685 4600 modo
3728 4558 3746 4597 :

2178 4712 2199 4743 "
2229 4711 2251 4767 Ι
2284 4711 2410 4766 Cor.
2442 4724 2539 4774 vn,
2571 4705 2659 4762 55.

2255 4850 2366 4925 (Ill)
2389 4848 2576 4925 ξοδεχ
2609 4843 2911 4925 ροιιίεῃεῑε,
2940 4862 2969 4925 ι⁸
3003 4842 3368 4925 Ῑηΐτὶῃεεξιρι.
3408 4911 3421 4924 θ

2252 4913 2365 4986 (42)
2389 4918 2577 4972 Melior
2609 4916 2806 4970 Petavii
2830 4914 3085 4986 versio,_«
3122 4916 3201 4969 vir
3230 4913 3489 4986 illustris._
3518 4929 3541 4964 ι

2251 4982 2571 5063 (45)_C9_dex
2600 4986 2902 5063 Bobiensis,
2942 5003 2979 5063 r_
3001 4982 3153 5037 Sicut
3186 4999 3277 5063 per
3298 4982 3749 5063 epistolampro-

2180 5054 2403 5116 misisti.
2429 5057 2583 5130 AVale.
2604 5055 2764 5130 lianc
2793 5055 3069 5130 epistolam
3102 5054 3542 5130 scriptamatque
3560 5054 3746 5121 signa-

2177 5139 2286 5205 tam
2325 5128 2570 5205 tradebat
2604 5121 2842 5205 '_I‘urboni
2878 5123 3155 5205 feremlam
3215 5121 3234 5174 δ
3274 5121 3616 5205 Epiphanius
3652 5138 3746 5191 pa-

2179 5203 2308 5255 riter
2340 5200 2484 5264 legit,
2520 5216 2539 5248 ι
2579 5197 2718 5251 sicut
2742 5211 2835 5263 per
2861 5193 3141 5264 epistolam
3172 5190 3488 5263 promisisti.
3520 5190 3677 5247 Vale.
3717 5210 3737 5244 υ

2246 5218 2308 5255 .er
2340 5218 2385 5252 lt‘
2428 5218 2484 5263 Il,
2520 5218 2539 5248 ί
2579 5218 2718 5251 SICUI.
2742 5218 2835 5263 per
2861 5218 3141 5264 cplsuuum
3172 5218 3488 5263 pruuuamu.
3531 5218 3677 5247 rarts.
3717 5218 3737 5244 ι

2246 5270 2359 5338 (44)
2382 5218 2563 5321 ἕρδοι
2596 5264 2941 5338 Bobiensia}
2975 5263 3038 5317 ad
3074 5263 3222 5338 illum
3255 5276 3629 5328 reversurum,
3654 5271 3743 5317 aut

2172 5332 2604 5395 communionem
2638 5351 2759 5389 cum
2786 5350 2850 5388 eo
2872 5333 3106 5402 aliquam
3140 5332 3271 5387 fore.
3306 5351 3325 5384 ι

2244 5408 2356 5478 (45)
2382 5406 2803 5481 Castellum_ltoc
2827 5412 2975 5458 trans
3006 5403 3225 5481 ﬂuvium
3257 5402 3741 5481 Strangam‘silurl

2173 5470 2344 5534 fuisse
2381 5478 2434 5531 in
2467 5476 2643 5529 medio
2670 5473 2954 5527 Persarum
2986 5482 3040 5527 et
3058 5470 3489 5544 illesopotamiaa,
3517 5473 3596 5527 ait
3614 5470 3744 5544 Epi-

2172 5544 3017 5620 pha_n_ius_iu_hacnhaeresinum.
3057 5542 3109 5597 7.

2244 5617 2357 5687 (46)
2389 5616 2569 5670 Codex
2610 5614 2910 5681 Bobiensis,
2952 5633 2968 5665 t
3004 5627 3296 5686 praesagus.
3341 5631 3360 5665 ο
