3996 6208
267 264 405 318 ηδτ

1348 260 1494 319 CUM
1528 260 1808 317 MANETE
1847 259 2373 317 HERESIAECHA.

3348 254 3483 311 “58

334 378 398 431 Et
425 376 524 448 τὴν
554 377 647 431 τοῦ
665 376 825 448 Μάνη
859 376 1039 434 πίστιν
1059 378 1239 433 θέλετε
1277 379 1468 450 μαθεῖν
1509 381 1640 451 παρ’
1672 379 1813 450 ἐμοῦ

2003 376 2114 431 Vll.
2153 378 2264 448 (47)
2297 377 2353 430 Si
2380 374 2537 429 ﬁdem
2562 360 2842 428 Manicliaei
2866 372 3071 429 discere
3100 387 3129 427 a
3163 387 3250 428 me
3278 374 3443 429 vultis
3464 415 3481 441 ,

262 471 533 528 ἀκούσατε
568 473 862 543 συντόμως.
901 464 1067 537 Οὗτος
1092 474 1185 526 δύο
1212 473 1356 527 σέϐει
1400 474 1553 538 θεοὺς
1595 475 1825 543 ἀγεννή-

260 582 405 629 τους,
433 565 738 633 αὐτοφυεῖς,
758 563 976 627 ἀϊδίους,
1000 564 1094 617 ἑνα
1118 564 1196 636 τῷ
1221 566 1300 618 ἑνὶ
1319 565 1707 636 ἀντικείμενον,
1732 564 1826 617 καὶ

258 656 351 712 τὸν
375 656 473 727 μὲν
502 654 724 724 ἀγαθὸν,
758 656 847 707 τὸν
889 655 944 708 δὲ
974 656 1203 727 πονηρὸν
1235 658 1552 727 εἰσηγεῖται,
1597 674 1719 725 φως
1747 655 1825 728 τῷ

261 747 342 801 ἑνὶ
357 748 526 817 ὄνομα
559 746 801 817 θέμενος,
833 747 1022 818 καὶτῷ
1052 750 1219 820 ἑτέρῳ
1245 749 1481 815 σκότος·
1505 750 1599 802 καὶ
1616 749 1706 802 τοῦ
1727 749 1825 819 μὲν

262 838 440 908 φωτὸς
471 833 607 890 εἶναι
638 837 802 908 μέρος
843 838 942 910 τὴν
972 841 1027 891 ὲν
1074 836 1376 911 ἀνθρώποις
1411 836 1606 909 ψυχὴν,
1630 839 1722 891 τοῦ
1767 838 1824 890 δὲ

261 928 483 992 σκότους
510 928 571 981 τὸ
598 928 773 998 σῶμα,
792 928 953 981 καὶτὸ
966 928 1060 999 τῆς
1090 927 1219 999 ὕλης
1237 929 1644 1001 δημιούργημα.
1665 929 1826 992 Μίξιν

263 1019 341 1088 δὲ,
374 1020 491 1090 ἦτοι
526 1018 824 1089 σύγκρασιν
861 1018 1048 1072 τοῦτον
1087 1018 1233 1088 λέγει
1265 1020 1544 1088 γεγονέναι
1576 1020 1662 1073 τὸν
1695 1020 1819 1090 τρό-
1881 1084 1885 1088 γ

259 1128 381 1175 πον,
426 1109 738 1173 ἀπεικάζων
776 1112 902 1173 τοὺς
932 1110 1024 1163 δύο
1071 1110 1209 1180 τῷδε
1265 1111 1341 1182 τῷ
1388 1111 1819 1183 παραδείγματιο

261 1202 528 1272 Καθάπερ
554 1201 645 1254 δύο
673 1201 904 1271 βασιλεῖς
929 1201 1347 1272 άντιμαχόμενοι
1369 1203 1505 1273 πρὸς
1532 1202 1818 1274 ἀλλήλους,

257 1294 410 1358 ὄντες
442 1284 694 1365 ἅπαρχῆς
725 1293 926 1365 ἐχθροὶ,
959 1293 1050 1346 καὶ
1080 1294 1347 1365 ἀναμέρος
1377 1294 1601 1347 ἑκάστου
1626 1295 1693 1347 τὰ
1714 1293 1820 1348 ἴδια

257 1385 495 1457 ἔχοντος·
533 1385 672 1440 κατὰ
702 1386 757 1439 δὲ
784 1386 1037 1439 σύστασιν
1060 1386 1119 1438 τὸ
1153 1388 1339 1450 σκότος
1369 1385 1591 1439 ἐπελθὸν
1623 1388 1685 1439 ἑκ
1710 1386 1819 1441 τῶν

254 1478 418 1548 ὁρίων
446 1478 611 1530 αὑτοῦ
640 1480 1093 1549 προσεμαχήσατο
1117 1478 1193 1549 τῷ
1224 1478 1378 1547 φωτί.
1409 1478 1448 1529 Γ
1450 1478 1605 1531 νόντα
1642 1478 1698 1531 δὲ
1729 1480 1817 1535 τὸν

256 1569 458 1638 ἀγαθὸν
504 1568 722 1640 Πατέρα
753 1569 814 1621 τὸ
846 1568 1032 1631 σκότος
1079 1571 1134 1621 ὲν
1165 1572 1230 1640 τῇ
1265 1573 1333 1639 γῇ
1376 1570 1538 1623 αὑτοῦ
1575 1572 1817 1642 ἐπιδεδη-

258 1659 452 1731 μηκὺς,
483 1660 805 1729 προϐάλλειν
835 1658 892 1725 ἑξ
923 1658 1088 1711 αὑτοῦ
1113 1659 1357 1730 δύναμιν,
1389 1661 1684 1734 λεγομένην
1705 1664 1817 1733 Μη-

254 1749 388 1821 τέρα
416 1750 516 1819 τῆς
548 1747 712 1818 ζωῆς,
752 1747 843 1801 καὶ
876 1746 1045 1818 αὐτὴν
1086 1749 1510 1820 προδεδληκέναι
1540 1750 1630 1805 τὸν
1666 1752 1814 1822 πρῶ-

253 1857 346 1895 τον
378 1840 680 1912 ἄνθρωπον,
724 1839 791 1892 τά
832 1841 993 1894 πέντε
1035 1844 1287 1911 στοιχεῖα.
1316 1842 1437 1894 Εἰσὶ
1466 1841 1542 1906 δὲ,
1579 1842 1810 1913 ἄνεμος,

254 1932 392 2002 φῶς,
418 1930 577 2002 ὕδωρ,
596 1931 705 2002 πῦρ
730 1931 822 1984 καὶ
847 1930 968 2002 ῦλη,
987 1931 1095 1985 Καὶ
1117 1932 1288 1986 ταῦτα
1317 1933 1672 2004 ἐνδυσάμενοι)
1692 1974 1707 2000 ,
1738 1933 1813 1998 ὡς

255 2023 392 2094 πρὸς
424 2022 766 2093 κατασκευὴν
794 2023 1053 2094 πολέμου,
1085 2023 1360 2077 κατελθεῖν
1392 2024 1559 2087 κάτω,
1586 2026 1677 2078 καὶ
1716 2042 1814 2078 πο-

252 2112 485 2184 λεμῆσαι
510 2111 587 2183 τῷ
619 2114 819 2167 σκότει.
850 2117 912 2168 υἱ
941 2115 997 2167 δὲ
1024 2114 1117 2168 τοῦ
1159 2116 1379 2181 σκότους
1412 2118 1682 2189 ἄρχοντες,
1719 2118 1814 2171 ἀν-

249 2205 658 2275 τιπολεμοῦντες
680 2206 844 2276 αὐτῷ,
868 2206 1066 2276 ἔφαγον
1090 2207 1154 2259 ἑκ
1178 2206 1277 2276 τῆς
1299 2207 1597 2271 πανοπλίας
1625 2207 1809 2275 αὐτοῦ,

250 2296 281 2347 ὃ
304 2297 452 2349 ἑστιν
475 2297 508 2366 ἡ
544 2295 707 2367 ψυχή.
738 2296 867 2348 Τότε
890 2295 1075 2357 δεινῶς
1099 2295 1280 2365 ἑθλίϐη
1311 2297 1429 2350 ἐκεῖ
1452 2296 1599 2350 κάτω
1617 2300 1645 2350 6
1668 2297 1811 2368 πρῶ·

1926 470 2162 525 breviter
2195 468 2398 522 audite.
2437 466 2534 522 llic
2558 466 2694 521 duos
2725 464 2855 520 colit
2886 466 3015 520 deos
3040 465 3274 532 innatos,
3299 480 3363 520 ex
3393 482 3483 521 se-

1925 560 2166 629 metipsis
2188 567 2482 623 exstantes,
2512 565 2759 621 aeternos,
2778 570 2945 609 unum
2966 555 3057 609 uni
3082 555 3480 621 adversantem;

1924 659 1978 705 et
2009 651 2237 704 alterum
2271 649 2487 718 quidem
2516 648 2740 710 bonum,
2788 646 3015 701 alterum
3057 659 3231 702 autem
3279 648 3483 702 malum

1926 738 2240 797 introducit.
2272 738 2389 791 Lua:
2429 738 2522 791 uni
2548 752 2741 791 nomen
2771 735 3022 806 imponit,
3050 745 3104 790 et
3145 738 3297 791 alteri
3337 747 3482 791 tene-

1927 837 2055 891 brw.
2081 835 2147 889 Et
2178 836 2316 890 lucis
2343 834 2556 903 quidem
2584 848 2704 887 esse
2749 842 2956 902 partem
2998 831 3233 885 animam
3271 847 3389 901 quae
3424 831 3480 885 in

1924 927 2234 983 hominibus
2264 938 2366 991 est,
2411 925 2753 979 tenebrarum
2792 931 2973 976 autem
3008 936 3227 991 corpus,
3271 931 3326 975 et
3360 935 3481 990 qua:

1922 1033 1987 1073 ex
2021 1017 2245 1072 materia
2271 1027 2354 1073 est
2385 1015 2647 1071 conditio.
2683 1013 3092 1068 Permistioneni
3133 1020 3311 1066 autem
3332 1052 3348 1078 ,
3396 1010 3481 1066 vel

1923 1109 2356 1178 conjunctionem
2391 1107 2493 1162 hoc
2516 1107 2675 1162 modo
2706 1106 2835 1161 dicit
2863 1105 2975 1177 (48)
3001 1105 3265 1170 eﬁectam,
3296 1102 3481 1158 confe-

1919 1217 2045 1257 rens
2065 1203 2254 1256 ambos
2278 1201 2407 1255 deos
2433 1201 2486 1255 in
2518 1199 2887 1269 hujuscemodi
2907 1199 3210 1268 exemplum
3237 1216 3249 1251 :
3275 1196 3478 1263 Quem-

1918 1293 2207 1347 admodum
2240 1293 2285 1346 si
2311 1291 2419 1345 duo
2449 1305 2603 1357 reges
2624 1289 2732 1344 sint
2756 1290 3038 1343 adversum
3068 1304 3125 1343 se
3153 1297 3476 1358 pugnantes,

1917 1382 2011 1453 qui
2044 1382 2112 1436 ab
2150 1382 2304 1436 initio
2329 1380 2530 1434 fuerint
2557 1379 2796 1446 inimici,
2834 1380 3089 1433 habentes
3112 1379 3311 1449 singuli
3347 1394 3476 1433 suas

1916 1475 2209 1545 portiones;
2236 1470 2492 1526 acciderit
2521 1479 2699 1524 autem
2725 1478 2784 1523 ut
2810 1470 3043 1523 tenebrae
3070 1469 3475 1538 progredientes

1916 1566 2050 1623 ﬁnes
2072 1581 2220 1628 suos,
2249 1564 2445 1619 bellum
2469 1579 2594 1619 cum
2620 1564 2737 1617 luce
2761 1561 3145 1617 commiserint.
3174 1560 3325 1628 Quod
3348 1577 3473 1616 cum

1917 1657 2255 1727 cognovisset
2286 1656 2459 1711 bonus
2492 1655 2666 1721 Pater,
2703 1655 2953 1708 tenebras
2981 1653 3048 1708 ad
3082 1663 3279 1708 terram
3316 1668 3473 1707 suam

1844 1733 1886 1787 Β
1916 1748 2311 1817 supervenisse,
2340 1746 2592 1815 produxit
2624 1762 2689 1800 ex
2712 1737 2782 1801 se
2802 1745 3053 1798 virtutem
3082 1744 3218 1816 (49),
3244 1759 3365 1812 quae
3385 1743 3472 1796 di-

1912 1840 2054 1896 citur
2082 1838 2250 1894 Mater
2286 1839 2428 1904 vitai;
2459 1855 2565 1908 qua
2598 1840 2795 1892 virtute
2823 1837 3183 1892 circumdedit
3215 1834 3327 1905 (50)
3358 1835 3471 1904 pri-

1910 1946 2057 1985 mum
2089 1930 2382 1993 hominem,
2414 1944 2534 1999 qua:
2562 1937 2689 1984 sunt
2709 1929 2947 1998 quinque
2967 1928 3249 1989 elementa,
3286 1926 3338 1980 id
3366 1936 3470 1991 est,

1909 2029 2124 2085 ventus,
2164 2021 2254 2074 lux
2278 2061 2292 2085 ,
2333 2035 2495 2089 aqua,
2527 2019 2665 2088 ignis
2692 2028 2745 2073 et
2766 2017 2987 2071 materia
3012 2018 3144 2084 (5|);
3172 2016 3369 2085 quibus
3390 2015 3473 2069 in-

1910 2111 2092 2175 dutus,
2145 2119 2399 2180 tanquam
2444 2110 2507 2164 ad
2550 2117 2798 2178 paratum
2838 2108 2962 2162 belli
3004 2106 3144 2176 (52),
3199 2105 3474 2161 descendit

1909 2202 2163 2256 deorsum
2198 2217 2438 2271 pugnare
2462 2201 2746 2256 adversum
2778 2199 3047 2254 tenebras.
3077 2197 3146 2251 At
3171 2212 3298 2251 vero
3325 2205 3474 2251 tene-

1910 2292 2129 2347 brarum
2162 2293 2470 2362 principes,
2506 2300 2868 2360 repugnantes
2907 2289 2985 2354 ei,
3022 2288 3370 2342 comederunt
3405 2284 3474 2340 de

249 2401 339 2448 τος
364 2385 643 2459 ἄνθρωπος
673 2386 775 2438 ὑπὸ
803 2384 893 2438 τοῦ
926 2384 1167 2448 σκότους,
1193 2386 1284 2438 καὶ
1318 2387 1367 2439 εἰ
1409 2387 1484 2458 μὴ
1513 2387 1807 2459 εὐξαμένου

1910 2395 2186 2440 armatura
2211 2383 2351 2452 ejus,
2384 2383 2528 2454 quod
2559 2392 2640 2437 est
2666 2381 2867 2436 anima.
2902 2379 3054 2432 Tunc
3078 2379 3147 2432 ibi
3178 2378 3472 2431 vehemen-

254 2476 618 2546 είσήκουσενό
650 2475 856 2546 Πατὴρ,
891 2476 984 2528 καὶ
1021 2477 1333 2530 ἀπέστειλεν
1371 2479 1559 2550 ἑτέραν
1586 2480 1809 2551 δύναμιν

1909 2483 1992 2531 ter
2019 2472 2246 2529 aﬁlictus
2268 2481 2353 2527 est
2375 2473 2629 2526 deorsum
2656 2470 2863 2540 primus
2890 2483 3086 2537 parcns
3110 2468 3269 2523 homo
3301 2465 3411 2534 (53)
3433 2478 3467 2518 a

253 2565 644 2637 προδληθεῖσαν
694 2566 784 2618 ὑπ’
815 2565 995 2633 αὑτοῦ,
1040 2567 1336 2639 λεγομένην
1382 2569 1489 2632 ζῶν
1543 2573 1766 2643 Πνεῦμα
1789 2613 1805 2636 ,

1909 2566 2168 2632 tenebris;
2196 2573 2249 2620 et
2270 2564 2373 2625 nisi
2401 2572 2643 2619 orantem
2673 2577 2796 2617 eum
2831 2559 3141 2615 exaudisset
3174 2558 3364 2623 Pater,
3412 2565 3469 2611 et

252 2656 343 2708 καὶ
375 2656 422 2708 εί
458 2655 533 2726 μὴ
565 2655 834 2708 κατελθὼν
873 2656 1102 2711 δέδωκεν
1130 2657 1276 2728 αὑτῷ
1307 2658 1505 2725 δεξιὰν,
1546 2661 1637 2713 καὶ
1679 2663 1810 2732 ἁνή-

1911 2655 2149 2709 misisset
2192 2654 2414 2707 alteram
2450 2652 2703 2705 virtutem
2745 2665 2865 2720 qua:
2910 2656 3248 2717 processerat
3279 2661 3345 2700 ex
3383 2660 3466 2713 se,

252 2763 443 2816 νεγκεν
468 2748 533 2800 ἐκ
555 2747 650 2801 τοῦ
677 2747 917 2811 σκότους,
962 2748 1126 2802 πάλαι
1149 2748 1214 2803 ἂν
1238 2752 1266 2802 6
1289 2750 1502 2823 πρῶτος
1530 2752 1810 2826 ἄνθρωπος

1908 2762 2029 2817 quae
2053 2746 2253 2801 dicitur
2283 2743 2517 2814 Spiritus
2537 2743 2746 2807 vivens,
2763 2750 2814 2796 et
2838 2739 3167 2795 descendens
3199 2736 3474 2807 porrexis-

251 2839 605 2910 κατεχόμενος
629 2838 995 2894 ἐκινδύνευσεν
1049 2842 1272 2895 Ἔκτοτε
1295 2839 1385 2896 οὖν
1412 2845 1689 2915 κατέλειψε
1712 2846 1811 2900 κά-

1909 2848 1989 2893 set
2017 2839 2063 2892 ei
2098 2839 2374 2892 dexteram
2396 2847 2449 2891 et
2473 2836 2749 2891 eduxisset
2778 2849 2901 2888 eum
2932 2833 2998 2887 de
3032 2830 3301 2895 tenebris,
3338 2829 3467 2884 olim

250 2946 327 2982 τω
351 2929 450 3001 τὴν
486 2929 663 3000 ψυχήν
685 2948 699 2962 ·
735 2931 828 2984 καὶ
862 2930 950 2984 διὰ
973 2930 1129 2986 τοῦτο
1152 2934 1458 3005 Μανιχαῖοι,
1487 2936 1581 2990 ἐὰν
1616 2954 1807 2992 συναν-

1909 2928 2120 3000 primus
2158 2928 2322 2982 homo
2371 2927 2619 2981 detentus
2671 2925 3083 2995 periclitaretur.
3116 2920 3194 2975 Ex
3242 2936 3308 2976 eo
3338 2936 3469 2993 ergo

248 3021 490 3123 τησωσιν
533 3020 797 3091 ἀλλήλοις,
842 3024 1018 3090 δεξιὰς
1060 3025 1291 3080 διδόασιν
1335 3028 1544 3094 ἑαυτοῖς
1582 3031 1805 3102 σημείου

1909 3019 2143 3073 animam
2167 3018 2418 3072 deorsum
2446 3016 2662 3084 reliquit
2696 3015 2807 3083 (54)
2846 3031 2859 3067 :
2889 3021 2943 3067 et
2974 3021 3261 3082 propterea
3287 3010 3466 3066 Matii-

249 3110 426 3183 χάριν,
461 3112 537 3176 ὡς
577 3112 683 3168 άπὸ
712 3116 932 3179 σκότους
973 3115 1260 3182 σωθέντες·
1297 3121 1354 3173 ἑν
1383 3121 1490 3191 γὰρ
1521 3121 1596 3191 τῷ
1628 3121 1805 3174 σκότει

1907 3112 2039 3166 01ιωὶ
2070 3125 2193 3166 cum
2222 3109 2323 3165 sibi
2361 3109 2589 3162 invicem
2620 3113 2942 3171 occurrunt,
2973 3106 3103 3160 dant
3134 3104 3235 3159 sibi
3275 3105 3465 3158 dexte-

248 3201 427 3264 πάσας
462 3200 562 3264 τὰς
606 3203 840 3273 αἱρέσεις
884 3201 1026 3259 εἶναι
1060 3207 1226 3276 λέγει.
1263 3208 1393 3261 Τότε
1440 3208 1545 3273 ζῶν
1585 3209 1806 3281 Πνεῦμα

1906 3218 2000 3258 ras
2026 3202 2191 3272 hujus
2215 3201 2355 3271 signi
2380 3200 2571 3272 gratia,
2602 3206 2862 3266 tanquam
2895 3210 2957 3250 ex
2992 3194 3231 3250 tenebris
3257 3195 3460 3248 libera-

247 3292 427 3345 ἔκτισε
459 3292 551 3345 τὸν
580 3295 809 3362 κόσμον,
850 3299 943 3350 καὶ
986 3299 1115 3352 αὐτὸ
1158 3300 1392 3371 φορέσαν
1434 3301 1623 3373 ἑτέρας
1659 3306 1805 3374 τρεῖς

1906 3295 1966 3361 ti,
1986 3295 2037 3349 in
2069 3293 2304 3349 tenebris
2325 3293 2467 3345 enim
2495 3304 2683 3344 omnes
2710 3289 2940 3343 hareses
2966 3302 3087 3341 esse
3108 3286 3294 3341 dicunt
3319 3284 3456 3356 (55).

245 3384 522 3454 δυνάμεις,
570 3387 823 3441 κατελθὸν
870 3389 1137 3460 ἀνήνεγκε
1189 3393 1315 3457 τοὺς
1366 3393 1656 3463 ἄρχοντας,
1712 3394 1804 3448 καὶ

246 3472 574 3544 ἐστερέωσεν
596 3478 655 3529 ἑν
676 3476 752 3546 τῷ
780 3477 1137 3550 στερεώματι,
1171 3480 1199 3532 ὅ
1223 3482 1367 3534 ἐστιν
1394 3481 1567 3536 αὐτῶν
1593 3481 1798 3555 σῶμαὴ

248 3568 475 3638 σφαῖρα.
504 3568 633 3622 Τότε
662 3569 822 3624 πάλιν
863 3572 923 3624 τὸ
963 3572 1070 3636 ζῶν
1095 3572 1320 3643 Πνεῦμα
1342 3573 1520 3626 ἔκτισε
1543 3576 1665 3637 τοὺς
1688 3592 1801 3643 φωρ

248 3657 473 3728 στῆρας,
501 3657 536 3712 ἃ
556 3660 669 3713 ἑστι
691 3661 789 3731 τῆς
805 3661 979 3732 ψυχῆς
1004 3662 1250 3732 λείψανα,
1276 3664 1367 3716 καὶ
1388 3662 1557 3726 οὕτως
1582 3665 1800 3735 ἐποίησε

243 3749 304 3801 τὸ
340 3749 621 3820 στερέωμα
656 3751 952 3821 κυκλῆσαι·
996 3754 1088 3806 καὶ
1134 3753 1292 3807 πάλιν
1337 3753 1513 3807 ἔκτισε
1562 3753 1657 3825 τὴν
1695 3755 1799 3825 γῆν

244 3839 324 3900 είς
360 3837 476 3909 εἴδη
511 3837 670 3891 ὀκτώ.
714 3841 770 3893 Ὁ
807 3841 863 3893 δὲ
906 3842 1201 3912 Ὠμοφόρος
1233 3842 1381 3895 κάτω
1408 3842 1680 3913 βαστάζει,
1707 3845 1799 3898 καὶ⁵

244 3931 381 3985 ἐπὰν
437 3932 589 4004 κάμῃ
628 3931 928 4002 βαστάζων,
968 3935 1179 4005 τρέμει,
1223 3935 1318 3989 καὶ
1362 3935 1583 4006 σεισμοῦ
1629 3937 1797 4001 αἴτιος

243 4025 451 4093 γίνεται
487 4026 635 4097 παρὰ
681 4027 772 4079 τὸν
804 4026 1103 4097 ὡρισμένον
1146 4026 1356 4098 καιρόν.
1392 4026 1593 4080 Τούτου
1638 4027 1797 4079 ἕνεκα

242 4116 332 4171 τὸν
364 4118 490 4171 Υἰὸν
525 4118 688 4171 αὑτοῦ
723 4119 1036 4172 ἀπέστειλεν
1067 4122 1095 4173 6
1154 4120 1353 4188 ἀγαθὸς
1381 4120 1568 4191 Πατὴρ
1600 4122 1661 4172 ἑκ
1690 4119 1797 4173 τῶν

243 4209 458 4264 κόλπων
492 4211 571 4272 εἰς
601 4208 698 4280 τὴν
726 4209 947 4281 καρδίαν
977 4210 1077 4282 τῆς
1104 4210 1228 4282 γῆς,
1258 4212 1352 4266 καὶ
1386 4213 1466 4276 είς
1498 4210 1564 4264 τὰ
1597 4211 1797 4282 ταύτης

317 4405 427 4477 (4'7)
468 4406 753 4475 Srqiientia
804 4422 976 4476 usque
1022 4407 1088 4462 ad
1140 4424 1198 4463 ca
1245 4451 1256 4464 .
1302 4408 1408 4475 12,
1454 4408 1521 4464 ad
1561 4409 1782 4464 verbum
1817 4401 1863 4457 D

320 4492 426 4530 mce
457 4478 633 4530 retulit
659 4477 988 4534 Epiphanius
1018 4494 1166 4532 iiiiin.
1202 4425 1290 4534 g5.

245 4473 426 4530 Gi‘mce
457 4473 633 4530 retulit
659 4473 988 4544 Epiphanius
1018 4494 1166 4532 iiiiin.

314 4546 425 4619 (48)
457 4544 592 4601 Hinc
610 4557 748 4615 patet
770 4547 906 4619 apud
926 4546 1280 4619 Epipliaiiium
1306 4548 1408 4619 legi
1437 4547 1651 4617 debere,
1672 4549 1795 4604 τοῦ·

239 4632 329 4668 τον
354 4614 518 4684 λέγει,
549 4614 669 4671 cuin
706 4617 856 4683 prius
884 4614 1045 4679 esset,
1079 4618 1297 4672 τούτων.

314 4686 423 4757 (-49)
468 4687 645 4757 codex
681 4684 995 4757 Bobiensis,
1044 4706 1061 4737 ι
1118 4688 1370 4757 produxit
1412 4703 1478 4742 ex
1516 4688 1731 4742 virtute.
1771 4707 1791 4742 ι

239 4752 575 4819 CaSinensis,
609 4775 626 4806 ι
661 4755 971 4823 produxerit
998 4765 1050 4809 et
1080 4752 1198 4811 esse
1230 4758 1500 4811 virtutem.
1534 4776 1553 4808 ι
1590 4758 1693 4813 Sed
1717 4759 1796 4813 le-

240 4826 563 4895 geiuliimiex
596 4824 896 4895 Epiphanio
926 4825 1002 4879 uti
1029 4828 1369 4880 emendatum
1395 4835 1490 4880 est.

312 4894 421 4962 (50)
462 4894 639 4949 Codex
666 4894 967 4960 Bobiensis,
1004 4911 1158 4964 «qua
1190 4897 1562 4953 circumdedit.
1597 4917 1616 4950 ι
1647 4897 1799 4953 Casi-

238 4965 449 5038 iieiisis,
488 4984 507 5016 ι
550 4981 670 5038 qua:
704 4965 917 5038 virtute.
964 4983 982 5016 i
1020 4963 1122 5038 Sed
1152 4982 1217 5021 ex
1266 4967 1535 5035 Bobieiisi,
1579 4978 1631 5023 et
1669 4967 1798 5038 Epi-

238 5034 438 5103 phanio
466 5036 764 5097 emendavi,
802 5052 820 5084 ι
857 5050 964 5102 qua
993 5035 1210 5091 virtute.
1254 5056 1273 5088 ι
1661 5061 1669 5071 ε

310 5103 421 5171 (51)
458 5106 635 5175 Codex
668 5104 972 5175 Bobieiisis,
1009 5123 1027 5156 ι
1061 5105 1112 5158 id
1140 5117 1244 5174 est,
1284 5108 1398 5171 lux,
1426 5122 1564 5175 aqua
1590 5149 1606 5173 ,
1654 5108 1799 5175 ignis

237 5182 293 5225 et
319 5174 563 5245 materia.
600 5194 618 5226 ι
666 5175 770 5229 Sed
817 5172 1147 5245 Epiphanius
1195 5172 1318 5245 legit
1355 5196 1372 5228 ι
1424 5172 1649 5244 ventus,
1678 5172 1797 5241 iur,

238 5257 401 5308 aqua,
434 5244 653 5318 igniset
683 5244 924 5318 materia,
962 5263 983 5318 ι
1009 5254 1067 5318 ut
1093 5247 1144 5318 in
1172 5244 1354 5303 codice
1381 5246 1683 5316 Casinensi,
1704 5248 1797 5318 qui

236 5326 420 5382 veram
453 5315 668 5368 exhibet
699 5315 861 5382 hujus
885 5314 986 5367 loci
1017 5315 1324 5371 lectionem.

310 5380 420 5455 (se)
452 5380 787 5455 Epiphanius
810 5383 956 5455 legit,
987 5400 1006 5435 ι
1037 5385 1102 5437 ad
1132 5396 1445 5455 apparatum
1479 5386 1624 5441 belli.
1670 5404 1689 5437 ι

309 5450 625 5573 (ῗῖἲῖοὲἐὲόέι
658 5450 963 5519 Bobieiisis,
995 5450 1312 5511 concinente
1336 5456 1659 5526 Epiphanio,
1689 5455 1799 5525 pri-

233 5536 351 5576 mus
383 5536 555 5575 homo.

307 5589 420 5658 (54)
444 5591 623 5665 ϐοόοξ
650 5591 952 5665 Βοᾼιιίεηείε,
986 5611 1005 5646 ι
1041 5593 1329 5665 relinquit;
1369 5614 1389 5648 ι
1431 5596 1569 5651 mala
1614 5594 1796 5661 lectio,

234 5668 295 5713 ut
324 5669 466 5727 patet
495 5677 560 5717 ex
586 5660 905 5731 Epiphanio.

1905 3385 2060 3441 Tune
2083 3385 2269 3440 vivens
2297 3382 2533 3453 Spiritus
2562 3382 2765 3436 creavit
2800 3378 3098 3444 mundum,
3145 3387 3200 3432 et
3242 3379 3466 3432 indutus

1904 3478 2038 3533 alias
2068 3487 2176 3532 tres
2206 3476 2453 3542 virtutes,
2484 3472 2816 3528 descendens
2847 3470 3029 3526 eduxit
3058 3469 3331 3540 principes
3355 3510 3372 3537 ,
3413 3480 3468 3525 et

1901 3570 2170 3624 cruciﬁxit
2218 3583 2312 3623 eos
2359 3568 2413 3620 in
2467 3565 2850 3626 ﬁrmamento,
2900 3562 3045 3634 quod
3077 3571 3159 3617 est
3188 3562 3300 3632 (56)
3339 3561 3462 3631 ejus

1899 3676 2096 3729 corpus
2143 3658 2371 3728 sphaera.
2429 3653 2495 3708 Et
2545 3670 2765 3708 rursum
2819 3653 2935 3722 ipse
2986 3652 3172 3709 vivens
3222 3652 3461 3720 Spiritus

1897 3754 2096 3807 creavit
2126 3747 2436 3815 luminaria,
2463 3762 2584 3817 quae
2612 3755 2739 3801 sunt
2763 3744 3002 3813 reliquiae
3022 3745 3214 3798 anima:
3244 3743 3377 3813 (57),
3409 3753 3466 3799 et

1896 3841 2022 3896 fecit
2066 3856 2129 3894 ea
2174 3839 2569 3893 ﬁrmamentum
2621 3836 2908 3892 circumire
2958 3834 3109 3903 (58);
3161 3841 3215 3887 et
3263 3833 3462 3887 iterum

1895 3934 2097 3989 creavit
2123 3942 2346 3997 terram,
2379 3940 2433 3989 et
2460 3939 2585 3985 sunt
2613 3937 2758 3984 octo.
2788 3927 2884 3982 Est
2916 3935 3094 3980 autem
3120 3924 3463 3995 Omophorus

1895 4026 2147 4080 deorsum
2176 4023 2309 4094 (59),
2362 4023 2416 4076 id
2446 4031 2548 4087 est,
2589 4021 2682 4091 qui
2725 4035 2843 4074 eam
2878 4027 3052 4088 portat
3082 4018 3133 4071 in
3179 4018 3461 4086 humeris;

1895 4126 1949 4173 et
1977 4133 2099 4172 cum
2127 4114 2446 4170 laboraverit
2470 4123 2711 4184 portans,
2752 4112 3072 4166 intremiscit
3110 4129 3123 4164 :
3156 4119 3209 4165 ct
3238 4111 3348 4165 haec
3377 4121 3462 4166 est

1899 4225 2066 4265 causa
2098 4220 2252 4264 terra:
2281 4215 2460 4262 motus
2486 4214 2679 4277 praeter
2700 4205 3051 4261 constitutum
3087 4213 3316 4272 tempus.
3345 4200 3459 4259 Hac

1964 4410 2074 4481 (55)
2113 4410 2292 4481 Codex
2324 4409 2627 4481 Bobiensis,
2689 4424 2708 4458 ι
2751 4405 2927 4481 omnis
2969 4403 3189 4481 lucresis
3226 4418 3345 4481 esse
3376 4403 3462 4459 di-

1895 4473 2110 4535 citiir.'i
2150 4480 2253 4534 Sed
2292 4481 2428 4534 hanc
2454 4479 2736 4533 lectionem
2772 4476 2949 4544 rejicit
2993 4473 3353 4544 Epiphanius.

1967 4550 2077 4620 (56)
2118 4548 2242 4620 llaec
2291 4560 2371 4604 est
2407 4549 2568 4620 hujus
2613 4547 2717 4601 loci
2759 4541 2883 4620 vera
2912 4541 3117 4620 lectio,
3145 4541 3463 4620 Epiphanio

1894 4612 2139 4691 probata.
2197 4619 2367 4685 Quam
2400 4612 2543 4672 enim
2574 4632 2641 4671 ex
2674 4616 2859 4671 codice
2909 4613 3158 4691 Bobieiisi
3217 4612 3460 4691 \(alesius

1895 4683 2176 4761 Exprimit,
2208 4683 2518 4761 corruptam
2548 4703 2667 4761 esse
2698 4701 2855 4761 nemo
2878 4700 2982 4761 rion
3012 4683 3183 4761 videt;
3210 4684 3288 4737 sic
3316 4684 3459 4761 enim

1898 4751 2172 4822 se'liahet,‘
2197 4778 2215 4810 i
2246 4751 2586 4812 Descendens
2606 4756 2788 4809 eduxit
2814 4753 3078 4822 principes
3106 4751 3247 4813 Jeru,
3276 4753 3461 4808 exiens

1896 4831 1951 4884 in
1985 4820 2402 4887 ﬁrmamentum,
2431 4827 2576 4893 quod
2606 4833 2704 4887 est,
2736 4820 2840 4877 etc.
2876 4842 2893 4873 ι
2926 4825 2979 4876 In
3011 4820 3462 4893 GrzecoEpipha-

1897 4900 1972 4954 iiii
2007 4908 2108 4965 est,
2150 4918 2167 4949 ι
2213 4898 2276 4950 Ει
2303 4891 2561 4951 stabilivit
2606 4895 2658 4947 in
2676 4893 3049 4965 ﬁrmamento,
3077 4891 3217 4965 quod
3228 4901 3335 4965 ρει
3365 4892 3459 4965 ip-

1898 4907 1972 4954 nii
2007 4908 2108 4965 est,
2150 4918 2167 4949 ι
2213 4907 2276 4950 Et
2303 4907 2561 4951 stabilivit
2606 4911 2658 4947 in
2693 4907 3049 4953 lirinameiiio,
3077 4907 3217 5012 (μιυο
3251 4907 3335 4944 e3t
3380 4907 3459 4959 ip-

1898 4984 2082 5050 sorum
2112 4982 2311 5091 comit;
2341 4967 2571 5036 sphaera.
2615 4983 2634 5015 ι
2672 4961 2776 5017 Sed
2806 4963 2926 5016 vide
2953 4976 3075 5014 cum
3117 4976 3200 5014 em
3225 4959 3461 5030 Epipha-

1898 5053 2203 5091 niuni.cap.
2311 5077 2324 5089 .

1897 5056 2066 5098 nium,
2084 5053 2203 5098 CBD.
2236 5053 2324 5091 ἂδ.

1969 5056 2066 5098 nm,
2084 5053 2203 5106 cap.
2236 5053 2324 5091 εδ.

1969 5108 2081 5178 (57)
2125 5106 2197 5161 Ita
2243 5117 2295 5161 ct
2323 5104 2705 5178 Epiphanius.
2760 5101 2915 5178 Male_
2946 5098 3097 5178 apud
3140 5098 3407 5178 Valesium
3436 5137 3456 5167 ,

1904 5197 1923 5227 ο
1967 5168 2207 5247 Reliquae
2250 5168 2469 5230 animae:
2528 5195 2546 5227 ι
2587 5173 2720 5229 Vide
2760 5170 3007 5226 eumdem
3056 5168 3411 5240 Epiphaniuin
3437 5209 3456 5239 ,

1904 5249 2028 5300 ibid.
2059 5287 2073 5300 .
2137 5262 2256 5300 cap.
2309 5246 2398 5300 49.

1899 5249 2028 5303 ibid.
2059 5287 2073 5309 ,
2137 5262 2256 5309 cap.
2309 5249 2398 5300 49.

1970 5263 2083 5387 (15.8.)
2123 5263 2506 5370 Eclfpliicwmale
2555 5313 2721 5369 codex
2766 5309 3080 5387 Bobiensis,
3115 5326 3134 5359 ι
3175 5307 3230 5362 in
3276 5307 3461 5363 ﬁrma-

1898 5379 2081 5443 mento
2114 5386 2363 5444 circuire.
2416 5404 2433 5435 ι
2470 5393 2528 5437 ut
2556 5389 2700 5451 patet
2726 5395 2790 5433 ex
2824 5379 3140 5451 Epiphanio.

1971 5456 2080 5525 (59)
2121 5455 2454 5525 Epiphanius
2498 5446 2658 5525 habet
2675 5454 2769 5525 εἰς
2802 5446 3121 5525 alia—qu16).
3174 5465 3193 5499 ι
3238 5446 3460 5525 Creavit

1899 5517 2098 5580 terram
2139 5517 2389 5593 octiipliei
2434 5522 2631 5593 specie.
2667 5517 3010 5593 Qmopho_ru_s
3029 5529 3217 5593 autem
3240 5559 3255 5583 ,
3296 5536 3314 5568 ι
3353 5519 3455 5573 hoc

1898 5603 1979 5650 est
2024 5588 2282 5661 bajulus,
2327 5611 2345 5645 ι
2384 5588 2855 5661 intrastist‘inet.)
2888 5588 3001 5661 Sed
3026 5588 3248 5645 Latinus
3274 5597 3455 5644 noster

1901 5658 2166 5731 interpres
2194 5663 2351 5732 legit,
2379 5661 2483 5713 εἰσὶ
2515 5658 2591 5725 δέ,
2622 5658 2725 5724 vel,
2751 5659 2857 5713 εἰσὶ
2882 5659 2967 5732 δή.
