  <div class='ocr_page' id='page_1' title='image "/cluster/home/n/w/nwhite01/storage/ocr_20150623/10/hvd.32044073501330/739.png"; bbox 0 0 3996 6208; ppageno 0'>
   <div class='ocr_carea' id='block_1_1' title="bbox 520 270 658 326">
    <p class='ocr_par' dir='ltr' id='par_1_1' title="bbox 520 270 658 326">
     <span class='ocr_line' id='line_1_1' title="bbox 520 270 658 326; baseline 0.007 -1"><span class='ocrx_word' id='word_1_1' title='bbox 520 270 658 326; x_wconf 65' lang='grc'><strong>1139</strong></span> 
     </span>
    </p>
   </div>
   <div class='ocr_carea' id='block_1_2' title="bbox 1561 258 2789 321">
    <p class='ocr_par' dir='ltr' id='par_1_2' title="bbox 1561 258 2789 321">
     <span class='ocr_line' id='line_1_2' title="bbox 1561 258 2789 321; baseline -0.006 0"><span class='ocrx_word' id='word_1_2' title='bbox 1561 264 1748 321; x_wconf 80' lang='lat' dir='ltr'><strong>ACTA</strong></span> <span class='ocrx_word' id='word_1_3' title='bbox 1776 259 2303 321; x_wconf 75' lang='lat' dir='ltr'><strong>DISPUTATIONIS</strong></span> <span class='ocrx_word' id='word_1_4' title='bbox 2334 260 2393 316; x_wconf 81' lang='lat' dir='ltr'><strong>S.</strong></span> <span class='ocrx_word' id='word_1_5' title='bbox 2434 258 2789 315; x_wconf 77' lang='lat' dir='ltr'><strong>ABCHEL‘AIL</strong></span> 
     </span>
    </p>
   </div>
   <div class='ocr_carea' id='block_1_3' title="bbox 3610 258 3750 317">
    <p class='ocr_par' dir='ltr' id='par_1_3' title="bbox 3610 258 3750 317">
     <span class='ocr_line' id='line_1_3' title="bbox 3610 258 3750 317; baseline 0.014 -2"><span class='ocrx_word' id='word_1_6' title='bbox 3610 258 3750 317; x_wconf 66' lang='grc'><strong>1440</strong></span> 
     </span>
    </p>
   </div>
   <div class='ocr_carea' id='block_1_4' title="bbox 516 376 2087 457">
    <p class='ocr_par' dir='ltr' id='par_1_4' title="bbox 516 384 2080 457">
     <span class='ocr_line' id='line_1_4' title="bbox 516 384 2080 457; baseline -0.006 -12"><span class='ocrx_word' id='word_1_7' title='bbox 516 390 585 445; x_wconf 91' lang='lat' dir='ltr'><strong>de</strong></span> <span class='ocrx_word' id='word_1_8' title='bbox 608 402 772 444; x_wconf 81' lang='lat' dir='ltr'><strong>causa</strong></span> <span class='ocrx_word' id='word_1_9' title='bbox 787 384 985 442; x_wconf 80' lang='lat' dir='ltr'><strong>Filium</strong></span> <span class='ocrx_word' id='word_1_10' title='bbox 1005 401 1165 443; x_wconf 88' lang='lat' dir='ltr'><strong>suum</strong></span> <span class='ocrx_word' id='word_1_11' title='bbox 1191 384 1339 442; x_wconf 91' lang='lat' dir='ltr'><strong>misit</strong></span> <span class='ocrx_word' id='word_1_12' title='bbox 1359 385 1625 457; x_wconf 77' lang='lat' dir='ltr'><strong>benignus</strong></span> <span class='ocrx_word' id='word_1_13' title='bbox 1654 385 1811 440; x_wconf 88' lang='lat' dir='ltr'><strong>Pater</strong></span> <span class='ocrx_word' id='word_1_14' title='bbox 1847 384 1911 439; x_wconf 91' lang='lat' dir='ltr'><strong>de</strong></span> <span class='ocrx_word' id='word_1_15' title='bbox 1941 384 2080 439; x_wconf 87' lang='lat' dir='ltr'><strong>sini-</strong></span> 
     </span>
    </p>
   </div>
   <div class='ocr_carea' id='block_1_5' title="bbox 2188 376 3753 457">
    <p class='ocr_par' dir='ltr' id='par_1_5' title="bbox 2188 376 3753 451">
     <span class='ocr_line' id='line_1_5' title="bbox 2188 376 3753 451; baseline -0.003 -18"><span class='ocrx_word' id='word_1_16' title='bbox 2188 378 2468 434; x_wconf 76' lang='grc' dir='ltr'>κατώτατα</span> <span class='ocrx_word' id='word_1_17' title='bbox 2496 378 2660 451; x_wconf 80' lang='grc' dir='ltr'>μέρη,</span> <span class='ocrx_word' id='word_1_18' title='bbox 2690 380 2838 441; x_wconf 81' lang='grc' dir='ltr'>ὅπως</span> <span class='ocrx_word' id='word_1_19' title='bbox 2863 376 3011 449; x_wconf 74' lang='grc' dir='ltr'>αὐτῷ</span> <span class='ocrx_word' id='word_1_20' title='bbox 3037 378 3135 449; x_wconf 78' lang='grc' dir='ltr'>τὴν</span> <span class='ocrx_word' id='word_1_21' title='bbox 3163 378 3542 450; x_wconf 80' lang='grc' dir='ltr'>προσήκουσαν</span> <span class='ocrx_word' id='word_1_22' title='bbox 3574 380 3753 431; x_wconf 73' lang='grc' dir='ltr'>ἐπιτι-</span> 
     </span>
    </p>
   </div>
   <div class='ocr_carea' id='block_1_6' title="bbox 521 476 2087 550">
    <p class='ocr_par' dir='ltr' id='par_1_6' title="bbox 521 476 2087 550">
     <span class='ocr_line' id='line_1_6' title="bbox 521 476 2087 550; baseline -0.004 -15"><span class='ocrx_word' id='word_1_23' title='bbox 521 483 621 535; x_wconf 86' lang='lat' dir='ltr'><strong>bus</strong></span> <span class='ocrx_word' id='word_1_24' title='bbox 652 479 770 535; x_wconf 83' lang='lat' dir='ltr'><strong>suis</strong></span> <span class='ocrx_word' id='word_1_25' title='bbox 797 478 852 533; x_wconf 91' lang='lat' dir='ltr'><strong>in</strong></span> <span class='ocrx_word' id='word_1_26' title='bbox 885 492 979 533; x_wconf 86' lang='lat' dir='ltr'><strong>cor</strong></span> <span class='ocrx_word' id='word_1_27' title='bbox 1006 486 1162 534; x_wconf 71' lang='lat' dir='ltr'><strong>terra:</strong></span> <span class='ocrx_word' id='word_1_28' title='bbox 1187 477 1298 550; x_wconf 88' lang='lat'><strong>(60)</strong></span> <span class='ocrx_word' id='word_1_29' title='bbox 1326 484 1382 533; x_wconf 92' lang='lat' dir='ltr'><strong>et</strong></span> <span class='ocrx_word' id='word_1_30' title='bbox 1410 477 1464 531; x_wconf 92' lang='lat' dir='ltr'><strong>in</strong></span> <span class='ocrx_word' id='word_1_31' title='bbox 1493 476 1780 531; x_wconf 88' lang='lat' dir='ltr'><strong>interiores</strong></span> <span class='ocrx_word' id='word_1_32' title='bbox 1808 476 1928 546; x_wconf 89' lang='lat' dir='ltr'><strong>ejus</strong></span> <span class='ocrx_word' id='word_1_33' title='bbox 1957 490 2087 546; x_wconf 68' lang='lat' dir='ltr'><strong>par-</strong></span> 
     </span>
    </p>
   </div>
   <div class='ocr_carea' id='block_1_7' title="bbox 518 564 2088 641">
    <p class='ocr_par' dir='ltr' id='par_1_7' title="bbox 518 564 2088 641">
     <span class='ocr_line' id='line_1_7' title="bbox 518 564 2088 641; baseline -0.004 -14"><span class='ocrx_word' id='word_1_34' title='bbox 518 580 620 636; x_wconf 86' lang='lat' dir='ltr'><strong>tes,</strong></span> <span class='ocrx_word' id='word_1_35' title='bbox 647 585 756 641; x_wconf 91' lang='lat' dir='ltr'><strong>quo</strong></span> <span class='ocrx_word' id='word_1_36' title='bbox 785 569 959 633; x_wconf 86' lang='lat' dir='ltr'><strong>illum,</strong></span> <span class='ocrx_word' id='word_1_37' title='bbox 994 578 1054 624; x_wconf 93' lang='lat' dir='ltr'><strong>ut</strong></span> <span class='ocrx_word' id='word_1_38' title='bbox 1085 584 1184 638; x_wconf 89' lang='lat' dir='ltr'><strong>par</strong></span> <span class='ocrx_word' id='word_1_39' title='bbox 1219 576 1355 632; x_wconf 86' lang='lat' dir='ltr'><strong>erat,</strong></span> <span class='ocrx_word' id='word_1_40' title='bbox 1384 574 1657 622; x_wconf 86' lang='lat' dir='ltr'><strong>coerceret</strong></span> <span class='ocrx_word' id='word_1_41' title='bbox 1682 565 1791 637; x_wconf 83' lang='lat' dir='ltr'><strong>(6t)</strong></span> <span class='ocrx_word' id='word_1_42' title='bbox 1827 583 1840 619; x_wconf 90' lang='lat'><strong>:</strong></span> <span class='ocrx_word' id='word_1_43' title='bbox 1871 564 2088 636; x_wconf 87' lang='lat' dir='ltr'><strong>quoties</strong></span> 
     </span>
    </p>
   </div>
   <div class='ocr_carea' id='block_1_8' title="bbox 517 659 2084 726">
    <p class='ocr_par' dir='ltr' id='par_1_8' title="bbox 517 659 2084 726">
     <span class='ocr_line' id='line_1_8' title="bbox 517 659 2084 726; baseline -0.004 -7"><span class='ocrx_word' id='word_1_44' title='bbox 517 665 664 719; x_wconf 88' lang='lat' dir='ltr'><strong>enim</strong></span> <span class='ocrx_word' id='word_1_45' title='bbox 688 661 916 717; x_wconf 78' lang='lat' dir='ltr'><strong>efficitur</strong></span> <span class='ocrx_word' id='word_1_46' title='bbox 941 673 1097 715; x_wconf 80' lang='lat' dir='ltr'><strong>teme</strong></span> <span class='ocrx_word' id='word_1_47' title='bbox 1127 669 1325 726; x_wconf 87' lang='lat' dir='ltr'><strong>motus,</strong></span> <span class='ocrx_word' id='word_1_48' title='bbox 1375 668 1638 714; x_wconf 90' lang='lat' dir='ltr'><strong>tremente</strong></span> <span class='ocrx_word' id='word_1_49' title='bbox 1674 673 1741 713; x_wconf 93' lang='lat' dir='ltr'><strong>eo</strong></span> <span class='ocrx_word' id='word_1_50' title='bbox 1780 674 1846 712; x_wconf 80' lang='lat' dir='ltr'><strong>ex</strong></span> <span class='ocrx_word' id='word_1_51' title='bbox 1880 659 2084 723; x_wconf 84' lang='lat' dir='ltr'><strong>labore,</strong></span> 
     </span>
    </p>
   </div>
   <div class='ocr_carea' id='block_1_9' title="bbox 517 746 2082 816">
    <p class='ocr_par' dir='ltr' id='par_1_9' title="bbox 517 746 2082 816">
     <span class='ocr_line' id='line_1_9' title="bbox 517 746 2082 816; baseline -0.006 -7"><span class='ocrx_word' id='word_1_52' title='bbox 517 756 602 809; x_wconf 71' lang='lat' dir='ltr'><strong>vel</strong></span> <span class='ocrx_word' id='word_1_53' title='bbox 646 755 712 809; x_wconf 88' lang='lat' dir='ltr'><strong>de</strong></span> <span class='ocrx_word' id='word_1_54' title='bbox 753 755 979 808; x_wconf 84' lang='lat' dir='ltr'><strong>humero</strong></span> <span class='ocrx_word' id='word_1_55' title='bbox 1025 750 1077 805; x_wconf 93' lang='lat' dir='ltr'><strong>in</strong></span> <span class='ocrx_word' id='word_1_56' title='bbox 1113 751 1397 806; x_wconf 86' lang='lat' dir='ltr'><strong>humerum</strong></span> <span class='ocrx_word' id='word_1_57' title='bbox 1447 747 1805 803; x_wconf 90' lang='lat' dir='ltr'><strong>transferente</strong></span> <span class='ocrx_word' id='word_1_58' title='bbox 1849 746 2082 816; x_wconf 89' lang='lat' dir='ltr'><strong>pondus,</strong></span> 
     </span>
    </p>
   </div>
   <div class='ocr_carea' id='block_1_10' title="bbox 519 838 2087 912">
    <p class='ocr_par' dir='ltr' id='par_1_10' title="bbox 519 838 2087 912">
     <span class='ocr_line' id='line_1_10' title="bbox 519 838 2087 912; baseline -0.008 -10"><span class='ocrx_word' id='word_1_59' title='bbox 519 846 765 902; x_wconf 81' lang='lat' dir='ltr'><strong>ellicitur.</strong></span> <span class='ocrx_word' id='word_1_60' title='bbox 808 843 962 898; x_wconf 87' lang='lat' dir='ltr'><strong>Tunc</strong></span> <span class='ocrx_word' id='word_1_61' title='bbox 1007 857 1136 912; x_wconf 81' lang='lat' dir='ltr'><strong>ergo</strong></span> <span class='ocrx_word' id='word_1_62' title='bbox 1183 851 1237 896; x_wconf 92' lang='lat' dir='ltr'><strong>et</strong></span> <span class='ocrx_word' id='word_1_63' title='bbox 1276 842 1388 911; x_wconf 91' lang='lat' dir='ltr'><strong>ipsa</strong></span> <span class='ocrx_word' id='word_1_64' title='bbox 1420 840 1642 895; x_wconf 88' lang='lat' dir='ltr'><strong>materia</strong></span> <span class='ocrx_word' id='word_1_65' title='bbox 1687 838 1890 894; x_wconf 88' lang='lat' dir='ltr'><strong>creavit</strong></span> <span class='ocrx_word' id='word_1_66' title='bbox 1919 852 1983 890; x_wconf 85' lang='lat' dir='ltr'><strong>ex</strong></span> <span class='ocrx_word' id='word_1_67' title='bbox 2027 852 2087 891; x_wconf 86' lang='lat' dir='ltr'><strong>se</strong></span> 
     </span>
    </p>
   </div>
   <div class='ocr_carea' id='block_1_11' title="bbox 521 929 2085 1011">
    <p class='ocr_par' dir='ltr' id='par_1_11' title="bbox 521 929 2085 1011">
     <span class='ocr_line' id='line_1_11' title="bbox 521 929 2085 1011; baseline -0.008 -18"><span class='ocrx_word' id='word_1_68' title='bbox 521 943 733 1011; x_wconf 75' lang='lat' dir='ltr'><strong>plantas</strong></span> <span class='ocrx_word' id='word_1_69' title='bbox 760 938 842 993; x_wconf 79' lang='lat' dir='ltr'><strong>vel</strong></span> <span class='ocrx_word' id='word_1_70' title='bbox 869 937 1143 1007; x_wconf 78' lang='lat' dir='ltr'><strong>germina;</strong></span> <span class='ocrx_word' id='word_1_71' title='bbox 1175 948 1295 1002; x_wconf 61' lang='lat' dir='ltr'><strong>quae</strong></span> <span class='ocrx_word' id='word_1_72' title='bbox 1327 947 1450 987; x_wconf 87' lang='lat' dir='ltr'><strong>cum</strong></span> <span class='ocrx_word' id='word_1_73' title='bbox 1480 932 1666 985; x_wconf 64' lang='lat' dir='ltr'><strong>furata‘</strong></span> <span class='ocrx_word' id='word_1_74' title='bbox 1696 938 1880 985; x_wconf 86' lang='lat' dir='ltr'><strong>essent</strong></span> <span class='ocrx_word' id='word_1_75' title='bbox 1908 943 1940 983; x_wconf 88' lang='lat' dir='ltr'><strong>a</strong></span> <span class='ocrx_word' id='word_1_76' title='bbox 1964 929 2085 998; x_wconf 83' lang='lat' dir='ltr'><strong>qui-</strong></span> 
     </span>
    </p>
   </div>
   <div class='ocr_carea' id='block_1_12' title="bbox 520 1020 2084 1098">
    <p class='ocr_par' dir='ltr' id='par_1_12' title="bbox 520 1020 2084 1098">
     <span class='ocr_line' id='line_1_12' title="bbox 520 1020 2084 1098; baseline -0.01 -10"><span class='ocrx_word' id='word_1_77' title='bbox 520 1031 747 1088; x_wconf 84' lang='lat' dir='ltr'><strong>busdam</strong></span> <span class='ocrx_word' id='word_1_78' title='bbox 780 1027 1138 1098; x_wconf 87' lang='lat' dir='ltr'><strong>principibus.</strong></span> <span class='ocrx_word' id='word_1_79' title='bbox 1174 1024 1492 1080; x_wconf 79' lang='lat' dir='ltr'><strong>convocavit</strong></span> <span class='ocrx_word' id='word_1_80' title='bbox 1519 1022 1632 1094; x_wconf 77' lang='lat'><strong>(6‘2)</strong></span> <span class='ocrx_word' id='word_1_81' title='bbox 1663 1036 1852 1075; x_wconf 86' lang='lat' dir='ltr'><strong>omnes</strong></span> <span class='ocrx_word' id='word_1_82' title='bbox 1877 1020 2084 1090; x_wconf 83' lang='lat' dir='ltr'><strong>princi-</strong></span> 
     </span>
    </p>
   </div>
   <div class='ocr_carea' id='block_1_13' title="bbox 521 1112 2082 1194">
    <p class='ocr_par' dir='ltr' id='par_1_13' title="bbox 521 1112 2082 1194">
     <span class='ocr_line' id='line_1_13' title="bbox 521 1112 2082 1194; baseline -0.008 -16"><span class='ocrx_word' id='word_1_83' title='bbox 521 1142 614 1194; x_wconf 81' lang='lat' dir='ltr'><strong>pes</strong></span> <span class='ocrx_word' id='word_1_84' title='bbox 636 1122 944 1193; x_wconf 86' lang='lat' dir='ltr'><strong>primarios,</strong></span> <span class='ocrx_word' id='word_1_85' title='bbox 994 1134 1049 1174; x_wconf 89' lang='lat' dir='ltr'><strong>et</strong></span> <span class='ocrx_word' id='word_1_86' title='bbox 1091 1117 1322 1187; x_wconf 88' lang='lat' dir='ltr'><strong>sumpsit</strong></span> <span class='ocrx_word' id='word_1_87' title='bbox 1350 1116 1418 1170; x_wconf 91' lang='lat' dir='ltr'><strong>ab</strong></span> <span class='ocrx_word' id='word_1_88' title='bbox 1439 1116 1519 1171; x_wconf 88' lang='lat' dir='ltr'><strong>eis</strong></span> <span class='ocrx_word' id='word_1_89' title='bbox 1566 1113 1806 1183; x_wconf 74' lang='lat' dir='ltr'><strong>singulas</strong></span> <span class='ocrx_word' id='word_1_90' title='bbox 1837 1112 2082 1177; x_wconf 80' lang='lat' dir='ltr'><strong>virtutes,</strong></span> 
     </span>
    </p>
   </div>
   <div class='ocr_carea' id='block_1_14' title="bbox 516 1204 2084 1276">
    <p class='ocr_par' dir='ltr' id='par_1_14' title="bbox 516 1204 2084 1276">
     <span class='ocr_line' id='line_1_14' title="bbox 516 1204 2084 1276; baseline -0.008 -5"><span class='ocrx_word' id='word_1_91' title='bbox 516 1224 575 1271; x_wconf 89' lang='lat' dir='ltr'><strong>et</strong></span> <span class='ocrx_word' id='word_1_92' title='bbox 621 1214 745 1269; x_wconf 87' lang='lat' dir='ltr'><strong>fecit</strong></span> <span class='ocrx_word' id='word_1_93' title='bbox 787 1214 1057 1267; x_wconf 84' lang='lat' dir='ltr'><strong>hominem</strong></span> <span class='ocrx_word' id='word_1_94' title='bbox 1106 1210 1251 1263; x_wconf 91' lang='lat' dir='ltr'><strong>hunc</strong></span> <span class='ocrx_word' id='word_1_95' title='bbox 1299 1208 1594 1263; x_wconf 87' lang='lat' dir='ltr'><strong>secundum</strong></span> <span class='ocrx_word' id='word_1_96' title='bbox 1645 1206 1879 1276; x_wconf 86' lang='lat' dir='ltr'><strong>speciem</strong></span> <span class='ocrx_word' id='word_1_97' title='bbox 1922 1204 2084 1275; x_wconf 88' lang='lat' dir='ltr'><strong>primi</strong></span> 
     </span>
    </p>
   </div>
   <div class='ocr_carea' id='block_1_15' title="bbox 521 1300 1840 1383">
    <p class='ocr_par' dir='ltr' id='par_1_15' title="bbox 521 1300 1840 1383">
     <span class='ocr_line' id='line_1_15' title="bbox 521 1300 1840 1383; baseline -0.008 -20"><span class='ocrx_word' id='word_1_98' title='bbox 521 1307 759 1383; x_wconf 76' lang='lat' dir='ltr'><strong>hominis</strong></span> <span class='ocrx_word' id='word_1_99' title='bbox 789 1306 956 1369; x_wconf 85' lang='lat' dir='ltr'><strong>illius,</strong></span> <span class='ocrx_word' id='word_1_100' title='bbox 986 1311 1038 1356; x_wconf 88' lang='lat' dir='ltr'><strong>et</strong></span> <span class='ocrx_word' id='word_1_101' title='bbox 1058 1302 1237 1370; x_wconf 76' lang='lat' dir='ltr'><strong>junxit</strong></span> <span class='ocrx_word' id='word_1_102' title='bbox 1265 1303 1501 1355; x_wconf 91' lang='lat' dir='ltr'><strong>animam</strong></span> <span class='ocrx_word' id='word_1_103' title='bbox 1534 1300 1587 1354; x_wconf 92' lang='lat' dir='ltr'><strong>in</strong></span> <span class='ocrx_word' id='word_1_104' title='bbox 1614 1314 1679 1354; x_wconf 81' lang='lat' dir='ltr'><strong>eo</strong></span> <span class='ocrx_word' id='word_1_105' title='bbox 1707 1300 1840 1368; x_wconf 78' lang='lat'><strong>(63).</strong></span> 
     </span>
    </p>
   </div>
   <div class='ocr_carea' id='block_1_16' title="bbox 592 1387 2084 1459">
    <p class='ocr_par' dir='ltr' id='par_1_16' title="bbox 592 1387 2084 1459">
     <span class='ocr_line' id='line_1_16' title="bbox 592 1387 2084 1459; baseline -0.002 -13"><span class='ocrx_word' id='word_1_106' title='bbox 592 1392 721 1446; x_wconf 84' lang='lat' dir='ltr'><strong>Vill.</strong></span> <span class='ocrx_word' id='word_1_107' title='bbox 763 1391 897 1446; x_wconf 91' lang='lat' dir='ltr'><strong>Cum</strong></span> <span class='ocrx_word' id='word_1_108' title='bbox 955 1398 1133 1444; x_wconf 85' lang='lat' dir='ltr'><strong>autem</strong></span> <span class='ocrx_word' id='word_1_109' title='bbox 1187 1389 1410 1445; x_wconf 81' lang='lat' dir='ltr'><strong>vidisset</strong></span> <span class='ocrx_word' id='word_1_110' title='bbox 1455 1388 1616 1443; x_wconf 87' lang='lat' dir='ltr'><strong>Pater</strong></span> <span class='ocrx_word' id='word_1_111' title='bbox 1681 1389 1869 1443; x_wconf 86' lang='lat' dir='ltr'><strong>vivens</strong></span> <span class='ocrx_word' id='word_1_112' title='bbox 1921 1387 2084 1459; x_wconf 76' lang='lat' dir='ltr'><strong>affligi</strong></span> 
     </span>
    </p>
   </div>
   <div class='ocr_carea' id='block_1_17' title="bbox 518 1480 2088 1553">
    <p class='ocr_par' dir='ltr' id='par_1_17' title="bbox 518 1480 2088 1553">
     <span class='ocr_line' id='line_1_17' title="bbox 518 1480 2088 1553; baseline -0.003 -13"><span class='ocrx_word' id='word_1_113' title='bbox 518 1486 755 1540; x_wconf 82' lang='lat' dir='ltr'><strong>animam</strong></span> <span class='ocrx_word' id='word_1_114' title='bbox 796 1483 849 1538; x_wconf 89' lang='lat' dir='ltr'><strong>in</strong></span> <span class='ocrx_word' id='word_1_115' title='bbox 880 1497 1122 1551; x_wconf 89' lang='lat' dir='ltr'><strong>corpore,</strong></span> <span class='ocrx_word' id='word_1_116' title='bbox 1162 1482 1287 1553; x_wconf 91' lang='lat' dir='ltr'><strong>quia</strong></span> <span class='ocrx_word' id='word_1_117' title='bbox 1320 1491 1402 1536; x_wconf 88' lang='lat' dir='ltr'><strong>est</strong></span> <span class='ocrx_word' id='word_1_118' title='bbox 1440 1480 1550 1549; x_wconf 66' lang='grc'><strong>(64)</strong></span> <span class='ocrx_word' id='word_1_119' title='bbox 1592 1482 1876 1536; x_wconf 89' lang='lat' dir='ltr'><strong>miserator</strong></span> <span class='ocrx_word' id='word_1_120' title='bbox 1905 1490 1959 1536; x_wconf 90' lang='lat' dir='ltr'><strong>et</strong></span> <span class='ocrx_word' id='word_1_121' title='bbox 1987 1482 2088 1535; x_wconf 83' lang='lat' dir='ltr'><strong>mi-</strong></span> 
     </span>
    </p>
   </div>
   <div class='ocr_carea' id='block_1_18' title="bbox 521 1570 2086 1644">
    <p class='ocr_par' dir='ltr' id='par_1_18' title="bbox 521 1570 2086 1644">
     <span class='ocr_line' id='line_1_18' title="bbox 521 1570 2086 1644; baseline -0.004 -13"><span class='ocrx_word' id='word_1_122' title='bbox 521 1577 778 1640; x_wconf 89' lang='lat' dir='ltr'><strong>sericors,</strong></span> <span class='ocrx_word' id='word_1_123' title='bbox 806 1575 952 1630; x_wconf 90' lang='lat' dir='ltr'><strong>misit</strong></span> <span class='ocrx_word' id='word_1_124' title='bbox 986 1572 1182 1627; x_wconf 82' lang='lat' dir='ltr'><strong>Filium</strong></span> <span class='ocrx_word' id='word_1_125' title='bbox 1214 1588 1372 1627; x_wconf 88' lang='lat' dir='ltr'><strong>suum</strong></span> <span class='ocrx_word' id='word_1_126' title='bbox 1420 1572 1673 1627; x_wconf 86' lang='lat' dir='ltr'><strong>dilectum</strong></span> <span class='ocrx_word' id='word_1_127' title='bbox 1700 1570 1814 1644; x_wconf 82' lang='lat'><strong>(65)</strong></span> <span class='ocrx_word' id='word_1_128' title='bbox 1843 1572 1910 1626; x_wconf 88' lang='lat' dir='ltr'><strong>ad</strong></span> <span class='ocrx_word' id='word_1_129' title='bbox 1938 1572 2086 1627; x_wconf 89' lang='lat' dir='ltr'><strong>salu-</strong></span> 
     </span>
    </p>
   </div>
   <div class='ocr_carea' id='block_1_19' title="bbox 518 1663 2082 1734">
    <p class='ocr_par' dir='ltr' id='par_1_19' title="bbox 518 1663 2082 1734">
     <span class='ocr_line' id='line_1_19' title="bbox 518 1663 2082 1734; baseline -0.003 -11"><span class='ocrx_word' id='word_1_130' title='bbox 518 1676 626 1724; x_wconf 86' lang='lat' dir='ltr'><strong>tem</strong></span> <span class='ocrx_word' id='word_1_131' title='bbox 673 1668 897 1733; x_wconf 68' lang='lat' dir='ltr'><strong>animm;</strong></span> <span class='ocrx_word' id='word_1_132' title='bbox 946 1667 1046 1721; x_wconf 85' lang='lat' dir='ltr'><strong>hac</strong></span> <span class='ocrx_word' id='word_1_133' title='bbox 1073 1666 1216 1720; x_wconf 90' lang='lat' dir='ltr'><strong>enim</strong></span> <span class='ocrx_word' id='word_1_134' title='bbox 1245 1680 1431 1730; x_wconf 80' lang='lat' dir='ltr'><strong>causa,</strong></span> <span class='ocrx_word' id='word_1_135' title='bbox 1464 1672 1519 1719; x_wconf 91' lang='lat' dir='ltr'><strong>et</strong></span> <span class='ocrx_word' id='word_1_136' title='bbox 1557 1672 1776 1734; x_wconf 88' lang='lat' dir='ltr'><strong>propter</strong></span> <span class='ocrx_word' id='word_1_137' title='bbox 1806 1663 2082 1734; x_wconf 86' lang='lat' dir='ltr'><strong>Omopbo-</strong></span> 
     </span>
    </p>
   </div>
   <div class='ocr_carea' id='block_1_20' title="bbox 521 1756 2085 1819">
    <p class='ocr_par' dir='ltr' id='par_1_20' title="bbox 521 1756 2085 1819">
     <span class='ocr_line' id='line_1_20' title="bbox 521 1756 2085 1819; baseline -0.001 -6"><span class='ocrx_word' id='word_1_138' title='bbox 521 1775 641 1813; x_wconf 88' lang='lat' dir='ltr'><strong>rum</strong></span> <span class='ocrx_word' id='word_1_139' title='bbox 669 1760 818 1814; x_wconf 79' lang='lat' dir='ltr'><strong>misit</strong></span> <span class='ocrx_word' id='word_1_140' title='bbox 846 1775 988 1813; x_wconf 86' lang='lat' dir='ltr'><strong>eum.</strong></span> <span class='ocrx_word' id='word_1_141' title='bbox 1024 1756 1087 1812; x_wconf 87' lang='lat' dir='ltr'><strong>Et</strong></span> <span class='ocrx_word' id='word_1_142' title='bbox 1120 1758 1338 1813; x_wconf 89' lang='lat' dir='ltr'><strong>veniens</strong></span> <span class='ocrx_word' id='word_1_143' title='bbox 1370 1756 1561 1819; x_wconf 82' lang='lat' dir='ltr'><strong>Filius,</strong></span> <span class='ocrx_word' id='word_1_144' title='bbox 1589 1756 1995 1812; x_wconf 59' lang='lat' dir='ltr'><strong>transformat-it</strong></span> <span class='ocrx_word' id='word_1_145' title='bbox 2025 1771 2085 1811; x_wconf 91' lang='lat' dir='ltr'><strong>se</strong></span> 
     </span>
    </p>
   </div>
   <div class='ocr_carea' id='block_1_21' title="bbox 522 1847 2088 1921">
    <p class='ocr_par' dir='ltr' id='par_1_21' title="bbox 522 1847 2088 1921">
     <span class='ocr_line' id='line_1_21' title="bbox 522 1847 2088 1921; baseline -0.003 -15"><span class='ocrx_word' id='word_1_146' title='bbox 522 1851 576 1906; x_wconf 90' lang='lat' dir='ltr'><strong>in</strong></span> <span class='ocrx_word' id='word_1_147' title='bbox 606 1852 836 1921; x_wconf 87' lang='lat' dir='ltr'><strong>speciem</strong></span> <span class='ocrx_word' id='word_1_148' title='bbox 872 1850 1138 1914; x_wconf 89' lang='lat' dir='ltr'><strong>hominis;</strong></span> <span class='ocrx_word' id='word_1_149' title='bbox 1164 1857 1215 1903; x_wconf 78' lang='lat' dir='ltr'><strong>ct</strong></span> <span class='ocrx_word' id='word_1_150' title='bbox 1245 1849 1536 1918; x_wconf 81' lang='lat' dir='ltr'><strong>apparebat</strong></span> <span class='ocrx_word' id='word_1_151' title='bbox 1565 1847 1675 1917; x_wconf 83' lang='lat'><strong>(66)</strong></span> <span class='ocrx_word' id='word_1_152' title='bbox 1731 1849 1945 1919; x_wconf 84' lang='lat' dir='ltr'><strong>quidem</strong></span> <span class='ocrx_word' id='word_1_153' title='bbox 1989 1849 2088 1903; x_wconf 89' lang='lat' dir='ltr'><strong>ho-</strong></span> 
     </span>
    </p>
   </div>
   <div class='ocr_carea' id='block_1_22' title="bbox 521 1937 2087 2003">
    <p class='ocr_par' dir='ltr' id='par_1_22' title="bbox 521 1937 2087 2003">
     <span class='ocr_line' id='line_1_22' title="bbox 521 1937 2087 2003; baseline -0.002 -8"><span class='ocrx_word' id='word_1_154' title='bbox 521 1941 761 1995; x_wconf 88' lang='lat' dir='ltr'><strong>minibus</strong></span> <span class='ocrx_word' id='word_1_155' title='bbox 794 1947 854 1992; x_wconf 93' lang='lat' dir='ltr'><strong>ut</strong></span> <span class='ocrx_word' id='word_1_156' title='bbox 877 1940 1061 2003; x_wconf 89' lang='lat' dir='ltr'><strong>homo,</strong></span> <span class='ocrx_word' id='word_1_157' title='bbox 1095 1954 1218 1992; x_wconf 92' lang='lat' dir='ltr'><strong>cum</strong></span> <span class='ocrx_word' id='word_1_158' title='bbox 1250 1954 1355 1990; x_wconf 89' lang='lat' dir='ltr'><strong>non</strong></span> <span class='ocrx_word' id='word_1_159' title='bbox 1380 1946 1523 1991; x_wconf 84' lang='lat' dir='ltr'><strong>esset</strong></span> <span class='ocrx_word' id='word_1_160' title='bbox 1549 1938 1730 2000; x_wconf 89' lang='lat' dir='ltr'><strong>homo,</strong></span> <span class='ocrx_word' id='word_1_161' title='bbox 1756 1946 1811 1991; x_wconf 93' lang='lat' dir='ltr'><strong>et</strong></span> <span class='ocrx_word' id='word_1_162' title='bbox 1840 1937 2087 1992; x_wconf 86' lang='lat' dir='ltr'><strong>homines</strong></span> 
     </span>
    </p>
   </div>
   <div class='ocr_carea' id='block_1_23' title="bbox 520 2027 2086 2103">
    <p class='ocr_par' dir='ltr' id='par_1_23' title="bbox 520 2027 2086 2103">
     <span class='ocr_line' id='line_1_23' title="bbox 520 2027 2086 2103; baseline -0.001 -20"><span class='ocrx_word' id='word_1_163' title='bbox 520 2039 847 2103; x_wconf 85' lang='lat' dir='ltr'><strong>putaverunt</strong></span> <span class='ocrx_word' id='word_1_164' title='bbox 876 2046 997 2085; x_wconf 80' lang='lat' dir='ltr'><strong>enm</strong></span> <span class='ocrx_word' id='word_1_165' title='bbox 1039 2039 1221 2083; x_wconf 85' lang='lat' dir='ltr'><strong>natum</strong></span> <span class='ocrx_word' id='word_1_166' title='bbox 1255 2044 1373 2083; x_wconf 89' lang='lat' dir='ltr'><strong>esse</strong></span> <span class='ocrx_word' id='word_1_167' title='bbox 1408 2028 1539 2098; x_wconf 88' lang='lat'><strong>(67).</strong></span> <span class='ocrx_word' id='word_1_168' title='bbox 1583 2027 1716 2081; x_wconf 91' lang='lat' dir='ltr'><strong>Cum</strong></span> <span class='ocrx_word' id='word_1_169' title='bbox 1746 2043 1876 2098; x_wconf 81' lang='lat' dir='ltr'><strong>ergo</strong></span> <span class='ocrx_word' id='word_1_170' title='bbox 1908 2028 2086 2081; x_wconf 86' lang='lat' dir='ltr'><strong>venis-</strong></span> 
     </span>
    </p>
   </div>
   <div class='ocr_carea' id='block_1_24' title="bbox 520 2118 2092 2191">
    <p class='ocr_par' dir='ltr' id='par_1_24' title="bbox 520 2118 2092 2191">
     <span class='ocr_line' id='line_1_24' title="bbox 520 2118 2092 2191; baseline -0.004 -10"><span class='ocrx_word' id='word_1_171' title='bbox 520 2133 635 2189; x_wconf 86' lang='lat' dir='ltr'><strong>set,</strong></span> <span class='ocrx_word' id='word_1_172' title='bbox 668 2122 969 2177; x_wconf 85' lang='lat' dir='ltr'><strong>machinam</strong></span> <span class='ocrx_word' id='word_1_173' title='bbox 1003 2121 1290 2191; x_wconf 85' lang='lat' dir='ltr'><strong>quamdam</strong></span> <span class='ocrx_word' id='word_1_174' title='bbox 1325 2118 1671 2176; x_wconf 84' lang='lat' dir='ltr'><strong>concinnavit</strong></span> <span class='ocrx_word' id='word_1_175' title='bbox 1700 2120 1809 2191; x_wconf 88' lang='lat'><strong>(68)</strong></span> <span class='ocrx_word' id='word_1_176' title='bbox 1840 2120 1906 2174; x_wconf 89' lang='lat' dir='ltr'><strong>ad</strong></span> <span class='ocrx_word' id='word_1_177' title='bbox 1946 2121 2092 2175; x_wconf 89' lang='lat' dir='ltr'><strong>salu-</strong></span> 
     </span>
    </p>
   </div>
   <div class='ocr_carea' id='block_1_25' title="bbox 521 2210 2083 2277">
    <p class='ocr_par' dir='ltr' id='par_1_25' title="bbox 521 2210 2083 2277">
     <span class='ocr_line' id='line_1_25' title="bbox 521 2210 2083 2277; baseline 0.001 -11"><span class='ocrx_word' id='word_1_178' title='bbox 521 2220 627 2265; x_wconf 89' lang='lat' dir='ltr'><strong>tem</strong></span> <span class='ocrx_word' id='word_1_179' title='bbox 677 2210 1012 2275; x_wconf 86' lang='lat' dir='ltr'><strong>animarnm,</strong></span> <span class='ocrx_word' id='word_1_180' title='bbox 1066 2210 1117 2264; x_wconf 88' lang='lat' dir='ltr'><strong>id</strong></span> <span class='ocrx_word' id='word_1_181' title='bbox 1170 2219 1253 2264; x_wconf 90' lang='lat' dir='ltr'><strong>est</strong></span> <span class='ocrx_word' id='word_1_182' title='bbox 1304 2219 1473 2264; x_wconf 90' lang='lat' dir='ltr'><strong>rotam</strong></span> <span class='ocrx_word' id='word_1_183' title='bbox 1518 2211 1743 2277; x_wconf 87' lang='lat' dir='ltr'><strong>statuit,</strong></span> <span class='ocrx_word' id='word_1_184' title='bbox 1796 2211 2083 2267; x_wconf 74' lang='lat' dir='ltr'><strong>habentem</strong></span> 
     </span>
    </p>
   </div>
   <div class='ocr_carea' id='block_1_26' title="bbox 521 2300 2090 2372">
    <p class='ocr_par' dir='ltr' id='par_1_26' title="bbox 521 2300 2090 2372">
     <span class='ocr_line' id='line_1_26' title="bbox 521 2300 2090 2372; baseline 0.003 -17"><span class='ocrx_word' id='word_1_185' title='bbox 521 2300 807 2355; x_wconf 76' lang='lat' dir='ltr'><strong>duodecim</strong></span> <span class='ocrx_word' id='word_1_186' title='bbox 835 2315 1026 2355; x_wconf 90' lang='lat' dir='ltr'><strong>urceos</strong></span> <span class='ocrx_word' id='word_1_187' title='bbox 1055 2319 1070 2355; x_wconf 92' lang='lat'><strong>:</strong></span> <span class='ocrx_word' id='word_1_188' title='bbox 1104 2316 1225 2371; x_wconf 64' lang='lat' dir='ltr'><strong>qua:</strong></span> <span class='ocrx_word' id='word_1_189' title='bbox 1248 2309 1366 2355; x_wconf 91' lang='lat' dir='ltr'><strong>rota</strong></span> <span class='ocrx_word' id='word_1_190' title='bbox 1389 2317 1483 2372; x_wconf 90' lang='lat' dir='ltr'><strong>per</strong></span> <span class='ocrx_word' id='word_1_191' title='bbox 1506 2301 1644 2357; x_wconf 83' lang='lat' dir='ltr'><strong>hanc</strong></span> <span class='ocrx_word' id='word_1_192' title='bbox 1675 2302 1938 2372; x_wconf 74' lang='lat' dir='ltr'><strong>sphaeram</strong></span> <span class='ocrx_word' id='word_1_193' title='bbox 1968 2320 2090 2359; x_wconf 88' lang='lat' dir='ltr'><strong>ver—</strong></span> 
     </span>
    </p>
   </div>
   <div class='ocr_carea' id='block_1_27' title="bbox 522 2391 2089 2464">
    <p class='ocr_par' dir='ltr' id='par_1_27' title="bbox 522 2391 2089 2464">
     <span class='ocr_line' id='line_1_27' title="bbox 522 2391 2089 2464; baseline 0.002 -18"><span class='ocrx_word' id='word_1_194' title='bbox 522 2391 652 2446; x_wconf 92' lang='lat' dir='ltr'><strong>titur</strong></span> <span class='ocrx_word' id='word_1_195' title='bbox 676 2430 690 2454; x_wconf 93' lang='lat'><strong>,</strong></span> <span class='ocrx_word' id='word_1_196' title='bbox 744 2391 1000 2446; x_wconf 84' lang='lat' dir='ltr'><strong>hauriens</strong></span> <span class='ocrx_word' id='word_1_197' title='bbox 1032 2392 1243 2446; x_wconf 84' lang='lat' dir='ltr'><strong>animas</strong></span> <span class='ocrx_word' id='word_1_198' title='bbox 1270 2392 1615 2446; x_wconf 89' lang='lat' dir='ltr'><strong>morientium</strong></span> <span class='ocrx_word' id='word_1_199' title='bbox 1647 2392 1757 2464; x_wconf 85' lang='lat'><strong>(69)</strong></span> <span class='ocrx_word' id='word_1_200' title='bbox 1780 2432 1797 2455; x_wconf 90' lang='lat'><strong>,</strong></span> <span class='ocrx_word' id='word_1_201' title='bbox 1845 2410 2089 2464; x_wconf 88' lang='lat' dir='ltr'><strong>quasque</strong></span> 
     </span>
    </p>
   </div>
   <div class='ocr_carea' id='block_1_28' title="bbox 521 2481 2086 2557">
    <p class='ocr_par' dir='ltr' id='par_1_28' title="bbox 521 2481 2086 2557">
     <span class='ocr_line' id='line_1_28' title="bbox 521 2481 2086 2557; baseline 0.003 -20"><span class='ocrx_word' id='word_1_202' title='bbox 521 2482 787 2537; x_wconf 85' lang='lat' dir='ltr'><strong>luminare</strong></span> <span class='ocrx_word' id='word_1_203' title='bbox 825 2482 1021 2550; x_wconf 87' lang='lat' dir='ltr'><strong>majus,</strong></span> <span class='ocrx_word' id='word_1_204' title='bbox 1061 2481 1112 2535; x_wconf 93' lang='lat' dir='ltr'><strong>id</strong></span> <span class='ocrx_word' id='word_1_205' title='bbox 1141 2492 1224 2538; x_wconf 88' lang='lat' dir='ltr'><strong>est</strong></span> <span class='ocrx_word' id='word_1_206' title='bbox 1254 2483 1334 2538; x_wconf 87' lang='lat' dir='ltr'><strong>sul</strong></span> <span class='ocrx_word' id='word_1_207' title='bbox 1367 2483 1530 2539; x_wconf 75' lang='lat' dir='ltr'><strong>radiis</strong></span> <span class='ocrx_word' id='word_1_208' title='bbox 1559 2483 1673 2539; x_wconf 90' lang='lat' dir='ltr'><strong>suis</strong></span> <span class='ocrx_word' id='word_1_209' title='bbox 1703 2485 1947 2539; x_wconf 90' lang='lat' dir='ltr'><strong>adimens</strong></span> <span class='ocrx_word' id='word_1_210' title='bbox 1976 2486 2086 2557; x_wconf 87' lang='lat'><strong>(70)</strong></span> 
     </span>
    </p>
   </div>
   <div class='ocr_carea' id='block_1_29' title="bbox 521 2573 2090 2645">
    <p class='ocr_par' dir='ltr' id='par_1_29' title="bbox 521 2573 2090 2645">
     <span class='ocr_line' id='line_1_29' title="bbox 521 2573 2090 2645; baseline 0.004 -19"><span class='ocrx_word' id='word_1_211' title='bbox 521 2581 733 2644; x_wconf 81' lang='lat' dir='ltr'><strong>purgat,</strong></span> <span class='ocrx_word' id='word_1_212' title='bbox 782 2582 835 2627; x_wconf 89' lang='lat' dir='ltr'><strong>et</strong></span> <span class='ocrx_word' id='word_1_213' title='bbox 878 2573 1019 2627; x_wconf 63' lang='lat' dir='ltr'><strong>lunae</strong></span> <span class='ocrx_word' id='word_1_214' title='bbox 1067 2574 1247 2640; x_wconf 83' lang='lat' dir='ltr'><strong>tradit,</strong></span> <span class='ocrx_word' id='word_1_215' title='bbox 1279 2581 1334 2628; x_wconf 87' lang='lat' dir='ltr'><strong>et</strong></span> <span class='ocrx_word' id='word_1_216' title='bbox 1377 2574 1448 2629; x_wconf 91' lang='lat' dir='ltr'><strong>ita</strong></span> <span class='ocrx_word' id='word_1_217' title='bbox 1482 2575 1801 2645; x_wconf 87' lang='lat' dir='ltr'><strong>adimpletur</strong></span> <span class='ocrx_word' id='word_1_218' title='bbox 1838 2578 1978 2631; x_wconf 74' lang='lat' dir='ltr'><strong>lunae</strong></span> <span class='ocrx_word' id='word_1_219' title='bbox 2007 2578 2090 2631; x_wconf 85' lang='lat' dir='ltr'><strong>di-</strong></span> 
     </span>
    </p>
   </div>
   <div class='ocr_carea' id='block_1_30' title="bbox 521 2664 2086 2736">
    <p class='ocr_par' dir='ltr' id='par_1_30' title="bbox 521 2664 2086 2736">
     <span class='ocr_line' id='line_1_30' title="bbox 521 2664 2086 2736; baseline 0.002 -17"><span class='ocrx_word' id='word_1_220' title='bbox 521 2680 647 2719; x_wconf 85' lang='lat' dir='ltr'><strong>scus</strong></span> <span class='ocrx_word' id='word_1_221' title='bbox 678 2664 828 2735; x_wconf 83' lang='grc'><strong>(71),</strong></span> <span class='ocrx_word' id='word_1_222' title='bbox 869 2666 959 2734; x_wconf 88' lang='lat' dir='ltr'><strong>qui</strong></span> <span class='ocrx_word' id='word_1_223' title='bbox 1004 2681 1034 2719; x_wconf 93' lang='lat' dir='ltr'><strong>a</strong></span> <span class='ocrx_word' id='word_1_224' title='bbox 1077 2664 1232 2720; x_wconf 87' lang='lat' dir='ltr'><strong>nobis</strong></span> <span class='ocrx_word' id='word_1_225' title='bbox 1266 2666 1337 2719; x_wconf 92' lang='lat' dir='ltr'><strong>ita</strong></span> <span class='ocrx_word' id='word_1_226' title='bbox 1368 2666 1684 2736; x_wconf 80' lang='lat' dir='ltr'><strong>appellatur.</strong></span> <span class='ocrx_word' id='word_1_227' title='bbox 1732 2666 1909 2723; x_wconf 70' lang='lat' dir='ltr'><strong>Naves</strong></span> <span class='ocrx_word' id='word_1_228' title='bbox 1943 2670 2086 2723; x_wconf 85' lang='lat' dir='ltr'><strong>enim</strong></span> 
     </span>
    </p>
   </div>
   <div class='ocr_carea' id='block_1_31' title="bbox 522 2749 2093 2829">
    <p class='ocr_par' dir='ltr' id='par_1_31' title="bbox 522 2749 2093 2829">
     <span class='ocr_line' id='line_1_31' title="bbox 522 2749 2093 2829; baseline 0.003 -19"><span class='ocrx_word' id='word_1_229' title='bbox 522 2757 603 2811; x_wconf 89' lang='lat' dir='ltr'><strong>vel</strong></span> <span class='ocrx_word' id='word_1_230' title='bbox 631 2757 1003 2812; x_wconf 88' lang='lat' dir='ltr'><strong>translatorias</strong></span> <span class='ocrx_word' id='word_1_231' title='bbox 1048 2759 1271 2829; x_wconf 72' lang='lat' dir='ltr'><strong>cymbas</strong></span> <span class='ocrx_word' id='word_1_232' title='bbox 1309 2750 1429 2814; x_wconf 83' lang='lat' dir='ltr'><strong>esse</strong></span> <span class='ocrx_word' id='word_1_233' title='bbox 1465 2749 1604 2815; x_wconf 59' lang='lat' dir='ltr'><strong>&#39;dicit</strong></span> <span class='ocrx_word' id='word_1_234' title='bbox 1633 2762 1741 2816; x_wconf 94' lang='lat' dir='ltr'><strong>duo</strong></span> <span class='ocrx_word' id='word_1_235' title='bbox 1785 2762 1885 2817; x_wconf 89' lang='lat' dir='ltr'><strong>ista</strong></span> <span class='ocrx_word' id='word_1_236' title='bbox 1933 2763 2093 2816; x_wconf 87' lang='lat' dir='ltr'><strong>lumi-</strong></span> 
     </span>
    </p>
   </div>
   <div class='ocr_carea' id='block_1_32' title="bbox 523 2848 2092 2918">
    <p class='ocr_par' dir='ltr' id='par_1_32' title="bbox 523 2848 2092 2918">
     <span class='ocr_line' id='line_1_32' title="bbox 523 2848 2092 2918; baseline 0.003 -17"><span class='ocrx_word' id='word_1_237' title='bbox 523 2851 696 2911; x_wconf 85' lang='lat' dir='ltr'><strong>naria;</strong></span> <span class='ocrx_word' id='word_1_238' title='bbox 728 2856 776 2900; x_wconf 90' lang='lat' dir='ltr'><strong>ct</strong></span> <span class='ocrx_word' id='word_1_239' title='bbox 813 2863 934 2900; x_wconf 89' lang='lat' dir='ltr'><strong>cum</strong></span> <span class='ocrx_word' id='word_1_240' title='bbox 963 2848 1161 2918; x_wconf 80' lang='lat' dir='ltr'><strong>repleta</strong></span> <span class='ocrx_word' id='word_1_241' title='bbox 1197 2848 1359 2903; x_wconf 84' lang='lat' dir='ltr'><strong>fuerit</strong></span> <span class='ocrx_word' id='word_1_242' title='bbox 1396 2850 1545 2914; x_wconf 90' lang='lat' dir='ltr'><strong>luna,</strong></span> <span class='ocrx_word' id='word_1_243' title='bbox 1592 2850 1944 2907; x_wconf 83' lang='lat' dir='ltr'><strong>transfretare</strong></span> <span class='ocrx_word' id='word_1_244' title='bbox 1971 2853 2092 2906; x_wconf 90' lang='lat' dir='ltr'><strong>ani-</strong></span> 
     </span>
    </p>
   </div>
   <div class='ocr_carea' id='block_1_33' title="bbox 523 2938 2086 3013">
    <p class='ocr_par' dir='ltr' id='par_1_33' title="bbox 523 2938 2086 3013">
     <span class='ocr_line' id='line_1_33' title="bbox 523 2938 2086 3013; baseline 0.002 -21"><span class='ocrx_word' id='word_1_245' title='bbox 523 2954 662 3000; x_wconf 81' lang='lat' dir='ltr'><strong>mas,</strong></span> <span class='ocrx_word' id='word_1_246' title='bbox 698 2938 762 2992; x_wconf 92' lang='lat' dir='ltr'><strong>ad</strong></span> <span class='ocrx_word' id='word_1_247' title='bbox 799 2938 1143 2994; x_wconf 85' lang='lat' dir='ltr'><strong>subsolanam</strong></span> <span class='ocrx_word' id='word_1_248' title='bbox 1178 2950 1406 3009; x_wconf 91' lang='lat' dir='ltr'><strong>partem,</strong></span> <span class='ocrx_word' id='word_1_249' title='bbox 1442 2949 1495 2995; x_wconf 92' lang='lat' dir='ltr'><strong>et</strong></span> <span class='ocrx_word' id='word_1_250' title='bbox 1528 2941 1598 2996; x_wconf 93' lang='lat' dir='ltr'><strong>ita</strong></span> <span class='ocrx_word' id='word_1_251' title='bbox 1630 2942 1918 3012; x_wconf 84' lang='lat' dir='ltr'><strong>apocrnsin</strong></span> <span class='ocrx_word' id='word_1_252' title='bbox 1951 2941 2086 3013; x_wconf 74' lang='lat'><strong>(72),</strong></span> 
     </span>
    </p>
   </div>
   <div class='ocr_carea' id='block_1_34' title="bbox 2190 467 3751 540">
    <p class='ocr_par' dir='ltr' id='par_1_34' title="bbox 2190 467 3751 540">
     <span class='ocr_line' id='line_1_34' title="bbox 2190 467 3751 540; baseline -0.001 -17"><span class='ocrx_word' id='word_1_253' title='bbox 2190 470 2319 540; x_wconf 79' lang='grc' dir='ltr'>μίαν</span> <span class='ocrx_word' id='word_1_254' title='bbox 2355 468 2463 540; x_wconf 69' lang='grc' dir='ltr'><strong>δῷ*</strong></span> <span class='ocrx_word' id='word_1_255' title='bbox 2495 469 2591 523; x_wconf 72' lang='grc' dir='ltr'><strong>κα)⁸</strong></span> <span class='ocrx_word' id='word_1_256' title='bbox 2630 469 2819 532; x_wconf 81' lang='grc' dir='ltr'><strong>ὁσάκις</strong></span> <span class='ocrx_word' id='word_1_257' title='bbox 2845 467 2911 522; x_wconf 78' lang='grc' dir='ltr'>ἂν</span> <span class='ocrx_word' id='word_1_258' title='bbox 2944 468 3159 539; x_wconf 65' lang='grc' dir='ltr'>σεισμδβ</span> <span class='ocrx_word' id='word_1_259' title='bbox 3187 467 3434 538; x_wconf 86' lang='grc' dir='ltr'>γένηται,</span> <span class='ocrx_word' id='word_1_260' title='bbox 3474 467 3510 537; x_wconf 84' lang='grc' dir='ltr'>ἢ</span> <span class='ocrx_word' id='word_1_261' title='bbox 3553 468 3751 539; x_wconf 83' lang='grc' dir='ltr'>τρέμει</span> 
     </span>
    </p>
   </div>
   <div class='ocr_carea' id='block_1_35' title="bbox 2186 552 3756 632">
    <p class='ocr_par' dir='ltr' id='par_1_35' title="bbox 2186 552 3756 632">
     <span class='ocr_line' id='line_1_35' title="bbox 2186 552 3756 632; baseline -0.001 -19"><span class='ocrx_word' id='word_1_262' title='bbox 2186 560 2430 632; x_wconf 84' lang='grc' dir='ltr'><strong>κάμνων,</strong></span> <span class='ocrx_word' id='word_1_263' title='bbox 2467 560 2501 632; x_wconf 79' lang='grc' dir='ltr'>ἢ</span> <span class='ocrx_word' id='word_1_264' title='bbox 2538 558 2816 631; x_wconf 84' lang='grc' dir='ltr'>ἅντιφέρει</span> <span class='ocrx_word' id='word_1_265' title='bbox 2840 562 2920 623; x_wconf 78' lang='grc' dir='ltr'>εἰς</span> <span class='ocrx_word' id='word_1_266' title='bbox 2940 559 3032 613; x_wconf 79' lang='grc' dir='ltr'>τὸν</span> <span class='ocrx_word' id='word_1_267' title='bbox 3064 559 3251 629; x_wconf 65' lang='grc' dir='ltr'>ἕτερον</span> <span class='ocrx_word' id='word_1_268' title='bbox 3287 552 3454 629; x_wconf 81' lang='grc' dir='ltr'>ὦμον.</span> <span class='ocrx_word' id='word_1_269' title='bbox 3491 559 3627 611; x_wconf 84' lang='grc' dir='ltr'><strong>Τότε</strong></span> <span class='ocrx_word' id='word_1_270' title='bbox 3648 559 3756 612; x_wconf 72' lang='grc' dir='ltr'>τοι·</span> 
     </span>
    </p>
   </div>
   <div class='ocr_carea' id='block_1_36' title="bbox 2185 648 3751 721">
    <p class='ocr_par' dir='ltr' id='par_1_36' title="bbox 2185 648 3751 721">
     <span class='ocr_line' id='line_1_36' title="bbox 2185 648 3751 721; baseline 0 -19"><span class='ocrx_word' id='word_1_271' title='bbox 2185 666 2279 702; x_wconf 90' lang='grc' dir='ltr'><strong>νυν</strong></span> <span class='ocrx_word' id='word_1_272' title='bbox 2306 649 2402 704; x_wconf 82' lang='grc' dir='ltr'>καὶ</span> <span class='ocrx_word' id='word_1_273' title='bbox 2433 652 2466 721; x_wconf 83' lang='grc' dir='ltr'>ή</span> <span class='ocrx_word' id='word_1_274' title='bbox 2506 648 2604 721; x_wconf 83' lang='grc' dir='ltr'>ὕλη</span> <span class='ocrx_word' id='word_1_275' title='bbox 2638 650 2729 719; x_wconf 79' lang='grc' dir='ltr'><strong>ἀφ’</strong></span> <span class='ocrx_word' id='word_1_276' title='bbox 2773 649 2973 720; x_wconf 78' lang='grc' dir='ltr'>ἑαυτῆς</span> <span class='ocrx_word' id='word_1_277' title='bbox 3004 648 3185 702; x_wconf 75' lang='grc' dir='ltr'>ἔκτισε</span> <span class='ocrx_word' id='word_1_278' title='bbox 3215 648 3285 701; x_wconf 80' lang='grc' dir='ltr'><strong>τά</strong></span> <span class='ocrx_word' id='word_1_279' title='bbox 3320 649 3482 717; x_wconf 72' lang='grc' dir='ltr'>φυτὰ,</span> <span class='ocrx_word' id='word_1_280' title='bbox 3519 650 3618 703; x_wconf 72' lang='grc' dir='ltr'>καὶ</span> <span class='ocrx_word' id='word_1_281' title='bbox 3651 666 3751 702; x_wconf 85' lang='grc' dir='ltr'>συ-</span> 
     </span>
    </p>
   </div>
   <div class='ocr_carea' id='block_1_37' title="bbox 2184 736 3754 810">
    <p class='ocr_par' dir='ltr' id='par_1_37' title="bbox 2184 736 3754 810">
     <span class='ocr_line' id='line_1_37' title="bbox 2184 736 3754 810; baseline 0.001 -18"><span class='ocrx_word' id='word_1_282' title='bbox 2184 738 2445 810; x_wconf 86' lang='grc' dir='ltr'>λωμένων</span> <span class='ocrx_word' id='word_1_283' title='bbox 2483 738 2661 792; x_wconf 79' lang='grc' dir='ltr'>αὐτῶν</span> <span class='ocrx_word' id='word_1_284' title='bbox 2686 738 2795 792; x_wconf 82' lang='grc' dir='ltr'><strong>ἀπό</strong></span> <span class='ocrx_word' id='word_1_285' title='bbox 2817 755 2976 791; x_wconf 89' lang='grc' dir='ltr'>τινων</span> <span class='ocrx_word' id='word_1_286' title='bbox 2999 737 3272 810; x_wconf 83' lang='grc' dir='ltr'><strong>ἀρχόντων</strong></span> <span class='ocrx_word' id='word_1_287' title='bbox 3298 736 3520 791; x_wconf 75' lang='grc' dir='ltr'>ἐκάλεσε</span> <span class='ocrx_word' id='word_1_288' title='bbox 3541 739 3754 802; x_wconf 77' lang='grc' dir='ltr'><strong>πάντας</strong></span> 
     </span>
    </p>
   </div>
   <div class='ocr_carea' id='block_1_38' title="bbox 2184 827 3757 902">
    <p class='ocr_par' dir='ltr' id='par_1_38' title="bbox 2184 827 3757 902">
     <span class='ocr_line' id='line_1_38' title="bbox 2184 827 3757 902; baseline -0.001 -19"><span class='ocrx_word' id='word_1_289' title='bbox 2184 832 2309 893; x_wconf 79' lang='grc' dir='ltr'>τοὺς</span> <span class='ocrx_word' id='word_1_290' title='bbox 2333 830 2441 883; x_wconf 86' lang='grc' dir='ltr'><strong>τῶν</strong></span> <span class='ocrx_word' id='word_1_291' title='bbox 2473 829 2751 901; x_wconf 81' lang='grc' dir='ltr'><strong>ἀρχόντων</strong></span> <span class='ocrx_word' id='word_1_292' title='bbox 2777 827 3128 902; x_wconf 73' lang='grc' dir='ltr'>πρωτίστους,</span> <span class='ocrx_word' id='word_1_293' title='bbox 3157 829 3251 882; x_wconf 81' lang='grc' dir='ltr'><strong>καὶ</strong></span> <span class='ocrx_word' id='word_1_294' title='bbox 3286 827 3477 882; x_wconf 79' lang='grc' dir='ltr'>ἔλαϐεν</span> <span class='ocrx_word' id='word_1_295' title='bbox 3511 828 3609 881; x_wconf 78' lang='grc' dir='ltr'><strong>ἀπ’</strong></span> <span class='ocrx_word' id='word_1_296' title='bbox 3652 830 3757 883; x_wconf 79' lang='grc' dir='ltr'><strong>αὑ-</strong></span> 
     </span>
    </p>
   </div>
   <div class='ocr_carea' id='block_1_39' title="bbox 2183 922 3757 995">
    <p class='ocr_par' dir='ltr' id='par_1_39' title="bbox 2183 922 3757 995">
     <span class='ocr_line' id='line_1_39' title="bbox 2183 922 3757 995; baseline -0.003 -17"><span class='ocrx_word' id='word_1_297' title='bbox 2183 924 2293 978; x_wconf 81' lang='grc' dir='ltr'><strong>τῶν</strong></span> <span class='ocrx_word' id='word_1_298' title='bbox 2325 924 2429 978; x_wconf 80' lang='grc' dir='ltr'><strong>ἀνὰ</strong></span> <span class='ocrx_word' id='word_1_299' title='bbox 2459 924 2586 995; x_wconf 78' lang='grc' dir='ltr'>μίαν</span> <span class='ocrx_word' id='word_1_300' title='bbox 2612 923 2860 994; x_wconf 83' lang='grc' dir='ltr'>δύναμιν,</span> <span class='ocrx_word' id='word_1_301' title='bbox 2893 924 2987 976; x_wconf 75' lang='grc' dir='ltr'>καὶ</span> <span class='ocrx_word' id='word_1_302' title='bbox 3019 922 3383 976; x_wconf 72' lang='grc' dir='ltr'><strong>κατεσκεύασε</strong></span> <span class='ocrx_word' id='word_1_303' title='bbox 3417 922 3511 975; x_wconf 79' lang='grc' dir='ltr'><strong>τὸν</strong></span> <span class='ocrx_word' id='word_1_304' title='bbox 3544 922 3757 993; x_wconf 77' lang='grc' dir='ltr'>ἅνθρω-</span> 
     </span>
    </p>
   </div>
   <div class='ocr_carea' id='block_1_40' title="bbox 2184 1012 3753 1087">
    <p class='ocr_par' dir='ltr' id='par_1_40' title="bbox 2184 1012 3753 1087">
     <span class='ocr_line' id='line_1_40' title="bbox 2184 1012 3753 1087; baseline -0.003 -16"><span class='ocrx_word' id='word_1_305' title='bbox 2184 1036 2308 1082; x_wconf 86' lang='grc' dir='ltr'>πον,</span> <span class='ocrx_word' id='word_1_306' title='bbox 2332 1017 2427 1071; x_wconf 81' lang='grc' dir='ltr'>τὸν</span> <span class='ocrx_word' id='word_1_307' title='bbox 2449 1015 2591 1069; x_wconf 85' lang='grc' dir='ltr'>κατὰ</span> <span class='ocrx_word' id='word_1_308' title='bbox 2614 1014 2712 1087; x_wconf 83' lang='grc' dir='ltr'>τὴν</span> <span class='ocrx_word' id='word_1_309' title='bbox 2740 1015 2882 1069; x_wconf 71' lang='grc' dir='ltr'>ἰδέαν</span> <span class='ocrx_word' id='word_1_310' title='bbox 2908 1014 3001 1069; x_wconf 82' lang='grc' dir='ltr'>τοῦ</span> <span class='ocrx_word' id='word_1_311' title='bbox 3041 1013 3255 1086; x_wconf 83' lang='grc' dir='ltr'><strong>πρώτου</strong></span> <span class='ocrx_word' id='word_1_312' title='bbox 3285 1012 3570 1083; x_wconf 78' lang='grc' dir='ltr'>ἀνθρώπου</span> <span class='ocrx_word' id='word_1_313' title='bbox 3607 1014 3753 1067; x_wconf 74' lang='grc' dir='ltr'>ὲκεί-</span> 
     </span>
    </p>
   </div>
   <div class='ocr_carea' id='block_1_41' title="bbox 2182 1102 3755 1177">
    <p class='ocr_par' dir='ltr' id='par_1_41' title="bbox 2182 1102 3755 1177">
     <span class='ocr_line' id='line_1_41' title="bbox 2182 1102 3755 1177; baseline -0.006 -16"><span class='ocrx_word' id='word_1_314' title='bbox 2182 1125 2301 1171; x_wconf 89' lang='grc' dir='ltr'>νου,</span> <span class='ocrx_word' id='word_1_315' title='bbox 2342 1107 2436 1160; x_wconf 79' lang='grc' dir='ltr'>καὶ</span> <span class='ocrx_word' id='word_1_316' title='bbox 2470 1105 2625 1176; x_wconf 77' lang='grc' dir='ltr'>ἔδησε</span> <span class='ocrx_word' id='word_1_317' title='bbox 2669 1105 2768 1176; x_wconf 78' lang='grc' dir='ltr'>τὴν</span> <span class='ocrx_word' id='word_1_318' title='bbox 2806 1103 2982 1177; x_wconf 79' lang='grc' dir='ltr'>ψυχὴν</span> <span class='ocrx_word' id='word_1_319' title='bbox 3021 1105 3080 1157; x_wconf 77' lang='grc' dir='ltr'>ὲν</span> <span class='ocrx_word' id='word_1_320' title='bbox 3122 1102 3287 1173; x_wconf 80' lang='grc' dir='ltr'>αὐτῷ.</span> <span class='ocrx_word' id='word_1_321' title='bbox 3329 1102 3480 1175; x_wconf 76' lang='grc' dir='ltr'>Αὕτη</span> <span class='ocrx_word' id='word_1_322' title='bbox 3511 1104 3631 1156; x_wconf 70' lang='grc' dir='ltr'>ἐστὶ</span> <span class='ocrx_word' id='word_1_323' title='bbox 3654 1103 3755 1174; x_wconf 75' lang='grc' dir='ltr'>τῆς</span> 
     </span>
    </p>
   </div>
   <div class='ocr_carea' id='block_1_42' title="bbox 2185 1194 2920 1269">
    <p class='ocr_par' dir='ltr' id='par_1_42' title="bbox 2185 1194 2920 1269">
     <span class='ocr_line' id='line_1_42' title="bbox 2185 1194 2920 1269; baseline -0.004 -18"><span class='ocrx_word' id='word_1_324' title='bbox 2185 1197 2540 1269; x_wconf 81' lang='grc' dir='ltr'><strong>συγκράσεως</strong></span> <span class='ocrx_word' id='word_1_325' title='bbox 2571 1196 2605 1267; x_wconf 76' lang='grc' dir='ltr'>ἡ</span> <span class='ocrx_word' id='word_1_326' title='bbox 2649 1194 2920 1259; x_wconf 82' lang='grc' dir='ltr'>ὑπόθεσις.</span> 
     </span>
    </p>
   </div>
   <div class='ocr_carea' id='block_1_43' title="bbox 2257 1373 3755 1450">
    <p class='ocr_par' dir='ltr' id='par_1_43' title="bbox 2257 1373 3755 1450">
     <span class='ocr_line' id='line_1_43' title="bbox 2257 1373 3755 1450; baseline -0.004 -17"><span class='ocrx_word' id='word_1_327' title='bbox 2257 1378 2389 1433; x_wconf 85' lang='grc' dir='ltr'>Ὅτε</span> <span class='ocrx_word' id='word_1_328' title='bbox 2412 1378 2469 1431; x_wconf 78' lang='grc' dir='ltr'>δὲ</span> <span class='ocrx_word' id='word_1_329' title='bbox 2501 1373 2641 1433; x_wconf 78' lang='grc' dir='ltr'>εῖδεν</span> <span class='ocrx_word' id='word_1_330' title='bbox 2672 1379 2702 1432; x_wconf 91' lang='lat'>6</span> <span class='ocrx_word' id='word_1_331' title='bbox 2729 1377 2919 1450; x_wconf 80' lang='grc' dir='ltr'>Πατὴρ</span> <span class='ocrx_word' id='word_1_332' title='bbox 2955 1380 2983 1432; x_wconf 97' lang='lat'>6</span> <span class='ocrx_word' id='word_1_333' title='bbox 3038 1375 3151 1441; x_wconf 78' lang='grc' dir='ltr'>ζῶν</span> <span class='ocrx_word' id='word_1_334' title='bbox 3179 1374 3497 1447; x_wconf 85' lang='grc' dir='ltr'>θλιϐομένην</span> <span class='ocrx_word' id='word_1_335' title='bbox 3527 1374 3755 1446; x_wconf 69' lang='grc' dir='ltr'>τὴνψυ-</span> 
     </span>
    </p>
   </div>
   <div class='ocr_carea' id='block_1_44' title="bbox 2183 1466 3753 1542">
    <p class='ocr_par' dir='ltr' id='par_1_44' title="bbox 2183 1466 3753 1542">
     <span class='ocr_line' id='line_1_44' title="bbox 2183 1466 3753 1542; baseline -0.006 -16"><span class='ocrx_word' id='word_1_336' title='bbox 2183 1470 2284 1542; x_wconf 79' lang='grc' dir='ltr'>χὴν</span> <span class='ocrx_word' id='word_1_337' title='bbox 2318 1471 2375 1523; x_wconf 74' lang='grc' dir='ltr'>ὲν</span> <span class='ocrx_word' id='word_1_338' title='bbox 2404 1469 2480 1540; x_wconf 80' lang='grc' dir='ltr'>τῷ</span> <span class='ocrx_word' id='word_1_339' title='bbox 2514 1468 2726 1540; x_wconf 84' lang='grc' dir='ltr'>σώματι</span> <span class='ocrx_word' id='word_1_340' title='bbox 2750 1508 2766 1532; x_wconf 89' lang='grc'><strong>,</strong></span> <span class='ocrx_word' id='word_1_341' title='bbox 2828 1468 3197 1539; x_wconf 74' lang='grc' dir='ltr'>εὔσπλαγχνος</span> <span class='ocrx_word' id='word_1_342' title='bbox 3238 1468 3314 1522; x_wconf 82' lang='grc' dir='ltr'>ὣν</span> <span class='ocrx_word' id='word_1_343' title='bbox 3349 1469 3443 1521; x_wconf 82' lang='grc' dir='ltr'>καὶ</span> <span class='ocrx_word' id='word_1_344' title='bbox 3475 1466 3753 1537; x_wconf 76' lang='grc' dir='ltr'>ἐλεήμων,</span> 
     </span>
    </p>
   </div>
   <div class='ocr_carea' id='block_1_45' title="bbox 2183 1560 3757 1633">
    <p class='ocr_par' dir='ltr' id='par_1_45' title="bbox 2183 1560 3757 1633">
     <span class='ocr_line' id='line_1_45' title="bbox 2183 1560 3757 1633; baseline -0.001 -17"><span class='ocrx_word' id='word_1_345' title='bbox 2183 1561 2394 1633; x_wconf 75' lang='grc' dir='ltr'>ἔπεμψε</span> <span class='ocrx_word' id='word_1_346' title='bbox 2427 1563 2517 1616; x_wconf 86' lang='grc' dir='ltr'>τὸν</span> <span class='ocrx_word' id='word_1_347' title='bbox 2537 1562 2663 1616; x_wconf 85' lang='grc' dir='ltr'>Υἱδν</span> <span class='ocrx_word' id='word_1_348' title='bbox 2689 1560 2851 1616; x_wconf 74' lang='grc' dir='ltr'>αὐτοῦ</span> <span class='ocrx_word' id='word_1_349' title='bbox 2882 1561 2969 1615; x_wconf 83' lang='grc' dir='ltr'>τὸν</span> <span class='ocrx_word' id='word_1_350' title='bbox 2997 1560 3347 1632; x_wconf 79' lang='grc' dir='ltr'><strong>ἠγαπημένον</strong></span> <span class='ocrx_word' id='word_1_351' title='bbox 3373 1562 3453 1623; x_wconf 80' lang='lat' dir='ltr'><strong>si;</strong></span> <span class='ocrx_word' id='word_1_352' title='bbox 3477 1560 3757 1630; x_wconf 75' lang='grc' dir='ltr'>σωτηρίαν</span> 
     </span>
    </p>
   </div>
   <div class='ocr_carea' id='block_1_46' title="bbox 2182 1652 3757 1727">
    <p class='ocr_par' dir='ltr' id='par_1_46' title="bbox 2182 1652 3757 1727">
     <span class='ocr_line' id='line_1_46' title="bbox 2182 1652 3757 1727; baseline -0.001 -21"><span class='ocrx_word' id='word_1_353' title='bbox 2182 1653 2282 1724; x_wconf 83' lang='grc' dir='ltr'>τῆς</span> <span class='ocrx_word' id='word_1_354' title='bbox 2307 1653 2505 1725; x_wconf 67' lang='grc' dir='ltr'>ψυχῆς*</span> <span class='ocrx_word' id='word_1_355' title='bbox 2530 1653 2621 1708; x_wconf 80' lang='grc' dir='ltr'>διὰ</span> <span class='ocrx_word' id='word_1_356' title='bbox 2664 1655 2773 1727; x_wconf 78' lang='grc' dir='ltr'><strong>γὰρ</strong></span> <span class='ocrx_word' id='word_1_357' title='bbox 2822 1653 3023 1723; x_wconf 79' lang='grc' dir='ltr'>ταύτην</span> <span class='ocrx_word' id='word_1_358' title='bbox 3065 1653 3163 1724; x_wconf 85' lang='grc' dir='ltr'>τὴν</span> <span class='ocrx_word' id='word_1_359' title='bbox 3213 1653 3483 1724; x_wconf 78' lang='grc' dir='ltr'>πρόφασιν</span> <span class='ocrx_word' id='word_1_360' title='bbox 3529 1652 3629 1705; x_wconf 72' lang='grc' dir='ltr'>καὶ</span> <span class='ocrx_word' id='word_1_361' title='bbox 3657 1653 3757 1722; x_wconf 71' lang='grc' dir='ltr'>τὴν</span> 
     </span>
    </p>
   </div>
   <div class='ocr_carea' id='block_1_47' title="bbox 2185 1742 3759 1817">
    <p class='ocr_par' dir='ltr' id='par_1_47' title="bbox 2185 1742 3759 1817">
     <span class='ocr_line' id='line_1_47' title="bbox 2185 1742 3759 1817; baseline -0.002 -19"><span class='ocrx_word' id='word_1_362' title='bbox 2185 1745 2277 1799; x_wconf 81' lang='grc' dir='ltr'>τοῦ</span> <span class='ocrx_word' id='word_1_363' title='bbox 2319 1746 2614 1817; x_wconf 75' lang='grc' dir='ltr'>Ὠμοφόρου</span> <span class='ocrx_word' id='word_1_364' title='bbox 2646 1745 2959 1799; x_wconf 84' lang='grc' dir='ltr'>ἀπέστειλεν</span> <span class='ocrx_word' id='word_1_365' title='bbox 2984 1745 3166 1799; x_wconf 76' lang='grc' dir='ltr'>αὐτόν.</span> <span class='ocrx_word' id='word_1_366' title='bbox 3213 1745 3322 1798; x_wconf 75' lang='grc' dir='ltr'><strong>Καὶ</strong></span> <span class='ocrx_word' id='word_1_367' title='bbox 3356 1742 3525 1797; x_wconf 76' lang='grc' dir='ltr'>ἐλθὼν</span> <span class='ocrx_word' id='word_1_368' title='bbox 3551 1744 3583 1794; x_wconf 88' lang='lat'>6</span> <span class='ocrx_word' id='word_1_369' title='bbox 3628 1743 3759 1807; x_wconf 65' lang='grc' dir='ltr'>Υἱὸς</span> 
     </span>
    </p>
   </div>
   <div class='ocr_carea' id='block_1_48' title="bbox 2188 1831 3761 1909">
    <p class='ocr_par' dir='ltr' id='par_1_48' title="bbox 2188 1831 3761 1909">
     <span class='ocr_line' id='line_1_48' title="bbox 2188 1831 3761 1909; baseline -0.001 -20"><span class='ocrx_word' id='word_1_370' title='bbox 2188 1838 2651 1908; x_wconf 84' lang='grc' dir='ltr'>μετεσχημάτισεν</span> <span class='ocrx_word' id='word_1_371' title='bbox 2683 1837 2872 1891; x_wconf 79' lang='grc' dir='ltr'>ἑαυτὸν</span> <span class='ocrx_word' id='word_1_372' title='bbox 2895 1840 2974 1900; x_wconf 75' lang='grc' dir='ltr'><strong>εις</strong></span> <span class='ocrx_word' id='word_1_373' title='bbox 2994 1836 3280 1909; x_wconf 84' lang='grc' dir='ltr'>ἀνθρώπου</span> <span class='ocrx_word' id='word_1_374' title='bbox 3301 1831 3457 1899; x_wconf 76' lang='grc' dir='ltr'>εἶδος,</span> <span class='ocrx_word' id='word_1_375' title='bbox 3489 1835 3585 1888; x_wconf 80' lang='grc' dir='ltr'>καὶ</span> <span class='ocrx_word' id='word_1_376' title='bbox 3607 1836 3761 1904; x_wconf 66' lang='grc' dir='ltr'>εφαι-</span> 
     </span>
    </p>
   </div>
   <div class='ocr_carea' id='block_1_49' title="bbox 2185 1926 3755 2002">
    <p class='ocr_par' dir='ltr' id='par_1_49' title="bbox 2185 1926 3755 2002">
     <span class='ocr_line' id='line_1_49' title="bbox 2185 1926 3755 2002; baseline -0.003 -20"><span class='ocrx_word' id='word_1_377' title='bbox 2185 1947 2303 1982; x_wconf 84' lang='grc' dir='ltr'>νετο</span> <span class='ocrx_word' id='word_1_378' title='bbox 2330 1933 2441 1993; x_wconf 85' lang='grc' dir='ltr'>τοῖς</span> <span class='ocrx_word' id='word_1_379' title='bbox 2474 1928 2776 2002; x_wconf 80' lang='grc' dir='ltr'>ἀνθρώποις</span> <span class='ocrx_word' id='word_1_380' title='bbox 2801 1928 2876 1991; x_wconf 78' lang='grc' dir='ltr'>ὡς</span> <span class='ocrx_word' id='word_1_381' title='bbox 2906 1927 3209 1999; x_wconf 76' lang='grc' dir='ltr'>ἄνθρωπος,</span> <span class='ocrx_word' id='word_1_382' title='bbox 3236 1928 3309 1999; x_wconf 78' lang='grc' dir='ltr'>μὴ</span> <span class='ocrx_word' id='word_1_383' title='bbox 3330 1926 3405 1979; x_wconf 81' lang='grc' dir='ltr'>ὢν</span> <span class='ocrx_word' id='word_1_384' title='bbox 3440 1926 3755 1997; x_wconf 74' lang='grc' dir='ltr'>ἄνθρωπος.</span> 
     </span>
    </p>
   </div>
   <div class='ocr_carea' id='block_1_50' title="bbox 2186 2017 3754 2093">
    <p class='ocr_par' dir='ltr' id='par_1_50' title="bbox 2186 2017 3754 2093">
     <span class='ocr_line' id='line_1_50' title="bbox 2186 2017 3754 2093; baseline -0.002 -19"><span class='ocrx_word' id='word_1_385' title='bbox 2186 2022 2280 2074; x_wconf 71' lang='grc' dir='ltr'><strong>καὶ</strong></span> <span class='ocrx_word' id='word_1_386' title='bbox 2312 2023 2361 2074; x_wconf 88' lang='grc' dir='ltr'>οἱ</span> <span class='ocrx_word' id='word_1_387' title='bbox 2422 2021 2696 2093; x_wconf 81' lang='grc' dir='ltr'>ἄνθρωποι</span> <span class='ocrx_word' id='word_1_388' title='bbox 2740 2019 3118 2091; x_wconf 78' lang='grc' dir='ltr'>ὑπελάμϐανον</span> <span class='ocrx_word' id='word_1_389' title='bbox 3163 2019 3326 2073; x_wconf 79' lang='grc' dir='ltr'>αὐτὸν</span> <span class='ocrx_word' id='word_1_390' title='bbox 3366 2017 3754 2088; x_wconf 79' lang='grc' dir='ltr'>γεγεννῆσθαι.</span> 
     </span>
    </p>
   </div>
   <div class='ocr_carea' id='block_1_51' title="bbox 2199 2109 3760 2183">
    <p class='ocr_par' dir='ltr' id='par_1_51' title="bbox 2199 2109 3760 2183">
     <span class='ocr_line' id='line_1_51' title="bbox 2199 2109 3760 2183; baseline -0.002 -17"><span class='ocrx_word' id='word_1_391' title='bbox 2199 2113 2395 2166; x_wconf 82' lang='grc' dir='ltr'>Ἐλθὼν</span> <span class='ocrx_word' id='word_1_392' title='bbox 2424 2109 2515 2167; x_wconf 80' lang='grc' dir='ltr'>οὖν</span> <span class='ocrx_word' id='word_1_393' title='bbox 2543 2115 2772 2167; x_wconf 81' lang='grc' dir='ltr'>ποιεῖται</span> <span class='ocrx_word' id='word_1_394' title='bbox 2795 2112 2892 2183; x_wconf 80' lang='grc' dir='ltr'>τὴν</span> <span class='ocrx_word' id='word_1_395' title='bbox 2920 2112 3276 2183; x_wconf 77' lang='grc' dir='ltr'>δημιουργίαν</span> <span class='ocrx_word' id='word_1_396' title='bbox 3307 2112 3442 2183; x_wconf 80' lang='grc' dir='ltr'>πρὸς</span> <span class='ocrx_word' id='word_1_397' title='bbox 3476 2110 3760 2182; x_wconf 78' lang='grc' dir='ltr'>σωτηρεαν</span> 
     </span>
    </p>
   </div>
   <div class='ocr_carea' id='block_1_52' title="bbox 2185 2200 3760 2273">
    <p class='ocr_par' dir='ltr' id='par_1_52' title="bbox 2185 2200 3760 2273">
     <span class='ocr_line' id='line_1_52' title="bbox 2185 2200 3760 2273; baseline -0.001 -19"><span class='ocrx_word' id='word_1_398' title='bbox 2185 2203 2293 2255; x_wconf 88' lang='grc' dir='ltr'><strong>τῶν</strong></span> <span class='ocrx_word' id='word_1_399' title='bbox 2322 2201 2529 2272; x_wconf 68' lang='grc' dir='ltr'>ψυχῶν,</span> <span class='ocrx_word' id='word_1_400' title='bbox 2558 2202 2656 2256; x_wconf 67' lang='grc' dir='ltr'><strong>κα)⁵</strong></span> <span class='ocrx_word' id='word_1_401' title='bbox 2689 2202 2934 2273; x_wconf 78' lang='grc' dir='ltr'>μηχανὴν</span> <span class='ocrx_word' id='word_1_402' title='bbox 2988 2202 3350 2271; x_wconf 82' lang='grc' dir='ltr'>συνεστήσατο</span> <span class='ocrx_word' id='word_1_403' title='bbox 3393 2201 3626 2270; x_wconf 75' lang='grc' dir='ltr'>ἔχουσαν</span> <span class='ocrx_word' id='word_1_404' title='bbox 3654 2200 3760 2253; x_wconf 75' lang='grc' dir='ltr'><strong>δὼ-</strong></span> 
     </span>
    </p>
   </div>
   <div class='ocr_carea' id='block_1_53' title="bbox 2186 2292 3761 2364">
    <p class='ocr_par' dir='ltr' id='par_1_53' title="bbox 2186 2292 3761 2364">
     <span class='ocr_line' id='line_1_53' title="bbox 2186 2292 3761 2364; baseline -0.002 -17"><span class='ocrx_word' id='word_1_405' title='bbox 2186 2295 2316 2348; x_wconf 79' lang='grc' dir='ltr'>δεκα</span> <span class='ocrx_word' id='word_1_406' title='bbox 2341 2293 2553 2356; x_wconf 80' lang='grc' dir='ltr'>κάδους,</span> <span class='ocrx_word' id='word_1_407' title='bbox 2574 2294 2694 2363; x_wconf 74' lang='grc' dir='ltr'>ἥτις</span> <span class='ocrx_word' id='word_1_408' title='bbox 2718 2293 2821 2346; x_wconf 81' lang='grc' dir='ltr'>ὑπὸ</span> <span class='ocrx_word' id='word_1_409' title='bbox 2839 2293 2938 2363; x_wconf 83' lang='grc' dir='ltr'>τῆς</span> <span class='ocrx_word' id='word_1_410' title='bbox 2970 2292 3206 2364; x_wconf 78' lang='grc' dir='ltr'>σφαίρας</span> <span class='ocrx_word' id='word_1_411' title='bbox 3245 2293 3613 2362; x_wconf 76' lang='grc' dir='ltr'>στρεφομένη,</span> <span class='ocrx_word' id='word_1_412' title='bbox 3643 2294 3761 2345; x_wconf 77' lang='grc' dir='ltr'>ἀνι-</span> 
     </span>
    </p>
   </div>
   <div class='ocr_carea' id='block_1_54' title="bbox 2191 2383 3762 2457">
    <p class='ocr_par' dir='ltr' id='par_1_54' title="bbox 2191 2383 3762 2457">
     <span class='ocr_line' id='line_1_54' title="bbox 2191 2383 3762 2457; baseline -0.002 -17"><span class='ocrx_word' id='word_1_413' title='bbox 2191 2389 2355 2457; x_wconf 80' lang='grc' dir='ltr'>μᾶται</span> <span class='ocrx_word' id='word_1_414' title='bbox 2382 2386 2488 2439; x_wconf 87' lang='grc' dir='ltr'><strong>τῶν</strong></span> <span class='ocrx_word' id='word_1_415' title='bbox 2524 2385 2864 2455; x_wconf 82' lang='grc' dir='ltr'>θνησκόντων</span> <span class='ocrx_word' id='word_1_416' title='bbox 2885 2385 2983 2449; x_wconf 80' lang='grc' dir='ltr'><strong>τὰς</strong></span> <span class='ocrx_word' id='word_1_417' title='bbox 3004 2385 3201 2456; x_wconf 76' lang='grc' dir='ltr'>ψυχάς.</span> <span class='ocrx_word' id='word_1_418' title='bbox 3236 2384 3345 2437; x_wconf 74' lang='grc' dir='ltr'><strong>Καὶ</strong></span> <span class='ocrx_word' id='word_1_419' title='bbox 3372 2383 3576 2446; x_wconf 79' lang='grc' dir='ltr'>ταύτας</span> <span class='ocrx_word' id='word_1_420' title='bbox 3601 2386 3632 2437; x_wconf 88' lang='lat'>6</span> <span class='ocrx_word' id='word_1_421' title='bbox 3662 2385 3762 2453; x_wconf 82' lang='grc' dir='ltr'>μέ-</span> 
     </span>
    </p>
   </div>
   <div class='ocr_carea' id='block_1_55' title="bbox 2187 2474 3759 2549">
    <p class='ocr_par' dir='ltr' id='par_1_55' title="bbox 2187 2474 3759 2549">
     <span class='ocr_line' id='line_1_55' title="bbox 2187 2474 3759 2549; baseline -0.003 -18"><span class='ocrx_word' id='word_1_422' title='bbox 2187 2495 2288 2547; x_wconf 84' lang='grc' dir='ltr'><strong>γας</strong></span> <span class='ocrx_word' id='word_1_423' title='bbox 2320 2478 2543 2549; x_wconf 71' lang='grc' dir='ltr'>φωστὴρ</span> <span class='ocrx_word' id='word_1_424' title='bbox 2570 2479 2689 2540; x_wconf 84' lang='grc' dir='ltr'>ταῖς</span> <span class='ocrx_word' id='word_1_425' title='bbox 2720 2477 2900 2530; x_wconf 79' lang='grc' dir='ltr'>ἀκτῖσι</span> <span class='ocrx_word' id='word_1_426' title='bbox 2922 2476 3099 2529; x_wconf 85' lang='grc' dir='ltr'>λαϐὼν</span> <span class='ocrx_word' id='word_1_427' title='bbox 3139 2474 3441 2546; x_wconf 74' lang='grc' dir='ltr'>καθαρίζει,</span> <span class='ocrx_word' id='word_1_428' title='bbox 3471 2475 3568 2527; x_wconf 77' lang='grc' dir='ltr'>καὶ</span> <span class='ocrx_word' id='word_1_429' title='bbox 3592 2491 3759 2544; x_wconf 78' lang='grc' dir='ltr'>μετα-</span> 
     </span>
    </p>
   </div>
   <div class='ocr_carea' id='block_1_56' title="bbox 2188 2566 3755 2642">
    <p class='ocr_par' dir='ltr' id='par_1_56' title="bbox 2188 2566 3755 2642">
     <span class='ocr_line' id='line_1_56' title="bbox 2188 2566 3755 2642; baseline -0.004 -19"><span class='ocrx_word' id='word_1_430' title='bbox 2188 2571 2367 2624; x_wconf 81' lang='grc' dir='ltr'>δίδωσι</span> <span class='ocrx_word' id='word_1_431' title='bbox 2398 2572 2461 2641; x_wconf 82' lang='grc' dir='ltr'><strong>τῇ</strong></span> <span class='ocrx_word' id='word_1_432' title='bbox 2497 2570 2712 2642; x_wconf 80' lang='grc' dir='ltr'>σελήνῃ,</span> <span class='ocrx_word' id='word_1_433' title='bbox 2735 2570 2828 2622; x_wconf 72' lang='grc' dir='ltr'>καὶ</span> <span class='ocrx_word' id='word_1_434' title='bbox 2865 2568 3035 2631; x_wconf 74' lang='grc' dir='ltr'>οὕτως</span> <span class='ocrx_word' id='word_1_435' title='bbox 3062 2567 3360 2641; x_wconf 82' lang='grc' dir='ltr'>πληροῦται</span> <span class='ocrx_word' id='word_1_436' title='bbox 3381 2566 3483 2635; x_wconf 79' lang='grc' dir='ltr'>τῆς</span> <span class='ocrx_word' id='word_1_437' title='bbox 3525 2566 3755 2637; x_wconf 75' lang='grc' dir='ltr'>σελήνης</span> 
     </span>
    </p>
   </div>
   <div class='ocr_carea' id='block_1_57' title="bbox 2188 2659 3757 2734">
    <p class='ocr_par' dir='ltr' id='par_1_57' title="bbox 2188 2659 3757 2734">
     <span class='ocr_line' id='line_1_57' title="bbox 2188 2659 3757 2734; baseline -0.002 -18"><span class='ocrx_word' id='word_1_438' title='bbox 2188 2665 2216 2716; x_wconf 89' lang='lat'>6</span> <span class='ocrx_word' id='word_1_439' title='bbox 2248 2662 2449 2726; x_wconf 78' lang='grc' dir='ltr'>δίσκος,</span> <span class='ocrx_word' id='word_1_440' title='bbox 2478 2665 2506 2716; x_wconf 92' lang='lat'><strong>6</strong></span> <span class='ocrx_word' id='word_1_441' title='bbox 2530 2665 2657 2733; x_wconf 84' lang='grc' dir='ltr'>παρ’</span> <span class='ocrx_word' id='word_1_442' title='bbox 2685 2664 2815 2732; x_wconf 76' lang='grc' dir='ltr'>ἡμῖν</span> <span class='ocrx_word' id='word_1_443' title='bbox 2841 2661 3387 2734; x_wconf 84' lang='grc' dir='ltr'>προσαγορευόμενος.</span> <span class='ocrx_word' id='word_1_444' title='bbox 3422 2659 3592 2713; x_wconf 82' lang='grc' dir='ltr'>Πλοία</span> <span class='ocrx_word' id='word_1_445' title='bbox 3626 2660 3757 2730; x_wconf 71' lang='grc' dir='ltr'>γὰρ,</span> 
     </span>
    </p>
   </div>
   <div class='ocr_carea' id='block_1_58' title="bbox 2191 2749 3752 2825">
    <p class='ocr_par' dir='ltr' id='par_1_58' title="bbox 2191 2749 3752 2825">
     <span class='ocr_line' id='line_1_58' title="bbox 2191 2749 3752 2825; baseline -0.003 -18"><span class='ocrx_word' id='word_1_446' title='bbox 2191 2754 2306 2825; x_wconf 71' lang='grc' dir='ltr'>ἦτοι</span> <span class='ocrx_word' id='word_1_447' title='bbox 2336 2753 2605 2825; x_wconf 83' lang='grc' dir='ltr'>πορθμεῖα</span> <span class='ocrx_word' id='word_1_448' title='bbox 2632 2749 2771 2808; x_wconf 77' lang='grc' dir='ltr'>εἶναι</span> <span class='ocrx_word' id='word_1_449' title='bbox 2798 2754 2943 2822; x_wconf 84' lang='grc' dir='ltr'>λέγει</span> <span class='ocrx_word' id='word_1_450' title='bbox 2974 2754 3097 2817; x_wconf 80' lang='grc' dir='ltr'>τοὺς</span> <span class='ocrx_word' id='word_1_451' title='bbox 3125 2753 3218 2807; x_wconf 81' lang='grc' dir='ltr'>δύο</span> <span class='ocrx_word' id='word_1_452' title='bbox 3249 2754 3560 2824; x_wconf 80' lang='grc' dir='ltr'>φωστῆρας.</span> <span class='ocrx_word' id='word_1_453' title='bbox 3600 2749 3752 2811; x_wconf 75' lang='grc' dir='ltr'>Εἶτα.</span> 
     </span>
    </p>
   </div>
   <div class='ocr_carea' id='block_1_59' title="bbox 2191 2841 3759 2915">
    <p class='ocr_par' dir='ltr' id='par_1_59' title="bbox 2191 2841 3759 2915">
     <span class='ocr_line' id='line_1_59' title="bbox 2191 2841 3759 2915; baseline -0.001 -18"><span class='ocrx_word' id='word_1_454' title='bbox 2191 2843 2286 2898; x_wconf 76' lang='grc' dir='ltr'><strong>ἐὰν</strong></span> <span class='ocrx_word' id='word_1_455' title='bbox 2317 2844 2547 2915; x_wconf 82' lang='grc' dir='ltr'>γεμισθῇ</span> <span class='ocrx_word' id='word_1_456' title='bbox 2584 2846 2617 2915; x_wconf 82' lang='grc' dir='ltr'>ἡ</span> <span class='ocrx_word' id='word_1_457' title='bbox 2646 2843 2863 2915; x_wconf 83' lang='grc' dir='ltr'>σελήνη,</span> <span class='ocrx_word' id='word_1_458' title='bbox 2920 2843 3353 2915; x_wconf 78' lang='grc' dir='ltr'>μεταπορθμεύει</span> <span class='ocrx_word' id='word_1_459' title='bbox 3398 2845 3480 2906; x_wconf 72' lang='grc' dir='ltr'>εἰς</span> <span class='ocrx_word' id='word_1_460' title='bbox 3508 2841 3759 2913; x_wconf 79' lang='grc' dir='ltr'>ἀπηλιώ-</span> 
     </span>
    </p>
   </div>
   <div class='ocr_carea' id='block_1_60' title="bbox 2191 2934 3761 3007">
    <p class='ocr_par' dir='ltr' id='par_1_60' title="bbox 2191 2934 3761 3007">
     <span class='ocr_line' id='line_1_60' title="bbox 2191 2934 3761 3007; baseline -0.002 -16"><span class='ocrx_word' id='word_1_461' title='bbox 2191 2952 2308 3006; x_wconf 83' lang='grc' dir='ltr'>την,</span> <span class='ocrx_word' id='word_1_462' title='bbox 2337 2937 2431 2991; x_wconf 71' lang='grc' dir='ltr'><strong>καὶ</strong></span> <span class='ocrx_word' id='word_1_463' title='bbox 2460 2934 2629 2999; x_wconf 79' lang='grc' dir='ltr'>οὕτως</span> <span class='ocrx_word' id='word_1_464' title='bbox 2660 2937 2988 3007; x_wconf 83' lang='grc' dir='ltr'>ἁπόκρουσιν</span> <span class='ocrx_word' id='word_1_465' title='bbox 3018 2939 3268 2998; x_wconf 85' lang='grc' dir='ltr'>ποιεῖται,</span> <span class='ocrx_word' id='word_1_466' title='bbox 3301 2935 3395 2988; x_wconf 81' lang='grc' dir='ltr'><strong>τοῦ</strong></span> <span class='ocrx_word' id='word_1_467' title='bbox 3430 2936 3611 3006; x_wconf 85' lang='grc' dir='ltr'>γόμου</span> <span class='ocrx_word' id='word_1_468' title='bbox 3640 2936 3761 2989; x_wconf 76' lang='grc' dir='ltr'>ελα-</span> 
     </span>
    </p>
   </div>
   <div class='ocr_carea' id='block_1_61' title="bbox 520 3026 2087 3115">
    <p class='ocr_par' dir='ltr' id='par_1_61' title="bbox 520 3030 2085 3100">
     <span class='ocr_line' id='line_1_61' title="bbox 520 3030 2085 3100; baseline 0.003 -15"><span class='ocrx_word' id='word_1_469' title='bbox 520 3030 898 3085; x_wconf 81' lang='lat' dir='ltr'><strong>detrimentum</strong></span> <span class='ocrx_word' id='word_1_470' title='bbox 947 3032 1182 3100; x_wconf 88' lang='lat' dir='ltr'><strong>patitur,</strong></span> <span class='ocrx_word' id='word_1_471' title='bbox 1232 3048 1354 3087; x_wconf 91' lang='lat' dir='ltr'><strong>cum</strong></span> <span class='ocrx_word' id='word_1_472' title='bbox 1386 3048 1549 3089; x_wconf 91' lang='lat' dir='ltr'><strong>onere</strong></span> <span class='ocrx_word' id='word_1_473' title='bbox 1577 3033 1744 3090; x_wconf 88' lang='lat' dir='ltr'><strong>fuerit</strong></span> <span class='ocrx_word' id='word_1_474' title='bbox 1792 3036 2030 3090; x_wconf 91' lang='lat' dir='ltr'><strong>relevata</strong></span> <span class='ocrx_word' id='word_1_475' title='bbox 2069 3051 2085 3089; x_wconf 89' lang='lat'><strong>:</strong></span> 
     </span>
    </p>
   </div>
   <div class='ocr_carea' id='block_1_62' title="bbox 2188 3026 3761 3115">
    <p class='ocr_par' dir='ltr' id='par_1_62' title="bbox 2193 3026 3761 3102">
     <span class='ocr_line' id='line_1_62' title="bbox 2193 3026 3761 3102; baseline 0.001 -22"><span class='ocrx_word' id='word_1_476' title='bbox 2193 3029 2518 3102; x_wconf 75' lang='grc' dir='ltr'>φρυνομένηο</span> <span class='ocrx_word' id='word_1_477' title='bbox 2547 3030 2641 3082; x_wconf 79' lang='grc' dir='ltr'>καὶ</span> <span class='ocrx_word' id='word_1_478' title='bbox 2681 3027 2821 3081; x_wconf 74' lang='grc' dir='ltr'>οὕτω</span> <span class='ocrx_word' id='word_1_479' title='bbox 2855 3026 3051 3099; x_wconf 82' lang='grc' dir='ltr'>πληροῖ</span> <span class='ocrx_word' id='word_1_480' title='bbox 3097 3026 3160 3081; x_wconf 80' lang='grc' dir='ltr'><strong>τδ</strong></span> <span class='ocrx_word' id='word_1_481' title='bbox 3190 3026 3502 3099; x_wconf 77' lang='grc' dir='ltr'>πορθμεῖον,</span> <span class='ocrx_word' id='word_1_482' title='bbox 3530 3027 3629 3080; x_wconf 71' lang='grc' dir='ltr'><strong>καὶ</strong></span> <span class='ocrx_word' id='word_1_483' title='bbox 3658 3027 3761 3082; x_wconf 63' lang='grc' dir='ltr'><strong>πά-</strong></span> 
     </span>
    </p>
   </div>
   <div class='ocr_carea' id='block_1_63' title="bbox 521 3121 2087 3194">
    <p class='ocr_par' dir='ltr' id='par_1_63' title="bbox 521 3121 2087 3194">
     <span class='ocr_line' id='line_1_63' title="bbox 521 3121 2087 3194; baseline 0.003 -19"><span class='ocrx_word' id='word_1_484' title='bbox 521 3130 576 3175; x_wconf 84' lang='lat' dir='ltr'><strong>et</strong></span> <span class='ocrx_word' id='word_1_485' title='bbox 608 3125 796 3175; x_wconf 81' lang='lat' dir='ltr'><strong>iterum</strong></span> <span class='ocrx_word' id='word_1_486' title='bbox 818 3121 1008 3191; x_wconf 88' lang='lat' dir='ltr'><strong>repleri</strong></span> <span class='ocrx_word' id='word_1_487' title='bbox 1034 3122 1144 3191; x_wconf 76' lang='lat'><strong>(75)</strong></span> <span class='ocrx_word' id='word_1_488' title='bbox 1171 3124 1441 3192; x_wconf 83' lang='lat' dir='ltr'><strong>cymbam,</strong></span> <span class='ocrx_word' id='word_1_489' title='bbox 1488 3133 1542 3178; x_wconf 90' lang='lat' dir='ltr'><strong>et</strong></span> <span class='ocrx_word' id='word_1_490' title='bbox 1569 3140 1760 3180; x_wconf 89' lang='lat' dir='ltr'><strong>rursus</strong></span> <span class='ocrx_word' id='word_1_491' title='bbox 1782 3126 2087 3194; x_wconf 80' lang='lat' dir='ltr'><strong>exonerari,</strong></span> 
     </span>
    </p>
   </div>
   <div class='ocr_carea' id='block_1_64' title="bbox 520 3209 2091 3285">
    <p class='ocr_par' dir='ltr' id='par_1_64' title="bbox 520 3209 2091 3285">
     <span class='ocr_line' id='line_1_64' title="bbox 520 3209 2091 3285; baseline 0.005 -22"><span class='ocrx_word' id='word_1_492' title='bbox 520 3209 651 3264; x_wconf 84' lang='lat' dir='ltr'><strong>dum</strong></span> <span class='ocrx_word' id='word_1_493' title='bbox 684 3209 1005 3265; x_wconf 87' lang='lat' dir='ltr'><strong>hauriuntur</strong></span> <span class='ocrx_word' id='word_1_494' title='bbox 1036 3227 1131 3280; x_wconf 89' lang='lat' dir='ltr'><strong>per</strong></span> <span class='ocrx_word' id='word_1_495' title='bbox 1158 3227 1350 3267; x_wconf 88' lang='lat' dir='ltr'><strong>urceos</strong></span> <span class='ocrx_word' id='word_1_496' title='bbox 1389 3213 1613 3278; x_wconf 65' lang='lat' dir='ltr'><strong>animae,</strong></span> <span class='ocrx_word' id='word_1_497' title='bbox 1656 3230 1938 3285; x_wconf 85' lang='lat' dir='ltr'><strong>usquequo</strong></span> <span class='ocrx_word' id='word_1_498' title='bbox 1968 3231 2091 3285; x_wconf 87' lang='lat' dir='ltr'><strong>par-</strong></span> 
     </span>
    </p>
   </div>
   <div class='ocr_carea' id='block_1_65' title="bbox 520 3302 2091 3375">
    <p class='ocr_par' dir='ltr' id='par_1_65' title="bbox 520 3302 2091 3375">
     <span class='ocr_line' id='line_1_65' title="bbox 520 3302 2091 3375; baseline 0.003 -18"><span class='ocrx_word' id='word_1_499' title='bbox 520 3310 629 3357; x_wconf 85' lang='lat' dir='ltr'><strong>tem</strong></span> <span class='ocrx_word' id='word_1_500' title='bbox 661 3317 813 3356; x_wconf 93' lang='lat' dir='ltr'><strong>suam</strong></span> <span class='ocrx_word' id='word_1_501' title='bbox 844 3303 1111 3370; x_wconf 88' lang='lat' dir='ltr'><strong>propriam</strong></span> <span class='ocrx_word' id='word_1_502' title='bbox 1144 3302 1331 3356; x_wconf 87' lang='lat' dir='ltr'><strong>liberet</strong></span> <span class='ocrx_word' id='word_1_503' title='bbox 1363 3303 1669 3358; x_wconf 91' lang='lat' dir='ltr'><strong>animarum</strong></span> <span class='ocrx_word' id='word_1_504' title='bbox 1700 3304 1830 3375; x_wconf 71' lang='grc'><strong>(74).</strong></span> <span class='ocrx_word' id='word_1_505' title='bbox 1863 3304 1938 3359; x_wconf 88' lang='lat' dir='ltr'><strong>De</strong></span> <span class='ocrx_word' id='word_1_506' title='bbox 1961 3307 2091 3361; x_wconf 90' lang='lat' dir='ltr'><strong>sub-</strong></span> 
     </span>
    </p>
   </div>
   <div class='ocr_carea' id='block_1_66' title="bbox 523 3391 2090 3467">
    <p class='ocr_par' dir='ltr' id='par_1_66' title="bbox 523 3391 2090 3467">
     <span class='ocr_line' id='line_1_66' title="bbox 523 3391 2090 3467; baseline 0.003 -19"><span class='ocrx_word' id='word_1_507' title='bbox 523 3393 717 3449; x_wconf 84' lang='lat' dir='ltr'><strong>stantia</strong></span> <span class='ocrx_word' id='word_1_508' title='bbox 771 3401 947 3446; x_wconf 84' lang='lat' dir='ltr'><strong>antem</strong></span> <span class='ocrx_word' id='word_1_509' title='bbox 980 3392 1107 3446; x_wconf 89' lang='lat' dir='ltr'><strong>boni</strong></span> <span class='ocrx_word' id='word_1_510' title='bbox 1139 3391 1313 3447; x_wconf 87' lang='lat' dir='ltr'><strong>Patris</strong></span> <span class='ocrx_word' id='word_1_511' title='bbox 1354 3407 1567 3447; x_wconf 90' lang='lat' dir='ltr'><strong>omnem</strong></span> <span class='ocrx_word' id='word_1_512' title='bbox 1613 3394 1884 3464; x_wconf 89' lang='lat' dir='ltr'><strong>animam,</strong></span> <span class='ocrx_word' id='word_1_513' title='bbox 1929 3405 2090 3467; x_wconf 89' lang='lat' dir='ltr'><strong>atque</strong></span> 
     </span>
    </p>
   </div>
   <div class='ocr_carea' id='block_1_67' title="bbox 522 3484 2089 3555">
    <p class='ocr_par' dir='ltr' id='par_1_67' title="bbox 522 3484 2089 3555">
     <span class='ocr_line' id='line_1_67' title="bbox 522 3484 2089 3555; baseline 0.003 -15"><span class='ocrx_word' id='word_1_514' title='bbox 522 3498 684 3540; x_wconf 91' lang='lat' dir='ltr'><strong>omne</strong></span> <span class='ocrx_word' id='word_1_515' title='bbox 707 3484 904 3538; x_wconf 90' lang='lat' dir='ltr'><strong>animal</strong></span> <span class='ocrx_word' id='word_1_516' title='bbox 936 3485 1077 3553; x_wconf 91' lang='lat' dir='ltr'><strong>quod</strong></span> <span class='ocrx_word' id='word_1_517' title='bbox 1111 3494 1375 3551; x_wconf 87' lang='lat' dir='ltr'><strong>movetur,</strong></span> <span class='ocrx_word' id='word_1_518' title='bbox 1411 3493 1617 3555; x_wconf 89' lang='lat' dir='ltr'><strong>partem</strong></span> <span class='ocrx_word' id='word_1_519' title='bbox 1644 3487 1855 3543; x_wconf 88' lang='lat' dir='ltr'><strong>trahere</strong></span> <span class='ocrx_word' id='word_1_520' title='bbox 1893 3489 2089 3544; x_wconf 82' lang='lat' dir='ltr'><strong>confir-</strong></span> 
     </span>
    </p>
   </div>
   <div class='ocr_carea' id='block_1_68' title="bbox 524 3572 2086 3648">
    <p class='ocr_par' dir='ltr' id='par_1_68' title="bbox 524 3572 2086 3648">
     <span class='ocr_line' id='line_1_68' title="bbox 524 3572 2086 3648; baseline 0.005 -21"><span class='ocrx_word' id='word_1_521' title='bbox 524 3581 661 3628; x_wconf 89' lang='lat' dir='ltr'><strong>mat.</strong></span> <span class='ocrx_word' id='word_1_522' title='bbox 695 3572 828 3627; x_wconf 90' lang='lat' dir='ltr'><strong>Cum</strong></span> <span class='ocrx_word' id='word_1_523' title='bbox 860 3574 1021 3643; x_wconf 77' lang='lat' dir='ltr'><strong>igitur</strong></span> <span class='ocrx_word' id='word_1_524' title='bbox 1047 3574 1173 3629; x_wconf 91' lang='lat' dir='ltr'><strong>luna</strong></span> <span class='ocrx_word' id='word_1_525' title='bbox 1203 3589 1342 3630; x_wconf 91' lang='lat' dir='ltr'><strong>onus</strong></span> <span class='ocrx_word' id='word_1_526' title='bbox 1374 3577 1518 3645; x_wconf 89' lang='lat' dir='ltr'><strong>quod</strong></span> <span class='ocrx_word' id='word_1_527' title='bbox 1563 3577 1718 3645; x_wconf 72' lang='lat' dir='ltr'><strong>gerit,</strong></span> <span class='ocrx_word' id='word_1_528' title='bbox 1760 3578 2086 3648; x_wconf 88' lang='lat' dir='ltr'><strong>animarum,</strong></span> 
     </span>
    </p>
   </div>
   <div class='ocr_carea' id='block_1_69' title="bbox 526 3665 2088 3744">
    <p class='ocr_par' dir='ltr' id='par_1_69' title="bbox 526 3665 2088 3744">
     <span class='ocr_line' id='line_1_69' title="bbox 526 3665 2088 3744; baseline 0.004 -23"><span class='ocrx_word' id='word_1_529' title='bbox 526 3666 740 3722; x_wconf 64' lang='lat' dir='ltr'><strong>saeculis</strong></span> <span class='ocrx_word' id='word_1_530' title='bbox 777 3666 1057 3723; x_wconf 89' lang='lat' dir='ltr'><strong>tradiderit</strong></span> <span class='ocrx_word' id='word_1_531' title='bbox 1097 3665 1273 3724; x_wconf 87' lang='lat' dir='ltr'><strong>Patris</strong></span> <span class='ocrx_word' id='word_1_532' title='bbox 1298 3711 1313 3735; x_wconf 96' lang='lat'><strong>,</strong></span> <span class='ocrx_word' id='word_1_533' title='bbox 1363 3680 1680 3739; x_wconf 89' lang='lat' dir='ltr'><strong>permanent</strong></span> <span class='ocrx_word' id='word_1_534' title='bbox 1714 3671 1817 3726; x_wconf 64' lang='lat' dir='ltr'><strong>illa:</strong></span> <span class='ocrx_word' id='word_1_535' title='bbox 1863 3672 1975 3744; x_wconf 86' lang='lat'><strong>(75)</strong></span> <span class='ocrx_word' id='word_1_536' title='bbox 2033 3674 2088 3728; x_wconf 91' lang='lat' dir='ltr'><strong>in</strong></span> 
     </span>
    </p>
   </div>
   <div class='ocr_carea' id='block_1_70' title="bbox 524 3759 2085 3837">
    <p class='ocr_par' dir='ltr' id='par_1_70' title="bbox 524 3759 2085 3837">
     <span class='ocr_line' id='line_1_70' title="bbox 524 3759 2085 3837; baseline 0.004 -22"><span class='ocrx_word' id='word_1_537' title='bbox 524 3759 778 3815; x_wconf 87' lang='lat' dir='ltr'><strong>columna</strong></span> <span class='ocrx_word' id='word_1_538' title='bbox 824 3759 1036 3830; x_wconf 64' lang='lat' dir='ltr'><strong>gloriae,</strong></span> <span class='ocrx_word' id='word_1_539' title='bbox 1089 3759 1233 3831; x_wconf 88' lang='lat' dir='ltr'><strong>quod</strong></span> <span class='ocrx_word' id='word_1_540' title='bbox 1279 3768 1505 3816; x_wconf 85' lang='lat' dir='ltr'><strong>vocatur</strong></span> <span class='ocrx_word' id='word_1_541' title='bbox 1531 3759 1627 3816; x_wconf 77' lang='lat' dir='ltr'><strong>Vir</strong></span> <span class='ocrx_word' id='word_1_542' title='bbox 1656 3761 1924 3834; x_wconf 86' lang='lat' dir='ltr'><strong>perfectus</strong></span> <span class='ocrx_word' id='word_1_543' title='bbox 1952 3764 2085 3837; x_wconf 88' lang='lat'><strong>(76).</strong></span> 
     </span>
    </p>
   </div>
   <div class='ocr_carea' id='block_1_71' title="bbox 597 3934 2081 4007">
    <p class='ocr_par' dir='ltr' id='par_1_71' title="bbox 597 3934 2081 4007">
     <span class='ocr_line' id='line_1_71' title="bbox 597 3934 2081 4007; baseline 0.003 -19"><span class='ocrx_word' id='word_1_544' title='bbox 597 3934 708 4007; x_wconf 88' lang='lat'><strong>(60)</strong></span> <span class='ocrx_word' id='word_1_545' title='bbox 745 3936 927 3991; x_wconf 81' lang='lat' dir='ltr'><strong>Codex</strong></span> <span class='ocrx_word' id='word_1_546' title='bbox 956 3936 1257 4004; x_wconf 83' lang='lat' dir='ltr'><strong>Bobiensis,</strong></span> <span class='ocrx_word' id='word_1_547' title='bbox 1287 3955 1308 3989; x_wconf 73' lang='grc' dir='ltr'><strong>ι</strong></span> <span class='ocrx_word' id='word_1_548' title='bbox 1337 3937 1404 3993; x_wconf 88' lang='lat' dir='ltr'><strong>de</strong></span> <span class='ocrx_word' id='word_1_549' title='bbox 1437 3939 1636 3997; x_wconf 83' lang='lat' dir='ltr'><strong>finibus</strong></span> <span class='ocrx_word' id='word_1_550' title='bbox 1663 3941 1718 3994; x_wconf 91' lang='lat' dir='ltr'><strong>in</strong></span> <span class='ocrx_word' id='word_1_551' title='bbox 1748 3955 1842 3995; x_wconf 91' lang='lat' dir='ltr'><strong>cor</strong></span> <span class='ocrx_word' id='word_1_552' title='bbox 1863 3949 2035 3996; x_wconf 66' lang='lat' dir='ltr'><strong>terrae.</strong></span> <span class='ocrx_word' id='word_1_553' title='bbox 2062 3960 2081 3993; x_wconf 76' lang='grc' dir='ltr'><strong>ι</strong></span> 
     </span>
    </p>
   </div>
   <div class='ocr_carea' id='block_1_72' title="bbox 528 4004 1252 4077">
    <p class='ocr_par' dir='ltr' id='par_1_72' title="bbox 528 4004 1252 4077">
     <span class='ocr_line' id='line_1_72' title="bbox 528 4004 1252 4077; baseline 0 -18"><span class='ocrx_word' id='word_1_554' title='bbox 528 4004 779 4077; x_wconf 11' lang='grc' dir='ltr'><strong>ὃὶοῄιοείι</strong></span> <span class='ocrx_word' id='word_1_555' title='bbox 806 4017 862 4061; x_wconf 83' lang='grc' dir='ltr'><strong>οι</strong></span> <span class='ocrx_word' id='word_1_556' title='bbox 901 4007 1252 4077; x_wconf 87' lang='lat' dir='ltr'><strong>Epiphanius.</strong></span> 
     </span>
    </p>
   </div>
   <div class='ocr_carea' id='block_1_73' title="bbox 597 4074 2087 4148">
    <p class='ocr_par' dir='ltr' id='par_1_73' title="bbox 597 4074 2087 4148">
     <span class='ocr_line' id='line_1_73' title="bbox 597 4074 2087 4148; baseline 0.003 -20"><span class='ocrx_word' id='word_1_557' title='bbox 597 4074 723 4147; x_wconf 79' lang='grc'><strong>(61)</strong></span> <span class='ocrx_word' id='word_1_558' title='bbox 750 4077 893 4148; x_wconf 70' lang='lat' dir='ltr'><strong>Idem</strong></span> <span class='ocrx_word' id='word_1_559' title='bbox 930 4074 1123 4148; x_wconf 80' lang='lat' dir='ltr'><strong>codex,</strong></span> <span class='ocrx_word' id='word_1_560' title='bbox 1160 4097 1179 4130; x_wconf 76' lang='grc' dir='ltr'><strong>ι</strong></span> <span class='ocrx_word' id='word_1_561' title='bbox 1210 4078 1354 4148; x_wconf 85' lang='lat' dir='ltr'><strong>quod</strong></span> <span class='ocrx_word' id='word_1_562' title='bbox 1381 4078 1555 4144; x_wconf 85' lang='lat' dir='ltr'><strong>illum,</strong></span> <span class='ocrx_word' id='word_1_563' title='bbox 1590 4087 1647 4134; x_wconf 92' lang='lat' dir='ltr'><strong>ut</strong></span> <span class='ocrx_word' id='word_1_564' title='bbox 1675 4087 1906 4148; x_wconf 72' lang='lat' dir='ltr'><strong>pareret,</strong></span> <span class='ocrx_word' id='word_1_565' title='bbox 1934 4094 2087 4135; x_wconf 88' lang='lat' dir='ltr'><strong>coer-</strong></span> 
     </span>
    </p>
   </div>
   <div class='ocr_carea' id='block_1_74' title="bbox 521 4145 2084 4219">
    <p class='ocr_par' dir='ltr' id='par_1_74' title="bbox 521 4145 2084 4219">
     <span class='ocr_line' id='line_1_74' title="bbox 521 4145 2084 4219; baseline 0.002 -18"><span class='ocrx_word' id='word_1_566' title='bbox 521 4145 741 4219; x_wconf 43' lang='lat' dir='ltr'><strong>ceret.)</strong></span> <span class='ocrx_word' id='word_1_567' title='bbox 778 4145 951 4219; x_wconf 73' lang='lat' dir='ltr'><strong>Prava</strong></span> <span class='ocrx_word' id='word_1_568' title='bbox 990 4147 1165 4201; x_wconf 90' lang='lat' dir='ltr'><strong>lectio.</strong></span> <span class='ocrx_word' id='word_1_569' title='bbox 1225 4145 1359 4219; x_wconf 84' lang='lat' dir='ltr'><strong>llinc</strong></span> <span class='ocrx_word' id='word_1_570' title='bbox 1401 4158 1579 4219; x_wconf 83' lang='lat' dir='ltr'><strong>autem</strong></span> <span class='ocrx_word' id='word_1_571' title='bbox 1617 4145 1762 4219; x_wconf 75' lang='lat' dir='ltr'><strong>patet</strong></span> <span class='ocrx_word' id='word_1_572' title='bbox 1808 4146 2084 4204; x_wconf 88' lang='lat' dir='ltr'><strong>Petavium</strong></span> 
     </span>
    </p>
   </div>
   <div class='ocr_carea' id='block_1_75' title="bbox 523 4214 2087 4338">
    <p class='ocr_par' dir='ltr' id='par_1_75' title="bbox 523 4214 2087 4338">
     <span class='ocr_line' id='line_1_75' title="bbox 523 4214 2087 4338; baseline 0.005 -70"><span class='ocrx_word' id='word_1_573' title='bbox 523 4215 665 4338; x_wconf 59' lang='lat' dir='ltr'><strong>:pud</strong></span> <span class='ocrx_word' id='word_1_574' title='bbox 697 4214 1050 4337; x_wconf 55' lang='lat' dir='ltr'><strong>Epiphaniam</strong></span> <span class='ocrx_word' id='word_1_575' title='bbox 1082 4232 1179 4288; x_wconf 89' lang='lat' dir='ltr'><strong>pro</strong></span> <span class='ocrx_word' id='word_1_576' title='bbox 1222 4214 1513 4287; x_wconf 76' lang='grc' dir='ltr'>ἐπιθυμίαν</span> <span class='ocrx_word' id='word_1_577' title='bbox 1536 4260 1551 4286; x_wconf 89' lang='grc'><strong>,</strong></span> <span class='ocrx_word' id='word_1_578' title='bbox 1587 4214 1730 4275; x_wconf 77' lang='lat' dir='ltr'><strong>recte</strong></span> <span class='ocrx_word' id='word_1_579' title='bbox 1772 4220 2087 4275; x_wconf 87' lang='lat' dir='ltr'><strong>emendasse</strong></span> 
     </span>
     <span class='ocr_line' id='line_1_76' title="bbox 558 4302 821 4338; baseline 0 0"><span class='ocrx_word' id='word_1_580' title='bbox 558 4302 714 4338; x_wconf 80' lang='grc' dir='ltr'>πιτιυ.</span> <span class='ocrx_word' id='word_1_581' title='bbox 738 4303 821 4338; x_wconf 83' lang='grc' dir='ltr'>αν.</span> 
     </span>
    </p>
   </div>
   <div class='ocr_carea' id='block_1_76' title="bbox 558 4302 821 4354">
    <p class='ocr_par' dir='ltr' id='par_1_76' title="bbox 558 4302 821 4354">
     <span class='ocr_line' id='line_1_77' title="bbox 558 4302 821 4354; baseline 0.004 -16"><span class='ocrx_word' id='word_1_582' title='bbox 558 4302 669 4338; x_wconf 87' lang='grc' dir='ltr'>πιτι</span> <span class='ocrx_word' id='word_1_583' title='bbox 676 4302 821 4354; x_wconf 81' lang='grc' dir='ltr'>μιαν.</span> 
     </span>
    </p>
   </div>
   <div class='ocr_carea' id='block_1_77' title="bbox 591 4355 2086 4425">
    <p class='ocr_par' dir='ltr' id='par_1_77' title="bbox 591 4355 2086 4425">
     <span class='ocr_line' id='line_1_78' title="bbox 591 4355 2086 4425; baseline 0.003 -17"><span class='ocrx_word' id='word_1_584' title='bbox 591 4355 705 4425; x_wconf 76' lang='grc'><strong>(62)</strong></span> <span class='ocrx_word' id='word_1_585' title='bbox 740 4355 935 4425; x_wconf 46' lang='lat' dir='ltr'><strong>codex</strong></span> <span class='ocrx_word' id='word_1_586' title='bbox 961 4355 1310 4421; x_wconf 78' lang='lat' dir='ltr'><strong>Casinensis,</strong></span> <span class='ocrx_word' id='word_1_587' title='bbox 1348 4375 1367 4409; x_wconf 73' lang='grc' dir='ltr'><strong>ε</strong></span> <span class='ocrx_word' id='word_1_588' title='bbox 1404 4356 1593 4413; x_wconf 66' lang='lat' dir='ltr'><strong>furata:</strong></span> <span class='ocrx_word' id='word_1_589' title='bbox 1635 4366 1844 4424; x_wconf 89' lang='lat' dir='ltr'><strong>essent,</strong></span> <span class='ocrx_word' id='word_1_590' title='bbox 1885 4373 2086 4413; x_wconf 87' lang='lat' dir='ltr'><strong>convo-</strong></span> 
     </span>
    </p>
   </div>
   <div class='ocr_carea' id='block_1_78' title="bbox 2190 3117 3757 3191">
    <p class='ocr_par' dir='ltr' id='par_1_78' title="bbox 2190 3117 3757 3191">
     <span class='ocr_line' id='line_1_79' title="bbox 2190 3117 3757 3191; baseline -0.002 -18"><span class='ocrx_word' id='word_1_591' title='bbox 2190 3118 2273 3173; x_wconf 88' lang='grc' dir='ltr'><strong>λιν</strong></span> <span class='ocrx_word' id='word_1_592' title='bbox 2298 3121 2566 3191; x_wconf 80' lang='grc' dir='ltr'>ἀπογομοϊ</span> <span class='ocrx_word' id='word_1_593' title='bbox 2588 3119 2946 3190; x_wconf 85' lang='grc' dir='ltr'>άνιμωμένων</span> <span class='ocrx_word' id='word_1_594' title='bbox 2976 3119 3079 3173; x_wconf 83' lang='grc' dir='ltr'><strong>ὑπὸ</strong></span> <span class='ocrx_word' id='word_1_595' title='bbox 3125 3118 3231 3173; x_wconf 88' lang='grc' dir='ltr'><strong>τῶν</strong></span> <span class='ocrx_word' id='word_1_596' title='bbox 3281 3118 3459 3172; x_wconf 84' lang='grc' dir='ltr'>κάδων</span> <span class='ocrx_word' id='word_1_597' title='bbox 3492 3117 3607 3171; x_wconf 83' lang='grc' dir='ltr'><strong>τῶν</strong></span> <span class='ocrx_word' id='word_1_598' title='bbox 3659 3118 3757 3189; x_wconf 61' lang='grc' dir='ltr'>ψυ-</span> 
     </span>
    </p>
   </div>
   <div class='ocr_carea' id='block_1_79' title="bbox 2189 3208 3751 3286">
    <p class='ocr_par' dir='ltr' id='par_1_79' title="bbox 2189 3208 3751 3286">
     <span class='ocr_line' id='line_1_80' title="bbox 2189 3208 3751 3286; baseline -0.003 -19"><span class='ocrx_word' id='word_1_599' title='bbox 2189 3216 2318 3285; x_wconf 89' lang='grc' dir='ltr'>χῶν,</span> <span class='ocrx_word' id='word_1_600' title='bbox 2352 3216 2509 3286; x_wconf 78' lang='grc' dir='ltr'>ἄχρις</span> <span class='ocrx_word' id='word_1_601' title='bbox 2543 3208 2603 3267; x_wconf 69' lang='grc' dir='ltr'>οὗ</span> <span class='ocrx_word' id='word_1_602' title='bbox 2622 3214 2682 3267; x_wconf 84' lang='grc' dir='ltr'>τὸ</span> <span class='ocrx_word' id='word_1_603' title='bbox 2703 3213 2832 3267; x_wconf 77' lang='grc' dir='ltr'>ἴδιον</span> <span class='ocrx_word' id='word_1_604' title='bbox 2858 3212 3025 3266; x_wconf 76' lang='grc' dir='ltr'>αὑτοῦ</span> <span class='ocrx_word' id='word_1_605' title='bbox 3050 3212 3211 3285; x_wconf 86' lang='grc' dir='ltr'>μέρος</span> <span class='ocrx_word' id='word_1_606' title='bbox 3236 3210 3397 3265; x_wconf 86' lang='grc' dir='ltr'>σώσει</span> <span class='ocrx_word' id='word_1_607' title='bbox 3423 3211 3527 3281; x_wconf 82' lang='grc' dir='ltr'>τῆς</span> <span class='ocrx_word' id='word_1_608' title='bbox 3551 3211 3751 3281; x_wconf 72' lang='grc' dir='ltr'>ψυχῆς.</span> 
     </span>
    </p>
   </div>
   <div class='ocr_carea' id='block_1_80' title="bbox 2189 3303 3756 3377">
    <p class='ocr_par' dir='ltr' id='par_1_80' title="bbox 2189 3303 3756 3377">
     <span class='ocr_line' id='line_1_81' title="bbox 2189 3303 3756 3377; baseline -0.002 -19"><span class='ocrx_word' id='word_1_609' title='bbox 2189 3305 2302 3375; x_wconf 83' lang='grc' dir='ltr'><strong>Τῆς</strong></span> <span class='ocrx_word' id='word_1_610' title='bbox 2322 3305 2428 3376; x_wconf 82' lang='grc' dir='ltr'><strong>γάρ</strong></span> <span class='ocrx_word' id='word_1_611' title='bbox 2469 3304 2564 3358; x_wconf 76' lang='grc' dir='ltr'><strong>τοῦ</strong></span> <span class='ocrx_word' id='word_1_612' title='bbox 2608 3303 2815 3372; x_wconf 80' lang='grc' dir='ltr'>ἀγαθοῦ</span> <span class='ocrx_word' id='word_1_613' title='bbox 2846 3305 3060 3377; x_wconf 70' lang='lat' dir='ltr'><strong>Ila-:96;</strong></span> <span class='ocrx_word' id='word_1_614' title='bbox 3112 3305 3296 3367; x_wconf 82' lang='grc' dir='ltr'>οὐσίας</span> <span class='ocrx_word' id='word_1_615' title='bbox 3341 3307 3524 3359; x_wconf 80' lang='grc' dir='ltr'>πᾶσαν</span> <span class='ocrx_word' id='word_1_616' title='bbox 3550 3304 3756 3377; x_wconf 75' lang='grc' dir='ltr'>ψυχὴν,</span> 
     </span>
    </p>
   </div>
   <div class='ocr_carea' id='block_1_81' title="bbox 2188 3394 3757 3467">
    <p class='ocr_par' dir='ltr' id='par_1_81' title="bbox 2188 3394 3757 3467">
     <span class='ocr_line' id='line_1_82' title="bbox 2188 3394 3757 3467; baseline 0.001 -17"><span class='ocrx_word' id='word_1_617' title='bbox 2188 3398 2283 3451; x_wconf 73' lang='grc' dir='ltr'>καὶ</span> <span class='ocrx_word' id='word_1_618' title='bbox 2320 3398 2428 3451; x_wconf 80' lang='grc' dir='ltr'><strong>πᾶν</strong></span> <span class='ocrx_word' id='word_1_619' title='bbox 2449 3396 2759 3467; x_wconf 81' lang='grc' dir='ltr'>κινούμενον</span> <span class='ocrx_word' id='word_1_620' title='bbox 2791 3396 2926 3461; x_wconf 79' lang='grc' dir='ltr'>ζῶον</span> <span class='ocrx_word' id='word_1_621' title='bbox 2958 3396 3203 3467; x_wconf 85' lang='grc' dir='ltr'>μετέχειν</span> <span class='ocrx_word' id='word_1_622' title='bbox 3221 3396 3385 3465; x_wconf 82' lang='grc' dir='ltr'>λέγει.</span> <span class='ocrx_word' id='word_1_623' title='bbox 3405 3397 3521 3467; x_wconf 84' lang='grc' dir='ltr'><strong>Τῆς</strong></span> <span class='ocrx_word' id='word_1_624' title='bbox 3543 3394 3645 3451; x_wconf 81' lang='grc' dir='ltr'>οὖν</span> <span class='ocrx_word' id='word_1_625' title='bbox 3676 3415 3757 3451; x_wconf 79' lang='grc' dir='ltr'>σε-</span> 
     </span>
    </p>
   </div>
   <div class='ocr_carea' id='block_1_82' title="bbox 2187 3486 3755 3560">
    <p class='ocr_par' dir='ltr' id='par_1_82' title="bbox 2187 3486 3755 3560">
     <span class='ocr_line' id='line_1_83' title="bbox 2187 3486 3755 3560; baseline -0.001 -18"><span class='ocrx_word' id='word_1_626' title='bbox 2187 3487 2352 3560; x_wconf 80' lang='grc' dir='ltr'>λήνης</span> <span class='ocrx_word' id='word_1_627' title='bbox 2378 3486 2757 3559; x_wconf 84' lang='grc' dir='ltr'>μεταδιδούσης</span> <span class='ocrx_word' id='word_1_628' title='bbox 2776 3488 2864 3539; x_wconf 75' lang='grc' dir='ltr'>τὸν</span> <span class='ocrx_word' id='word_1_629' title='bbox 2900 3488 3068 3557; x_wconf 85' lang='grc' dir='ltr'>γόμον</span> <span class='ocrx_word' id='word_1_630' title='bbox 3092 3486 3198 3540; x_wconf 86' lang='grc' dir='ltr'><strong>τῶν</strong></span> <span class='ocrx_word' id='word_1_631' title='bbox 3227 3486 3413 3557; x_wconf 79' lang='grc' dir='ltr'>ψυχῶν</span> <span class='ocrx_word' id='word_1_632' title='bbox 3441 3491 3559 3551; x_wconf 76' lang='grc' dir='ltr'>τοῖς</span> <span class='ocrx_word' id='word_1_633' title='bbox 3592 3487 3755 3542; x_wconf 77' lang='grc' dir='ltr'>αεῶισι</span> 
     </span>
    </p>
   </div>
   <div class='ocr_carea' id='block_1_83' title="bbox 2186 3577 3762 3652">
    <p class='ocr_par' dir='ltr' id='par_1_83' title="bbox 2186 3577 3762 3652">
     <span class='ocr_line' id='line_1_84' title="bbox 2186 3577 3762 3652; baseline -0.001 -18"><span class='ocrx_word' id='word_1_634' title='bbox 2186 3581 2279 3635; x_wconf 79' lang='grc' dir='ltr'><strong>τοῦ</strong></span> <span class='ocrx_word' id='word_1_635' title='bbox 2304 3581 2534 3652; x_wconf 83' lang='grc' dir='ltr'>Πατρὺς,</span> <span class='ocrx_word' id='word_1_636' title='bbox 2563 3578 2966 3650; x_wconf 84' lang='grc' dir='ltr'>παραμένουσιν</span> <span class='ocrx_word' id='word_1_637' title='bbox 2989 3579 3048 3631; x_wconf 81' lang='grc' dir='ltr'>ὲν</span> <span class='ocrx_word' id='word_1_638' title='bbox 3078 3577 3345 3649; x_wconf 78' lang='grc' dir='ltr'>τῶπύλῳ</span> <span class='ocrx_word' id='word_1_639' title='bbox 3371 3581 3473 3649; x_wconf 82' lang='grc' dir='ltr'>τῆς</span> <span class='ocrx_word' id='word_1_640' title='bbox 3498 3580 3682 3651; x_wconf 77' lang='grc' dir='ltr'>δόξης,</span> <span class='ocrx_word' id='word_1_641' title='bbox 3699 3581 3762 3641; x_wconf 74' lang='grc' dir='ltr'>ὃς</span> 
     </span>
    </p>
   </div>
   <div class='ocr_carea' id='block_1_84' title="bbox 2187 3662 3759 3741">
    <p class='ocr_par' dir='ltr' id='par_1_84' title="bbox 2187 3662 3759 3741">
     <span class='ocr_line' id='line_1_85' title="bbox 2187 3662 3759 3741; baseline 0 -16"><span class='ocrx_word' id='word_1_642' title='bbox 2187 3672 2429 3726; x_wconf 76' lang='grc' dir='ltr'>καλεῖται</span> <span class='ocrx_word' id='word_1_643' title='bbox 2451 3671 2556 3741; x_wconf 77' lang='grc' dir='ltr'><strong>ἀὴρ</strong></span> <span class='ocrx_word' id='word_1_644' title='bbox 2588 3672 2617 3723; x_wconf 91' lang='lat'>6</span> <span class='ocrx_word' id='word_1_645' title='bbox 2656 3668 2877 3731; x_wconf 79' lang='grc' dir='ltr'>τέλειος.</span> <span class='ocrx_word' id='word_1_646' title='bbox 2896 3669 2954 3720; x_wconf 88' lang='lat'><strong>&#39;0</strong></span> <span class='ocrx_word' id='word_1_647' title='bbox 2978 3668 3035 3721; x_wconf 83' lang='grc' dir='ltr'>δὲ</span> <span class='ocrx_word' id='word_1_648' title='bbox 3068 3668 3175 3741; x_wconf 83' lang='grc' dir='ltr'><strong>ἀὴρ</strong></span> <span class='ocrx_word' id='word_1_649' title='bbox 3211 3662 3365 3733; x_wconf 73' lang='grc' dir='ltr'>οὗτος</span> <span class='ocrx_word' id='word_1_650' title='bbox 3405 3670 3603 3735; x_wconf 76' lang='grc' dir='ltr'>στῦλός</span> <span class='ocrx_word' id='word_1_651' title='bbox 3643 3674 3759 3725; x_wconf 67' lang='grc' dir='ltr'>ἐστι</span> 
     </span>
    </p>
   </div>
   <div class='ocr_carea' id='block_1_85' title="bbox 2187 3759 3757 3836">
    <p class='ocr_par' dir='ltr' id='par_1_85' title="bbox 2187 3759 3757 3836">
     <span class='ocr_line' id='line_1_86' title="bbox 2187 3759 3757 3836; baseline 0.001 -20"><span class='ocrx_word' id='word_1_652' title='bbox 2187 3764 2363 3835; x_wconf 82' lang='grc' dir='ltr'>φωτός</span> <span class='ocrx_word' id='word_1_653' title='bbox 2381 3780 2396 3795; x_wconf 77' lang='grc' dir='ltr'><strong>ο</strong></span> <span class='ocrx_word' id='word_1_654' title='bbox 2414 3761 2599 3834; x_wconf 75' lang='grc' dir='ltr'>ἐπειδὴ</span> <span class='ocrx_word' id='word_1_655' title='bbox 2614 3759 2770 3832; x_wconf 86' lang='grc' dir='ltr'>γέμει</span> <span class='ocrx_word' id='word_1_656' title='bbox 2784 3759 2969 3830; x_wconf 82' lang='grc' dir='ltr'>ψυχῶν</span> <span class='ocrx_word' id='word_1_657' title='bbox 2996 3759 3102 3814; x_wconf 89' lang='grc' dir='ltr'><strong>τῶν</strong></span> <span class='ocrx_word' id='word_1_658' title='bbox 3119 3759 3588 3833; x_wconf 76' lang='grc' dir='ltr'>καθαριζομένων.</span> <span class='ocrx_word' id='word_1_659' title='bbox 3604 3762 3757 3836; x_wconf 63' lang='grc' dir='ltr'>Αὕτη</span> 
     </span>
    </p>
   </div>
   <div class='ocr_carea' id='block_1_86' title="bbox 2188 3936 3471 3995">
    <p class='ocr_par' dir='ltr' id='par_1_86' title="bbox 2188 3936 3471 3995">
     <span class='ocr_line' id='line_1_87' title="bbox 2188 3936 3471 3995; baseline -0.005 -1"><span class='ocrx_word' id='word_1_660' title='bbox 2188 3955 2341 3995; x_wconf 87' lang='lat' dir='ltr'><strong>versa</strong></span> <span class='ocrx_word' id='word_1_661' title='bbox 2368 3948 2705 3994; x_wconf 80' lang='lat' dir='ltr'><strong>mortuorum</strong></span> <span class='ocrx_word' id='word_1_662' title='bbox 2735 3937 2945 3992; x_wconf 82' lang='lat' dir='ltr'><strong>animas</strong></span> <span class='ocrx_word' id='word_1_663' title='bbox 2973 3952 3190 3991; x_wconf 88' lang='lat' dir='ltr'><strong>sursum</strong></span> <span class='ocrx_word' id='word_1_664' title='bbox 3216 3936 3411 3990; x_wconf 83' lang='lat' dir='ltr'><strong>evehit.</strong></span> <span class='ocrx_word' id='word_1_665' title='bbox 3450 3956 3471 3988; x_wconf 74' lang='grc' dir='ltr'><strong>ι</strong></span> 
     </span>
    </p>
   </div>
   <div class='ocr_carea' id='block_1_87' title="bbox 2257 4005 3749 4082">
    <p class='ocr_par' dir='ltr' id='par_1_87' title="bbox 2257 4005 3749 4082">
     <span class='ocr_line' id='line_1_88' title="bbox 2257 4005 3749 4082; baseline -0.003 -17"><span class='ocrx_word' id='word_1_666' title='bbox 2257 4010 2369 4082; x_wconf 83' lang='grc'><strong>(69)</strong></span> <span class='ocrx_word' id='word_1_667' title='bbox 2407 4009 2588 4082; x_wconf 57' lang='lat' dir='ltr'><strong>Cede;</strong></span> <span class='ocrx_word' id='word_1_668' title='bbox 2623 4007 2947 4082; x_wconf 83' lang='lat' dir='ltr'><strong>Bobiensis,_</strong></span> <span class='ocrx_word' id='word_1_669' title='bbox 2973 4025 2990 4057; x_wconf 79' lang='grc' dir='ltr'><strong>ι</strong></span> <span class='ocrx_word' id='word_1_670' title='bbox 3025 4023 3146 4076; x_wconf 72' lang='lat' dir='ltr'><strong>quae</strong></span> <span class='ocrx_word' id='word_1_671' title='bbox 3184 4022 3289 4082; x_wconf 62' lang='lat' dir='ltr'><strong>per</strong></span> <span class='ocrx_word' id='word_1_672' title='bbox 3310 4009 3448 4082; x_wconf 82' lang='lat' dir='ltr'><strong>hanc</strong></span> <span class='ocrx_word' id='word_1_673' title='bbox 3469 4005 3749 4082; x_wconf 55' lang='lat' dir='ltr'><strong>spheram</strong></span> 
     </span>
    </p>
   </div>
   <div class='ocr_carea' id='block_1_88' title="bbox 2186 4076 3753 4144">
    <p class='ocr_par' dir='ltr' id='par_1_88' title="bbox 2186 4076 3753 4144">
     <span class='ocr_line' id='line_1_89' title="bbox 2186 4076 3753 4144; baseline -0.001 -10"><span class='ocrx_word' id='word_1_674' title='bbox 2186 4076 2444 4135; x_wconf 83' lang='lat' dir='ltr'><strong>hauriens</strong></span> <span class='ocrx_word' id='word_1_675' title='bbox 2495 4079 2705 4135; x_wconf 88' lang='lat' dir='ltr'><strong>animas</strong></span> <span class='ocrx_word' id='word_1_676' title='bbox 2751 4076 3067 4131; x_wconf 87' lang='lat' dir='ltr'><strong>viventium.</strong></span> <span class='ocrx_word' id='word_1_677' title='bbox 3121 4096 3141 4129; x_wconf 75' lang='grc' dir='ltr'><strong>ι</strong></span> <span class='ocrx_word' id='word_1_678' title='bbox 3190 4076 3325 4130; x_wconf 83' lang='lat' dir='ltr'><strong>Mala</strong></span> <span class='ocrx_word' id='word_1_679' title='bbox 3359 4076 3559 4144; x_wconf 86' lang='lat' dir='ltr'><strong>lectio,</strong></span> <span class='ocrx_word' id='word_1_680' title='bbox 3602 4088 3661 4133; x_wconf 92' lang='lat' dir='ltr'><strong>ut</strong></span> <span class='ocrx_word' id='word_1_681' title='bbox 3686 4095 3753 4133; x_wconf 77' lang='lat' dir='ltr'><strong>ex</strong></span> 
     </span>
    </p>
   </div>
   <div class='ocr_carea' id='block_1_89' title="bbox 2184 4149 2749 4220">
    <p class='ocr_par' dir='ltr' id='par_1_89' title="bbox 2184 4149 2749 4220">
     <span class='ocr_line' id='line_1_90' title="bbox 2184 4149 2749 4220; baseline -0.004 -17"><span class='ocrx_word' id='word_1_682' title='bbox 2184 4149 2643 4220; x_wconf 80' lang='lat' dir='ltr'><strong>Epiphanioappa</strong></span> <span class='ocrx_word' id='word_1_683' title='bbox 2653 4156 2749 4220; x_wconf 84' lang='lat' dir='ltr'><strong>ret.</strong></span> 
     </span>
    </p>
   </div>
   <div class='ocr_carea' id='block_1_90' title="bbox 2257 4165 3462 4287">
    <p class='ocr_par' dir='ltr' id='par_1_90' title="bbox 2257 4165 3462 4287">
     <span class='ocr_line' id='line_1_91' title="bbox 2257 4165 2749 4217; baseline 0 -16"><span class='ocrx_word' id='word_1_684' title='bbox 2257 4167 2278 4202; x_wconf 76' lang='grc' dir='ltr'>ιι</span> <span class='ocrx_word' id='word_1_685' title='bbox 2322 4165 2482 4204; x_wconf 84' lang='lat' dir='ltr'><strong>nanto</strong></span> <span class='ocrx_word' id='word_1_686' title='bbox 2512 4166 2539 4203; x_wconf 92' lang='lat' dir='ltr'><strong>a</strong></span> <span class='ocrx_word' id='word_1_687' title='bbox 2583 4165 2749 4217; x_wconf 83' lang='lat' dir='ltr'><strong>paret.</strong></span> 
     </span>
     <span class='ocr_line' id='line_1_92' title="bbox 2257 4165 3462 4287; baseline -0.004 -16"><span class='ocrx_word' id='word_1_688' title='bbox 2257 4165 2369 4287; x_wconf 52' lang='lat'><strong>(90)</strong></span> <span class='ocrx_word' id='word_1_689' title='bbox 2409 4165 2762 4287; x_wconf 60' lang='lat' dir='ltr'><strong>Epipﬁanius,</strong></span> <span class='ocrx_word' id='word_1_690' title='bbox 2798 4215 2997 4277; x_wconf 84' lang='grc' dir='ltr'>λαϐὼν,</span> <span class='ocrx_word' id='word_1_691' title='bbox 3036 4232 3056 4267; x_wconf 78' lang='grc' dir='ltr'><strong>ι</strong></span> <span class='ocrx_word' id='word_1_692' title='bbox 3083 4228 3403 4287; x_wconf 68' lang='lat' dir='ltr'><strong>assumens.</strong></span> <span class='ocrx_word' id='word_1_693' title='bbox 3439 4232 3462 4266; x_wconf 73' lang='grc' dir='ltr'><strong>ι</strong></span> 
     </span>
    </p>
   </div>
   <div class='ocr_carea' id='block_1_91' title="bbox 2186 4284 3759 4413">
    <p class='ocr_par' dir='ltr' id='par_1_91' title="bbox 2186 4284 3759 4413">
     <span class='ocr_line' id='line_1_93' title="bbox 2186 4284 3759 4413; baseline -0.006 -71"><span class='ocrx_word' id='word_1_694' title='bbox 2186 4284 2366 4413; x_wconf 50' lang='grc' dir='ltr'><strong>ιθ(171)</strong></span> <span class='ocrx_word' id='word_1_695' title='bbox 2406 4284 2585 4343; x_wconf 78' lang='lat' dir='ltr'><strong>Codex</strong></span> <span class='ocrx_word' id='word_1_696' title='bbox 2630 4286 2940 4352; x_wconf 87' lang='lat' dir='ltr'><strong>Bobiensis,</strong></span> <span class='ocrx_word' id='word_1_697' title='bbox 2992 4302 3011 4337; x_wconf 72' lang='grc' dir='ltr'><strong>ι</strong></span> <span class='ocrx_word' id='word_1_698' title='bbox 3065 4284 3385 4351; x_wconf 84' lang='lat' dir='ltr'><strong>discursus,</strong></span> <span class='ocrx_word' id='word_1_699' title='bbox 3436 4302 3458 4336; x_wconf 83' lang='grc' dir='ltr'><strong><em>ι</em></strong></span> <span class='ocrx_word' id='word_1_700' title='bbox 3510 4288 3759 4355; x_wconf 66' lang='lat' dir='ltr'><strong>pessima</strong></span> 
     </span>
     <span class='ocr_line' id='line_1_94' title="bbox 2237 4374 2362 4413; baseline -0.008 0"><span class='ocrx_word' id='word_1_701' title='bbox 2237 4375 2265 4413; x_wconf 91' lang='lat' dir='ltr'><strong>c</strong></span> <span class='ocrx_word' id='word_1_702' title='bbox 2292 4374 2362 4412; x_wconf 77' lang='lat' dir='ltr'><strong>to.</strong></span> 
     </span>
    </p>
   </div>
   <div class='ocr_carea' id='block_1_92' title="bbox 2206 4358 2362 4413">
    <p class='ocr_par' dir='ltr' id='par_1_92' title="bbox 2206 4358 2362 4413">
     <span class='ocr_line' id='line_1_95' title="bbox 2206 4358 2362 4413; baseline -0.006 0"><span class='ocrx_word' id='word_1_703' title='bbox 2206 4358 2362 4413; x_wconf 89' lang='lat' dir='ltr'><strong>ectio.</strong></span> 
     </span>
    </p>
   </div>
   <div class='ocr_carea' id='block_1_93' title="bbox 523 4397 3762 4499">
    <p class='ocr_par' dir='ltr' id='par_1_93' title="bbox 523 4397 3762 4499">
     <span class='ocr_line' id='line_1_96' title="bbox 523 4397 3762 4499; baseline 0 -21"><span class='ocrx_word' id='word_1_704' title='bbox 523 4397 740 4499; x_wconf 37' lang='lat' dir='ltr'><strong>cavit.“</strong></span> <span class='ocrx_word' id='word_1_705' title='bbox 774 4424 883 4480; x_wconf 77' lang='lat' dir='ltr'><strong>Nos</strong></span> <span class='ocrx_word' id='word_1_706' title='bbox 910 4397 1229 4481; x_wconf 61' lang='lat' dir='ltr'><strong>Bobiensem</strong></span> <span class='ocrx_word' id='word_1_707' title='bbox 1260 4397 1593 4483; x_wconf 67' lang='grc' dir='ltr'><strong>οόάιέέιὲῗὲῗ</strong></span> <span class='ocrx_word' id='word_1_708' title='bbox 2115 4397 2164 4458; x_wconf 76' lang='lat' dir='ltr'><strong>D</strong></span> <span class='ocrx_word' id='word_1_709' title='bbox 2413 4425 2468 4499; x_wconf 70' lang='lat' dir='ltr'><strong>in</strong></span> <span class='ocrx_word' id='word_1_710' title='bbox 2503 4424 2688 4499; x_wconf 85' lang='lat' dir='ltr'><strong>codice</strong></span> <span class='ocrx_word' id='word_1_711' title='bbox 2714 4424 3018 4499; x_wconf 85' lang='lat' dir='ltr'><strong>Casincnsi,</strong></span> <span class='ocrx_word' id='word_1_712' title='bbox 3073 4442 3092 4476; x_wconf 80' lang='grc' dir='ltr'><strong>ι</strong></span> <span class='ocrx_word' id='word_1_713' title='bbox 3133 4423 3438 4499; x_wconf 74' lang='lat' dir='ltr'><strong>Aporrisin,</strong></span> <span class='ocrx_word' id='word_1_714' title='bbox 3472 4442 3509 4499; x_wconf 51' lang='grc' dir='ltr'>ἐ</span> <span class='ocrx_word' id='word_1_715' title='bbox 3553 4425 3762 4499; x_wconf 73' lang='lat' dir='ltr'><strong>scribi-</strong></span> 
     </span>
    </p>
   </div>
   <div class='ocr_carea' id='block_1_94' title="bbox 523 4503 2084 4635">
    <p class='ocr_par' dir='ltr' id='par_1_94' title="bbox 523 4503 2084 4635">
     <span class='ocr_line' id='line_1_97' title="bbox 523 4503 2084 4635; baseline 0.004 -20"><span class='ocrx_word' id='word_1_716' title='bbox 523 4503 882 4635; x_wconf 49' lang='lat' dir='ltr'><strong>marginimé</strong></span> <span class='ocrx_word' id='word_1_717' title='bbox 906 4564 1073 4619; x_wconf 82' lang='lat' dir='ltr'><strong>codex</strong></span> <span class='ocrx_word' id='word_1_718' title='bbox 1110 4563 1411 4635; x_wconf 66' lang='lat' dir='ltr'><strong>Bobiensia,</strong></span> <span class='ocrx_word' id='word_1_719' title='bbox 1448 4585 1468 4619; x_wconf 75' lang='grc' dir='ltr'><strong>ι</strong></span> <span class='ocrx_word' id='word_1_720' title='bbox 1503 4576 1556 4623; x_wconf 91' lang='lat' dir='ltr'><strong>et</strong></span> <span class='ocrx_word' id='word_1_721' title='bbox 1588 4569 1730 4624; x_wconf 82' lang='lat' dir='ltr'><strong>vexit</strong></span> <span class='ocrx_word' id='word_1_722' title='bbox 1763 4567 1996 4622; x_wconf 83' lang='lat' dir='ltr'><strong>animam</strong></span> <span class='ocrx_word' id='word_1_723' title='bbox 2028 4568 2084 4622; x_wconf 91' lang='lat' dir='ltr'><strong>in</strong></span> 
     </span>
    </p>
   </div>
   <div class='ocr_carea' id='block_1_95' title="bbox 522 4636 2082 4708">
    <p class='ocr_par' dir='ltr' id='par_1_95' title="bbox 522 4636 2082 4708">
     <span class='ocr_line' id='line_1_98' title="bbox 522 4636 2082 4708; baseline 0.001 -18"><span class='ocrx_word' id='word_1_724' title='bbox 522 4649 699 4708; x_wconf 48' lang='grc' dir='ltr'>θος)</span> <span class='ocrx_word' id='word_1_725' title='bbox 750 4649 912 4703; x_wconf 88' lang='lat' dir='ltr'><strong>quam</strong></span> <span class='ocrx_word' id='word_1_726' title='bbox 958 4636 1382 4708; x_wconf 88' lang='lat' dir='ltr'><strong>lectionemnon</strong></span> <span class='ocrx_word' id='word_1_727' title='bbox 1427 4638 1671 4708; x_wconf 86' lang='lat' dir='ltr'><strong>sequitur</strong></span> <span class='ocrx_word' id='word_1_728' title='bbox 1697 4638 2029 4708; x_wconf 86' lang='lat' dir='ltr'><strong>Epiphanius</strong></span> <span class='ocrx_word' id='word_1_729' title='bbox 2067 4655 2082 4692; x_wconf 93' lang='lat'><strong>:</strong></span> 
     </span>
    </p>
   </div>
   <div class='ocr_carea' id='block_1_96' title="bbox 523 4704 2087 4773">
    <p class='ocr_par' dir='ltr' id='par_1_96' title="bbox 523 4704 2087 4773">
     <span class='ocr_line' id='line_1_99' title="bbox 523 4704 2087 4773; baseline 0.002 -15"><span class='ocrx_word' id='word_1_730' title='bbox 523 4704 881 4773; x_wconf 80' lang='lat' dir='ltr'><strong>subditurque</strong></span> <span class='ocrx_word' id='word_1_731' title='bbox 928 4707 1066 4773; x_wconf 87' lang='lat' dir='ltr'><strong>apud</strong></span> <span class='ocrx_word' id='word_1_732' title='bbox 1101 4707 1382 4773; x_wconf 87' lang='lat' dir='ltr'><strong>eumdem,</strong></span> <span class='ocrx_word' id='word_1_733' title='bbox 1423 4726 1442 4759; x_wconf 78' lang='grc' dir='ltr'><strong>ι</strong></span> <span class='ocrx_word' id='word_1_734' title='bbox 1488 4704 1553 4761; x_wconf 91' lang='lat' dir='ltr'><strong>Et</strong></span> <span class='ocrx_word' id='word_1_735' title='bbox 1586 4710 1696 4763; x_wconf 65' lang='lat' dir='ltr'><strong>hmc</strong></span> <span class='ocrx_word' id='word_1_736' title='bbox 1741 4704 2087 4763; x_wconf 47' lang='lat' dir='ltr'><strong>es&#39;t&#39;eommi-</strong></span> 
     </span>
    </p>
   </div>
   <div class='ocr_carea' id='block_1_97' title="bbox 2188 4492 3760 4563">
    <p class='ocr_par' dir='ltr' id='par_1_97' title="bbox 2188 4492 3760 4563">
     <span class='ocr_line' id='line_1_100' title="bbox 2188 4492 3760 4563; baseline -0.003 -11"><span class='ocrx_word' id='word_1_737' title='bbox 2188 4492 2308 4563; x_wconf 62' lang='lat' dir='ltr'><strong>tut‘;</strong></span> <span class='ocrx_word' id='word_1_738' title='bbox 2345 4492 2438 4551; x_wconf 79' lang='lat' dir='ltr'><strong>sed</strong></span> <span class='ocrx_word' id='word_1_739' title='bbox 2468 4511 2565 4550; x_wconf 91' lang='lat' dir='ltr'><strong>nos</strong></span> <span class='ocrx_word' id='word_1_740' title='bbox 2595 4495 2769 4548; x_wconf 89' lang='lat' dir='ltr'><strong>locum</strong></span> <span class='ocrx_word' id='word_1_741' title='bbox 2799 4495 3129 4550; x_wconf 86' lang='lat' dir='ltr'><strong>restitnimus</strong></span> <span class='ocrx_word' id='word_1_742' title='bbox 3159 4492 3223 4548; x_wconf 79' lang='lat' dir='ltr'><strong>ex</strong></span> <span class='ocrx_word' id='word_1_743' title='bbox 3251 4493 3437 4547; x_wconf 88' lang='lat' dir='ltr'><strong>codice</strong></span> <span class='ocrx_word' id='word_1_744' title='bbox 3472 4492 3760 4560; x_wconf 85' lang='lat' dir='ltr'><strong>Bobiensi,</strong></span> 
     </span>
    </p>
   </div>
   <div class='ocr_carea' id='block_1_98' title="bbox 2185 4564 3761 4653">
    <p class='ocr_par' dir='ltr' id='par_1_98' title="bbox 2185 4564 3761 4653">
     <span class='ocr_line' id='line_1_101' title="bbox 2185 4564 3761 4653; baseline -0.001 -33"><span class='ocrx_word' id='word_1_745' title='bbox 2185 4568 2239 4653; x_wconf 71' lang='lat' dir='ltr'><strong>in</strong></span> <span class='ocrx_word' id='word_1_746' title='bbox 2276 4582 2384 4653; x_wconf 69' lang='lat' dir='ltr'><strong>qno</strong></span> <span class='ocrx_word' id='word_1_747' title='bbox 2432 4584 2450 4617; x_wconf 82' lang='grc' dir='ltr'><strong>ι</strong></span> <span class='ocrx_word' id='word_1_748' title='bbox 2501 4564 2805 4653; x_wconf 73' lang='lat' dir='ltr'><strong>Apocrusin</strong></span> <span class='ocrx_word' id='word_1_749' title='bbox 2850 4584 2869 4618; x_wconf 74' lang='grc' dir='ltr'><strong>ι</strong></span> <span class='ocrx_word' id='word_1_750' title='bbox 2904 4565 3326 4653; x_wconf 43' lang='lat' dir='ltr'><strong>recte-legitur,</strong></span> <span class='ocrx_word' id='word_1_751' title='bbox 3375 4565 3501 4618; x_wconf 91' lang='lat' dir='ltr'><strong>licet</strong></span> <span class='ocrx_word' id='word_1_752' title='bbox 3540 4564 3598 4618; x_wconf 87' lang='lat' dir='ltr'><strong>in</strong></span> <span class='ocrx_word' id='word_1_753' title='bbox 3636 4567 3761 4619; x_wconf 78' lang='lat' dir='ltr'><strong>aliis</strong></span> 
     </span>
    </p>
   </div>
   <div class='ocr_carea' id='block_1_99' title="bbox 2186 4634 3756 4706">
    <p class='ocr_par' dir='ltr' id='par_1_99' title="bbox 2186 4634 3756 4706">
     <span class='ocr_line' id='line_1_102' title="bbox 2186 4634 3756 4706; baseline -0.001 -15"><span class='ocrx_word' id='word_1_754' title='bbox 2186 4634 2801 4706; x_wconf 57' lang='lat' dir='ltr'><strong>hic&#39;depravatissimns</strong></span> <span class='ocrx_word' id='word_1_755' title='bbox 2855 4634 3098 4706; x_wconf 59' lang='lat' dir='ltr'><strong>exsistat.</strong></span> <span class='ocrx_word' id='word_1_756' title='bbox 3152 4634 3509 4706; x_wconf 60' lang='grc' dir='ltr'>Ῐᾼπόκρουσιν</span> <span class='ocrx_word' id='word_1_757' title='bbox 3567 4646 3756 4706; x_wconf 70' lang='lat' dir='ltr'><strong>autem</strong></span> 
     </span>
    </p>
   </div>
   <div class='ocr_carea' id='block_1_100' title="bbox 2183 4703 3758 4774">
    <p class='ocr_par' dir='ltr' id='par_1_100' title="bbox 2183 4703 3758 4774">
     <span class='ocr_line' id='line_1_103' title="bbox 2183 4703 3758 4774; baseline 0.002 -15"><span class='ocrx_word' id='word_1_758' title='bbox 2183 4703 2492 4761; x_wconf 78' lang='lat' dir='ltr'><strong>Alexandro</strong></span> <span class='ocrx_word' id='word_1_759' title='bbox 2519 4704 2947 4774; x_wconf 81' lang='lat' dir='ltr'><strong>Aphrodisiensi,</strong></span> <span class='ocrx_word' id='word_1_760' title='bbox 2971 4715 3025 4758; x_wconf 88' lang='lat' dir='ltr'><strong>et</strong></span> <span class='ocrx_word' id='word_1_761' title='bbox 3048 4703 3320 4757; x_wconf 90' lang='lat' dir='ltr'><strong>Tralliano</strong></span> <span class='ocrx_word' id='word_1_762' title='bbox 3344 4704 3547 4756; x_wconf 88' lang='lat' dir='ltr'><strong>dicitur</strong></span> <span class='ocrx_word' id='word_1_763' title='bbox 3575 4704 3758 4761; x_wconf 82' lang='lat' dir='ltr'><strong>facere</strong></span> 
     </span>
    </p>
   </div>
   <div class='ocr_carea' id='block_1_101' title="bbox 523 4775 3630 4847">
    <p class='ocr_par' dir='ltr' id='par_1_101' title="bbox 523 4775 3630 4847">
     <span class='ocr_line' id='line_1_104' title="bbox 523 4775 3630 4847; baseline 0.001 -21"><span class='ocrx_word' id='word_1_764' title='bbox 523 4775 713 4847; x_wconf 72' lang='lat' dir='ltr'><strong>stionis</strong></span> <span class='ocrx_word' id='word_1_765' title='bbox 760 4775 927 4847; x_wconf 85' lang='lat' dir='ltr'><strong>ratio;</strong></span> <span class='ocrx_word' id='word_1_766' title='bbox 971 4794 991 4826; x_wconf 76' lang='grc' dir='ltr'><strong>ι</strong></span> <span class='ocrx_word' id='word_1_767' title='bbox 1030 4790 1147 4847; x_wconf 78' lang='lat' dir='ltr'><strong>qua:</strong></span> <span class='ocrx_word' id='word_1_768' title='bbox 1196 4778 1359 4832; x_wconf 85' lang='lat' dir='ltr'><strong>verba</strong></span> <span class='ocrx_word' id='word_1_769' title='bbox 1394 4779 1460 4832; x_wconf 89' lang='lat' dir='ltr'><strong>de</strong></span> <span class='ocrx_word' id='word_1_770' title='bbox 1487 4793 1587 4833; x_wconf 92' lang='lat' dir='ltr'><strong>suo</strong></span> <span class='ocrx_word' id='word_1_771' title='bbox 1623 4778 1853 4835; x_wconf 81' lang='lat' dir='ltr'><strong>fortasse</strong></span> <span class='ocrx_word' id='word_1_772' title='bbox 1882 4778 2087 4835; x_wconf 86' lang='lat' dir='ltr'><strong>addidit</strong></span> <span class='ocrx_word' id='word_1_773' title='bbox 2184 4777 2333 4840; x_wconf 90' lang='lat' dir='ltr'><strong>luna,</strong></span> <span class='ocrx_word' id='word_1_774' title='bbox 2369 4791 2490 4847; x_wconf 89' lang='lat' dir='ltr'><strong>cum</strong></span> <span class='ocrx_word' id='word_1_775' title='bbox 2525 4775 2782 4847; x_wconf 82' lang='lat' dir='ltr'><strong>decrescit</strong></span> <span class='ocrx_word' id='word_1_776' title='bbox 2802 4789 2903 4847; x_wconf 72' lang='lat' dir='ltr'><strong>seu</strong></span> <span class='ocrx_word' id='word_1_777' title='bbox 2934 4775 3183 4847; x_wconf 87' lang='lat' dir='ltr'><strong>senescit,</strong></span> <span class='ocrx_word' id='word_1_778' title='bbox 3218 4784 3490 4847; x_wconf 79' lang='lat' dir='ltr'><strong>iit-notum</strong></span> <span class='ocrx_word' id='word_1_779' title='bbox 3517 4782 3630 4828; x_wconf 87' lang='lat' dir='ltr'><strong>est.</strong></span> 
     </span>
    </p>
   </div>
   <div class='ocr_carea' id='block_1_102' title="bbox 523 4843 875 4914">
    <p class='ocr_par' dir='ltr' id='par_1_102' title="bbox 523 4843 875 4914">
     <span class='ocr_line' id='line_1_105' title="bbox 523 4843 875 4914; baseline 0.009 -19"><span class='ocrx_word' id='word_1_780' title='bbox 523 4843 875 4914; x_wconf 79' lang='lat' dir='ltr'><strong>Epiphanius.</strong></span> 
     </span>
    </p>
   </div>
   <div class='ocr_carea' id='block_1_103' title="bbox 596 4912 1668 4984">
    <p class='ocr_par' dir='ltr' id='par_1_103' title="bbox 596 4912 1668 4984">
     <span class='ocr_line' id='line_1_106' title="bbox 596 4912 1668 4984; baseline 0.007 -19"><span class='ocrx_word' id='word_1_781' title='bbox 596 4912 707 4983; x_wconf 69' lang='grc'><strong>(64»</strong></span> <span class='ocrx_word' id='word_1_782' title='bbox 746 4915 923 4984; x_wconf 82' lang='lat' dir='ltr'><strong>Codex</strong></span> <span class='ocrx_word' id='word_1_783' title='bbox 963 4912 1266 4984; x_wconf 81' lang='lat' dir='ltr'><strong>Bobiensis,</strong></span> <span class='ocrx_word' id='word_1_784' title='bbox 1305 4934 1323 4966; x_wconf 77' lang='grc' dir='ltr'><strong>ι</strong></span> <span class='ocrx_word' id='word_1_785' title='bbox 1356 4916 1446 4984; x_wconf 88' lang='lat' dir='ltr'><strong>qui</strong></span> <span class='ocrx_word' id='word_1_786' title='bbox 1481 4927 1583 4972; x_wconf 86' lang='lat' dir='ltr'><strong>est.</strong></span> <span class='ocrx_word' id='word_1_787' title='bbox 1625 4938 1668 4972; x_wconf 80' lang='grc' dir='ltr'>ι.</span> 
     </span>
    </p>
   </div>
   <div class='ocr_carea' id='block_1_104' title="bbox 592 4982 2087 5057">
    <p class='ocr_par' dir='ltr' id='par_1_104' title="bbox 592 4982 2087 5057">
     <span class='ocr_line' id='line_1_107' title="bbox 592 4982 2087 5057; baseline 0.006 -23"><span class='ocrx_word' id='word_1_788' title='bbox 592 4982 705 5057; x_wconf 72' lang='grc' dir='ltr'><strong>(ϋᾷ)</strong></span> <span class='ocrx_word' id='word_1_789' title='bbox 738 4983 818 5057; x_wconf 14' lang='lat' dir='ltr'><strong>Alta</strong></span> <span class='ocrx_word' id='word_1_790' title='bbox 848 4985 971 5057; x_wconf 69' lang='lat' dir='ltr'><strong>cod.</strong></span> <span class='ocrx_word' id='word_1_791' title='bbox 997 4982 1298 5050; x_wconf 88' lang='lat' dir='ltr'><strong>Bobiensis,</strong></span> <span class='ocrx_word' id='word_1_792' title='bbox 1329 4982 1386 5040; x_wconf 67' lang='lat' dir='ltr'><strong>et</strong></span> <span class='ocrx_word' id='word_1_793' title='bbox 1407 4985 1755 5057; x_wconf 80' lang='lat' dir='ltr'><strong>Epiphanius.</strong></span> <span class='ocrx_word' id='word_1_794' title='bbox 1774 4987 2087 5043; x_wconf 87' lang='lat' dir='ltr'><strong>Casinensis</strong></span> 
     </span>
    </p>
   </div>
   <div class='ocr_carea' id='block_1_105' title="bbox 521 5054 1230 5107">
    <p class='ocr_par' dir='ltr' id='par_1_105' title="bbox 521 5054 1230 5107">
     <span class='ocr_line' id='line_1_108' title="bbox 521 5054 1230 5107; baseline 0 0"><span class='ocrx_word' id='word_1_795' title='bbox 521 5054 631 5107; x_wconf 85' lang='lat' dir='ltr'><strong>non</strong></span> <span class='ocrx_word' id='word_1_796' title='bbox 663 5054 822 5106; x_wconf 71' lang='lat' dir='ltr'><strong>habet</strong></span> <span class='ocrx_word' id='word_1_797' title='bbox 854 5072 871 5105; x_wconf 82' lang='grc' dir='ltr'><strong>ι</strong></span> <span class='ocrx_word' id='word_1_798' title='bbox 904 5055 1175 5107; x_wconf 82' lang='lat' dir='ltr'><strong>dilectum.</strong></span> <span class='ocrx_word' id='word_1_799' title='bbox 1212 5072 1230 5106; x_wconf 72' lang='grc' dir='ltr'><strong>ι</strong></span> 
     </span>
    </p>
   </div>
   <div class='ocr_carea' id='block_1_106' title="bbox 599 5121 2089 5196">
    <p class='ocr_par' dir='ltr' id='par_1_106' title="bbox 599 5121 2089 5196">
     <span class='ocr_line' id='line_1_109' title="bbox 599 5121 2089 5196; baseline 0.002 -20"><span class='ocrx_word' id='word_1_800' title='bbox 599 5122 709 5196; x_wconf 79' lang='grc'><strong>(66)</strong></span> <span class='ocrx_word' id='word_1_801' title='bbox 748 5121 985 5196; x_wconf 79' lang='lat' dir='ltr'><strong>Uterque</strong></span> <span class='ocrx_word' id='word_1_802' title='bbox 1015 5125 1203 5189; x_wconf 77' lang='lat' dir='ltr'><strong>codex,</strong></span> <span class='ocrx_word' id='word_1_803' title='bbox 1238 5143 1256 5175; x_wconf 77' lang='grc' dir='ltr'><strong>ι</strong></span> <span class='ocrx_word' id='word_1_804' title='bbox 1288 5133 1338 5179; x_wconf 90' lang='lat' dir='ltr'><strong>et</strong></span> <span class='ocrx_word' id='word_1_805' title='bbox 1368 5125 1605 5193; x_wconf 84' lang='lat' dir='ltr'><strong>parebat.</strong></span> <span class='ocrx_word' id='word_1_806' title='bbox 1643 5145 1662 5178; x_wconf 82' lang='grc'><strong>›</strong></span> <span class='ocrx_word' id='word_1_807' title='bbox 1699 5125 1802 5181; x_wconf 88' lang='lat' dir='ltr'><strong>Sed</strong></span> <span class='ocrx_word' id='word_1_808' title='bbox 1832 5142 1931 5182; x_wconf 91' lang='lat' dir='ltr'><strong>nos</strong></span> <span class='ocrx_word' id='word_1_809' title='bbox 1962 5125 2089 5196; x_wconf 86' lang='lat' dir='ltr'><strong>Epi-</strong></span> 
     </span>
    </p>
   </div>
   <div class='ocr_carea' id='block_1_107' title="bbox 531 5191 1415 5262">
    <p class='ocr_par' dir='ltr' id='par_1_107' title="bbox 531 5191 1415 5262">
     <span class='ocr_line' id='line_1_110' title="bbox 531 5191 1415 5262; baseline 0.001 -17"><span class='ocrx_word' id='word_1_810' title='bbox 531 5191 717 5262; x_wconf 87' lang='lat' dir='ltr'><strong>phanii</strong></span> <span class='ocrx_word' id='word_1_811' title='bbox 746 5191 1027 5247; x_wconf 81' lang='lat' dir='ltr'><strong>lectionem</strong></span> <span class='ocrx_word' id='word_1_812' title='bbox 1065 5191 1415 5262; x_wconf 68' lang='lat' dir='ltr'><strong>przetulimus.</strong></span> 
     </span>
    </p>
   </div>
   <div class='ocr_carea' id='block_1_108' title="bbox 604 5262 2090 5335">
    <p class='ocr_par' dir='ltr' id='par_1_108' title="bbox 604 5262 2090 5335">
     <span class='ocr_line' id='line_1_111' title="bbox 604 5262 2090 5335; baseline 0.003 -21"><span class='ocrx_word' id='word_1_813' title='bbox 604 5263 714 5332; x_wconf 87' lang='lat'><strong>(67)</strong></span> <span class='ocrx_word' id='word_1_814' title='bbox 755 5264 934 5317; x_wconf 76' lang='lat' dir='ltr'><strong>Codex</strong></span> <span class='ocrx_word' id='word_1_815' title='bbox 964 5262 1266 5332; x_wconf 85' lang='lat' dir='ltr'><strong>Bobiensis,</strong></span> <span class='ocrx_word' id='word_1_816' title='bbox 1295 5272 1553 5334; x_wconf 79' lang='lat' dir='ltr'><strong>probante</strong></span> <span class='ocrx_word' id='word_1_817' title='bbox 1581 5263 1899 5333; x_wconf 87' lang='lat' dir='ltr'><strong>Epiphanio,</strong></span> <span class='ocrx_word' id='word_1_818' title='bbox 1935 5285 1952 5317; x_wconf 81' lang='grc' dir='ltr'><strong>ι</strong></span> <span class='ocrx_word' id='word_1_819' title='bbox 1991 5282 2090 5335; x_wconf 86' lang='lat' dir='ltr'><strong>pn-</strong></span> 
     </span>
    </p>
   </div>
   <div class='ocr_carea' id='block_1_109' title="bbox 532 5332 2089 5402">
    <p class='ocr_par' dir='ltr' id='par_1_109' title="bbox 532 5332 2089 5402">
     <span class='ocr_line' id='line_1_112' title="bbox 532 5332 2089 5402; baseline 0.001 -16"><span class='ocrx_word' id='word_1_820' title='bbox 532 5332 715 5387; x_wconf 84' lang='lat' dir='ltr'><strong>tabant</strong></span> <span class='ocrx_word' id='word_1_821' title='bbox 741 5349 865 5387; x_wconf 88' lang='lat' dir='ltr'><strong>eum</strong></span> <span class='ocrx_word' id='word_1_822' title='bbox 895 5345 1081 5387; x_wconf 89' lang='lat' dir='ltr'><strong>natum</strong></span> <span class='ocrx_word' id='word_1_823' title='bbox 1109 5351 1247 5390; x_wconf 84' lang='lat' dir='ltr'><strong>esse.</strong></span> <span class='ocrx_word' id='word_1_824' title='bbox 1285 5332 1309 5386; x_wconf 68' lang='grc'><em>5</em></span> <span class='ocrx_word' id='word_1_825' title='bbox 1340 5332 1651 5389; x_wconf 85' lang='lat' dir='ltr'><strong>Casinensis</strong></span> <span class='ocrx_word' id='word_1_826' title='bbox 1679 5332 1838 5402; x_wconf 86' lang='lat' dir='ltr'><strong>male,</strong></span> <span class='ocrx_word' id='word_1_827' title='bbox 1877 5354 1894 5387; x_wconf 79' lang='grc' dir='ltr'><strong>ι</strong></span> <span class='ocrx_word' id='word_1_828' title='bbox 1930 5332 2089 5390; x_wconf 75' lang='lat' dir='ltr'><strong>natii-</strong></span> 
     </span>
    </p>
   </div>
   <div class='ocr_carea' id='block_1_110' title="bbox 530 5416 869 5458">
    <p class='ocr_par' dir='ltr' id='par_1_110' title="bbox 530 5416 869 5458">
     <span class='ocr_line' id='line_1_113' title="bbox 530 5416 869 5458; baseline 0.003 -4"><span class='ocrx_word' id='word_1_829' title='bbox 530 5416 643 5455; x_wconf 84' lang='lat' dir='ltr'><strong>ram</strong></span> <span class='ocrx_word' id='word_1_830' title='bbox 671 5418 808 5458; x_wconf 88' lang='lat' dir='ltr'><strong>esse.</strong></span> <span class='ocrx_word' id='word_1_831' title='bbox 850 5422 869 5455; x_wconf 76' lang='grc' dir='ltr'><strong>Ι</strong></span> 
     </span>
    </p>
   </div>
   <div class='ocr_carea' id='block_1_111' title="bbox 580 5471 2089 5545">
    <p class='ocr_par' dir='ltr' id='par_1_111' title="bbox 580 5471 2089 5545">
     <span class='ocr_line' id='line_1_114' title="bbox 580 5471 2089 5545; baseline -0.01 -14"><span class='ocrx_word' id='word_1_832' title='bbox 580 5471 713 5545; x_wconf 69' lang='grc' dir='ltr'><strong>ξ(68)</strong></span> <span class='ocrx_word' id='word_1_833' title='bbox 753 5473 931 5545; x_wconf 84' lang='lat' dir='ltr'><strong>Codex</strong></span> <span class='ocrx_word' id='word_1_834' title='bbox 968 5473 1267 5545; x_wconf 63' lang='lat' dir='ltr'><strong>Ephiensis.</strong></span> <span class='ocrx_word' id='word_1_835' title='bbox 1303 5494 1321 5526; x_wconf 75' lang='grc' dir='ltr'><strong>ι</strong></span> <span class='ocrx_word' id='word_1_836' title='bbox 1354 5474 1759 5545; x_wconf 88' lang='lat' dir='ltr'><strong>concinnatum.</strong></span> <span class='ocrx_word' id='word_1_837' title='bbox 1795 5492 1814 5525; x_wconf 77' lang='grc' dir='ltr'><strong>ι</strong></span> <span class='ocrx_word' id='word_1_838' title='bbox 1852 5473 2089 5545; x_wconf 71' lang='grc' dir='ltr'>Ερίριιι.</span> 
     </span>
    </p>
   </div>
   <div class='ocr_carea' id='block_1_112' title="bbox 533 5540 2092 5615">
    <p class='ocr_par' dir='ltr' id='par_1_112' title="bbox 533 5540 2092 5615">
     <span class='ocr_line' id='line_1_115' title="bbox 533 5540 2092 5615; baseline 0.004 -23"><span class='ocrx_word' id='word_1_839' title='bbox 533 5540 656 5595; x_wconf 83' lang='lat' dir='ltr'><strong>nius</strong></span> <span class='ocrx_word' id='word_1_840' title='bbox 689 5540 849 5615; x_wconf 78' lang='lat' dir='ltr'><strong>habet</strong></span> <span class='ocrx_word' id='word_1_841' title='bbox 875 5562 887 5598; x_wconf 87' lang='lat'><strong>:</strong></span> <span class='ocrx_word' id='word_1_842' title='bbox 924 5563 943 5595; x_wconf 81' lang='grc' dir='ltr'><strong>ι</strong></span> <span class='ocrx_word' id='word_1_843' title='bbox 980 5541 1211 5600; x_wconf 84' lang='lat' dir='ltr'><strong>Veniens</strong></span> <span class='ocrx_word' id='word_1_844' title='bbox 1239 5545 1398 5615; x_wconf 76' lang='lat' dir='ltr'><strong>igitur</strong></span> <span class='ocrx_word' id='word_1_845' title='bbox 1425 5560 1560 5612; x_wconf 89' lang='lat' dir='ltr'><strong>opus</strong></span> <span class='ocrx_word' id='word_1_846' title='bbox 1590 5544 1857 5613; x_wconf 85' lang='lat' dir='ltr'><strong>quoddam</strong></span> <span class='ocrx_word' id='word_1_847' title='bbox 1886 5540 2092 5599; x_wconf 51' lang='lat' dir='ltr'><strong>ad&#39;ani-</strong></span> 
     </span>
    </p>
   </div>
   <div class='ocr_carea' id='block_1_113' title="bbox 534 5613 2091 5689">
    <p class='ocr_par' dir='ltr' id='par_1_113' title="bbox 534 5613 2091 5689">
     <span class='ocr_line' id='line_1_116' title="bbox 534 5613 2091 5689; baseline 0.003 -26"><span class='ocrx_word' id='word_1_848' title='bbox 534 5624 757 5689; x_wconf 78' lang='lat' dir='ltr'><strong>marum</strong></span> <span class='ocrx_word' id='word_1_849' title='bbox 777 5613 1005 5689; x_wconf 83' lang='lat' dir='ltr'><strong>salutem</strong></span> <span class='ocrx_word' id='word_1_850' title='bbox 1040 5613 1388 5689; x_wconf 27' lang='lat' dir='ltr'><strong>molitns‘est,</strong></span> <span class='ocrx_word' id='word_1_851' title='bbox 1422 5626 1473 5667; x_wconf 78' lang='lat' dir='ltr'><strong>et</strong></span> <span class='ocrx_word' id='word_1_852' title='bbox 1509 5615 1810 5689; x_wconf 85' lang='lat' dir='ltr'><strong>machinam</strong></span> <span class='ocrx_word' id='word_1_853' title='bbox 1844 5625 2091 5670; x_wconf 86' lang='lat' dir='ltr'><strong>constru—</strong></span> 
     </span>
    </p>
   </div>
   <div class='ocr_carea' id='block_1_114' title="bbox 515 5681 2089 5768">
    <p class='ocr_par' dir='ltr' id='par_1_114' title="bbox 515 5681 2089 5768">
     <span class='ocr_line' id='line_1_117' title="bbox 515 5681 2089 5768; baseline 0.002 -30"><span class='ocrx_word' id='word_1_854' title='bbox 515 5681 633 5768; x_wconf 48' lang='grc' dir='ltr'><strong>μὴ,</strong></span> <span class='ocrx_word' id='word_1_855' title='bbox 663 5681 825 5736; x_wconf 84' lang='lat' dir='ltr'><strong>cados</strong></span> <span class='ocrx_word' id='word_1_856' title='bbox 851 5684 1133 5739; x_wconf 81' lang='lat' dir='ltr'><strong>duodecim</strong></span> <span class='ocrx_word' id='word_1_857' title='bbox 1170 5686 1474 5751; x_wconf 77' lang='lat' dir='ltr'><strong>habentem,</strong></span> <span class='ocrx_word' id='word_1_858' title='bbox 1509 5701 1628 5755; x_wconf 70' lang='lat' dir='ltr'><strong>qua:</strong></span> <span class='ocrx_word' id='word_1_859' title='bbox 1655 5702 1683 5738; x_wconf 89' lang='lat' dir='ltr'><strong>a</strong></span> <span class='ocrx_word' id='word_1_860' title='bbox 1720 5687 1928 5755; x_wconf 71' lang='lat' dir='ltr'><strong>sphaera</strong></span> <span class='ocrx_word' id='word_1_861' title='bbox 1956 5703 2089 5742; x_wconf 68' lang='lat' dir='ltr'><strong>cono</strong></span> 
     </span>
    </p>
   </div>
   <div class='ocr_carea' id='block_1_115' title="bbox 2259 4843 3460 4918">
    <p class='ocr_par' dir='ltr' id='par_1_115' title="bbox 2259 4843 3460 4918">
     <span class='ocr_line' id='line_1_118' title="bbox 2259 4843 3460 4918; baseline -0.007 -17"><span class='ocrx_word' id='word_1_862' title='bbox 2259 4846 2370 4918; x_wconf 60' lang='lat'><strong>(75)</strong></span> <span class='ocrx_word' id='word_1_863' title='bbox 2412 4845 2739 4918; x_wconf 73' lang='lat' dir='ltr'><strong>Epiphanius</strong></span> <span class='ocrx_word' id='word_1_864' title='bbox 2768 4843 2928 4918; x_wconf 71' lang='grc' dir='ltr'>οὕτω,</span> <span class='ocrx_word' id='word_1_865' title='bbox 2960 4862 2978 4893; x_wconf 82' lang='grc' dir='ltr'><strong>ι</strong></span> <span class='ocrx_word' id='word_1_866' title='bbox 3011 4854 3063 4918; x_wconf 74' lang='lat' dir='ltr'><strong>et</strong></span> <span class='ocrx_word' id='word_1_867' title='bbox 3094 4845 3165 4918; x_wconf 85' lang='lat' dir='ltr'><strong>ita</strong></span> <span class='ocrx_word' id='word_1_868' title='bbox 3197 4844 3407 4918; x_wconf 64' lang='lat' dir='ltr'><strong>repleri.</strong></span> <span class='ocrx_word' id='word_1_869' title='bbox 3442 4862 3460 4893; x_wconf 73' lang='grc' dir='ltr'><strong>ι</strong></span> 
     </span>
    </p>
   </div>
   <div class='ocr_carea' id='block_1_116' title="bbox 2283 4913 3755 4985">
    <p class='ocr_par' dir='ltr' id='par_1_116' title="bbox 2283 4913 3755 4985">
     <span class='ocr_line' id='line_1_119' title="bbox 2283 4913 3755 4985; baseline 0.001 -18"><span class='ocrx_word' id='word_1_870' title='bbox 2283 4913 2369 4973; x_wconf 72' lang='grc'><strong>74)</strong></span> <span class='ocrx_word' id='word_1_871' title='bbox 2411 4913 2553 4969; x_wconf 81' lang='lat' dir='ltr'><strong>Idem</strong></span> <span class='ocrx_word' id='word_1_872' title='bbox 2581 4913 2941 4983; x_wconf 78' lang='lat' dir='ltr'><strong>Epiphanius,</strong></span> <span class='ocrx_word' id='word_1_873' title='bbox 2976 4913 3076 4985; x_wconf 80' lang='grc' dir='ltr'>τῆς</span> <span class='ocrx_word' id='word_1_874' title='bbox 3100 4914 3304 4985; x_wconf 64' lang='grc' dir='ltr'>ψυχῆς,</span> <span class='ocrx_word' id='word_1_875' title='bbox 3361 4931 3380 4963; x_wconf 74' lang='grc' dir='ltr'>ί</span> <span class='ocrx_word' id='word_1_876' title='bbox 3434 4913 3678 4981; x_wconf 71' lang='lat' dir='ltr'><strong>animae;</strong></span> <span class='ocrx_word' id='word_1_877' title='bbox 3735 4934 3755 4967; x_wconf 69' lang='grc' dir='ltr'><strong>ι</strong></span> 
     </span>
    </p>
   </div>
   <div class='ocr_carea' id='block_1_117' title="bbox 2188 4984 3762 5054">
    <p class='ocr_par' dir='ltr' id='par_1_117' title="bbox 2188 4984 3762 5054">
     <span class='ocr_line' id='line_1_120' title="bbox 2188 4984 3762 5054; baseline -0.001 -13"><span class='ocrx_word' id='word_1_878' title='bbox 2188 4984 2279 5041; x_wconf 89' lang='lat' dir='ltr'><strong>sed</strong></span> <span class='ocrx_word' id='word_1_879' title='bbox 2307 5003 2371 5039; x_wconf 82' lang='lat' dir='ltr'><strong>ex</strong></span> <span class='ocrx_word' id='word_1_880' title='bbox 2404 4985 2565 5054; x_wconf 83' lang='lat' dir='ltr'><strong>hujus</strong></span> <span class='ocrx_word' id='word_1_881' title='bbox 2608 4984 2815 5053; x_wconf 86' lang='lat' dir='ltr'><strong>antiqui</strong></span> <span class='ocrx_word' id='word_1_882' title='bbox 2851 4984 3457 5053; x_wconf 71' lang='lat' dir='ltr'><strong>interpretisversione</strong></span> <span class='ocrx_word' id='word_1_883' title='bbox 3500 4985 3669 5039; x_wconf 86' lang='lat' dir='ltr'><strong>debet</strong></span> <span class='ocrx_word' id='word_1_884' title='bbox 3704 5001 3762 5039; x_wconf 75' lang='lat' dir='ltr'><strong>e-</strong></span> 
     </span>
    </p>
   </div>
   <div class='ocr_carea' id='block_1_118' title="bbox 2187 5057 2454 5112">
    <p class='ocr_par' dir='ltr' id='par_1_118' title="bbox 2187 5057 2454 5112">
     <span class='ocr_line' id='line_1_121' title="bbox 2187 5057 2454 5112; baseline 0.007 -2"><span class='ocrx_word' id='word_1_885' title='bbox 2187 5057 2454 5112; x_wconf 85' lang='lat' dir='ltr'><strong>mendari.</strong></span> 
     </span>
    </p>
   </div>
   <div class='ocr_carea' id='block_1_119' title="bbox 2260 5122 3759 5195">
    <p class='ocr_par' dir='ltr' id='par_1_119' title="bbox 2260 5122 3759 5195">
     <span class='ocr_line' id='line_1_122' title="bbox 2260 5122 3759 5195; baseline 0.002 -20"><span class='ocrx_word' id='word_1_886' title='bbox 2260 5125 2373 5195; x_wconf 82' lang='lat'><strong>(75)</strong></span> <span class='ocrx_word' id='word_1_887' title='bbox 2414 5124 2719 5193; x_wconf 81' lang='lat' dir='ltr'><strong>Legendum</strong></span> <span class='ocrx_word' id='word_1_888' title='bbox 2755 5141 2773 5173; x_wconf 79' lang='grc' dir='ltr'><strong>ι</strong></span> <span class='ocrx_word' id='word_1_889' title='bbox 2811 5123 2946 5195; x_wconf 66' lang='grc' dir='ltr'><strong>ἰΙΙειξ,⁸</strong></span> <span class='ocrx_word' id='word_1_890' title='bbox 2976 5141 2993 5173; x_wconf 79' lang='grc' dir='ltr'><strong>ι</strong></span> <span class='ocrx_word' id='word_1_891' title='bbox 3038 5122 3141 5195; x_wconf 87' lang='lat' dir='ltr'><strong>hoc</strong></span> <span class='ocrx_word' id='word_1_892' title='bbox 3166 5132 3268 5185; x_wconf 83' lang='lat' dir='ltr'><strong>est,</strong></span> <span class='ocrx_word' id='word_1_893' title='bbox 3313 5124 3510 5177; x_wconf 87' lang='lat' dir='ltr'><strong>animae</strong></span> <span class='ocrx_word' id='word_1_894' title='bbox 3535 5139 3607 5178; x_wconf 81' lang='lat' dir='ltr'><strong>ex</strong></span> <span class='ocrx_word' id='word_1_895' title='bbox 3637 5122 3759 5194; x_wconf 84' lang='lat' dir='ltr'><strong>Epi-</strong></span> 
     </span>
    </p>
   </div>
   <div class='ocr_carea' id='block_1_120' title="bbox 2191 5192 3532 5267">
    <p class='ocr_par' dir='ltr' id='par_1_120' title="bbox 2191 5192 3532 5267">
     <span class='ocr_line' id='line_1_123' title="bbox 2191 5192 3532 5267; baseline -0.004 -17"><span class='ocrx_word' id='word_1_896' title='bbox 2191 5192 2569 5267; x_wconf 14' lang='lat' dir='ltr'><strong>phajirioulieet</strong></span> <span class='ocrx_word' id='word_1_897' title='bbox 2595 5203 2819 5267; x_wconf 84' lang='lat' dir='ltr'><strong>uterque</strong></span> <span class='ocrx_word' id='word_1_898' title='bbox 2848 5192 3017 5267; x_wconf 80' lang='lat' dir='ltr'><strong>codex</strong></span> <span class='ocrx_word' id='word_1_899' title='bbox 3060 5193 3252 5247; x_wconf 87' lang='lat' dir='ltr'><strong>habeat</strong></span> <span class='ocrx_word' id='word_1_900' title='bbox 3306 5194 3471 5267; x_wconf 23' lang='lat' dir='ltr'><strong>«Ailla.</strong></span> <span class='ocrx_word' id='word_1_901' title='bbox 3513 5210 3532 5244; x_wconf 73' lang='grc' dir='ltr'><strong>ι</strong></span> 
     </span>
    </p>
   </div>
   <div class='ocr_carea' id='block_1_121' title="bbox 2260 5263 3754 5347">
    <p class='ocr_par' dir='ltr' id='par_1_121' title="bbox 2260 5263 3754 5347">
     <span class='ocr_line' id='line_1_124' title="bbox 2260 5263 3754 5347; baseline 0.001 -28"><span class='ocrx_word' id='word_1_902' title='bbox 2414 5263 2744 5347; x_wconf 67' lang='lat' dir='ltr'><strong>Epiphanius</strong></span> <span class='ocrx_word' id='word_1_903' title='bbox 2774 5264 2955 5347; x_wconf 77' lang='lat' dir='ltr'><strong>habet,</strong></span> <span class='ocrx_word' id='word_1_904' title='bbox 3015 5280 3033 5313; x_wconf 80' lang='grc' dir='ltr'><strong>ι</strong></span> <span class='ocrx_word' id='word_1_905' title='bbox 3088 5279 3182 5342; x_wconf 68' lang='lat' dir='ltr'><strong>aer</strong></span> <span class='ocrx_word' id='word_1_906' title='bbox 3225 5263 3518 5347; x_wconf 77' lang='lat' dir='ltr'><strong>perfectus,</strong></span> <span class='ocrx_word' id='word_1_907' title='bbox 3556 5282 3605 5347; x_wconf 31' lang='grc' dir='ltr'><strong>εἴ</strong></span> <span class='ocrx_word' id='word_1_908' title='bbox 3609 5265 3754 5320; x_wconf 86' lang='lat' dir='ltr'><strong>unde</strong></span> 
     </span>
    </p>
   </div>
   <div class='ocr_carea' id='block_1_122' title="bbox 2188 5332 3754 5405">
    <p class='ocr_par' dir='ltr' id='par_1_122' title="bbox 2188 5332 3754 5405">
     <span class='ocr_line' id='line_1_125' title="bbox 2188 5332 3754 5405; baseline 0.001 -15"><span class='ocrx_word' id='word_1_909' title='bbox 2188 5332 2471 5405; x_wconf 72' lang='lat' dir='ltr'><strong>colligitur</strong></span> <span class='ocrx_word' id='word_1_910' title='bbox 2498 5332 2745 5389; x_wconf 87' lang='lat' dir='ltr'><strong>Latinum</strong></span> <span class='ocrx_word' id='word_1_911' title='bbox 2778 5333 2939 5405; x_wconf 88' lang='lat' dir='ltr'><strong>hujus</strong></span> <span class='ocrx_word' id='word_1_912' title='bbox 2965 5332 3142 5405; x_wconf 84' lang='lat' dir='ltr'><strong>operis</strong></span> <span class='ocrx_word' id='word_1_913' title='bbox 3184 5332 3459 5403; x_wconf 79' lang='lat' dir='ltr'><strong>exemplar</strong></span> <span class='ocrx_word' id='word_1_914' title='bbox 3487 5349 3520 5388; x_wconf 89' lang='lat' dir='ltr'><strong>e</strong></span> <span class='ocrx_word' id='word_1_915' title='bbox 3562 5334 3754 5390; x_wconf 68' lang='lat' dir='ltr'><strong>Graeco</strong></span> 
     </span>
    </p>
   </div>
   <div class='ocr_carea' id='block_1_123' title="bbox 2188 5404 3754 5478">
    <p class='ocr_par' dir='ltr' id='par_1_123' title="bbox 2188 5404 3754 5478">
     <span class='ocr_line' id='line_1_126' title="bbox 2188 5404 3754 5478; baseline 0.001 -20"><span class='ocrx_word' id='word_1_916' title='bbox 2188 5404 2504 5478; x_wconf 76' lang='lat' dir='ltr'><strong>expressum</strong></span> <span class='ocrx_word' id='word_1_917' title='bbox 2534 5419 2674 5468; x_wconf 87' lang='lat' dir='ltr'><strong>esse,</strong></span> <span class='ocrx_word' id='word_1_918' title='bbox 2702 5412 2756 5478; x_wconf 78' lang='lat' dir='ltr'><strong>et</strong></span> <span class='ocrx_word' id='word_1_919' title='bbox 2784 5404 2922 5459; x_wconf 91' lang='lat' dir='ltr'><strong>male</strong></span> <span class='ocrx_word' id='word_1_920' title='bbox 2966 5404 3310 5472; x_wconf 88' lang='lat' dir='ltr'><strong>interpretem</strong></span> <span class='ocrx_word' id='word_1_921' title='bbox 3348 5405 3542 5478; x_wconf 77' lang='lat' dir='ltr'><strong>legisse</strong></span> <span class='ocrx_word' id='word_1_922' title='bbox 3564 5446 3581 5469; x_wconf 89' lang='lat'><strong>,</strong></span> <span class='ocrx_word' id='word_1_923' title='bbox 3615 5406 3754 5478; x_wconf 66' lang='grc' dir='ltr'>ἀνήρ</span> 
     </span>
    </p>
   </div>
   <div class='ocr_carea' id='block_1_124' title="bbox 2191 5473 3753 5554">
    <p class='ocr_par' dir='ltr' id='par_1_124' title="bbox 2191 5473 3753 5554">
     <span class='ocr_line' id='line_1_127' title="bbox 2191 5473 3753 5554; baseline 0 -26"><span class='ocrx_word' id='word_1_924' title='bbox 2191 5473 2289 5546; x_wconf 85' lang='lat' dir='ltr'><strong>pro</strong></span> <span class='ocrx_word' id='word_1_925' title='bbox 2318 5476 2462 5554; x_wconf 68' lang='grc' dir='ltr'><strong>ὰήρξ</strong></span> <span class='ocrx_word' id='word_1_926' title='bbox 2523 5474 2850 5554; x_wconf 40' lang='lat' dir='ltr'><strong>vertendum‘</strong></span> <span class='ocrx_word' id='word_1_927' title='bbox 2872 5482 3049 5528; x_wconf 90' lang='lat' dir='ltr'><strong>autem</strong></span> <span class='ocrx_word' id='word_1_928' title='bbox 3073 5514 3088 5540; x_wconf 91' lang='lat'><strong>,</strong></span> <span class='ocrx_word' id='word_1_929' title='bbox 3125 5491 3144 5524; x_wconf 81' lang='grc' dir='ltr'><strong>ι</strong></span> <span class='ocrx_word' id='word_1_930' title='bbox 3171 5488 3284 5554; x_wconf 50' lang='lat' dir='ltr'><strong>&#39;aer</strong></span> <span class='ocrx_word' id='word_1_931' title='bbox 3320 5473 3753 5554; x_wconf 65' lang='lat' dir='ltr'><strong>perfectus._AEr</strong></span> 
     </span>
    </p>
   </div>
   <div class='ocr_carea' id='block_1_125' title="bbox 2189 5541 3753 5613">
    <p class='ocr_par' dir='ltr' id='par_1_125' title="bbox 2189 5541 3753 5613">
     <span class='ocr_line' id='line_1_128' title="bbox 2189 5541 3753 5613; baseline 0.001 -14"><span class='ocrx_word' id='word_1_932' title='bbox 2189 5541 2512 5610; x_wconf 66' lang='lat' dir='ltr'><strong>autem&#39;hic,</strong></span> <span class='ocrx_word' id='word_1_933' title='bbox 2540 5553 2665 5606; x_wconf 90' lang='lat' dir='ltr'><strong>etc..</strong></span> <span class='ocrx_word' id='word_1_934' title='bbox 2692 5563 2711 5596; x_wconf 74' lang='grc' dir='ltr'><strong>ι</strong></span> <span class='ocrx_word' id='word_1_935' title='bbox 2741 5543 2994 5599; x_wconf 70' lang='lat' dir='ltr'><strong>utGraaca</strong></span> <span class='ocrx_word' id='word_1_936' title='bbox 3020 5558 3144 5597; x_wconf 89' lang='lat' dir='ltr'><strong>cum</strong></span> <span class='ocrx_word' id='word_1_937' title='bbox 3171 5541 3375 5600; x_wconf 76' lang='lat' dir='ltr'><strong>Latinis</strong></span> <span class='ocrx_word' id='word_1_938' title='bbox 3407 5547 3753 5613; x_wconf 74' lang='lat' dir='ltr'><strong>conveniant,</strong></span> 
     </span>
    </p>
   </div>
   <div class='ocr_carea' id='block_1_126' title="bbox 2189 5613 3101 5686">
    <p class='ocr_par' dir='ltr' id='par_1_126' title="bbox 2189 5613 3101 5686">
     <span class='ocr_line' id='line_1_129' title="bbox 2189 5613 3101 5686; baseline -0.002 -16"><span class='ocrx_word' id='word_1_939' title='bbox 2189 5625 2245 5670; x_wconf 89' lang='lat' dir='ltr'><strong>et</strong></span> <span class='ocrx_word' id='word_1_940' title='bbox 2268 5616 2464 5686; x_wconf 83' lang='lat' dir='ltr'><strong>aliquis</strong></span> <span class='ocrx_word' id='word_1_941' title='bbox 2491 5613 2614 5670; x_wconf 85' lang='lat' dir='ltr'><strong>inde</strong></span> <span class='ocrx_word' id='word_1_942' title='bbox 2639 5629 2831 5672; x_wconf 82' lang='lat' dir='ltr'><strong>sensus</strong></span> <span class='ocrx_word' id='word_1_943' title='bbox 2862 5625 3101 5677; x_wconf 84' lang='lat' dir='ltr'><strong>eruatur.</strong></span> 
     </span>
    </p>
   </div>
  </div>
