3996 6208
271 299 406 357 HM

1371 302 1517 360 CUM
1554 302 1842 360 MANETE
1880 303 2414 362 HERESIARCIIA.

3355 318 3378 371 1
3400 315 3496 371 H9.

270 418 419 472 εστὶν
435 421 467 491 ή
486 419 656 483 αἰτία,
672 415 817 494 δι’ἧς
832 420 1066 491 αἰψυχαὶ
1083 420 1363 487 σώζονται.
1381 424 1443 477 Ἦ
1459 424 1513 476 δὲ
1530 424 1621 478 τοῦ
1639 424 1830 479 ἀποθα·

1950 425 2048 482 Hic
2082 437 2260 481 autem
2289 428 2372 482 vir
2397 436 2479 484 est
2508 427 2759 484 columna
2793 428 2928 486 lucis
2954 471 2967 495 ,
3020 434 3219 502 repleta
3256 445 3337 489 est
3367 439 3515 492 enim

268 514 381 563 νεῖν
410 516 536 575 τοὺς
574 511 892 584 ἀνθρώπους
924 514 1040 566 ἐστὶ
1073 513 1232 568 πάλιν
1265 514 1425 585 αὕτη·
1463 516 1737 587 Παρθένος
1761 534 1843 580 τις

267 600 445 674 ὡραία
459 619 699 673 κεκοσμη
710 602 863 673 μένη,
880 603 1078 675 πιθανὴ
1093 606 1227 659 πάνυ
1237 645 1251 668 ,
1268 606 1430 676 συλᾷν
1442 608 1708 678 ἐπιχειρεῖ
1720 608 1843 671 τοὺς

267 691 556 762 ἄρχοντας.
574 695 698 752 τοὺς
712 695 767 746 ὲν
781 694 855 764 τῷ
874 695 1210 766 στερεώματι
1229 698 1331 751 ὑπὸ
1342 697 1433 751 τοῦ
1459 698 1655 763 ζῶντος
1674 700 1843 753 Πνεῦ-

269 802 438 857 ματος
460 786 842 857 ἀνενεχθέντας
874 788 966 840 καὶ
1002 789 1424 860 σιτεαυρωθέντας⁸
1462 791 1755 861 φαινομένη
1785 790 1841 843 δὲ

263 886 377 946 τοῖς
394 883 585 954 ἄρρεσι
609 881 797 953 θήλεια
830 880 1119 953 εὔμορφος,
1144 887 1257 947 ταῖς
1276 884 1330 936 δὲ
1354 883 1592 954 θηλείαις
1628 885 1838 949 νεανίας

263 975 478 1046 εὐειδὴς
494 975 589 1027 καὶ
604 974 956 1045 ὲπιθυμητός.
990 976 1097 1027 Καὶ
1128 978 1174 1028 οἱ
1203 976 1301 1046 μὲν
1333 977 1612 1048 ἄρχοντες,
1640 980 1838 1032 ὁπόταν

267 1069 452 1121 ῖδωσιν
482 1067 649 1137 αὐτὴν
684 1066 1222 1137 κεκαλλωπισμένην,
1257 1069 1596 1139 οἰστροῦνται
1618 1070 1694 1140 τῷ
1715 1071 1836 1139 φιλ-

260 1176 397 1231 τρῳ,
427 1158 522 1211 καὶ
564 1157 637 1226 μὴ
693 1156 977 1226 δυνάμενοι
1034 1157 1202 1227 αὐτὴν
1245 1158 1603 1223 καταλαϐεῖν,
1653 1160 1837 1224 δεινῶς

263 1249 553 1318 φλέγονται
583 1246 657 1317 τῷ
686 1246 932 1317 ἐρωτικῷ
992 1246 1140 1317 πόθῳ
1178 1247 1267 1299 τὸν
1302 1247 1425 1300 νοῦν
1471 1249 1837 1319 ἐξαρπασθέν-

263 1359 374 1403 τες,
416 1343 579 1394 Ὅταν
605 1337 717 1403 οῦν,
754 1340 1052 1412 τρεχόντων
1077 1340 1276 1403 αὐτῶν,
1308 1342 1339 1411 ἡ
1371 1340 1642 1411 Παρθένος
1670 1343 1837 1409 ἄφαν-

261 1448 354 1493 τος
383 1432 625 1501 γένηται,
659 1431 781 1483 τότε
838 1431 866 1481 6
898 1431 1078 1501 ἅρχων
1122 1432 1150 1483 6
1204 1432 1376 1501 μέγας
1423 1432 1708 1502 προᾷάλλει
1739 1432 1836 1495 τὰς

263 1522 490 1591 νεφέλας
528 1522 585 1586 ἐξ
618 1522 804 1585 αὑτοῦ,
835 1524 983 1585 ὅπως
1034 1523 1256 1596 σκοτίσῃ
1287 1527 1352 1595 τῇ
1376 1526 1509 1594 ὀργῇ
1561 1524 1723 1576 αὑτοῦ
1745 1523 1835 1575 τὸν

263 1613 489 1683 κόσμον·
525 1613 616 1666 καὶ
648 1612 819 1677 οὓτως
851 1614 946 1667 ὲάν
970 1614 1123 1685 θλίόῃ
1161 1616 1322 1677 πάνυ,
1354 1616 1603 1684 καθάπερ
1630 1616 1835 1686 ἄνθρω-

266 1723 369 1769 πος
405 1706 561 1775 ἱδρῶν
591 1706 981 1760 ἀποκοποῦταν
1050 1709 1077 1759 ὁ
1122 1708 1178 1760 δὲ
1230 1706 1387 1779 ἱδρὼς
1420 1708 1584 1761 αὑτοῦ
1623 1710 1768 1762 ἐστιν
1798 1713 1831 1781 ἡ

1943 520 2265 573 mundarum
2300 521 2628 587 animarum,
2660 532 2711 577 et
2742 524 2856 577 haec
2882 531 2964 578 est
2992 540 3152 580 causa
3180 527 3372 581 salutis
3402 533 3518 582 asu—

1942 627 2197 677 marum;
2251 614 2444 668 mortis
2493 629 2619 668 vero
2667 630 2831 669 causa
2884 615 3192 672 hominibus
3245 628 3327 674 est
3384 619 3511 674 ista.

1941 704 2380 776 Virgo.quzedam
2412 708 2611 762 decora
2643 718 2698 763 et
2747 718 3036 774 exornata,
3089 712 3305 781 elegans
3335 713 3510 774 valde,

1939 797 2085 852 furto
2116 803 2316 867 appetit
2363 800 2661 869 principes,
2707 801 2798 870 qui
2849 813 2975 855 sunt
3006 803 3058 855 in
3097 804 3435 860 firmamento
3477 820 3510 859 a

1938 892 2150 946 vivente
2179 889 2380 960 Spiritu
2402 893 2579 946 educti
2616 902 2669 947 et
2698 893 2980 959 cruciﬁxi;
3030 910 3149 963 quae
3186 913 3310 950 cum
3345 908 3513 966 appa-

1938 984 2147 1049 ruerit,
2200 985 2444 1040 maribus
2493 985 2692 1040 femina
2743 985 2936 1040 decora
2978 998 3237 1057 apparet;
3294 989 3513 1046 feminis

1937 1089 2065 1126 vero
2118 1073 2514 1129 adolescentem
2568 1076 2873 1144 speciosum
2924 1087 2977 1132 et
3027 1080 3506 1149 coneupiscibilem

1937 1164 2291 1219 demonstrat.
2342 1163 2445 1219 Sed
2479 1164 2750 1233 principes
2788 1167 3025 1235 quidem,
3055 1185 3178 1224 eum
3208 1186 3324 1223 eam
3360 1172 3485 1226 vide
3500 1202 3511 1214 ι·

1936 1255 2047 1309 rint
2074 1255 2537 1325 exornatam(77),
2568 1272 2752 1310 amore
2772 1257 2890 1325 ejus
2914 1259 2967 1312 in
2996 1259 3267 1314 libidinem
3298 1277 3513 1317 moven-

1937 1356 2057 1414 tur;
2099 1356 2152 1402 et
2182 1348 2307 1417 quia
2338 1364 2457 1402 eam
2492 1348 2894 1416 apprehendere
2926 1366 3032 1405 non
3062 1363 3310 1420 possunt,
3342 1355 3507 1410 vehe-

1936 1449 2147 1495 menter
2181 1440 2506 1510 instigantur
2540 1442 2745 1497 amoris
2776 1443 3039 1496 incendiis
3068 1444 3314 1508 excitati;
3366 1446 3505 1515 rapti
3582 1432 3591 1445 ’

1936 1540 2065 1586 sunt
2105 1533 2251 1586 enim
2296 1532 2538 1586 libidinis
2562 1532 2741 1587 calore
2776 1555 2787 1587 :
2821 1548 2944 1587 cum
2981 1534 3123 1587 enim
3156 1538 3503 1591 currentibus

1935 1634 2058 1695 post
2101 1641 2220 1679 eam
2263 1627 2409 1680 anxii
2455 1626 2628 1683 eﬂecti
2678 1625 2935 1691 fuissent,
2986 1624 3146 1697 Virgo
3183 1627 3291 1696 (78)
3324 1629 3505 1683 subito

1936 1731 2207 1784 nusquam
2269 1719 2594 1786 comparuit.
2645 1717 2796 1773 Tunc
2839 1717 3087 1786 princeps
3140 1718 3227 1772 ille
3275 1735 3505 1789 magnus

264 1798 454 1872 βροχὴ.
497 1799 661 1869 Ὁμοῦ
686 1802 778 1853 καὶ
809 1802 836 1852 ὀ
867 1801 1124 1874 θερισμὸς
1160 1802 1343 1873 ἄρχων
1372 1803 1465 1855 ὲάν
1495 1803 1697 1874 συληθῇ
1728 1805 1830 1857 ὑπὸ

1932 1808 2181 1877 producit
2226 1809 2451 1864 nebulas
2479 1826 2543 1864 ex
2574 1810 2881 1878 semetipso,
2914 1811 2989 1863 uti
3018 1810 3273 1865 obscuret
3319 1810 3373 1865 in
3419 1811 3504 1869 ira

261 1894 358 1964 τῆς
409 1894 700 1960 παρθένου,
742 1896 995 1965 καταχέει
1046 1895 1230 1966 λοιμὸν
1288 1897 1374 1965 ἐφ’
1406 1897 1531 1966 ὅλης
1584 1898 1680 1967 τῆς
1710 1898 1829 1968 γῆς,

260 1984 410 2048 ὅπως
439 1984 722 2057 θανατὼσῃ
754 1988 879 2049 τοὺς
911 1986 1249 2057 ἀνθρώπους·
1276 1987 1334 2039 τὸ
1355 1986 1461 2059 γὰρ
1500 1988 1655 2059 σῶμα
1680 1988 1835 2041 τοῦτο

260 2078 465 2149 κόσμος
496 2078 740 2133 καλεῖται
776 2080 910 2150 πρὸς
936 2079 1027 2131 τὸν
1073 2078 1247 2148 μέγαν
1286 2080 1509 2149 κόσμον·
1537 2081 1629 2132 καὶ
1659 2082 1706 2132 οἱ
1746 2081 1833 2134 ἄν·

260 2170 472 2242 θρωποι
497 2172 698 2236 πάντες
727 2173 883 2243 ῥίζας
919 2171 1121 2242 ἔχουσι,
1175 2171 1324 2225 κάτω
1360 2172 1696 2235 συνδεθείσας
1722 2174 1833 2233 τοῖς

258 2265 395 2320 ἀνω.
439 2265 668 2318 Ὀπόταν
698 2262 788 2318 οὖν
837 2265 1035 2335 συληθῇ
1075 2266 1179 2318 ὑπὸ
1230 2265 1327 2335 τῆς
1364 2263 1652 2337 παρθένου,
1706 2264 1825 2316 τότε

257 2358 485 2430 ἄρχεται
520 2358 739 2412 κόπτειν
782 2359 880 2423 τὰς
911 2358 1063 2430 ῥίζας
1093 2358 1200 2411 τῶν
1232 2358 1551 2429 ἀνθρώπων·
1587 2358 1680 2410 καὶ
1701 2358 1827 2411 ὅταν

258 2450 500 2503 κοπῶσιν
528 2454 580 2504 αἱ
616 2452 759 2522 ῥίζαι
788 2452 986 2514 αὐτῶν,
1033 2452 1152 2504 τότε
1203 2453 1428 2523 ἄρχεται
1468 2451 1650 2521 λοιμὸς
1681 2452 1827 2519 γίνε-

257 2541 402 2607 σθαι,
440 2544 533 2596 καὶ
563 2543 733 2607 οὕτως
765 2544 1217 2614 ἀποθνήσκουσιν.
1257 2544 1378 2596 Ἐὰν
1401 2543 1457 2595 δὲ
1488 2543 1555 2595 τά
1590 2543 1700 2595 ἄνω
1728 2542 1826 2612 τῆς

262 2635 421 2704 ῥίζης
455 2636 598 2706 πόνῳ
630 2635 885 2707 σαλεύσῃ,
922 2637 1142 2706 σεισμὸς
1184 2636 1426 2704 γίγνεταί
1461 2653 1540 2699 τε,
1576 2637 1669 2689 καὶ
1698 2638 1828 2688 ἐπα-

262 2726 525 2785 κολουθεῖ,
559 2728 978 2798 συγκινουμένου
1013 2730 1109 2798 μὲν
1157 2727 1250 2781 τοῦ
1312 2729 1631 2798 Ὠμοφόρου·
1686 2726 1824 2797 αὕτη

257 2823 291 2892 ἠ
321 2821 465 2875 αἰτία
494 2821 585 2874 τοῦ
631 2822 880 2875 θανάτου.

1931 1916 2031 1955 sua
2080 1915 2296 1953 omnem
2344 1902 2648 1967 mundum;
2684 1902 2775 1970 qui
2828 1918 2949 1956 cum
3001 1903 3290 1957 tribulatus
3339 1903 3505 1958 fuerit

1928 1988 2243 2058 plurimum,
2282 1989 2421 2044 sicut
2455 1990 2620 2045 homo
2669 1992 2827 2046 sudat
2874 2001 2996 2061 post
3039 1994 3304 2061 laborem,
3354 1996 3425 2049 ita
3452 2003 3507 2051 et

1930 2079 2018 2131 hic
2053 2078 2306 2147 princeps
2351 2081 2507 2134 sudat
2541 2097 2607 2135 ex
2639 2082 2985 2136 tribulatione
3040 2083 3155 2153 (79)
3186 2100 3303 2149 sua,
3347 2086 3502 2153 cujus

1930 2171 2096 2226 sudor
2122 2170 2318 2240 pluvia:
2351 2179 2482 2225 sunt
2512 2171 2645 2243 (80).
2702 2174 2810 2227 Sed
2841 2182 2894 2227 et
2932 2174 3127 2228 messis
3152 2174 3420 2244 princeps,
3456 2178 3500 2231 si

1930 2264 2186 2332 deceptus
2208 2260 2373 2316 fuerit
2405 2278 2435 2317 a
2471 2261 2715 2334 Virgine,
2745 2264 2971 2319 effundit
3002 2274 3204 2334 pestem
3250 2266 3358 2336 (81)
3404 2283 3502 2322 su~

1930 2371 2025 2425 per
2052 2364 2274 2420 terram,
2330 2355 2406 2409 ita
2446 2366 2504 2408 ut
2537 2367 2709 2410 morte
2742 2356 2937 2411 alliciat
2970 2357 3253 2425 homines;
3302 2375 3502 2429 corpus

1931 2449 2073 2502 enim
2116 2448 2219 2501 hoc
2249 2447 2482 2502 mundus
2507 2458 2751 2509 vocatur,
2779 2448 2843 2500 ad
2876 2447 3283 2503 similitudinem
3320 2452 3501 2517 magni

1931 2539 2095 2607 hujus
2128 2539 2335 2599 mundi,
2361 2548 2415 2593 et
2444 2554 2631 2592 omnes
2662 2539 2908 2594 homines
2939 2541 3029 2609 qui
3067 2550 3193 2594 sunt
3216 2542 3497 2604 deorsum,

1926 2631 2138 2684 radices
2184 2630 2381 2684 habent
2430 2644 2648 2683 sursum
2698 2630 2974 2701 colligatus
3006 2631 3137 2701 (82).
3190 2632 3325 2685 Cum
3369 2648 3500 2702 ergo

1928 2723 2185 2791 deceptus
2214 2720 2373 2775 fuerit
2407 2735 2437 2773 a
2464 2719 2707 2789 Virgine,
2742 2730 2870 2775 tunc
2899 2723 3085 2791 incipit
3113 2723 3220 2791 (85)
3249 2724 3500 2777 excidere

1929 2814 2139 2867 radices
2182 2812 2501 2875 hominum;
2552 2820 2607 2865 et
2651 2828 2771 2865 eum
2803 2815 2997 2867 excisae
3044 2812 3244 2867 fuerint
3288 2814 3500 2869 radices

259 2930 470 2979 eorum,
505 2915 731 2968 ellieitur
793 2916 1114 2984 pestilentia.
1169 2926 1221 2971 et
1271 2917 1341 2969 ita
1378 2916 1705 2969 moriuntur.
1764 2910 1968 2980 Quodsi
2014 2907 2321 2978 superiores
2354 2916 2536 2976 partes
2586 2907 2824 2961 radicum
2870 2908 3100 2964 validius
3142 2910 3497 2974 concusserit,

260 3005 318 3058 fit
368 3019 523 3057 terrae
568 3015 768 3067 motus,
824 3014 875 3058 et
927 3006 1225 3073 insequitur
1253 3006 1543 3074 Omophori
1594 3004 1882 3059 concussio
1914 2998 2023 3070 (84)
2059 3016 2073 3051 :
2102 3007 2156 3052 et
2183 2998 2297 3051 haec
2326 3006 2409 3050 est
2438 2997 2626 3051 mortis
2656 2998 2890 3052 occasio.

343 3095 483 3167 Ἐρῶ
510 3095 565 3148 δὲ
589 3098 714 3166 ὑμῖν
750 3097 839 3148 καὶ
867 3096 1042 3159 τοῦτο,
1073 3098 1189 3160 πῶς
1221 3098 1600 3169 μεταγγίζεται
1628 3101 1661 3168 ὴ
1684 3094 1829 3167 ψυχὴ
1858 3100 1898 3155 C

260 3188 341 3250 είς
368 3188 527 3241 πέντε
556 3187 801 3257 σώματα.
826 3189 1044 3261 Πρῶτον
1064 3189 1416 3261 καθαρίζεται
1445 3190 1636 3262 μικρόν
1659 3207 1709 3241 τι
1726 3188 1818 3240 ἀπ’

256 3280 445 3349 αὐτῆς
466 3276 581 3333 εἶτα
614 3281 998 3349 μεταγγίςεται
1025 3284 1103 3345 εἰς
1132 3282 1309 3347 κυνὸς,
1334 3282 1366 3353 ἢ
1391 3284 1468 3346 εἰς
1499 3282 1764 3353 καμήλου,
1787 3280 1820 3351 ἢ

257 3375 339 3437 εἰς
356 3373 539 3443 ἐτέρου
563 3371 698 3434 ζῴου
718 3372 892 3443 σῶμα.
913 3374 1035 3426 Ἐὰν
1055 3371 1157 3446 δὲ
1182 3377 1544 3443 πεφονευκυῖα
1561 3373 1725 3445 ψυχὴ,
1745 3375 1823 3435 εἰς

260 3463 502 3533 κελεφῶν
524 3462 631 3535 [Ισ.
666 3465 1018 3535 ἐλεφαντιῶνι
1052 3466 1208 3536 σῶμα
1243 3469 1623 3538 μεταφέρεται·
1653 3466 1744 3519 ἐὰν
1767 3464 1823 3527 δὲ

259 3554 519 3627 θερίσασα
548 3555 767 3628 εὑρεθῇ,
799 3559 877 3619 εἰς
906 3557 1245 3627 μογιλάλους.
1276 3557 1387 3627 Τῆς
1413 3557 1468 3609 δὲ
1501 3558 1675 3627 ψυχῆς
1708 3559 1822 3609 ἐστι

256 3652 327 3699 τὰ
346 3646 582 3717 ὀνόματα
610 3646 801 3711 ταῦτα,
822 3645 967 3709 νοῦς,
987 3647 1183 3709 ἔννοια,
1208 3646 1488 3719 φρόνησις,
1507 3645 1820 3715 ἐνθύμησις,

258 3738 531 3809 λογισμός.
556 3740 616 3791 Οἱ
639 3740 695 3792 δὲ
728 3739 991 3810 θερισταὶ,
1017 3739 1128 3791 ὅσοι
1152 3737 1473 3808 θερίζουσιν,
1490 3737 1697 3790 ἐοίκασι
1714 3740 1823 3801 τοῖς

258 3832 483 3901 ἄρχουσι
503 3832 614 3894 τοῖς
647 3831 896 3902 ἀπαρχῆς
927 3826 1073 3883 οὖσιν
1095 3832 1173 3893 είς
1190 3829 1396 3894 σκότος,
1426 3831 1512 3882 ὅτε
1534 3829 1733 3899 ἔφαγον
1760 3831 1823 3882 ὲκ

255 3923 355 3992 τῆς
377 3921 468 3975 τοῦ
486 3920 700 3992 πρώτου
731 3921 1016 3993 ἀνθρώπου
1048 3922 1363 3985 πανοπλίας.
1391 3923 1480 3975 Διὸ
1504 3922 1712 3993 ἀνάγκη
1736 3922 1827 3977 αὐ-

256 4015 385 4078 τοὺς
399 4013 821 4085 μεταγγισθῆναι
838 4015 916 4077 είς
928 4014 1133 4085 χόρτον,
1153 4014 1186 4085 ἢ
1203 4016 1281 4079 εἰς
1297 4014 1552 4086 φασηλια,
1569 4014 1602 4085 ἢ
1621 4014 1698 4076 εἰς
1715 4030 1828 4084 κρι-

331 4189 440 4259 (77)
480 4188 667 4243 Melior
704 4188 758 4241 in
805 4202 973 4259 seqq.
1006 4186 1286 4257 Epiphanii
1334 4186 1531 4252 leelio,
1582 4200 1704 4255 qua:
1748 4185 1827 4241 sic

257 4258 449 4315 Latine
506 4268 703 4313 sonat:
742 4276 759 4308 ι
796 4258 1012 4311 Amoris
1059 4267 1226 4312 (nstro
1271 4266 1543 4326 aguntur,
1594 4271 1826 4326 cumque

257 4346 377 4384 eam
426 4330 640 4398 assequi
690 4337 985 4396 nequeant,
1037 4338 1187 4382 extra
1232 4325 1465 4381 mentem
1518 4325 1661 4398 acti,
1719 4341 1827 4394 pra:

257 4415 445 4453 amore
473 4410 524 4453 et
556 4396 845 4467 cupiditate
874 4398 1067 4451 mirum
1100 4398 1151 4451 in
1188 4398 1406 4452 modum
1446 4396 1823 4467 exardescunt,

256 4470 396 4524 Cum
428 4469 609 4539 igitur,
630 4466 1045 4523 accurrentibus
1085 4468 1210 4533 illis,
1242 4470 1391 4538 virgo
1416 4482 1473 4521 se
1502 4482 1568 4520 ex
1607 4466 1823 4520 illorum

257 4550 479 4608 aspectu
512 4539 848 4602 subduxerit,
880 4548 1025 4601 tunc,
1058 4548 1160 4593 etc.
1201 4558 1220 4590 ι

329 4606 443 4680 (78)
482 4608 620 4663 Male
644 4611 810 4663 codex
846 4607 1144 4672 Bobiensis,
1176 4626 1194 4660 t
1230 4606 1467 4662 libidinis
1496 4607 1698 4680 amoris
1733 4623 1825 4662 ca-

257 4678 464 4745 lor‘em;
499 4696 622 4734 cum
662 4694 790 4749 ergo
819 4680 1160 4734 currentibus
1195 4679 1274 4733 eis
1304 4686 1427 4748 post
1451 4691 1593 4743 eam,
1633 4678 1781 4748 virgo
1805 4719 1818 4743 ,

257 4758 366 4805 etc.
407 4768 426 4800 ι

334 4819 446 4889 (79)
486 4816 630 4872 ldem
673 4818 877 4884 codex,
919 4835 937 4869 t
974 4819 1134 4873 sudat
1162 4816 1212 4873 ei
1258 4832 1321 4871 ex
1372 4814 1760 4883 tribulatione;
1798 4835 1817 4869 ›

260 4904 426 4959 prava
460 4889 641 4959 lectio.

332 4958 443 5029 (80)
485 4957 817 5029 Epiphanius
842 4956 1001 5010 habet
1028 4971 1091 5011 ex
1122 4955 1373 5029 versione
1393 4952 1597 5029 Petavii
1619 4972 1639 5029 _:
1676 4974 1696 5029 _t
1733 4954 1824 5029 Sic

260 5037 317 5083 et
343 5024 772 5097 princeps—alter,
808 5042 1015 5081 messor
1041 5027 1372 5096 appellatus,
1407 5026 1452 5081 si
1486 5024 1722 5095 Virginis
1756 5027 1822 5079 il-

260 5099 474 5153 lecebra
499 5099 759 5167 capiatur,
793 5107 991 5166 pestem
1030 5100 1081 5151 in
1120 5098 1425 5151 universam
1474 5105 1670 5150 terram
1678 5112 1825 5220 (per-

263 5169 455 5220 dendis
489 5168 798 5220 hominibus
845 5168 1101 5220 imtuittit.
1148 5186 1165 5218 ι
1203 5166 1259 5220 In
1296 5176 1442 5220 textu
1472 5176 1649 5220 tamen
1731 5184 1825 5220 ra:-

263 5169 455 5223 dendis
489 5166 798 5222 hominibus
845 5168 1101 5221 immittit.
1148 5186 1165 5218 ι
1203 5166 1259 5221 In
1296 5176 1442 5221 textu
1472 5176 1649 5220 tamen
1678 5166 1825 5220 Cra:-

264 5252 354 5301 co,
390 5255 409 5289 t
447 5238 640 5291 messis
676 5257 694 5288 ι
726 5247 827 5303 est,
857 5253 962 5291 non
993 5253 1231 5305 messor;
1267 5237 1357 5292 sed
1388 5236 1614 5291 fortasse
1649 5236 1826 5306 legen-

265 5310 395 5378 dum
431 5306 709 5378 θερισμοῦ.

344 5325 395 5359 tn
431 5325 487 5360 οε
529 5325 709 5378 ισμου.

342 5376 453 5447 (81)
489 5325 666 5432 ἕοάεχ
698 5377 1030 5441 Casiniensis,
1078 5396 1096 5428 ‹
1136 5377 1360 5431 effundit
1391 5376 1609 5431 famem.
1652 5396 1669 5426 ι
1721 5375 1824 5427 Βο-

269 5446 491 5513 biensis,
519 5466 537 5499 ι
574 5448 807 5501 effundet
828 5448 1041 5501 famem.
1078 5467 1096 5499 ι
1138 5448 1241 5502 Sed
1272 5464 1369 5501 nos
1392 5464 1456 5501 ex
1494 5462 1643 5516 seqq.
1679 5455 1731 5498 et
1758 5462 1824 5498 ex

269 5517 590 5587 Epiphanio,
627 5538 645 5569 t
682 5528 903 5587 pestem,
947 5537 965 5569 ι
997 5520 1395 5571 substituimus.
1440 5517 1617 5571 Facile
1643 5527 1821 5568 autem

269 5587 374 5642 fuit
422 5590 585 5641 veteri
622 5587 812 5642 Latino
862 5589 1138 5657 interpreti
1185 5590 1255 5643 ob
1287 5587 1697 5642 similitudinem
1730 5601 1822 5657 vo-

270 5672 416 5725 cum,
446 5658 618 5728 λιμός,
678 5677 696 5709 t
747 5660 934 5721 fames,
991 5656 1017 5709 ί
1059 5667 1112 5713 et
1156 5657 1357 5728 λοιμός,
1413 5676 1429 5708 t
1491 5657 1674 5726 pestis,
1714 5674 1730 5704 ι
1769 5656 1820 5708 in

274 5731 416 5782 hunc
445 5743 685 5782 errorem
714 5729 967 5782 incidere.

2003 3091 2095 3145 IX.
2137 3091 2323 3144 Dicam
2356 3098 2535 3143 autem
2568 3091 2741 3156 vobis,
2792 3092 3064 3161 quomodo
3108 3102 3161 3147 et
3204 3094 3400 3149 anima:
3442 3095 3497 3151 in

1922 3184 2025 3237 alia
2076 3196 2293 3252 quoque
2341 3196 2568 3249 corpora
2612 3182 3064 3237 transfunduutur
3096 3183 3229 3255 (85).
3285 3185 3341 3240 In
3392 3188 3497 3243 hoc

1922 3277 2099 3347 primo
2127 3283 2385 3345 purgatur
2409 3273 2609 3342 aliquid
2640 3289 2701 3327 ex
2736 3289 2797 3328 ea
2827 3290 3045 3343 parum;
3091 3278 3283 3331 deinde
3316 3289 3499 3335 trans-

1924 3368 2172 3423 funditur
2207 3371 2261 3424 in
2312 3387 2525 3436 canem,
2583 3380 2676 3426 aut
2721 3372 2773 3425 in
2810 3374 3105 3440 camelum,
3156 3385 3249 3429 aut
3283 3377 3333 3430 in
3368 3378 3501 3431 alte-

1924 3459 2040 3513 rius
2057 3462 2308 3517 animalis
2332 3479 2548 3531 corpus.
2585 3462 2738 3529 Quod
2765 3466 2808 3517 si
2847 3466 3191 3519 homicidium
3220 3470 3501 3524 commisit

1924 3554 2125 3619 anima,
2150 3554 2202 3606 in
2226 3554 2719 3622 elcphantiacm‘tmi
2751 3571 2973 3624 corpora
3015 3556 3124 3625 (86)
3162 3559 3496 3613 transfundi-

1926 3649 2047 3705 tur;
2100 3641 2242 3708 quod
2292 3643 2336 3694 si
2387 3657 2617 3695 messem
2668 3644 2879 3709 secuit,
2931 3647 2986 3697 in
3023 3655 3220 3699 mutos.
3267 3646 3496 3704 Nomina

1924 3741 2102 3784 autem
2142 3732 2335 3785 animae
2365 3741 2492 3786 sunt
2525 3736 2624 3787 ista
2645 3775 2658 3797 ,
2696 3750 2848 3788 mens
2869 3776 2883 3800 ,
2916 3750 3139 3799 sensus,
3170 3740 3451 3806 prudentia
3474 3782 3489 3805 ,

1927 3820 2248 3887 intellectus,
2279 3822 2535 3891 cogitatio
2563 3823 2694 3892 (87).
2734 3823 2996 3879 Messores
3019 3834 3196 3879 autem
3224 3828 3313 3896 qui
3348 3845 3492 3883 mes-

1925 3928 2037 3967 sem
2073 3921 2299 3977 ntetuut,
2333 3914 2688 3969 conferuntur
2718 3917 3072 3984 principibus,
3104 3918 3197 3987 qui
3226 3935 3290 3972 ex
3322 3930 3491 3973 mate—

1926 4006 2003 4059 ria
2031 4006 2130 4061 orti
2164 4005 2392 4078 (88-89),
2416 4007 2468 4060 in
2500 4008 2735 4064 tenebris
2761 4018 2906 4076 sunt,
2922 4026 2987 4065 ex
3010 4027 3116 4081 quo
3138 4012 3492 4068 manducare-

1998 4184 2108 4253 (82)
2151 4182 2483 4253 Epiphanius
2524 4181 2685 4237 habet
2716 4202 2728 4237 :
2766 4202 2784 4233 ι
2819 4181 2883 4235 Ει
2910 4197 3096 4238 omnes
3131 4181 3376 4238 homines
3405 4201 3492 4239 ra~

1927 4255 2073 4308 dices
2100 4256 2300 4308 habent
2333 4254 2473 4308 infra
2500 4270 2620 4308 cum
2651 4254 3020 4323 superioribus
3053 4253 3343 4308 con'nexas.
3380 4274 3397 4306 ι

1999 4325 2109 4394 (85)
2149 4324 2328 4379 Codex
2360 4325 2662 4389 Bobiensis,
2700 4343 2717 4374 t
2756 4334 2883 4376 tunc
2906 4340 3026 4377 cum
3056 4324 3290 4394 incipiet.
3328 4342 3345 4375 ι

2002 4392 2110 4464 (84⁷)
2150 4394 2304 4463 Apttd
2340 4394 2695 4463 Epiphanium
2728 4394 2922 4461 legitur
2962 4415 2972 4447 :
3013 4413 3029 4444 t
3062 4392 3212 4459 Quod
3247 4393 3292 4446 si
3328 4408 3489 4463 supe-

1856 4452 1898 4505 D
1928 4452 2105 4519 rio‘res'
2138 4452 2316 4533 partes
2345 4452 2585 4518 radicum
2620 4481 2729 4532 pm
2752 4452 2934 4533 labore
2966 4452 3299 4531 qutaliaiitttr,
3335 4452 3492 4519 terra:

1924 4546 2102 4588 motus
2126 4532 2180 4587 lit
2205 4542 2383 4603 ,atque
2404 4535 2771 4602 consequitur,
2791 4532 3100 4603 Otnophoro
3121 4533 3334 4604 quidem
3362 4535 3492 4588 insi-

1924 4605 2034 4658 mul
2063 4619 2347 4659 concusso.
2386 4624 2404 4656 ι

1992 4675 2104 4745 (85)
2132 4676 2327 4745 βοάοχ
2378 4673 2675 4745 Bobiensis,
2733 4691 2751 4723 ‹
2794 4673 3260 4745 transferuntur;
3288 4691 3307 4723 ι
3354 4673 3490 4745 mala

1922 4743 2101 4799 lectio.
2130 4744 2459 4815 Epiphanius
2483 4744 2669 4815 habet,
2699 4761 2717 4792 ι
2744 4745 3014 4815 quomodo
3044 4743 3219 4796 anima
3251 4743 3302 4795 in
3333 4744 3492 4811 quin-

1923 4831 2030 4885 que
2060 4812 2286 4883 corpora
2323 4812 3045 4885 transfundatur.Primum,
3077 4822 3181 4867 etc.
3201 4831 3244 4885 _i

1994 4885 2104 4954 (86)
2146 4882 2324 4939 Codex
2353 4883 2654 4946 Bobiensis,
2702 4901 2719 4933 ι
2760 4883 3107 4954 homicidium
3152 4882 3387 4954 admisit,
3430 4898 3487 4954 a-

1925 4959 2068 5008 nima
2088 4952 2155 5008 in
2186 4954 2592 5023 elephantorum
2627 4967 2877 5021 corpora.
2913 4973 2930 5005 ι
2963 4954 3020 5007 lu
3047 4952 3324 5007 Casiueusi
3354 4953 3489 5007 scri-

1925 5026 2069 5078 bitur
2091 5064 2105 5087 ,
2148 5044 2165 5076 t
2205 5027 2257 5077 in
2290 5023 2541 5077 elefantia
2573 5036 2759 5077 eorum
2786 5039 3042 5092 corpora,
3080 5042 3098 5073 ο
3131 5023 3273 5092 quod
3305 5023 3491 5089 procul

1924 5096 2111 5160 dubio,
2143 5114 2161 5146 ι
2198 5094 2717 5164 elephantiacorum,
2756 5112 2774 5144 ι
2808 5091 2908 5163 legi
2947 5094 3121 5147 debet.
3159 5091 3491 5160 Epiphanius

1927 5175 2103 5288 tanlten
2158 5167 2347 5288 habet,
2400 5163 2681 5234 κελεφῶν,
2718 5181 2739 5215 t
2790 5164 3131 5234 cclephorum
3188 5180 3206 5212 ι
3246 5164 3486 5229 ignotum

1927 5252 1997 5288 mi
2022 5252 2055 5288 ιι
2089 5251 2265 5288 anima
2294 5274 2309 5287 .

1927 5236 2055 5289 mihi
2089 5236 2309 5289 animal.

1993 5306 2105 5373 (87)
2145 5305 2399 5379 Petavius
2448 5304 2646 5379 melius
2682 5302 2839 5379 vertit
2888 5302 3025 5379 apud
3077 5298 3442 5379 Epiphaniam
3470 5340 3484 5363 ,

1931 5393 1950 5424 ς
1983 5390 2157 5441 mens,
2210 5376 2393 5441 notio,
2446 5373 2824 5442 intelligentia,
2870 5372 3157 5441 cogitatio,
3198 5372 3487 5424 ratiocina-

1926 5455 2019 5500 ιιο.
2056 5463 2073 5494 ι

1998 5512 2209 5582 (88-89)
2243 5514 2419 5569 Codex
2435 5510 2734 5575 Bobiensis,
2758 5528 2777 5561 t
2800 5510 2892 5579 qui
2921 5526 2987 5565 ex
3017 5508 3240 5582 materia
3254 5509 3433 5582 _horti,
3459 5527 3479 5561 ι

1924 5579 2409 5653 typographorum,
2453 5594 2507 5637 ut
2545 5582 3024 5653 videtur,errore.
3066 5580 3223 5653 Apud
3254 5579 3486 5649 Epipha-

1925 5650 2073 5706 niuui
2101 5650 2316 5722 legitur,
2351 5673 2369 5706 ι
2403 5654 2494 5722 qui
2526 5652 2593 5707 ab
2623 5650 2775 5704 initio
2799 5652 2853 5705 in
2881 5650 3130 5707 tenebris
3148 5659 3293 5706 sunt.
3329 5667 3350 5702 ι
