3998 7026
510 243 651 301 1435

1497 243 1681 299 ACTA
1732 241 2260 301 DISPUTATIONIS
2299 243 2357 297 S.
2399 240 2743 298 ARCHELAI

3611 238 3756 296 HM

506 373 637 419 runt
668 364 735 420 de
767 364 926 435 primi
951 365 1188 421 hominis
1218 375 1515 423 armatura.
1548 367 1776 438 Propter
1803 368 1947 439 quod
1990 383 2081 423 ne-

2196 367 2304 439 θὴν,
2333 367 2367 439 ἢ
2393 370 2472 432 είς
2503 367 2722 439 στάχυν,
2747 367 2780 438 ἢ
2814 367 2892 430 εἰς
2930 364 3156 437 λάχανα,
3215 363 3304 418 τνα
3331 360 3629 428 θερισθῶσι
3660 364 3761 416 καὶ

507 472 662 514 eesse
704 466 786 513 est
826 473 921 513 eos
960 457 1265 513 transfundi
1314 459 1368 513 in
1419 458 1624 514 [mnum
1650 468 1743 514 aut
1790 460 1844 513 in
1901 459 2082 515 faseo-

508 547 656 616 lum,
699 558 794 604 aut
839 550 892 604 in
927 550 1215 616 hordeum,
1246 560 1340 606 aut
1365 551 1420 605 in
1444 552 1613 619 olera,
1653 560 1794 607 utet
1832 552 1935 622 ipsi
1987 552 2081 606 de-

509 632 765 699 secentur
814 650 869 697 et
930 642 1268 697 demetantur
1297 661 1310 697 :
1339 651 1394 697 et
1453 644 1544 713 qui
1589 643 1919 699 manducant
1987 659 2084 713 pa—

512 751 662 803 nem,
701 749 922 791 necesse
965 746 1050 788 est
1101 744 1158 788 ut
1198 743 1251 789 et
1293 734 1395 804 ipsi
1458 737 1876 801 manducentur,
1928 737 2084 806 panis

513 825 708 881 ell‘ecti.
742 815 867 892 'Qui
917 825 1176 880 occiderit
1211 826 1440 894 pullum,
1490 835 1543 881 et
1575 828 1689 897 ipse
1734 829 1918 899 pullus
1943 828 2078 895 erit,

514 918 607 988 qui
635 931 865 980 murem,
916 932 1041 971 mus
1073 917 1233 971 etiam
1265 917 1379 987 ipse
1409 919 1531 973 erit.
1587 918 1643 973 Si
1672 920 1797 990 quis
1835 936 1961 974 vero
2001 929 2085 975 est

512 1009 665 1064 dives
697 1007 808 1079 (90)
837 1008 890 1061 in
927 1007 1029 1062 hoe
1075 1008 1296 1074 mundo,
1345 1024 1467 1064 cum
1518 1010 1711 1065 exierit
1754 1012 1820 1067 de
1857 1027 2086 1082 corpore

515 1116 637 1167 suo,
675 1116 895 1155 necesse
926 1109 1009 1155 est
1037 1115 1162 1154 eum
1201 1101 1255 1155 in
1298 1118 1495 1172 corpus
1524 1104 1777 1172 pauperis
1808 1102 1979 1173 injici,
2014 1103 2085 1158 ita

516 1206 576 1251 ut
596 1196 853 1259 ambulet,
884 1202 937 1248 et
959 1194 1226 1249 mendicct
1254 1195 1387 1266 (9i),
1411 1204 1463 1249 et
1489 1205 1611 1265 post
1636 1196 1749 1251 haec
1775 1206 1862 1250 eat
1892 1198 1945 1251 in
1972 1212 2087 1266 pte-

519 1302 618 1342 nas
641 1296 889 1341 aeternas.
915 1286 1046 1341 Cum
1070 1301 1200 1357 ergo
1226 1302 1424 1357 corpus
1469 1288 1570 1342 hoc
1596 1288 1896 1357 principum
1920 1291 2011 1355 sit,
2034 1301 2087 1345 et

518 1380 778 1445 materiae,
814 1394 1033 1433 necesse
1055 1390 1139 1433 est
1161 1393 1306 1441 eum,
1339 1379 1432 1448 qui
1467 1380 1789 1448 plantavent
1817 1395 2084 1450 perseam,

520 1473 750 1527 transire
774 1486 868 1543 per
891 1472 1059 1526 multa
1079 1488 1330 1542 corpora,
1351 1487 1632 1542 usquequo
1654 1486 1841 1542 persea
1864 1473 1955 1528 illa
1975 1474 2088 1547 (92)

518 1584 681 1639 quant
723 1569 1077 1637 plantaveral,
1110 1566 1380 1621 concidat.
1413 1564 1519 1632 Qui
1546 1577 1730 1620 autem
1767 1563 2083 1622 aadiﬁcavc-

525 1663 593 1717 rit
642 1662 745 1717 sibi
793 1663 1037 1728 domum,
1090 1661 1434 1730 dispergetur
1461 1660 1574 1730 (95)
1616 1675 1710 1730 per
1736 1661 1920 1714 omnia
1959 1675 2085 1715 cor-

2183 460 2414 513 κοπῶσι.
2446 460 2555 514 Kal.
2580 459 2634 512 εῐ
2657 476 2740 524 τις
2791 458 2952 521 πάλιν
2992 457 3158 511 ἐσθίει
3180 457 3361 528 ἄρτον,
3394 456 3611 527 ἀνάγκη
3662 459 3761 509 καὶ

2180 551 2344 604 αὐτὸν
2370 549 2665 622 βρωθῆναι,
2725 550 2887 622 ἄρτον
2927 549 3235 621 γενόμενον.
3282 549 3352 602 Εἰ
3388 566 3475 612 τις
3506 546 3760 617 φονεύσει

2181 641 2435 715 ὀρνίθιον,
2464 640 2696 713 ὀρνίθιον
2718 640 2889 694 ἔσται.
2916 639 2984 693 Εἴ
3006 657 3089 702 τις
3108 639 3352 709 φονεύσει
3376 638 3504 710 μῦν,
3540 640 3640 690 καὶ
3668 639 3763 691 α’)-

2181 734 2271 798 τός
2304 732 2409 805 μῦς
2439 733 2613 788 ἔσται.
2643 734 2710 786 Εἴ
2755 751 2840 797 τις
2873 731 3030 785 πάλιν
3066 731 3183 784 ἐστὶ
3209 730 3464 794 πλούσιος
3494 733 3557 784 ὲν
3588 728 3763 797 τούτῳ

2182 824 2261 896 τῷ
2292 825 2502 896 κόσμῳ,
2525 824 2620 878 καὶ
2645 823 2738 879 ἐὰν
2764 823 2952 897 ἐξέλθῃ
2981 822 3042 875 ὲκ
3061 821 3153 875 τοῦ
3182 821 3545 894 σκηνώματος
3571 820 3761 882 αὑτοῦ,

2185 918 2396 988 ἀνάγκη
2423 916 2582 970 αὐτὸν
2605 918 2684 980 εἰς
2705 915 2919 986 πτωχοῦ
2945 913 3102 985 σῶμα
3140 914 3602 985 μεταγγισθῆναι.
3625 913 3763 966 ὥστε

2185 1009 2590 1081 περιπατοῦντα
2650 1008 2812 1063 αὐτὸν
2870 1008 3182 1078 ὲπαιτῆσαι,
3234 1006 3330 1060 καὶ
3383 1014 3526 1077 μετα
3596 1023 3765 1061 ταντα

2185 1102 2425 1157 ἀνελθεῖν
2458 1101 2617 1155 αὐτὸν
2648 1103 2728 1165 είς
2750 1101 2967 1155 κόλασιν
2996 1098 3230 1153 αἰώνιον.
3282 1099 3390 1152 Τοῦ
3418 1098 3478 1152 δὲ
3516 1097 3763 1169 σώματος

2185 1194 2374 1250 τούτου
2413 1194 2563 1258 ὄντος
2607 1192 2715 1246 τῶν
2760 1193 3032 1265 ἀρχόντων
3071 1193 3166 1246 καὶ
3214 1193 3312 1264 τῆς
3341 1191 3501 1263 ὕλης,

2185 1289 2275 1342 τὸν
2302 1286 2600 1358 φυτεύοντα
2628 1286 2865 1357 περσέαν
2906 1284 3130 1339 διελθεῖν
3175 1284 3343 1338 πολλά
3378 1285 3643 1356 σώματα,
3670 1284 3764 1350 ἕως

2187 1380 2253 1435 ἂν
2278 1378 2588 1450 καταϐληθῇ
2622 1380 2656 1449 ή
2696 1379 2905 1449 περσέα
2928 1379 3129 1449 ἐκείνη.
3174 1378 3237 1431 El
3280 1378 3336 1431 δέ
3371 1396 3458 1441 τις
3491 1378 3761 1449 oixoﬁoyzi

2188 1470 2364 1541 ἑαυτῷ
2392 1470 2591 1533 οἰκίαν,
2614 1468 3152 1541 διασπαραχθήσεται
3179 1470 3258 1532 εἰς
3284 1469 3353 1523 τὰ
3385 1469 3487 1523 ὅλα
3520 1469 3758 1539 σώματι.

2187 1563 2256 1615 Εἴ
2279 1578 2361 1625 τις
2386 1561 2600 1614 λούεται
2623 1562 2703 1625 εἰς
2744 1561 2802 1614 τὸ
2828 1559 2997 1631 ὕδωρ,
3038 1562 3138 1632 τὴν
3184 1561 3377 1615 ἑαυτοῦ
3409 1560 3602 1633 ψυχὴν
3637 1564 3758 1631 πήσ-

2192 1673 2293 1709 σει’
2319 1656 2412 1709 καὶ
2438 1656 2492 1709 εἴ
2512 1673 2595 1719 τις
2623 1656 2683 1708 ού
2721 1654 2903 1707 δίδωσι
2932 1657 3043 1718 τοῖς
3078 1654 3354 1719 ἐκλεκτοῖς
3397 1654 3575 1707 αὑτοῦ
3615 1655 3761 1707 nisi-

523 1768 671 1823 pora.
703 1750 759 1806 Si
792 1752 915 1822 quis
940 1751 1133 1805 laverit
1160 1750 1295 1805 sein
1318 1764 1482 1818 aqua,
1509 1749 1747 1802 animam
1781 1764 1936 1803 suam
1968 1747 2086 1802 vul-

2196 1749 2357 1813 ϐειαν,
2388 1748 2777 1820 κολασθήσεται
2806 1750 2884 1811 εἰς
2915 1747 3015 1811 τὰς
3043 1746 3255 1816 γενεὰς,
3287 1748 3382 1802 καὶ
3413 1765 3761 1819 μετενσωμα·
3812 1778 3820 1783 -

522 1852 677 1899 nerat
707 1844 860 1914 (94);
893 1850 947 1897 et
983 1842 1077 1912 qui
1116 1857 1224 1896 non
1254 1841 1569 1911 praestiterit
1606 1841 1795 1895 electis
1836 1841 1955 1910 ejus
1986 1840 2086 1894 ali-

522 1946 700 1990 menta
733 1935 874 2003 (95),
902 1935 1078 2004 pomis
1107 1932 1368 1988 subdetur
1387 1932 1645 2003 gehennae
1674 1932 1806 2003 (96),
1835 1944 1886 1988 et
1910 1942 2088 1988 trans-

520 2022 787 2080 formatur
832 2025 886 2076 in
942 2025 1465 2080 catcchumenorum
1509 2039 1761 2093 corpora,
1804 2040 2088 2095 usquequo

521 2116 685 2172 faciat
729 2117 1132 2172 misericordias
1177 2118 1418 2183 multas;
1463 2125 1517 2171 et
1566 2126 1850 2187 prOpterea
1884 2118 2086 2188 siquid

520 2210 784 2278 optimum
811 2218 897 2263 est
922 2210 975 2263 in
1008 2209 1173 2273 escis,
1211 2210 1447 2264 oil‘crunt
1473 2210 1605 2265 illud
1629 2210 1818 2267 electis
1847 2210 1960 2280 (97)
1988 2225 1999 2258 :
2034 2220 2090 2265 et

519 2316 644 2356 cum
679 2302 951 2356 voluerint
973 2302 1301 2356 manducare
1326 2317 1547 2373 panem,
1575 2311 1735 2357 orant
1759 2303 1956 2373 primo,
1985 2303 2087 2359 ista

518 2393 758 2448 dicentes
807 2394 873 2447 ad
910 2409 1103 2464 panem
1133 2414 1146 2448 :
1186 2392 1375 2465 Neque
1406 2410 1508 2466 ego
1538 2404 1591 2451 te
1644 2395 1876 2461 messui,
1912 2410 2089 2465 neque

520 2485 710 2549 molui,
746 2500 926 2554 neque
978 2486 1234 2541 tribulavi
1282 2487 1420 2559 (98),
1463 2504 1564 2543 nec
1610 2489 1663 2543 in
1715 2489 1993 2543 clibanum
2038 2499 2090 2545 te

519 2576 643 2632 misi
668 2595 681 2643 ;
708 2576 850 2631 alius
874 2584 925 2631 te
955 2576 1102 2643 fecit,
1127 2588 1181 2633 et
1204 2578 1399 2634 detulit
1425 2589 1477 2635 te
1513 2581 1679 2649 mihi;
1704 2597 1804 2652 ego
1828 2582 2090 2636 innocen-

517 2677 601 2723 ter
632 2676 684 2723 te
713 2668 982 2722 manduco
1017 2669 1151 2738 (99).
1187 2669 1253 2724 Ει
1274 2672 1561 2727 cumintra
1597 2674 1948 2743 semetipsum
1974 2673 2090 2728 haec

516 2760 737 2826 dixerit,
776 2763 1069 2832 respondet
1117 2764 1185 2817 ad
1224 2780 1350 2819 eum
1402 2766 1498 2836 qui
1547 2766 1598 2821 ei
1654 2766 1886 2822 detulit:
1925 2765 2089 2822 Oravi

520 2868 622 2925 pro
651 2862 706 2909 te
730 2853 842 2924 (i);
869 2864 922 2909 et
948 2854 1038 2909 ille
1065 2855 1296 2912 discedit
1320 2858 1415 2913 ita.
1453 2857 1610 2913 Sicut
1635 2875 1765 2930 ergo
1794 2859 1906 2914 dixi
1935 2860 2089 2916 vobis

522 2950 687 3021 paulo
716 2959 860 3015 ante,
896 2948 942 3004 si
970 2949 1094 3019 quis
1133 2952 1446 3019 messuerit,
1492 2952 1828 3019 demelctur;
1862 2954 1933 3008 ita
1964 2963 2018 3008 et
2042 2953 2087 3009 si

521 3044 648 3114 quis
675 3043 1006 3097 frumentum
1045 3044 1099 3097 in
1131 3045 1331 3099 molam
1360 3046 1591 3111 miserit,
1619 3047 1782 3101 etiam
1811 3045 1927 3116 ipse
1956 3047 2084 3101 mit-

520 3146 665 3192 tetur
691 3136 744 3190 in
778 3134 997 3199 molam,
1031 3144 1125 3189 aut
1166 3136 1210 3190 si
1245 3136 1371 3206 quis
1401 3138 1791 3206 consperserit,
1824 3152 2085 3207 consper-

522 3238 698 3301 getur,
741 3236 835 3282 aut
878 3228 925 3283 si
971 3242 1165 3296 panem
1215 3228 1294 3298 (Ξ)
1341 3229 1570 3295 coxerit,
1616 3238 1984 3298 excoquctur;
2034 3238 2090 3285 et

521 3331 741 3395 propter
777 3321 880 3375 hoc
926 3320 1172 3375 illicitum
1214 3329 1296 3375 est
1329 3320 1471 3390 apud
1506 3335 1599 3376 eos
1627 3336 1763 3390 opus
1789 3320 1988 3376 facere.
2022 3321 2091 3377 Et

521 3415 722 3471 iterum
767 3413 955 3469 dicunt
1008 3428 1128 3468 esse
1181 3413 1315 3468 alios
1360 3414 1649 3483 quosdam,
1682 3422 1879 3483 praeter
1937 3416 2086 3470 hunc

521 3521 685 3578 quem
735 3504 1006 3571 videmus,
1050 3505 1287 3560 mundos
1334 3504 1432 3577 (5),
1461 3505 1661 3575 quibus
1699 3506 1863 3576 hujus
1897 3507 2087 3561 mundi

522 3597 834 3665 luminaria,
863 3612 987 3652 cum
1039 3598 1127 3653 hic
1171 3599 1493 3666 occiderint,
1523 3599 1868 3654 oboriuntur.
1893 3598 1962 3654 Et
2006 3599 2083 3653 illi

521 3688 711 3747 dicunt
738 3690 832 3761 (4),
857 3690 903 3745 si
948 3689 1072 3760 quis
1098 3690 1338 3744 ambulat
1383 3692 1437 3744 in
1485 3701 1648 3758 terra,
1681 3690 1825 3746 laedit
1860 3698 2082 3757 terrain,

520 3794 571 3839 et
594 3782 686 3852 qui
716 3790 895 3835 movet
925 3796 1145 3835 manum
1176 3781 1275 3850 (5),
1295 3780 1440 3835 laedit
1465 3796 1671 3847 aerem,
1704 3781 1833 3851 quia
1857 3796 1949 3836 aer
1972 3781 2088 3835 ani-

2186 1842 2371 1896 τοῦται
2401 1843 2476 1905 εἰς
2499 1858 2739 1914 κατηχου
2751 1841 2926 1911 μένων
2959 1840 3205 1911 σώματα,
3262 1841 3368 1903 ἓως
3405 1836 3470 1894 οὗ
3512 1840 3594 1911 δῷ
3622 1842 3762 1894 5:332-

2186 1932 2336 1998 ϐείας
2361 1933 2580 1997 πολλάς
2616 1935 2711 1986 καὶ
2734 1933 2821 1987 διὰ
2840 1930 3022 1999 τοῦτο,
3061 1932 3190 1985 εἴτι
3218 1931 3514 1985 κάλλιστον
3545 1934 3608 1984 ἐν
3638 1932 3761 2002 βρὼμ

2190 2044 2341 2098 μασι,
2371 2029 2481 2090 τοῖς
2514 2026 2787 2089 ἐκλεκτοῖς
2817 2025 3205 2098 προσφέρουσι.
3247 2026 3358 2077 Καὶ
3396 2026 3535 2078 ὅταν

2190 2136 2272 2173 σιν
2301 2119 2499 2173 ἐσθίειν
2521 2120 2706 2189 ἄρτον,
2732 2118 3124 2191 προσεύχονται
3148 2115 3386 2188 πρῶτον,
3408 2116 3565 2170 οὕτω
3590 2118 3760 2186 λέγον-

2188 2227 2278 2274 τες
2304 2209 2438 2281 πρὸς
2476 2208 2565 2262 τὸν
2594 2209 2780 2279 ἄρτον·
2818 2207 2959 2261 Οὔτε
2983 2224 3042 2261 σε
3072 2206 3182 2277 ἐγὼ
3215 2207 3460 2279 ὲθέρισα,
3495 2206 3627 2260 οὔτε
3654 2208 3760 2277 his-

2189 2320 2277 2365 σα,
2315 2300 2439 2355 οὒτε
2463 2301 2656 2371 ἔθλιψά
2692 2318 2774 2367 σε,
2818 2300 2942 2354 οὔτε
2971 2303 3049 2365 εἰς
3103 2300 3352 2354 κλίϐανον
3386 2300 3609 2353 ἔϐαλον’
3641 2300 3761 2353 ἀλλὰ

2187 2395 2343 2459 ἄλλος
2365 2396 2590 2467 ἐποίησε
2619 2395 2809 2460 ταῦτα,
2836 2396 2932 2449 καὶ
2976 2395 3173 2467 ἤνεγκέ
3203 2413 3316 2466 μοι,
3354 2393 3470 2464 ἐγὼ
3512 2395 3763 2458 ἀναιτίως

2187 2486 2405 2557 ἔφαγον.
2448 2487 2559 2541 Καὶ
2584 2487 2711 2540 ὅταν
2743 2486 2863 2540 καθ’
2903 2488 3093 2539 ἑαυτὸν
3114 2487 3244 2561 εἴπῃ
3277 2486 3474 2549 ταῦτα,
3509 2486 3659 2555 λέγει
3695 2486 3763 2556 τῷ

2188 2578 2593 2652 κατηχουμένῳ·
2620 2578 2883 2649 Ηύξάμην
2911 2579 3050 2651 ὑπὲρ
3078 2578 3192 2631 σοῦ·
3223 2579 3318 2631 καὶ
3338 2578 3520 2642 οὕτως
3551 2578 3767 2648 ἁςίσταο

2188 2690 2274 2726 ται
2303 2674 2529 2736 ἐκεῖνος.
2577 2673 2665 2735 Ὠς
2710 2671 2820 2744 γὰρ
2850 2669 2999 2725 εἷπον
3029 2673 3158 2743 ὑμῖν
3209 2672 3316 2741 πρὸ
3360 2672 3574 2742 ὀλίγου,
3606 2673 3661 2726 εἰ
3686 2690 3765 2735 τις

2189 2763 2391 2837 θερίζει
2444 2764 2777 2837 θερισθῆναν
2814 2752 2987 2827 οὖτωξ
3046 2764 3140 2818 ἐὰν
3198 2767 3277 2830 εἰς
3337 2765 3593 2837 μηχανὴν
3630 2767 3767 2818 σῖτον

2191 2855 2381 2929 βάλλῃ,
2409 2854 2736 2927 βληθήσεται
2761 2855 2857 2909 καὶ
2883 2855 3064 2920 αὐτὸς,
3115 2856 3149 2927 ἢ
3187 2856 3429 2928 φοράσας
3462 2850 3769 2929 φοραθήσε-

2186 2966 2299 3015 ται,
2328 2950 2362 3021 ἢ
2392 2949 2635 3022 ὀπτήσας
2686 2948 2850 3022 ἄρτον
2901 2948 3289 3022 ὀπτηθήσεται·
3340 2948 3434 3004 καὶ
3472 2951 3563 3005 διὰ
3608 2951 3769 3004 τοῦτο

2189 3042 2480 3112 ἀπείρηται
2534 3041 2716 3100 αὐτοῖς
2748 3040 2911 3112 ἔργον
2968 3042 3208 3113 ποιῆσαι.
3258 3043 3369 3097 Καὶ
3429 3043 3583 3097 πάλιν
3618 3045 3766 3096 εἰσιν

2187 3133 2364 3205 ἕτεροι
2401 3134 2594 3202 κόσμοι
2640 3134 2807 3198 τινὲς,
2860 3134 2968 3188 τῶν
3023 3135 3325 3205 φωστήρων
3366 3136 3620 3189 δννάντων
3644 3137 3766 3189 ἀπὸ

2186 3225 2375 3279 τούτου
2401 3224 2495 3278 τοῦ
2523 3226 2757 3296 κόσμου,
2785 3226 2846 3291 ἐξ
2906 3219 2982 3280 ὧν
3034 3226 3405 3281 ἀνατέλλουσι.
3435 3227 3540 3280 Καὶ
3589 3227 3648 3281 εῐ
3674 3244 3769 3291 τις

2188 3321 2480 3389 περιπατεῖ
2526 3319 2721 3389 χαμαὶ,
2776 3318 3001 3389 βλάπτει
3058 3319 3148 3372 τὸν
3201 3319 3361 3392 ἀέρα’
3392 3319 3623 3390 ἐπειδὴό
3654 3318 3768 3393 ἀὴρ

2189 3410 2332 3481 ψυχή
2355 3412 2469 3462 ἐστι
2500 3409 2608 3463 τῶν
2659 3409 2983 3483 ἀνθρώπων,
3016 3411 3111 3464 καὶ
3164 3410 3273 3465 τῶν
3298 3409 3468 3476 ζώων,
3519 3412 3613 3465 καὶ
3661 3411 3768 3465 τῶν

2193 3503 2452 3556 πετεινῶν
2480 3503 2577 3556 κα)¹
2633 3503 2741 3558 τῶν
2777 3504 2994 3576 ἰχθύων,
3037 3503 3253 3558 καὶτῶν
3275 3503 3540 3576 ἑρπετῶν.
3574 3504 3693 3558 Καὶ
3718 3504 3772 3557 εἰ

2192 3612 2275 3659 τις
2307 3597 2362 3648 ὲν
2394 3594 2583 3667 κόσμῳ
2616 3596 2786 3659 ἐστὶν,
2834 3592 2985 3650 εἷπον
3021 3597 3170 3667 ὑμῖν,
3199 3597 3282 3649 ὅτι
3324 3596 3386 3649 τὸ
3422 3595 3580 3666 σῶμα
3610 3595 3770 3649 τοῦτο

2187 3690 2289 3743 οὐκ
2320 3688 2436 3742 ἔστι
2467 3688 2559 3741 τοῦ
2586 3688 2744 3752 Θεοῦ,
2776 3688 2915 3742 ἀλλὰ
2969 3690 3069 3759 τῆς
3117 3688 3249 3761 ὕλης
3298 3690 3418 3743 ἐστὶ
3446 3691 3539 3743 καὶ
3570 3689 3768 3755 σκότος

2189 3781 2328 3845 ἐστὶ,
2361 3782 2454 3835 καὶ
2488 3780 2619 3833 αὐτὸ
2642 3781 2974 3852 σκοτωθῆναι
3004 3782 3116 3836 δεῖ.

524 3895 612 3934 ma
647 3886 733 3934 est
778 3877 1083 3943 hominum,
1143 3886 1193 3932 et
1256 3878 1596 3946 animalium,
1643 3890 1697 3933 et
1737 3878 2061 3945 volatilium,
2105 3884 2159 3932 et
2186 3877 2440 3947 piscium,
2497 3885 2553 3931 et
2601 3876 2932 3946 repentium.
2969 3886 3023 3932 et
3063 3878 3109 3932 si
3159 3877 3288 3947 quid
3322 3875 3401 3949 (6)
3430 3886 3515 3934 est
3550 3876 3605 3931 in
3654 3879 3769 3933 hoc

522 3975 724 4033 mundo
752 3989 766 4025 :
794 3972 903 4028 dixi
935 3973 1082 4027 enim
1119 3973 1295 4042 vobis,
1325 3975 1452 4045 quia
1493 3990 1690 4045 corpus
1714 3979 1817 4030 hoc
1873 3990 1981 4030 non
2038 3980 2123 4029 est
2157 3971 2282 4043 Dei,
2322 3974 2416 4030 sed
2436 3971 2770 4029 materiaecst
2792 3983 2845 4029 et
2875 3982 3245 4039 tenebrarum,
3281 3983 3334 4028 et
3362 3962 3502 4030 ideo
3540 3988 3769 4029 necesse

524 4079 608 4128 est
641 4068 771 4123 illud
804 4067 1091 4122 obscurari
1116 4068 1217 4139 (7).

595 4163 703 4237 (90)
740 4162 922 4237 Codex
955 4160 1271 4237 Bobien‘sis,
1325 4182 1344 4215 ι
1395 4179 1617 4237 necesse
1640 4173 1780 4237 est,
1819 4173 1872 4219 et
1898 4164 2091 4237 ipsum

526 4234 838 4293 manducari
875 4249 1065 4306 panem
1094 4234 1365 4306 effectum.
1410 4234 1565 4301 Quod
1606 4236 1651 4291 si
1678 4235 1937 4290 occiderit
1967 4238 2091 4306 pu|~

525 4307 658 4369 lum,
691 4315 745 4360 et
774 4307 886 4374 ipse
918 4304 1098 4374 pullus
1128 4305 1247 4359 erit.
1279 4303 1415 4371 Quis
1445 4322 1570 4360 vero
1604 4315 1685 4361 est
1715 4308 1885 4360 dives.
1930 4303 2087 4362 {Sed

526 4378 863 4448 Epiphanius
894 4391 1017 4448 cum
1046 4375 1330 4429 Casinensi
1385 4377 1573 4448 codice
1605 4377 1877 4448 convenit.
1916 4376 2086 4448 (Male

2274 4163 2384 4236 (98)
2419 4166 2478 4218 In
2531 4161 2719 4236 Graeco
2771 4158 3326 4236 Ερὶρῖιίιηίἰηὲθλιψα,
3371 4161 3630 4232 «subegi,
3659 4182 3679 4212 ι
3709 4178 3775 4216 eo

2197 4232 2497 4306 sensuque
2520 4233 2753 4306 (farinam
2776 4234 3025 4306 subigere
3049 4232 3304 4306 dicimus.

2266 4307 2379 4374 (99)
2406 4299 2741 4368 Casineusis,
2779 4321 2798 4353 ι
2823 4299 3184 4374 nia'nducoqet
3227 4302 3447 4374 solvo.»
3506 4299 3621 4355 Sed
3677 4318 3777 4354 nos

2196 4372 2477 4432 Bobiensis
2508 4375 2735 4439 codicis,
2767 4382 2821 4428 et
2851 4372 3139 4443 Epiphanii
3172 4372 3463 4426 lectionem
3495 4375 3775 4442 expressi-

526 4445 704 4503 autem
736 4449 788 4502 in
823 4446 1063 4519 margine
1109 4447 1418 4502 emendavit
1464 4446 1729 4516 Valesius,
1768 4465 1786 4499 ι
1825 4445 2084 4519 Quisquis
2115 4446 2159 4501 Ι)
2187 4462 2330 4502 Inus.

525 4536 654 4575 vero
693 4529 774 4574 est
821 4518 990 4572 dives.
1026 4535 1044 4568 ι

595 4613 706 4682 (9i)
744 4611 924 4667 Codex
955 4609 1268 4676 Bobiensis,
1300 4629 1320 4661 ι
1368 4621 1424 4666 ut
1449 4610 1719 4675 ambulet,
1747 4611 2035 4667 mendicet.
2073 4632 2089 4663 ι

599 4686 711 4757 (92)
753 4683 887 4738 Male
934 4682 1014 4757 in_
1040 4682 1542 4757 Casinensicodice
1588 4684 1887 4757 legebatur,
1938 4699 2098 4757 «_per

527 4774 587 4813 se
608 4752 701 4811 'ad'
729 4757 896 4811 illam.
932 4752 1152 4826 »__Porr9
1184 4754 1386 4826 περσέα
1418 4752 1670 4808 Petavius
1695 4754 1873 4826 vertit,
1916 4773 1934 4806 ι
1966 4754 2095 4810 Per-

526 4831 642 4884 sica
671 4828 853 4882 arbor.
902 4845 920 4878 ›
958 4823 1083 4880 Vide
1110 4823 1469 4895 Epiphanium
1500 4840 1652 4878 num.
1685 4824 1740 4879 9.

604 4922 717 4992 (95)
770 4920 950 4975 Codex
1001 4918 1305 4992 Bobiensis,
1367 4918 1802 4992 vd‘ispergituru
1857 4916 2094 4990 Epipha-

528 4988 657 5048 nius
690 4988 853 5047 habet
877 5001 937 5045 ut
959 4993 1129 5045 codex
1161 4988 1497 5043 Casinensis.

602 5086 715 5157 (9i)
766 5085 824 5140 in
872 5084 1059 5141 Graaco
1111 5083 1395 5157 Epiplianli
1461 5092 1543 5137 est
1582 5085 1801 5157 πήσσει,
1852 5082 2092 5157 «frigore

532 5155 807 5228 astringit,
845 5157 1153 5228 congelat.»
1193 5155 1416 5210 Latinus
1463 5162 1645 5208 tamen
1703 5155 1968 5226 interpres
2015 5155 2090 5209 lc-

532 5227 691 5300 gisse“
706 5229 919 5300 videtur
945 5229 1191 5300 ᾳτλήσσει.

605 5297 718 5367 (95)
741 5299 898 5369 Apud
940 5295 1302 5370 Epiphaniam
1353 5296 1560 5362 scribit,
1591 5297 1891 5362 εὐσέϐειαν,
1928 5314 1947 5349 ι
1972 5295 2089 5367 pie-

532 5373 719 5420 tatem.
747 5387 766 5419 ι

607 5436 719 5504 (96)
762 5438 1117 5514 Epiphanius,
1152 5461 1170 5493 ι
1195 5456 1289 5512 per
1312 5440 1511 5497 multas
1539 5439 1938 5514 generationes,
1969 5451 2093 5511 pm-

536 5513 941 5577 nasexpendct.
966 5530 985 5562 ι

594 5575 938 5656 ,(97>ζροᾳει
988 5581 1293 5656 Bobiensis,
1327 5604 1346 5637 ι
1372 5584 1608 5640 offerunt
1652 5583 1787 5638 illud
1827 5582 2087 5656 illis_ele«

538 5646 707 5726 etis?
736 5645 1071 5726 casinensis,
1109 5645 1345 5711 toﬂ‘er're
1399 5657 1532 5712 illud
1578 5656 1797 5725 electis;
1820 5673 1839 5707 ι
1876 5652 1973 5712 sed
2018 5669 2086 5711 ex

536 5713 837 5788 Epiphanio
857 5713 1139 5791 legendum
1169 5735 1231 5781 ut
1255 5727 1541 5785 edidimus.

2272 4518 2348 4586 (l)
2378 4516 2559 4571 Codex
2605 4514 2967 4586 Bobiensis,_i
2991 4511 3285 4582 respondet
3337 4512 3435 4586 ad_
3466 4512 3658 4582 illum,
3686 4515 3776 4583 qui

2199 4583 2391 4642 detulit
2426 4606 2438 4640 :
2467 4587 2625 4640 Uravi
2659 4601 2758 4655 pro
2803 4594 2872 4639 te.
2894 4583 2971 4655 Si
3001 4585 3125 4652 quis
3170 4583 3491 4655 [nessueriu
3530 4585 3779 4639 demete-

2200 4666 2308 4727 tur,
2351 4669 2455 4714 etc.
2479 4677 2496 4709 ι
2532 4653 2867 4727 Epiphanius
2891 4654 3054 4727 habet
3083 4674 3096 4707 :
3125 4653 3777 4727 r_l_)icit_catechumeno,

2196 4721 2359 4783 Oravi
2388 4744 2486 4799 pro
2527 4721 2599 4791 te,
2633 4721 2688 4783 et
2726 4728 2816 4799 ita
2840 4795 2852 4799 _
2874 4725 2962 4779 ille
2990 4725 3239 4799 discedit.
3277 4721 3449 4799 _Nam,
3489 4726 3647 4779 sicut
3678 4744 3778 4799 ego

2194 4802 2357 4869 paulo
2386 4793 2509 4869 ante
2529 4799 2661 4864 dixi,
2693 4798 2739 4851 si
2763 4795 2893 4869 quis,
2915 4796 3224 4869 messuerit,
3259 4793 3599 4849 demetetur.
3624 4817 3646 4849 ι
3675 4793 3779 4851 seu

2194 4866 2387 4924 inelior
2416 4868 2591 4924 Latini
2623 4868 2930 4936 interpretis
2956 4866 3136 4919 lectio.

2267 4941 2343 5011 (Ξ)
2377 4940 2557 5011 Codex
2584 4935 2887 5011 Bobiensis,
2925 4954 2942 4985 ι
2964 4938 3035 4989 ita
3074 4945 3127 4989 et
3156 4935 3201 4989 si
3227 4935 3352 5011 quis
3385 4950 3621 5011 panem.
3651 4957 3672 4989 ι

2262 5007 2338 5083 (5)
2374 5010 2531 5083 Idem,
2551 5011 2741 5072 codex,
2781 5008 2957 5061 «alios
3002 5017 3198 5076 praeter
3249 5010 3397 5061 hunc
3418 5007 3608 5075 'quem
3639 5010 3781 5064 vide-

2193 5081 2336 5147 mus,
2373 5081 2652 5135 mundum.
2678 5099 2696 5130 ι
3047 5145 3076 5147 Α,
3104 5145 3112 5147 Α
3162 5146 3187 5147 μ
3384 5083 3398 5093 ’

2264 5145 2340 5221 (4)
2367 5151 2550 5206 Codex
2578 5147 2893 5221 Bobiensis,
2913 5164 2938 5221 ι
2957 5154 3012 5200 et
3044 5145 3115 5199 ibi
3142 5146 3399 5202 dicunt.)

2262 5217 2341 5295 (ξς)
2368 5222 2510 5295 Idem
2536 5222 2725 5295 codex,
2765 5237 2784 5270 ι
2805 5219 2897 5287 qui
2927 5217 3069 5295 levat
3097 5233 3347 5295 manuni.
3376 5237 3396 5269 ι

2260 5288 2337 5362 (6)
2366 5294 2511 5347 Idem
2534 5291 2726 5362 codex,
2761 5308 2779 5339 ι
2801 5289 3157 5362 reptantium.
3190 5288 3256 5362 Et
3279 5291 3324 5344 si
3353 5289 3529 5360 quod.
3565 5308 3587 5342 ι

2260 5306 2315 5362 (ὕ
2368 5306 2511 5347 luem
2534 5306 2726 5353 COGCX,
2761 5308 2779 5339 ί
2801 5306 3157 5358 reptantium.
3190 5306 3256 5343 bl
3279 5306 3324 5344 Sl
3353 5306 3529 5360 quoa.
3565 5308 3587 5342 Ι

2260 5306 2339 5435 (7)
2372 5360 2957 5435 Codchobien_sis._¢
2983 5361 3325 5435 corpusuhoc
3358 5376 3474 5435 non
3508 5362 3654 5435 illud
3684 5377 3773 5417 ne-

2189 5428 2341 5491 cesse
2384 5442 2467 5488 est
2517 5430 2866 5486 obscurarin
2904 5428 3011 5484 Sed
3059 5431 3314 5484 mutilum
3374 5433 3531 5486 hunc
3584 5432 3776 5487 locum

2189 5521 2309 5561 esse
2335 5512 2479 5575 patet
2508 5518 2575 5575 ex
2610 5499 3211 5575 Epiphanio,_quicum
3242 5499 3434 5557 Casio.
3467 5504 3601 5575 cod.
3643 5519 3780 5559 con-

2189 5571 2392 5633 cordat.
2423 5572 2537 5628 Nisi
2561 5573 2706 5642 quod
2741 5572 2902 5626 habet
2932 5571 3297 5641 Epiphanius,
3327 5590 3347 5622 ι
3385 5573 3485 5629 sed
3519 5575 3781 5632 materia

2188 5658 2291 5714 est,
2321 5650 2605 5718 ipsumque
2631 5658 2829 5714 corpus
2858 5642 3167 5700 obscuritas
3199 5652 3305 5699 est.
3334 5661 3355 5696 ι
