3996 6208
264 337 404 395 1145

1379 349 1522 406 CUM
1558 350 1838 408 MANETE
1874 349 2409 409 ILERESIARCHA.

3358 364 3495 419 ιιισ

332 455 471 527 Περὶ
532 455 590 511 δὲ
639 457 733 511 τοῦ
797 456 1159 532 παραδείσου,
1210 464 1271 517 οὐ
1318 466 1558 522 καλεῖται
1605 470 1808 541 κόσμος

2002 469 2069 524 Χ.
2107 468 2399 526 Paradisus
2442 479 2622 527 autem
2646 473 2738 542 qui
2768 482 2992 530 vocatur
3018 478 3255 538 mundus
3290 480 3393 551 (8),
3437 491 3490 539 et

262 545 381 600 εστι
433 546 490 600 δὲ
531 548 599 602 τὰ
649 549 791 619 φυτά
828 553 898 605 τά
938 553 996 606 ὲν
1041 552 1187 625 αύτῷ
1226 557 1486 629 ἐπιθυμία
1537 560 1631 614 κα)¹
1674 561 1831 615 ἀλλαι

261 637 490 704 ἀπάται,
532 638 937 713 διαφθείρουσαι
978 647 1104 710 τοὺς
1137 647 1429 721 λογισμοὺς
1472 652 1580 706 τῶν
1622 653 1831 725 ἀνθρὼ-

261 745 379 781 πων
412 730 652 785 ἐκείνων.
692 734 763 787 Τὸ
788 735 844 789 δὲ
876 737 932 791 ὲν
955 739 1266 811 παραδείσῳ
1299 742 1479 810 φυτὸν,
1514 744 1573 810 ἐξ
1603 739 1663 799 οὗ
1687 761 1829 814 γνω-

263 819 474 893 ρίζουσι
511 822 571 876 τὸ
618 823 799 892 καλὸν,
847 828 977 883 αὑτό
1016 832 1161 885 ἐστιν
1204 834 1234 885 ὁ
1282 834 1518 903 Ἰησοῦς·
1556 838 1589 907 η
1632 836 1831 905 γνῶσις

261 913 449 978 αὑτοῦ,
483 917 516 988 ἠ
551 918 609 970 ὲν
633 917 710 989 τῷ
742 920 962 992 κόσμῳο
998 922 1026 974 ὁ
1067 923 1124 977 δὲ
1151 925 1439 997 λαμϐάνων
1480 928 1740 1002 διακρίνει
1771 932 1831 985 τὸ

260 1005 424 1061 καλὸν
467 1008 560 1061 καὶ
591 1009 651 1062 τὸ
682 1013 934 1084 πονηρόν.
977 1014 1035 1067 '0
1080 1016 1179 1087 μὲν
1209 1035 1289 1071 τοι
1335 1018 1558 1090 κόσμος,
1590 1020 1699 1073 οὐδ’
1728 1023 1828 1076 αὐ-

259 1097 352 1162 τός
376 1100 491 1151 ἐστι
511 1100 605 1153 τοῦ
630 1101 782 1166 Θεοῦ,
817 1104 929 1157 ἀλλ’
959 1105 991 1177 ἢ
1016 1107 1123 1160 ἀπὸ
1148 1108 1347 1179 μέρους
1371 1111 1469 1181 τῆς
1501 1110 1630 1182 ὕλης
1662 1113 1829 1167 ὲπλά-

260 1189 387 1262 σθη.
421 1192 515 1245 καὶ
544 1192 630 1246 διά
660 1193 818 1247 τοῦτο
846 1197 1022 1250 πάντα
1057 1199 1407 1267 ἀφανίζεται’
1431 1202 1460 1254 ὃ
1480 1202 1534 1256 δὲ
1560 1202 1829 1275 ἐσύλησαν

257 1282 307 1334 οἱ
341 1282 600 1353 ἄρχοντες
623 1285 730 1338 ἀπὸ
761 1286 853 1339 τοῦ
889 1288 1103 1359 πρώτου
1131 1290 1437 1362 ἀνθρώπου,
1468 1295 1596 1348 αὐτό
1629 1298 1743 1349 ἐστι
1768 1298 1827 1351 τὸ

257 1373 483 1442 γεμίξον
524 1374 623 1446 τὴν
664 1377 913 1449 σελήνην,
954 1380 1013 1433 τὸ
1064 1381 1487 1453 καθαριςόμενον
1532 1388 1829 1461 καθημερι-

255 1464 348 1519 νὸν
393 1467 498 1520 ἀπὸ
539 1467 631 1521 τοῦ
676 1470 918 1540 κόσμου·
964 1474 1057 1526 καὶ
1103 1474 1197 1527 ἐὰν
1241 1474 1427 1549 ἐξέλθῃ
1472 1479 1505 1549 ἡ
1550 1477 1713 1552 ψυχὴ,
1752 1482 1825 1554 μὴ

256 1559 461 1629 γνοῦσα
483 1562 579 1633 τὴν
598 1562 875 1633 ἀλήθειαν,
906 1566 1253 1636 παραδίδοται
1278 1572 1389 1632 τοῖς
1413 1569 1657 1641 δαίμοσιν
1681 1573 1827 1637 ὅπως

254 1646 571 1717 δαμάσῳσιν
615 1648 783 1721 αὐτὴν
826 1653 882 1703 ὲν
926 1654 1040 1714 ταῖς
1080 1654 1325 1721 γεένναις
1365 1655 1457 1709 τοῦ
1497 1658 1696 1728 πυρός·
1733 1660 1827 1712 καὶ

259 1738 400 1808 μετά
441 1738 537 1809 τὴν
576 1740 853 1796 παίδευσιν
900 1744 1285 1813 μεταγγίζεται
1324 1748 1404 1809 είς
1448 1745 1693 1819 σώματα,
1739 1750 1825 1804 ἵνα

1931 560 2152 616 arbores
2180 577 2301 631 qua:
2346 564 2401 617 in
2435 563 2553 634 ipso
2579 573 2725 631 sunt,
2776 569 3228 637 concupiscentiae
3267 584 3411 642 sunt,
3436 587 3489 631 et

1930 661 2135 707 caetera:
2179 655 2522 711 seductiones
2574 669 2987 727 corrumpentes
3030 665 3387 734 cogitationes
3411 667 3489 738 (9)

1930 741 2234 799 hominum.
2268 744 2361 800 llla
2399 756 2579 801 autem
2617 749 2780 803 arbor
2811 765 2932 819 qua:
2985 762 3067 808 est
3112 754 3169 809 in
3212 759 3487 827 paradiso,

1928 842 1980 887 et
2014 850 2120 903 qua
2143 837 2455 906 agnoscitur
2481 838 2703 904 bonum,
2729 840 2842 910 ipse
2864 851 2946 896 est
2974 841 3152 913 Jesus,
3187 854 3241 902 et
3263 850 3487 905 scientia

1928 925 2071 981 illius
2096 926 2206 997 (10)
2234 943 2356 997 qua:
2393 938 2475 983 est
2504 929 2558 983 in
2591 931 2828 997 mundo;
2859 947 3021 1002 quam
3065 937 3158 1005 qui
3197 942 3484 1009 acceperit.

1926 1016 2186 1070 discernit
2238 1018 2443 1072 bonum
2483 1034 2514 1073 a
2558 1020 2721 1074 malo.
2747 1020 2980 1079 Mundus
3007 1038 3188 1081 autem
3224 1045 3324 1084 nec
3368 1031 3486 1100 ipse

1926 1116 2009 1161 est
2055 1106 2171 1171 Dei,
2214 1109 2308 1163 sed
2347 1125 2413 1163 ex
2464 1120 2618 1179 parte
2667 1113 2907 1167 materia:
2937 1114 3047 1185 (11)
3076 1117 3397 1189 plasmatus,
3425 1130 3480 1177 et

1926 1197 2046 1251 ideo
2067 1199 2249 1253 omnia
2274 1201 2722 1257 exterminantur.
2751 1202 2905 1268 Quod
2932 1215 3110 1260 autem
3149 1208 3313 1265 iurati
3356 1223 3487 1270 sunt

1926 1287 2194 1357 principes
2248 1305 2278 1343 a
2336 1291 2513 1360 primo
2557 1292 2791 1360 homine,
2828 1296 3001 1364 ipsum
3025 1307 3108 1353 est
3137 1302 3280 1370 quod
3310 1303 3487 1359 adim-

1924 1380 2033 1448 plet
2078 1380 2283 1446 lunam,
2317 1383 2461 1451 quod
2495 1384 2739 1453 quotidie
2787 1396 3055 1457 purgatur
3085 1405 3115 1443 a
3152 1392 3396 1450 mundo:
3429 1404 3486 1452 et

1925 1470 1969 1523 si
2000 1472 2192 1525 exierit
2213 1472 2392 1526 anima
2417 1489 2536 1542 qua:
2562 1488 2667 1527 non
2693 1478 3005 1544 cognoverit
3036 1480 3336 1548 veritatem,
3370 1493 3483 1540 tra-

1924 1560 2071 1616 ditur
2100 1563 2211 1633 (l2)
2252 1564 2610 1631 daemonibus,
2644 1574 2701 1619 ut
2730 1581 2849 1620 eam
2880 1568 3102 1625 doment
3143 1571 3198 1625 in
3233 1575 3478 1643 gehenna

1925 1652 2107 1722 ignis:
2140 1662 2193 1708 et
2250 1664 2597 1725 posteaquam
2643 1670 2881 1715 correcta
2930 1661 3113 1727 fuerit,
3145 1666 3479 1722 transfundi-

1924 1752 2013 1795 tur
2041 1744 2151 1811 (15)
2192 1744 2245 1797 in
2274 1746 2378 1799 alia
2418 1762 2665 1815 corpora,
2706 1759 2765 1803 ut
2804 1750 3074 1819 dometur,
3109 1764 3163 1809 et
3193 1755 3265 1811 ita
3300 1757 3480 1828 injici-

255 1827 527 1899 δαμασθῇ,
558 1831 650 1884 καὶ
681 1830 820 1885 οὕτω
848 1810 1098 1902 βάλλεται
1130 1838 1210 1899 είς
1251 1836 1310 1889 τὸ
1344 1838 1485 1908 μέγα
1521 1810 1811 1914 πῦρίνάχρι

1926 1842 2015 1887 tur
2065 1833 2119 1887 in
2160 1835 2310 1888 illum
2338 1852 2589 1906 magnum
2616 1839 2793 1909 ignem
2832 1858 3010 1912 usque
3031 1846 3096 1900 ad
3125 1862 3476 1905 consumma-

253 1920 353 1989 τῆς
384 1920 708 1985 συντελείας.
750 1924 886 1994 Περὶ
934 1925 989 1978 δὲ
1028 1926 1135 1980 τῶν
1175 1930 1301 1999 παρ’
1349 1929 1478 1999 ὑμῖν
1524 1934 1820 2003 προφητῶν

254 2011 430 2075 οὕτως
466 2010 645 2081 λέγει’
683 2014 903 2086 Πνεῦμα
959 2012 1095 2072 εἶναι
1136 2020 1406 2084 ἀσεϐείας,
1439 2022 1555 2091 ἦτοι
1596 2025 1822 2095 ἀνομίας

253 2099 347 2154 τοῦ
404 2102 649 2167 σκότους,
699 2103 793 2157 τοῦ
840 2105 935 2159 ἀπ’
978 2108 1155 2180 ἀρχῆς
1193 2111 1522 2176 ἀνελθόντος.
1567 2115 1678 2168 Καὶ
1727 2118 1818 2173 διά

251 2190 415 2244 τοῦτο
439 2193 799 2264 πλανηθέντες
818 2196 917 2250 οὐκ
942 2198 1207 2270 ἐλάλησαν
1227 2217 1240 2230 ·
1274 2201 1579 2272 ἐτύφλωσεν
1603 2207 1710 2278 γὰρ
1730 2209 1821 2261 αύ-

250 2282 362 2336 τῶν
387 2283 416 2335 ὁ
448 2285 628 2356 ἄρχων
657 2286 755 2358 τὴν
786 2285 1019 2342 διάνοιαν
1038 2306 1051 2319 ·
1086 2290 1178 2345 καὶ
1211 2293 1264 2344 ετ
1291 2310 1373 2356 τις
1404 2292 1681 2349 ἀκολουθεῖ
1710 2299 1820 2362 τοῖς

250 2372 430 2443 λόγοις
453 2377 652 2442 αὐτῶν,
683 2378 1011 2451 ἀποθνήσκει
1037 2382 1116 2445 είς
1137 2384 1263 2447 τοὺς
1297 2383 1517 2450 αἰῶνας,
1541 2386 1819 2456 δεδεμένος

253 2467 332 2528 είς
356 2466 453 2537 τὴν
480 2467 669 2537 βῶλον,
704 2468 786 2522 ὅτι
810 2471 909 2523 οὐκ
946 2470 1113 2542 ἔμαθε
1137 2473 1235 2543 τὴν
1276 2473 1478 2543 γνῶσιν
1516 2475 1609 2530 τοῦ
1639 2478 1818 2549 Παρα-

252 2556 474 2629 κλήτου.
520 2559 848 2614 Ἐνετείλατο
871 2562 928 2615 δὲ
953 2566 1062 2627 τοῖς
1099 2563 1373 2630 ἐκλεκτοῖς
1403 2564 1566 2619 αὑτοῦ
1616 2568 1813 2637 μόνοις,

253 2652 317 2708 ού
372 2651 531 2706 πλέον
580 2651 718 2706 ἑπτά
748 2648 865 2708 οῦσι
906 2655 997 2708 τὸν
1039 2655 1300 2727 ἀριθμόνο
1364 2657 1489 2710 Ἐὰν
1539 2658 1814 2727 παύσησθε

253 2742 544 2807 ἐσθίοντες,
590 2743 847 2814 εὔχεσθε,
896 2746 987 2800 καὶ
1030 2745 1250 2817 βάλλετε
1292 2748 1384 2800 ἐπὶ
1428 2749 1526 2820 τῆς
1575 2750 1815 2820 κεφαλῆς

252 2835 428 2889 ἔλαιον
474 2834 870 2906 ὲξωρκισμένον
914 2837 1137 2907 ὀνόμασι
1183 2837 1395 2901 πολλοῖς
1445 2840 1578 2910 πρὸς
1626 2858 1812 2913 στηρι-

251 2927 389 2998 τμὸν
430 2928 530 2999 τῆς
569 2927 802 2992 πίστεως
832 2929 1067 2993 ταύτης·
1103 2928 1170 2982 τὰ
1204 2929 1261 2982 δὲ
1300 2929 1538 2999 ὀνόματά
1580 2950 1668 3003 μοι
1714 2934 1813 2988 οὐκ

250 3016 563 3088 ἐφανερώθη
588 3035 601 3047 ο
641 3018 789 3089 μόνοι
814 3019 921 3091 γὰρ
948 3023 996 3073 οί
1024 3020 1161 3074 ἑπτὰ
1186 3020 1395 3084 τούτοις
1420 3021 1674 3092 χρῶνται.
1702 3024 1812 3079 Καὶ

1922 1926 2147 1980 tionem.
2176 1928 2249 1980 De
2261 1928 2546 1996 prophetis
2578 1939 2757 1984 autem
2780 1933 3046 2004 qui'apud
3070 1952 3164 1991 vos
3191 1948 3321 1993 sunt
3339 1940 3475 2009 (14),

1922 2015 2038 2070 haec
2068 2016 2236 2071 dicit:
2265 2018 2502 2087 Spiritus
2528 2037 2647 2077 esse
2676 2024 2967 2093 impietatis
3009 2028 3124 2085 sive
3175 2030 3478 2101 iniquitatis

1922 2106 2267 2160 tenebrarum
2289 2108 2529 2174 illarum,
2556 2127 2676 2181 qua:
2693 2113 2762 2166 ab
2780 2114 2935 2169 initio
2951 2118 3312 2175 ascenderunt
3340 2121 3475 2192 (15),

1919 2211 1951 2250 a
1969 2197 2168 2265 quibus
2196 2198 2427 2268 decepti,
2453 2215 2560 2255 non
2592 2211 2719 2257 sunt
2743 2203 2909 2258 locuti
2934 2204 2987 2260 in
3010 2207 3269 2275 veritate;
3295 2226 3472 2267 excae-

1919 2287 2062 2342 cavit
2091 2289 2234 2341 enim
2266 2291 2521 2359 princeps
2546 2290 2634 2346 ille
2662 2303 2870 2348 mentes
2904 2294 3142 2364 ipsorum
3170 2297 3317 2370 ('16);
3346 2310 3400 2355 et
3426 2303 3473 2359 si

1919 2378 2044 2446 quis
2077 2378 2324 2447 sequitur
2358 2380 2522 2435 verba
2574 2380 2838 2452 ipsorum,
2873 2385 3139 2441 morietur
3165 2389 3219 2442 in
3250 2393 3469 2455 saecula,

1917 2470 2201 2525 devinctus
2232 2471 2343 2541 (17)
2373 2472 2514 2526 intra
2548 2487 2809 2539 massam,
2842 2475 3098 2543 quoniam
3146 2493 3253 2535 non
3285 2480 3474 2537 didicit

1917 2562 2196 2617 scientiam
2226 2562 2510 2618 Paracleti.
2536 2562 2799 2635 Przecepit
2822 2576 2999 2622 autem
3028 2569 3213 2625 electis
3233 2572 3347 2627 suis
3375 2589 3469 2629 so-

1915 2651 2002 2718 lis,
2036 2653 2129 2723 qui
2170 2668 2276 2708 non
2309 2663 2436 2708 sunt
2461 2653 2570 2725 (l8)
2610 2656 2846 2725 amplius
2888 2674 3052 2729 quam
3103 2670 3310 2730 septem
3364 2680 3469 2718 nu-

1912 2758 2086 2811 mero,
2124 2752 2184 2799 ut
2230 2760 2353 2799 cum
2402 2745 2712 2802 desinerent
2742 2748 2855 2819 (l9)
2905 2752 3314 2820 manducantes,
3345 2772 3464 2811 ora-

1914 2844 2052 2896 rent,
2097 2844 2151 2888 et
2189 2834 2465 2891 mitterent
2517 2837 2698 2891 oleum
2751 2854 2914 2909 super
2948 2853 3130 2913 caput,
3162 2847 3467 2904 exorcidia-

1912 2932 2026 2978 tum
2061 2924 2194 2996 (20),
2226 2926 2490 2982 invocatis
2527 2929 2838 2986 nominibus
2869 2931 3134 3001 plurimis,
3178 2936 3244 2991 ad
3276 2939 3470 2994 conﬁr-

1911 3015 2199 3069 mationem
2228 3017 2349 3071 ﬁdei
2375 3017 2571 3087 hujus:
2603 3019 2823 3076 nomina
2854 3021 2964 3094 (21)
2990 3030 3166 3080 tamen
3190 3027 3323 3083 mihi
3353 3044 3465 3087 non

252 3107 411 3163 πάλιν
446 3108 507 3161 τὸ
537 3111 665 3181 παρ’
697 3110 822 3180 ὑμῖν
857 3111 1033 3182 τίμιον
1065 3111 1156 3164 καὶ
1197 3110 1337 3182 μέγα
1373 3110 1541 3182 δνομα
1564 3109 1808 3181 Σαϐαὼθ,

1914 3105 2315 3175 manifestavit;
2347 3110 2449 3164 soli
2474 3110 2617 3164 enim
2648 3111 2761 3180 (22)
2792 3112 2868 3167 illi
2897 3124 3102 3184 septem
3127 3125 3353 3175 utuntur
3380 3122 3467 3178 his

252 3199 383 3254 αὐτὸ
417 3196 672 3272 εἶναιτὴν
709 3199 867 3270 φύσιν
895 3201 989 3254 τοῦ
1012 3200 1317 3272 ἀνθρώπου,
1346 3202 1438 3256 καὶ
1472 3200 1681 3273 πατέρα
1711 3203 1808 3274 τῆς

1912 3195 2243 3255 nominibus.
2273 3196 2341 3252 Et
2375 3198 2569 3253 iterum
2606 3199 2675 3255 ho
2740 3200 3038 3272 (25),quod
3067 3205 3209 3274 apud
3233 3222 3329 3261 vos
3345 3206 3462 3279 (24)

252 3288 544 3359 ἐπιθυμίας
562 3307 578 3322 ο
608 3290 703 3343 καὶ
725 3290 810 3343 διὰ
848 3290 1004 3345 τοῦτο
1040 3291 1291 3362 ἀπλάριοι
1324 3291 1684 3363 προσκυνοῦσι
1712 3292 1809 3365 τὴν

247 3378 562 3449 ἐπιθυμίαν,
585 3380 702 3433 θεὸν
731 3380 896 3452 αὐτὴν
918 3380 1224 3452 ἡγούμενοι.
1260 3382 1394 3454 Περὶ
1418 3382 1474 3435 δὲ
1506 3380 1597 3436 τοῦ
1644 3382 1810 3455 ’Ᾱδάμ

248 3470 368 3535 πῶς
413 3471 653 3543 ἐκτίσθη,
683 3472 830 3540 λέγει
851 3471 1053 3538 οὕτως,
1082 3473 1185 3538 ὅτι,
1228 3474 1257 3525 ό
1283 3470 1469 3537 εἰπὼν,
1491 3472 1683 3539 Δεῦτε,
1710 3476 1806 3529 καὶ

323 3607 401 3679 (8)
438 3606 572 3662 llinc
616 3617 763 3678 patet
796 3606 937 3676 apud
991 3607 1350 3679 Epiphanium
1397 3607 1498 3677 legi
1528 3608 1724 3665 debere
1748 3611 1807 3675 ὃς

247 3676 489 3749 καλεῖται
516 3676 717 3749 κόσμος
740 3696 753 3709 °
785 3695 893 3733 non
918 3676 1115 3735 autem.
1148 3679 1206 3731 οὐ
1239 3676 1480 3749 καλεῖται
1513 3679 1737 3749 κόσμος,

323 3750 404 3817 (9)
439 3747 629 3803 Codex
660 3749 943 3803 Bobiensis
964 3788 979 3812 ,
1025 3766 1043 3799 ι
1066 3748 1467 3818 cogitationem.
1496 3766 1515 3798 ι
1572 3747 1806 3818 Epipha-

239 3817 377 3872 nius
414 3818 594 3884 habrt,
626 3837 645 3867 ι
671 3819 1028 3887 cogitationes
1050 3817 1329 3872 hominum
1360 3818 1597 3872 illorum.
1621 3817 1804 3874 ’Arbor

246 3898 450 3942 autem.
467 3906 491 3957 ι
516 3886 620 3942 Sed
648 3886 838 3943 melior
858 3890 1067 3943 videtur
1090 3887 1263 3942 Latini
1293 3888 1598 3957 interpretis
1621 3889 1798 3944 lectio.

320 3958 430 4027 (l0)
465 3956 645 4028 Codex
672 3957 975 4025 Bobiensis,
1006 3977 1025 4009 ι
1047 3957 1336 4013 etscientia
1357 3956 1495 4026 ejus.
1528 3976 1545 4009 ι
1572 3957 1803 4028 Epipha—

247 4027 397 4091 nius,
425 4027 643 4096 γνῶσις,
676 4029 992 4099 «cognitio,»
1023 4030 1107 4083 vel
1138 4029 1298 4083 etiam
1332 4027 1637 4099 «scientiaJ
1666 4027 1804 4086 Hinc

248 4106 432 4171 autem
476 4107 636 4171 patet~
667 4098 951 4171 legendum
1002 4114 1121 4153 esse
1160 4099 1312 4171 apud
1342 4098 1611 4164 eumdem,
1640 4100 1733 4152 καὶ
1766 4100 1799 4171 η

247 4167 451 4239 γνῶσις
465 4167 659 4239 ἀύτοῦ,
692 4188 709 4219 ι
727 4167 952 4239 ejusque
975 4167 1230 4237 cegnitio.
1252 4187 1271 4220 ι

318 4237 430 4308 (11)
464 4236 541 4292 Ita
572 4240 711 4308 apud
740 4236 1119 4308 Epiphaniuin,
1142 4249 1196 4294 et
1218 4240 1273 4293 in
1299 4237 1486 4294 codice
1522 4236 1795 4294 Bobiensi.

241 4307 313 4363 At
338 4307 674 4371 Casinensis,
718 4328 736 4360 ι
755 4325 820 4363 ex
842 4307 1088 4364 materia.
1116 4327 1136 4361 ι

315 4377 426 4448 (12)
459 4378 637 4433 Codex
670 4379 975 4445 Bobiensis,
1011 4388 1100 4432 «et
1126 4378 1172 4434 si
1213 4378 1425 4449 exierit,
1447 4377 1798 4449 animamque

244 4462 355 4501 non
387 4450 700 4517 cognoverit
728 4450 946 4514 veritas,
970 4450 1231 4503 tradetur.
1256 4468 1274 4501 ι
1309 4448 1414 4505 Sed
1444 4448 1649 4506 codicis
1681 4448 1788 4505 Ca-

241 4518 479 4573 sinensis
508 4518 785 4573 lectionem
811 4520 987 4573 ﬁrmat
1019 4518 1368 4587 Epiphanius.

315 4587 428 4657 (15)
452 4587 633 4658 Codex
656 4587 957 4652 Bobiensis,
994 4607 1013 4639 ι
1041 4598 1286 4658 correpta
1310 4588 1787 4653 iuerit,transl'un-

240 4654 827 4727 detur.)_Casinensis,
865 4670 1152 4727 «correpta
1198 4654 1393 4725 Tuerit,
1459 4658 1788 4714 transfundi-

239 4734 349 4848 ἓιιξ.
377 4744 411 4849 ἶ]
432 4724 543 4808 Nos
595 4737 793 4796 tamen,
825 4746 843 4780 ι
869 4724 1114 4784 correcta
1154 4724 1387 4796 fuerit,r
1410 4728 1676 4784 edidimus
1718 4745 1786 4786 ex

288 4812 376 4849 mn
418 4812 565 4849 anno.

326 4812 565 4850 IDDaHIO.

288 4812 565 4918 ptpnamo.

311 4872 330 4935 (
368 4864 422 4939 ξ)
454 4864 592 4939 Hinc
636 4875 782 4937 patet
829 4864 971 4939 apud
1020 4864 1378 4937 Epiphanium
1409 4880 1505 4936 pro
1525 4867 1651 4939 ύμῖν
1675 4881 1785 4924 non

236 4936 651 5007 esselegendum
670 4938 817 5007 ἡμῖν,
832 4946 891 4991 ιιι
906 4936 1155 5007 Petavius
1170 4939 1222 4990 in
1241 4939 1479 5007 margine
1495 4936 1788 4992 emendan-

237 5003 369 5059 dum
404 5003 525 5061 esse
549 5003 786 5074 monuit;
813 5023 935 5061 nam
963 5008 1076 5062 haec
1098 5005 1279 5061 Turbo
1298 5003 1508 5061 videtur
1532 5022 1786 5063 narrasse

234 5086 529 5145 antequam
563 5079 806 5131 haeresim
827 5078 1182 5145 deposuisset.
1224 5078 1357 5133 Vide
1386 5077 1524 5132 infra
1555 5088 1666 5133 not.
1690 5081 1779 5132 24.

310 5146 423 5215 (15)
447 5146 627 5217 Codex
677 5146 977 5211 Bobiensis,
1002 5166 1023 5200 ι
1045 5148 1421 5213 ascenderunt,
1453 5148 1651 5217 quibus
1688 5148 1785 5203 de-

236 5217 429 5283 ceptis.
456 5234 489 5267 ι-
526 5216 882 5286 Epiphanius,
926 5235 944 5269 t
968 5227 1021 5271 et
1048 5218 1119 5272 ob
1154 5218 1209 5272 id
1232 5216 1564 5274 aberrantes.
1587 5237 1606 5271 ι
1643 5219 1783 5274 Male

233 5293 421 5359 autem
447 5286 527 5359 ibi
552 5289 957 5359 expungendam
981 5302 1101 5342 esse
1137 5288 1783 5359 negativam_particulam

234 5356 450 5409 censuit
496 5356 769 5421 Petavius,
811 5372 929 5412 eam
969 5358 1112 5412 enim
1151 5356 1405 5428 antiquus
1443 5356 1669 5428 Latinus
1698 5359 1783 5412 itt-

235 5427 693 5498 terpresgretinet;
723 5428 815 5498 qui
841 5438 1017 5482 tamen
1048 5429 1242 5498 legisse
1267 5427 1479 5484 videtur
1506 5428 1563 5483 in
1593 5427 1781 5484 Graeco

233 5499 395 5570 textu
418 5496 516 5570 cui:
548 5496 812 5570 ἐλάλησαν
845 5496 1180 5570 ὲνᾼάληθείᾳ.

308 5565 419 5634 (16)
450 5568 634 5623 Codex
678 5565 982 5634 Bobiensis,
1023 5565 1060 5620 ἰ
1083 5565 1319 5624 mentem
1373 5568 1652 5624 illorum.»
1694 5566 1773 5622 lta

235 5642 286 5686 ει
307 5633 656 5707 Epiphanius.

302 5705 417 5780 (Ψ)
443 5706 622 5780 Codex
651 5705 952 5770 Bobiensis,
987 5724 1008 5761 t
1028 5707 1291 5776 devictus,
1310 5728 1331 5762 ι
1368 5708 1514 5780 quod
1537 5717 1620 5766 est
1644 5724 1774 5766 con-

232 5780 316 5831 tra
341 5775 513 5834 Graeci
542 5787 718 5834 textus
743 5793 983 5836 sensum.

1910 3304 2163 3360 magnum
2216 3298 2269 3345 et
2317 3290 2634 3345 honorabile
2658 3299 2740 3347 est
2776 3293 2912 3364 (25),
2943 3310 3140 3350 nomen
3194 3295 3460 3366 Sabaoth,

1906 3378 1996 3435 ille
2027 3380 2158 3435 dicit
2197 3387 2449 3435 naturam
2492 3395 2615 3437 esse
2646 3381 2905 3450 hominis,
2930 3393 2983 3439 et
3007 3394 3213 3455 patrem
3253 3404 3460 3444 concu-

1907 3473 2221 3543 piscentiaa;
2266 3483 2321 3530 et
2371 3487 2677 3547 propterea,
2723 3477 2920 3549 inquit,
2956 3478 3313 3549 simpliciores
3345 3482 3460 3555 (26)

1975 3608 2084 3680 (18)
2118 3608 2259 3680 idem
2281 3609 2469 3673 codex,
2508 3628 2527 3662 ι
2550 3610 2642 3680 qui
2672 3620 2817 3675 sunt,
2844 3630 2862 3663 ι
2899 3612 3039 3666 mala
3067 3614 3245 3670 lectio.

1976 3677 2087 3747 (l9)
2113 3677 2294 3747 Codex
2326 3677 2627 3743 Bobiensis,
2675 3700 2693 3731 ι
2714 3683 3031 3735 desilierint.
3055 3702 3073 3734 ι

1978 3746 2090 3815 (20)
2117 3746 2308 3802 Oleum
2366 3750 2843 3804 (exorcidiatumi
2873 3751 2969 3815 ait,
3023 3767 3119 3820 pro
3175 3756 3454 3814 exorciza-

1905 3822 2042 3887 tum,
2067 3828 2252 3871 contra
2287 3834 2448 3887 quam
2490 3827 2698 3874 veteres
2732 3820 3002 3874 interdum
3043 3822 3281 3878 scribere
3310 3828 3454 3881 sole-

1903 3885 2033 3940 bant
2057 3903 2070 3939 :
2096 3887 2182 3941 hic
2226 3885 2378 3960 enim,
2413 3889 2619 3960 syllaba
2649 3905 2710 3942 τα
2739 3890 2792 3943 in
2842 3890 2931 3943 dia
2978 3893 3343 3959 convertitur;
3377 3896 3455 3952 illi

1904 3965 2089 4029 autem
2112 3957 2543 4029 prmpositioniem
2585 3958 2825 4013 ercam
2869 3960 2975 4023 διὰ,
3004 3969 3057 4014 et
3076 3964 3106 4029 j
3141 3957 3455 4024 consonans

1900 4026 2184 4100 vocalibus
2197 4028 2507 4100 adjunctum
2527 4030 2579 4082 in
2608 4046 2643 4100 ιγ
2660 4030 2972 4100 mutabant;
2998 4026 3117 4086 sic}
3142 4029 3402 4100 Zabulus,
3421 4054 3444 4089 ι

1900 4110 1999 4163 pro
2031 4115 2049 4147 ι
2072 4095 2351 4160 Diabolus,
2379 4116 2398 4150 ι
2430 4108 2483 4153 et
2509 4099 2725 4154 similia.
2754 4095 2886 4154 Vide
2912 4100 3189 4155 Barthium
3219 4103 3276 4159 in
3306 4095 3450 4164 notis

1901 4165 1968 4246 ad
2000 4164 2533 4246 thbadium,_cap.
2570 4169 2625 4246 1τ
2647 4198 2718 4208 -
2743 4168 2894 4246 Quod
2916 4172 3114 4246 attinet
3138 4174 3204 4227 ad
3238 4189 3300 4229 ea
3329 4192 3449 4246 qua:

1901 4233 1991 4308 hic
2012 4236 2261 4308 observat
2291 4237 2361 4292 cl.
2396 4233 2718 4308 Zacagnius,
2763 4233 2959 4296 videsis
3016 4242 3270 4300 adnotata
3310 4233 3450 4303 infe-

1900 4305 2015 4360 rius
2045 4305 2112 4359 ad
2140 4305 2590 4363 Commodianuin
2618 4307 2781 4362 lustr.
2808 4326 2966 4375 xxxv,
2991 4326 3042 4363 v.
3077 4313 3203 4367 545.

1972 4376 2086 4443 (21)
2119 4375 2296 4431 Codex
2324 4376 2627 4442 Bobiensis,
2665 4398 2682 4430 ι
2705 4381 2771 4433 ad
2800 4382 3265 4437 conﬁrmationem
3295 4383 3438 4441 ﬁdei.

1900 4440 2074 4514 Hujus
2100 4448 2363 4515 nomina.
2389 4466 2409 4499 ι
2442 4440 2774 4515 Casinénsis,
2816 4467 2835 4500 ι
2862 4451 2927 4503 ad
2974 4454 3442 4508 conﬁrmationem

1819 4487 1865 4544 Ῑ)
1892 4487 3441 4594 ᾔόᾄίξήἱέέιὶἶὶίἶῗόιῖιίῖιέῗῖἥὸξἷῖιιξιέἲιςῖἑὶἰῖ’Τὸῗέἑέῗρῗὲ

1888 4581 2251 4655 Epiphanium
2299 4594 2479 4643 textus
2518 4581 2949 4655 etnendavimus,
3001 4592 3108 4645 «ad
3154 4581 3443 4649 conﬁrma-

1886 4653 2088 4727 tiouem
2110 4656 2245 4727 ﬁdei
2280 4656 2461 4724 hujus.
2491 4656 2722 4712 Nomina
2751 4653 3076 4721 tamen,etc.
3125 4681 3145 4716 ι

1978 4723 2069 4791 22)
2095 4725 2277 4780 Codex
2307 4723 2640 4792 Casinensis,
2671 4746 2688 4779 ι
2714 4729 2813 4782 soli
2843 4738 3043 4782 autem.
3071 4748 3090 4780 ι

1977 4795 2068 4868 2ἵι)
2101 4794 2383 4868 ξξοιιίεηειε
2409 4798 2601 4868 codex,
2637 4815 2659 4868 ι
2684 4798 2885 4868 iterum
2909 4798 3076 4868 quod.
3103 4816 3123 4850 ι

1961 4862 2075 4940 (21)
2104 4862 2243 4940 Hinc
2270 4875 2416 4940 patet
2454 4867 2598 4935 apud
2628 4862 2988 4940 Epiphaniu‘m
3016 4867 3302 4940 legendum
3330 4884 3439 4926 non

1882 4949 2002 5005 esse
2023 4936 2170 5005 ἡμῖν,
2202 4944 2259 4988 ιιι
2279 4938 2437 5005 paulo
2470 4945 2595 4991 ante
2618 4939 2951 4992 monuimus.

1976 5004 2071 5076 25}
2102 5004 2291 5076 Codex
2308 5005 2616 5076 liobiensis,
2651 5025 2670 5058 ι
2693 5017 2853 5062 esset.
2880 5025 2899 5059 ι

1979 5022 2046 5058 za
2102 5022 2277 5060 boues
2312 5022 2616 5076 uouiensts,
2651 5025 2670 5058 ι
2693 5022 2853 5062 esset.
2880 5025 2899 5059 ι

1979 5022 2069 5144 26)
2108 5074 2246 5141 Quid
2275 5075 2583 5132 Maniclueis
2635 5076 2912 5147 ἀπλαρίων
2951 5092 3051 5132 vox
3083 5076 3435 5147 signiﬁcaret,

1882 5146 2110 5226 eruditis
2132 5147 2524 5229 explorandum
2555 5146 3073 5229 reliquitPetavius.
3099 5146 3296 5229 verum
3332 5149 3435 5229 hoc

1883 5216 2104 5287 nomin_e
2130 5214 2462 5284 catholicos,
2490 5219 2646 5287 quasi
2672 5214 2705 5269 ἰ
2729 5218 3107 5287 simpliciores,
3131 5236 3149 5269 ι
3192 5226 3252 5271 ιιι
3285 5219 3436 5272 anti-

1881 5301 2025 5356 quus
2061 5284 2289 5357 Latinus
2333 5284 2599 5357 interpres
2629 5284 2924 5354 transtulit,
2958 5289 3027 5342 ab
3054 5288 3258 5342 eisdem
3282 5288 3433 5342 desi-

1921 5365 2075 5411 natos
2121 5355 2291 5411 fuisse
2337 5372 2403 5412 ex
2450 5355 2936 5420 a’ttathematismis,
2972 5373 3110 5427 quos
3132 5357 3260 5412 olim
3289 5358 3431 5425 apud

1933 5440 2097 5480 raecos
2132 5427 2344 5493 publice
2377 5430 2692 5483 emittebant
2714 5427 2940 5482 Manetts
2979 5428 3217 5491 asseclae,
3254 5429 3318 5481 ad
3346 5442 3435 5481 ca-

1882 5495 2133 5567 tholicam
2157 5496 2313 5567 ﬁdem
2333 5499 2622 5560 venientes,
2636 5499 2842 5567 probat
2864 5496 3172 5567 Ducangius
3201 5497 3255 5551 in
3278 5493 3433 5550 Glos-

1880 5564 2021 5616 sario
2066 5565 2252 5618 medie
2297 5575 2346 5619 et
2392 5567 2588 5634 infima:
2618 5564 2942 5624 Grecitatis.
2977 5564 3115 5621 Male
3151 5574 3331 5621 autem
3372 5567 3427 5621 in

1880 5633 2139 5706 Caesareae
2172 5633 2509 5706 bibliothecae
2526 5635 2729 5706 scripto
2751 5637 2958 5701 codice,
2981 5651 3048 5706 e_x
3073 5652 3183 5706 quo
3209 5636 3426 5706 eosdem

1879 5703 2358 5760 anathematismos
2408 5702 2438 5759 a
2490 5702 2793 5760 clarissimo
2826 5706 2944 5760 viro
2994 5702 3199 5761 Jacobo
3253 5702 3430 5762 Tullio

1882 5773 2271 5830 humanissime
2298 5774 2595 5847 descriptos
2623 5774 2818 5847 habeo,
2832 5790 2931 5847 pro
2946 5775 3264 5851 ἀπλαρίους,
3287 5777 3429 5833 scri-
