3996 6208
510 286 652 345 ιιι-ι

1491 280 1672 335 ACTA
1709 275 2246 334 DISPUTATIONIS
2283 276 2340 332 S.
2379 275 2721 332 ARCHELAI

3606 271 3747 327 ιιιε

511 407 747 464 adorant
796 403 1319 474 concupiscentiam,
1358 400 1518 456 deum
1548 416 1669 456 eam
1703 409 1973 470 putantes.
1998 398 2074 454 De

2184 397 2514 468 ποιήσωμεν
2540 397 2851 467 ἄνθρωπον
2887 397 3023 451 κατ’
3057 397 3265 452 εικόνα
3295 395 3614 466 ἡμετέραν,
3643 398 3748 451 καὶ

510 499 683 554 Adam
710 512 835 551 vero
865 495 1141 565 quomodo
1172 502 1388 548 creatus
1419 493 1508 558 sit,
1541 491 1611 545 ita
1641 492 1792 556 dicit,
1825 492 1952 562 quia
1975 490 2069 560 qui

510 590 679 644 dicit:
733 586 912 642 Venite
959 586 1092 656 (2'7),
1129 585 1390 655 faciamus
1449 583 1711 637 hominem
1768 584 1838 636 ad
1883 582 2073 652 imagi-

513 697 630 735 nem
676 691 724 733 et
776 677 1178 732 similitudinem
1253 674 1554 740 nostram‘,
1619 675 1917 730 secundum
1961 673 2071 744 (98)

513 788 633 828 eam
665 787 828 842 quam
860 771 1106 824 videmus
1134 769 1388 834 formam,
1418 768 1671 837 princeps
1719 775 1802 822 est
1829 769 1924 837 qui
1959 767 2075 821 haec

515 865 648 920 dicit
693 864 757 918 ad
808 864 1042 932 collegas
1095 877 1224 917 suos
1280 860 1550 931 principes
1582 877 1596 912 :
1626 860 1676 913 id
1710 857 2071 926 est:Venite,

517 957 639 1014 date
690 957 822 1010 mihi
856 956 922 1009 de
955 955 1159 1009 lumine
1193 953 1339 1023 quod
1374 952 1703 1020 accepimus,
1727 959 1781 1004 et
1809 950 2073 1005 faciamus

516 1049 812 1106 secundum
843 1058 1108 1110 nostram,
1135 1046 1225 1116 qui
1259 1045 1371 1115 (29)
1412 1044 1686 1115 principes
1719 1058 1929 1105 sumus,
1963 1041 2074 1096 for-

514 1158 682 1207 mam,
722 1151 776 1198 et
819 1141 1115 1197 secundum
1151 1153 1270 1193 eam
1315 1153 1478 1207 quam
1512 1136 1781 1200 videmus,
1812 1133 1955 1204 quod
1991 1144 2076 1187 est

516 1238 722 1308 primus
740 1237 904 1289 homo
926 1253 939 1299 ;
959 1245 1010 1287 et
1031 1235 1098 1287 ita
1120 1231 1391 1286 hominem
1407 1237 1752 1284 creaverunt.
1775 1225 1939 1280 Evam
1958 1224 2072 1295 ('50)

514 1345 728 1399 quoque
760 1327 1008 1382 similiter
1069 1325 1334 1386 iecerunt,
1368 1323 1560 1376 dantes
1607 1321 1656 1376 ei
1707 1319 1774 1374 de
1813 1317 2074 1386 concupi-

2177 491 2303 544 καθ’
2341 490 2644 559 ὁμοίωσιν,
2686 491 2718 560 ἦ
2767 489 2884 542 καθ’
2925 489 2992 560 ἣν
3039 488 3250 559 εἴδομεν
3291 488 3526 560 μορφὴν,
3565 488 3753 560 ἄρχων

2178 583 2345 645 ἐστὶν,
2391 583 2421 634 ό
2466 580 2633 635 εἰπὼν
2678 584 2788 644 τοῖς
2831 581 3038 652 ἐτέροις
3086 580 3365 652 ἄρχουσιν,
3407 581 3512 644 ὅτι,
3561 580 3753 642 Δεῦτε,

2178 672 2294 726 δότε
2327 691 2414 744 μοι
2449 676 2512 728 ἐκ
2551 675 2644 727 τοῦ
2676 674 2851 743 φωτὸς
2883 666 2944 726 οὗ
2985 672 3270 744 ἐλάϐομεν,
3301 674 3395 726 καὶ
3435 674 3756 745 ποιήσωμεν

2178 764 2462 834 ἄνθρωπον
2510 765 2650 818 κατὰ
2695 765 2791 836 τὴν
2835 764 2992 837 ἡμῶν
3035 765 3143 818 τῶν
3192 765 3468 836 ἀρχόντων
3511 766 3758 836 μορφὴν,

2180 855 2299 910 καθ’
2325 857 2390 928 ἣν
2415 855 2646 926 εἴδομεν,
2674 858 2702 910 ὃ
2725 857 2841 909 ἐστι
2870 855 3086 928 πρῶτος
3114 855 3396 928 ἄνθρωπος
3414 873 3429 887 ο
3457 857 3555 909 καὶ
3584 855 3759 919 οὕτως

2179 946 2358 1000 ἔκτισε
2373 945 2482 1018 [Ion
2505 947 2748 1018 ἔκτισαν]
2767 948 2856 1000 τὸν
2879 947 3297 1018 ἄνθρωπον.Τὴν
3317 948 3372 1000 δέ
3389 946 3532 1000 Εὔαν
3552 948 3759 1016 ὁμοίως

2179 1040 2422 1102 ἔκτισαν,
2452 1039 2629 1102 δόντες
2665 1041 2800 1110 αὐτῇ
2831 1041 2895 1092 ἐκ
2920 1038 3018 1109 τῆς
3047 1038 3342 1109 ἐπιθυμίας
3368 1039 3574 1100 αὐτῶν,
3620 1039 3761 1108 πρὸς

2178 1131 2238 1185 τὸ
2279 1131 2612 1200 ἐξαπατῆσαι
2655 1131 2743 1184 τὸν
2789 1131 2986 1202 Ἀδάμ·
3027 1133 3119 1184 καὶ
3160 1129 3248 1183 διὰ
3283 1131 3487 1184 τούτων
3529 1131 3758 1198 γέγονεν

2179 1225 2212 1293 ἡ
2244 1221 2440 1284 πλάσις
2469 1220 2561 1275 τοῦ
2607 1221 2812 1293 κόσμου
2843 1224 2907 1275 ἐκ
2941 1223 3039 1294 τῆς
3069 1220 3160 1276 τοῦ
3202 1222 3460 1293 ἄρχοντος
3496 1223 3759 1295 δημιουρο

2180 1332 2323 1383 γιας.

515 1423 717 1478 scentia
761 1437 857 1476 sua
894 1419 958 1473 ad
1003 1417 1376 1488 decipiendum
1414 1417 1622 1481 Adam;
1677 1421 1730 1468 ct
1777 1427 1871 1481 per
1924 1411 2038 1465 haec
2099 1406 2300 1462 factum
2358 1415 2443 1462 est
2489 1405 2808 1476 ﬁgmentum.
2847 1405 3033 1460 mundi
3082 1406 3194 1477 (3i)
3240 1421 3335 1476 per
3383 1407 3756 1463 conditionem

715 1531 804 1568 )IS.

517 1530 804 1588 principis.

588 1607 675 1662 XI.
723 1606 891 1661 Deum
931 1619 1060 1659 vero
1095 1617 1200 1657 non
1250 1601 1450 1656 habere
1492 1610 1700 1671 partem
1743 1613 1867 1654 cum
1911 1611 2072 1650 mun-

517 1703 585 1757 do
615 1701 748 1769 (52),
785 1715 883 1753 nec
907 1697 1138 1768 gaudere
1172 1711 1336 1765 super
1371 1711 1456 1757 eo,
1487 1693 1632 1764 quod
1664 1694 1774 1763 (55)
1810 1693 1878 1746 ab
1918 1690 2072 1745 initio

518 1791 718 1846 furtum
756 1789 866 1858 (54)
900 1803 1092 1857 passus
1125 1787 1246 1840 sita
1279 1785 1636 1855 principibus,
1665 1793 1720 1838 et
1764 1783 1954 1837 oborta
1988 1780 2076 1835 lu-

2248 1593 2350 1646 Τὸν
2392 1591 2449 1644 δέ
2485 1590 2618 1644 Θεὸν
2659 1591 2733 1662 μὴ
2765 1590 2908 1661 ἔχειν
2945 1592 3112 1664 μέρος
3159 1591 3274 1662 μετ’
3323 1590 3488 1645 αὑτοῦ
3528 1592 3628 1646 τοῦ
3673 1592 3761 1645 κό-

2181 1703 2339 1756 σμου,
2373 1683 2504 1756 μηδέ
2532 1684 2736 1754 χαίρειν
2778 1683 2864 1736 ἐπ’
2897 1683 3064 1754 αὐτῷ,
3099 1682 3185 1736 διὰ
3216 1683 3276 1735 τὸ
3315 1683 3374 1747 ἐξ
3402 1684 3587 1754 ἀρχῆς
3617 1700 3762 1736 σεσυ-

2179 1776 2370 1849 λῆσθαι
2403 1776 2562 1828 αὑτὸν
2587 1774 2689 1828 ὑπὸ
2717 1775 2824 1826 τῶν
2866 1775 3160 1844 ἀρχόντων,
3189 1775 3281 1828 καὶ
3315 1773 3574 1842 γενέσθαι
3618 1774 3762 1845 αἱ.τῷ

519 1883 620 1937 erit
652 1883 700 1935 ei
739 1878 1014 1934 tribulatio
1047 1896 1058 1930 :
1086 1877 1188 1930 hac
1235 1876 1302 1929 de
1347 1891 1513 1930 causa
1557 1873 1743 1939 mittit,
1779 1882 1834 1928 et
1864 1871 2075 1925 furatur

2184 1868 2390 1940 θλίψιν·
2441 1867 2628 1922 τούτου
2670 1867 2828 1937 χάριν
2872 1867 3100 1937 πέμπει,
3143 1867 3238 1920 καὶ⁵
3273 1865 3407 1937 συλᾷ
3445 1866 3544 1919 ἀπ’
3585 1867 3761 1920 αὐτῶν

519 1973 588 2028 ab
621 1973 700 2027 eis
748 1971 985 2024 animam
1023 1983 1176 2024 suam
1224 1966 1466 2036 quotidie
1498 1981 1595 2036 per
1625 1963 1910 2018 luminaria
1941 1964 2074 2028 haec,

516 2065 568 2120 id
619 2072 702 2118 est
743 2078 838 2132 per
899 2062 1066 2115 solem
1113 2069 1167 2113 et
1213 2059 1418 2124 lunam,
1465 2073 1563 2128 per
1601 2070 1740 2126 quos
1791 2054 2078 2108 universus

517 2153 753 2209 mundus
799 2162 855 2207 et
905 2152 1084 2205 omnis
1141 2158 1392 2205 creatura
1447 2155 1694 2217 raptatur
1744 2146 1882 2216 (55).
1920 2144 2076 2197 Illum

517 2259 645 2300 vero
677 2244 769 2313 qui
798 2244 1013 2298 locutus
1042 2249 1122 2296 est
1155 2255 1278 2294 cum
1306 2237 1489 2310 Moyse
1521 2236 1794 2312 etIJudteis
1818 2245 1871 2290 et
1898 2250 2079 2289 sacer-

517 2338 757 2401 dotibus,
795 2336 1091 2407 priucipem
1126 2333 1258 2387 dicit
1289 2347 1411 2386 esse
1445 2331 1790 2386 tenebrarum
1819 2348 1831 2384 ;
1861 2338 1917 2384 et
1957 2329 2079 2382 ideo

521 2447 690 2487 unum
721 2439 880 2498 atque
905 2429 1046 2482 idem
1075 2436 1200 2482 sunt
1224 2424 1542 2483 Christiani,
1572 2433 1626 2477 et
1650 2421 1842 2488 Judaei,
1865 2430 1919 2476 et
1949 2436 2080 2491 gen-

519 2535 623 2587 tes,
658 2523 906 2577 eumdem
941 2519 1107 2573 Deum
1139 2519 1250 2589 (56)
1283 2518 1554 2583 colentes;
1587 2517 1639 2568 in
1690 2513 2081 2584 concupiscen-

521 2615 610 2672 tiis
633 2615 776 2670 enim
811 2613 926 2668 suis
951 2611 1156 2665 seducit
1185 2626 1299 2672 eos,
1332 2608 1460 2678 quia
1509 2622 1614 2662 non
1651 2615 1733 2662 est
1765 2605 1907 2662 Deus
1938 2604 2081 2659 veri-

520 2707 666 2762 tatis.
714 2705 938 2773 Propter
972 2696 1076 2757 hoc
1131 2718 1259 2772 ergo
1293 2701 1604 2771 quicunque
1638 2699 1690 2753 in
1724 2699 1873 2752 illum
1907 2698 2077 2754 Deum

520 2808 741 2868 sperant
779 2797 912 2868 (57),
942 2795 1033 2864 qui
1086 2809 1207 2847 cum
1255 2791 1437 2862 Moyse
1491 2793 1705 2845 locutus
1752 2799 1914 2844 estet
1951 2805 2080 2860 pro-

521 2891 723 2963 phetis,
767 2905 888 2943 cum
937 2887 1054 2957 ipso
1089 2885 1290 2940 habent
1337 2883 1567 2938 vinculis
1603 2881 1764 2946 tradi,
1795 2882 1922 2951 quia
1974 2898 2079 2936 non

522 2987 876 3052 speraverunt
904 2978 956 3032 in
991 2978 1157 3032 Deum
1188 2977 1461 3042 veritatis;
1495 2974 1582 3030 ille
1615 2975 1758 3028 enim
1782 2973 2079 3029 secundum

521 3073 987 3142 concupiscentias
1016 3085 1143 3124 suas
1165 3069 1377 3123 locutus
1404 3076 1488 3122 est
1524 3082 1647 3120 cum
1682 3067 1781 3120 eis.
1806 3065 1935 3120 Post
1966 3065 2081 3120 haac

519 3180 650 3219 vero
679 3164 860 3218 omnia
908 3160 975 3214 ad
1025 3161 1274 3214 ultimum
1307 3159 1456 3223 dicit,
1491 3158 1632 3212 sicut
1661 3159 1776 3227 ipse
1804 3158 2024 3226 scripsit
2053 3174 2066 3210 :

2176 1962 2274 2034 τὴν
2313 1959 2488 2032 ψυχὴν
2532 1959 2698 2012 αὑτοῦ
2746 1957 2867 2012 καθ’
2916 1958 3131 2029 ἡμέραν
3177 1957 3266 2011 διὰ
3299 1958 3405 2010 τῶν
3453 1959 3761 2030 φωστήρων

2177 2054 2396 2116 τούτων,
2421 2052 2573 2123 ἡλίου
2599 2051 2692 2104 καὶ
2722 2051 2970 2123 σελήνης,
3003 2051 3091 2120 ὑφ’
3122 2045 3198 2104 ὧν
3224 2051 3342 2113 ὅλος
3369 2053 3399 2104 ό
3433 2050 3649 2122 κόσμος
3676 2052 3760 2105 καὶ

2178 2147 2393 2216 πᾶσαὴ
2439 2145 2613 2207 κτίσις
2657 2143 2984 2214 ἁρπάζεται.
3033 2144 3135 2197 Τὸν
3167 2144 3225 2197 δὲ
3263 2142 3581 2216 λαλήσαντα
3629 2145 3762 2214 μετὰ

2176 2237 2471 2300 Μωῦσέως,
2502 2235 2597 2289 καὶ
2639 2235 2747 2289 τῶν
2798 2235 3085 2299 Ἰουδαίων,
3130 2238 3226 2289 καὶ
3266 2235 3373 2288 τῶν
3411 2235 3634 2307 ἱερέων,
3679 2238 3761 2289 τὸν

2177 2329 2414 2400 ἄρχοντα
2447 2328 2592 2396 λέγει
2631 2322 2770 2381 εἶναι
2807 2327 2898 2380 τοῦ
2940 2328 3195 2390 σκότους·
3227 2327 3366 2380 ὥστε
3407 2327 3469 2380 ἐν
3527 2329 3639 2380 εἰσι
3677 2330 3762 2382 καὶ

2177 2422 2236 2474 τὸ
2282 2420 2414 2474 αὐτὸ
2454 2422 2506 2474 οἵ
2545 2438 2605 2474 τε
2644 2421 2980 2492 Χριστιανοὶ,
3020 2421 3116 2474 καὶ
3157 2422 3207 2473 οἱ
3262 2420 3530 2482 Ἰουδαῖοι,
3579 2421 3675 2473 καὶ
3715 2421 3760 2472 ei

2183 2513 2403 2578 ἐθνικοὶ,
2436 2513 2525 2566 τὸν
2557 2513 2720 2566 αὑτὸν
2751 2513 2881 2566 Θεὸν
2920 2512 3170 2578 σέϐοντες
3189 2529 3202 2543 ⁸
3240 2515 3296 2566 ἐν
3328 2513 3438 2584 γὰρ
3469 2516 3601 2576 ταῖς
3644 2516 3759 2566 em-

2180 2606 2397 2676 θυμίαις
2450 2605 2614 2658 αὑτοῦ
2661 2604 2904 2675 ἐξαπατᾷ
2952 2605 3168 2668 αὐτοὺς,
3222 2604 3322 2657 οὐκ
3369 2603 3446 2655 ὢν
3501 2604 3756 2675 ἀληθείας

2179 2697 2332 2762 Θεός.
2377 2695 2476 2749 Διὰ
2503 2695 2659 2748 τοῦτο
2698 2691 2790 2749 οὖν
2826 2695 2942 2748 ὅσοι
2977 2696 3062 2748 ἐπ’
3095 2697 3299 2746 ἐκεῖνον
3343 2692 3630 2757 ἐλπίζουσι
3673 2693 3758 2745 τὸν

2179 2792 2330 2854 Θεὸν,
2361 2790 2452 2843 τὸν
2495 2788 2631 2861 μετὰ
2666 2788 2941 2852 Μωῦσέως
2982 2786 3287 2857 λαλήσαντα
3329 2787 3424 2839 καὶ
3467 2785 3586 2838 τῶν
3634 2802 3759 2856 προ-

2179 2881 2383 2952 φητῶν,
2421 2881 2535 2952 μετ’
2575 2879 2737 2958 αὑτοῦ
2773 2879 2952 2948 ἐχουσι
2984 2878 3221 2948 δεθῆναι,
3260 2879 3342 2931 ὅτι
3385 2879 3487 2932 οὐκ
3517 2879 3755 2950 ἡλπισαν

2180 2974 2272 3027 ἐπὶ
2304 2973 2393 3027 τὸν
2436 2973 2568 3026 Θεὸν
2608 2972 2706 3042 τῆς
2748 2970 3036 3042 ἀληθείας·
3082 2972 3286 3034 ἐκεῖνος
3328 2969 3439 3041 γὰρ
3476 2970 3628 3040 μετὰ
3664 2970 3755 3034 τὰς

2180 3065 2469 3136 ἐπιθυμίας
2499 3063 2676 3117 αὐτῶν
2702 3062 2928 3133 ἐλάλησε
2961 3062 3075 3133 μετ’
3097 3061 3294 3116 αὐτῶν.
3321 3061 3476 3114 Μετὰ
3502 3062 3562 3114 δὲ
3586 3062 3755 3115 πάντα

2180 3157 2350 3210 ταῦτα
2395 3158 2488 3209 ἐπὶ
2536 3155 2676 3208 τέλει
2721 3154 2888 3223 λέγει,
2933 3154 3115 3218 καθὼς
3167 3154 3328 3217 αὐτὸς
3371 3154 3652 3225 ἔγραψεν
3706 3156 3758 3208 ’0

524 3253 718 3309 Senior
751 3268 872 3306 cum
898 3250 1238 3304 manifestam
1268 3249 1381 3320 (58)
1411 3248 1598 3302 fecerit
1621 3248 1742 3316 ejus
1766 3249 2075 3316 imaginem,

2184 3249 2510 3321 πρεσϐύτης,
2545 3249 2672 3302 ὅταν
2715 3250 2964 3320 προφανῇ
3001 3247 3161 3300 αὑτοῦ
3197 3246 3291 3316 τὴν
3339 3248 3551 3309 εἰκόνα,
3584 3248 3704 3300 τότε
3734 3250 3758 3300 ό

419 3369 430 3378 ·
521 3354 651 3400 tunc
683 3344 796 3414 ipse
826 3341 1168 3410 Omophorus
1195 3350 1347 3394 extra
1392 3355 1449 3393 se
1492 3349 1688 3393 terram
1725 3340 2075 3409 derelinquit,

519 3444 576 3490 et
618 3435 690 3488 ita
732 3432 1019 3487 dimittitur
1061 3446 1290 3500 magnus
1331 3429 1419 3483 ille
1470 3429 1630 3498 ignis,
1687 3429 1779 3498 qui
1815 3429 2081 3484 mundum

521 3533 807 3582 consumat
835 3524 1172 3579 universum.
1208 3521 1407 3577 Deinde
1434 3521 1629 3575 iterum
1661 3521 1940 3576 dimittunt
1963 3522 2083 3575 ani-

524 3633 692 3680 mam,
727 3630 848 3685 qua:
875 3613 1131 3683 obiicitur
1165 3613 1303 3666 inter
1332 3611 1566 3666 medium
1594 3611 1718 3665 novi
1745 3611 1927 3666 saaculi
1947 3611 2081 3681 (59),

523 3718 586 3765 ut
637 3724 826 3763 omnes
885 3707 1079 3762 anima:
1137 3712 1480 3775 peccatorum
1540 3704 1853 3760 vinciantur
1887 3705 1998 3776 (40)
2024 3706 2080 3760 in

523 3814 802 3860 aeternum.
833 3801 987 3856 Tunc
1023 3809 1202 3854 autem
1243 3798 1359 3852 hanc
1410 3797 1560 3861 flent,
1587 3813 1712 3852 cum
1756 3806 1957 3852 statuta
1989 3813 2082 3852 ve-

523 3896 663 3953 nerit
696 3895 810 3950 dies
837 3893 968 3964 (il).
1004 3889 1341 3946 Prclationes
1361 3888 1472 3960 (ιὲ)
1496 3898 1675 3944 autem
1705 3904 1896 3944 omnes
1918 3887 2080 3944 Iesus

593 4013 616 4046 ⁸
647 4012 780 4069 Gen.
813 4027 853 4076 ι,
883 4009 982 4066 26.

522 4128 668 4183 bitur
717 4120 1377 4195 antavapiouq.__Meliore
1429 4129 1609 4195 tamen
1662 4119 1957 4195 vocabulo__
1983 4135 2078 4176 eos

522 4196 917 4269 ἁπλουστέρους
937 4189 1100 4248 "vocat
1121 4191 1304 4247 Manes
1333 4193 1386 4246 in
1412 4191 1637 4261 epistola
1659 4191 1725 4245 ad
1748 4189 2076 4259 Marcellum,

520 4266 1026 4346 συρρεὲυὲζνθιιιδο.
1209 4332 1242 4346 .,
1343 4330 1377 4346 ,.
1419 4330 1452 4346 .,
1509 4328 1552 4346 ..
1628 4330 1663 4346 .,
1809 4329 1841 4346 ..

599 4328 708 4408 (27)
740 4335 880 4408 Idem
929 4334 1132 4408 codex,
1165 4332 1280 4408 «ita
1327 4330 1476 4408 dicit.
1509 4328 1766 4408 Venite.)_
1809 4329 1911 4408 _Sed
1966 4330 2079 4386 haac

2197 3341 2490 3413 Ὢμοφόρος
2524 3340 2746 3411 ἀφίησιν
2779 3339 2884 3407 ἐξω
2914 3339 3010 3410 τὴν
3043 3339 3168 3408 γῆν,
3195 3339 3287 3391 καὶ
3317 3337 3493 3401 οὕτως
3529 3338 3755 3392 ἀπολύε-

2185 3452 2272 3487 ται
2318 3433 2378 3485 τὸ
2425 3431 2565 3502 μέγα
2620 3431 2745 3502 πῦρ,
2794 3431 2889 3486 καὶ
2928 3431 3047 3484 ὅλον
3085 3428 3361 3482 ἀναλίσκει
3397 3428 3488 3481 τὸν
3535 3429 3754 3497 κόσμον.

2185 3521 2317 3578 Εἶτα
2348 3524 2508 3578 πάλιν
2541 3524 2731 3595 ἀφίησι
2760 3524 2850 3577 τὸν
2891 3521 3056 3593 βῶλον
3091 3521 3225 3592 μετὰ
3257 3519 3350 3573 τοῦ
3381 3519 3508 3572 νέου
3544 3519 3756 3582 αἰῶνος,

2181 3604 2328 3683 ὃπως
2348 3621 2516 3672 πᾶσαι
2544 3620 2598 3670 αἱ
2620 3617 2789 3688 ψυχαὶ
2812 3615 2920 3668 τῶν
2943 3613 3276 3685 ἁμαρτωλῶν
3299 3610 3532 3665 δεθῶσιν
3569 3614 3649 3675 είς
3673 3612 3757 3664 τὸν

2181 3709 2370 3763 αἰῶνα.
2400 3709 2530 3761 Τότε
2555 3709 2798 3761 δὲταῦτα
2825 3709 3128 3777 γενήσεται,
3152 3707 3280 3759 ὅταν
3303 3707 3332 3758 ό
3359 3705 3592 3776 ἀνδριὰς
3612 3705 3754 3777 ἔλθῃ.

2181 3801 2246 3854 Δί
2285 3800 2341 3853 δὲ
2387 3799 2646 3871 προϐολαὶ⁵
2679 3800 2868 3860 πᾶσαι,
2919 3799 2948 3851 ὁ
3006 3796 3229 3868 Ἰησοῦς,
3277 3799 3306 3850 ό
3353 3797 3412 3849 ἐν
3455 3796 3536 3866 τῷ
3582 3796 3760 3867 μικρῷ

2183 3892 2372 3963 πλοίῳ,
2402 3892 2495 3946 καὶ
2529 3893 2561 3962 ἡ
2599 3894 2776 3963 μήτηρ
2803 3893 2903 3964 τῆς
2925 3891 3090 3963 ζωῆς,
3125 3892 3218 3945 καὶ
3249 3891 3298 3943 oi
3323 3889 3536 3944 δώδεκα
3564 3890 3762 3962 r4659-

2258 4125 2368 4195 (57)
2397 4125 2530 4180 Male
2558 4125 2728 4181 codex
2751 4124 3056 4192 Bobiensis,
3093 4142 3113 4176 ι
3131 4133 3408 4195 superant.
3444 4143 3464 4176 ι

2260 4197 2371 4265 (58)
2412 4195 2727 4251 Casinensis
2778 4205 2831 4250 et
2898 4195 3184 4251 Bobiensis
3246 4196 3467 4265 codices
3517 4195 3751 4258 habent,

2193 4283 2212 4318 ι
2236 4264 2386 4321 Sicut
2414 4268 2526 4334 ipse
2561 4265 2743 4321 senior
2771 4266 3007 4334 scripsit.
3052 4267 3188 4319 Cum
3229 4264 3604 4319 manifestam.
3635 4285 3656 4317 ι
3693 4269 3760 4321 At

2187 4351 2287 4391 nos
2318 4354 2382 4390 ex
2419 4335 2720 4407 Epiphanio
2750 4337 2914 4390 unius
2937 4337 3085 4390 vocis
3108 4335 3536 4404 transpositione
3572 4337 3754 4407 locum

524 4400 673 4462 mera
691 4400 777 4461 cst
793 4404 1006 4475 librarii
1030 4402 1396 4475 hallucinatio.
1430 4400 1696 4475 Caeterum
1737 4401 1923 4475 dolose
1955 4417 2077 4475 cor-
2109 4412 2157 4471 ο
2183 4400 2542 4462 τεειίιιιίιηὺεῖ
2597 4406 2789 4460 Senior
2839 4418 3018 4460 autem
3047 4407 3152 4470 ille,
3181 4400 3283 4459 hoc
3309 4414 3414 4467 est,
3452 4405 3758 4475 πρεσϐύτε-

525 4487 743 4547 ruptum
783 4474 951 4547 fuisse
979 4489 1009 4528 a
1042 4471 1250 4547 Manete
1286 4472 1430 4547 hunc
1475 4469 1745 4547 Gergeseos
1776 4471 1950 4547 locum
1979 4472 2074 4526 ad-

526 4539 730 4633 ditione
757 4545 906 4599 vocis
958 4561 978 4594 ι
1005 4543 1202 4609 venite,
1227 4561 1246 4594 ι
1277 4542 1432 4596 testis
1461 4552 1542 4596 est
1570 4539 1904 4610 Epiphanius
1922 4557 2072 4595 num.

526 4617 710 4756 5ὑίῖδ)
733 4683 880 4756 Idem
909 4683 1101 4756 codex,
1130 4701 1148 4734 ι
1167 4691 1220 4756 et
1247 4681 1565 4738 secundum.
1592 4698 1611 4732 ι

599 4751 708 4827 (29)
737 4755 923 4811 Codex
943 4753 1243 4820 Bobiensis,
1280 4771 1299 4805 ι
1326 4760 1529 4817 nostra,
1559 4765 1698 4821 qua;
1721 4769 1740 4802 ι
1774 4751 1933 4806 lectio
1973 4751 2078 4806 im-

525 4827 823 4898 probanda.

600 4897 710 4966 (50)
735 4896 915 4952 Codex
942 4892 1245 4966 Bobiensis,
1276 4910 1295 4943 ι
1316 4893 1410 4966 qui
1439 4890 1624 4946 Evam.
1651 4909 1670 4966 ρ

597 4962 711 5044 (51)
739 4967 874 5044 ιχιαιυ
902 4964 1214 5044 casincnsis
1233 4965 1424 5044 codex,
1455 4962 1780 5043 (mundum.
1805 4979 1823 5011 ι

598 5031 712 5108 (52)
738 5037 919 5092 Codex
961 5033 1260 5095 Bobiensis,
1305 5051 1322 5083 ι
1351 5033 1636 5086 Dominum
1669 5044 1796 5084 vero
1841 5045 1948 5084 non
1975 5031 2075 5085 ha-

526 5106 658 5164 bere
699 5117 906 5179 patrem
948 5120 1075 5162 cum
1139 5102 1362 5158 mundo.
1387 5120 1407 5154 ι
1446 5100 1788 5172 Typographi
1845 5099 2071 5157 forsitan

525 5193 700 5318 θΐῖἓὲ
733 5245 913 5302 Codex
937 5243 1238 5307 Bobiensis,
1270 5261 1288 5294 ι
1310 5250 1527 5313 propter
1551 5241 1715 5309 quod.
1743 5258 1761 5291 ι

739 5315 875 5395 μειβ
893 5314 1410 5395 codexCasinensis,
1457 5329 1475 5362 ι
1501 5311 1730 5395 iurcarn;
1751 5329 1784 5395 ι¹

596 5379 710 5457 (55)
744 5387 926 5467 Codex
985 5384 1289 5467 Bobiensis,
1324 5402 1352 5467 Δι
1377 5389 1611 5452 rapatur.
1635 5399 1654 5432 ›
1691 5379 1936 5434 Valesius
1973 5394 2071 5433 au-

531 5461 641 5510 tem
666 5466 812 5512 recte
837 5461 1091 5522 correxit,
1122 5474 1140 5507 ‹
1167 5463 1431 5524 raptatur.
1454 5471 1472 5504 ι

599 5525 710 5575 ('56)
748 5527 927 5575 Codex
973 5526 1303 5575 Casinensis.
1344 5543 1362 5575 ι
1386 5532 1570 5575 nentes
1607 5535 1774 5575 unum
1827 5519 2019 5575 Deum.
2044 5540 2062 5572 ι

599 5525 710 5594 (56)
748 5527 927 5582 Codex
973 5526 1304 5589 Casinensis,
1344 5543 1362 5575 ι
1386 5532 1570 5595 gentes
1607 5535 1774 5576 unum
1827 5525 2019 5575 Deum.
2044 5540 2062 5572 ι

529 5592 711 5650 Cadex
736 5606 917 5678 autem
945 5595 1243 5661 Bobiensis,
1279 5595 1532 5666 «gentiles
1559 5592 1823 5678 eumdem,
1842 5590 2063 5678 penum:

532 5679 695 5793 Euam
736 5667 1045 5731 lectionem,
1082 5661 1334 5721 consona'
1368 5678 1491 5718 cum
1523 5671 1666 5720 esset
1710 5661 1896 5718 Graeco
1925 5661 2068 5732 apud

580 5735 886 5793 oiubanium
922 5735 1112 5793 textui.
1139 5749 1240 5790 nos
1266 5734 1611 5790 retinuimus.

577 5743 886 5807 piphanium
922 5743 1112 5804 textui,
1139 5749 1240 5790 nos
1266 5743 1611 5790 retinuimus.

2184 4493 2297 4549 ρος,
2326 4478 2464 4549 idem
2497 4491 2618 4530 esse
2651 4476 2864 4549 videtur
2897 4492 3018 4531 cum
3059 4491 3145 4538 eo,
3179 4490 3343 4549 quem
3387 4473 3758 4549 infra_senio-

2178 4543 2292 4601 rem
2336 4547 2552 4602 tertium
2597 4555 2773 4600 vocat.
2809 4546 3071 4600 Prmterea
3105 4543 3274 4601 codex
3306 4543 3626 4609 Bobiensis,
3659 4562 3754 4615 pro

2185 4635 2203 4667 ι
2232 4615 2442 4679 fecerit,
2464 4635 2482 4668 ι
2517 4617 2680 4670 habet
2714 4635 2732 4666 ι
2756 4615 2970 4671 ieceris.
2997 4634 3016 4667 ›

2411 4687 2592 4768 Codex
2635 4685 2938 4768 Bobiensis,
2985 4684 3333 4768 .tdimiititu:
3382 4685 3600 4747 anima,
3635 4701 3754 4768 quae

2177 4754 2408 4822 objicior
2441 4757 2582 4810 inter
2610 4755 2847 4810 medium
2874 4756 3000 4809 novi
3017 4754 3220 4809 smculi.
3249 4773 3266 4805 ι
3295 4755 3485 4809 Graeca
3507 4767 3714 4810 sonant
3738 4775 3750 4808 :

2183 4845 2203 4874 ι
2227 4825 2430 4881 Deinde
2459 4827 2652 4880 iterum
2696 4825 2906 4896 glebam
2954 4841 3097 4896 novo
3127 4841 3250 4878 cum
3285 4840 3438 4896 aaone
3467 4827 3662 4884 mittit.
3693 4837 3748 4879 ut

2176 4911 2366 4951 omnes
2399 4905 2747 4966 peccatorum
2770 4895 2966 4966 anima:
2988 4895 3041 4948 in
3064 4903 3328 4948 aeternum
3354 4895 3598 4966 vinculis
3621 4912 3752 4950 con-

2178 4969 2381 5021 strictae
2404 4963 2709 5021 teneantur.
2737 4983 2755 5016 ι
2785 4963 2939 5018 Unde
2967 4972 3148 5018 autem
3186 4973 3336 5019 tanta
3365 4964 3511 5020 inter
3539 4975 3750 5021 textum

2177 5034 2425 5116 Crzecum
2471 5044 2526 5091 et
2569 5034 2818 5088 Latinam
2850 5035 3158 5090 versionem
3195 5036 3488 5090 diversitas
3513 5037 3747 5098 oriatur,

2176 5120 2389 5160 Ignoro.

2198 5122 2575 5244 signiorium
2604 5172 2904 5244 Bobiensis,
2928 5193 2948 5226 ι
2971 5173 3277 5238 vincantur,
3309 5194 3328 5226 ι
3361 5189 3530 5244 quam
3561 5176 3751 5230 lectio-

2176 5259 2297 5327 nem
2330 5243 2642 5327 mendosam
2664 5259 2787 5301 esse
2816 5243 3037 5300 Gmcus
3053 5245 3195 5315 apud
3229 5243 3603 5315 Epiphanium
3637 5257 3751 5301 tex-

2177 5325 2262 5372 tus
2283 5324 2507 5370 evincit.

2246 5384 2358 5456 (41)
2389 5384 2570 5441 Codex
2600 5383 2905 5456 Bobiensis,
2941 5401 2962 5436 ι
2983 5398 3108 5456 cum
3135 5385 3268 5456 _ista
3305 5394 3447 5456 (tota
3504 5387 3742 5447 venerit,

2175 5453 2545 5525 probationes,
2572 5475 2591 5508 ι
2612 5465 2716 5511 etc.
2742 5453 2849 5510 Sed
2879 5455 3021 5525 apud
3049 5454 3415 5526 Epiphanium
3440 5464 3552 5525 est,
3591 5471 3743 5512 «cum

2174 5535 2350 5580 statua
2381 5527 2606 5580 venerit.
2630 5543 2649 5576 ι

2244 5596 2357 5666 (42)
2384 5594 2482 5650 Hic
2517 5596 2669 5666 locus
2699 5595 2836 5652 mire
2874 5597 2928 5651 in
2973 5594 3232 5651 Bobiensi
3256 5595 3418 5650 etiam
3447 5595 3642 5651 codice
3662 5606 3743 5650 est

2173 5665 2515 5737 depravatus,
2543 5665 2598 5720 in
2627 5681 2734 5735 quo
2762 5668 2843 5722 sic
2864 5666 3090 5737 legitur:
3121 5683 3140 5717 ι
3169 5666 3526 5737 Probationes
3556 5677 3742 5720 autem

2175 5749 2387 5804 omnes,
2424 5734 2584 5792 Jesus
2619 5734 2704 5792 est
2737 5737 2792 5790 in
2821 5734 3031 5792 modica
3083 5735 3229 5806 navi,
3277 5745 3333 5792 et
3386 5746 3563 5792 mater
3595 5737 3743 5800 vita,
