3996 6208
283 247 307 301 Ι
320 248 423 302 ιω

1407 248 1553 305 CUM
1590 249 1869 305 MANETE
1905 250 2437 307 HERESXARCHA.

3397 256 3533 314 H50

278 365 459 437 νῆται,
488 368 581 422 καὶ
615 369 649 440 ἡ
686 369 953 439 παρθένος
1001 367 1096 421 τοῦ
1127 369 1321 438 φωτὸς,
1354 372 1446 423 καὶ
1474 372 1503 423 δ
1547 370 1839 444 πρεσϐύτηέ

1958 382 2041 426 est
2088 372 2141 425 in
2196 372 2407 426 modica
2460 373 2603 430 navi.
2647 380 2702 425 et
2762 381 2934 426 mater
2987 373 3129 436 vitai,
3159 381 3213 427 et
3240 372 3529 429 duodecim

276 458 306 511 ὁ
334 457 537 529 τρίτος,
562 461 591 511 ὁ
620 460 677 510 ὲν
707 459 785 528 τῷ
815 458 1031 530 μεγάλῳ
1064 459 1251 529 πλοίῳ,
1284 460 1377 513 καὶ
1418 461 1478 513 τὸ
1506 458 1613 524 ζῶν
1640 461 1857 533 πνεῦμα

277 552 372 605 καὶ
402 552 463 604 τὸ
493 554 668 622 τεῖχος
698 552 790 605 τοῦ
836 552 1069 624 μεγάλου
1111 553 1301 625 πυρὸς,
1346 555 1437 605 καὶ
1464 559 1527 606 τὸ
1561 557 1735 625 τεῖχος
1762 556 1855 609 τοῦ

275 643 502 710 ἀνέμου,
535 646 628 698 καὶ
656 643 748 698 τοῦ
772 644 952 717 ἀέρος,
980 645 1075 699 καὶ
1101 644 1194 698 τοῦ
1229 644 1440 709 ὕδατος,
1467 647 1562 699 καὶ
1594 647 1686 699 τοῦ
1718 647 1855 701 ἔσω-

277 738 369 792 θεν
415 740 584 810 πυρὸς
629 738 723 792 τοῦ
777 738 993 803 ζῶντος,
1041 738 1176 811 πρὸς
1216 739 1305 792 τὸν
1354 740 1549 810 μικρὸν
1596 741 1855 811 φωστῆρα

274 831 533 891 οἰκοῦσιν,
570 830 726 901 ἄχρις
767 830 833 884 ἂν
864 831 925 884 τὺ
974 830 1085 901 πῦρ
1126 831 1483 904 καταναλώσῃ
1522 832 1612 886 τὸν
1654 832 1856 903 κόσμον

273 921 413 985 ὅλον,
440 924 497 975 ὲν
523 927 703 984 ποσοῖς
733 939 865 976 ποτε
890 923 1085 988 ἐτεσιν,
1115 917 1189 977 ὧν
1214 925 1312 976 οὐκ
1335 923 1535 994 ἔμαθον
1565 924 1665 994 τὴν
1696 924 1856 977 ποσό-

273 1030 440 1082 τητα.
472 1014 581 1067 Καὶ
616 1014 751 1084 μετὰ
785 1014 952 1068 ταῦτα
976 1015 1417 1079 ἀποκατάστασις
1441 1014 1591 1068 ἔσται
1626 1015 1733 1068 τῶν
1764 1016 1855 1069 δύο

275 1105 527 1176 φύσεων
576 1107 669 1159 καὶ
713 1109 762 1159 οἱ
818 1108 1077 1177 ἄρχοντες
1125 1109 1405 1180 οἰκήσουσι
1452 1109 1519 1160 τὰ
1570 1108 1853 1181 κατώτερα

276 1196 415 1267 μέρη
446 1197 670 1260 ἑαυτῶν,
702 1199 731 1249 ὁ
762 1198 817 1251 δὲ
846 1197 1035 1268 Πατὴρ
1072 1198 1140 1250 τὰ
1172 1198 1435 1267 ἀνώτερα,
1470 1200 1531 1251 τὸ
1567 1199 1694 1252 ἴδιον
1720 1202 1854 1254 ἀπο-

272 1285 472 1341 λαϐών.
506 1288 719 1357 Ταύτην
748 1288 805 1341 δὲ
846 1289 1029 1341 πᾶσαν
1064 1288 1161 1359 τὴν
1197 1288 1541 1342 διδασκαλίαν
1569 1291 1851 1362 παρέδωκε

272 1382 387 1441 τοῖς
437 1379 611 1449 τρισὶν
652 1380 817 1433 αὐτοῦ
868 1381 1155 1451 μαθηταῖς,
1199 1382 1461 1445 κελεύσας
1500 1384 1726 1437 ἕκαστον
1772 1388 1852 1448 εἰς

272 1468 512 1540 κλίματα
538 1469 756 1523 ὁδεύειν.
797 1471 907 1524 Καὶ
944 1472 973 1523 ὁ
1008 1472 1107 1541 μὲν
1134 1472 1327 1539 Ἀὃδας
1373 1474 1439 1529 τὰ
1461 1474 1849 1547 τῆςἈνατολῆς

275 1561 415 1633 μέρη
441 1562 628 1632 ἔλαχεν
644 1580 657 1593 θ
682 1564 710 1614 ὁ
734 1562 789 1616 δὲ
809 1562 1009 1634 Θωμᾶς
1036 1564 1133 1637 τὴν
1154 1564 1339 1639 Σύρων
1365 1568 1466 1638 γῆν
1483 1568 1843 1641 κεκλήρωται·

280 1653 539 1724 Ἑρμείας
568 1654 623 1707 δὲ
660 1654 818 1719 ἄλλος
854 1657 952 1727 τὴν
981 1658 1059 1720 εἰς
1090 1656 1364 1726 Αἴγυπτον
1408 1661 1633 1730 πορείαν
1664 1663 1848 1733 ἐποιή-

1960 466 2373 536 gubernatores,
2399 476 2452 520 et
2482 467 2633 535 virgo
2662 466 2817 527 lucis,
2840 476 2892 520 et
2925 467 3108 520 senior
3136 471 3351 521 tertius.
3375 463 3530 523 Unde

1958 564 2012 608 et
2048 555 2236 625 majori
2271 556 2325 610 in
2370 557 2489 610 navi
2522 556 2633 627 (45)
2659 557 2844 611 vivens
2878 557 3104 625 spiritus
3138 557 3447 619 adhibetur.
3475 567 3531 613 et
3598 614 3601 617 ,

1959 662 2150 702 murus
2176 648 2322 703 illius
2369 649 2508 719 ignis
2538 649 2740 719 magni,
2763 657 2818 703 et
2851 664 3043 704 murus
3080 651 3245 717 venti,
3280 660 3335 706 et
3360 652 3527 715 aeris,

1956 750 2007 794 et
2032 758 2206 812 aquae,
2237 751 2291 797 et
2315 744 2588 798 interioris
2621 743 2761 813 ignis
2795 742 2900 796 vivi
2935 743 3074 814 (Η),
3101 759 3223 813 qua:
3250 748 3434 798 omnia
3467 746 3520 798 in

1957 834 2086 887 luna
2138 833 2482 899 habitabunt,
2521 849 2806 904 usquequo
2848 842 3023 889 totum
3073 837 3335 891 mundum
3388 838 3528 909 ignis

1957 926 2209 981 absumat
2245 942 2257 977 :
2289 926 2341 979 in
2374 936 2506 995 quot
2537 936 2719 981 autem
2757 926 2939 992 annis,
2984 942 3272 982 numerum
3305 944 3413 984 non
3445 931 3529 983 di-

1954 1016 2083 1071 dici.
2117 1015 2182 1070 Et
2223 1023 2343 1085 post
2375 1016 2492 1070 hace
2548 1018 2823 1071 restitutio
2866 1017 2973 1070 erit
3006 1017 3243 1071 dnorum
3292 1018 3527 1073 lumina-

1955 1108 2094 1161 rium
2125 1108 2259 1177 (45),
2294 1117 2348 1162 et
2380 1108 2654 1179 principes
2698 1108 3019 1163 habitabunt
3068 1110 3121 1163 in
3176 1109 3527 1166 inferioribus
3568 1100 3592 1115 ⁸

1954 1200 2199 1270 partibus
2255 1200 2370 1255 suis
2418 1200 2555 1270 (46);
2588 1199 2750 1255 Pater
2792 1211 2971 1254 autem
3018 1200 3071 1253 in
3124 1202 3522 1271 superioribus,

1953 1308 2075 1362 qua:
2103 1307 2202 1346 sua
2236 1301 2364 1345 sunt
2420 1293 2705 1360 recipiens.
2738 1290 2862 1345 H2120
2906 1301 2989 1346 est
3042 1293 3222 1346 omnis
3277 1294 3524 1348 doctrina

1951 1400 2115 1455 quam
2149 1384 2369 1439 tradidit
2403 1384 2576 1438 tribus
2597 1384 2880 1454 discipulis
2919 1384 3056 1445 suis,
3090 1384 3445 1453 etjussiteos
3470 1386 3523 1440 in

1952 1486 2068 1530 tres
2104 1476 2291 1530 mundi
2326 1477 2512 1547 plagas
2557 1475 2671 1545 (47)
2700 1476 2991 1543 proﬁcisci.
3022 1476 3173 1529 Adda
3198 1475 3310 1547 (48)
3340 1487 3523 1547 partes

1952 1572 2178 1624 sortitus
2204 1578 2287 1623 est
2319 1568 2599 1635 Orientis;
2632 1567 2873 1623 Thomas
2896 1584 3023 1623 vero
3060 1565 3321 1637 Syrorum
3350 1579 3522 1625 terras
3595 1609 3602 1616 -

1953 1662 2225 1731 suscepit;
2259 1659 2485 1716 Hermas
2510 1675 2639 1715 vero
2665 1661 2732 1715 ad
2764 1659 3058 1731 Egyptum
3089 1660 3366 1730 profectus
3387 1670 3471 1717 est
3502 1680 3517 1715 :

270 1760 399 1797 σατο
418 1762 431 1774 ·
462 1746 554 1797 καὶ
586 1746 744 1818 μέχρι
772 1748 1012 1818 σήμερον
1036 1749 1213 1801 ἐκεῖσε
1244 1750 1598 1821 διατρίϐουσι,
1631 1753 1729 1823 τὴν
1752 1752 1839 1807 τοῦ

1949 1761 2003 1807 et
2036 1722 2222 1822 usrjue'
2242 1754 2295 1806 in
2338 1753 2686 1818 hodiernum,
2728 1752 2803 1807 ibi
2839 1722 3386 1823 “deguiit,-dogmatis
3420 1756 3520 1808 hu-

267 1835 537 1907 δόγματος
569 1838 826 1892 ὐπόῦεσιν
867 1840 1060 1911 στῆσαι
1094 1840 1357 1907 θέλοντες.

346 1948 457 2004 XII.
487 1952 597 2022 (49)
639 1951 765 2009 Hzec
803 1970 927 2009 cum
962 1954 1147 2010 Turbo
1194 1958 1445 2024 dixisset,
1500 1961 1847 2017 vehementer

270 2044 667 2099 accendebatur
715 2048 1045 2113 Archelaus;
1096 2049 1381 2106 Marcellus
1434 2069 1562 2107 vero
1591 2071 1696 2108 non
1730 2072 1845 2110 mo-

271 2134 520 2199 vebatur,
559 2135 729 2191 Deum
777 2150 1124 2209 exspectans,
1172 2144 1435 2197 auxilium
1480 2144 1590 2215 (50')
1631 2148 1843 2201 veritati

271 2243 385 2282 suae
434 2228 677 2284 futurum
712 2248 726 2284 :
759 2231 1027 2289 Archelao
1067 2244 1247 2290 autem
1299 2246 1414 2290 erat
1446 2252 1577 2291 cura
1614 2254 1712 2307 pro
1743 2255 1842 2309 po-

271 2320 419 2390 pulo,
469 2330 726 2391 tanquam
771 2324 974 2392 pastori
1015 2339 1112 2393 pro
1154 2325 1369 2390 ovibus,
1423 2344 1546 2381 cum
1588 2328 1840 2398 luporum

270 2422 532 2482 parantur
578 2414 806 2469 insidize.
846 2414 1016 2481 Igitur
1053 2415 1343 2473 Marcellus
1371 2417 1681 2475 Turbonem
1718 2438 1843 2476 mu-

271 2506 491 2557 neribns
526 2503 775 2572 plurimis
812 2504 1034 2573 replevit
1070 2506 1204 2578 (5|),
1240 2517 1295 2561 et
1334 2509 1384 2561 in
1429 2508 1679 2565 Archelai
1722 2513 1840 2582 epi-

272 2596 420 2663 scopi
456 2594 567 2663 (5‘2)
597 2597 819 2649 domum
848 2596 1086 2652 residere
1120 2600 1396 2669 prteccpit.
1425 2599 1625 2656 Eadem
1655 2613 1838 2660 autem

272 2686 386 2756 ipsa
404 2687 491 2741 die
518 2689 828 2742 adventavit
848 2688 1053 2755 Manes,
1075 2692 1352 2749 adducens
1376 2710 1563 2749 secum
1586 2697 1836 2767 juvenes,

270 2786 324 2831 et
366 2777 603 2846 virgines
650 2778 850 2833 electos
899 2781 967 2834 ad
1016 2781 1207 2852 viginti
1255 2784 1365 2838 duo
1389 2785 1504 2855 (55)
1539 2788 1703 2843 simul
1738 2807 1752 2843 :
1785 2801 1839 2847 et

270 2869 447 2937 primo
486 2869 731 2924 omnium
786 2869 1100 2928 Turbonem
1141 2877 1449 2944 requirebat
1481 2878 1594 2948 (54)
1629 2896 1727 2949 pro
1758 2883 1840 2937 fo-

269 2963 421 3019 ribus
451 2962 724 3031 Marcelli;
753 2980 914 3035 quem
947 2982 1071 3020 cum
1104 2982 1213 3021 non
1247 2970 1566 3036 invenisset,
1591 2972 1657 3027 ad
1690 2973 1837 3030 Mar-

267 3109 323 3159 et
353 3102 640 3175 duodecim
666 3102 1079 3175 gubernatores,
1112 3112 1167 3175 et
1199 3104 1349 3175 virgo
1376 3105 1535 3166 lucis.
1568 3116 1621 3162 et
1654 3108 1837 3164 senior

268 3174 481 3246 tertius,
518 3172 751 3228 Unde'et
773 3173 1025 3246 majorin
1050 3174 1172 3227 navi
1197 3172 1383 3230 vivcns
1414 3178 1649 3246 Spiritus
1677 3182 1834 3234 adhi-

269 3244 449 3324 betur,
474 3254 527 3298 et
554 3260 743 3323 murus
775 3244 913 3324 ignis
942 3243 1086 3324 illius
1100 3246 1302 3324 magni,
1322 3255 1373 3300 et
1404 3243 1597 3324 murus
1626 3252 1839 3324 ventiet

264 3317 433 3377 aeris,
450 3324 647 3383 etaqua
665 3315 939 3367 interioris
958 3315 1094 3381 ignis
1110 3316 1420 3385 vivensque.
1436 3318 1629 3373 Omnia
1643 3320 1695 3373 in
1712 3322 1837 3374 luna

272 3386 591 3459 habitabant
632 3400 916 3453 usquequo
967 3394 1137 3437 totum
1173 3388 1435 3441 mundum
1478 3390 1621 3459 ignis
1674 3392 1839 3445 absu-

269 3464 418 3520 mat;
454 3455 697 3523 iiiqiieiii
747 3466 926 3507 autem
978 3469 1246 3509 annorum
1286 3455 1572 3512 numerum
1604 3475 1712 3514 non
1755 3463 1837 3514 di-

270 3526 400 3578 dici.
428 3543 445 3575 ι
484 3522 916 3596 Videturautem
969 3526 1226 3596 antiquus
1253 3526 1521 3596 interpres
1560 3546 1665 3584 non
1701 3532 1835 3585 bene

273 3595 604 3649 intellexisse
637 3595 961 3663 quibusdam
1008 3595 1060 3647 in
1097 3597 1230 3650 locis
1264 3600 1372 3650 vim
1401 3595 1577 3653 Graeci
1628 3610 1830 3662 textus.

267 3667 428 3744 cujus
469 3667 631 3718 verba
666 3666 807 3734 apud
838 3664 1199 3749 Epiphaniam
1226 3667 1296 3719 ita
1329 3666 1519 3721 Latine
1536 3680 1747 3749 sonant
1768 3686 1833 3724 ex

268 3734 519 3809 versione
542 3745 727 3790 nostra
769 3754 783 3789 :
820 3753 839 3786 ι
859 3734 1086 3809 Cuncta;
1116 3740 1707 3809 vero‘propagationes,
1738 3757 1834 3795 seu

268 3806 597 3879 prolationes
629 3814 957 3879 potestatum
983 3821 1050 3859 ex
1072 3806 1215 3860 bono
1245 3805 1386 3879 Deo,
1406 3805 1617 3879 nempe,
1652 3808 1833 3875 Jesus.

266 3877 358 3952 qui
390 3879 443 3929 in
482 3876 676 3952 minori
708 3876 923 3952 navigio
942 3885 1146 3952 manet,
1171 3878 1375 3952 et_vit;e
1405 3876 1612 3952 mater,
1640 3890 1694 3935 et
1725 3898 1827 3952 gu-

269 3946 587 4002 bernatores
620 3946 931 4017 duodecim,
954 3957 1009 4000 et
1038 3949 1190 4017 virgo
1231 3949 1391 4015 lucis,
1425 3957 1479 4004 et
1501 3950 1687 4004 senior
1721 3946 1834 4004 t'er-

270 4019 398 4077 tius,
438 4016 531 4095 qui
567 4016 621 4069 in
654 4016 860 4096 majore
883 4017 1098 4087 navigio
1116 4016 1334 4083 residet,
1366 4026 1420 4074 et
1445 4023 1637 4096 vivens
1666 4018 1837 4096 Spiri-

269 4100 357 4143 tus
386 4098 439 4142 et
466 4088 697 4157 ingentis
721 4088 861 4157 ignis
893 4104 1103 4153 murus,
1127 4098 1387 4145 etmurus
1411 4092 1647 4153 venti,et
1667 4088 1834 4157 aeris,

267 4168 319 4213 et
350 4174 526 4231 aqua},
559 4166 611 4211 et
642 4157 914 4231 interioris
946 4160 1085 4229 ignis
1128 4160 1384 4231 viventis;
1433 4162 1535 4225 hae,
1588 4162 1833 4230 inquam,

268 4229 459 4302 omnes
489 4229 926 4302 propagationes,
959 4244 1053 4284 seu
1086 4229 1438 4302 prolationes,
1470 4232 1614 4302 apud
1645 4229 1829 4287 minus

267 4299 535 4354 luminare
563 4299 828 4365 habitant,
856 4316 1141 4369 quousque
1168 4301 1305 4369 ignis
1333 4299 1645 4357 universum
1678 4320 1836 4357 mun-

266 4374 394 4425 dum
430 4371 715 4435 absumat;
742 4370 793 4422 id
842 4372 986 4439 quod
1025 4379 1174 4425 certo
1198 4386 1467 4425 annorum
1497 4374 1673 4442 spatio
1699 4390 1834 4428 con-

266 4442 455 4509 tinget,
486 4457 717 4509 quorum
752 4456 1038 4494 numerum
1078 4442 1279 4495 nescio.
1308 4461 1326 4493 ι
1365 4441 1469 4497 Sed
1503 4441 1569 4497 de
1598 4444 1684 4498 his
1713 4443 1796 4497 Ma
1817 4473 1831 4485 -

268 4512 599 4582 niclneoruin
630 4511 846 4579 ineptiis
871 4511 1210 4566 commodior
1240 4513 1396 4568 nobis
1440 4514 1633 4582 agendi
1676 4514 1830 4569 locus

267 4583 375 4636 erit
405 4583 457 4635 in
492 4580 913 4635 Manichaeorum
944 4582 1193 4635 historia.

336 4651 452 4721 (45)
489 4652 672 4706 Codex
719 4651 1057 4723 Casinensis,
1094 4671 1112 4703 ι
1138 4652 1343 4723 majore
1389 4654 1533 4709 navi.
1561 4673 1580 4706 ι
1616 4652 1823 4723 Legen-

263 4720 398 4777 duin
428 4734 607 4775 autem
649 4742 667 4772 σ
694 4722 883 4791 majori
931 4723 985 4775 in
1051 4723 1191 4776 navi.
1219 4720 1237 4774 ἱ
1274 4722 1445 4778 Grazci
1473 4726 1620 4779 eniin
1652 4720 1830 4779 textus

264 4794 409 4862 apud
448 4793 805 4862 Epiphaniuin
848 4794 935 4846 hic
968 4802 1052 4847 est
1091 4807 1328 4847 sensus.‘

340 4864 450 4932 (4i)
480 4867 658 4917 Codex
703 4863 1010 4926 Bobiensis,
1044 4883 1061 4914 ι
1087 4873 1136 4917 et
1170 4880 1325 4933 aqua:
1371 4863 1646 4919 interioris
1690 4864 1828 4932 ignis

268 4934 585 5003 vive-nsque.
609 4952 626 4983 ι
666 4934 1001 4995 Casinonsis,
1039 4952 1056 4984 ι
1082 4951 1254 5003 eaque
1310 4935 1586 4990 interioris
1647 4937 1775 4988 vivi.
1803 4955 1822 4986 ι

265 5002 377 5058 Nos
404 5002 677 5059 ex’Gi'wco
702 5016 847 5059 textu
879 5003 1128 5057 Latinum
1168 5002 1526 5059 eorrexinius.

339 5076 449 5145 (45)
484 5076 662 5129 Codex
695 5076 1031 5137 Casinensis,
1082 5094 1099 5125 ‹
1126 5077 1562 5131 luminariorum.
1588 5094 1607 5127 ι
1642 5073 1826 5130 Graeca

270 5156 494 5212 sonant,
529 5165 546 5195 ι
573 5146 803 5200 duarum
841 5156 1179 5200 naturarum.
1205 5167 1224 5198 ι

340 5216 451 5285 Uti)
492 5215 589 5269 llic
640 5217 833 5271 lacuna
876 5226 960 5269 est
1008 5218 1061 5270 in
1106 5218 1288 5272 Codice
1321 5215 1596 5283 Bobiensi,
1632 5215 1826 5286 inquo

264 5287 430 5343 etiam
464 5305 491 5356 (ί
505 5287 753 5356 recipies,
782 5305 800 5336 ι
831 5301 1111 5355 perperam
1141 5290 1354 5356 legitur.

336 5356 447 5427 (47)
478 5355 613 5410 Hinc
646 5366 794 5424 patet
845 5367 988 5410 recte
1015 5355 1292 5412 Petavium
1334 5359 1385 5410 in
1435 5356 1624 5413 Graico
1657 5356 1825 5427 hujus

262 5426 369 5484 loci
400 5439 679 5498 textugpro
702 5426 977 5498 κλήματα,
1009 5440 1065 5482 ut
1096 5444 1374 5498 perperam
1409 5427 1605 5498 legitur
1638 5428 1690 5479 in
1726 5426 1823 5479 Ba-

263 5500 483 5554 sdeensi
530 5496 821 5569 Epipbaiiii
871 5496 1107 5568 Operuni
1158 5496 1417 5565 editione,
1467 5496 1827 5554 'substituisse

260 5570 516 5641 κλίματα.

334 5636 444 5711 (148)
472 5640 651 5711 Codex
675 5638 1015 5711 Bobiensis,_g
1042 5654 1103 5692 ex
1123 5639 1319 5708 quibus
1334 5639 1505 5691 Adda.
1530 5636 1825 5692 iCieternm

260 5708 548 5769 ex'codice
576 5710 832 5764 Bobiensi
872 5718 925 5762 et
974 5708 1277 5779 Epiphanio
1308 5710 1662 5766 Cas-incusem
1696 5723 1826 5777 sup-

577 5810 848 5873 Pnaon.
894 5806 1008 5867 Gn.
1046 5807 1122 5867 Χ.

1945 1845 2037 1915 jus
2069 1846 2241 1915 gratia
2273 1844 2629 1914 praedicandi.

1948 1959 2143 2013 cellum
2185 1956 2491 2027 ingreditur
2518 1957 2887 2012 salutandum.
2920 1955 3039 2021 Quo
3073 1957 3162 2012 ille
3183 1958 3322 2025 viso,
3348 1957 3521 2012 admi-

1947 2061 2100 2105 ratus
2124 2060 2207 2106 est
2238 2052 2416 2121 primo
2464 2051 2686 2106 habitus
2720 2049 3075 2118 indumenta;
3114 2051 3347 2105 habebat
3374 2052 3516 2105 enim

1948 2143 2306 2201 calceamenti
2337 2160 2528 2213 genus,
2562 2143 2706 2213 quod
2747 2143 3058 2213 quadrisole
3092 2142 3203 2213 (55)
3235 2142 3394 2214 vulgo
3424 2158 3520 2212 ap-

1945 2238 2135 2309 pellari
2165 2237 2339 2303 solet;
2376 2238 2599 2305 pallium
2636 2246 2817 2291 autem
2862 2236 3098 2304 varium,
3128 2246 3386 2308 tanquam
3423 2252 3519 2291 ae-

1945 2330 2063 2384 rina
2100 2330 2308 2398 specie;
2339 2330 2393 2383 in
2422 2345 2586 2384 manu
2616 2344 2742 2383 vero
2770 2327 2881 2398 (56)
2916 2328 3311 2383 validissimum
3342 2330 3513 2383 bacu-

1944 2421 2054 2477 lum
2110 2423 2329 2477 tenebat
2376 2437 2438 2476 ex
2488 2421 2634 2491 ligno
2688 2420 2902 2475 ebelino
2959 2420 3109 2492 (57);
3158 2419 3513 2491 Babylonium

1945 2528 2071 2569 vero
2098 2514 2298 2569 librum
2335 2513 2582 2584 portabat
2633 2512 2737 2566 sub
2791 2512 3014 2566 sinistra
3060 2512 3180 2579 ala;
3212 2528 3370 2567 crura
3403 2513 3515 2585 (58)

1942 2604 2104 2660 etiam
2151 2604 2361 2659 braccis
2412 2605 2699 2658 obtexerat
2754 2604 2937 2657 colore
2986 2603 3221 2667 diverso,
3280 2620 3514 2673 quarum

1944 2713 2051 2752 una
2107 2696 2247 2762 rufa,
2280 2697 2384 2749 alia
2444 2695 2591 2748 velut
2642 2694 2849 2764 prasini
2897 2694 3097 2749 coloris
3148 2703 3263 2748 erat
3296 2698 3515 2751 :vultus

1942 2805 2071 2845 vero
2100 2789 2209 2859 (59)
2246 2798 2302 2843 ιιι
2331 2788 2479 2843 senis
2512 2786 2690 2843 Persae
2733 2786 2960 2843 artiﬁcis
3009 2796 3064 2841 et
3104 2788 3368 2843 bellorum
3402 2790 3509 2844 du-

1943 2876 2023 2930 cis
2048 2876 2161 2945 (60)
2201 2877 2507 2930 videbatur.
2561 2875 2729 2946 Igitur
2778 2874 3064 2931 Marcellus
3100 2878 3282 2932 statim
3307 2882 3371 2933 ad
3405 2879 3508 2933 Ar-

1944 2968 2192 3022 chelaum
2233 2968 2418 3035 mittit,
2458 2967 2551 3038 qui
2579 2983 2702 3023 cum
2738 2969 2902 3024 verbo
2930 2969 3091 3024 citius
3113 2968 3398 3039 adfuisset,
3429 2971 3513 3026 in.

1941 3104 2225 3177 plevimiis,
2254 3103 2306 3157 in
2341 3118 2450 3174 quo
2480 3104 2627 3177 nulla
2644 3102 2875 3177 Thema:
2899 3104 3122 3160 mentio.

2013 3177 2125 3245 (49)
2154 3174 2270 3231 Huc
2302 3190 2473 3243 usque
2502 3174 2855 3244 Epiphanius.

2156 3245 2346 3325 §oilex
2370 3245 2678 3325 Eobiensis,
2713 3264 2729 3295 ‹
2762 3245 2984 3325 auxilio.
3009 3264 3028 3297 ι

2015 3315 2122 3383 (51)
2151 3315 2333 3370 Codex
2367 3316 2670 3379 Bobiensis,
2702 3333 2721 3365 ι
2742 3317 2982 3369 donavit.
3011 3335 3029 3366 ι

2034 3386 2120 3456 52)
2152 3385 2291 3451 Vox,
2332 3406 2349 3438 ι
2371 3387 2634 3456 episc0pi,
2661 3406 2679 3436 ι
2712 3388 2865 3441 deest
2896 3387 2947 3440 in
2980 3386 3261 3445 Bubiensi.

2033 3458 2121 3521 55)
2151 3456 2329 3510 Codex
2354 3456 2660 3521 Bobiensis,
2702 3477 2719 3507 ε
2743 3459 2809 3511 ad
2838 3459 3149 3514 duodecim.
3181 3479 3201 3511 ι

2158 3527 2339 3601 ςυιιειι
2356 3527 2679 3601 ⁵Βοιιίιειιδιδ,
2717 3547 2733 3578 ι
2756 3529 3001 3601 requirit.
3025 3549 3043 3579 ο

2009 3597 2121 3667 (55)
2150 3597 2335 3667 Codex
2356 3597 2659 3658 Bobiensis.
2704 3615 2721 3646 ι
2747 3598 3036 3650 trisolium.
3069 3617 3087 3649 ι
3128 3597 3326 3658 Persas
3377 3604 3505 3662 altis

1938 3668 2135 3721 calceis
2159 3683 2285 3721 usos
2316 3666 2483 3721 fuisse
2509 3669 2583 3721 ait
2604 3667 2802 3721 Strabo
2830 3668 2920 3719 lib.
2956 3684 3045 3721 xv.

2010 3736 2123 3811 (56)
2150 3737 2284 3811 Mire
2306 3748 2702 3811 enrrt_tptu_s_est
2732 3738 2819 3791 hic
2841 3736 2974 3791 Bob.
3000 3740 3124 3794 cod.
3150 3758 3164 3806 ;
3189 3740 3501 3811 legitenim,

1944 3828 1962 3858 ο
1983 3824 2075 3863 aer
2107 3808 2335 3876 inaspici
2370 3809 2535 3860 enim.
2568 3806 2760 3860 Manus
2792 3822 2938 3861 vero.
2976 3827 2995 3859 »
3040 3852 3043 3857 λ

2006 3877 2119 3950 (57)
2148 3876 2330 3931 Codex
2394 3876 2698 3950 Bobiensis,
2747 3879 3061 3950 ieb‘ilino.»
3116 3878 3383 3934 Baeulnni
3435 3897 3501 3939 ex

1934 3947 2109 4003 ebeno
2142 3957 2383 4017 gestasse
2406 3947 2717 4016 prophetas.
2744 3948 2845 4002 hoc
2873 3959 2976 4014 est,
3004 3965 3285 4006 sacrarum
3324 3968 3502 4008 rerum

1937 4020 2254 4093 interpretes
2279 4018 2699 4093 ex__Cal_|i_sthene
2719 4020 2909 4088 probat
2934 4020 3241 4093 Ducangius
3265 4024 3319 4078 in
3342 4020 3501 4078 Glos-

1936 4091 2099 4153 sario,
2129 4090 2296 4143 verbo
2343 4088 2661 4150 Ἐϐέλλινος.

2148 4158 2472 4240 iiiclacuna
2501 4168 2585 4213 est
2615 4159 2676 4240 in!
2698 4158 2883 4213 codice
2908 4158 3180 4215 Bobiensi.

2006 4229 2119 4310 (539)
2147 4229 2485 4310 Qasinensis,
2525 4229 2752 4310 t‘vu‘ltus
2782 4241 2917 4310 erat.
2942 4250 2963 4309 ,ι

2006 4297 2119 4373 (δυ)
2148 4300 2406 4373 Artiﬁcis
2438 4309 2489 4353 et
2547 4299 2800 4373 bellerum
2830 4300 2999 4351 ducis.
3040 4299 3125 4373 ΔΑιΙ
3172 4297 3297 4373 lucc
3336 4302 3499 4373 verba

1975 4369 2157 4427 riestat
2191 4372 2244 4423 in
2269 4370 2504 4423 medium
2543 4369 2783 4437 proferre
2814 4386 2934 4432 qua:
2966 4369 3348 4425 animadvertit
3377 4371 3500 4426 Plii-

1865 4420 1909 4477 D
1936 4389 2115 4496 rimus
2147 4438 2580 4495 Buonarruotius
2618 4454 2670 4490 v.
2706 4438 2773 4492 cl.
2810 4437 2864 4491 in
2891 4436 3248 4496 opereltalice
3302 4442 3500 4496 inscri-

1976 4457 2115 4513 ppus
2134 4436 2580 4513 ABuonarruotiu’s
2618 4454 2670 4490 v.
2706 4438 2773 4492 cl.
2795 4437 2864 4513 Ain
2891 4436 3266 4513 opereltaliceg
3302 4442 3500 4513 inscri-

1934 4509 2095 4583 pto;
2118 4509 2485 4583 Osservazioni
2548 4511 2928 4583 sopra__alcun_i
2965 4510 3267 4583 [remittenti
3297 4512 3353 4565 di
3388 4515 3500 4567 vasi

1932 4577 2157 4651 amiciti
2189 4577 2248 4633 di
2289 4588 2473 4651 varo,
2501 4578 2648 4651 edito
2688 4578 2973 4651 Florentiae
3028 4578 3185 4651 Hi6,
3242 4596 3366 4651 pag,
3406 4585 3495 4638 (59,

1932 4598 2131 4639 anucm
2189 4598 2247 4633 at
2289 4598 2449 4641 vetro,
2501 4598 2648 4630 culto
2688 4598 2973 4631 rluremtte
3028 4598 3185 4643 luo,
3242 4598 3307 4651 pa
3353 4623 3366 4637 ,
3406 4598 3495 4638 ou.

1932 4652 2091 4715 Cum,
2147 4649 2346 4718 inquit,
2386 4649 2548 4713 hujus
2596 4646 2984 4717 disputationis
3034 4648 3170 4703 Acta
3215 4666 3246 4704 e
3306 4598 3497 4708 ﬁmo

1933 4724 2043 4777 sint
2094 4717 2375 4780 translata,
2426 4721 2540 4771 haec
2596 4720 2758 4774 verba
2807 4717 3077 4773 «artiﬁcis
3132 4729 3186 4773 et
3234 4721 3495 4779 bellorum

1931 4792 2088 4846 ducis
2116 4810 2134 4842 ι
2176 4805 2298 4858 quae
2335 4803 2460 4842 cum
2512 4789 2940 4857 praecedentibus
3000 4789 3182 4844 minus
3217 4802 3361 4845 recte
3405 4809 3497 4847 co-

1931 4863 2157 4925 haerent,
2196 4875 2351 4913 versa
2374 4858 2624 4931 videntur
2658 4860 2727 4931 ab
2760 4860 3051 4931 interprete
3076 4860 3170 4931 qui
3198 4864 3497 4931 exemplari

1933 4932 2195 5005 mendoso
2224 4946 2355 4984 usus
2387 4928 2571 5005 fuerit,
2594 4928 2797 5005 quique
2827 4930 2904 4984 sic
2927 4929 3208 5005 [eger-iam;
3241 4928 3471 5005 δῃμξουρ

1928 5002 2031 5071 τοῦ
2056 5003 2149 5055 καὶ
2188 4996 2516 5075 στρατηγοῦ,
2560 4996 2684 5075 cum
2714 4996 2912 5054 inisset
2942 4996 3226 5075 legendum
3356 4996 3497 5075 δημ-

1930 5068 2101 5145 ἆρχου
2164 5068 2268 5126 καῖ
2317 5068 2672 5145 στρατηγοῦε
2743 5086 2864 5140 quae.
2914 5068 3360 5145 prnindeverba
3394 5068 3499 5131 hoc

1932 5140 2090 5213 pacto
2130 5140 2394 5197 vertenda
2422 5150 2652 5213 essent,
2684 5151 2743 5194 ut
2791 5156 2889 5213 pro
2939 5140 3248 5213 «artiﬁcis»
3288 5142 3497 5212 legatur

1936 5211 2236 5285 iprincipis
2276 5211 2454 5282 populi
2486 5230 2503 5262 ι
2560 5212 2672 5266 sive
2730 5230 2747 5285 ι
2776 5211 2998 5275 tribuni,
3025 5230 3043 5262 ι
3076 5220 3131 5266 et
3158 5227 3256 5285 pro
3286 5230 3305 5263 ι
3328 5211 3498 5285 bello-

1931 5282 2051 5340 rum
2077 5282 2234 5339 ducis
2260 5304 2277 5335 ›
2313 5285 2519 5354 legatur
2559 5302 2576 5333 ι
2602 5283 2977 5354 magistratum
3003 5282 3260 5351 gerentis,
3289 5301 3309 5334 ι
3338 5283 3495 5354 juxta

1933 5358 2037 5409 vim
2066 5356 2213 5409 vocis
2242 5352 2542 5423 στρατηγός
2566 5393 2582 5417 ,
2612 5369 2733 5421 quae
2765 5352 2983 5419 quidem
3010 5367 3120 5406 non
3149 5352 3361 5408 tantum
3393 5360 3496 5412 ini-

1931 5428 2085 5478 litare
2138 5422 2358 5487 munus,
2393 5422 2487 5477 sed
2520 5424 2682 5476 etiam
2708 5422 2869 5492 civile
2903 5422 3103 5479 innuit.
3154 5423 3317 5492 quue
3370 5440 3498 5482 con-

1930 5495 2133 5548 ﬁrmari
2170 5504 2347 5564 potest
2371 5494 2693 5564 auctoritate
2719 5491 2897 5564 Plauti
2934 5493 2989 5546 in
3015 5491 3360 5557 Curculione,
3384 5507 3493 5554 act.

1930 5566 1993 5628 ll,
2028 5562 2186 5618 scen.
2228 5581 2312 5631 ιιι,
2350 5580 2401 5617 v.
2461 5565 2515 5625 ὕ,
2554 5562 2606 5627 7,
2641 5562 2732 5615 ubi
2782 5574 3014 5631 utraque
3057 5564 3173 5619 hac
3218 5579 3321 5619 vox
3367 5582 3495 5623 cum

1930 5636 2051 5690 aliis
2072 5635 2275 5706 muniis
2300 5632 2813 5704 civilibusjungitur
2836 5652 2850 5688 :
2880 5632 2993 5687 Nec
3024 5642 3383 5706 strategum...
3406 5656 3497 5695 nu

1929 5704 2260 5772 demarchus,
2288 5714 2392 5762 etc.

2991 5797 3068 5861 1&6
