3998 7026
518 239 649 295 “5|

1516 234 1699 290 ACTA
1738 235 2255 292 DlSPUTATlONlS
2295 238 2354 293 S.
2404 236 2745 293 ARCHELAI

3605 238 3749 292 H31

516 356 641 412 vehi
695 354 748 408 in
780 368 901 407 cum
951 352 1138 408 animo
1186 351 1476 422 urgebatur
1526 366 1593 404 ex
1643 352 1759 420 ipso
1804 352 1987 404 habitu
2013 367 2077 407 ac
2105 374 2145 425 Α
2177 353 2446 407 discerent
2499 366 2604 405 non
2647 351 3137 421 blasphemare‘p
3170 350 3245 407 ita
3298 361 3353 406 et
3399 368 3496 408 vos
3539 368 3743 407 omnes

519 446 698 517 specie
746 446 888 514 ejus,
921 454 974 499 et
1019 444 1251 498 maxime
1295 444 1512 512 quidem
1549 443 1685 514 (6i),
1710 444 1851 512 quod
1881 452 1933 496 et
1958 459 2080 512 qua:

520 534 777 592 Turbone
836 534 1100 589 referente
1158 541 1516 600 cognoverat;
1560 534 1823 586 secretius
1879 533 2079 587 factum

518 630 661 697 apud
702 627 1051 695 semetipsum
1106 634 1511 688 retractaverat,
1544 633 1600 676 et
1625 625 1909 694 diligenter
1952 640 2083 693 prte-

521 731 744 789 paratus
813 719 1121 771 advenerat.
1179 716 1248 768 At
1280 731 1408 769 vero
1452 716 1905 785 prudentissimus
1938 714 2080 768 Mar-

520 812 689 866 cellus
717 811 865 866 omni
919 808 1339 863 contentionum
1387 809 1567 862 studio
1611 808 1844 871 sublato,
1880 818 2084 862 utrum-

524 917 630 971 que
674 902 862 956 audire
899 900 1143 954 decernit
1173 898 1305 968 (62),
1349 899 1589 953 invitatis
1636 901 1767 953 viris
1804 888 2080 969 primariis

520 994 789 1055 civitatis;
825 1007 888 1044 ex
923 992 1122 1061 quibus
1150 991 1363 1060 judices
1396 991 1575 1061 elegit,
1610 991 1869 1061 religione
1914 991 2081 1061 genti-

522 1088 622 1149 les,
667 1093 901 1154 quatuor
942 1098 1191 1145 numero.
1235 1098 1467 1152 quorum
1503 1084 1616 1137 hate
1662 1091 1790 1137 sunt
1812 1082 2076 1136 nomina:

529 1177 817 1246 Manippns
843 1176 1207 1245 grammaticae
1228 1176 1361 1228 artis
1384 1184 1438 1229 et
1467 1174 1767 1243 disciplinae
1789 1173 2075 1228 rhetoricae

518 1270 905 1341 peritissimus,
946 1265 1227 1338 [Egialcus
1261 1267 1373 1336 (65)
1402 1267 1673 1322 archiater
1707 1267 2078 1322 nobilissimus

515 1374 569 1417 et
602 1361 797 1417 litteris
829 1361 1073 1430 apprime
1103 1359 1370 1427 eruditus,
1396 1359 1659 1414 Claudius
1695 1371 1750 1415 et
1789 1359 2081 1420 Cleobolus

515 1456 626 1508 duo
650 1453 846 1509 fratres
888 1452 1090 1522 egregii
1133 1453 1379 1506 rhetores
1415 1450 1551 1521 (64).
1589 1450 1676 1506 Fit
1701 1467 1831 1523 ergo
1866 1454 2080 1524 magni-

2179 460 2463 513 pwnarum
2508 443 2735 514 principi
2782 442 3088 507 tratlemini,
3118 459 3216 511 pro
3260 457 3326 497 eo
3356 444 3503 514 quod
3541 459 3746 498 manus

2180 538 2444 608 injecistis
2474 538 2526 590 in
2557 536 2769 591 Patrem
2801 534 3020 599 Christi,
3063 550 3185 590 cum
3229 551 3350 589 eum
3390 536 3579 591 dicitis
3618 552 3749 590 cau-

2179 646 2296 683 sau‘
2333 644 2454 683 esse
2496 629 2741 682 omnium
2793 628 3081 692 malorum,
3110 636 3165 681 et
3205 628 3545 681 conditorem
3604 628 3750 695 inju-

2178 721 2353 785 stitie,
2390 728 2449 775 et
2492 720 2661 775 totius
2715 719 3017 787 iniquitatis
3073 729 3393 785 creatorem,
3451 736 3525 772 ex
3554 719 3748 772 eodem

2189 810 2337 865 fonte
2360 810 2572 865 dulcem
2595 818 2648 864 et
2677 824 2914 866 amaram
2946 809 3297 878 produce-rites
3325 826 3527 879 aquam
3555 828 3571 864 :
3605 812 3748 879 quod

2178 900 2293 955 ﬁeri
2342 910 2434 954 aut
2474 900 2699 970 intelligi
2744 900 2891 954 nulla
2949 900 3159 954 ratione
3202 900 3463 968 possibile
3511 910 3626 954 est.
3648 900 3748 954 Cui

2176 986 2318 1045 enim
2343 998 2553 1060 oportet
2578 989 2768 1044 credi?
2797 989 3067 1059 magistris
3090 990 3284 1044 vestris
3319 991 3463 1056 istis,
3494 991 3598 1060 qui
3631 1006 3752 1045 car-

2178 1082 2339 1136 nibus
2364 1091 2657 1136 vescuntur
2682 1092 2735 1135 et
2759 1070 3185 1138 aﬂlucntissimis
3208 1082 3421 1138 deliciis
3449 1083 3750 1153 perfruun-

2182 1185 2271 1228 tur
2302 1192 2318 1230 :
2359 1182 2455 1228 aut
2482 1172 2746 1227 Salvatori
2775 1173 2993 1227 Christo
3016 1172 3141 1227 Jrsn
3177 1174 3400 1241 dicenti,
3429 1176 3578 1230 sicut
3615 1178 3751 1230 seri-

2177 1275 2326 1335 ptttm
2365 1274 2449 1320 est
2485 1266 2537 1318 in
2588 1264 3001 1334 Evangeliorum
3032 1265 3168 1320 libro
3197 1282 3212 1317 :
3244 1285 3263 1317 ι
3288 1265 3404 1321 Non
3441 1277 3631 1338 potest
3658 1284 3743 1323 ar-

2178 1358 2277 1411 bor
2313 1357 2454 1411 bona
2488 1357 2661 1412 malos
2694 1356 2905 1411 fructus
2948 1355 3149 1422 facere,
3196 1373 3370 1428 neque
3407 1359 3581 1414 arbor
3605 1362 3744 1414 mala

2181 1447 2353 1503 bonos
2406 1447 2612 1503 fructus
2663 1440 2938 1515 facere“;
2967 1466 2986 1500 ι
3029 1458 3083 1503 et
3132 1448 3239 1502 alio
3266 1449 3320 1502 in
3350 1448 3494 1513 loco,
3533 1460 3747 1519 patrem

518 1550 655 1601 licus
704 1555 1036 1609 conventus;
1066 1544 1138 1597 ita
1181 1554 1241 1598 ut
1284 1546 1484 1600 domus
1509 1543 1769 1609 Marcelli,
1801 1560 1924 1615 quae
1965 1553 2083 1600 erat
2181 1540 2464 1605 diaboli",
2502 1539 2814 1595 mendacem
2847 1549 2901 1594 et
2957 1539 3282 1594 homicidam
3324 1540 3393 1593 ab
3428 1542 3595 1595 initio
3625 1558 3747 1597 esse

518 1639 811 1702 immensa,
858 1638 1157 1708 repleretur
1189 1654 1255 1693 ex
1284 1637 1370 1692 his
1396 1636 1488 1708 qui
1520 1636 1585 1691 ad
1612 1637 1934 1692 audiendum
1960 1636 2079 1692 fue-

2181 1631 2466 1686 conllrmat
2490 1648 2505 1697 ;
2539 1646 2757 1686 rursum
2781 1630 3112 1685 desiderium
3139 1629 3308 1686 fuisse
3334 1632 3585 1687 tenebris
3605 1634 3743 1705 (70),

526 1739 650 1783 rant
696 1728 870 1783 vocati
912 1728 1023 1799 (65)
1052 1745 1065 1780 :
1095 1739 1148 1783 et
1197 1743 1320 1783 cum
1370 1728 1426 1782 in
1483 1740 1775 1798 conspectu
1832 1730 2075 1784 omnium
2108 1717 2150 1778 Β
2178 1731 2236 1776 ut
2266 1724 2679 1792 insequerentur
2713 1722 2865 1787 illud,
2898 1723 3043 1792 quod
3091 1724 3157 1778 de
3203 1723 3324 1778 luce
3363 1723 3528 1779 initio
3558 1723 3745 1780 fuerat

517 1818 890 1873 constitissent
938 1819 974 1871 ii
1026 1820 1119 1887 qui
1172 1819 1457 1873 adversum
1490 1833 1550 1873 se
1582 1819 1762 1873 dicere
1813 1834 2081 1890 propone-

518 1909 668 1971 bant,
718 1918 848 1962 tunc
892 1906 965 1960 illi
1017 1907 1171 1961 electi
1221 1908 1433 1976 judices
1461 1908 1787 1964 excelsiores
1824 1910 2080 1965 omnibus

515 2000 902 2064 consederunt,
938 2009 1100 2069 atque
1152 1996 1322 2052 Mante
1376 1998 1590 2052 dicendi
1644 1999 1856 2053 initium
1891 2000 2075 2055 datum

515 2103 616 2146 est.
651 2091 875 2146 Silentio
897 2089 1059 2160 igitur
1088 2088 1252 2154 facto,
1283 2088 1516 2159 primum
1549 2087 1660 2159 (66)
1683 2104 1968 2160 aggressus
1995 2100 2079 2146 est

516 2182 619 2238 hoc
642 2182 822 2238 modo:

583 2274 721 2328 Xlll.
759 2275 871 2345 (67)
900 2272 1035 2346 Ego,
1066 2273 1167 2329 viri
1200 2273 1417 2339 fratres,
1459 2273 1661 2330 Christi
1706 2274 1923 2345 quidem
1954 2292 2073 2331 sum

515 2368 835 2437 discipuins,
868 2367 1149 2437 apostolus
1178 2383 1307 2421 vero
1338 2365 1499 2433 Jesu;
1530 2381 1630 2435 pro
1677 2366 1844 2420 nimia
1892 2376 2072 2422 autem

516 2461 853 2515 humanitate
911 2458 1147 2514 Marcelli
1202 2461 1391 2515 adesse
1449 2459 1720 2527 festinavi,
1756 2471 1813 2516 ut
1841 2462 2076 2532 qualiter

521 2561 775 2624 oporteat
816 2553 1104 2608 observare
1140 2551 1357 2606 modum
1399 2551 1593 2607 divinae
1625 2552 1921 2623 religionis,
1949 2568 2072 2607 cum

514 2644 770 2698 edoceam
799 2659 812 2696 :
841 2657 907 2697 ne
941 2643 1084 2697 sicut
1117 2653 1261 2698 muta
1312 2643 1592 2711 animalia,
1635 2660 1756 2715 quae
1801 2644 2073 2698 intellectu

513 2740 700 2784 carent
729 2743 826 2783 nec
852 2730 982 2799 quid
1015 2740 1184 2802 agunt
1212 2732 1520 2797 advertunt,
1555 2732 1628 2787 ita
1661 2735 1820 2788 etiam
1846 2730 2074 2787 Marcel-

514 2820 620 2887 lus,
650 2823 741 2892 qui
770 2840 914 2878 nunc
962 2840 1021 2879 se
1062 2826 1208 2880 velut
1248 2826 1551 2882 dedititium
1584 2827 1847 2882 doctrina:
1875 2827 2075 2881 Arche-

514 2914 586 2970 lai
615 2914 943 2985 subjugavit,
970 2915 1036 2971 ad
1065 2918 1314 2972 ultimum
1347 2918 1548 2974 damno
1589 2918 1783 2974 anima:
1827 2919 2072 2982 feriatur,

513 3022 637 3063 cum
684 3008 1049 3077 praeparanda:
1091 3010 1261 3064 divini
1310 3011 1492 3067 cultus
1532 3011 1896 3065 observantia:
1932 3010 2070 3064 ultra

512 3112 623 3153 non
645 3098 896 3154 habuerit
929 3097 1259 3156 facultatem.
1291 3100 1417 3157 Scio
1437 3111 1617 3156 autem
1646 3110 1699 3156 et
1720 3113 1898 3157 certus
1927 3118 2070 3165 sum,

517 3190 664 3263 quod
712 3192 1000 3248 emendato
1055 3190 1167 3261 (68)
1214 3190 1489 3261 Marcello,
1530 3193 1690 3247 etiam
1736 3208 1834 3248 vos
1887 3208 2072 3247 omnes

512 3287 645 3342 salvi
680 3301 799 3343 esse
847 3286 1124 3357 poteritis;
1159 3282 1330 3353 ipsius
1376 3282 1752 3353 enimjudicio
1801 3298 2070 3353 suspensa

450 3370 471 3394 °
512 3377 705 3449 pendet
733 3376 862 3431 urbs
893 3384 1069 3431 vestra
1102 3372 1278 3445 :quod
1307 3374 1351 3429 si
1375 3373 1444 3429 ab
1469 3388 1797 3444 unoquoque
1831 3383 2068 3428 vestrum

511 3468 799 3539 abjiciatttr
827 3483 969 3523 vana
1011 3465 1385 3538 praesumptio,
1414 3474 1468 3521 et
1510 3479 1574 3521 ea
1603 3480 1725 3536 qua:
1757 3465 2006 3520 dicentur
2038 3480 2068 3520 a

513 3574 618 3625 tne,
656 3559 767 3614 veri
800 3574 986 3614 amore
1023 3558 1335 3625 audiantur,
1364 3555 1534 3612 futuri
1563 3556 1746 3612 saeculi
1785 3556 2071 3616 haeredita-

512 3661 640 3715 tem,
664 3651 923 3707 etelorum
960 3665 1125 3721 regna
1156 3650 1401 3720 capietis.
1428 3649 1559 3703 Sum
1584 3649 1803 3718 quidem
1832 3664 1932 3720 ego
1964 3648 2068 3703 Pa-

511 3741 768 3805 racletus,
805 3740 897 3811 qui
938 3740 1007 3795 ab
1035 3738 1161 3795 Jesu
1192 3738 1331 3792 mitti
1362 3737 1650 3808 praedictus
1681 3753 1825 3803 sum,
1846 3758 1862 3786 ι
1883 3738 1947 3793 ad
1984 3754 2073 3793 ar-

509 3833 777 3904 guendum
798 3832 1057 3887 mundum
1076 3829 1142 3886 de
1156 3840 1381 3901 peccato
1397 3839 1447 3885 et
1471 3829 1536 3884 de
1551 3829 1813 3900 iniustitia
1839 3831 1858 3861 "
1874 3831 2007 3902 (69).
2038 3849 2056 3883 ι

510 3924 738 3980 Sictttet
764 3923 862 3994 qui
899 3930 1025 3978 ante
1053 3937 1141 3978 me
1169 3921 1373 3977 missus
1400 3930 1484 3977 est
1514 3920 1741 3988 Paulus,
1773 3941 1791 3975 ι
1814 3938 1879 3977 ex
1911 3931 2067 3993 parte

507 4014 668 4081 scire,
699 4024 753 4071 et
781 4029 848 4070 ex
878 4023 1032 4086 parte
1058 4013 1419 4083 prophetare‘l
1449 4033 1468 4065 ι
1504 4029 1563 4069 se
1589 4014 1745 4080 dixit,
1788 4014 1924 4067 mihi
1977 4029 2067 4070 re-

506 4120 732 4162 servans
761 4105 909 4176 quod
941 4103 1239 4176 perfectum
1269 4113 1372 4172 est,
1405 4113 1466 4159 ut
1491 4105 1595 4160 hoc
1633 4105 1777 4175 quod
1807 4120 1869 4159 ex
1917 4114 2069 4175 parte

503 4207 591 4254 est
618 4199 916 4254 dcstruam.
953 4197 1193 4251 Tertium
1240 4210 1371 4267 ergo
1416 4195 1789 4251 testimonium
1817 4197 2064 4266 accipite,

504 4290 813 4361 apostolum
847 4304 934 4343 me.
954 4304 1075 4344 esse
1101 4286 1302 4343 Christi
1327 4288 1558 4343 electum
1578 4305 1590 4340 :
1609 4296 1663 4342 et
1689 4288 1732 4343 si
1756 4287 1919 4342 vultis
1948 4302 2064 4342 mea

2179 1816 2448 1886 prolatum
2474 1813 2732 1880 Verbum,
2761 1824 2817 1870 et
2847 1814 3129 1868 inimicum
3175 1815 3450 1871 hominem
3488 1817 3739 1871 zizanio-

2180 1922 2299 1961 rum
2346 1905 2725 1960 seminatorem
2755 1907 2818 1972 ",
2867 1916 2920 1959 ct
2966 1905 3265 1976 principem
3317 1908 3503 1962 steculi
3550 1910 3741 1963 mundi

2176 1996 2339 2064 hujus
2369 1994 2535 2050 Deum
2561 1996 2623 2058 ",
2654 1995 2746 2065 qui
2796 1996 3076 2050 hominum
3131 2006 3337 2051 mentes
3394 2008 3659 2063 excaecat,
3685 2011 3743 2051 ut

2178 2088 2231 2141 in
2280 2086 2569 2156 Evangelio
2620 2086 2823 2142 Christi
2877 2078 3223 2142 deserviant?
3280 2086 3464 2144 Bonus
3499 2098 3588 2145 est
3638 2090 3742 2144 i5te

2181 2178 2339 2240 Deus,
2371 2178 2462 2247 qui
2511 2192 2641 2232 suos
2689 2177 2940 2231 homines
2988 2177 3188 2231 salvari
3239 2193 3347 2233 non
3377 2179 3531 2232 vult?
3558 2179 3649 2243 Et,
3683 2190 3741 2233 ut

2178 2287 2246 2325 ne
2275 2272 2442 2325 multa
2475 2270 2579 2324 alia
2620 2270 2891 2324 revolvam
2918 2278 2974 2325 et
3011 2271 3246 2340 spatium
3278 2272 3543 2341 temporis
3576 2272 3726 2326 obte-

2174 2378 2314 2428 ram,
2367 2376 2508 2416 verae
2554 2361 2816 2416 doctrinae
2872 2360 3126 2417 dill‘erens
3169 2363 3281 2434 (7i)
3338 2372 3577 2433 tempus,
3626 2364 3740 2418 haue

2176 2453 2379 2509 dixisse
2401 2451 2650 2517 sulliciat,
2681 2462 2736 2508 et
2758 2452 2825 2508 ad
2858 2454 3198 2524 propositum
3232 2455 3469 2520 redeam,
3500 2464 3563 2508 ut
3584 2469 3740 2509 com-

2173 2551 2415 2614 petenter
2438 2544 2717 2598 ostendam
2763 2544 2995 2598 istorum
3031 2545 3322 2599 absurdam
3352 2560 3475 2600 esse
3526 2545 3737 2601 doctri-

2175 2651 2326 2699 nam,
2370 2650 2470 2690 nec
2520 2636 2812 2706 quidquam
2865 2634 2975 2691 Deo
3006 2645 3060 2691 et
3111 2636 3255 2692 Patri
3313 2637 3532 2692 Domini
3566 2640 3739 2694 nostri

2176 2728 2474 2784 Salvatoris
2513 2729 2913 2797 ascrihendum,
2966 2731 3058 2786 sed
3104 2732 3367 2785 malorum
3422 2742 3739 2787 nostrorum

2174 2835 2395 2876 causam
2444 2822 2688 2893 accipere
2737 2821 2993 2878 Satanam
3024 2839 3039 2875 :
3066 2824 3120 2878 itt
3166 2824 3340 2894 ipsum
3371 2824 3574 2878 etenim
3601 2826 3739 2895 reji-

2174 2912 2447 2980 ciendum,
2473 2914 2616 2983 quod
2661 2916 2841 2969 omnia
2895 2915 3272 2985 hujuscemodi
3310 2916 3454 2970 mala
3499 2917 3569 2971 ab
3614 2918 3740 2988 ipso

2175 3017 2517 3078 generentur.
2542 3009 2645 3064 Sed
2668 3018 2721 3063 et
2746 3025 2807 3063 ea
2839 3026 2960 3080 quae
2990 3011 3044 3064 in
3070 3010 3345 3081 prophetis
3369 3021 3425 3066 et
3458 3012 3578 3082 lege
3598 3012 3737 3067 scri-

2175 3107 2264 3169 pta
2298 3107 2445 3167 sunt,
2501 3100 2605 3170 ipsi
2654 3101 3009 3156 nihilominus
3055 3102 3370 3157 ascribenda
3422 3115 3582 3170 sunt;
3616 3105 3739 3174 ipse

2173 3206 2256 3248 est
2287 3193 2454 3258 enim,
2478 3193 2570 3263 qui
2616 3194 2670 3246 in
2705 3194 2983 3264 prophetis
3010 3204 3137 3271 tunc
3181 3196 3395 3251 locutus
3421 3207 3527 3264 est,
3558 3198 3736 3268 pluri-

2175 3295 2290 3334 mas
2329 3280 2410 3334 eis
2444 3281 2510 3334 de
2559 3279 2670 3336 Deo
2710 3283 3042 3351 ignorantias
3087 3299 3399 3356 suggerens.
3452 3297 3509 3343 et
3558 3297 3736 3343 tenta-

2172 3370 2367 3437 tiones,
2390 3382 2445 3426 et
2466 3374 2958 3443 coneupiscentias.
2985 3374 3090 3430 Sed
3126 3386 3180 3430 et
3205 3378 3581 3432 devci-storem
3601 3397 3734 3434 eum

2172 3465 2455 3533 sanguinis
2474 3472 2528 3518 et
2558 3468 2739 3521 carnis
2764 3470 3090 3537 ostendunt;
3120 3486 3241 3540 qua:
3269 3474 3451 3526 omnia
3486 3473 3555 3527 ad
3600 3490 3734 3529 eum

2174 3554 2440 3623 pertinent
2466 3554 2723 3612 Satanam
2751 3567 2805 3613 et
2829 3560 2893 3614 ad
2915 3562 3210 3631 prophetas
3241 3564 3379 3633 ejus,
3398 3580 3521 3634 qua;
3545 3574 3733 3620 trans-

2172 3643 2409 3701 formare
2450 3648 2620 3703 voluit
2648 3650 2699 3703 in
2732 3649 2948 3707 Patrem
2986 3653 3210 3720 Christi,
3240 3666 3293 3710 et
3321 3658 3559 3713 scribere
3588 3674 3735 3729 pau-

2170 3752 2231 3792 ca
2265 3740 2511 3807 quaedam
2556 3756 2705 3806 vera,
2741 3753 2799 3796 ut
2849 3759 2946 3814 per
2993 3745 3107 3800 haec
3153 3748 3314 3802 etiam
3366 3760 3555 3804 caetera
3600 3767 3734 3821 qua

2170 3836 2299 3881 sunt
2343 3826 2501 3894 falsa,
2548 3831 2918 3889 crederentur.
2951 3832 3106 3890 Unde
3128 3836 3330 3892 bonum
3362 3840 3517 3895 nobis
3545 3851 3626 3895 est
3653 3858 3728 3897 ex

2169 3919 2423 3976 omnibus
2455 3937 2575 3991 quae
2615 3938 2787 3993 usque
2820 3926 2886 3980 ad
2919 3924 3183 3981 Joannem
3213 3929 3415 3998 Scripta
3455 3941 3591 3992 sunt,
3626 3932 3721 3985 ni—

2170 4014 2247 4067 hil
2291 4016 2514 4070 omnino
2551 4018 2847 4087 suscipere,
2885 4035 2916 4074 a
2949 4020 3144 4076 diebus
3186 4037 3317 4077 vero
3344 4024 3464 4093 ejus
3497 4040 3721 4096 evange-

2168 4104 2388 4159 lizatum
2426 4121 2651 4178 regnum
2700 4109 2962 4164 cmlorum
2998 4113 3175 4166 solum
3207 4114 3457 4183 amplecti
3488 4135 3501 4169 ε
3530 4127 3731 4170 semet—

2169 4194 2317 4266 ipsos
2347 4198 2492 4251 enim
2540 4199 2849 4267 irriserunt,
2880 4203 3108 4257 ridicula
3141 4214 3195 4258 ct
3229 4206 3436 4260 ludicra
3469 4207 3729 4262 introdu-

2168 4297 2371 4351 centes,
2395 4290 2609 4359 exiguis
2640 4293 2965 4361 quibusdam
2991 4295 3169 4349 verbis
3193 4297 3244 4350 in
3282 4298 3395 4366 lege
3431 4298 3734 4355 adumbra-

503 4382 664 4437 Vnrlia
714 4382 1009 4453 suscipere,
1039 4380 1327 4436 invenietis
1356 4379 1623 4448 salutem;
1672 4380 1920 4435 nolentes
1964 4395 2064 4434 au-
2093 4394 2136 4450 ι)
2166 4377 2256 4445 tis,
2283 4378 2596 4448 ignorantes
2644 4383 2770 4452 quia
2817 4385 2975 4440 malis
3002 4386 3048 4440 si
3085 4387 3517 4444 admiseerentur
3556 4391 3731 4459 bona,

502 4483 633 4537 tem,
658 4488 756 4527 vos
786 4483 1023 4527 aeternus
1051 4470 1191 4543 ignis
1212 4472 1501 4527 absumere
1523 4472 1705 4528 habet.
1737 4470 1891 4527 Sicut
1913 4471 2057 4528 enim

501 4563 824 4636 Hymenaeus
864 4571 919 4618 et
962 4562 1268 4618 Alexander
1298 4583 1318 4615 ι
1345 4565 1524 4621 traditi
1560 4574 1692 4621 sunt
1732 4561 1968 4629 Satanm,
1998 4570 2058 4617 ut

568 4685 590 4717 "
615 4683 772 4739 Joan.
797 4699 905 4745 xw.
937 4681 990 4739 8.
1094 4684 1116 4716 ⁸
1151 4683 1168 4737 l
1195 4684 1320 4739 Cor.
1348 4700 1467 4751 xttt,
1492 4684 1546 4743 9.

496 4769 621 4821 xm,
653 4754 744 4811 ‘25.
820 4754 863 4786 "
887 4753 1087 4824 Ephes.
1111 4770 1187 4819 vt,
1214 4755 1301 4811 η.

566 4872 680 4947 (6i)
709 4874 885 4947 Codex
917 4873 1205 4947 Bobiensis
1232 4890 1340 4928 non
1362 4875 1554 4947 habet,
1585 4894 1605 4928 ι
1628 4876 1871 4946 quidem.
1895 4894 1914 4929 ι

568 4943 683 5018 (6:2)
714 4945 895 5018 Codex
924 4943 1239 5018 Casinensis
1264 4946 1426 5011 male,
1463 4964 1481 4997 ι
1503 4943 1695 5018 cernit.
1722 4965 1740 4998 ι

568 5014 681 5089 (65)
720 5015 903 5089 Codex
924 5014 1244 5089 Bobiensis,‘
1270 5033 1289 5065 ί
1312 5016 1715 5089 grammaticlts
1731 5028 1785 5089 et
1817 5015 2061 5089 discipli-

498 5083 589 5141 ηαξ
609 5084 899 5156 τὴθῐοήεω
919 5086 1054 5139 artis
1090 5083 1473 5156 peritissimus,
1515 5097 1569 5140 et
1597 5085 1874 5156 IEgidius.
1905 5105 1922 5136 ι
1952 5083 2061 5139 Ho-

495 5171 618 5211 rum
653 5165 834 5225 autem
882 5155 1127 5225 jndicutn
1169 5154 1430 5225 primum.
1479 5154 1761 5224 gentilium
1809 5157 2054 5225 philoso-

501 5227 644 5298 phiae
700 5223 1085 5298 professorem,
1144 5223 1439 5298 secundum
1488 5223 1779 5298 medicum,
1809 5223 2057 5298 itertt‘um

499 5294 942 5366 grammaticum,
976 5303 1232 5364 quartum
1263 5296 1533 5350 rhetorem
1566 5296 1697 5357 facit
1725 5294 2057 5365 Epiphanius

491 5379 647 5420 num.
680 5367 768 5420 10.

590 5436 679 5506 64)
709 5436 889 5506 Codex
913 5433 1251 5506 Casinensis,
1297 5452 1316 5486 ι
1342 5446 1602 5490 rectores.
1629 5453 1648 5486 ›

586 5505 678 5572 65)
714 5505 895 5560 Codex
923 5505 1224 5573 Bobiensis,
1265 5523 1285 5557 α
1303 5507 1606 5561 convocati.
1628 5524 1646 5557 ι

564 5574 675 5646 (βξ)
706 5575 890 5646 Codex
917 5577 1253 5646 Casinettsis,
1295 5594 1314 5626 ι
1338 5576 1593 5646 plurima.
1622 5594 1641 5626 ι

554 5640 674 5714 (67)
705 5642 822 5699 Huc
881 5660 1053 5716 usque
1114 5640 1355 5702 Vatesiué
1407 5645 1575 5701 edidit
1610 5661 1673 5702 ex
1725 5644 2044 5703 eodieeBoo

1658 4686 1679 4718 '
1708 4682 1731 4739 Ι
1759 4682 1903 4740 Tim.
1933 4699 2029 4751 vn,
2055 4682 2153 4769 ~50.

2166 4472 2430 4525 malorum
2468 4476 2816 4543 corruptione
2842 4477 3008 4530 etiam
3040 4493 3161 4547 quae
3191 4480 3333 4534 bona
3358 4493 3510 4545 sunt,
3536 4495 3728 4539 exter-

2165 4564 2460 4617 niinautur.
2492 4564 2632 4619 Etsi
2678 4567 2893 4634 quidem
2936 4578 3020 4623 est
3067 4570 3376 4640 quisquam,
3414 4574 3510 4642 qui
3550 4578 3734 4644 possit

2260 4684 2301 4715 ¹⁰
2332 4682 2519 4739 Matth.
2546 4700 2645 4753 vtt,
2671 4685 2757 4741 18.
2884 4688 2926 4719 ’ί
2956 4685 3112 4744 Joan.
3140 4705 3254 4754 vut,
3276 4690 3366 4745 44.
3457 4692 3501 4724 ⁸⁸
3530 4690 3726 4749 Matth.

2168 4870 2363 4930 biensn

2237 4945 2347 5016 (68)
2381 4944 2438 5016 in
2467 4947 2653 5002 codice
2686 4946 2989 5010 Casinensi,
3029 4966 3048 5000 ι
3073 4949 3216 5003 enim
3240 4948 3385 5004 dato.
3413 4969 3433 5002 ι

2238 5014 2350 5085 (o9)
2379 5014 2603 5071 Videtur
2632 5019 2718 5072 hic
2747 5020 2899 5072 locus
2920 5033 2951 5092 a
2975 5018 3199 5085 Manete,
3232 5021 3316 5074 vel
3357 5022 3428 5073 ab
3463 5021 3724 5092 imperito

2162 5086 2386 5160 librario
2418 5097 2736 5160 corruptus;
2770 5104 2894 5141 nam
2926 5089 2995 5160 in
3013 5105 3170 5143 sacro
3201 5099 3369 5155 textu,
3405 5108 3425 5142 ι
3445 5086 3716 5160 Ῑιιείἰιίερ

2164 5157 2422 5211 scribitur
2442 5158 2716 5212 contrario
2749 5173 2935 5214 sensu.
2955 5157 3114 5212 Varia
3149 5170 3331 5214 autem
3378 5157 3551 5217 sacrm
3571 5157 3721 5220 Scri-

2161 5238 2333 5303 pturae
2388 5229 2510 5303 loca
2554 5229 2742 5303 dolose
2794 5228 3178 5303 interpolasse,
3210 5239 3374 5303 atque
3404 5236 3719 5303 corrupisse

2162 5297 2428 5371 Manetem
2462 5297 3195 5371 di_serteAArche.ausasserit
3221 5297 3359 5354 infra
3383 5317 3505 5371 cap.
3540 5297 3633 5369 S3,
3665 5314 3719 5360 et

2159 5382 2224 5421 ex
2257 5366 2560 5439 Epiphanio
2582 5368 2850 5439 colligitur
2881 5369 2932 5422 in
2954 5368 3197 5438 ejusdem
3227 5371 3418 5439 haeresi
3451 5366 3712 5430 num.50.

2230 5435 2609 5510 170)'Videtur
2638 5435 2908 5507 respicere
2940 5435 3124 5510 manes
3145 5440 3212 5494 ad
3244 5440 3335 5494 illa
3362 5438 3525 5497 Joan.
3563 5459 3603 5510 ι,
3625 5443 3663 5500 5
3694 5461 3713 5499 :

2166 5523 2184 5557 ι
2208 5504 2280 5578 Et
2296 5508 2688 5578 tenehrzeeum
2718 5504 2826 5561 non
2862 5508 3409 5578 comprehenderunt.
3436 5530 3456 5563 ι

2225 5576 2336 5647 (71)
2363 5576 2420 5630 lu
2450 5577 2633 5633 codice
2657 5577 2965 5645 Casinensi,
2986 5576 3028 5631 ἐ
3049 5579 3320 5638 disserens
3341 5598 3362 5632 ι
3389 5580 3607 5655 legitur.
