3996 6208
275 261 420 317 4455

1413 260 1556 317 cum
1592 259 1875 314 MANETE
1917 226 2457 318 umnasmicua.

3384 259 3521 314 1456

276 382 589 447 ostendere,
638 383 806 450 legem
866 382 1000 435 recti
1066 388 1335 435 tenentem
1374 396 1516 446 esse,
1553 380 1711 435 debet
1742 396 1843 435 eu-
1880 383 2188 442 Adicimus
2220 383 2593 439 monarehiam
2629 382 2789 436 unius
2811 392 3037 446 naturae,
3065 391 3118 435 et
3147 381 3325 435 omnia
3356 380 3517 435 Deum

276 474 506 538 stodiri;
541 473 624 527 sin
670 482 850 527 autem
894 473 1091 526 malam
1145 473 1451 537 ostendere,
1487 472 1843 527 interimenda

275 573 362 622 est
386 573 440 619 et
478 564 807 633 abjicienda,
848 566 1048 633 quippe
1080 579 1200 634 quae
1224 564 1419 619 mortis
1452 564 1564 635 (72)
1601 564 1847 618 ministe-

281 658 425 712 rium
489 656 730 710 continet
786 655 1378 725 informatum“,qu;e
1423 658 1603 711 vultus
1677 657 1846 728 Moysi

277 747 529 819 gloriam,
564 757 875 816 contegens,
910 748 1196 802 destruxit.
1233 749 1345 803 Non
1403 761 1487 805 est
1529 752 1692 823 igitur
1727 754 1846 808 sine

275 838 521 908 periculo
548 838 801 906 cuiquam
829 848 1066 893 vestrum
1105 841 1308 909 pariter
1337 856 1462 895 cum
1496 843 1609 910 lege
1638 855 1692 897 et
1720 858 1846 913 pro-

276 927 454 997 phetis
503 943 704 981 novum
740 926 1171 995 Testamentum,
1228 940 1484 1001 tanquam
1522 933 1635 1001 (75)
1684 934 1846 990 unius

274 1023 387 1076 sint
431 1029 683 1089 utraque,
729 1021 959 1086 docere,
995 1023 1192 1091 quippe
1235 1039 1357 1077 eum
1413 1036 1639 1078 renovet
1670 1026 1735 1079 de
1761 1027 1846 1081 die

276 1114 331 1168 in
384 1113 527 1168 diem
578 1111 878 1167 Salvator-is
909 1114 1080 1167 nostri
1104 1114 1365 1181 eruditio;
1402 1117 1490 1168 illa
1534 1132 1663 1171 vero
1698 1131 1844 1172 vete-

278 1221 504 1259 rascens
529 1217 582 1258 et
609 1220 900 1259 senescens
937 1222 1105 1277 prope
1130 1207 1511 1261 esterminium
1539 1207 1650 1262 ﬁat.
1687 1208 1845 1275 Quod

276 1297 632 1353 manifestum
669 1307 752 1353 est
793 1299 898 1361 his,
937 1300 1028 1368 qui
1071 1299 1452 1353 discretionem
1489 1301 1687 1356 habere
1718 1318 1846 1372 pos-

278 1397 443 1455 sunt;
474 1390 602 1457 quia
659 1388 800 1442 sicut
850 1389 1064 1442 arboris
1094 1405 1216 1442 eum
1252 1390 1534 1443 senuerint
1571 1392 1730 1458 rami,
1764 1393 1844 1446 vel

276 1492 502 1536 truncus
526 1480 760 1534 fructum
789 1482 927 1535 ultra
966 1497 1071 1535 non
1107 1480 1279 1545 affert,
1304 1482 1395 1534 sed
1430 1483 1843 1550 abscinduntur,

275 1582 330 1629 et
362 1574 603 1628 membra
637 1589 928 1643 corporum
964 1590 1086 1628 cum
1120 1584 1378 1645 corrupta
1403 1574 1624 1642 fuerint,
1657 1593 1847 1646 ampu.

276 1674 464 1721 tantur
497 1683 510 1718 :
543 1666 909 1734 corruptionis
941 1665 1085 1718 enim
1128 1666 1279 1720 virus
1324 1681 1389 1719 ex
1445 1666 1703 1722 membris
1754 1685 1848 1737 per

276 1768 439 1807 omne
471 1768 670 1823 corpus
704 1753 1028 1819 infunditur,
1065 1763 1118 1809 et
1154 1755 1261 1810 nisi
1305 1756 1528 1811 artificis
1568 1757 1845 1826 diligentia
1880 1740 1920 1793 Β

279 1845 581 1900 remedium
603 1846 828 1899 morbus
855 1847 1144 1915 acceperit,
1175 1863 1373 1917 corpus
1403 1863 1563 1904 omne
1585 1851 1809 1904 vitiatur
1832 1869 1845 1916 ;

280 1939 352 1992 ita
384 1952 512 2007 ergo
546 1947 597 1991 et
626 1938 950 2007 recipientes
978 1939 1173 2008 legem,
1212 1940 1317 1994 nisi
1346 1943 1713 2011 cognoveritis
1749 1961 1855 1999 ους,

274 2031 363 2100 jus
389 2030 479 2096 sit,
508 2030 719 2084 animas
766 2046 889 2085 cum
924 2032 1097 2086 salute
1129 2033 1387 2102 perdctis.
1431 2054 1448 2086 ι
1477 2034 1586 2087 Lex
1614 2037 1758 2089 enim
1795 2047 1847 2090 et

277 2124 552 2193 propheta:
583 2138 754 2191 usque
781 2123 847 2176 ad
874 2120 1139 2177 Joannem
1164 2122 1461 2194 Baptistam
1490 2128 1554 2189 ‘5,
1588 2145 1605 2178 ›
1634 2143 1661 2180 a
1683 2125 1847 2181 Joan-

278 2232 345 2271 ne
372 2231 501 2270 vero
533 2216 617 2269 lex
652 2217 917 2280 veritatis,
950 2217 1034 2271 lex
1069 2219 1516 2287 promissionum,
1545 2220 1631 2274 lex
1680 2221 1847 2274 coelo-

280 2326 426 2372 rum,
465 2310 550 2363 lex
586 2313 942 2365 annuntiatur
979 2311 1220 2366 humano
1258 2314 1444 2382 generi
1474 2329 1631 2368 nova.
1679 2312 1848 2383 Equi-

276 2404 397 2458 dem
430 2403 602 2458 donec
630 2418 738 2457 non
790 2413 909 2457 erat
937 2404 1030 2473 qui
1053 2404 1389 2460 verissimam
1440 2406 1719 2462 scientiam
1745 2406 1847 2460 Do-

278 2498 410 2552 mini
463 2498 637 2551 nostri
679 2495 806 2552 Jesu
857 2497 1013 2551 vobis
1056 2498 1389 2563 ostenderet,
1423 2508 1709 2569 peccatum
1737 2515 1843 2553 non

279 2589 563 2645 habebatis
600 2608 612 2643 :
646 2605 791 2644 nunc
824 2598 1005 2643 autem
1031 2599 1084 2643 et
1116 2590 1329 2654 videtis,
1367 2601 1421 2645 et
1442 2591 1664 2657 auditis,
1698 2600 1751 2646 et
1789 2591 1842 2645 in

278 2684 527 2740 inscitias
561 2682 672 2755 (τά)
698 2685 774 2738 ire
808 2684 995 2749 vultis,
1020 2694 1079 2738 ut
1113 2684 1284 2754 legem
1313 2700 1434 2754 qua:
1462 2686 1735 2739 destructa
1764 2694 1846 2739 est

277 2787 331 2833 et
356 2777 565 2842 relicta,
592 2777 703 2847 (75)
739 2777 879 2831 sicut
909 2775 1110 2831 Paulus
1133 2777 1224 2846 qui
1256 2777 1397 2846 apud
1441 2791 1539 2831 vos
1573 2776 1844 2846 probatis-

279 2870 455 2924 simus
493 2868 745 2933 habetur,
791 2869 866 2922 ait
917 2869 969 2921 in
1020 2867 1253 2936 quadam
1310 2866 1548 2937 Epistola
1604 2882 1703 2923 sua
1742 2869 1844 2922 hoc

278 2962 440 3016 modo
474 2976 489 3014 :
532 2979 549 3011 ‹
583 2958 639 3015 Si
666 2961 808 3014 enim
840 2976 960 3030 qua:
992 2959 1234 3014 destruxi
1279 2958 1394 3013 hmo
1420 2960 1616 3013 iterum
1648 2959 1843 3013 reaedi-

278 3052 401 3117 tico,
441 3052 914 3123 praevaricatorem
949 3068 1034 3106 me
1066 3044 1344 3106 constitﬁo
1369 3050 1432 3106 “.
1455 3069 1473 3103 ι
1512 3049 1626 3105 Hoc
1655 3060 1835 3104 autem

279 3145 431 3209 dicit,
464 3145 695 3215 gentiles
724 3159 818 3199 eos
856 3143 1131 3213 judicans,
1171 3153 1390 3213 propter
1424 3142 1569 3213 quod
1607 3144 1708 3198 sub
1737 3144 1845 3199 ele-

281 3239 477 3293 mentis
522 3239 710 3292 mundi
769 3238 1042 3304 essent",
1080 3244 1396 3307 priusquam
1431 3238 1642 3292 venerit
1681 3239 1850 3308 pleni-

282 3329 416 3384 tudo
449 3329 594 3393 tidei,
624 3329 908 3384 credentes
929 3329 981 3382 in
1018 3328 1135 3399 lege
1164 3336 1217 3381 et
1246 3329 1545 3398 prophetis.

349 3419 489 3474 XIV.
529 3419 742 3473 Iudices
792 3420 1085 3473 dixerunt:
1130 3417 1186 3472 Si
1236 3420 1364 3489 quid
1404 3420 1850 3475 adhucmanife-

281 3511 422 3565 stius
463 3510 649 3575 habes,
692 3511 780 3565 dic
829 3511 895 3565 de
943 3509 1201 3565 doctrinae
1248 3518 1352 3563 tua:
1400 3510 1581 3576 modo,
1632 3521 1686 3566 et
1729 3511 1849 3565 lidei

280 3604 459 3658 titulo.
495 3602 674 3657 Manes
709 3604 891 3658 dixit:
931 3601 1044 3674 Ego
1089 3602 1224 3657 duas
1274 3611 1497 3657 naturas
1540 3618 1663 3658 esse
1707 3603 1847 3666 dico,

281 3711 445 3751 unam
486 3697 705 3762 bonam,
752 3706 805 3750 et
845 3696 1067 3750 alteram
1108 3693 1341 3760 malam;
1376 3705 1429 3749 et
1465 3710 1585 3749 eam
1632 3696 1849 3764 quidem

281 3805 405 3860 qua:
454 3790 592 3843 bona
640 3796 743 3851 est,
792 3788 845 3841 in
891 3788 1217 3858 quibusdam
1268 3786 1514 3856 partibus
1569 3787 1847 3853 habitare;

282 3882 482 3937 malam
516 3896 644 3935 vero
674 3895 795 3936 esse
821 3890 929 3935 tam
964 3880 1225 3934 mundum
1265 3880 1430 3943 hunc,
1464 3894 1625 3949 quam
1669 3880 1851 3933 omnia

282 3990 405 4046 qua:
440 3975 494 4029 in
530 3989 595 4028 eo
626 3983 771 4040 sunt,
810 3988 933 4044 quae
959 3973 1115 4043 quasi
1149 3973 1418 4043 ergastula
1448 3972 1501 4025 in
1542 3980 1693 4042 parte
1732 3987 1851 4025 ma-

281 4066 415 4136 ligni
446 4065 620 4135 posita
649 4072 794 4125 sunt.
832 4065 976 4120 sicut
1011 4064 1087 4118 ait
1116 4061 1352 4118 Joannes
1379 4081 1391 4117 :
1436 4082 1455 4116 ι
1495 4062 1664 4118 Totus
1690 4078 1852 4116 mun-

282 4159 385 4213 dus
440 4158 494 4212 in
537 4158 775 4228 maligno
810 4166 894 4212 est
939 4157 1151 4226 positus
1184 4156 1248 4221 ¹⁸,
1292 4174 1309 4207 ι
1351 4165 1406 4210 et
1450 4172 1557 4210 non
1611 4157 1665 4209 in
1722 4155 1848 4210 Deo.

282 4249 571 4320 Propterea
606 4250 715 4304 duo
744 4250 862 4304 loca
891 4265 1012 4305 esse
1038 4250 1298 4315 diximus,
1334 4265 1501 4303 unum
1543 4249 1766 4316 bonum,
1799 4258 1855 4304 et

284 4343 450 4397 alium
480 4342 575 4412 qui
605 4351 759 4397 extra
785 4357 910 4396 eum
938 4350 1045 4406 est,
1073 4351 1131 4395 ut
1160 4342 1213 4395 in
1248 4341 1330 4396 his
1361 4342 1590 4411 spatium
1622 4342 1852 4405 habens,

1950 476 2177 544 replere,
2203 485 2255 530 et
2281 476 2484 529 nullum
2521 489 2643 527 esse
2669 483 2820 528 extra
2863 489 2986 527 eum
3029 472 3229 534 locum,
3257 472 3381 540 quis
3421 472 3526 528 erit

1947 574 2209 620 creaturze
2256 564 2575 636 susceptor?
2610 566 2697 618 ubi
2740 564 2982 632 gehenna
3026 563 3203 633 ignis?
3237 562 3325 616 ubi
3373 572 3526 616 tene-

1947 656 2057 712 brae
2085 658 2420 713 exteriores?
2451 659 2540 711 ubi
2574 656 2772 710 ﬂetus?
2799 654 2854 707 ln
2906 654 3023 723 ipso
3071 654 3289 708 dicam?
3330 654 3520 719 Absit;

1946 748 2185 817 alioquin
2223 748 2388 802 etiam
2420 748 2534 817 ipse
2567 748 2619 800 in
2661 746 2743 800 his
2774 745 2976 814 pariter
3009 744 3361 799 cruciabitur.
3405 741 3523 798 Non

1948 841 2051 894 ista
2083 839 2329 894 sentiatis
2364 848 2676 910 quicunque
2705 838 2896 893 salutis
2929 846 3121 890 vestra:
3155 852 3337 890 curam
3384 838 3525 906 geri-

1948 935 2049 999 tis;
2086 934 2390 1002 exemplum
2437 933 2580 985 enim
2620 932 2769 985 vobis
2802 930 3001 995 dicam,
3032 939 3089 983 ut
3123 930 3335 998 plenius
3365 929 3524 982 intel-

1947 1026 2145 1096 ligat-is.
2175 1024 2356 1079 Unum
2393 1041 2487 1079 vas
2517 1034 2599 1077 est
2629 1024 2893 1089 mundus;
2928 1023 3069 1092 quod
3102 1020 3195 1075 Dei
3225 1022 3523 1075 substantia

1948 1129 2118 1173 totum
2175 1118 2277 1171 hoc
2321 1134 2415 1170 vas
2460 1117 2719 1186 replevit,
2773 1115 3045 1186 quomodo
3084 1114 3197 1183 jam
3249 1122 3425 1183 potest
3472 1114 3524 1166 in

1949 1209 2067 1280 ipso
2098 1224 2226 1262 vase
2258 1208 2461 1277 aliquid
2495 1208 2729 1277 amplius
2765 1206 2987 1276 reponi?
3020 1205 3076 1259 Si
3115 1205 3375 1274 repletum
3420 1214 3523 1268 est,

1946 1301 2221 1370 quomodo
2282 1300 2541 1366 suscipiet
2593 1300 2736 1367 quod
2790 1299 3030 1367 ponitur,
3083 1298 3189 1350 nisi
3234 1308 3527 1351 evacuetur

1946 1393 2013 1447 de
2042 1409 2169 1448 vase
2203 1408 2327 1463 pars
2368 1392 2583 1460 aliqua?
2626 1391 2734 1444 Aut
2783 1406 2890 1460 quo
2937 1390 3181 1459 proficiet
3225 1390 3368 1459 quod
3402 1405 3525 1443 eva-

1946 1486 2218 1549 cuahitur,
2271 1486 2405 1537 cum
2439 1485 2587 1537 locus
2636 1498 2742 1536 non
2779 1482 2884 1536 sit?
2920 1482 3015 1537 Ubi
3057 1482 3237 1536 terra?
3279 1483 3369 1535 ubi
3411 1499 3525 1536 ρω-

1947 1579 2098 1632 lum?
2140 1579 2231 1632 ubi
2267 1577 2535 1647 abyssus?
2563 1577 2650 1630 ubi
2684 1576 2891 1630 stellae?
2930 1575 3020 1630 ubi
3056 1575 3247 1631 sedes?
3296 1576 3387 1629 ubi
3424 1591 3523 1645 po-

1948 1670 2207 1725 testates?
2256 1671 2345 1724 ubi
2402 1669 2706 1740 principes?
2752 1668 2855 1721 ubi
2902 1669 3135 1723 tenebrae
3189 1669 3529 1724 exteriores?

1950 1764 2073 1834 quis
2103 1772 2188 1817 est
2218 1763 2310 1832 qui
2338 1762 2533 1816 horum
2566 1763 2748 1831 posuit
2778 1760 3149 1825 fundamenta,
3169 1768 3227 1817 et
3254 1760 3383 1816 ubi?
3405 1761 3522 1816 Non

1948 1862 2126 1922 potest
2167 1851 2365 1921 aliquis
2402 1852 2604 1914 dicere,
2649 1851 2752 1904 nisi
2788 1850 2926 1905 forte
2974 1852 3329 1921 blasphemet.
3380 1851 3528 1919 Quo-

1949 1944 2112 1998 modo
2136 1952 2319 1996 autem
2348 1951 2401 1997 et
2425 1943 2660 1997 condere
2692 1943 2865 2011 potuit
2895 1952 3172 1999 creaturas
3202 1959 3309 1998 non
3345 1945 3526 1999 subsi-

1949 2043 2124 2088 stente
2152 2030 2495 2087 materia?Si
2529 2031 2672 2085 enim
2704 2033 2769 2085 de
2798 2048 2903 2085 non
2936 2033 3297 2100 exstantibus,
3332 2049 3529 2089 conse-

1948 2135 2147 2195 quetur
2191 2123 2302 2195 (76)
2340 2124 2439 2178 has
2497 2123 2742 2178 visibiles
2777 2133 3054 2180 creaturas
3093 2126 3344 2181 meliores
3381 2141 3524 2192 esse,

1946 2228 1999 2272 et
2034 2217 2287 2271 omnibus
2316 2216 2608 2270 virtutibus
2641 2217 2851 2286 plenas.
2902 2216 3056 2282 Quod
3093 2218 3138 2272 si
3173 2218 3378 2272 malitia
3421 2227 3523 2281 est,

1947 2321 2002 2365 et
2030 2325 2179 2364 mors
2225 2309 2279 2363 in
2311 2308 2412 2373 eis,
2456 2317 2510 2362 et
2540 2310 2838 2377 corruptio,
2880 2318 2933 2363 et
2964 2309 3010 2364 si
3054 2310 3183 2381 quid
3224 2310 3367 2365 bono
3396 2326 3528 2365 con-

1948 2406 2172 2459 trarium
2220 2412 2338 2468 est;
2375 2401 2653 2471 quomodo
2704 2417 2769 2455 ex
2822 2402 2925 2456 alia
2967 2411 3159 2457 natura
3198 2402 3368 2460 factas
3409 2419 3528 2458 esse

1946 2514 2039 2553 eas
2068 2496 2338 2551 dicimus?
2384 2496 2441 2549 Si
2490 2510 2617 2549 vero
2649 2493 3001 2549 consideretis
3050 2495 3325 2564 quomodo
3365 2510 3526 2565 gene-

1949 2598 2141 2646 rentur
2175 2589 2268 2643 filii
2302 2588 2607 2653 hominum,
2637 2587 2924 2641 invenietis
2952 2603 3060 2640 non
3089 2602 3209 2642 esse
3238 2586 3527 2644 Dominum

1949 2683 2185 2739 hominis
2216 2691 2552 2745 creatorem;
2588 2680 2679 2735 sed
2713 2681 2902 2742 alium,
2927 2680 3021 2749 qui
3050 2689 3103 2734 et
3138 2680 3252 2750 ipse
3278 2680 3529 2751 ingenita":

1946 2785 2028 2828 est
2065 2781 2294 2836 naturae,
2331 2772 2489 2840 cujus
2516 2769 2768 2825 conditor
2801 2769 3003 2834 nullus,
3036 2785 3134 2825 nec
3162 2778 3395 2837 creator,
3426 2785 3524 2826 nec

1947 2866 2117 2921 factor
2147 2864 2255 2928 est,
2282 2864 2375 2919 sed
2409 2865 2522 2917 sola
2559 2862 2764 2916 malitia
2803 2878 2900 2917 sua
2930 2862 3088 2916 talem
3122 2877 3242 2918 eum
3276 2861 3524 2931 protulit.

1947 2956 2041 3010 Est
2081 2956 2243 3025 igitur
2281 2956 2435 3009 vobis
2477 2954 2793 3009 hominibus
2837 2955 3145 3010 couunistio
3177 2971 3299 3009 cum
3341 2957 3527 3011 uxori-

1950 3045 2050 3099 bus
2076 3044 2292 3108 vestris,
2327 3051 2394 3098 de
2431 3044 2806 3113 hujuscemodi
2841 3045 3129 3099 occasione
3166 3045 3523 3101 descendens.

1949 3136 2084 3191 Cum
2125 3137 2248 3205 quis
2289 3146 2525 3191 vestrum
2568 3136 2877 3191 carnalibus
2912 3136 3141 3207 aliisque
3189 3137 3325 3192 cibis
3364 3136 3527 3191 Fuerit

1951 3230 2201 3291 satiatus,
2234 3239 2362 3282 tunc
2390 3229 2437 3281 ei
2471 3227 2923 3297 concupiscentiae
2964 3228 3211 3283 oboritur
3257 3230 3525 3294 incitatio,

1951 3334 2005 3379 et
2056 3325 2127 3377 ita
2164 3321 2461 3391 generandi
2509 3320 2604 3375 ﬁlii
2659 3320 2872 3375 fructus
2910 3331 3158 3392 augetur,
3207 3331 3267 3376 ut
3314 3337 3421 3375 non
3459 3339 3526 3378 ex
3560 3396 3574 3409 ο

1953 3421 2151 3475 virtute
2180 3419 2386 3488 aliqua,
2422 3434 2523 3472 nec
2551 3434 2615 3473 ex
2652 3418 3012 3488 philosophia,
3045 3435 3145 3475 nec
3177 3434 3242 3475 ex
3283 3421 3389 3475 alio
3418 3422 3528 3477 ullo

1954 3513 2265 3577 intellectu;
2303 3510 2396 3565 sed
2423 3527 2490 3565 ex
2518 3511 2633 3565 sola
2684 3511 2930 3565 ciborum
2962 3512 3229 3579 satietate,
3269 3522 3321 3567 et
3350 3513 3529 3569 libidi-

1956 3620 2042 3670 ne,
2083 3613 2136 3658 ct
2189 3603 2568 3659 fornicatione.
2616 3602 2683 3658 Et
2728 3604 3023 3673 quomodo.
3053 3606 3185 3659 mihi
3237 3595 3525 3677 quisqua‘m

1953 3697 2114 3760 dicet,
2145 3695 2272 3764 quia
2306 3692 2374 3748 ad
2408 3693 2696 3764 imaginem
2721 3692 2815 3748 Dei
2847 3693 3021 3749 factus
3051 3703 3133 3749 est
3161 3705 3310 3764 pater
3341 3710 3527 3754 noster

1953 3790 2145 3855 Adam,
2174 3800 2226 3843 et
2263 3787 2331 3842 ad
2375 3786 2812 3854 similitudinem,
2864 3797 2920 3842 et
2964 3788 3157 3843 similis
3209 3800 3292 3843 est
3341 3789 3388 3843 ei
3433 3792 3525 3859 qui

1955 3880 2083 3936 fecit
2150 3881 2313 3935 eum?
2360 3880 2643 3948 Quomodo
2696 3894 2885 3935 omnes
2926 3878 3047 3950 qui,
3068 3894 3135 3934 ex
3179 3894 3244 3933 eo
3289 3882 3529 3952 generati

1955 3989 2165 4040 sumus,
2202 3972 2407 4028 similes
2435 3972 2484 4026 ei
2514 3971 2741 4027 sumus?
2766 3971 2875 4025 imo
2904 3986 3034 4025 vero
3062 3974 3375 4026 econtrario
3404 3974 3529 4043 plu-

1954 4067 2109 4121 rima:
2158 4064 2317 4120 nobis
2360 4072 2488 4120 sunt
2537 4062 2759 4127 formae,
2809 4063 3008 4118 diversi
3064 4064 3246 4119 vultus
3295 4063 3529 4120 ferentes

1955 4156 2221 4228 eﬂigiem?
2250 4155 2406 4222 Quod
2441 4169 2605 4225 quam
2644 4170 2833 4207 verum
2873 4154 2977 4219 sit,
3014 4153 3399 4209 demonstrabo
3436 4170 3531 4208 vo-

1956 4250 2040 4305 bis
2071 4248 2125 4302 in
2158 4246 2451 4319 parabolis.
2496 4244 2783 4300 Intuemini
2815 4245 2948 4299 mihi
2987 4244 3223 4314 aliquem
3259 4246 3526 4302 volentem

1959 4344 2275 4398 thesaurum
2304 4350 2396 4394 aut
2419 4339 2622 4410 aliquid
2651 4339 2798 4393 aliud
2832 4339 3047 4410 signare
3072 4338 3203 4409 (77),
3234 4348 3288 4393 et
3309 4349 3527 4408 accepta

285 4444 470 4506 posset
509 4435 564 4490 in
610 4451 669 4490 se
700 4434 975 4504 suscipere
1007 4445 1313 4489 creaturam
1356 4434 1562 4488 mundi.
1613 4432 1669 4487 Si
1710 4435 1853 4489 enim
1888 4454 1931 4507 ι)
1961 4450 2105 4499 cera,
2151 4433 2234 4487 vel
2281 4432 2396 4487 luto
2443 4432 2579 4487 velle
2625 4431 2806 4486 vultus
2863 4432 2946 4486 sui
2994 4430 3332 4499 signaculum
3382 4431 3528 4499 quod

360 4582 405 4615 ³³⁵
431 4581 475 4636 ll
498 4582 624 4638 Cor.
656 4598 730 4646 vt,
759 4580 808 4633 7.
887 4581 929 4611 "
954 4579 1086 4634 Luc.
1119 4596 1226 4643 xvr,
1260 4579 1343 4633 16.
1422 4579 1466 4612 ¹⁶
1500 4578 1615 4634 Gal.
1650 4596 1708 4646 ιι,
1738 4580 1826 4635 18.

357 4719 468 4789 (72)
498 4720 596 4775 Hic
628 4736 767 4774 unus
792 4736 855 4774 ex
886 4720 990 4774 illis
1023 4734 1193 4775 sacrae
1229 4718 1522 4788 Scripturze
1552 4721 1685 4775 locis
1715 4737 1836 4777 esse

284 4792 517 4853 videtur,
545 4808 682 4861 quos
704 4790 908 4855 Manes,
942 4790 1213 4861 Archelao
1240 4798 1373 4843 teste
1406 4793 1458 4861 in
1492 4806 1611 4859 cap.
1641 4791 1708 4844 53
1730 4794 1836 4846 hu-

282 4864 376 4934 jus
397 4862 883 4934 disputationis,ad
912 4876 1066 4916 suam
1092 4860 1416 4913 iniciendam
1450 4860 1842 4934 hmresimﬁore

288 4930 434 5001 rupit
462 4930 623 4987 {nam
656 4932 927 4986 diversum
968 4945 1187 4984 sensum
1222 4945 1329 4998 pra:
1373 4945 1431 4983 se
1484 4930 1662 4985 ferunt
1690 4932 1845 4987 Pauli

284 5005 451 5058 verba
496 5005 562 5056 ad
605 5018 726 5071 quae
776 5002 1015 5071 respicit,
1062 5011 1171 5055 tam
1230 5002 1282 5053 in
1314 5001 1528 5067 vulgata
1584 5003 1845 5067 editione,

287 5090 451 5144 quam
481 5072 623 5143 apud
650 5073 977 5127 Archelaum
1004 5083 1250 5144 nostrum
1278 5071 1421 5144 infra
1447 5086 1568 5139 cap.
1602 5073 1692 5127 45.

360 5145 474 5214 (75)
500 5142 573 5197 Ita
599 5143 802 5198 codicis
828 5142 1143 5198 Casinensis
1169 5142 1453 5214 lectionem
1480 5145 1838 5214 correximus,

290 5213 509 5280 in’quo
565 5215 825 5283 scriptum
855 5223 959 5281 est,
1001 5232 1019 5266 ι
1048 5227 1244 5267 novum
1296 5213 1686 5279 testimonium,
1731 5226 1845 5268 tum

288 5295 569 5353 tanquam.
597 5304 616 5336 ι

363 5355 471 5423 (76)
509 5353 689 5411 Locus
721 5362 1048 5423 corruptus:
1078 5351 1234 5416 forte,
1265 5370 1284 5401 ς
1319 5361 1371 5423 et
1396 5351 1625 5407 inficias.
1658 5372 1677 5404 ι

352 5422 475 5508 ⁸(75)
517 5425 675 5482 Deest
715 5422 969 5489 fortasse,
1005 5442 1024 5476 ‹
1065 5422 1386 5487 observetis,
1414 5438 1434 5471 ι
1480 5425 1562 5478 vel
1605 5425 1733 5492 quid
1779 5425 1853 5477 si-

289 5498 474 5637 milia)
512 5564 571 5620 lu
603 5566 788 5621 codice
814 5564 1101 5622 Casinensi
1137 5569 1240 5637 est,
1280 5581 1307 5637 c_
1337 5572 1781 5637 consequentem.
1827 5583 1845 5614 ι

361 5567 453 5637 (76
512 5567 571 5620 lu
603 5567 788 5621 codice
814 5567 1101 5622 Casinensi
1137 5569 1240 5626 est,
1280 5581 1296 5612 ι
1337 5572 1777 5632 consequentem.
1827 5583 1845 5614 ι

360 5567 474 5708 (77)
511 5637 780 5706 Antiquos
808 5637 1022 5691 annulis
1053 5633 1248 5711 omnia
1266 5632 1529 5711 signasse,
1550 5647 1669 5702 qua:
1695 5648 1725 5685 a
1755 5636 1852 5687 do-

294 5703 725 5765 mesticorum—et
751 5721 1035 5763 servorum
1079 5703 1283 5773 rapinis
1328 5703 1599 5758 vindicare
1640 5713 1850 5773 satage-

1905 4584 1946 4614 "
1987 4580 2107 4637 Gal.
2136 4595 2210 4645 tv,
2233 4579 2287 4634 5.

2365 4577 2409 4607 ⁸⁸
2449 4575 2470 4629 l
2510 4574 2669 4631 Joan.
2709 4593 2761 4643 v,
2798 4576 2883 4631 19.

1940 4723 2093 4785 bant,
2150 4734 2328 4781 arcas,
2382 4716 2639 4780 armaria,
2690 4717 3018 4785 amphoras,
3067 4731 3264 4784 penum
3311 4716 3527 4785 aliaque

1942 4791 2089 4846 furto
2118 4806 2182 4844 ac
2208 4789 2413 4858 rapina:
2439 4788 2695 4858 obnoxia,
2733 4802 2819 4841 res
2848 4788 3138 4858 notissima
3166 4795 3251 4841 cst
3285 4787 3525 4855 antiqui-

1946 4862 2075 4917 tatis
2117 4860 2374 4914 Romana:
2411 4870 2463 4912 et
2504 4857 2705 4912 GI‘IBCtB
2742 4857 3022 4918 studiosis,
3073 4858 3247 4925 deque
3294 4871 3356 4909 ea
3405 4867 3529 4925 post

1950 4932 2086 4987 alios
2101 4932 2205 4985 late
2231 4926 2850 4998 agitKirehmanuusDe
2865 4928 3100 4998 annalis,
3129 4925 3517 4998 e.10._:knnuli

1949 5003 2014 5056 ad
2050 5003 2153 5055 hoc
2181 4994 2332 5061 facii,
2358 5000 2659 5069 signatorii,
2685 5007 2739 5051 et
2777 4997 3108 5067 sigillatorii,
3141 5005 3204 5069 etp
3225 5012 3255 5049 a
3286 4994 3524 5069 Vopisco

1953 5073 2007 5126 in
2038 5066 2651 5138 Aunutmmiyillatitii
2680 5066 3091 5136 nuncupantur;
3117 5066 3245 5135 quin
3273 5067 3529 5138 etsigna:

1955 5144 2098 5207 cuia,
2129 5154 2186 5196 ut
2218 5137 2463 5195 Archelai
2499 5139 2885 5207 disputationis,
2918 5138 3183 5204 interpres
3214 5137 3391 5198 vertit,
3417 5137 3526 5191 dici

1956 5206 2119 5284 posse
2148 5212 2281 5268 scite
2318 5210 2482 5284 tradit
2515 5206 2815 5284 Salmasius
2855 5206 2927 5263 De
2949 5206 3334 5284 _sub_signandis
3367 5217 3530 5260 testa-

1960 5278 2179 5348 incntis,
2234 5296 2354 5351 cap.
2407 5280 2493 5334 19.
2540 5278 2677 5334 Cera
2721 5291 2900 5351 autem
2946 5278 2998 5351 in
3054 5278 3358 5351 hancrem
3397 5293 3528 5351 usos

1960 5352 2127 5406 fuisse
2159 5345 2367 5406 veteres
2416 5351 2521 5405 late
2567 5351 2759 5418 probat
2807 5345 3032 5401 Vossius
3081 5346 3154 5399 De
3196 5347 3528 5413 idololatria,

1964 5422 2057 5474 lib.
2088 5437 2162 5481 tv,
2193 5436 2311 5490 cap.
2340 5421 2429 5475 9|.
2462 5420 2537 5472 De
2561 5417 2731 5479 creta,
2754 5433 2921 5490 quam
2957 5419 3123 5490 lutum
3155 5417 3294 5490 idem
3321 5419 3532 5490 Arche-

1962 5492 2033 5544 lai
2076 5487 2342 5558 interpres
2398 5498 2586 5553 vocat,
2644 5488 2795 5558 testis
2844 5498 2925 5540 est
2971 5487 3194 5542 Servius
3238 5489 3291 5541 in
3337 5489 3429 5543 lib.
3478 5504 3529 5541 tv

1956 5556 2237 5624 Aineidos,
2266 5562 2335 5615 ad
2372 5560 2459 5614 illa
2491 5559 2653 5612 verba
2683 5575 2696 5611 :
2724 5556 2987 5625 Longqva
3016 5559 3282 5622 sacerdos,
3319 5560 3409 5613 ubi
3443 5558 3530 5612 Si-

1956 5630 2109 5701 byllae
2138 5629 2282 5701 apud,
2324 5630 2526 5701 Cumas
2562 5627 2745 5697 agenti
2785 5629 2855 5701 ab
2900 5627 3204 5701 Erythraeis
3236 5630 3520 5697 epistolam

1957 5697 2179 5754 missam
2212 5698 2380 5755 fuisse
2418 5697 2614 5764 refert,
2649 5715 2667 5748 ι
2698 5700 2925 5769 antiquo
2973 5697 3122 5754 more
3164 5700 3451 5770 signatam.
3484 5718 3508 5751 ι
