3996 6208
492 278 628 335 1655
1472 279 1653 337 ACTA

1723 279 2253 339 DISPUTATlONlS
2293 281 2352 338 S.
2403 280 2748 337 ARCHELAI

3588 277 3729 334 “56

487 402 645 473 gerit,
676 399 1013 472 exprimere;
1044 406 1189 473 quod
1222 403 1265 459 si
1311 404 1451 459 alius
1492 420 1711 476 quoque
1752 405 1933 462 vultus
1972 404 2057 461 sui
2089 415 2128 468 ι
2160 405 2402 487 cessario
2428 413 2641 476 espetet
2682 403 2816 476 (82).
2856 403 3066 458 interea
3112 400 3402 472 aliquando
3448 399 3730 471 respondit

490 496 719 567 tiguram
750 492 999 547 similiter
1019 496 1368 565 expresserit,
1395 496 1641 566 nunquid
1673 496 1854 553 simile
1871 499 2059 569 signa-

487 584 672 639 culum
709 580 1028 652 apparebit?
1057 579 1433 653 Nequaquam.
1470 584 1683 641 etiamsi
1718 601 1813 642 vos
1851 587 2056 650 nolitis,

484 676 629 747 quod
666 688 848 727 \erum
883 681 987 739 est,
1016 675 1282 729 contlteri.
1330 675 1485 742 Quod
1528 677 1574 733 si
1612 692 1721 734 non
1763 693 1956 734 sumus
1984 678 2060 733 si-

484 766 640 821 miles
690 765 743 819 in
791 766 1095 836 signaculo,
1147 767 1239 821 sed
1288 777 1371 822 est
1424 768 1479 823 in
1531 769 1690 824 nobis
1734 770 2054 834 differentia,

482 856 763 931 quomodo
800 870 905 911 non
943 856 1205 927 probatur
1238 859 1541 929 principum
1576 875 1700 923 nus,
1736 871 1789 916 et
1818 862 2058 918 materiae

474 967 604 1008 esse
639 951 943 1006 facturam:
975 952 1273 1007 secundum
1320 953 1464 1008 enim
1504 951 1615 1025 (78)
1661 954 1902 1024 ipsorum
1947 952 2060 1011 τοι·-

484 1060 651 1110 mam,
675 1055 730 1100 et
752 1044 1185 1110 similitudinem,
1209 1055 1265 1101 et
1293 1044 1581 1117 imaginem
1605 1046 1767 1102 etiam
1791 1063 1890 1104 nos
1915 1048 2060 1104 exsi-

484 1138 680 1194 stimus
712 1135 901 1192 forma:
941 1136 1190 1193 diversae.
1218 1136 1372 1203 Quod
1409 1136 1456 1193 si
1487 1152 1605 1192 eam
1635 1154 1758 1209 quae
1794 1153 1861 1194 ex
1899 1139 2058 1195 initio

484 1227 626 1284 facta
678 1226 990 1282 commistio
1036 1236 1139 1293 est,
1174 1236 1228 1283 et
1275 1227 1513 1299 qualiter
1567 1227 1709 1284 facta
1758 1216 2057 1295 sit,'vultis

483 1321 746 1382 ediscere,
776 1320 1006 1375 edicam.

552 1409 668 1465 XV.
707 1410 922 1465 Iudices
952 1412 1196 1464 dixerunt
1224 1429 1243 1467 :
1274 1408 1391 1466 Non
1425 1413 1576 1482 prius
1612 1414 1877 1485 quaeritur
1916 1429 2056 1484 quo-

483 1506 645 1559 modo
676 1503 818 1560 facta
866 1504 937 1559 sit
980 1504 1152 1573 prima
1200 1504 1533 1570 commistio,
1568 1505 1672 1561 nisi
1717 1505 1870 1577 prius
1900 1506 2059 1561 detur

482 1604 644 1666 ratio,
672 1598 781 1653 duo
815 1614 934 1655 esse
965 1597 1229 1669 principia
1262 1599 1555 1653 naturalia.
1596 1597 1734 1655 Cum
1767 1600 1913 1656 enim
1946 1600 2059 1655 cla-

482 1693 652 1748 ruerit
687 1695 797 1748 duo
829 1708 951 1748 esse
994 1692 1251 1763 ingenita,
1284 1701 1413 1748 tunc
1454 1691 1616 1747 etiam
1650 1694 1860 1764 reliqua
1897 1693 2054 1749 (idem

481 1786 717 1855 capient,
749 1785 910 1840 etiam
952 1787 995 1841 si
1033 1801 1159 1855 pars
1194 1786 1375 1856 aliqua
1417 1801 1527 1841 non
1568 1787 2058 1843 accommodaverit

482 1891 768 1932 assensum
800 1877 1115 1946 :judicandi
1140 1878 1284 1932 enim
1318 1877 1474 1933 nobis
1505 1887 1767 1948 potestate
1792 1880 2055 1950 permissa

480 1970 745 2033 dicemus,
795 1971 939 2040 quod
992 1983 1191 2025 nostra:
1236 1970 1482 2041 opinioni
1531 1972 1810 2027 claruerit.
1855 1971 2056 2028 Demus

481 2071 661 2116 tamen
704 2070 759 2117 et
790 2061 1054 2117 Archelao
1092 2062 1306 2117 dicendi
1354 2061 1667 2118 facultatem
1716 2063 1784 2118 ad
1829 2063 1963 2129 bzcc,
1998 2074 2059 2120 ut

480 2171 603 2227 qua:
632 2154 701 2210 ab
735 2162 964 2224 utroque
991 2153 1134 2208 dicta
1163 2151 1366 2209 fuerint
1393 2161 1799 2224 comparantes,
1830 2169 1929 2224 pro
1966 2170 2058 2209 ve-

482 2247 640 2302 ritate
668 2245 942 2318 possimus
983 2245 1123 2301 t‘erre
1164 2247 1511 2302 sententiam.
1545 2247 1834 2302 Archelaus
1868 2246 2008 2300 dixit
2035 2264 2054 2302 :

483 2336 721 2393 Tametsi
751 2337 985 2410 iungentis
1010 2336 1273 2404 audaciae,
1312 2348 1366 2393 et
1396 2339 1747 2411 blasphemia:
1787 2341 1941 2411 plena
1974 2351 2057 2395 est

484 2430 712 2486 intentio
759 2430 1077 2485 adversarii.
1127 2428 1311 2485 Manes
1359 2430 1536 2487 dixit:
1566 2431 1781 2498 Audite,
1821 2432 2052 2503 iudices,

481 2522 610 2592 quid
640 2521 839 2575 dixerit
878 2520 1013 2587 (79),
1061 2519 1403 2575 adversarii?
1442 2519 1584 2591 Ergo
1621 2521 1742 2575 dum
1775 2535 1861 2574 res
1905 2533 2051 2575 sunt.

479 2612 769 2667 Archelaus
819 2611 956 2666 dixit
999 2625 1018 2665 :
1064 2612 1292 2667 Insania:
1332 2612 1505 2682 magis
1549 2628 1713 2682 quam
1759 2613 2056 2683 prudentia:

481 2704 696 2759 videtur
721 2701 854 2757 mihi
894 2700 1087 2771 plenus
1116 2701 1243 2768 iste,
1270 2699 1363 2772 qui
1396 2700 1528 2755 mihi
1552 2700 1712 2755 hodie
1742 2711 2057 2756 controver-

485 2797 623 2853 siam
658 2804 857 2859 movet,
888 2795 1015 2866 quia
1049 2794 1242 2849 dixero
1276 2794 1597 2859 adversarii,
1632 2794 1725 2849 sed
1757 2794 1933 2849 ablata
1959 2794 2054 2850 tibi

481 2899 565 2946 est
595 2890 647 2943 in
683 2888 895 2943 modico
918 2902 1171 2942 sermone
1200 2886 1435 2957 obiectio
1459 2904 1472 2941 :
1497 2886 1713 2942 tametsi
1743 2888 1958 2956 quidem
1989 2902 2055 2942 es

485 2981 588 3037 hoc
620 2982 913 3037 arbitratus
943 2994 1003 3033 es
1032 2994 1117 3033 me
1148 2976 1541 3033 amrmaturum
1592 2974 1704 3047 (80)
1751 2977 1889 3033 duas
1935 2991 2056 3031 esse

2161 497 2346 553 Manes
2371 517 2383 552 :
2418 497 2850 552 iuconvertibiles
2871 495 3087 567 quidem
3112 504 3242 550 sunt
3271 503 3529 562 utraeque,
3555 508 3728 563 quan-

2161 600 2274 645 tum
2312 598 2518 659 spectat
2565 588 2677 659 (85)
2732 587 2797 643 ad
2828 588 3136 643 contraria:
3167 584 3549 640 convertibiles
3574 597 3730 648 Vero,

2160 682 2303 752 quod
2349 696 2412 751 sp
2430 689 2554 734 ⁵ειειι
2592 679 2658 734 ad
2701 679 2940 750 propria.
2981 676 3271 733 Archelaus
3316 677 3457 729 dixit
3503 691 3521 728 :
3568 670 3733 729 Vide-

2163 776 2236 828 ris
2264 773 2396 827 mihi
2426 773 2631 828 delirus
2664 786 2808 837 esse,
2840 778 2895 826 et
2928 770 3257 826 oblivisccns
3298 767 3729 838 propositionum

2161 877 2408 933 tuarum;
2439 866 2533 921 sed
2563 880 2630 920 ne
2659 878 2847 918 eorum
2889 863 3107 933 quidem
3154 879 3276 933 qua:
3315 860 3552 915 didicisti
3595 860 3731 929 (84),

2161 959 2451 1015 verborum
2481 959 2709 1014 virtutes
2738 957 2821 1011 vel
2852 940 3145 1027 qualitates
3190 969 3504 1027 agnoscere.
3547 950 3736 1022 Neque

2158 1052 2302 1105 enim
2330 1050 2615 1105 conversio
2656 1048 2784 1119 quid
2837 1048 2908 1103 sit
2951 1048 3225 1119 agnoscis,
3269 1060 3446 1116 neque
3493 1028 3627 1114 quid
3664 1044 3739 1098 sit

2160 1143 2475 1214 ingenitum,
2506 1151 2599 1197 aut
2630 1141 2759 1213 quid
2791 1139 3046 1204 dualitas,
3080 1155 3189 1193 non
3216 1137 3346 1208 quid
3379 1136 3735 1207 praeteritum,

2158 1236 2242 1289 vel
2280 1235 2410 1306 quid
2443 1250 2702 1305 praesens,
2732 1235 2930 1306 quidve
2960 1233 3203 1288 futurum
3252 1235 3343 1295 sit,
3381 1229 3521 1284 sicut
3550 1243 3616 1282 ex
3650 1229 3736 1282 his

2157 1344 2279 1399 quze
2309 1344 2338 1382 a
2369 1338 2420 1383 te
2455 1344 2597 1381 nunc
2628 1328 2770 1381 dicta
2815 1336 2964 1393 sunt,
3006 1323 3230 1378 adverti.
3263 1320 3735 1377 lnconvertibilem

2157 1420 2302 1474 enim
2346 1434 2466 1474 esse
2505 1417 2783 1471 aﬂirmasti
2820 1427 3106 1487 utramque
3146 1424 3417 1478 naturam,
3463 1419 3734 1483 quantum

2158 1512 2225 1566 ad
2288 1510 2559 1566 contraria
2614 1517 2821 1579 spectat
2872 1508 3028 1579 (85);
3096 1505 3499 1562 convertibilem
3567 1520 3733 1569 vero,

2158 1610 2419 1674 quantum
2463 1601 2529 1654 ad
2579 1601 2819 1671 propria.
2865 1597 2977 1669 Ego
3022 1614 3149 1654 vero
3186 1599 3327 1663 dico,
3371 1598 3499 1666 quia
3546 1596 3646 1665 qui
3683 1595 3736 1648 in

2159 1693 2392 1763 propriis
2453 1694 2699 1765 vertitur,
2759 1708 2864 1747 non
2913 1690 3129 1745 excedit
3174 1705 3203 1743 a
3249 1706 3339 1749 se,
3393 1688 3486 1742 sed
3536 1698 3625 1741 est
3683 1688 3735 1739 in

2157 1786 2387 1852 eisdem,
2405 1784 2620 1855 quibus
2653 1800 2866 1853 semper
2890 1793 2973 1837 est
2998 1780 3457 1841 inconvertibilis;
3483 1778 3582 1848 qui
3607 1793 3739 1833 vero

2156 1877 2342 1946 recipit
2369 1852 2898 1941 convertibititatem,
2927 1875 3015 1929 hic
3045 1883 3199 1928 extra
3230 1872 3448 1943 propria
3478 1870 3737 1932 effectus.

2156 1969 2371 2024 devenit
2409 1968 2460 2022 in
2492 1969 2688 2024 aliena.

2226 2057 2363 2113 XVI.
2405 2058 2621 2114 Iudices
2650 2061 2899 2113 dixerunt
2930 2073 2947 2110 :
2993 2055 3436 2112 Convertihilitas
3463 2054 3624 2108 illum
3651 2054 3741 2109 cui

2156 2152 2371 2218 accidit,
2409 2152 2667 2207 transfert
2697 2153 2748 2205 in
2784 2152 2985 2214 alium;
3027 2161 3087 2206 ut
3110 2150 3155 2206 si
3185 2150 3454 2214 dicamus,
3486 2145 3738 2213 ludens,

2158 2243 2202 2297 si
2249 2242 2378 2297 velit
2419 2242 2534 2296 lieri
2578 2241 2944 2307 Christianus,
2991 2252 3085 2295 aut
3125 2240 3174 2294 si
3221 2236 3572 2293 Christianus
3611 2237 3743 2291 velit

2155 2347 2276 2389 esse
2320 2334 2555 2405 gentilis,
2606 2333 2721 2388 haec
2766 2333 2977 2403 species
3025 2340 3109 2386 est
3156 2329 3657 2388 convertibiiitatis.
3687 2337 3740 2383 et

2155 2441 2340 2481 causa.
2376 2424 2561 2496 Neque
2592 2440 2719 2479 vero
2742 2425 2787 2480 si
2820 2426 3057 2495 gentilis,
3085 2439 3208 2479 cum
3242 2425 3294 2477 in
3321 2423 3584 2478 omnibus
3610 2436 3740 2492 pro-

2157 2522 2291 2592 priis
2321 2521 2435 2576 suis
2466 2531 2703 2587 maneat,
2738 2534 2801 2574 ac
2830 2520 2935 2575 diis
2968 2520 3085 2574 suis
3119 2518 3329 2574 hostias
3357 2516 3579 2579 oderat,
3604 2525 3741 2570 tem-

2159 2614 2367 2683 plisque
2406 2628 2473 2668 ex
2527 2626 2677 2666 more
2725 2610 3037 2675 deserviat,
3089 2609 3264 2664 donec
3310 2616 3629 2679 perseverat
3683 2608 3738 2659 in

2156 2705 2414 2774 propriis,
2450 2718 2515 2759 ac
2542 2704 2773 2774 prolicit,
2807 2701 3050 2772 nunquid
3084 2702 3191 2755 dici
3229 2710 3406 2772 potest
3450 2715 3581 2755 esse
3609 2715 3741 2754 con-

2158 2798 2382 2853 versus?
2420 2797 2560 2865 Quid
2595 2796 2757 2868 igitur
2796 2794 2972 2851 dicis?
3005 2795 3275 2864 recipiunt
3303 2794 3739 2849 convertibiiita-

2160 2902 2262 2945 tum
2294 2906 2361 2946 an
2391 2890 2534 2945 non?
2582 2889 2647 2943 Et
2691 2891 3003 2943 immorante
3045 2886 3201 2940 Mane
3224 2928 3240 2952 ,
3284 2885 3584 2943 Archelaus
3618 2887 3697 2939 ait
3720 2903 3740 2943 .'

2161 2983 2216 3035 Si
2251 2983 2467 3054 quidem
2510 2978 2890 3035 convertibiles
2935 2991 3057 3033 esse
3100 2977 3232 3031 dicit
3274 2987 3539 3046 utrasque
3581 2988 3740 3032 natu-

485 3079 729 3126 naturas.
762 3067 1038 3141 Ingentem
1071 3068 1377 3123 doctrinam
1407 3067 1585 3123 ferens
1611 3067 1769 3133 ades;
1801 3076 2051 3122 neutrum
2081 3102 2124 3161 ε
2161 3088 2269 3138 ras,
2303 3071 2433 3143 quid
2478 3080 2560 3126 est
2598 3068 2741 3140 quod
2800 3069 3076 3138 impediat,
3124 3068 3199 3121 uti
3244 3084 3310 3121 ne
3351 3083 3526 3122 unum
3576 3077 3739 3137 atque

482 3163 629 3218 enim
679 3177 869 3218 eorum
917 3176 1039 3231 qua:
1072 3161 1295 3225 asseris,
1323 3169 1448 3215 stat.
1486 3158 1671 3217 Potest
1696 3159 1838 3214 enim
1870 3160 1918 3215 is
1961 3160 2054 3229 qui

483 3268 590 3308 non
622 3260 838 3317 natura,
878 3253 972 3307 sed
1022 3249 1299 3321 proposito
1343 3249 1686 3306 adversarius
1714 3258 1818 3318 est,
1846 3249 2056 3306 amicus

426 3386 433 3389 -
480 3344 725 3411 cﬂ‘ectus,
754 3358 864 3399 non
915 3357 1037 3397 esse
1089 3340 1454 3407 adversarius,
1486 3350 1542 3396 et
1585 3342 1658 3397 ita
1703 3356 1828 3397 cum
1869 3342 2056 3398 altore

482 3439 642 3494 nobis
674 3435 829 3491 alteri
863 3433 1213 3505 acquieverit,
1253 3448 1420 3488 unum
1456 3441 1619 3504 atque
1659 3434 1799 3489 idem
1830 3444 2056 3504 uterque

482 3525 798 3600 apparebit;
827 3540 947 3597 qua:
970 3538 1134 3578 causa
1170 3521 1374 3577 indicat
1401 3531 1678 3578 creaturas
1706 3521 2056 3579 rationabiles

481 3620 651 3677 libero
676 3617 907 3677 arbitrio.
932 3625 1051 3671 eSSe
1070 3612 1388 3685 permissas,
1425 3614 1567 3669 unde
1588 3621 1642 3669 et
1672 3613 2057 3670 conversiones

481 3712 771 3784 recipiunt,
816 3719 869 3767 et
907 3709 1029 3765 ideo
1063 3708 1315 3779 ingenita:
1353 3715 1563 3762 natura:
1593 3721 1715 3761 esse
1765 3721 1872 3761 non
1925 3721 2056 3776 pos-

483 3814 611 3861 sunt
638 3804 773 3877 (81).
824 3801 963 3871 Quid
997 3816 1127 3872 ergo
1175 3799 1295 3855 ais?
1335 3801 1453 3855 dua:
1486 3800 1603 3855 ista:
1630 3807 1836 3854 natura:
1864 3799 2054 3853 incon-

482 3897 760 3955 vertibiles
806 3905 964 3957 sunt,
1006 3910 1074 3950 an
1120 3892 1524 3960 convertibiles,
1575 3902 1668 3948 aut
1720 3908 1825 3947 una
1865 3907 2051 3948 eorum

485 3990 853 4049 convertitur?
902 3988 971 4044 At
1020 4003 1148 4043 vero
1203 3987 1387 4043 Manes
1434 3995 1742 4043 remoratus
1782 3995 1893 4050 est.
1946 4001 2053 4040 non

485 4083 809 4139 inveniendo
837 4095 1195 4151 responsum;
1242 4078 1555 4133 intuebatur
1598 4079 1741 4133 enim
1791 4075 1934 4147 quod
1987 4093 2055 4132 ex

484 4185 717 4245 utroque
750 4173 1187 4236 concluderetur,
1213 4180 1515 4226 retractans
1551 4167 1727 4236 :Quia
1778 4169 1824 4224 si
1876 4169 2052 4224 dicam

485 4264 730 4325 converti
760 4279 870 4330 eas,
906 4262 1256 4335 respondebit
1282 4262 1416 4316 mihi
1444 4260 1597 4329 illud,
1625 4259 1770 4331 qttod
1801 4259 1856 4314 in
1879 4258 2055 4315 Evan-

484 4360 624 4432 gelio
648 4359 905 4429 scriptum
931 4357 1103 4413 estde
1124 4356 1449 4421 arboribus;
1473 4355 1618 4425 quod
1646 4354 1690 4410 si
1720 4368 1908 4425 negem
1934 4368 2055 4408 esse

2158 3168 2299 3222 idem
2329 3180 2423 3221 eas
2452 3178 2575 3220 esse
2628 3161 2947 3232 opinemur?
2992 3161 3047 3216 Si
3097 3161 3240 3215 enim
3288 3162 3740 3219 inconvertibiles

2156 3266 2316 3325 sunt,
2365 3273 2470 3312 non
2512 3264 2596 3312 est
2638 3257 2692 3309 in
2747 3255 2833 3311 his
2865 3256 3074 3311 naturis
3113 3272 3235 3325 qua:
3260 3255 3517 3311 similiter
3549 3258 3744 3313 incon-

2156 3351 2431 3407 vertibiles
2465 3361 2590 3404 sunt
2624 3357 2677 3403 et
2704 3347 2958 3402 similiter
2988 3350 3255 3418 ingenitie,
3290 3347 3399 3401 ulla
3449 3348 3734 3413 discretio,

2156 3458 2330 3514 neque
2375 3442 2543 3496 altera
2590 3455 2658 3495 ex
2718 3439 2803 3495 his
2864 3439 3004 3493 bona
3071 3439 3384 3509 agnoscitur
3431 3448 3529 3493 aut
3575 3441 3735 3495 mala.

2155 3534 2311 3603 Quod
2342 3534 2386 3589 si
2421 3531 2799 3588 convertibiles
2822 3541 2967 3596 sunt,
2993 3530 3203 3585 scilicet
3225 3531 3516 3599 provenire
3538 3539 3737 3601 potest.

2154 3635 2209 3679 et
2237 3625 2439 3680 bonum
2466 3620 2602 3677 ellici
2640 3620 2866 3686 malum,
2900 3628 2953 3675 et
2982 3620 3183 3675 malum
3229 3621 3457 3675 bonum.
3486 3618 3549 3675 Si
3592 3623 3738 3676 enim

2114 3736 2117 3739 ·
2157 3719 2258 3773 hoc
2295 3716 2578 3787 provenire
2609 3712 2860 3785 possibile
2891 3720 2995 3778 est,
3026 3728 3196 3783 quare
3228 3728 3337 3765 non
3374 3727 3550 3767 unum
3582 3712 3739 3767 dica-

2156 3824 2277 3864 mus
2308 3807 2628 3878 ingenitum,
2659 3803 2804 3874 quod
2842 3804 3142 3875 intelligere
3190 3804 3364 3873 magis
3392 3806 3621 3877 dignum
3658 3813 3743 3860 est

2150 3902 2307 3973 juxta
2332 3902 2591 3955 rationem
2623 3897 2905 3952 veritatis?
2928 3897 3129 3951 Intueri
3158 3897 3302 3952 enim
3334 3907 3572 3967 oportet,
3597 3914 3744 3969 quo-

2156 3991 2317 4046 modo
2352 3990 2525 4045 malus
2555 3988 2645 4044 ille
2682 3987 2845 4043 fuerit
2882 3980 3170 4053 ab'initio,
3206 3995 3299 4043 aut
3338 3988 3391 4042 in
3432 4005 3578 4058 quos
3614 4004 3742 4043 ma-

2154 4082 2324 4136 litiam
2352 4083 2659 4137 exercuerit
2700 4091 2824 4136 ante
2865 4080 3054 4135 mundi
3095 4082 3569 4157 constitutionem.
3592 4080 3737 4137 Cum

2155 4174 2351 4229 caelum
2382 4172 2622 4227 nondum
2658 4173 2977 4238 exstitisset,
3002 4180 3054 4226 et
3101 4172 3342 4227 nondum
3373 4181 3525 4228 terra
3556 4173 3741 4229 subsi-

2155 4275 2339 4324 steret.
2368 4279 2473 4318 non
2503 4264 2685 4329 homo,
2728 4279 2835 4317 non
2873 4262 3108 4327 animal;
3156 4263 3210 4316 in
3259 4278 3400 4332 quos
3446 4267 3664 4318 exercet
3686 4275 3742 4320 at

2154 4354 2456 4409 malitiam?
2477 4369 2637 4424 quem
2671 4354 3012 4424 Opprimehat
3038 4353 3273 4424 injuste?
3294 4369 3458 4424 quem
3486 4355 3742 4424 spolians

484 4452 891 4519 convertibiles,
940 4448 1310 4522 permistionis
1353 4458 1554 4504 statum
1601 4457 1655 4504 et
1696 4463 1917 4503 causam
1951 4462 2048 4502 ne-
2083 4445 2129 4506 D
2155 4445 2382 4501 occidit?
2413 4444 2566 4511 Quod
2605 4444 2651 4499 si
2688 4445 2804 4500 suis
2843 4461 2968 4500 eum
3018 4445 3169 4501 dicas
3204 4445 3479 4501 exstitisse
3502 4447 3741 4515 malum,

488 4585 731 4642 Meminit
774 4582 1080 4637 Herodotus
1112 4582 1169 4635 in
1206 4581 1465 4654 Euterpe,
1512 4580 1614 4654 τῆς
1664 4579 2051 4654 σημαγςριδος,

488 4677 509 4709 ι
544 4666 703 4712 terra:
738 4654 1076 4723 signatricis;
1110 4671 1128 4705 ι
1158 4661 1212 4707 et
1244 4649 1457 4723 Cicero,
1481 4649 1619 4706 ora't.
1658 4649 1794 4705 tv‘iu
1820 4649 2050 4723 Verrem,

482 4724 727 4799 episwla‘.
755 4721 958 4778 cfetula
983 4721 1434 4799 signatae.__Cujus
1461 4731 1642 4799 autem
1668 4722 1885 4799 generis
1904 4731 2055 4777 esset

485 4792 602 4854 hinc
631 4805 797 4859 terra,
841 4809 905 4848 ex
959 4792 1147 4850 eodem
1205 4792 1469 4848 Cicerone
1515 4792 1683 4861 liquet
1727 4792 1779 4846 in
1816 4806 1906 4845 .or.
1958 4806 2052 4860 pro

485 4866 705 4929 Flacco,
730 4865 820 4920 ubi
851 4865 931 4918 sic
963 4864 1038 4916 ait
1068 4882 1080 4917 :
1114 4881 1132 4914 ι
1169 4862 1290 4917 llaec
1313 4879 1434 4933 qure
1460 4878 1489 4916 a
1518 4862 1676 4917 nobis
1703 4862 1906 4932 prolata
1936 4863 2054 4915 latt-

486 4940 633 4993 datio
677 4935 960 5003 obsignata
1003 4942 1119 4987 erat
1155 4944 1301 4987 creta
1346 4934 1433 4986 illa
1469 4933 1731 4997 Asiatica,
1777 4946 1898 5001 qua:
1941 4933 2054 4986 fere

485 5016 572 5062 est
607 5006 865 5061 omnibus
912 5012 1037 5058 nota
1073 5003 1251 5073 nobis,
1292 5018 1398 5073 qua
1428 5014 1675 5073 utuntur
1712 5016 1905 5056 omnes
1928 5016 2051 5073 non

488 5076 652 5132 modo
684 5078 738 5130 in
776 5074 1028 5145 publicis,
1060 5072 1151 5145 sed
1182 5082 1236 5145 et
1273 5069 1327 5126 in
1356 5072 1581 5142 privatis
1620 5072 1842 5145 litteris;
1867 5090 1886 5120 ι
1926 5069 2054 5145 Pin-

507 5149 610 5214 guis
635 5139 802 5211 enim",
830 5145 971 5198 lenta
1004 5153 1057 5198 et
1083 5139 1463 5214 glutinosa'est
1497 5151 1644 5214 creta
1674 5142 1782 5214 illa.
1809 5139 2053 5210 Denique

507 5166 610 5203 'ltls
635 5166 802 5211 enim,
830 5166 971 5198 ιυιιιει
1005 5166 1057 5198 ει
1083 5166 1356 5214 ιςιυιηιυδῐι
1379 5166 1463 5197 cat
1498 5166 1644 5196 cruat
1674 5166 1782 5195 Iul.
1809 5166 2053 5210 υυιιιψιις

486 5166 552 5272 de
582 5217 783 5288 praprii
806 5215 988 5269 vultus
1009 5212 1311 5288 imaginem
1329 5212 1840 5288 annulisinterdum
1858 5223 2055 5281 repue-

483 5280 719 5351 seniata,
744 5292 895 5341 locus
928 5292 1010 5340 est
1037 5280 1212 5337 Plauti
1237 5283 1289 5335 in
1325 5280 1605 5344 Pseudolo,
1637 5296 1786 5336 scen.
1812 5295 1828 5335 ι
1858 5295 1871 5331 :

624 5355 705 5411 Eu
732 5372 892 5410 causa
921 5354 1070 5409 miles
1097 5354 1180 5408 hic
1207 5353 1413 5424 reliquit
1441 5351 1750 5424 symbolum,

627 5425 944 5497 Expressa»:
968 5426 1021 5479 in
1045 5441 1164 5497 cera
1193 5438 1259 5497 ea:
1280 5420 1439 5497 anulo
1462 5420 1613 5497 suam
1632 5420 1934 5492 imaginem.

555 5493 818 5552 Cancrum
838 5497 1081 5567 thesauri
1104 5495 1283 5567 sigillo
1304 5493 1570 5567 obsignati
1589 5496 1793 5567 intentio
1808 5501 1892 5567 est
1911 5493 2052 5563 apud

487 5561 886 5622 Theodoretum
917 5566 971 5619 in
1002 5575 1141 5621 orat.
1157 5561 1208 5621 '5
1245 5565 1322 5619 De
1350 5561 1701 5635 providentia,
1739 5564 1883 5618 haud
1922 5561 2052 5635 pro-

482 5637 572 5694 cnl
588 5637 671 5706 fab
695 5638 872 5700 initio,
900 5636 990 5690 tibi
1017 5637 1082 5691 de
1105 5636 1317 5706 apibus.

561 5705 672 5785 (78)
712 5706 768 5761 lu
791 5706 978 5762 codice
999 5702 1284 5761 Casiucnsi
1305 5713 1442 5773 erat,
1471 5723 1490 5759 ι
1518 5703 1612 5761 sed
1632 5702 1804 5762 Deum
1827 5704 1996 5772 enim,
2025 5722 2045 5755 ι

2155 4577 2305 4661 nullo
2338 4592 2502 4633 sensu
2532 4594 2546 4632 :
2572 4592 2672 4634 nos
2710 4591 2777 4633 ex
2823 4578 3064 4650 ingenio,
3111 4586 3173 4633 ut
3211 4577 3418 4633 editum
3467 4588 3579 4646 est,
3614 4595 3741 4636 eor-

2157 4665 2419 4707 I'BIIIIIUS.

2251 4720 2338 4795 19)
2378 4716 2558 4795 Forte,
2591 4736 2612 4769 ι
2639 4719 2784 4795 quod
2823 4717 3042 4795 dixerit,
3072 4738 3093 4795 ρ
3123 4720 3206 4772 vel
3236 4737 3256 4770 α
3284 4719 3413 4789 quia
3453 4720 3685 4795 dixerit.
3714 4741 3733 4773 ι

2248 4788 2338 4861 80)
2380 4789 2455 4843 Ita
2486 4789 2630 4843 hunc
2664 4789 2842 4861 locum
2864 4788 3242 4861 restituimus;
3286 4788 3409 4843 nam
3455 4792 3510 4844 in
3543 4794 3738 4847 codice

2154 4859 2451 4930 legebatur,
2483 4877 2501 4909 ι
2534 4868 2642 4913 tam
2675 4861 2721 4913 si
2750 4859 2966 4929 quidem
3002 4874 3069 4914 ex
3104 4861 3209 4913 hoc
3235 4861 3537 4915 arbitratus
3569 4874 3655 4916 est
3678 4879 3738 4917 se

2155 4933 2577 4994 atliruiaturum;
2611 4947 2630 4980 ι
2660 4931 2755 4984 sed
2792 4944 2955 4998 supra
2991 4945 3179 4986 vocem
3209 4940 3339 4992 tam.
3372 4934 3632 4999 quadam
3668 4934 3741 4987 li-

2156 5001 2309 5055 neola
2356 5001 2548 5072 littera:
2592 5015 2620 5053 c
2660 4999 2855 5054 similis
2896 5001 3210 5072 apparebat,
3245 5016 3410 5072 quam
3449 5005 3741 5072 pan.in

2154 5078 2209 5126 et
2231 5071 2606 5141 compendium
2632 5084 2753 5125 esse
2775 5070 3104 5140 putavimus.

2225 5139 2555 5212 (81)’Fortc,
2584 5159 2604 5193 ι
2633 5150 2688 5195 et
2726 5139 2847 5195 ideo
2894 5140 3014 5195 dua:
3056 5141 3307 5212 ingenita:
3350 5153 3571 5200 natura:
3611 5158 3737 5200 esse

2155 5226 2260 5265 non
2293 5222 2539 5279 possunt.
2571 5229 2590 5262 ι

2228 5281 2339 5352 (82)
2381 5279 2438 5352 in
2466 5281 2651 5335 codice
2673 5278 2957 5334 Casinensi
2988 5291 3124 5345 erat,
3153 5300 3172 5332 ι
3204 5283 3427 5352 expetit.
3459 5302 3480 5334 ι

2226 5350 2435 5421 (δδμη
2466 5356 2654 5426 eodem
2678 5352 2863 5426 codice
2886 5362 2993 5404 tam
3026 5353 3079 5405 in
3114 5353 3216 5407 hoc
3245 5350 3540 5421 commate,
3562 5370 3733 5426 quam

2155 5421 2208 5475 in
2236 5423 2504 5494 sequenti,
2527 5436 2815 5494 perperam
2839 5422 3053 5490 legitur,
3080 5440 3101 5473 ι
3128 5434 3426 5494 exspectat.
3460 5444 3481 5476 ρ

2223 5492 2335 5563 (84)
2377 5491 2553 5563 orte,
2587 5510 2605 5543 ε
2637 5492 2840 5563 dixisti.
2872 5508 2892 5543 ι

2224 5556 2338 5633 (85)
2379 5559 2444 5615 Et
2490 5561 2579 5616 hic
2624 5565 2762 5617 male
2805 5560 3003 5632 legitur
3051 5556 3106 5619 in
3150 5563 3337 5621 codice
3390 5564 3693 5625 Casinensi
3712 5603 3735 5632 .

2160 5650 2180 5686 ι
2206 5640 2502 5703 exspectat.
2529 5649 2550 5684 ι
