3996 6208
272 322 297 378 1
314 322 414 378 ΜΠ

1393 323 1534 380 CUM
1572 321 1853 377 ΜΑΝΕΤΕ
1892 322 2420 379 IUERESIARCIIA.

3375 331 3512 385 I858

265 445 389 502 sine
417 443 584 499 dubio
608 458 738 513 ergo
767 443 1075 500 ostenditur
1120 443 1271 505 illum
1318 446 1474 501 home
1522 460 1642 501 esse
1684 455 1843 500 natu-
1870 458 1913 512 Λ
1946 448 2088 513 quod
2118 448 2286 512 dicis;
2323 449 2366 500 si
2396 447 2539 500 enim
2584 463 2725 501 unus
2756 450 3065 515 cessaverit,
3097 460 3189 504 aut
3222 451 3381 517 alius,
3412 466 3507 510 aut

266 553 362 592 rm.
422 535 479 590 Si
534 550 662 591 vero
708 546 760 591 et
812 536 888 590 illi
939 551 1131 592 omnes
1180 536 1309 590 mali
1348 547 1512 605 sunt,
1565 537 1842 607 quomodo

265 638 443 699 potest
478 625 736 681 Satanam
766 636 819 681 et
848 627 1081 682 Satanas
1124 628 1354 698 ejicere?
1396 626 1500 683 Sed
1550 629 1840 683 conclusus

261 736 517 777 sermone
546 722 818 776 convertis
842 720 978 792 (86),
1011 731 1069 776 ut
1101 722 1271 789 dicas,
1297 721 1479 780 Bonus
1509 723 1614 776 vim
1647 737 1839 792 passus

258 825 345 871 est
377 831 407 869 a
437 815 599 869 malo.
638 813 741 869 Sed
776 831 874 869 nec
912 816 1014 870 hoc
1044 816 1262 885 quidem
1296 828 1379 872 est
1408 818 1504 872 tibi
1542 816 1659 870 sine
1692 816 1836 886 peri-

261 909 388 963 cqu
414 908 618 971 dicere,
660 916 718 961 ut
752 908 925 961 lucem
962 909 1157 964 victam
1189 925 1309 966 esse
1340 911 1658 975 conﬁrmes;
1691 909 1833 980 quod

260 1002 407 1054 enim
436 1002 691 1064 vincitur,
723 1001 959 1055 vicinum
992 1002 1153 1056 habet
1182 1004 1480 1060 interitum.
1514 1002 1651 1070 Quid
1688 1003 1831 1057 enim

257 1090 337 1142 ait
368 1104 549 1142 sermo
580 1089 833 1145 divinus?
864 1110 882 1141 t
927 1090 1061 1158 Quis
1109 1092 1252 1147 enim
1301 1103 1479 1163 potest
1524 1095 1746 1149 introire
1779 1096 1831 1149 in

256 1179 479 1234 domum
517 1179 693 1244 fortis,
734 1189 788 1236 et
836 1182 1081 1252 deripere
1133 1199 1261 1238 vasa
1305 1185 1444 1253 ejus,
1489 1186 1592 1240 nisi
1631 1188 1722 1241 illo
1763 1188 1832 1243 sit

257 1271 453 1325 fortior
480 1272 557 1324 "‘1
587 1291 605 1322 ι
638 1270 794 1338 Quod
827 1273 871 1328 si
902 1274 1211 1330 hominibus
1258 1290 1381 1330 eum
1434 1278 1636 1331 malum
1667 1280 1831 1333 exsti—

258 1362 391 1416 tisse
421 1362 646 1429 dixeris,
675 1372 728 1418 et
761 1381 825 1418 ex
862 1380 926 1419 eo
950 1366 1169 1422 malitia:
1203 1383 1316 1421 sua:
1364 1367 1560 1422 indicia
1606 1370 1831 1423 demon-

251 1462 458 1507 strasse
484 1470 497 1506 :
524 1468 656 1523 ergo
682 1463 805 1507 ante
835 1456 935 1508 hoc
962 1454 1135 1509 bonus
1180 1454 1298 1519 fuit,
1321 1465 1373 1509 et
1404 1455 1830 1510 convertibilita’

253 1551 361 1599 tem
396 1544 583 1613 recipit
612 1561 680 1601 ex
705 1561 791 1612 eo,
816 1547 960 1616 quod
988 1547 1155 1601 creati
1177 1547 1411 1601 hominis
1432 1546 1541 1615 (87)
1560 1562 1721 1601 causa
1747 1547 1830 1600 in-

250 1633 467 1687 venitur
482 1634 755 1690 exstitisste
773 1637 1007 1691 malitias.
1030 1636 1133 1690 Sed
1154 1648 1423 1706 postremo
1444 1636 1731 1707 tlicatquod
1746 1646 1828 1692 est

250 1726 476 1790 malum,
508 1742 573 1782 ne
617 1727 753 1782 forte
777 1744 970 1781 nomen
997 1729 1171 1782 solum
1204 1728 1453 1785 defendat
1477 1740 1570 1783 aut
1593 1737 1821 1785 astruat.

1943 538 2161 605 plures;
2193 539 2282 592 alii
2332 548 2513 593 autem
2560 540 2663 593 hoc
2708 549 2945 610 agerent.
2993 542 3277 597 Archelaus
3321 543 3507 603 dixit:

1943 627 1999 682 Si
2041 631 2264 684 omnino
2294 630 2555 699 possibile
2589 640 2669 685 est
2701 648 2891 694 unum,
2922 642 2975 687 et
2999 634 3184 698 alium,
3212 645 3266 688 et
3290 637 3503 704 plures,

1938 721 2078 775 sicut
2126 722 2240 788 ais,
2296 738 2402 777 non
2452 739 2709 793 peccare,
2760 724 3017 793 possibile
3064 736 3147 780 est
3194 729 3355 781 ctiam
3403 726 3507 784 hoc

1937 828 2130 867 omnes
2164 829 2358 881 agere;
2392 815 2553 868 ttnius
2588 816 2731 869 enim
2767 816 3065 870 conditoris
3096 827 3241 880 sunt,
3269 828 3321 871 et
3348 820 3507 876 unius

1937 918 2131 956 massa:
2163 903 2412 959 homines
2451 918 2673 970 omnes;
2702 916 2755 961 ct
2802 921 2869 959 ne
2916 909 3090 961 otiose
3136 923 3230 976 per
3275 908 3507 979 ineptias

1934 1011 2153 1064 sequar,
2190 1010 2251 1049 ea
2284 1012 2406 1065 quae
2439 996 2716 1052 incondite
2748 999 3038 1067 protulisti,
3072 1002 3232 1055 certis
3259 1002 3507 1068 praescri-

1934 1086 2211 1155 ptionibus
2240 1088 2547 1143 excludam.
2580 1090 2672 1144 Ais
2706 1089 2911 1143 fructus
2939 1092 3092 1144 mala:
3126 1092 3322 1146 radicis
3343 1101 3505 1162 atque

1935 1178 2089 1231 malae
2123 1176 2333 1243 arboris
2370 1193 2490 1233 esse
2524 1189 2677 1234 actus
2708 1180 3007 1243 hominum,
3032 1180 3081 1233 id
3122 1190 3222 1244 est,
3271 1180 3506 1236 fornica-

1930 1268 2125 1329 tiones,
2179 1268 2475 1331 adulteria,
2532 1270 2802 1339 perjuria,
2855 1273 3141 1326 hmnicidia
3192 1283 3244 1327 et
3295 1274 3502 1343 reliqua

1932 1358 2017 1411 his
2061 1359 2318 1412 similia?
2367 1359 2548 1413 Manes
2604 1362 2740 1416 dixit
2780 1378 2797 1415 :
2846 1361 2941 1417 Ita.
2995 1364 3281 1418 Archelaus
3319 1366 3502 1419 dixit:

1930 1447 2073 1517 Ergo
2127 1450 2171 1503 si
2228 1450 2527 1504 humanum
2584 1468 2753 1519 genus
2818 1454 3038 1508 interire
3103 1458 3403 1524 pervenerit
3471 1472 3501 1511 a

1928 1541 2067 1595 facie
2096 1552 2273 1605 terrae,
2310 1544 2383 1598 ita
2434 1556 2491 1599 ut
2537 1545 2677 1599 ultra
2705 1546 2814 1613 jam
2848 1562 3069 1613 peccare
3106 1564 3209 1600 non
3258 1548 3497 1616 possint,

1927 1633 2123 1701 periret
2164 1636 2375 1690 arboris
2434 1636 2598 1706 hujus
2655 1638 2992 1701 substantia,
3059 1637 3291 1693 fructum
3357 1640 3495 1694 ultra

1926 1737 2032 1775 non
2048 1723 2293 1780 all‘erens.
2313 1724 2493 1781 Manes
2518 1728 2689 1781 dixit:
2712 1729 2772 1781 lit
2794 1730 3031 1797 quando,
3048 1731 3188 1800 quod
3202 1731 3500 1794 dicis,liet?

247 1815 401 1883 Quod
427 1818 472 1872 si
498 1834 603 1872 non
630 1834 822 1873 nomen
850 1820 995 1882 mali,
1023 1822 1113 1874 sed
1137 1821 1467 1887 substantia;
1494 1820 1704 1877 fructus
1727 1836 1807 1875 not

1931 1812 2217 1866 Archelaus
2289 1814 2425 1869 dixit
2482 1831 2501 1871 :
2563 1816 2831 1883 Quoniam
2896 1820 3039 1888 quod
3109 1819 3348 1874 futurum
3410 1828 3498 1874 est

247 1906 331 1962 bis
354 1909 571 1963 malitiae
590 1917 643 1962 et
666 1911 917 1979 nequitia:
957 1912 1118 1979 hujus
1140 1921 1391 1981 exponat.
1422 1914 1677 1982 quoniam
1707 1929 1812 1967 non

244 2001 556 2070 agnoscitur
587 2018 822 2071 unquam
851 2003 1060 2058 arboris
1090 2014 1279 2059 natura
1307 2005 1424 2059 sine
1453 2002 1630 2059 fructu
1656 2006 1721 2060 '°.

319 2090 481 2147 XVII.
527 2094 708 2148 Manes
743 2097 921 2150 dixit:
962 2095 1185 2152 Constet
1220 2100 1358 2167 apud
1388 2107 1444 2151 te.
1474 2099 1644 2168 prius,
1686 2100 1813 2169 quia

246 2192 329 2239 est
364 2186 513 2240 radix
547 2187 650 2240 alia
684 2189 924 2251 malitiae,
975 2205 1137 2258 qttatn
1187 2204 1291 2243 non
1342 2191 1599 2259 plantavit
1646 2189 1809 2255 Deus,

240 2286 298 2331 et
334 2287 463 2331 tunc
506 2279 598 2333 tibi
643 2280 819 2334 dicam
870 2280 1077 2337 fructus
1115 2282 1254 2351 ejus.
1299 2283 1584 2337 Archelaus
1633 2285 1811 2339 dixit:

241 2364 359 2421 Non
394 2368 499 2424 hoc
537 2370 650 2425 vcri
693 2372 896 2441 expetit
925 2373 1091 2440 ratio;
1141 2390 1312 2444 neque
1353 2376 1495 2429 enim
1545 2377 1812 2430 assentiar

241 2460 337 2514 tibi
384 2461 618 2517 radicem
671 2478 793 2519 esse
848 2465 1003 2519 malae
1054 2465 1269 2521 arboris
1324 2467 1502 2531 illius,
1543 2468 1610 2522 de
1652 2468 1810 2538 cujus

241 2552 506 2609 fluctibus
550 2571 827 2624 nunquam
876 2557 1019 2612 ullus
1069 2559 1382 2628 gustaverit.
1440 2558 1721 2630 Tanquam
1764 2562 1808 2617 si

238 2648 366 2701 velit
407 2649 610 2717 aliquid
653 2650 776 2718 quis
819 2666 1037 2716 emere;
1085 2651 1187 2706 nisi
1230 2653 1379 2721 prius
1411 2654 1677 2723 gustando
1725 2655 1809 2709 di-

238 2744 372 2801 scat,
404 2746 586 2791 utrum
622 2738 773 2792 arida
808 2739 880 2793 sit
907 2740 1114 2811 species
1142 2750 1235 2795 aut
1264 2743 1487 2812 liquida,
1521 2744 1805 2813 pecuniam

237 2842 344 2881 non
377 2830 615 2897 profert;
657 2830 727 2883 ita
762 2846 938 2902 neque
963 2848 1062 2901 ego
1091 2833 1183 2886 tibi
1215 2835 1479 2890 assentiar
1506 2852 1625 2891 esse
1650 2838 1806 2893 arbo-

235 2934 348 2972 rem
382 2921 579 2973 malam
614 2932 667 2975 et
717 2925 1029 2992 pessimam,
1076 2926 1179 2979 nisi
1227 2928 1376 2996 prius
1414 2929 1646 2998 qualitas
1692 2929 1807 2984 Iru-

234 3020 419 3066 ctunm
462 3013 581 3083 ejus
622 3014 786 3071 fuerit
826 3016 1167 3073 manifestata
1195 3037 1209 3075 :
1238 3021 1498 3091 scriptum
1529 3025 1801 3091 estenim,

233 3104 361 3173 quia
415 3105 481 3160 de
532 3106 797 3163 fructibus
841 3110 1005 3164 arbor
1054 3113 1484 3181 c0gnoscitur".
1540 3116 1631 3171 Dic
1674 3133 1803 3187 ergo

234 3197 411 3263 nobis,
442 3214 476 3254 o
502 3199 704 3265 Manes,
739 3204 899 3258 arbor
922 3220 1043 3274 qua:
1071 3206 1269 3261 dicitur
1292 3207 1453 3272 mala,
1483 3225 1643 3279 quem
1672 3210 1804 3264 al'l'e-

232 3300 319 3345 rat
354 3292 611 3357 fructum,
647 3304 741 3349 aut
774 3296 931 3365 cujus
971 3306 1180 3353 natura:
1209 3299 1300 3363 sit,
1346 3317 1507 3369 quam
1551 3304 1801 3359 virtutem

231 3383 453 3448 habeat,
497 3397 554 3439 ut
599 3387 693 3441 tibi
738 3389 1047 3453 credamus,
1099 3392 1257 3444 etiam
1309 3394 1541 3448 radicem
1592 3396 1804 3451 arboris

230 3473 406 3543 ipsius
428 3491 546 3530 esse
576 3478 772 3532 talem?
798 3478 979 3532 Manes
1002 3480 1179 3534 dixit:
1204 3481 1374 3537 Radix
1398 3485 1613 3554 quidem
1639 3487 1799 3553 mala,

230 3564 397 3619 arbor
444 3576 621 3622 autem
665 3570 920 3638 pessima,
970 3571 1360 3627 incrementum
1414 3591 1542 3631 vero
1586 3594 1691 3633 non
1735 3595 1801 3634 ex

230 3656 372 3724 Deo;
407 3656 617 3715 fructus
646 3669 823 3715 autem
852 3661 1258 3729 fornicationes,
1294 3668 1576 3734 adulteria,
1624 3671 1801 3726 homi-

227 3750 389 3817 cidia,
420 3754 647 3808 avaritia
677 3764 730 3809 et
761 3771 952 3811 omnes
987 3758 1113 3811 mali
1144 3767 1298 3813 actus
1332 3761 1489 3815 mala:
1529 3762 1674 3818 illius
1705 3780 1795 3818 ra-

226 3844 383 3901 dicis.
422 3848 706 3904 Archelaus
733 3852 911 3907 dixit:
948 3852 1015 3907 Ut
1056 3853 1151 3908 tibi
1196 3854 1504 3921 credamus,
1534 3858 1661 3926 quia
1704 3858 1797 3913 isti

226 3947 354 3989 sunt
413 3936 623 3995 fructus
683 3942 838 3996 mala:
894 3942 1037 3997 illius
1082 3944 1310 4008 radicis,
1372 3955 1591 4015 gustum
1642 3948 1796 4004 nobis

225 4044 414 4083 eorum
462 4030 677 4099 profer;
719 4034 1078 4088 substantiam
1124 4037 1266 4091 enim
1336 4037 1629 4106 ingenitam
1676 4055 1797 4095 esse

224 4123 586 4189 pronuntiasti
646 4125 804 4195 hujus
857 4127 1090 4189 arboris,
1137 4127 1293 4196 cujus
1343 4128 1552 4185 fructus
1601 4147 1796 4186 secun-

222 4212 351 4265 dum
388 4214 472 4269 sui
515 4215 927 4272 similitudinem
974 4218 1345 4288 proferuntur.
1395 4223 1575 4278 Manes
1617 4226 1792 4279 dixit:

222 4302 349 4361 Hac
384 4308 499 4377 ipsa
532 4309 795 4379 injustitia
830 4328 951 4381 qua:
986 4314 1038 4366 in
1072 4314 1382 4371 hominibus
1411 4326 1513 4383 est,
1551 4320 1794 4374 testimo-

222 4400 373 4453 nium
406 4402 601 4466 reddit,
628 4412 681 4458 et
717 4405 941 4459 avaritia
982 4406 1048 4461 de
1087 4418 1248 4477 gustu
1286 4409 1431 4463 illius
1460 4410 1616 4465 mala:
1649 4412 1791 4466 radi-

1918 1904 2133 1971 nescio,
2180 1906 2342 1960 homo
2386 1908 2531 1962 enim
2586 1925 2742 1975 sum;
2793 1926 2901 1963 non
2950 1920 3131 1966 tamen
3182 1928 3491 1966 sermonem

1916 1996 2079 2050 istum
2132 1998 2497 2055 indiscussum
2547 2003 2871 2073 relinquam.
2919 2006 3057 2071 Quid
3106 2006 3242 2061 dicis
3284 2006 3349 2061 de
3393 2007 3496 2060 hu-

1915 2102 2077 2142 mano
2122 2105 2338 2159 genere,
2389 2092 2688 2164 ingenitum
2732 2103 2836 2161 est,
2885 2106 2978 2151 aut
3022 2097 3268 2151 factura?
3310 2096 3494 2153 Manes

1913 2180 2052 2235 dixit
2082 2198 2100 2235 :
2132 2182 2362 2239 Factura
2404 2197 2503 2239 est.
2540 2188 2827 2241 Archelaus
2880 2190 3057 2242 dixit:
3091 2188 3144 2243 Si
3179 2189 3386 2245 factura
3411 2200 3495 2244 est

1913 2273 2097 2341 homo,
2130 2276 2255 2346 quis
2284 2288 2366 2332 est
2398 2280 2679 2347 adulterii,
2722 2290 2774 2335 et
2819 2281 3215 2347 fornicationis,
3266 2292 3317 2337 et
3364 2283 3489 2336 reli-

1910 2380 2141 2434 quorum
2174 2368 2359 2422 talium
2394 2372 2579 2439 pater?
2608 2372 2766 2439 cujus
2794 2373 2880 2426 hic
2910 2382 2993 2426 est
3016 2371 3267 2426 fructus?
3292 2371 3482 2427 Prius-

1910 2476 2071 2526 quam
2113 2458 2266 2514 lleret
2309 2461 2491 2523 homo,
2524 2463 2647 2531 quis
2669 2472 2784 2516 erat
2832 2464 2920 2531 qui
2965 2461 3342 2525 I'ornicaretur,
3389 2472 3485 2516 aut

1909 2551 2255 2617 adulteraret,
2280 2562 2369 2607 aut
2393 2553 2683 2607 homicidia
2710 2554 3071 2623 perpetraret?
3095 2553 3274 2606 Manes
3295 2553 3431 2604 dixit
3461 2568 3479 2604 :

1911 2639 2015 2695 Sed
2082 2643 2246 2697 homo
2320 2660 2348 2697 a
2400 2645 2539 2698 mala
2605 2655 2798 2699 natura
2848 2645 3181 2714 plasmatus,
3257 2644 3484 2698 mantic-

1908 2743 2050 2787 stum
2095 2744 2206 2798 est,
2249 2737 2374 2806 quia
2418 2739 2530 2805 ipse
2564 2739 2635 2791 sit
2678 2736 2906 2801 Irnctus,
2962 2738 3124 2791 etiam
3186 2737 3230 2791 si
3276 2744 3481 2805 peccet,

1906 2825 2065 2879 etiam
2110 2827 2155 2881 si
2189 2842 2294 2881 non
2336 2842 2556 2897 peccet:
2594 2829 2737 2883 unde
2786 2829 2955 2883 semel
3004 2828 3247 2883 absolute
3282 2844 3480 2881 nomen

1908 2915 2189 2971 hominum
2231 2926 2283 2972 et
2316 2935 2485 2989 genus
2515 2920 2621 2974 tale
2660 2930 2762 2984 est,
2813 2921 3024 2975 etiamsi
3055 2920 3204 2989 justa
3255 2921 3482 2989 gesserit

1908 3018 2003 3063 aut
2035 3010 2257 3082 injusta.
2292 3012 2579 3067 Archelaus
2616 3014 2752 3066 dixit
2784 3027 2802 3064 :
2834 3013 2939 3069 Sed
2984 3023 3038 3068 ct
3083 3014 3227 3068 illius
3274 3013 3350 3067 rei
3396 3012 3481 3064 l'a.

1905 3101 2116 3158 ciamus
2147 3104 2498 3159 mentionem.
2543 3104 2597 3159 Si
2629 3106 2762 3174 ipse,
2811 3115 2869 3160 ut
2903 3107 3004 3172 ais,
3049 3106 3321 3161 hominem
3354 3104 3484 3161 fecit

1908 3193 2199 3261 malignus,
2233 3211 2403 3265 quare
2438 3196 2697 3250 malitiam
2726 3208 2941 3250 exercet
2974 3196 3237 3250 adversus
3261 3182 3413 3249 eum?

1978 3284 2163 3339 XVIII.
2205 3285 2419 3341 Iudices
2450 3286 2694 3341 dixerunt
2721 3303 2738 3339 :
2764 3287 2873 3342 Iloc
2902 3288 3151 3342 volumus
3183 3288 3321 3341 scite
3350 3302 3378 3341 a
3404 3295 3477 3351 te,

1906 3377 2219 3446 Manichaee,
2269 3383 2544 3452 quomodo
2580 3382 2729 3435 illum
2769 3380 3049 3435 allirmasti
3085 3381 3283 3435 malum
3313 3381 3478 3436 esse?

1905 3472 1983 3528 Ex
2031 3490 2119 3537 eo,
2170 3490 2278 3543 quo
2319 3474 2567 3529 homines
2615 3473 2740 3527 facti
2779 3481 2922 3535 sunt,
2980 3480 3074 3528 aut
3113 3473 3305 3527 antea?
3339 3473 3475 3541 Quia

1903 3567 2047 3620 enim
2078 3583 2301 3621 necesse
2330 3576 2413 3621 est
2441 3575 2491 3621 te
2525 3568 2742 3621 malitiae
2776 3567 2894 3635 cjus
2929 3581 3065 3636 Opus
3093 3568 3377 3621 ostendere
3409 3587 3471 3621 ex

1901 3670 1967 3710 eo
1998 3666 2239 3725 tempore
2269 3672 2333 3710 ex
2366 3672 2474 3726 quo
2505 3658 2706 3711 malum
2746 3672 2869 3712 eum
2905 3657 3074 3712 fuisse
3104 3662 3332 3719 asserts;
3360 3678 3477 3713 (ρι’-

1901 3756 1990 3803 tus
2015 3758 2154 3813 esto,
2201 3748 2327 3815 quia
2362 3764 2536 3818 neque
2560 3748 2910 3818 cognoscitur
2941 3748 3050 3802 vini
3082 3750 3336 3817 qualitas.
3366 3752 3470 3803 nisi

1900 3841 2051 3909 prius
2095 3842 2392 3910 gustaverit
2433 3840 2573 3909 quis,
2613 3841 2831 3894 sieutet
2862 3856 2926 3895 ex
2967 3838 3144 3893 fructu
3174 3841 3351 3894 omnis
3385 3856 3472 3897 ar-

1899 3933 1999 3987 bor
2037 3934 2397 4004 dignoscitur.
2427 3932 2565 3999 Quid
2598 3948 2729 4004 ergo
2771 3932 2941 3987 dicis?
2985 3949 3050 3987 ex
3085 3947 3195 4002 quo
3230 3941 3470 4002 tempore

1900 4027 2075 4083 malus
2113 4035 2195 4081 est
2230 4026 2350 4081 hic?
2393 4028 2696 4080 necessaria
2726 4027 2871 4081 enim
2909 4026 3063 4082 nobis
3104 4027 3315 4080 videtur
3354 4026 3467 4081 lucc

1898 4122 2053 4176 ratio.
2081 4121 2261 4174 Manes
2281 4120 2452 4174 dixit:
2477 4119 2720 4189 Semper.
2748 4119 3036 4174 Archelaus
3062 4120 3197 4173 dixit
3223 4135 3241 4172 :
3270 4118 3465 4174 Osten-

1895 4214 2019 4269 dam
2051 4215 2212 4269 etiam
2244 4216 2365 4279 hoc,
2410 4213 2599 4283 optimi
2645 4213 2746 4267 viri
2784 4220 2840 4266 et
2866 4212 3269 4281 prudentissimi
3311 4212 3468 4265 audi-

1895 4317 2062 4371 tores,
2113 4307 2371 4378 quoniam
2418 4320 2598 4361 sermo
2645 4306 2762 4375 ejus
2798 4305 3019 4358 onmiuo
3067 4321 3171 4359 non
3217 4314 3462 4363 constat:

1893 4414 2018 4452 nam
2047 4409 2099 4453 et
2132 4398 2335 4453 ferrum
2366 4414 2470 4451 non
2504 4406 2818 4466 estsemper
2861 4397 3085 4463 malum,
3116 4396 3219 4449 nisi
3262 4412 3326 4449 ex
3355 4411 3465 4465 quo

220 4490 319 4545 cis.
354 4491 640 4546 Archelaus
670 4494 805 4547 dixit
831 4510 851 4549 .°
883 4494 1041 4567 Ergo,
1093 4508 1151 4551 ut
1182 4499 1387 4565 dixisti,
1427 4500 1633 4556 l‘ructus
1664 4512 1790 4558 sunt

1914 4503 2061 4543 nomo
2092 4500 2193 4552 est,
2238 4500 2292 4544 et
2329 4491 2616 4545 artilirium
2665 4493 2784 4559 ejus
2816 4491 2869 4544 in
2920 4490 3064 4543 malo
3115 4504 3462 4552 conversum,

219 4582 432 4637 arboris
485 4585 649 4653 hujus
700 4587 1013 4657 iniquitates
1060 4590 1208 4655 istae,
1252 4610 1374 4662 qua:
1421 4604 1680 4663 geruntur
1721 4598 1789 4653 ab

222 4674 554 4732 hominibus.
586 4678 767 4733 Manes
791 4680 927 4734 dixit
957 4697 975 4735 :
1006 4681 1077 4736 Ita
1108 4684 1283 4751 plane.
1305 4686 1589 4743 Archelaus
1622 4690 1787 4743 dixit:

220 4763 279 4818 Si
315 4764 525 4821 fructus
558 4769 645 4823 isti
676 4779 824 4834 sunt,
873 4772 924 4825 id
969 4785 1074 4837 esr,
1120 4781 1273 4829 actus
1320 4776 1599 4831 hominum
1636 4781 1784 4844 mali,

220 4856 323 4925 ipsi
353 4876 482 4929 ergo
511 4860 756 4918 homines
788 4865 984 4919 radicis
1014 4866 1191 4919 locum
1224 4879 1385 4937 atque
1406 4872 1618 4928 arboris
1642 4875 1785 4928 obti-

215 4953 452 5019 nehunt;
504 4957 648 5023 ipsos
679 4958 821 5010 enim
860 4960 1223 5026 pronuntiasti
1254 4960 1467 5019 fructus
1505 4964 1645 5021 ferre
1687 4967 1785 5021 Im-

212 5041 540 5113 juscemodi.
581 5046 761 5102 Manes
793 5050 971 5103 dixit:
1003 5050 1077 5106 Ita
1105 5052 1247 5109 dico.
1286 5056 1572 5111 Archelaus
1599 5060 1735 5114 dixit
1766 5077 1784 5113 :

216 5133 353 5191 Male
384 5138 539 5203 dicis,
573 5139 645 5194 Ita
680 5140 835 5207 dico;
889 5158 995 5197 non
1045 5146 1188 5200 enim
1228 5148 1300 5201 ita
1348 5149 1505 5215 dicis,
1542 5153 1780 5222 alioquin

212 5244 339 5282 cum
380 5232 626 5288 homines
681 5238 1015 5292 cessaverint
1067 5255 1309 5308 peccare,
1358 5244 1519 5298 arbor
1566 5248 1783 5304 malitiae

214 5323 549 5382 infructuosa
580 5330 877 5398 apparebit.
906 5330 1086 5385 Manes
1113 5334 1249 5387 dixit
1279 5350 1297 5387 :
1328 5334 1663 5406 [inpossibile
1694 5350 1778 5396 est

286 5438 330 5469 "
367 5438 532 5496 Marc.
560 5458 641 5508 ιιι,
667 5442 757 5497 ‘27.
834 5444 880 5476 "
919 5443 1106 5500 Matth.
1135 5464 1232 5512 vn,
1271 5449 1356 5503 18.
1433 5452 1475 5483 ²¹
1511 5452 1646 5509 Ibid.
1688 5454 1771 5507 I6.

282 5553 395 5619 (86)
440 5554 620 5618 Forte,
651 5576 668 5607 ε
698 5572 1004 5614 sermonem
1035 5561 1326 5617 convertis.
1360 5580 1380 5615 ι

283 5624 396 5689 (δ’ῐ)
442 5625 619 5689 Forte,
653 5649 670 5677 ι
701 5630 903 5681 creatio
934 5631 1191 5684 hominis.
1225 5650 1242 5682 ι

284 5694 395 5765 (88)
436 5694 614 5749 Prima
650 5696 789 5752 facie
821 5699 907 5753 hic
932 5701 1082 5755 locus
1118 5702 1401 5757 videbatur
1430 5720 1550 5761 esse
1582 5720 1775 5761 eorru-

207 5773 357 5834 ptus,
385 5766 476 5821 sed
507 5767 717 5823 modica
751 5784 944 5825 vocum
970 5772 1389 5841 transpositione
1413 5775 1556 5834 clare
1583 5791 1795 5834 sensus.

1893 4580 2094 4635 utendo
2127 4597 2192 4636 ex
2223 4597 2288 4637 eo
2325 4598 2611 4652 perverse;
2652 4598 2814 4636 omne
2855 4591 3133 4652 peccatum
3167 4582 3370 4634 exstitit
3395 4596 3463 4635 ex

1890 4687 1999 4742 quo
2052 4673 2215 4728 homo
2262 4684 2363 4729 est.
2409 4674 2512 4728 Sed
2568 4690 2667 4729 nec
2695 4675 2781 4728 ille
2822 4673 3038 4742 quidem
3076 4674 3191 4743 ipse
3233 4689 3463 4744 magnus

1890 4780 2150 4835 serpens,
2218 4768 2393 4821 malus
2466 4776 2587 4821 ante
2645 4767 2918 4821 hominem
2992 4767 3121 4832 fuit;
3180 4768 3272 4820 sed
3338 4774 3461 4835 post

1890 4858 2199 4921 hominem,
2237 4861 2287 4913 in
2343 4875 2452 4931 quo
2486 4862 2704 4915 malitiae
2738 4877 2849 4916 sua:
2903 4861 3136 4915 ostendit
3194 4859 3453 4926 fructum,

1886 4951 2013 5019 quia
2044 4951 2157 5022 ipse
2183 4954 2371 5007 voluit.
2411 4953 2464 5008 Si
2493 4969 2621 5025 ergo
2656 4954 2813 5009 nobis
2843 4963 2961 5023 post
2995 4953 3266 5009 hominem
3290 4969 3455 5023 appa-

1889 5053 1968 5095 rt-t
2016 5043 2313 5099 secundum
2375 5044 2685 5116 Scripturas
2716 5047 2935 5101 malitiae
2988 5054 3167 5116 pater;
3222 5060 3453 5115 quomo-

1884 5132 1955 5187 do
1989 5135 2261 5204 ingenitus
2296 5138 2427 5203 erit,
2477 5140 2569 5205 qui
2617 5150 2737 5209 post
2784 5140 3055 5194 hominem
3098 5140 3191 5206 qui
3246 5139 3451 5195 factura

1884 5233 2004 5289 est,
2046 5228 2221 5281 malus
2261 5227 2485 5283 effectus
2539 5232 2657 5285 est?
2701 5229 2803 5284 Sed
2846 5246 2913 5285 ex
2948 5229 3180 5283 hominis
3215 5238 3454 5297 tempore

1886 5334 1913 5370 a
1948 5331 2007 5373 se
2037 5320 2201 5375 creati
2253 5321 2387 5392 (88),
2451 5339 2547 5378 cur
2601 5324 2777 5378 malus
2814 5322 3171 5377 ostendatur?
3226 5322 3365 5390 Quid
3397 5324 3450 5377 iu

1881 5568 2002 5635 ejus
2029 5569 2323 5640 constabit,
2358 5579 2415 5623 ut
2439 5571 2508 5623 sit
2540 5588 2553 5623 :
2580 5570 2671 5623 sed
2704 5584 2770 5625 ex
2808 5580 3051 5640 tempore
3111 5571 3313 5627 ominis
3338 5586 3368 5627 a
3391 5589 3449 5627 se

1881 5638 2069 5712 creati,
2098 5639 2203 5712 hoc
2227 5650 2333 5699 est.
2369 5656 2477 5712 quo
2511 5640 2782 5695 hominem
2815 5638 2935 5712 ipse
2955 5647 3176 5709 creavit,
3205 5658 3302 5697 cur
3334 5659 3451 5698 ma-

1882 5709 1964 5763 lus
1995 5710 2348 5767 ostendatur?
