3996 6208
535 349 560 402 1
572 349 671 404 859

1545 348 1732 403 ACTA
1769 347 2299 406 DlSPUTATlONlS
2339 351 2398 407 S.
2433 350 2780 406 ARCHELAI

3631 355 3761 411 ιιδο

529 485 596 525 eo
642 467 983 538 concupivit?
1028 468 1074 523 si
1110 483 1270 524 omne
1313 484 1512 539 corpus
1563 485 1677 524 suae
1715 469 1934 525 facturae
1963 481 2098 536 erat,
2129 485 2174 544 Α
2204 483 2436 541 persona
2471 469 2736 525 subsistit.
2783 467 2900 523 Non
2921 464 3065 523 enim
3105 477 3345 520 animam
3373 469 3608 528 dicimus
3637 474 3762 528 sub.

529 565 658 635 quid
686 564 892 619 zelatus
923 563 1042 618 est?
1067 563 1170 630 Qui
1195 565 1339 619 enim
1377 565 1583 618 zelatur
1614 575 1708 619 aut
1741 565 2099 634 concupiscit,

529 655 754 708 meliora
787 661 841 707 et
883 653 1056 708 aliena
1096 653 1452 724 concupiscit.
1489 653 1545 708 Si
1587 670 1716 725 ergo
1747 670 1811 709 ex
1839 670 1903 708 eo
1933 655 2100 708 homo

527 757 631 812 est,
666 746 807 800 mala
838 754 1052 813 natura,
1075 747 1486 802 demonstratur
1509 749 1784 817 quomodo
1811 763 1944 802 suus
1974 746 2096 811 fuit,

529 836 672 891 sicut
721 835 1032 906 frequenter
1077 838 1314 903 ostendi,
1349 837 1530 891 homo.
1565 836 1620 891 Si
1645 838 1786 891 enim
1821 855 1954 893 suus
1978 847 2100 892 erat

528 927 712 993 homo,
750 928 921 998 malus
949 935 1066 982 erat
1086 929 1249 982 etiam
1278 928 1412 998 ipse,
1439 939 1692 998 tanquam
1731 930 1854 984 talis
1884 931 2096 987 arboris

528 1017 736 1074 fructus
765 1038 779 1086 ;
811 996 949 1074 mala
973 1020 1117 1074 enim
1153 1021 1336 1087 arbor,
1368 1022 1508 1077 sicut
1535 1023 1636 1086 ais,
1670 1023 1842 1078 malos
1884 1023 2095 1079 fructus

525 1109 674 1166 facit.
711 1111 845 1165 Cum
872 1127 1061 1167 omnes
1087 1112 1230 1166 enim
1267 1113 1395 1167 mali
1424 1123 1625 1177 essent,
1656 1115 1785 1183 quid
1819 1115 2093 1170 desidera-

523 1201 620 1264 vit,
647 1208 742 1253 aut
770 1200 913 1254 unde
945 1201 1156 1256 initium
1209 1203 1428 1257 malitia:
1476 1205 1732 1269 ostendit,
1779 1206 1826 1260 si
1853 1221 1918 1259 ex
1955 1213 2090 1259 tem-

523 1305 654 1358 pore
679 1289 926 1359 plasmati
952 1292 1189 1349 hominis
1215 1294 1432 1349 malitia:
1460 1295 1578 1364 ejus
1603 1297 1766 1350 homo
1789 1313 1950 1351 causa
1976 1299 2094 1351 est?

523 1379 664 1451 Lege
702 1393 882 1436 autem
935 1399 999 1438 ac
1038 1395 1305 1455 przecepto
1355 1388 1458 1441 sibi
1488 1389 1637 1454 dato,
1681 1389 1843 1443 homo
1879 1399 2091 1459 poterat

521 1489 863 1544 nequaquam
900 1477 1273 1548 obtemperare
1314 1481 1551 1550 serpenti
1575 1492 1628 1536 et
1665 1481 1746 1536 his
1776 1497 1899 1552 qua:
1931 1482 1999 1536 ab
2025 1498 2090 1537 eo

518 1560 859 1629 dicebantur,
893 1566 979 1619 cui
1003 1566 1048 1620 si
1079 1583 1185 1620 non
1213 1569 1642 1639 obtemperasset
1671 1571 1856 1637 homo,
1889 1587 1995 1642 qua
2022 1589 2089 1626 ex

518 1667 681 1708 causa
714 1657 888 1712 malus
915 1657 1142 1714 fuisset?
1163 1660 1317 1726 Quod
1350 1662 1395 1716 si
1418 1662 1718 1733 ingenitum
1749 1673 1831 1718 est
1861 1665 2086 1730 malum,

515 1751 570 1796 et
596 1743 870 1812 quomodo
894 1746 1164 1803 interdum
1207 1751 1368 1805 homo
1423 1750 1614 1807 fortior
1657 1753 1754 1807 illo
1782 1753 2089 1809 invenitur?

2203 561 2417 616 stantia:
2459 561 2622 616 unius
2653 575 2773 615 esse
2797 574 2918 615 cum
2948 574 3198 630 corpore,
3223 561 3316 615 sed
3343 561 3544 617 habere
3569 579 3763 617 unum-

2201 652 2458 724 quodque
2495 653 2808 723 qualitatem
2858 667 3045 718 suam;
3081 660 3134 706 et
3188 661 3446 723 tanquam
3494 655 3561 708 ad
3597 671 3762 711 unum

2198 759 2370 815 genus
2391 756 2551 814 atque
2579 759 2742 799 unam
2767 743 2997 812 speciem
3023 743 3326 807 hominum,
3350 753 3469 798 uter
3489 761 3552 800 ac
3581 745 3762 802 vinum

2199 849 2567 908 comparatur,
2617 838 2692 891 ita
2722 837 2790 891 ab
2822 852 2928 890 uno
2959 835 3069 890 Deo
3098 835 3368 889 hominem
3396 837 3599 891 editum
3629 840 3762 894 ratio

2196 931 2403 999 expetit
2435 931 2721 985 veritatis:
2759 930 2954 1001 gaudet
3000 929 3144 982 enim
3191 928 3372 982 anima
3421 945 3669 999 corpore,
3708 943 3759 986 et

2195 1020 2437 1088 diligitet
2455 1019 2728 1074 colitillud
2750 1037 2764 1085 ;
2790 1016 3144 1072 nihilominus
3167 1017 3329 1070 etiam
3343 1033 3542 1088 corpus
3571 1021 3761 1090 gaudet

2195 1113 2264 1166 ab
2285 1111 2462 1166 anima
2495 1126 2553 1166 se
2586 1109 2938 1164 vivificatum.
2963 1107 3117 1173 Quod
3141 1108 3187 1161 si
3205 1107 3426 1178 maligni
3453 1124 3593 1178 Opus
3619 1111 3764 1168 dicat

2193 1217 2313 1256 esse
2359 1201 2482 1270 quis
2523 1214 2755 1269 corpus,
2797 1211 2918 1251 cum
2971 1197 3040 1250 sit
3085 1205 3139 1250 et
3184 1196 3534 1265 corruptibile
3573 1213 3640 1250 ac
3671 1212 3762 1252 reb

2197 1302 2402 1347 Iustum
2431 1301 2592 1361 atque
2624 1290 2999 1354 deterrimum,
3029 1301 3135 1340 non
3168 1296 3344 1356 potest
3371 1287 3514 1358 ferre
3537 1289 3760 1358 spiritus

2193 1387 2469 1448 virtutem,
2503 1398 2602 1438 nec
2637 1382 2834 1436 anima:
2879 1380 3302 1435 commotionem
3336 1388 3390 1434 et
3427 1380 3548 1450 ejus
3584 1381 3760 1451 Splen-

2190 1476 2529 1532 didissimam
2563 1483 2896 1533 creaturam.
2950 1473 3102 1528 Sicut
3130 1475 3273 1526 enim
3304 1473 3347 1527 si
3382 1484 3758 1527 assumentum

2189 1568 2354 1638 panni
2384 1569 2534 1623 rudis
2569 1579 2756 1622 assuat
2788 1569 2913 1636 quis
2943 1549 3263 1622 vestimento
3291 1566 3460 1622 veteri
3483 1567 3550 1631 ”,
3590 1568 3762 1636 major

2188 1659 2424 1714 scissura
2472 1658 2564 1726 fit;
2600 1658 2671 1712 ita
2703 1658 2866 1712 etiam
2894 1674 3114 1729 corpus,
3139 1657 3182 1712 si
3209 1657 3628 1727 praeclarissimo
3646 1673 3765 1727 ope-

2189 1751 2257 1816 ri,
2288 1751 2486 1805 animae
2529 1751 2856 1806 associatum
2903 1749 3086 1817 fuerit,
3119 1750 3377 1805 interiret.
3415 1749 3686 1806 Similiter
3712 1763 3764 1808 et

515 1832 908 1906 Obtemperans
958 1840 1102 1894 enim
1160 1842 1418 1897 mandato
1440 1843 1536 1899 Dei
1567 1844 1879 1916 frequenter
1907 1847 2086 1903 vincet
2117 1829 2158 1883 Β
2187 1843 2234 1898 si
2256 1842 2378 1913 quis
2409 1841 2605 1898 iitferat
2628 1843 2864 1898 lucerna:
2885 1842 3064 1897 lumen
3096 1844 3149 1896 in
3183 1843 3359 1897 locum
3384 1842 3761 1908 tenebrosum.

515 1943 731 1982 omnem
765 1931 984 1987 malitiae
1017 1933 1294 1996 radicem;
1347 1946 1401 1990 et
1450 1938 1738 1992 ridiculum
1762 1948 1866 2005 est,
1900 1941 1946 1996 si
1981 1943 2083 1997 iste

513 2021 607 2090 qui
638 2019 846 2077 factura
868 2034 970 2088 est,
1015 2025 1209 2080 fortior
1256 2027 1563 2082 inveniatur
1612 2033 1875 2101 ingenito.
1910 2033 2081 2104 Cujus

514 2123 692 2166 autem
717 2125 800 2169 est
836 2115 920 2170 lex
951 2126 1003 2170 et
1036 2119 1371 2184 mandatum,
1400 2121 1530 2174 illud
1559 2122 1706 2187 dico,
1732 2125 1875 2194 quod
1905 2126 2080 2180 homi-

513 2203 566 2258 ni
597 2203 784 2258 datum
819 2207 938 2262 est?
971 2208 1098 2262 Sine
1130 2209 1295 2264 duhio
1323 2212 1670 2268 confitebitur
1714 2213 1807 2269 Dei
1836 2232 1976 2273 esse.
2015 2217 2082 2274 Et

510 2299 786 2365 quomodo
829 2310 1005 2369 petest
1047 2301 1163 2356 dari
1215 2307 1298 2358 lex
1329 2305 1528 2373 alieno,
1579 2317 1674 2362 aut
1702 2307 1923 2364 inimico
1955 2311 2080 2381 quis

510 2400 686 2460 potest
709 2395 838 2448 dare
878 2397 1247 2464 praeceptum?
1275 2397 1383 2452 Aut
1423 2398 1511 2454 ille
1539 2399 1632 2470 qui
1657 2400 1851 2470 accipit
1873 2417 2076 2472 praece-

509 2495 684 2553 ptum,
729 2487 1005 2555 quomodo
1046 2498 1225 2558 potest
1269 2490 1531 2547 adversus
1557 2492 1854 2560 diabolum,
1891 2497 1942 2552 id
1972 2507 2075 2564 est,

510 2576 771 2631 adversus
796 2587 1093 2633 creatorem
1119 2597 1276 2636 suum
1299 2599 1557 2654 pugnare,
1577 2595 1834 2657 tanquam
1863 2589 1910 2645 si
1935 2590 2077 2645 filius

508 2665 668 2734 patri,
708 2681 833 2720 cum
867 2667 1252 2725 beneficiorum
1292 2672 1505 2728 debitor
1533 2676 1624 2741 sit,
1680 2676 1921 2748 irrogare
1951 2679 2078 2734 velit

508 2757 773 2827 injurias?
808 2758 882 2814 Ita
935 2761 988 2814 in
1019 2762 1118 2817 hac
1148 2773 1296 2833 parte
1336 2765 1679 2823 inutilitatem
1719 2767 1955 2826 hominis
1979 2772 2074 2826 de-

506 2854 712 2922 signas,
762 2854 809 2909 si
863 2870 956 2924 per
1008 2855 1176 2927 legem
1222 2867 1275 2912 et
1314 2859 1627 2916 mandatum
1659 2863 1920 2920 adversus
1949 2881 2074 2920 eum

505 2952 598 3021 qui
629 2952 1001 3022 plasmaverit,
1037 2955 1205 3022 dicat,
1240 2967 1402 3028 atque
1424 2974 1548 3014 eum
1579 2960 1796 3018 vincere
1826 2974 2070 3021 conetur.

507 3043 562 3100 ln
606 3055 814 3100 tantum
841 3049 985 3102 enim
1014 3049 1328 3105 stoliditatis
1360 3066 1708 3121 progressum
1741 3071 1862 3110 esse
1893 3057 2070 3126 ipsum

503 3136 780 3191 diabolum
831 3139 1164 3208 putabimus,
1197 3143 1338 3211 quod
1375 3143 1662 3198 adversum
1698 3161 1756 3200 se
1797 3147 2069 3203 hominem
2097 3168 2139 3226 ο

503 3227 698 3283 fecisse
734 3245 840 3284 non
890 3233 1143 3297 senserit,
1187 3249 1286 3287 nec
1318 3235 1906 3307 animadverteritquid
1933 3239 2072 3294 futu-

503 3335 625 3373 rum
670 3330 836 3386 esset,
888 3337 987 3376 nec
1034 3324 1330 3390 providerit
1371 3327 1502 3395 quid
1536 3329 1897 3397 sequebatur;
1945 3346 2067 3386 cum

501 3411 662 3466 etiam
696 3410 750 3466 in
783 3411 938 3466 nobis
967 3413 1058 3482 qui
1113 3413 1320 3470 factura
1375 3433 1586 3485 sumus,
1640 3418 1711 3473 sit
1758 3420 1938 3490 aliqua
1987 3423 2068 3477 vel

499 3517 664 3572 parva
693 3504 937 3570 scientia,
968 3505 1108 3561 inest
1139 3517 1193 3562 et
1223 3509 1422 3578 aliquid
1453 3511 1772 3580 prudentiae,
1800 3523 1855 3568 et
1883 3515 2070 3570 existi-

499 3596 756 3652 mationis
790 3613 1181 3671 nonnunquam
1211 3612 1394 3658 certae.
1426 3603 1494 3660 Et
1521 3605 1796 3676 quomodo
1828 3607 2068 3678 ingenito

498 3703 567 3742 ne
611 3689 867 3760 exiguum
901 3691 1118 3760 quidem
1158 3695 1514 3764 providentia:
1555 3697 1725 3754 fuisse
1772 3701 2064 3767 credimus,

500 3796 676 3851 neque
706 3782 1146 3852 existimationis,
1195 3795 1288 3842 aut
1318 3787 1657 3857 intellectus;
1689 3792 1782 3847 sed
1812 3793 2065 3848 brutissi-

495 3887 621 3928 mes
656 3889 852 3940 sensu,
885 3886 937 3930 et
971 3878 1306 3934 obtusissimi
1327 3881 1530 3945 cordis,
1566 3893 1618 3938 et
1655 3895 1861 3940 natura:
1901 3901 2062 3956 peco-

494 3967 572 4020 ris
593 3968 888 4033 invenitur,
913 3971 1212 4026 secundum
1232 3974 1586 4029 assertionem
1617 3977 1861 4032 videlicet
1884 3979 2063 4034 tuam?

493 4056 648 4126 Quod
693 4061 737 4115 si
763 4063 835 4116 ita
863 4076 965 4129 est,
1010 4065 1286 4132 quomodo
1330 4066 1494 4120 homo
1516 4068 1606 4137 qui
1651 4068 1866 4139 ingenio
1901 4081 2063 4142 atque

491 4152 721 4207 scientia
753 4170 858 4210 non
897 4171 1087 4224 parum
1134 4157 1319 4226 pollet,
1376 4160 1444 4212 ab
1476 4175 1541 4214 eo
1570 4161 1661 4230 qui
1693 4162 1914 4230 ignarus
1943 4180 2060 4217 oni-

490 4242 641 4300 nium
684 4254 846 4314 atque
892 4246 1058 4300 hebes
1090 4263 1254 4302 sensu
1293 4258 1396 4314 est,
1423 4251 1598 4318 potuit
1628 4255 1902 4322 accepisse
1930 4257 2061 4310 sub-

488 4335 780 4392 stantiam?
805 4336 1088 4403 Quomodo
1122 4340 1496 4410 hujuscemodi
1521 4348 1758 4399 auctoris
1780 4364 1916 4417 opus
1939 4365 2058 4404 esse

488 4426 762 4480 hominem
796 4430 1017 4483 audebit
1045 4431 1244 4502 aliquis
1288 4433 1568 4489 confiteri?
1613 4436 1768 4502 Quod
1804 4440 1849 4493 si
1891 4442 2055 4497 homo

483 4519 664 4573 anima
689 4527 848 4574 estet
881 4537 1098 4592 corpus,
1140 4534 1193 4579 ct
1227 4542 1332 4580 non
1373 4529 1548 4582 solum
1575 4546 1772 4601 corpus
1792 4534 1908 4589 sine
1932 4537 2052 4590 ειιιίο

483 4625 593 4678 ma,
631 4627 753 4680 qua:
786 4613 902 4668 sine
930 4631 987 4670 se
1018 4617 1316 4673 subsistere
1351 4638 1456 4675 non
1493 4636 1758 4692 possunt;
1796 4643 1964 4697 quare
1985 4646 2048 4685 ea

483 4701 701 4756 inimica
752 4705 970 4760 sibimet
1012 4709 1161 4763 dices
1201 4722 1253 4765 et
1301 4716 1612 4769 contraria?
1654 4715 1873 4773 Videtur
1901 4722 2046 4776 enim

479 4793 610 4848 mihi
646 4794 908 4853 Dominus
935 4809 1117 4854 uoster
1141 4799 1301 4856 .lesus
1324 4803 1573 4861 Christus
1601 4807 1667 4862 de
1713 4810 1798 4864 his
1843 4811 2048 4869 dixisse

477 4900 573 4953 per
601 4887 914 4955 parabolas:
947 4909 964 4940 ι
989 4889 1161 4945 Nemo
1189 4904 1362 4961 potest
1387 4901 1567 4951 vinum
1595 4914 1792 4954 novum
1817 4901 1868 4955 in
1899 4913 2046 4959 utres

473 4985 684 5033 veteres
708 4980 939 5048 mittere,
973 4983 1213 5054 alioquin
1236 4999 1558 5056 rumpentur
1588 5003 1758 5057 utres,
1781 5003 1836 5048 et
1864 4995 2048 5050 vinum

473 5081 779 5139 eflundetur
811 5085 877 5140 ”.
916 5104 935 5136 ι
991 5085 1094 5140 Sed
1130 5087 1315 5142 vinum
1348 5107 1544 5146 novum
1595 5094 1650 5148 in
1701 5104 1849 5151 utres
1877 5112 2049 5155 novos

471 5183 795 5238 mittendum
830 5192 933 5248 est,
958 5188 1218 5256 quoniam
1247 5188 1465 5258 quidem
1496 5192 1637 5247 idem
1673 5193 1938 5252 Dominus
1965 5211 2049 5255 est

471 5289 606 5343 utris
627 5299 679 5344 et
717 5290 846 5355 vini,
892 5306 1017 5346 nam
1062 5294 1162 5348 etsi
1206 5293 1420 5350 diversa
1476 5298 1781 5353 substantia
1820 5301 1910 5367 sit,
1952 5306 2044 5359 sed

466 5382 838 5444 dominatione
871 5400 923 5445 et
955 5393 1314 5449 observantiae
1353 5412 1452 5451 usu
1486 5414 1550 5452 ex
1587 5399 1671 5455 bis
1693 5401 1906 5459 duabus
1932 5422 2041 5464 una

535 5523 580 5555 “
600 5525 790 5584 Matth.
828 5546 902 5599 ix,
941 5533 1027 5590 l7.
1132 5537 1332 5594 "Ibid.
1368 5540 1455 5596 16.

1553 5543 1599 5575 "
1625 5542 1784 5602 lCor.
1834 5567 1932 5616 xii,
1976 5554 2058 5608 l8.

2186 1934 2440 2006 fugantur
2475 1937 2734 1990 continuo
2765 1937 3017 2003 tenebras,
3040 1951 3138 1991 nec
3161 1945 3455 2006 apparent;
3495 1936 3572 1990 ita
3603 1937 3763 1991 intel-

2185 2027 2456 2098 ligendum
2495 2037 2598 2092 est,
2629 2029 2805 2082 anima
2856 2028 3073 2098 corpori
3108 2029 3331 2092 inserta,
3379 2028 3648 2083 continuo
3686 2039 3765 2086 te-

2183 2120 2380 2175 nebras
2408 2119 2693 2192 eﬂ‘ugatas,
2743 2130 2799 2176 et
2847 2138 3011 2175 unam
3037 2121 3147 2192 jam
3176 2121 3416 2175 effectam
3449 2135 3575 2176 esse
3606 2131 3763 2176 natu-

2183 2224 2322 2275 ram,
2351 2219 2514 2279 atque
2549 2226 2714 2264 unum
2756 2211 3034 2265 hominem
3067 2212 3120 2265 ir.
3156 2227 3319 2266 unam
3354 2212 3593 2280 speciem
3630 2228 3762 2267 cono

2181 2301 2432 2355 stitutum
2463 2318 2476 2354 :
2509 2309 2562 2355 et
2596 2301 2668 2354 ita
2695 2303 2979 2357 conveniet
3019 2311 3378 2356 consonanter
3423 2302 3616 2357 vinum
3661 2320 3760 2357 no—

2179 2409 2305 2448 vum
2339 2411 2461 2449 esse
2507 2395 2736 2450 missum
2768 2396 2821 2450 in
2855 2409 3004 2451 utres
3040 2410 3234 2461 novos,
3279 2406 3331 2451 et
3374 2408 3756 2453 assunientum

2178 2486 2343 2556 panni
2389 2487 2542 2543 rudis
2589 2497 2832 2543 assutum
2870 2503 2979 2542 non
3019 2501 3139 2541 esse
3185 2487 3352 2540 veteri
3402 2488 3754 2543 vestimento.

2181 2573 2286 2629 Sed
2313 2590 2380 2629 ex
2417 2576 2521 2630 hoc
2554 2576 2838 2632 ostendere
2868 2591 3160 2646 possumus
3189 2577 3612 2630 consonantiam
3636 2593 3758 2634 esse

2178 2667 2441 2722 virtutum
2474 2668 2527 2722 in
2561 2679 2808 2739 utraque,
2844 2667 2894 2721 id
2923 2676 3027 2730 est,
3081 2669 3328 2736 corporis
3355 2682 3519 2736 atque
3556 2669 3757 2723 anima:

2178 2759 2501 2829 substantia,
2535 2761 2587 2814 in
2612 2775 2715 2830 qua
2733 2759 2808 2813 ait
2837 2757 3243 2829 Scripturarum
3272 2760 3464 2814 doctor
3478 2761 3758 2816 maximus

2177 2847 2398 2914 Paulus,
2434 2850 2600 2906 Deum
2660 2851 2713 2904 in
2762 2864 2990 2920 corpore
3019 2850 3087 2915 ”,
3135 2853 3276 2906 sicut
3317 2851 3510 2918 voluit,
3554 2868 3756 2906 unum-

2176 2941 2433 3012 quodque
2467 2941 2772 2995 membrum
2807 2939 3076 3010 posuisse.

2245 3026 2387 3082 XIX.
2430 3027 2586 3095 Quod
2623 3029 2668 3083 si
2704 3027 2800 3081 tibi
2837 3027 2890 3082 id
2921 3027 3136 3082 difficile
3184 3025 3399 3082 videtur
3447 3028 3748 3094 intellectu,

2174 3133 2275 3174 nec
2300 3119 2602 3188 acquiescis
2638 3119 2723 3174 his
2755 3119 2936 3185 dictis,
2972 3119 3162 3174 saltem
3196 3119 3461 3190 exemplis
3486 3120 3588 3174 tibi
3609 3119 3752 3176 aﬂ-

2175 3210 2356 3266 mabo.
2408 3210 2619 3266 Intuere
2667 3211 2942 3266 hominem
2986 3212 3243 3282 templum
3285 3227 3408 3266 esse
3443 3213 3749 3283 quoddam,

2171 3302 2312 3357 sicut
2341 3303 2602 3372 scriptum
2625 3311 2709 3357 est
2730 3304 2808 3370 ²³;
2837 3304 3063 3374 spiritus
3087 3313 3268 3358 autem
3290 3304 3382 3374 qui
3411 3305 3465 3358 in
3497 3305 3622 3376 ipso
3642 3316 3748 3370 est,

2171 3392 2369 3447 referat
2399 3397 2516 3463 ejus
2547 3393 2800 3461 formam,
2831 3397 2924 3466 qui
2955 3397 3220 3451 inhabitat
3244 3396 3542 3466 templum;
3575 3415 3752 3469 neque

2169 3499 2295 3556 ergo
2320 3485 2574 3556 templum
2598 3489 2855 3543 constitui
2884 3497 3080 3558 potest,
3116 3503 3223 3542 non
3250 3488 3433 3557 agnito
3467 3489 3626 3558 prius
3653 3491 3754 3544 ha-

2169 3577 2401 3632 bitatore
2453 3579 2664 3649 templi,
2711 3595 2890 3649 neque
2937 3579 3270 3634 inhabitator
3315 3579 3645 3649 collocatur,
3703 3583 3750 3637 si

2173 3670 2431 3739 templum
2463 3687 2568 3726 non
2608 3673 2679 3727 sit
2707 3683 3062 3727 exstructum.
3111 3673 3247 3727 Cum
3280 3687 3411 3744 ergo
3450 3685 3754 3746 utrumque

2169 3778 2276 3817 una
2308 3778 2371 3819 ac
2403 3765 2606 3834 pariter
2644 3766 2958 3831 dedicetur;
3008 3766 3283 3834 quomodo
3327 3766 3382 3820 in
3435 3767 3523 3822 his
3562 3769 3752 3822 inimi-

2165 3869 2290 3908 cum
2327 3855 2530 3928 aliquid
2564 3865 2660 3912 aut
2696 3858 3032 3913 contrarium
3066 3858 3293 3912 inveniri
3321 3869 3521 3928 potest,
3554 3868 3610 3914 et
3636 3877 3750 3914 non

2165 3947 2344 4016 potius
2373 3949 2442 4002 ab
2478 3948 2670 4004 amicis
2715 3958 2878 4018 atque
2920 3949 3063 4003 idem
3109 3950 3414 4004 volentibus
3447 3961 3752 4023 utrumque

2164 4036 2376 4091 videtur
2404 4037 2690 4093 effectum?
2718 4037 2784 4092 Et
2813 4047 2873 4092 ut
2918 4039 3084 4105 scias,
3121 4040 3378 4110 quoniam
3409 4049 3466 4094 et
3499 4043 3748 4096 amicitia

2162 4138 2216 4184 et
2247 4145 2444 4199 genere
2487 4131 2762 4201 conjuncti
2795 4141 2941 4198 sunt,
2972 4133 3067 4202 qui
3103 4135 3205 4188 scit
3245 4144 3297 4188 et
3343 4133 3543 4191 audit:
3585 4157 3604 4188 ‹
3640 4135 3749 4191 Fa-

2162 4220 2371 4276 ciamus
2395 4222 2692 4287 hominem,
2724 4242 2742 4274 ι
2773 4231 2827 4277 et
2854 4224 3084 4294 reliqua,
3120 4227 3418 4295 respondit.
3459 4227 3564 4284 Hic
3593 4229 3748 4285 enim

2161 4312 2252 4380 qui
2281 4312 2537 4382 templum
2573 4315 2804 4369 exstruit
2830 4315 2966 4385 (89),
3003 4316 3302 4387 interrogat
3330 4318 3485 4374 illum
3520 4323 3619 4390 qui
3657 4324 3746 4377 in-

2163 4402 2362 4458 format
2404 4405 2784 4473 simulacrum,
2837 4422 3232 4479 mensurasque
3259 4411 3421 4465 etiam
3460 4417 3752 4486 magnitu-

2083 4528 2130 4586 υ
2160 4493 2304 4550 dinis
2339 4510 2401 4550 ac
2447 4495 2751 4552 latitudinis
2787 4499 3168 4570 vastitatisque
3213 4503 3497 4572 perquirit,
3553 4517 3616 4562 ut
3669 4510 3749 4562 ita

2155 4585 2631 4641 fundamentorum
2678 4589 2852 4658 spatia
2907 4591 3209 4660 describat;
3266 4611 3442 4665 neque
3482 4599 3636 4652 enim
3689 4601 3746 4654 in

2154 4693 2355 4732 vanum
2387 4679 2510 4749 quis
2539 4681 2797 4750 templum
2827 4685 3079 4750 exstruit,
3112 4685 3218 4741 nisi
3245 4702 3532 4744 mensuras
3565 4693 3746 4745 collo-

2152 4771 2309 4825 candi
2352 4772 2606 4828 didicerit
2627 4775 2922 4830 simulacri.
2957 4776 3220 4834 Similiter
3249 4781 3412 4852 igitur
3454 4787 3745 4856 perquiri-

2154 4870 2242 4915 tur
2281 4863 2475 4919 modus
2514 4867 2758 4934 corporis
2791 4877 2952 4937 atque
2984 4886 3260 4940 mensura,
3305 4883 3365 4927 ut
3394 4880 3576 4944 possit
3609 4890 3744 4949 apte

2156 4950 2209 5004 in
2234 4967 2300 5006 eo
2323 4955 2504 5008 anima
2534 4956 2789 5010 collocari
2813 4961 2878 5012 ab
2906 4961 3113 5016 artiﬁce
3139 4963 3381 5017 omnium
3409 4963 3547 5020 Deo.
3572 4967 3742 5034 Quod

2155 5045 2199 5098 si
2228 5045 2376 5100 dicat
2411 5049 2535 5117 quis
2581 5050 2862 5106 inimicum
2912 5069 3034 5108 esse
3063 5071 3210 5119 eum,
3245 5057 3336 5127 qui
3369 5059 3741 5127 plasmaverit

2152 5148 2382 5206 corpus;
2433 5137 2575 5193 Deus
2618 5139 2730 5208 (90)
2777 5141 2870 5211 qui
2918 5153 3133 5199 creator
3187 5156 3270 5202 est
3311 5149 3511 5204 anima:
3569 5166 3736 5216 meae,

2151 5231 2427 5297 quomodo
2461 5247 2592 5297 non,
2619 5234 2746 5286 dum
2777 5234 2929 5288 alteri
2964 5235 3186 5306 invidet,
3218 5239 3443 5296 alterius
3471 5243 3624 5312 operi
3655 5245 3708 5296 ir

2150 5320 2360 5389 rogavit
2394 5322 2696 5390 infamiam,
2735 5336 2791 5379 ut
2817 5339 2909 5381 ant
2934 5327 3126 5398 illequ
3168 5332 3428 5401 templum
3463 5335 3730 5400 exstruit,

2149 5419 2440 5482 angustum
2468 5413 2652 5479 faciat,
2683 5418 2756 5471 ita
2792 5427 2850 5472 ut
2875 5435 3068 5491 capere
3093 5439 3200 5476 non
3231 5426 3408 5496 possit
3441 5429 3592 5499 quod
3610 5428 3732 5485 cole

2183 5558 2228 5586 ⁸⁵
2257 5559 2273 5608 l
2303 5557 2427 5612 Cor.
2470 5575 2549 5625 ιιι,
2579 5561 2676 5627 17;
2718 5561 2756 5615 ll
2785 5563 2910 5617 Cor.
2944 5583 3016 5634 vr,
3052 5566 3139 5622 16.

687 5714 1197 5812 ξρὶιςᾶἷιμείιρᾲοιιίιη
1225 5729 1316 5809 qui
1347 5731 1603 5812 templum
1630 5740 1880 5799 exstruit.
1916 5761 1934 5793 ι
1965 5740 2019 5796 In
2062 5743 2245 5800 codice
2277 5745 2420 5800 enim
2447 5758 2585 5812 erat,
2632 5768 2648 5799 ι
2677 5753 2931 5808 exstruis.
2966 5771 2986 5806 ι

537 5784 650 5858 (90)
691 5786 748 5844 In
773 5791 956 5846 codice
990 5784 1293 5866 Casinensi,
1335 5819 1354 5852 ι
1392 5784 1639 5859 De'unni
