3996 6208
257 349 390 407 Ιιϐί

1372 341 1517 400 CUM
1560 339 1845 395 MANETE
1885 336 2417 394 HERESIARCHA.

3359 328 3500 385 N63

253 466 504 525 locatur?
524 477 619 519 aut
641 465 728 519 ille
750 462 844 534 qui
873 464 1224 518 simulacrum
1249 462 1396 526 fecit,
1424 461 1699 532 quomodo
1722 474 1827 512 non
1861 465 1900 519 Α
1932 474 2094 527 quam
2115 457 2311 512 audeat
2331 455 2531 516 dicere,
2556 452 2699 523 quod
2722 452 2898 522 ipsum
2929 465 3031 505 nos
3057 449 3288 505 docebat
3308 463 3496 517 orare,

254 575 419 634 grave
464 557 667 627 aliquid
716 556 933 624 pertulit
976 564 1030 610 et
1076 556 1467 626 ponderosum,
1513 570 1622 624 quo
1658 554 1827 609 intro-

255 655 448 719 misso,
499 651 761 721 templum
810 650 1073 705 continuo
1125 650 1468 704 concideret?
1517 649 1828 703 Secundum

254 745 382 807 hoc,
435 741 583 813 quod
629 740 882 794 novimus
920 754 1042 795 esse
1080 738 1425 792 inimicorum
1462 736 1663 802 studia,
1697 750 1831 789 con-

256 834 580 904 templemur
610 832 745 896 hare,
780 831 825 886 si
867 846 974 885 non
1023 830 1095 883 ita
1143 844 1201 883 se
1249 828 1485 891 habent;
1520 827 1603 882 sin
1646 834 1826 879 autem

254 934 470 997 oportet
522 924 705 979 omnia
759 923 949 978 iisdem
1002 920 1295 986 mensuris,
1336 918 1527 973 eadem
1574 920 1828 988 arquitate

252 1018 493 1089 disponi,
529 1017 803 1085 similique
832 1014 1001 1086 gloria
1026 1014 1204 1070 elIcrri
1228 1030 1241 1079 ;
1268 1013 1400 1082 quid
1430 1012 1605 1066 adhuc
1634 1013 1699 1065 de
1726 1011 1830 1065 hoc

255 1108 891 1168 dubitamus?Addimus
923 1114 1155 1173 tantum,
1194 1106 1240 1160 si
1276 1106 1469 1175 placet,
1505 1105 1668 1159 etiam
1698 1104 1827 1157 illud

250 1203 560 1271 exemplum
598 1218 611 1254 :
647 1200 844 1255 similis
892 1199 1106 1253 videtur
1156 1214 1279 1253 esse
1324 1197 1487 1251 homo
1530 1197 1675 1259 navi,
1708 1213 1829 1266 quae

255 1295 523 1348 instructa
568 1290 635 1344 ab
678 1289 907 1354 artiﬁce,
957 1299 1119 1358 atque
1175 1289 1228 1341 in
1279 1302 1428 1342 mare
1460 1285 1690 1342 deducta
1721 1297 1825 1349 est,

254 1399 528 1458 quamque
550 1382 804 1453 navigare
825 1380 1158 1450 impossibile
1178 1390 1261 1435 est
1281 1380 1398 1435 sine
1420 1380 1825 1451 gubernaculis,

253 1480 455 1549 quibus
491 1476 602 1547 regi
638 1484 691 1529 et
720 1475 862 1530 ﬂecti
908 1473 1079 1543 possit
1126 1473 1178 1528 in
1208 1488 1545 1544 qumcunque
1584 1474 1699 1527 loca
1735 1488 1827 1527 vo-

254 1572 419 1626 luerit
460 1570 791 1641 gubernator
829 1567 969 1637 ejus.
1006 1567 1074 1622 Et
1115 1568 1244 1636 quia
1285 1567 1476 1621 eodem
1511 1565 1716 1621 artiﬁce
1746 1566 1827 1620 iu-

251 1663 435 1731 digeat
460 1674 658 1729 corpus
705 1658 1219 1728 gubernaculorum,
1251 1672 1360 1727 quo
1384 1666 1435 1711 et
1458 1656 1623 1711 totius
1648 1657 1823 1722 navis,

257 1753 393 1807 nulli
425 1751 652 1805 dubium
688 1758 808 1814 est;
850 1750 966 1804 sine
995 1749 1374 1820 gubernaculis
1404 1749 1547 1803 enim
1584 1750 1820 1805 otiosum

1934 566 2109 620 neque
2136 551 2279 604 enim
2310 546 2663 603 descenderat
2690 543 2871 608 Jesus,
2904 551 2964 598 ut
2989 544 3240 597 homines
3272 542 3498 611 conjun-

1931 654 2097 714 geret,
2143 652 2198 697 et
2246 639 2625 696 reconciliaret
2667 637 2901 699 Satanae,
2933 635 3064 705 quin
3100 635 3280 703 potius
3313 642 3497 688 conte-

1931 735 2157 789 rendum
2189 748 2313 787 eum
2349 731 2451 786 sub
2478 728 2704 799 pedibus
2734 726 2972 780 ﬁdelium
3000 740 3222 780 suorum
3258 723 3497 778 tradidit.

1933 826 2038 881 Sed
2092 842 2191 897 ego
2238 826 2505 879 beatiores
2555 822 2691 875 istos
2721 819 2898 874 dicam
2946 833 3068 873 esse
3108 817 3355 887 gentiles,
3403 815 3498 885 qui

1931 921 2133 974 multos
2179 921 2397 989 quidem
2432 917 2783 973 introducunt
2814 916 2967 979 deos,
3003 909 3288 967 unanimes
3317 918 3499 963 tamen

1931 1022 2095 1080 atque
2130 1011 2338 1066 amicos
2368 1027 2465 1065 eos
2492 1010 2845 1073 conﬁtentur;
2890 1006 2979 1061 hic
3005 1019 3134 1060 vero
3163 1003 3301 1057 duos
3328 1000 3500 1054 intro-

1928 1104 2153 1167 ducens,
2186 1102 2499 1158 inimicitias
2541 1101 2679 1155 inter
2712 1114 2807 1155 eos
2841 1096 3252 1165 discordemque
3280 1102 3498 1147 senten—

1930 1196 2057 1249 tiam
2086 1211 2191 1247 non
2223 1194 2495 1248 erubescit
2525 1201 2790 1246 astruere.
2818 1188 2971 1255 Quod
2997 1188 3041 1242 si
3070 1185 3355 1240 simulatos
3386 1180 3497 1252 (94)

1929 1286 2031 1342 sub
2056 1285 2431 1355 hujuscemodi
2453 1285 2764 1339 conditione
2791 1278 3194 1334 introducerent
3212 1275 3324 1344 (95)
3345 1275 3496 1335 deos,

1928 1382 2113 1435 ludum
2134 1380 2247 1450 jam
2275 1378 2658 1449 gladiatorium
2688 1378 2828 1429 inter
2853 1388 2949 1428 eos
2970 1380 3085 1426 erat
3110 1370 3313 1435 videre,
3345 1366 3498 1421 innu-

1927 1488 2107 1530 meras
2138 1472 2398 1525 habentes
2425 1480 2648 1523 naturas
2674 1465 3027 1533 diversasque
3053 1460 3369 1526 sententias.

2000 1565 2143 1619 XXI.
2184 1562 2303 1617 Jam
2353 1576 2480 1615 vero
2515 1561 2582 1614 de
2618 1556 2875 1611 interiore
2915 1565 3077 1624 atque
3102 1550 3371 1607 exteriore
3400 1548 3497 1603 ho—

1928 1659 2076 1713 mine
2122 1656 2251 1726 quid
2300 1670 2387 1708 me
2416 1665 2637 1707 necesse
2669 1658 2755 1704 est
2788 1649 2987 1713 dicere,
3033 1661 3157 1700 cum
3200 1642 3496 1702 Salvatoris

1930 1765 2062 1804 voce
2094 1749 2307 1804 dicatur
2345 1746 2411 1800 ad
2450 1760 2544 1799 eos
2584 1743 2675 1812 qui
2727 1740 2992 1796 camelum
3033 1736 3267 1808 glutiunt
3313 1744 3367 1788 et
3400 1733 3496 1788 de-

254 1844 361 1899 erit
402 1858 563 1897 omne
606 1843 758 1897 navis
784 1857 942 1911 opus,
976 1855 1176 1909 corpus
1204 1840 1332 1893 illud
1368 1841 1714 1895 immensum.
1746 1839 1821 1893 lta
1859 1836 1896 1889 Β
1928 1841 2059 1895 foris
2099 1840 2394 1912 hypocritte
2418 1845 2567 1898 sunt,
2597 1834 2978 1890 blandimentis
3006 1841 3167 1900 atque
3187 1827 3497 1884 adulatione

253 1950 387 2005 ergo
425 1934 662 1988 animam
715 1931 960 2002 corporis
1010 1930 1375 1999 gubernacula
1420 1930 1686 1997 dicimus;
1739 1946 1825 1986 re-

255 2038 457 2097 guntur
496 2036 677 2080 autem
723 2035 952 2094 utraque
998 2024 1205 2077 arbitrii
1251 2032 1413 2093 atque
1442 2022 1639 2076 animze
1668 2023 1829 2077 liber-

257 2130 384 2182 tate,
414 2134 524 2189 quo
553 2117 697 2172 velut
742 2117 1103 2187 gubernatore
1148 2115 1390 2182 utimur;
1422 2130 1544 2186 qua:
1567 2130 1689 2170 cum
1730 2130 1824 2183 per

254 2210 697 2278 conjunctionem
753 2208 865 2277 (9f)
925 2222 1097 2261 unum
1150 2206 1361 2269 effecta,
1413 2207 1822 2261 consonantiam

254 2300 415 2359 nﬁieii
464 2300 549 2354 sui
587 2299 869 2352 continent
893 2298 957 2351 ad
987 2311 1148 2351 omne
1180 2311 1337 2365 opus,
1365 2297 1727 2367 quodcunque
1760 2314 1825 2351 ex

255 2388 565 2459 semetipsis
594 2387 853 2453 efﬁciunt,
887 2387 983 2441 uni
1020 2387 1233 2441 auctori
1274 2395 1328 2440 et
1364 2386 1629 2440 conditori
1674 2396 1825 2441 test.-

258 2480 497 2535 monium
530 2479 734 2534 ferunt.

325 2570 445 2626 XX.
488 2570 584 2625 His
608 2569 832 2636 auditis,
863 2568 1035 2624 turbae
1057 2582 1177 2639 qua:
1207 2568 1453 2635 aderant,
1478 2568 1827 2624 vehementer

256 2664 454 2733 gavisa:
487 2670 636 2727 sunt,
672 2660 744 2714 ita
775 2668 834 2713 ut
884 2673 1020 2728 pene
1067 2673 1261 2713 manus
1311 2658 1595 2729 injicerent
1637 2660 1688 2713 in
1715 2659 1826 2713 Ma-

258 2772 402 2820 nem,
444 2771 583 2826 quos
636 2754 724 2809 vix
774 2752 1072 2807 Archelaus
1119 2752 1381 2806 cohibens
1415 2762 1468 2807 et
1502 2753 1821 2823 reprimens,

256 2849 645 2917 conquiescere
697 2846 843 2902 fecit.
894 2846 1114 2899 Iudices
1156 2846 1453 2899 dixerunt:
1486 2844 1826 2902 Sullicienter

255 2940 491 2996 ostendit
537 2940 836 2994 Archelaus
890 2938 1129 2993 hominis
1181 2946 1237 2992 et
1289 2952 1489 3008 corpus
1516 2938 1823 2993 etanimam

258 3035 419 3089 unius
451 3049 572 3087 esse
603 3032 844 3095 factoris,
883 3047 948 3086 eo
983 3032 1127 3101 quod
1172 3046 1475 3086 consonare
1507 3035 1558 3083 in
1591 3030 1822 3100 conjun-

255 3126 433 3181 ctione
470 3140 577 3178 non
620 3124 791 3194 possit
820 3138 957 3193 opus
987 3123 1169 3188 unius,
1204 3123 1249 3175 si
1284 3122 1619 3191 propositum
1655 3123 1824 3176 artiﬁ-

254 3220 333 3272 cis
366 3232 395 3270 a
428 3231 487 3271 se
523 3216 834 3270 dissentiret
877 3214 1121 3269 alterius.
1158 3214 1309 3279 Quod
1342 3215 1385 3267 si
1412 3214 1624 3269 dicatur
1651 3231 1818 3269 unum

252 3309 525 3377 explicare
549 3317 840 3377 utrumque
872 3307 1097 3360 minime
1147 3308 1403 3374 valuisse,
1450 3308 1818 3362 inﬁrmitatem

253 3398 763 3461 ostenditartiﬁcis;
791 3399 919 3467 quia
949 3407 1003 3451 et
1032 3398 1077 3453 si
1102 3399 1244 3452 dicat
1273 3400 1397 3469 quis
1429 3400 1669 3453 animam
1694 3400 1819 3453 boui

254 3494 348 3547 Dei
374 3508 513 3557 esse,
539 3493 773 3546 otiosum
801 3506 937 3560 Opus
969 3491 1241 3545 invenitur
1266 3492 1503 3546 hominis
1526 3492 1631 3547 nisi
1658 3493 1819 3545 etiam

252 3599 453 3654 corpus
485 3584 771 3653 acceperit.
812 3583 965 3649 Quod
995 3582 1042 3636 si
1076 3598 1294 3636 rursum
1327 3596 1526 3651 corpus
1569 3582 1697 3636 mali
1728 3581 1819 3635 Dei

252 3677 467 3733 dicatur
498 3692 620 3731 esse
661 3676 1001 3745 ﬁgmentum,
1037 3676 1272 3729 otiosum
1305 3673 1658 3727 nihilominus
1694 3674 1817 3737 erit,

255 3770 301 3823 si
345 3769 585 3823 animam
635 3784 743 3821 non
794 3767 1063 3836 acceperit
1099 3785 1112 3820 :
1143 3782 1264 3835 quae
1297 3767 1482 3835 utique
1525 3766 1626 3819 nisi
1673 3782 1822 3819 com-

254 3862 508 3916 mistione
538 3873 699 3929 atque
729 3859 830 3913 sibi
867 3859 1093 3913 invicem
1133 3858 1297 3913 fuerit
1324 3860 1523 3912 inserta
1553 3874 1675 3911 cum
1700 3871 1822 3912 cor-

252 3970 402 4025 pore,
428 3955 593 4007 homo
616 3968 710 4005 nec
732 3952 853 4013 erit,
888 3966 985 4004 nec
1005 3951 1234 4005 dicetur.
1267 3948 1415 4003 Unde
1446 3949 1629 4003 multis
1647 3965 1822 4004 exem-

253 4046 355 4116 plis
397 4044 715 4114 approbavit
760 4042 1079 4108 Archelaus,
1134 4043 1303 4097 totius
1362 4042 1596 4097 hominis
1652 4058 1819 4095 unum

250 4146 413 4205 atque
466 4134 714 4188 eumdem
774 4150 895 4190 esse
949 4134 1230 4190 factorem.
1290 4132 1574 4187 Archelaus
1637 4135 1819 4188 dixit:

253 4229 407 4283 Scire
437 4235 489 4282 te
522 4243 628 4281 non
664 4228 875 4292 dubito,
908 4226 1115 4290 Manes,
1161 4226 1285 4292 hoc,
1337 4225 1478 4296 quod
1512 4226 1820 4297 generautis

170 4382 173 4385 ἰ
250 4321 601 4375 autcreantis
630 4320 772 4375 ﬁlius
806 4320 1003 4374 dicitur
1025 4320 1133 4381 ille,
1166 4320 1257 4390 qui
1289 4328 1448 4373 natus
1477 4328 1636 4373 estet
1665 4335 1820 4373 crea-

251 4421 339 4465 tus
370 4412 503 4481 (99.).
559 4411 712 4477 Quod
763 4411 809 4466 si
854 4411 1119 4482 malignus
1150 4412 1423 4465 hominem
1455 4411 1629 4474 ﬁnxit,
1668 4421 1821 4481 pater

248 4504 369 4574 ejus
396 4519 515 4558 esse
540 4504 697 4558 debet
725 4504 1023 4559 secundum
1058 4512 1329 4557 naturam.
1367 4502 1432 4556 Et
1460 4504 1547 4557 cui
1581 4520 1708 4573 ergo
1736 4505 1817 4558 di-

1928 1932 2274 1998 circttrndali,
2308 1932 2373 1985 ad
2409 1946 2547 2000 quos
2577 1928 2739 1984 Jesus
2769 1929 2845 1983 ait
2877 1946 2890 1981 :
2930 1946 2947 1976 ι
2984 1923 3071 1978 Vae
3097 1922 3253 1977 vobis
3293 1918 3499 1974 Scriba

1927 2035 1980 2079 et
2010 2024 2267 2079 Phariszei
2298 2023 2588 2093 hypocrita:
2614 2040 2629 2088 ;
2662 2036 2853 2090 quare,
2878 2018 3022 2088 quod
3061 2014 3264 2070 deforis
3292 2020 3377 2067 est
3408 2026 3499 2065 ca-

1930 2116 2050 2178 tini,
2083 2124 2137 2169 et
2174 2115 2360 2170 calicis
2405 2113 2640 2177 lavatis;
2675 2112 2824 2182 quod
2864 2120 3042 2164 autem
3081 2109 3228 2162 intus
3259 2116 3363 2169 est,
3390 2103 3495 2157 im-

1928 2207 2193 2262 munditia
2247 2207 2463 2277 plenum
2507 2206 2627 2260 est?
2652 2206 2759 2258 Aut
2792 2204 3031 2265 nescitis,
3068 2202 3193 2271 quia
3228 2198 3319 2269 qui
3349 2196 3495 2261 fecit,

1927 2300 2069 2369 quod
2098 2299 2230 2353 foris
2258 2308 2360 2361 est,
2386 2306 2440 2352 et
2476 2296 2620 2367 quod
2649 2296 2715 2350 de
2743 2296 2889 2350 intus
2916 2304 3018 2360 est,
3055 2291 3278 2348 fecit”?
3304 2309 3321 2341 ι
3352 2288 3498 2345 Nun-

1930 2390 2059 2459 quid
2091 2390 2158 2444 de
2190 2390 2393 2454 catino,
2440 2397 2492 2444 et
2532 2387 2599 2442 de
2643 2388 2810 2443 calice
2858 2386 3213 2458 loquebatur"
3242 2380 3497 2453 Nunquid

1927 2481 2205 2536 vitriarius
2237 2492 2353 2535 erat
2385 2482 2478 2550 qui
2507 2482 2619 2536 haec
2643 2481 2876 2547 diccbat,
2906 2490 2999 2533 aut
3033 2478 3250 2549 ﬁgulus,
3278 2493 3345 2529 ex
3383 2476 3498 2530 luto

1927 2575 2136 2644 ﬁngens
2172 2575 2334 2630 vasa?
2357 2573 2548 2629 Nonne
2577 2576 2642 2629 de
2666 2589 2895 2642 corpore
2937 2583 3101 2642 atque
3151 2570 3332 2625 anima
3382 2568 3499 2625 evia

1930 2668 2250 2725 dentissime
2284 2668 2647 2737 loquebatur?
2675 2666 2944 2733 Quoniam
2984 2664 3202 2735 quidem
3235 2660 3496 2717 Pharisaﬁ

1927 2759 2070 2813 aneti
2099 2769 2152 2813 et
2185 2760 2374 2813 cimini
2416 2759 2657 2813 decimas
2683 2765 3059 2828 exspectantes
3082 2756 3149 2821 ³ο,
3185 2770 3306 2824 (λικε
3341 2764 3497 2808 erant

1926 2851 2175 2921 graviora
2208 2852 2341 2923 legis
2368 2851 2767 2921 relinquebant,
2804 2859 2859 2905 et
2894 2850 2977 2903 his
3003 2847 3113 2919 (96)
3145 2862 3266 2917 quae
3290 2846 3498 2903 extrin-

1927 2960 2087 2998 secus
2137 2956 2294 2998 erant
2337 2943 2658 2997 adhibentes
2686 2942 3043 3011 diligentiam,
3078 2940 3497 2995 contemnebant

1924 3051 1988 3089 ea
2029 3051 2150 3105 qua:
2193 3036 2259 3089 ad
2301 3035 2527 3088 salutem
2573 3034 2769 3087 anima:
2813 3033 3181 3102 pertinebant;
3213 3041 3494 3101 exspecta-

1927 3128 2054 3182 bant
2086 3128 2249 3182 etiam
2284 3127 2638 3181 salutationes
2666 3126 2717 3179 in
2755 3126 2871 3180 foro
2891 3127 2956 3189 Μ,
2988 3137 3041 3180 et
3069 3126 3275 3196 primos
3304 3126 3492 3180 discu-

1849 3190 1892 3250 C
1924 3219 2069 3275 bitus
2124 3221 2178 3273 in
2225 3219 2420 3284 C(Bnis,
2470 3233 2610 3287 quos
2662 3218 2840 3273 sciens
2892 3190 3155 3272 Dominus
3195 3218 3306 3288 (97)
3333 3216 3492 3274 Jesus

1922 3310 2161 3380 perditos
2187 3324 2330 3372 esse,
2367 3307 2583 3361 dicebat
2612 3307 2712 3369 eis,
2743 3307 2871 3376 quia
2902 3307 2987 3362 his
3021 3307 3151 3361 solis
3183 3307 3346 3361 rebus
3370 3322 3493 3377 qua:

1921 3400 2121 3457 deforis
2170 3410 2350 3467 erant,
2401 3400 2722 3455 adhiberent
2766 3399 3118 3470 diligentiam,
3166 3409 3219 3454 et
3260 3414 3324 3453 ea
3371 3414 3494 3469 qua:

1922 3494 2254 3549 intrinsecus
2284 3502 2441 3547 erant
2478 3500 2892 3545 contemnerent
2926 3491 3070 3545 velut
3104 3491 3301 3549 aliena.
3340 3490 3495 3562 igno-

1922 3598 2103 3642 rantes
2150 3588 2410 3657 quoniam
2463 3588 2556 3656 qui
2597 3600 2797 3656 corpus
2840 3585 3061 3650 fecerat,
3097 3583 3211 3653 ipse
3260 3583 3391 3639 fecit
3440 3593 3494 3639 et

1922 3678 2180 3733 animam.
2216 3677 2280 3731 Et
2312 3678 2435 3747 quis
2464 3679 2537 3731 ita
2570 3678 2812 3747 lapideus
2843 3684 2925 3731 est
2950 3686 3002 3730 et
3024 3675 3272 3739 stolidus,
3304 3684 3493 3729 utnon

1924 3772 1989 3825 ad
2021 3770 2205 3825 omnia
2240 3770 2289 3824 ei
2319 3770 2422 3823 iste
2455 3784 2638 3823 sermo
2672 3768 2936 3823 sufﬁciat?
2969 3766 3067 3821 Cui
3100 3767 3337 3821 sermoni
3362 3782 3494 3821 con-

1923 3877 2127 3918 sonans
2156 3860 2359 3916 Paulus
2390 3862 2485 3926 ait,
2519 3861 2883 3929 interpretans
2909 3875 2971 3912 ea
2998 3876 3120 3928 quae
3144 3859 3195 3911 in
3221 3860 3335 3929 lege
3357 3859 3494 3913 scri-

1922 3964 2012 4024 pta
2046 3961 2196 4019 sunt,
2238 3954 2343 4007 hoc
2369 3953 2531 4006 modo
2562 3971 2573 4005 :
2608 3970 2625 4001 α
2662 3950 2780 4005 Νοη
2810 3951 3109 4006 infrenabis
3142 3966 3205 4005 os
3237 3951 3360 4005 bovi
3390 3952 3491 4003 tri-

1923 4046 2145 4102 turanti.
2187 4044 2441 4116 Nunquid
2469 4046 2537 4100 de
2567 4045 2742 4099 bobus
2778 4060 2910 4098 cura
2938 4053 3024 4099 est
3050 4043 3197 4099 Deo?
3224 4044 3333 4099 Aut
3366 4059 3492 4114 pro—

1919 4149 2037 4210 pter
2064 4155 2163 4195 nos
2188 4139 2298 4210 (98)
2320 4139 2506 4208 utique
2537 4138 2670 4193 dicit
2689 4136 2772 4191 "‘2
2796 4157 2815 4190 ι
2848 4135 2952 4192 Sed
2983 4136 3113 4207 quid
3137 4116 3492 4193 immorantur

1922 4231 2189 4286 ulterius?
2209 4230 2462 4301 adjiciam
2498 4241 2676 4285 tamen
2708 4244 2882 4300 pauca
2906 4228 2973 4283 de
2997 4228 3263 4298 pluribus.
3296 4226 3351 4281 Si
3384 4224 3495 4283 duo

1921 4335 2048 4382 sunt
2072 4324 2312 4395 ingenita
2338 4333 2391 4378 et
2414 4323 2499 4379 his
2530 4324 2646 4379 loca
2670 4334 2812 4378 certa
2844 4322 3208 4387 decernimus,
3231 4320 3494 4376 dividitur

1920 4418 2083 4481 Deus,
2119 4416 2165 4471 si
2198 4417 2339 4471 intra
2367 4425 2575 4471 certum
2608 4416 2789 4470 locum
2822 4425 2906 4470 est
2936 4424 2991 4470 et
3019 4431 3125 4469 non
3157 4414 3358 4484 ubique
3385 4412 3493 4469 dif-

1924 4508 2187 4573 funditur,
2229 4518 2283 4562 et
2309 4509 2409 4562 erit
2442 4508 2612 4563 multo
2634 4508 2859 4562 inferior
2884 4508 3005 4563 loco
3028 4509 3080 4561 in
3103 4522 3214 4578 quo
3247 4516 3331 4563 est
3354 4506 3493 4578 (ma-

246 4598 404 4652 cebat
438 4596 700 4651 Dominus
727 4596 907 4664 Jesus,
934 4596 1134 4651 docens
1164 4612 1320 4650 orare
1349 4595 1600 4649 [nomines
1628 4614 1641 4650 :
1678 4614 1696 4647 ι
1726 4598 1817 4653 Sic
1852 4595 1889 4607 “’
1915 4601 2006 4670 jus
2033 4601 2144 4670 (99)
2186 4603 2333 4654 enim
2362 4600 2506 4670 quod
2536 4600 2782 4654 continet
2814 4615 3027 4669 semper
3064 4614 3129 4654 eo
3164 4616 3327 4669 quem
3360 4614 3491 4654 con-

246 4690 409 4744 dicite
432 4706 554 4743 cum
580 4690 749 4743 oratis
784 4708 795 4743 :
825 4690 981 4743 Pater
1014 4697 1219 4754 noster,
1247 4690 1338 4757 qui
1365 4704 1423 4742 es
1455 4688 1509 4741 in
1540 4688 1811 4742 cmlis'h

246 4776 312 4831 Et
338 4779 533 4834 iterum
562 4797 574 4831 :
610 4798 626 4829 ι
652 4777 813 4831 Orate
842 4776 1052 4832 Patrem
1083 4788 1320 4831 vestrum
1350 4777 1487 4846 (95),
1526 4777 1620 4846 qui
1651 4788 1733 4832 est
1761 4779 1815 4832 iu

244 4870 460 4923 occulto
482 4872 547 4924 ’⁷.
580 4890 597 4921 ι
636 4870 708 4925 De
738 4870 935 4924 Satana
963 4878 1141 4925 autem
1178 4870 1313 4924 dixit
1337 4870 1537 4925 vidisse
1568 4884 1625 4925 se
1651 4886 1773 4925 eum
1802 4891 1814 4926 :

249 4983 269 5015 ι
305 4960 455 5017 Sicut
494 4962 671 5033 fulgur
711 4965 990 5018 cadentem
1023 4963 1089 5017 de
1132 4964 1359 5029 ccelo",
1399 4982 1418 5015 ι
1458 4963 1534 5018 uti
1569 4980 1634 5019 ne
1661 4964 1816 5034 quis-

342 5081 389 5113 "
430 5080 615 5135 Matth.
658 5100 731 5147 vr,
777 5084 837 5147 9;
899 5083 1024 5138 Luc.
1060 5101 1133 5145 χι,
1163 5084 1216 5137 9.
1354 5086 1397 5116 ’⁷
1440 5084 1625 5142 Matth.
1652 5103 1725 5149 VI,
1762 5086 1814 5143 6.

244 5152 291 5183 ”
324 5150 454 5207 Luc.
489 5169 564 5219 χι,
602 5154 691 5208 48.
792 5156 831 5184 ²¹
862 5153 990 5208 Luc.
1037 5172 1127 5220 xx,
1179 5156 1281 5220 lli;
1312 5155 1500 5210 lllatth.

279 5294 429 5417 t_(9l)
469 5294 525 5349 ln
553 5296 737 5351 codice
765 5296 1049 5353 Casinensi
1089 5308 1190 5363 est,
1230 5319 1247 5350 ι
1281 5316 1402 5367 qua:
1429 5317 1551 5356 cum
1581 5304 1811 5374 conjun-

306 5380 503 5417 lOHCﬂ].
538 5387 555 5417 I

239 5380 503 5419 CllOllCﬂ].
538 5387 555 5419 ι

472 5435 525 5517 in
550 5438 737 5517 eodem
763 5437 947 5517 codice
973 5441 1187 5509 legitur,
1213 5462 1230 5493 ι
1256 5453 1413 5517 natus
1436 5455 1518 5499 est
1538 5454 1772 5500 creatus.
1789 5465 1807 5497 ι

316 5506 429 5573 (95)
470 5506 659 5580 Melius
717 5510 771 5564 in
825 5506 1070 5580 Vulgata,
1129 5531 1146 5563 ι
1185 5530 1279 5567 ora
1316 5514 1527 5569 Patrem
1570 5526 1721 5570 tuum
1757 5516 1812 5569 in

241 5575 581 5631 abscondito.
615 5600 631 5631 ι

468 5647 525 5727 ξι]
559 5650 744 5727 codice
768 5649 1071 5727 Casincn’s‘i,
1110 5670 1128 5703 ‹
1163 5654 1306 5721 quod
1333 5655 1637 5727 simulatos.
1681 5675 1698 5707 ι

466 5714 544 5797 ln_
578 5718 861 5797 Casinensi
913 5714 1098 5797 codice
1150 5714 1252 5797 est,
1306 5742 1324 5775 ε
1370 5726 1753 5780 introduceret.
1788 5747 1805 5778 ι

245 5780 355 5839 Sed
388 5780 475 5843 hic
514 5788 582 5846 de
614 5792 900 5861 gentilibus
950 5793 1094 5863 loqui
1132 5780 1308 5863 palam
1344 5806 1427 5849 est
1463 5812 1474 5847 ι
1519 5813 1687 5869 quare
1736 5798 1811 5854 le-

1921 4694 2100 4760 tinet),
2130 4701 2184 4747 et
2207 4692 2438 4747 eﬁicitur
2460 4692 2606 4748 Deus
2629 4693 2747 4763 ejus
2779 4693 3190 4763 magnitudinis,
3217 4694 3377 4763 cujus
3407 4703 3491 4747 est

1918 4784 2071 4837 locus
2100 4782 2153 4835 in
2177 4798 2285 4852 quo
2310 4783 2640 4849 continetur,
2669 4783 2809 4839 sicut
2840 4783 3022 4849 homo,
3047 4783 3093 4838 si
3116 4784 3186 4837 sit
3218 4782 3273 4837 in
3302 4782 3485 4837 domo.

1920 4873 2124 4930 Deinde
2154 4875 2294 4928 ratio
2330 4876 2579 4945 requirit,
2605 4876 2732 4947 quis
2759 4887 2863 4944 est,
2887 4878 2981 4949 qui
3007 4878 3147 4932 inter
3171 4894 3267 4933 eos
3290 4878 3492 4934 divise-

1921 4967 2011 5033 rit,
2052 4968 2293 5038 autquis
2319 4969 2399 5023 eis
2426 4980 2607 5025 certos
2646 4972 2910 5026 terminos
2954 4971 3233 5036 statuerit;
3261 4980 3315 5027 et
3343 4972 3493 5027 inve-

1941 5087 2140 5143 "Luc.
2204 5106 2257 5145 x.
2288 5088 2374 5144 l8.
2471 5090 2516 5120 "
2542 5088 2731 5148 Matth.
2784 5107 2939 5156 χχιιι,
2986 5091 3090 5157 26;
3147 5090 3357 5157 Lucan,
3398 5089 3488 5147 39.

1613 5175 1767 5224 χχιιι,
1797 5161 1862 5226 6;
1899 5158 2062 5216 Marc.
2097 5176 2194 5228 xu,
2217 5161 2306 5215 58.
2383 5160 2469 5215 ιιι
2505 5161 2631 5217 Cor.
2663 5179 2739 5227 Ix,
2772 5163 2825 5217 9.

1920 5306 2175 5376 gendum,
2211 5325 2229 5357 ι
2264 5305 2691 5363 introducerent.
2728 5327 2747 5361 ι

1992 5378 2103 5447 (96)
2146 5377 2200 5447 lu
2230 5378 2421 5432 eodem
2455 5380 2661 5441 codice,
2694 5397 2712 5429 ι
2742 5394 2806 5432 ex
2839 5378 2945 5433 his.
2985 5396 3006 5428 ι

1993 5447 2106 5516 (97)
2150 5446 2247 5519 llic
2296 5448 2431 5519 mire
2464 5449 2788 5517 depravatus
2817 5457 2901 5503 est
2943 5447 3113 5502 codex
3153 5449 3490 5519 Casinensis,

1920 5515 2249 5589 legitenim,
2288 5537 2305 5568 ι
2344 5515 2551 5589 primos
2593 5520 2887 5589 discipulos
2939 5520 3153 5573 subitos
3195 5522 3247 5575 En
3289 5515 3489 5589 omnis,

1921 5588 2067 5668 quod
2100 5587 2334 5667 scientes
2364 5588 2645 5643 Dominus.
2681 5609 2699 5641 ι
2738 5588 2848 5645 Nos
2880 5606 3009 5647 eum
3036 5608 3097 5647 ex
3143 5606 3302 5647 sacro
3342 5587 3503 5649 textu.

1918 5668 2286 5712 restituimus.

2143 5728 2345 5803 Melius
2366 5729 2613 5800 Vulgata,
2647 5749 2665 5782 α
2698 5748 2765 5785 an
2798 5746 3015 5803 propter
3046 5751 3165 5790 nos.
3204 5754 3223 5787 ι

1988 5798 2101 5871 (99)
2142 5798 2196 5852 ln
2226 5798 2532 5866 L'asincns],
2566 5821 2584 5853 ι
2616 5798 2815 5869 malus,
2856 5822 2875 5857 ι
2902 5798 3061 5859 nullo
3092 5822 3280 5867 sensti.
