3996 6208
521 314 658 374 ηδε

1550 317 1731 374 ACTA
1770 316 2308 374 DISPUTATIONIS
2343 321 2400 377 S.
2442 321 2800 391 ARCHELAI,

3621 326 3758 382 I46!

519 437 670 492 nitur
693 435 807 506 jam
837 443 1066 508 uterque
1107 437 1279 492 multo
1306 436 1531 491 inferior
1562 435 1778 492 virtutis
1810 436 2088 492 humanm.
2121 439 2168 496 Α
2195 439 2345 494 ciens
2377 439 2470 496 lux
2517 443 2788 505 manebat,
2820 457 2943 498 cuni
2975 443 3187 498 nullum
3213 457 3414 514 corpus
3444 444 3759 512 exsisteret,

521 529 883 601 Lysimachus
906 529 1051 583 enim
1085 537 1138 583 et
1162 529 1465 584 Alexander
1499 530 1667 584 totius
1700 529 1888 584 mundi
1917 530 2088 601 impe-

520 624 661 679 rium
697 632 1006 686 tenuerunt.
1035 638 1333 693 omnesque
1360 625 1606 679 nationes
1636 625 1896 681 barbaras
1926 635 2089 695 atque

518 732 685 771 omne
727 731 898 780 genus
938 716 1219 770 hominum
1267 716 1535 784 subjicere
1581 725 1890 785 potuerunt,
1925 717 1995 771 ita
2031 729 2091 772 ut

517 823 626 862 non
656 816 801 863 esset
831 809 971 862 alius
1015 807 1311 876 imperator
1341 823 1436 876 per
1476 807 1605 862 illud
1640 817 1852 878 tempus
1895 818 2090 879 przeter

472 897 474 899 ’
515 899 667 970 ipsos
694 901 796 956 sub
827 901 985 954 caelo.
1023 899 1089 953 Et
1123 902 1395 969 quomodo
1418 901 1635 956 audebit
1670 901 1959 972 quisquam
1999 901 2088 954 di-

515 1005 658 1056 cere,
687 1007 796 1046 non
834 992 1034 1059 ubique
1057 1007 1178 1046 esse
1206 992 1396 1059 Deum,
1434 993 1528 1063 qui
1561 1001 1644 1048 est
1676 993 1857 1048 lumen
1898 1010 2085 1049 verum

517 1079 855 1143 indelieiens,
887 1083 1044 1151 cujus
1067 1091 1149 1137 est
1177 1097 1400 1152 regnum
1427 1093 1677 1136 sanctum
1719 1091 1774 1138 et
1803 1085 2088 1154 sempiter-

518 1187 672 1234 num,
715 1189 813 1226 ceu
849 1173 925 1243 (l)
960 1173 1278 1243 nequissimi
1317 1173 1474 1229 istius
1522 1173 1796 1242 impietas,
1847 1176 1940 1244 qui
1989 1191 2087 1230 nec

519 1265 778 1334 :equalcm
820 1266 1038 1334 quidem
1088 1266 1164 1335 (ἓ)
1220 1281 1344 1320 cum
1405 1266 1719 1323 hominibus
1765 1278 2084 1338 potestatem

519 1355 874 1423 omnipotenti
903 1355 1014 1411 Deo
1042 1357 1270 1410 tribuit?

528 1511 535 1523 .
586 1446 747 1501 XXII.
787 1446 1002 1502 Indices
1047 1448 1296 1502 dixerunt
1345 1463 1363 1500 :
1403 1446 1608 1503 Lumen
1658 1448 1711 1503 in
1763 1457 1873 1503 tota
1921 1447 2085 1504 domo

516 1541 696 1594 lucere
726 1539 952 1603 scimus,
986 1549 1172 1595 etnon
1202 1541 1252 1594 in
1286 1555 1393 1594 una
1436 1541 1617 1610 aliqua
1652 1549 1827 1610 parte,
1860 1541 2003 1595 sicut
2035 1551 2088 1596 et

513 1631 673 1686 .Iesus
703 1631 856 1692 dicit,
887 1632 1016 1702 quia
1059 1650 1076 1684 ι
1104 1647 1266 1687 nemo
1298 1633 1575 1687 lucernam
1612 1633 1913 1687 accendens
1937 1635 2087 1703 ponit

517 1721 620 1778 sub
648 1724 848 1788 modio,
878 1726 971 1780 sed
1003 1739 1168 1794 super
1199 1726 1614 1791 candelabrum,
1663 1734 1723 1779 ut
1749 1726 1927 1780 luceat
1969 1742 2086 1780 om-

2191 530 2337 599 quod
2396 531 2645 586 umbram
2689 533 2774 588 sui
2816 532 3119 602 objectione
3168 544 3478 604 generaret;
3531 543 3588 590 et
3634 535 3772 592 ideo

2191 635 2464 690 nusquam
2500 623 2770 690 tenebras,
2817 640 3086 694 nusquam
3138 636 3348 680 noctem
3377 624 3548 682 fuisse
3596 629 3780 698 ωσι-

2192 713 2414 768 tendum
2465 723 2568 769 est.
2613 713 2747 770 Nam
2783 715 2853 781 si,
2888 716 3034 770 verbi
3086 717 3280 787 gratia,
3319 719 3530 787 placeat
3565 720 3615 774 ei
3669 721 3760 775 cui

2189 814 2429 875 potestas
2457 815 2540 860 est
2565 807 2833 873 omnium,
2879 808 3088 878 plagam
3121 825 3242 878 quae
3276 811 3341 864 ad
3369 826 3626 866 occasum
3654 821 3762 876 est,

2190 897 2406 954 auferre
2431 899 2498 953 de
2531 898 2746 965 medio;
2775 916 2882 954 non
2915 909 3105 970 agente
3135 901 3247 956 sole
3276 902 3342 956 ad
3379 903 3524 956 illam
3548 913 3762 972 partem

2187 1002 2434 1052 cursum,
2471 1005 2742 1058 nusquam
2791 989 2883 1044 tlet
2935 1006 3156 1060 vespera
3202 1000 3297 1046 aut
3343 994 3617 1057 tenebrae;
3665 993 3764 1048 sed

2187 1080 2292 1135 erit
2333 1081 2416 1136 sol
2461 1096 2676 1151 semper
2717 1081 2770 1135 in
2807 1098 2994 1147 cursu,
3030 1099 3130 1138 nec
3162 1101 3402 1154 unquam
3445 1087 3676 1151 occidet,
3709 1097 3766 1142 et

2187 1171 2424 1226 medium
2466 1173 2777 1244 emlijaxem
2821 1189 2958 1242 pene
3012 1190 3225 1246 semper
3255 1178 3480 1240 tenebit,
3528 1193 3631 1234 nec
3658 1179 3765 1233 ali-

2186 1265 2409 1334 quando
2437 1264 2652 1321 desinet
2679 1281 2939 1335 apparere
2965 1285 2980 1321 :
3011 1276 3061 1321 et
3089 1283 3184 1336 per
3208 1269 3311 1323 hoc
3335 1271 3438 1323 erit
3467 1271 3762 1326 universus

2188 1357 2337 1411 orbis
2368 1367 2643 1412 terrarum
2681 1357 2987 1413 clarissimo
3018 1358 3224 1414 lumine
3262 1358 3526 1424 radiatus,
3557 1379 3626 1416 ex
3649 1378 3763 1432 quo

2187 1463 2287 1503 nec
2318 1449 2422 1503 ulla
2463 1449 2583 1518 ejus
2617 1465 2742 1518 pars
2770 1449 3206 1515 obumbrabitur,
3241 1452 3334 1506 sed
3368 1454 3615 1508 manebit
3643 1456 3764 1510 ubi-

2186 1555 2291 1609 que
2351 1540 2513 1595 unius
2552 1539 2777 1595 luminis
2834 1541 3140 1610 aequalitas.
3191 1541 3523 1599 Occidentali
3576 1557 3762 1602 autem

2190 1633 2344 1703 plaga
2374 1642 2578 1688 Statum
2620 1649 2780 1688 suum
2813 1647 3082 1702 servante,
3109 1645 3162 1690 et
3197 1636 3309 1692 sole
3337 1653 3559 1692 cursum
3597 1655 3762 1694 suum

2187 1724 2362 1778 tribus
2391 1724 2580 1780 mundi
2616 1727 2860 1794 partibus
2890 1727 3272 1794 ministrante;
3319 1729 3371 1782 hi
3409 1730 3636 1799 quidem
3666 1731 3763 1800 qui

514 1817 678 1872 nibus
720 1817 814 1886 qui
844 1817 896 1872 in
941 1818 1104 1874 domo
1157 1829 1286 1873 sunt
1314 1819 1380 1873 ³³.
1413 1838 1431 1871 ι
1478 1818 1534 1873 Si
1574 1833 1702 1890 ergo
1752 1820 1933 1874 lumen
1982 1830 2084 1884 est,
2122 1820 2161 1875 Β
2191 1817 2294 1871 sub
2342 1818 2456 1874 sole
2502 1829 2651 1881 sunt,
2705 1819 2906 1874 clarius
2938 1820 3188 1875 videntur
3216 1821 3533 1886 illuminari,
3581 1823 3656 1876 ita
3704 1834 3765 1880 ut

517 1922 740 1963 necesse
780 1918 863 1963 est
897 1909 1027 1964 illud
1069 1910 1139 1979 (si
1171 1917 1352 1964 tamen
1377 1909 1536 1966 Jesus
1578 1911 1840 1981 creditur)
1880 1912 2084 1966 mundo

513 2003 772 2057 universo
817 2003 1016 2067 lucere,
1061 2012 1114 2056 et
1162 2018 1267 2056 non
1313 2018 1409 2072 per
1448 2011 1667 2071 partes;
1715 2019 1744 2055 a
1793 2003 1996 2072 quo(5)
2037 2002 2084 2058 si

515 2091 833 2146 universum
869 2092 1075 2146 obtinet
1105 2092 1392 2157 mundum,
1450 2092 1540 2146 ubi
1575 2092 1689 2160 jam
1730 2093 1980 2162 ingenita:
2013 2102 2086 2149 te-

515 2183 718 2246 nebrae,
745 2184 850 2238 nisi
897 2184 1036 2238 forte
1079 2184 1409 2250 accidentes,
1458 2184 1863 2255 intelligantur?
1893 2187 2086 2240 Arche-

513 2275 633 2329 laus
661 2276 798 2330 dixit
833 2292 850 2329 :
881 2275 1147 2342 Quoniam
1180 2277 1399 2347 quidem
1435 2278 1606 2333 multo
1631 2279 1825 2334 melius
1860 2297 1889 2335 a
1933 2282 2084 2338 vobis

515 2367 836 2439 intelligitur
869 2384 1050 2424 sermo
1081 2369 1445 2437 cvangelicus,
1479 2386 1642 2440 quam
1675 2372 1743 2424 ab
1776 2372 1879 2426 isto
1906 2374 1999 2443 qui
2027 2390 2086 2428 se

515 2462 849 2531 paracletum
891 2478 1013 2518 esse
1040 2464 1345 2532 profitetur,
1377 2479 1538 2534 quem
1570 2479 1671 2535 ego
1713 2464 1888 2534 magis
1927 2482 2084 2535 para-

515 2551 678 2607 situm
721 2569 885 2623 quam
932 2553 1263 2623 paracletum
1312 2553 1564 2619 dixerim,
1597 2553 1773 2607 dicam
1818 2569 1917 2624 ego
1949 2570 2085 2624 quo-

515 2645 678 2700 modo
734 2646 1030 2700 acciderint
1074 2646 1329 2700 tenebrae.
1381 2643 1519 2699 Cum
1568 2645 1660 2700 lux
1703 2655 1847 2700 esset
1886 2646 2086 2716 ubique

514 2737 733 2802 diffusa,
787 2739 1048 2794 mundum
1101 2740 1263 2809 coepit
1303 2741 1445 2794 Dens
1491 2738 1743 2804 condere,
1796 2739 2010 2794 initium
2055 2755 2085 2795 a

515 2831 657 2886 caelo
685 2841 740 2886 et
782 2839 924 2886 terra
970 2847 1212 2896 sumens,
1267 2832 1320 2886 in
1355 2848 1464 2902 quo
1495 2833 1563 2887 ita
1599 2833 1738 2889 ratio
1780 2835 1981 2899 evenit,
2027 2844 2086 2890 ut

517 2922 782 2977 medietas
810 2938 931 2992 quae
956 2933 1038 2977 est
1073 2933 1230 2978 terra:
1272 2923 1424 2983 locus
1461 2925 1653 2979 umbra
1693 2923 1960 2992 obtectus,
1989 2927 2086 2982 ob-

513 3015 660 3085 jectu
695 3017 769 3087 (4)
822 3017 1072 3072 videlicet
1120 3032 1307 3071 earum
1343 3033 1465 3088 quc
1515 3017 1670 3075 factae
1703 3030 1831 3076 sunt
1875 3032 2087 3078 creatu-

518 3120 727 3170 rarum,
769 3106 1101 3160 inveniretur
1139 3107 1429 3172 obscurus,
1467 3108 1539 3162 ita
1580 3120 1640 3165 ut
1689 3126 1776 3167 res
1806 3121 2082 3181 expeteret

2185 1925 2320 1979 pene
2371 1910 2621 1975 dixerim,
2655 1911 3048 1966 dormientibus
3070 1914 3247 1967 adhuc
3277 1914 3341 1968 iis
3365 1915 3456 1984 qui
3485 1930 3514 1969 e
3538 1915 3762 1970 diversa

2185 2002 2340 2070 plaga
2372 2002 2699 2069 consistunt,
2727 2004 2814 2058 isti
2839 2004 3045 2073 priores
3067 2004 3173 2060 dici
3199 2007 3482 2061 exordium
3509 2017 3761 2066 sumant.

2187 2088 2339 2146 Sicut
2369 2101 2546 2148 autem
2582 2103 2705 2148 ante
2752 2111 2848 2150 eos
2879 2097 2970 2164 qui
3014 2097 3066 2148 in
3103 2107 3254 2164 parte
3280 2097 3504 2153 occidua
3547 2098 3762 2171 jaceat,

2188 2180 2294 2236 illis
2323 2182 2504 2236 lumen
2535 2184 2798 2246 exoritur,
2838 2185 2909 2238 ita
2940 2186 3176 2241 velocius
3198 2188 3545 2256 obscuratur,
3576 2199 3632 2244 et
3659 2192 3762 2246 soli

2183 2274 2425 2328 omnium
2461 2276 2554 2344 qui
2589 2276 2642 2330 in
2680 2277 2828 2331 orbis
2860 2279 3146 2334 medietate
3179 2281 3503 2345 consistunt,
3529 2285 3761 2352 aequali.

2184 2375 2347 2420 tatem
2373 2382 2585 2435 semper
2607 2368 2848 2422 sentiunt
2875 2369 3035 2424 lucis.
3068 2371 3201 2425 Cum
3230 2371 3374 2426 enim
3401 2373 3648 2428 medium
3675 2377 3763 2431 sol

2185 2455 2422 2509 tenuerit
2464 2456 2686 2524 cmlum,
2718 2458 2899 2512 nullus
2931 2469 3014 2513 est
3056 2459 3210 2516 locus
3244 2461 3338 2530 qui
3388 2471 3485 2516 aut
3521 2463 3762 2520 lucidior

2184 2555 2279 2600 aut
2325 2547 2613 2602 obscurior
2657 2563 2778 2604 esse
2838 2551 3114 2618 videatur;
3168 2552 3261 2607 sed
3312 2568 3504 2609 onmes
3567 2556 3759 2611 mundi

2184 2643 2366 2707 partes
2393 2654 2460 2692 ex
2492 2654 2650 2709 aequo
2683 2649 2736 2694 et
2762 2641 2913 2710 justo
2942 2641 3042 2712 (7),
3073 2643 3204 2698 solis
3236 2643 3444 2715 fulgore
3475 2645 3760 2701 luminan—

2185 2737 2292 2784 tur.
2336 2729 2392 2784 Si
2425 2746 2577 2800 ergo,
2622 2741 2681 2786 ut
2728 2733 2981 2802 superius
3009 2734 3268 2799 diximus,
3302 2737 3547 2792 occidua:
3589 2741 3761 2808 plaga

2183 2837 2310 2892 pars
2352 2822 2632 2879 auferatur
2657 2840 2688 2878 e
2735 2827 2932 2889 medio,
2967 2827 3108 2880 ultra
3144 2827 3257 2896 jam
3292 2845 3399 2883 non
3431 2831 3760 2886 obscurabi-

2185 2923 2271 2970 tur
2299 2931 2426 2985 pars
2459 2932 2581 2985 qua:
2613 2917 2663 2971 ei
2693 2917 2922 2987 adjacet.
2967 2917 3032 2972 Et
3062 2919 3177 2974 haec
3201 2920 3420 2990 quidem
3454 2922 3593 2977 mihi
3622 2926 3759 2979 sim-

2184 3005 2378 3073 plicius
2404 3005 2545 3060 dicta
2582 3006 2711 3069 sint,
2754 3023 2875 3062 cum
2907 3008 3110 3077 possim
3158 3021 3211 3063 et
3257 3011 3542 3065 zodiacum
3581 3015 3762 3068 circu-

2186 3097 2297 3150 lum
2343 3097 2648 3152 describere
2696 3114 2710 3152 :
2765 3098 2856 3152 sed
2904 3113 3015 3152 non
3065 3098 3200 3153 intui
3246 3115 3390 3154 nunc
3439 3101 3559 3156 fieri
3607 3112 3759 3160 ratus

516 3197 784 3252 introduci
816 3197 990 3252 lucem
1029 3199 1154 3252 huic
1186 3197 1289 3266 ipsi
1336 3197 1388 3250 in
1423 3200 1708 3257 medietate
1734 3176 1910 3272 posito
1943 3205 2080 3260 loco.

2188 3205 2308 3244 sum
2348 3188 2446 3259 (8),
2495 3199 2712 3258 propter
2756 3188 2902 3258 quod
2941 3190 3007 3244 de
3056 3190 3139 3244 his
3173 3191 3364 3257 silebo,
3410 3203 3464 3246 et
3501 3195 3573 3247 ad
3626 3195 3760 3251 illud

516 3287 672 3344 Unde
693 3297 748 3342 et
769 3288 822 3342 in
847 3287 1040 3342 Genesi
1067 3287 1277 3358 Moyses
1297 3303 1559 3344 enarrans
1582 3289 1846 3346 facturam
1870 3297 2080 3363 mundi,

517 3395 862 3450 nequaquam
898 3379 1026 3435 facit
1050 3380 1396 3435 tenebrarum
1429 3381 1781 3448 mentionem,
1808 3393 1904 3439 aut
1927 3389 2082 3454 quasi

515 3470 674 3526 factae
699 3471 828 3536 sint,
859 3479 951 3526 aut
988 3486 1095 3525 non
1127 3468 1317 3539 facta;
1361 3473 1455 3528 sed
1501 3473 1614 3542 ipse
1643 3474 1829 3539 tacuit,
1868 3475 1955 3530 his
1987 3479 2080 3547 qui

515 3563 731 3633 possint
760 3563 1059 3629 advertere,
1097 3563 1482 3636 derelinquens
1513 3565 1781 3622 rationem
1817 3567 1980 3638 hujus
2007 3569 2084 3623 in-

517 3657 800 3722 tellectus;
845 3671 966 3724 quae
1003 3657 1222 3725 quidem
1276 3672 1376 3712 nec
1400 3657 1533 3713 satis
1565 3667 1649 3712 est
1705 3659 1874 3714 ardua
1921 3669 2084 3731 atque

515 3745 906 3802 dilliciliszcui
965 3747 1110 3802 enim
1165 3761 1272 3801 non
1331 3748 1423 3802 fiat
1475 3748 1859 3815 manifestum,
1911 3751 2079 3805 solem

514 3838 682 3893 istum
724 3836 1014 3900 visibilem,
1043 3852 1166 3892 cum
1201 3836 1270 3890 ab
1296 3837 1502 3893 oriente
1547 3836 1710 3892 fuerit
1755 3850 1998 3905 exortus,
2031 3851 2084 3896 et

512 3929 794 3984 tetenderit
820 3929 923 3983 iter
950 3944 1108 3983 suum
1132 3927 1198 3982 ad
1225 3929 1582 3995 occidentem,
1609 3947 1732 3985 cum
1758 3933 1860 3986 sub
1883 3943 2080 3988 terram

515 4021 659 4085 ierit,
691 4029 744 4076 et
776 4021 1001 4076 interior
1026 4020 1252 4076 eﬂ‘ectus
1294 4021 1460 4075 fuerit
1500 4037 1564 4076 ea
1599 4039 1720 4091 quas
1757 4024 1899 4092 apud
1935 4024 2082 4079 Grae‘

515 4129 613 4169 cos
645 4114 859 4182 sphaera
898 4123 1145 4180 vocatur,
1181 4111 1328 4182 quod
1358 4121 1486 4168 tunc
1525 4113 1738 4182 objectu
1778 4116 1855 4185 (ὕ)
1888 4129 2082 4185 corpo-

514 4220 636 4258 rum
680 4204 1036 4260 obumbratus
1088 4219 1197 4258 non
1240 4204 1530 4272 appareat?
1575 4201 1680 4259 Sed
1722 4205 1938 4260 obtecto
1981 4221 2079 4272 eo,

515 4297 768 4352 obstante
802 4307 958 4352 terra:
985 4312 1231 4365 corpore.
1279 4295 1661 4364 superducitur
1695 4295 1908 4361 umbra,
1960 4312 2082 4368 qua;

512 4407 579 4445 ex
615 4405 674 4445 se
701 4388 862 4444 cﬂicit
893 4389 1182 4456 tenebras;
1213 4405 1497 4460 usquequo
1521 4404 1762 4452 rursum,
1803 4389 2080 4446 inferioris

512 4481 674 4550 spatii
702 4495 864 4535 cursu
897 4495 991 4550 per
1019 4492 1229 4536 noctem
1261 4490 1558 4546 transacto,
1592 4481 1660 4536 ad
1697 4483 1959 4537 orientem
1994 4497 2078 4537 re-

512 4575 712 4635 volvat,
750 4583 913 4642 atque
945 4573 999 4626 in
1041 4573 1174 4629 locis
1209 4575 1386 4631 solitis
1417 4575 1643 4630 obortus
1671 4582 1947 4644 appareat.
1981 4573 2078 4629 Est

511 4681 643 4736 ergo
665 4664 871 4719 umbrae
895 4672 1054 4734 atque
1086 4665 1262 4721 noctis
1295 4681 1483 4732 causa,
1521 4666 1767 4735 corporis
1796 4674 1952 4720 terra!
1981 4681 2078 4720 so-

510 4757 723 4820 liditas;
777 4757 922 4826 quod
966 4757 1128 4812 etiam
1187 4773 1253 4812 ex
1304 4758 1504 4813 suimet
1552 4758 1726 4829 ipsius
1772 4755 2076 4828 umbra(6)

510 4850 676 4906 homo
705 4850 1002 4919 intelligere
1033 4859 1226 4919 potest.
1271 4850 1410 4905 Ante
1443 4850 1639 4906 caelum
1687 4849 1830 4904 enim
1877 4858 1931 4904 et
1962 4859 2076 4903 ter-

511 4959 628 5000 ram
665 4954 826 5014 atque
857 4957 1046 4999 omnes
1077 4942 1213 4998 istas
1239 4957 1532 5012 corporcas
1569 4950 1852 4996 creaturas
1886 4940 2078 4995 indeﬁ-

586 5084 840 5139 “Matth.
893 5099 943 5150 ν,
989 5081 1075 5137 I6.

581 5223 656 5296 (l)
691 5223 746 5277 ln
791 5221 977 5296 codice
1005 5219 1289 5276 Casincnsi
1333 5224 1436 5283 est,
1479 5233 1498 5266 ‹
1527 5229 1618 5277 eu,
1650 5234 1668 5266 ι
1708 5213 1853 5285 quod
1885 5213 2069 5284 legen-

506 5293 643 5366 dum
665 5293 994 5366 putavimus,
1033 5311 1052 5343 ι
1085 5305 1256 5366 ceu.)
1562 5355 1574 5366 _
1727 5353 1740 5366 .
2023 5354 2034 5366 _

578 5355 773 5435 (2)'Ita
810 5355 1161 5437 depravatum
1216 5362 1403 5437 locum
1445 5355 1780 5437 exningenio
1815 5355 2066 5437 restitui-

506 5423 663 5501 mus';
691 5451 815 5489 nam
839 5423 893 5488 in
915 5434 1100 5489 codice
1123 5430 1406 5487 Casincnsi
1431 5428 1687 5484 scribitur
1714 5443 1728 5479 :
1761 5443 1781 5477 ι
1815 5423 1926 5481 Nec
1949 5441 2068 5495 quae

507 5506 694 5559 vellem
730 5504 970 5576 quidem.
1003 5521 1022 5555 ι

599 5577 652 5645 5)
691 5573 871 5640 Forte,
898 5593 918 5626 ι
946 5573 1114 5642 atqui.
1147 5591 1167 5625 ι

601 5643 653 5700 Il
693 5646 747 5699 ln
770 5645 1052 5700 Casincnsi
1081 5643 1286 5709 codice,
1327 5663 1345 5694 ι
1377 5643 1611 5697 obtectu.
1646 5658 1664 5690 ι

577 5709 655 5787 (5)
696 5715 751 5787 In
787 5714 1080 5787 Casincnsi
1103 5721 1204 5774 est,
1239 5733 1258 5764 ι
1289 5713 1432 5787 quod
1469 5709 1867 5787 nuncoblectu.
1903 5727 1922 5787 ξ

578 5779 654 5860 (6)
695 5785 769 5842 Ita
808 5785 1211 5840 emendavimus
1246 5779 1504 5853 scriptum
1539 5782 1801 5845 codicem,
1835 5781 1926 5849 qui
1968 5779 2064 5832 lia--

2109 4523 2156 4582 D

2184 3291 2347 3351 caput
2376 3295 2652 3336 recurram
2687 3280 2832 3350 quod
2863 3281 3063 3352 objecit
3085 3283 3450 3350 adversarius,
3479 3285 3762 3342 affirmans

2181 3373 2331 3429 omni
2380 3371 2500 3427 nisu
2533 3372 2634 3442 (9),
2697 3371 2950 3428 tenebras
2996 3387 3116 3427 esse
3162 3373 3468 3443 ingenitas;
3512 3379 3666 3445 quo-l
3707 3386 3761 3432 et

2184 3462 2382 3531 ipsum,
2407 3467 2671 3530 quantum
2701 3460 2994 3524 valuimus,
3018 3460 3130 3531 jam
3172 3461 3516 3518 confutatum
3554 3477 3665 3522 est.

2248 3552 2442 3607 XXIII.
2474 3552 2688 3608 Iudices
2717 3553 2966 3608 dixerunt
2991 3570 3010 3608 :
3039 3554 3096 3608 Si
3125 3555 3542 3612 consideremus
3578 3559 3758 3615 lucem

2183 3645 2352 3702 fuisse
2379 3654 2504 3701 ante
2523 3645 2886 3702 conditionem
2913 3655 3310 3711 creaturarum,
3333 3657 3388 3702 et
3417 3649 3557 3704 nihil
3587 3650 3760 3706 fuisse

2181 3739 2452 3809 objectum
2485 3739 2628 3809 quod
2668 3755 2734 3794 ex
2778 3754 2837 3793 se
2881 3739 3130 3793 umbram
3174 3750 3479 3810 generaret,
3529 3758 3761 3799 necesse

2180 3839 2266 3886 est
2308 3831 2482 3886 lucem
2525 3831 2726 3900 ubique
2758 3830 2929 3886 fuisse
2972 3830 3252 3895 diffusam,
3296 3840 3353 3887 et
3396 3835 3585 3888 omnia
3636 3836 3759 3890 loca

2181 3923 2391 3995 fulgore
2425 3923 2564 3978 lucis
2599 3923 2924 3987 illuminata,
2959 3923 3104 3978 sicut
3130 3933 3413 3979 ostensum
3444 3935 3529 3980 est
3569 3941 3641 3980 ex
3673 3928 3760 3982 bis

2179 4031 2302 4086 qua:
2341 4032 2370 4070 a
2405 4024 2456 4071 te
2493 4031 2663 4084 nuper
2703 4015 2843 4070 dicta
2880 4023 3041 4080 sunt;
3085 4014 3139 4069 in
3170 4015 3369 4085 quibus
3410 4031 3598 4070 veram
3631 4033 3756 4072 esse

2180 4107 2443 4160 rationem
2491 4106 2755 4170 videntes,
2805 4105 3000 4160 damus
3041 4106 3276 4176 palmam
3330 4106 3757 4177 allegationibus

2178 4197 2452 4252 Archelai.
2513 4195 2569 4251 Si
2614 4196 2761 4251 enim
2804 4196 3128 4252 divisionem
3180 4197 3412 4266 accipiat
3460 4199 3759 4254 universus

2181 4289 2438 4355 mundus,
2476 4288 2642 4342 veluti
2675 4303 2832 4341 muro
2865 4289 3102 4357 quodam
3130 4304 3226 4357 per
3265 4289 3502 4342 medium
3548 4291 3762 4344 instru-

2179 4392 2290 4445 elo,
2318 4389 2370 4434 et
2399 4395 2464 4434 ex
2503 4395 2607 4432 una
2640 4388 2789 4447 parte
2822 4379 3064 4432 habitent
3099 4379 3354 4440 tenebrae.
3385 4395 3452 4433 ex
3484 4380 3596 4435 alia
3624 4395 3759 4435 vero

2183 4473 2310 4536 lux;
2353 4470 2671 4541 intelligitur
2709 4468 3083 4535 nihilominus,
3110 4470 3241 4540 quia
3285 4485 3350 4525 ex
3377 4485 3446 4525 eo
3480 4472 3634 4539 quod
3675 4472 3762 4525 in-

2183 4573 2447 4620 struetum
2477 4571 2561 4617 est
2584 4561 2893 4626 aedificium,
2925 4561 3116 4616 umbra
3145 4571 3421 4632 generata,
3451 4563 3760 4618 acciderint

2181 4659 2545 4714 tenebrrezet
2599 4671 2821 4710 rursum
2875 4655 3030 4710 nobis
3057 4657 3406 4724 querendum
3458 4665 3581 4722 est,
3627 4659 3758 4727 quis

2179 4751 2528 4806 aedificaverit
2573 4764 2790 4803 murum
2839 4747 2890 4802 in
2943 4745 3124 4801 medio
3170 4747 3423 4810 duorum,
3473 4747 3522 4802 si
3572 4759 3757 4803 tamen

2179 4843 2506 4898 aedificatum
2562 4840 2768 4903 fateris,
2799 4855 2831 4890 ο
2862 4838 3177 4895 Manichaee.
3225 4837 3281 4893 Si
3313 4853 3439 4892 vero
3487 4839 3583 4893 illa
3617 4841 3757 4894 ratio

2178 4933 2576 4998 consideretur,
2607 4931 2766 5002 quasi
2802 4945 2993 4984 murus
3029 4946 3134 4983 non
3167 4929 3234 4984 sit
3263 4927 3600 4996 instructus;
3629 4946 3756 4984 rur-

2175 5209 2356 5275 bebat,
2387 5228 2407 5261 ‹
2439 5217 2600 5265 exuet
2629 5209 2799 5277 ipsius
2825 5207 3035 5262 umbra.
3069 5225 3088 5259 ι
3758 5147 3764 5198 Ι

2244 5281 2322 5350 (7)
2361 5279 2417 5334 ln
2442 5279 2626 5334 codice
2655 5278 2940 5334 Casincnsi
2971 5277 3190 5348 legitur,
3228 5295 3248 5328 ι
3281 5291 3347 5332 ex
3369 5291 3433 5332 ea
3465 5292 3613 5348 quo,
3643 5295 3666 5333 ι
3700 5289 3752 5336 et

2172 5366 2320 5414 mox,
2359 5369 2378 5420 ς
2404 5350 2634 5420 fulgure.
2666 5369 2684 5402 ι

2245 5421 2319 5491 (8)
2360 5417 2537 5476 Locus
2563 5417 2847 5492 manifeste
2873 5428 3187 5491 corruptus,
3211 5419 3371 5492 cujus
3393 5418 3534 5475 mihi
3557 5435 3753 5477 emen-

2169 5493 2318 5548 datio
2354 5506 2459 5544 non
2495 5491 2754 5545 occurrit.

2240 5562 2318 5632 (9)
2355 5561 2410 5615 In
2434 5561 2716 5632 Casincnsi
2755 5567 2891 5632 erat,
2942 5577 2962 5612 ‹
2995 5561 3144 5616 omni
3186 5561 3320 5629 nisi;
3363 5581 3382 5612 ι
3427 5562 3523 5618 sed
3566 5560 3759 5631 [egeno

2168 5631 2316 5695 dum,
2354 5652 2373 5685 ‹
2403 5631 2550 5686 omni
2580 5631 2722 5697 nisu,
2755 5649 2775 5682 ι
2808 5631 2912 5686 hoc
2932 5641 3034 5696 est,
3063 5633 3210 5686 omni
3237 5643 3473 5699 conatu;
3505 5632 3753 5686 formula

2168 5703 2401 5774 dicendi
2435 5701 2562 5757 huic
2613 5700 2892 5774 interpreti
2941 5703 3166 5758 usitata.
3210 5701 3344 5761 Vide
3390 5717 3520 5774 cap.
3551 5701 3647 5769 ιο,
3698 5711 3756 5758 et

2167 5773 2462 5843 praesertim
2492 5787 2612 5844 cap.
2644 5771 2706 5825 I7
2720 5814 2732 5830 .
