3998 7026
588 316 722 372 146⁸1

1606 306 1796 366 ACTA
1835 302 2364 365 DISPUTATIONIS
2402 300 2460 357 S.
2496 292 2839 354 ARCHELAI

3623 287 3721 345 1168

585 441 737 498 sunt,
772 431 846 487 ita
877 438 927 485 et
953 429 1043 484 hic
1067 426 1210 483 ferre
1231 441 1341 481 non
1368 425 1512 480 valet
1534 425 1687 495 regni
1718 424 1858 480 lucis
1887 422 2170 489 intuitum,
2201 426 2246 483 Α
2273 427 2357 476 set
2411 419 2597 481 homo,
2643 411 2964 498 priusquam
3000 410 3187 498 pastor
3226 399 3436 498 haberet
3466 411 3724 498 grew-udi

587 526 680 583 sed
710 533 894 579 manet
914 537 1131 591 semper
1160 532 1452 576 extraneus
1481 524 1537 572 et
1563 517 1798 572 alienus.

654 616 824 672 XXV.
866 615 1050 670 Manes
1084 614 1223 667 dixit
1248 629 1266 666 :
1289 611 1405 666 Non
1452 625 1647 665 omnes
1681 609 1907 679 capiunt
1939 605 2164 662 verbum

587 710 703 776 Dei,
731 710 824 765 sed
854 709 1056 779 quibus
1081 708 1267 761 datum
1299 714 1383 761 est
1405 704 1547 761 scire
1578 703 1840 775 mysteria
1874 700 2024 772 regni
2055 714 2165 756 coa-

588 801 767 856 lorum
795 801 859 854 ⁸⁸.
892 799 959 853 Et
985 800 1097 869 jam
1133 798 1352 869 quidem
1379 798 1492 869 (15)
1518 798 1633 855 scio
1661 795 1755 866 qui
1793 794 1904 849 sint
1939 792 2114 847 nostri
2145 808 2160 846 :

594 911 613 944 ι
643 891 774 947 Meae
804 893 969 956 enim,
998 890 1194 958 inquit,
1226 904 1355 944 oves
1376 903 1564 944 vocem
1599 901 1774 941 meam
1807 884 2114 939 audiunt".
2137 902 2156 936 ι

590 982 814 1053 Propter
855 992 1071 1038 nostros
1105 997 1236 1051 ergo
1278 981 1479 1051 quibus
1509 980 1670 1035 datus
1698 987 1783 1035 est
1808 977 2053 1034 veritatis
2078 978 2162 1032 in-

591 1077 855 1140 tellectus,
890 1091 984 1144 per
1018 1074 1405 1129 similitudines
1434 1072 1633 1127 dicam.
1695 1069 1904 1126 Similis
1923 1079 2009 1126 est
2041 1085 2159 1124 ma-

589 1166 769 1237 lignus
793 1166 958 1229 leoni,
990 1166 1081 1235 qui
1117 1165 1354 1234 irrepere
1393 1164 1510 1218 vult
1540 1163 1684 1235 gregi
1715 1163 1845 1218 boni
1887 1163 2157 1233 pastoris;

589 1259 733 1329 quod
761 1275 886 1314 cum
916 1268 1101 1329 pastor
1126 1258 1337 1324 viderit,
1362 1257 1497 1312 fodit
1530 1258 1741 1311 foveam
1776 1257 2070 1327 ingentem,
2104 1264 2161 1310 et

587 1352 654 1407 de
681 1366 844 1422 grege
876 1352 997 1406 tulit
1019 1366 1186 1405 unum
1212 1350 1458 1412 haedum,
1491 1360 1547 1405 et
1571 1347 1798 1420 jactavit
1826 1349 1882 1402 in
1908 1346 2154 1414 foveam;

585 1438 747 1518 quem
798 1446 882 1500 leo
926 1446 1179 1501 invadere
1207 1446 1547 1513 desiderans,
1580 1462 1705 1502 cum
1756 1445 1965 1516 ingenti
2012 1444 2157 1500 indi-

587 1538 844 1608 gnatione
884 1536 1051 1591 voluit
1088 1552 1212 1590 eum
1233 1536 1549 1604 absorbere,
1574 1545 1629 1592 et
1654 1552 1949 1593 accurrens
1980 1537 2049 1591 ad
2079 1535 2159 1590 fn-

584 1646 765 1697 veam,
792 1628 993 1683 decidit
1028 1629 1082 1682 in
1110 1644 1253 1693 eam,
1285 1628 1614 1684 ascendendi
1645 1629 1769 1683 inde
1796 1643 2015 1684 sursum
2048 1643 2158 1682 non

588 1723 797 1778 habens
826 1724 1000 1787 vires;
1037 1736 1199 1791 quem
1239 1729 1425 1790 pastor
1455 1721 1852 1791 apprehensum
1887 1734 1983 1790 pro
2026 1734 2157 1790 pru-

2272 507 2681 581 supervenisset
2706 503 2811 564 leo,
2847 497 2972 568 quid
3002 494 3186 557 liebat,
3216 491 3339 560 quia
3368 506 3468 545 non
3487 503 3585 547 erat
3604 493 3729 555 leonis

2271 619 2398 661 esca
2445 601 2762 672 priusquam
2809 590 3000 647 haedus
3047 583 3226 641 esset?
3262 582 3432 638 Manes
3480 585 3729 646 ditium

2264 694 2482 766 quidem
2506 689 2638 745 nihil
2662 682 3042 743 manducabat,
3059 679 3338 736 exercebat
3357 686 3516 732 tamen
3537 679 3730 738 malitiam

2266 802 2421 844 suam
2466 799 2563 853 per
2599 792 2941 851 quaecunque
2973 784 3189 845 poterat
3218 772 3465 837 invenire,
3496 773 3733 831 discurrens

2263 897 2359 954 per
2387 876 2619 934 vertices
2648 872 2917 930 montium
2945 887 2961 937 ;
2985 869 3135 940 quod
3173 869 3217 923 si
3260 865 3529 936 aliquando
3557 867 3599 921 ei
3619 868 3731 923 etiam

2262 987 2389 1029 esca
2412 979 2532 1025 erat
2563 965 2893 1028 necessaria,
2923 962 3174 1033 capiebat
3204 975 3268 1014 ex
3296 958 3470 1013 bestiis
3509 974 3611 1028 quae
3629 975 3734 1016 erant

2261 1062 2366 1120 sub
2398 1076 2570 1131 regno
2600 1074 2724 1114 suo.
2772 1057 3064 1111 Archelaus
3099 1053 3237 1107 dixit
3266 1067 3279 1103 :
3321 1049 3452 1119 Ergo
3488 1050 3627 1104 unius
3651 1060 3736 1107 sunt

2260 1153 2599 1218 substantiae,
2629 1151 2822 1206 bestiae
2867 1164 2989 1219 quae
3036 1155 3167 1203 sunt
3193 1145 3248 1198 in
3293 1157 3450 1211 regno
3485 1143 3736 1211 maligni,et

2260 1245 2408 1301 boedi
2459 1244 2554 1315 qui
2601 1251 2729 1298 sunt
2776 1242 2833 1295 in
2880 1253 3050 1309 regno
3099 1237 3227 1292 boui
3259 1233 3386 1288 Dei?
3416 1232 3577 1287 Manes
3608 1234 3734 1289 dixit:

2258 1337 2445 1400 Absit;
2493 1350 2839 1406 nequaquam
2892 1351 2908 1387 :
2963 1330 3105 1386 nihil
3150 1341 3432 1384 commune
3477 1335 3574 1389 est,
3618 1343 3736 1397 neque

2259 1428 2399 1499 ipsis
2435 1427 2502 1482 ad
2549 1427 2803 1490 invicem,
2836 1437 3013 1493 neque
3045 1422 3134 1475 his
3164 1434 3284 1489 qua:
3313 1433 3408 1473 sua
3437 1426 3566 1471 sunt.
3598 1417 3737 1471 Arcite-

2260 1521 2378 1576 laus
2403 1519 2541 1573 dixit
2576 1537 2594 1575 :
2624 1517 2779 1574 Unus
2814 1524 2980 1586 atque
3023 1512 3168 1567 idem
3203 1517 3287 1565 est
3314 1524 3443 1564 usus
3468 1509 3517 1562 in
3543 1508 3738 1564 escaleo-

2261 1613 2368 1669 nis.
2403 1612 2461 1668 Si
2489 1612 2634 1666 enim
2670 1626 2734 1666 ex
2765 1605 3004 1680 propriis
3031 1601 3329 1673 aliquando
3355 1600 3527 1655 bestiis
3564 1601 3740 1669 capiebat

2262 1706 2466 1770 cibum,
2512 1700 2806 1773 aliquando
2832 1706 2885 1754 et
2908 1697 2975 1752 de
3001 1695 3093 1751 his
3132 1693 3263 1749 boni
3302 1692 3423 1760 Dei;
3452 1691 3581 1745 nulla
3612 1701 3674 1747 est
3704 1693 3738 1747 in

583 1815 770 1871 dentia
814 1829 914 1868 sua
963 1785 1016 1867 in
1054 1785 1216 1867 cavea
1240 1785 1557 1879 concludit,
1601 1820 1763 1882 atque
1801 1785 2153 1881 haedum—qui
2191 1802 2230 1858 Β
2261 1798 2348 1853 his
2398 1795 2724 1856 ἀίῧοῐθηιίδν
2774 1798 3041 1862 σιιιωιιυιη
3073 1787 3143 1841 ad
3183 1801 3338 1882 es?“
3374 1785 3739 1882 Wr‘i'f‘rei?

585 1922 711 1961 cum
738 1906 857 1975 ipso
890 1902 1057 1958 fuerit
1098 1904 1151 1957 in
1198 1901 1378 1969 fovea,
1414 1901 1743 1958 incolumem
1788 1903 2153 1957 conservavit.

587 1996 664 2050 Ex
710 1997 814 2051 hoc
858 2010 989 2065 ergo
1037 1996 1349 2049 inlirmatus
1383 2003 1468 2049 est
1540 1994 1829 2063 malignus,
1876 1994 2016 2049 ultra
2041 1993 2154 2063 jam

586 2090 742 2144 leone
795 2104 902 2143 non
938 2088 1169 2142 habente
1211 2094 1531 2155 potestatem
1567 2084 1801 2141 faciendi
1834 2085 2060 2156 aliquid,
2104 2097 2159 2141 et

585 2182 887 2238 salvabitur
934 2196 1096 2234 omne
1143 2179 1451 2234 animarum
1491 2195 1685 2247 genus,
1739 2195 1805 2234 ac
1835 2180 2157 2235 restituetur

587 2274 734 2344 quod
766 2274 1017 2344 perierat,
1054 2272 1272 2343 preprio
1307 2287 1410 2328 suo
1444 2272 1611 2344 gregi.
1668 2271 1955 2327 Archelaus
1985 2273 2157 2326 dixit:

589 2363 646 2419 Si
676 2365 887 2419 leonem
930 2365 1168 2435 maligno
1214 2378 1521 2433 comparas,
1555 2363 1724 2419 Deum
1760 2381 1890 2420 vero
1932 2366 2155 2436 pastori,

586 2470 718 2512 oves
762 2465 925 2527 atque
978 2456 1221 2521 haedum,
1262 2455 1370 2520 dic,
1416 2456 1635 2510 cuinam
1680 2458 2160 2527 comparabimus?

591 2549 774 2604 Manes
805 2548 1147 2603 dixit:0ves
1180 2556 1235 2603 et
1281 2547 1477 2603 haedus
1519 2549 1682 2604 unius
1726 2550 1858 2604 mihi
1908 2551 2160 2606 videntur

585 2658 708 2697 esse
741 2651 980 2707 naturae;
1007 2641 1060 2694 in
1086 2639 1498 2695 similitudinem
1523 2651 1704 2696 autem
1734 2652 2013 2712 ponuntur
2036 2645 2157 2699 ani-

588 2748 821 2788 marum.
859 2731 1145 2786 Archelaus
1188 2731 1328 2784 dixit
1363 2731 1655 2786 :Animam
1710 2748 1841 2804 ergo
1891 2734 2158 2804 perditum

586 2826 733 2881 dedit
776 2825 939 2891 Deus,
985 2824 1253 2893 objiciens
1297 2839 1418 2878 eam
1463 2824 1609 2880 leoni
1656 2826 1711 2879 in
1753 2825 1929 2884 fovea.
1977 2825 2158 2883 Manes

584 2921 723 2975 dixit
753 2935 773 2973 :
804 2918 1180 2989 Nequaquam,
1216 2920 1358 2975 absit
1390 2919 1521 2986 hoc;
1548 2919 1642 2975 sed
1673 2920 2049 2990 apprehensus
2074 2929 2159 2975 est

586 3010 691 3067 huc
718 3010 955 3081 ingenio,
990 3011 1044 3065 in
1080 3010 1326 3065 futurum
1358 3025 1488 3065 vero
1516 3010 1752 3066 salvabit
1787 3027 1932 3066 eam.
1963 3011 2160 3065 Arche-

584 3102 704 3157 laus
733 3103 869 3158 dixit
898 3119 917 3156 :
946 3102 1257 3159 Ridiculum
1286 3106 1398 3174 jam
1420 3104 1563 3159 istud
1592 3113 1695 3169 est,
1732 3105 1836 3159 viri
1859 3104 2155 3169 auditores,

581 3198 631 3253 si
657 3213 855 3268 agnum
889 3215 1049 3268 quem
1082 3200 1347 3255 retinebat
1375 3199 1428 3252 in
1453 3199 1690 3263 sinibus,
1716 3208 1902 3269 pastor
1924 3202 2155 3255 extime-

584 3302 744 3342 scens
771 3287 943 3342 leonis
976 3288 1304 3357 ingressum,
1328 3288 1557 3358 projecit
1581 3303 1705 3343 eum
1743 3290 2145 3355 devorandum,

580 3387 636 3431 et
662 3377 862 3431 dicitur
889 3379 1017 3447 quia
1053 3378 1105 3432 in
1143 3378 1385 3433 futurum
1416 3378 1649 3435 salvabit
1683 3396 1832 3436 eum.
1859 3380 2155 3447 Quomodo

583 3489 691 3528 non
716 3481 888 3528 totum
914 3475 1021 3531 hoc
1056 3476 1287 3531 ridiculo
1316 3475 1534 3546 plenum
1562 3476 1681 3532 est?
1706 3475 1840 3531 Nam
1872 3487 1927 3532 et
1971 3478 2023 3532 in
2054 3480 2156 3534 hoc

581 3564 744 3621 etiam
780 3566 1046 3636 judicium
1088 3569 1368 3624 adimitur.
1415 3568 1560 3625 Deus
1598 3570 1742 3624 enim
1779 3569 1889 3640 (16)
1940 3568 2157 3625 Satante

583 3658 817 3711 animam
855 3660 1095 3725 tradidit,
1143 3661 1198 3716 in
1244 3662 1599 3733 perditionem
1644 3663 1712 3718 ab
1759 3678 1824 3718 eo
1870 3678 2156 3718 assumen-

582 3748 729 3804 dam.
777 3748 1008 3816 Quando
1048 3753 1195 3808 enim
1238 3766 1445 3826 pastor,
1496 3772 1678 3812 nonne
1723 3754 1892 3810 David
1924 3755 2036 3823 (l7)
2089 3754 2157 3808 de

582 3858 677 3900 ore
727 3845 935 3913 leonis,
987 3848 1074 3901 vel
1128 3849 1244 3904 ursi
1295 3849 1441 3905 eruit
1491 3850 1695 3906 ovem?
1755 3848 1869 3903 Hoc
1922 3847 2155 3903 dicimus

580 3947 805 4009 propter
861 3956 952 3994 ore
1018 3940 1228 4007 leonis;
1283 3943 1431 4013 quod
1496 3945 1608 4011 ait,
1670 3944 1739 3999 de
1808 3956 1903 3997 ore
1979 3940 2155 3995 leonis

581 4037 678 4083 aut
739 4030 805 4085 de
864 4042 1053 4087 ventre
1099 4034 1218 4103 ejus
1267 4043 1448 4104 potest
1521 4035 1793 4099 educere,
1852 4034 1996 4105 quod
2038 4032 2151 4103 jam

580 4117 672 4174 ille
730 4121 1028 4177 devoravit.
1095 4122 1199 4177 Sed
1263 4125 1411 4180 dices
1473 4127 1606 4179 mihi
1653 4143 1668 4179 :
1716 4124 1857 4180 Deus
1910 4133 2033 4189 est,
2096 4133 2153 4178 et

580 4212 765 4266 omnia
833 4222 1031 4282 potest.
1089 4213 1232 4269 Audi
1296 4231 1426 4287 ergo
1485 4218 1552 4273 ad
1616 4216 1731 4272 hinc
1775 4235 1789 4271 :
1839 4231 1939 4271 cur
1990 4214 2155 4286 igitur

581 4305 725 4373 quod
755 4307 947 4373 possit,
983 4321 1091 4359 non
1142 4306 1274 4361 illud
1324 4308 1505 4378 potius
1551 4308 1774 4372 asseris,
1810 4307 1957 4378 quod
1996 4318 2152 4377 pote-

578 4396 652 4450 rit
689 4396 904 4465 propria
945 4396 1145 4452 virtute
1170 4398 1388 4454 vincere
1432 4398 1665 4464 leonem,
1708 4399 1823 4454 sive
1860 4413 1999 4468 pura
2034 4399 2147 4471 (18)

2260 1892 2367 1947 hoc
2407 1897 2632 1960 apparet
2671 1887 2833 1942 unius
2867 1900 2962 1940 eas
3005 1898 3133 1938 esse
3168 1880 3492 1936 substantia.
3532 1878 3616 1933 Sed
3642 1879 3737 1934 aliud

2258 1981 2370 2054 (l9)
2407 1981 2515 2036 alio
2554 1980 2715 2050 longe
2749 1975 2970 2033 diﬂ‘erre
3004 1971 3371 2044 ignorantiam
3416 1970 3595 2041 pastori
3620 1971 3737 2024 ascri-

2257 2075 2463 2140 bimus,
2490 2072 2617 2143 quia
2647 2085 2754 2125 non
2785 2078 2965 2140 aptam
2996 2081 3209 2132 escam,
3238 2063 3367 2133 quin
3390 2063 3550 2133 potius
3573 2062 3736 2116 alienam

2257 2160 2471 2227 obtulit,
2520 2159 2604 2214 vel
2633 2156 2863 2228 projecit
2896 2154 3067 2210 leoni.
3107 2152 3217 2207 Aut
3256 2150 3394 2207 forte
3429 2165 3597 2205 rursus
3624 2150 3737 2207 dissi-

2258 2254 2466 2307 mulare
2512 2250 2723 2315 volens,
2763 2248 2912 2303 dices
2945 2245 3114 2312 mihi,
3141 2243 3269 2314 quia
3304 2244 3438 2298 nihil
3485 2243 3557 2298 leo
3582 2242 3650 2297 ille
3679 2259 3738 2298 co-

2257 2342 2530 2399 medebat.
2577 2340 2806 2396 Illumne
2850 2341 3014 2412 igitur
3071 2339 3169 2411 qui
3212 2335 3484 2393 comedere
3522 2335 3736 2397 nesciebat.

2244 2436 2373 2506 ipse
2402 2435 2471 2491 ad
2517 2432 2911 2489 comedendum
2949 2433 3200 2488 animam
3232 2428 3546 2501 provocavit,
3571 2426 3736 2483 necsoh

2258 2526 2413 2581 fovea
2444 2525 2512 2580 ad
2543 2524 2918 2594 decipiendum
2943 2539 3077 2577 eum
3109 2521 3188 2575 uti
3222 2518 3408 2583 voluit,
3437 2518 3479 2574 si
3507 2528 3649 2571 tamen
3670 2516 3736 2570 hoc

2258 2619 2482 2689 dignum
2521 2626 2605 2673 est
2655 2616 2833 2672 facere
2879 2614 3082 2680 Deum,
3127 2624 3184 2671 et
3225 2614 3379 2669 dolos
3425 2608 3735 2682 exquirerem

2260 2709 2401 2766 sicut
2437 2725 2533 2763 rex
2562 2708 2782 2779 aliquis,
2810 2707 2952 2762 bello
2987 2707 3101 2762 sibi
3134 2707 3305 2773 illato,
3332 2719 3629 2775 nequaquam
3653 2719 3734 2773 pro-

2259 2802 2376 2874 pria
2399 2802 2597 2856 virtute
2629 2800 2890 2863 conlisus,
2932 2798 3025 2855 sed
3070 2799 3460 2854 imbecillitatis
3490 2811 3584 2850 suae
3607 2794 3736 2850 timore

2261 2894 2603 2965 perterritus,
2637 2892 2809 2947 muris
2840 2891 2955 2961 ipse
2990 2892 3152 2947 urbis
3175 2892 3435 2956 inclusus,
3464 2888 3626 2942 vallum
3643 2886 3732 2939 slia-

2259 3001 2366 3057 que
2410 2985 2747 3039 munimenta
2788 2982 3099 3038 circumdat
3130 2998 3196 3038 ac
3238 2988 3514 3053 praeparat,
3543 2978 3673 3032 manui
3690 2990 3733 3029 ac

2259 3079 2469 3134 viribus
2508 3078 2643 3133 nihil
2688 3077 2892 3141 lidcns;
2939 3074 2984 3129 si
3033 3091 3171 3131 vero
3218 3077 3301 3130 vir
3342 3074 3489 3130 fortis
3524 3069 3725 3135 sit,etism

2184 3149 2226 3207 (ἶ
2261 3188 2423 3242 porro
2461 3187 2492 3225 a
2524 3171 2638 3239 suis
2671 3170 2870 3226 ﬁnibus
2897 3170 2949 3223 in
2980 3184 3281 3226 occursum
3311 3168 3448 3224 hosti
3479 3162 3667 3237 procedit.
3685 3168 3727 3213 et

2256 3264 2367 3335 agit
2399 3262 2602 3330 omnia,
2645 3277 2930 3333 usquequo
2973 3264 3163 3318 vincat
3202 3273 3258 3317 et
3300 3260 3524 3316 obtineat
3549 3254 3727 3310 adversa-

2257 3370 2421 3410 rium.

2326 3468 2515 3525 XXVI.
2548 3467 2764 3526 Iudices
2790 3471 3037 3525 dixerunt
3066 3485 3087 3523 :
3112 3468 3175 3525 Si
3204 3467 3289 3523 ais
3313 3473 3557 3538 pastorem
3573 3458 3728 3516 bellum

2258 3563 2373 3619 sive
2402 3578 2603 3634 agnum
2638 3562 2780 3619 leoni
2818 3561 3137 3633 proiecisse,
3178 3576 3302 3616 cum
3347 3558 3433 3612 ille
3464 3548 3731 3612 irruerctad-

2255 3671 2473 3712 versum
2516 3655 2841 3726 ingenitum,
2873 3663 3058 3715 actum
3116 3661 3225 3708 est.
3257 3650 3424 3718 Quem
3470 3647 3589 3703 enim
3608 3648 3727 3713 potest

2253 3746 2501 3816 judicare
2530 3757 2716 3817 pastor
2737 3745 3024 3801 haedorum
3061 3755 3232 3815 atque
3253 3755 3525 3815 agnorum,
3544 3733 3729 3801 eumipsa

2258 3840 2566 3897 inveniatur
2589 3840 2670 3896 eis
2715 3840 2770 3894 in
2812 3837 3032 3902 delicto,
3074 3838 3125 3892 si
3174 3851 3340 3891 causa
3385 3832 3586 3888 tradiws
3614 3826 3722 3880 etiam

2257 3948 2429 4004 agnus
2461 3947 2556 4001 per
2576 3930 2948 3985 inlirmitatem
2976 3927 3219 3998 pastoris
3245 3924 3489 3981 resistere
3511 3934 3595 3975 non
3611 3911 3725 4004 valuit

2255 4000 2421 4089 leoni,
2444 4000 2856 4093 etfconsequens
2870 4028 2972 4086 est,
3006 4027 3064 4073 ut
3093 4019 3454 4089 quodcunque
3480 4000 3723 4067 iueritieoni

2256 4116 2492 4176 libitum.
2520 4123 2704 4184 gerat;
2732 4122 2989 4183 tanquam
3014 4112 3060 4167 si
3105 4111 3362 4168 dominus
3384 4120 3537 4163 unum
3565 4116 3591 4157 e
3612 4094 3729 4154 seriis

2257 4208 2374 4263 suis
2397 4206 2650 4277 ejectum,
2678 4204 2761 4259 vel
2793 4220 2888 4274 per
2914 4213 3120 4258 metum
3140 4202 3338 4283 _tradat
3357 4191 3627 4255 adversario
3647 4199 3729 4285 sua,

2257 4319 2418 4374 quem
2453 4317 2647 4357 rursus
2684 4299 2923 4371 recipere
2954 4298 3073 4354 suis
3126 4298 3336 4354 viribus
3370 4308 3473 4349 non
3506 4280 3671 4374 valeati
3693 4275 3732 4330 Si

2257 4373 2388 4451 vero
2411 4409 2542 4451 casu
2573 4393 2758 4463 aliquo
2774 4393 3086 4464 provenerit
3105 4407 3232 4446 eum
3264 4386 3443 4457 recipi,
3466 4396 3557 4454 qua
3577 4373 3730 4464 laudet"

578 4460 701 4542 Dei
734 4460 970 4558 potentia
997 4529 1013 4555 ,
1059 4498 1113 4543 et
1174 4506 1452 4561 nunquam
1497 4460 1766 4546 machinis
1800 4460 2149 4561 quibusdam,
2184 4499 2227 4555 D
2256 4487 2469 4541 ratione
2503 4460 2862 4540 tormenta—ei
2901 4484 3103 4553 poterit
3144 4484 3406 4552 irrogare,
3444 4477 3485 4530 si
3523 4471 3578 4527 ad
3601 4460 3733 4561 ρωῐιὶε

576 4584 633 4634 et
657 4580 826 4637 foveae
863 4581 1025 4636 haedo
1061 4582 1175 4638 sive
1219 4598 1358 4653 agno
1391 4583 1625 4639 tradito?
1653 4583 1750 4639 Die
1786 4583 1918 4638 mihi
1971 4584 2135 4638 etiam

576 4673 735 4739 illud,
770 4674 815 4728 si
844 4674 1047 4743 pastori
1079 4675 1425 4744 superveniat
1455 4675 1562 4741 leo,
1594 4689 1703 4728 non
1742 4674 1959 4729 habenti
1989 4690 2144 4740 oves,

577 4766 709 4837 quid
756 4766 884 4822 ﬁet?
917 4765 1195 4835 ingenitus
1236 4766 1378 4821 enim
1416 4763 1522 4831 est,
1566 4768 1658 4837 qui
1693 4768 1894 4822 dicitur
1938 4776 2144 4838 pastor,

576 4855 854 4927 ingenitus
879 4872 1096 4928 quoque
1127 4858 1288 4913 etiam
1317 4857 1423 4912 leo.
1457 4857 1596 4913 Cum
1621 4875 1750 4930 ergo
1779 4859 2021 4914 nonduin
2056 4875 2147 4916 es-

646 4993 690 5025 “
714 4992 902 5049 Matth.
937 5010 1052 5057 nx,
1085 4994 1169 5049 11.
1247 4992 1466 5050 "Joan.
1497 5012 1552 5060 χ,
1583 4995 1673 5050 27.

649 5131 763 5199 (15)
802 5131 860 5204 In
898 5132 1180 5188 Casinensi
1228 5132 1415 5204 codice
1452 5134 1730 5199 scribitur,
1765 5154 1783 5185 ε
1815 5134 1977 5188 etiam
2011 5134 2142 5204 qui-

574 5202 722 5258 dem.
751 5222 771 5254 ι
812 5202 916 5258 Sed
955 5203 1238 5274 legendum
1269 5203 1502 5274 videtur,
1535 5222 1553 5254 ι
1586 5213 1641 5257 et
1674 5206 1786 5273 jam
1831 5202 2085 5272 quidem;
2120 5223 2138 5255 ι

577 5287 722 5344 saepe
762 5274 906 5327 enim
962 5273 1026 5328 in
1066 5274 1166 5329 hoc
1216 5273 1401 5329 codice
1442 5273 1747 5344 junguntur
1792 5276 1976 5341 verba,
2023 5291 2145 5344 quae

574 5342 824 5414 disjungi
847 5344 1061 5398 debent.

650 5410 1071 5483 (lbl'Loquitur
1097 5413 1186 5470 hic
1214 5413 1515 5470 Archelaus
1546 5428 1612 5468 ex
1650 5410 1880 5469 Manetis
1923 5426 2143 5469 senten-

575 5482 673 5545 tia,
710 5485 804 5555 qui
838 5482 961 5539 cuin
989 5493 1260 5555 pastorem
1288 5486 1669 5555 praevidentem
1707 5501 1769 5539 ac
1797 5497 2144 5555 praenoscen-

577 5561 686 5624 tem
736 5554 1031 5608 inevitabili
1078 5555 1249 5609 leonis
1271 5554 1609 5610 devorationi
1655 5554 1971 5624 exposuisse
2027 5557 2143 5612 hae-

578 5620 710 5698 dum
755 5624 977 5690 diceret,
1033 5626 1346 5698 necessario,
1380 5620 1833 5698 consequebatur
1868 5636 2141 5696 pastorem

576 5692 755 5762 ipsum
798 5707 1018 5767 causam
1056 5709 1179 5767 esse
1222 5696 1547 5765 perditionis
1571 5692 1762 5764 'hoedi,
1790 5692 1951 5767 eique
1997 5697 2142 5753 illius

576 5781 764 5823 necem
791 5763 914 5833 jure
945 5764 1166 5821 ascribi.

2252 4595 2375 4650 quae
2393 4580 2442 4634 ci
2465 4576 2763 4647 imperabat
2789 4575 3063 4637 inimicus,
3090 4574 3335 4645 parebat,
3360 4582 3474 4625 cum
3489 4576 3594 4619 eum
3608 4559 3732 4626 illi“ml

2253 4670 2365 4743 (ΞΟ)
2398 4669 2680 4725 tradiderit
2722 4668 2971 4727 inimico,
3014 4667 3160 4722 sicut
3202 4663 3343 4720 leoni
3389 4650 3732 4716 hmdumnlm'

2250 4770 2567 4816 noscentem
2602 4759 2746 4814 enim
2773 4758 2977 4815 asseris
3004 4773 3129 4813 esse
3159 4765 3450 4828 pastorem.
3482 4743 3731 4836 Verberattts

2251 4854 2396 4908 enim
2441 4869 2635 4924 agnus,
2665 4861 2722 4908 et
2762 4851 3116 4922 interroganti
3148 4866 3209 4906 se
3253 4846 3467 4921 pastori,
3499 4853 3583 4896 cur
3607 4834 3649 4888 in
3673 4828 3730 4883 ius

2320 5125 2432 5199 (17)
2469 5123 2568 5179 llic
2593 5121 2796 5199 aliquid
2826 5121 3017 5199 deesse
3048 5119 3281 5199 videtur.
3308 5115 3503 5199 .Flortezl
3520 5127 3541 5199 μ
3567 5097 3727 5177 quam

2246 5188 2392 5251 enim
2417 5188 2607 5265 pastor
2638 5188 2739 5248 hoc
2764 5191 2938 5265 fecit?
2971 5189 3161 5265 Nonne
3193 5188 3386 5265 David,
3409 5208 3426 5237 ι
3461 5191 3599 5265 ειιξἶΔε

2315 5239 3012 5337 ξἴὲῖῑῖυῗὲόιῖὲξῑεῖ’ίῖὲὶυὸιῗσέ
3025 5239 3424 5337 inauratis
3450 5239 3724 5337 conicisti:-

2245 5315 3015 5405 sidéﬁéié;“q1{i"hibet;".'s'i
3058 5341 3115 5387 et
3158 5345 3321 5402 pura;
3364 5325 3464 5382 nisi
3507 5315 3720 5377 malueris.

2250 5426 2268 5458 ι
2302 5408 2345 5463 si
2376 5418 2467 5476 est,
2491 5421 2646 5476 pura.
2677 5423 2696 5456 ι
2894 5475 2899 5476 ί
3219 5473 3228 5476 _
3575 5454 3629 5476 ,ει
3649 5446 3714 5476 .;ι.;

2319 5447 2646 5549 iisii'ifoZJs'
2677 5447 2788 5531 iste
2812 5475 3031 5549 videtur
3071 5473 3383 5549 mendosus,
3412 5447 3718 5549 nec'quidmfilfi

2244 5533 2373 5604 vel‘it
2413 5533 2723 5603 ’Archelaus
2775 5547 2922 5601 clare
2978 5544 3331 5614 intelligitur,
3365 5537 3473 5614 nisi
3516 5533 3714 5614 ῙΘΕΨΫΞῙ

2423 5601 2599 5674 alium
2631 5618 2700 5689 ab
2720 5616 2827 5671 alio
2851 5618 3010 5689 longe
3033 5601 3249 5669 diﬂ‘ei're
3274 5601 3327 5669 si
3345 5610 3584 5665 dicamus.
3607 5601 3720 5663 is"?

2245 5690 2473 5745 rautiam
2502 5688 2705 5758 pastori
2738 5687 3088 5742 ascribiinus.
3126 5704 3146 5737 ι

2317 5760 2429 5831 (‘20)
2461 5754 2622 5816 Forte
2660 5760 2965 5830 legendum,
3008 5776 3027 5810 ι
3063 5772 3188 5813 cum
3223 5754 3348 5821 ipse.
3379 5770 3398 5804 ο
