3996 6208
568 298 700 356 N71

1561 296 1748 353 ACTA
1789 292 2317 352 DISPUTATIONIS
2383 293 2441 349 S.
2476 292 2815 355 ABCHELAI

3602 298 3705 355 im

565 428 831 493 posceret,
866 420 1195 489 devitarent,
1238 429 1404 492 atque
1449 419 1688 477 alienum
1722 435 1845 476 esse
1892 435 2134 492 pronun-
2163 423 2210 481 Α
2235 416 2447 474 Patrem
2471 427 2744 484 meum,et
2770 417 2925 473 mitto
2948 416 3101 473 vobis
3116 414 3511 485 Paracletum“,
3532 437 3548 471 ι
3568 423 3708 478 statim

565 518 764 574 tiarent
793 517 940 589 (54);
972 533 1111 586 opus
1139 526 1318 573 autem
1354 516 1528 587 magis
1560 513 1736 571 facere
1758 514 1959 570 debere
1982 529 2128 576 eum,

562 612 656 683 qui
704 611 869 681 recipi
902 611 1046 666 velit.
1077 610 1363 678 Quomodo
1392 625 1523 681 ergo
1568 609 1653 664 his
1696 610 1952 665 omnibus
1995 610 2133 666 bene

562 710 819 772 recteque
860 701 1139 771 dispositis
1172 711 1225 757 et
1262 700 1500 765 statutis,
1530 716 1594 756 ac
1623 700 1860 771 plurimo
1890 710 2133 773 tempore

562 789 706 847 ineo
736 800 881 847 statu
926 791 1433 861 perseverantibus,
1465 806 1588 845 eum
1622 790 1714 861 qui
1763 800 1886 861 post
1923 800 2133 846 trecen-

562 892 648 941 tos
682 883 791 940 fere
837 899 1014 939 annos
1050 884 1279 949 venerit,
1307 893 1360 938 et
1389 883 1652 937 hazredem
1692 899 1813 937 esse
1844 898 1903 938 se
1924 882 2130 938 conﬁr—

560 985 692 1041 met,
729 993 834 1031 non
862 976 1204 1044 abjiciemus,
1243 991 1351 1030 non
1373 976 1518 1044 juste
1540 975 1777 1030 alienum
1808 976 2131 1044 pronuntia-

561 1083 705 1132 mus,
738 1068 830 1137 qui
868 1084 967 1122 nec
992 1068 1059 1122 de
1103 1066 1426 1137 propinquis
1473 1081 1532 1122 se
1580 1082 1699 1122 esse
1745 1068 2002 1133 ostendit,
2034 1069 2126 1137 qui

510 1218 511 1221 η
560 1155 820 1214 defuncto
874 1168 1062 1213 nostro
1117 1174 1223 1212 non
1284 1156 1521 1212 adfuerit
1564 1158 1868 1227 aegrotanti,
1932 1159 2027 1229 qui
2076 1158 2128 1211 in

560 1253 847 1321 exsequias
871 1268 975 1305 non
1008 1252 1129 1305 ierit
1154 1250 1444 1317 Cruciﬁxo,
1473 1250 1564 1321 qui
1585 1251 1832 1320 sepulcro
1864 1267 1972 1305 non
2000 1251 2133 1306 asti-

560 1345 708 1410 terit,
742 1344 834 1414 qui
887 1344 1111 1398 omnino
1162 1342 1390 1406 nesciat,
1436 1344 1717 1412 quomodo
1761 1352 1854 1413 aut
1893 1343 2131 1413 qualiter

560 1438 850 1495 defunctus
870 1448 974 1507 est,
1001 1438 1094 1507 qui
1139 1436 1381 1507 denique
1403 1436 1720 1491 thesaurum
1762 1434 2019 1492 frumenti
2048 1436 2133 1491 in-
2186 1492 2194 1511 ι

560 1531 711 1604 gredi
744 1531 950 1600 cupiat.
1000 1530 1149 1584 nullo
1181 1530 1382 1585 indicio
1429 1528 1607 1583 delato
1648 1529 1716 1583 ab
1750 1543 1816 1584 eo
1851 1530 1945 1600 qui
1975 1529 2129 1584 obsi-

560 1623 842 1696 gnaverit?
866 1620 1058 1678 Nonne
1086 1636 1234 1687 eum,
1268 1631 1527 1692 tanquam
1569 1620 1835 1676 latronem
1870 1632 1923 1677 et
1953 1620 2127 1678 furem

560 1716 903 1786 abjiciemus.
945 1729 1009 1770 ac
1061 1713 1239 1769 modis
1286 1716 1541 1770 omnibus
1599 1714 1971 1785 expellcmns?
2004 1713 2128 1770 Haec

560 1780 725 1878 igitur
767 1807 942 1877 signa,
992 1820 1114 1877 quze
1174 1805 1225 1859 in
1283 1806 1558 1876 praedictis
1612 1780 2126 1876 comprehendimus
2158 1780 2200 1837 Β

557 1898 843 1966 exemplis,
876 1897 977 1953 istc
1025 1913 1131 1951 non
1173 1895 1424 1951 deferens
1462 1896 1633 1963 adest,
1668 1898 1855 1953 dicens
1900 1914 1958 1953 se
2007 1915 2127 1955 esse

557 1989 902 2045 Paracletum
943 1989 1035 2059 qui
1074 1989 1142 2042 ab
1175 1985 1302 2042 Jcsu
1335 1989 1695 2058 pransignatus
1735 1997 1821 2043 est
1852 1990 2024 2057 mitti;
2068 1990 2123 2045 in

556 2099 668 2155 quo
703 2086 1017 2138 mendacem
1052 2082 1190 2151 ('55),
1228 2083 1488 2153 ignorans
1529 2081 1761 2138 fortasse
1796 2095 2002 2139 asscret
2033 2085 2125 2140 .le-

556 2193 712 2242 sum;
735 2177 827 2247 qui
856 2176 1000 2230 enim
1028 2175 1240 2230 dixerat
1270 2191 1327 2230 se
1358 2191 1462 2229 non
1490 2176 1658 2230 multo
1684 2186 1805 2245 post
1827 2178 2123 2234 missurum

553 2285 676 2328 esse
703 2268 1064 2331 Paracletunt,
1101 2267 1376 2323 invenitur
1409 2266 1519 2339 (56)
1546 2278 1663 2337 post
1691 2278 1961 2324 trecentos
1986 2281 2038 2325 et
2061 2286 2127 2325 eo

555 2362 788 2431 amplius
815 2375 990 2415 annos
1023 2358 1240 2414 misisse
1289 2357 1454 2422 hunc,
1504 2358 1646 2412 sicut
1676 2358 1790 2427 ipse
1835 2360 1937 2414 sibi
1977 2362 2128 2416 testi-

556 2456 801 2510 monium
841 2454 1104 2525 perhibet.
1137 2451 1277 2520 Quid
1308 2450 1491 2504 dicent
1529 2448 1656 2505 Jesu
1710 2451 1761 2505 in
1806 2451 1894 2507 die
1933 2453 2123 2523 judicii

555 2545 653 2611 illi,
678 2547 769 2616 qui
792 2545 903 2614 jam
934 2545 1039 2599 vita
1065 2549 1418 2599 excesserunt
1448 2556 1513 2595 ex
1549 2542 1640 2595 illo
1678 2550 1917 2613 trmpoue
1950 2561 2126 2616 usque

556 2639 735 2694 nunc?
766 2638 951 2693 Nonne
979 2639 1093 2692 haec
1132 2636 1274 2707 apud
1307 2652 1430 2690 eum
1478 2636 1790 2707 allegabunt
1822 2658 1834 2692 :
1870 2636 1988 2693 Noli
2025 2656 2125 2696 nos

554 2733 823 2797 cruciare,
852 2732 897 2786 si
927 2745 1091 2800 opera
1122 2739 1214 2784 tua
1262 2744 1369 2782 non
1398 2727 1625 2782 fecimus
1651 2746 1665 2794 ;
1698 2746 1797 2785 cur
1821 2731 1965 2784 etaim
2000 2748 2123 2786 rum

553 2825 871 2893 promiseris
902 2825 1004 2880 sub
1050 2821 1269 2877 Tiberio
1312 2818 1527 2875 Ctesare
1576 2822 1876 2877 missurum
1924 2835 1973 2880 te
2006 2840 2127 2880 esse

553 2915 916 2981 Paraclctum,
946 2916 1039 2987 qui
1070 2924 1319 2985 argueret
1357 2928 1458 2969 nos
1486 2913 1552 2968 de
1599 2926 1823 2985 peccato
1850 2927 1903 2972 et
1930 2918 1997 2973 de
2036 2919 2128 2988 ju-

554 3009 701 3063 stitia
739 3008 805 3074 ³ο,
848 3009 949 3063 sub
997 3005 1175 3063 Probo
1226 3008 1445 3061 demum
1501 3002 1748 3060 Romano
1801 3008 2127 3078 imperatore

2240 512 2409 579 misit,
2436 512 2705 577 dividens,
2731 511 2943 567 donans
2965 511 3243 581 discipulis
3262 511 3399 579 suis;
3419 511 3710 573 abundantius

2236 620 2364 660 vero
2397 603 2685 660 conferens
2713 602 2881 658 Paulo
2911 603 3043 677 (58).

2305 695 2543 753 XXVIII.
2580 695 2763 751 Manes
2787 697 2923 751 dixit
2950 715 2967 752 :
2996 695 3208 753 Tuimet
3234 694 3397 758 ipsius
3422 695 3590 750 indicio
3602 713 3715 753 com-

2234 791 2539 861 prehensus
2589 805 2669 845 es.
2717 788 2842 846 Haec
2893 789 3037 844 enim
3089 790 3369 844 adversum
3422 798 3469 843 te
3523 789 3712 861 locutus,

2235 884 2478 956 ignoras,
2524 881 2654 952 quia
2694 881 2823 936 dum
2875 880 2930 936 in
2976 897 3063 936 me
3109 880 3189 936 vis
3238 881 3425 952 probra
3472 882 3713 950 conjicere,

2234 973 2433 1043 majori
2462 974 2635 1044 culpae
2662 972 2996 1029 succumbis.
3034 970 3129 1026 Dic
3174 988 3271 1042 age
3302 972 3447 1039 mihi,
3483 974 3545 1040 si,
3566 983 3613 1029 ut
3641 977 3714 1043 ais,

2233 1066 2327 1136 qui
2357 1081 2387 1121 a
2418 1065 2640 1120 Tiberio
2671 1082 2841 1135 usque.
2890 1066 2956 1119 ad
2988 1064 3221 1121 Probum
3257 1066 3482 1121 defuncti
3514 1078 3635 1133 sunt,
3658 1068 3715 1122 di-

2233 1167 2359 1213 cent
2383 1158 2450 1212 ad
2494 1157 2677 1213 Jesum
2710 1174 2723 1210 :
2764 1156 2883 1211 Noli
2916 1173 3013 1213 nos
3051 1158 3316 1229 judicare,
3351 1159 3468 1228 quia
3495 1174 3631 1230 opera
3651 1170 3714 1217 tua

2237 1263 2344 1302 non
2394 1246 2656 1312 fecimus;
2685 1261 2791 1301 non
2827 1246 2971 1300 enim
3013 1247 3211 1301 misisti
3248 1247 3398 1303 nobis
3429 1246 3715 1309 [’aracletum.

2236 1355 2360 1393 cum
2393 1339 2597 1395 dixeris
2645 1350 2695 1393 te
2734 1338 3030 1394 missurum
3061 1337 3173 1409 (59}
3206 1354 3220 1391 :
3254 1354 3358 1393 non
3408 1339 3557 1394 multo
3592 1341 3717 1412 magis

2232 1430 2310 1485 illi
2341 1431 2455 1485 haec
2486 1431 2688 1496 dicent,
2718 1430 2863 1500 quia
2895 1428 3077 1501 Moyse
3105 1445 3276 1500 usque
3304 1431 3367 1484 ad
3389 1431 3637 1485 adventum
3660 1433 3717 1502 ip-

2234 1524 2349 1579 sius
2370 1521 2497 1579 .lesn
2527 1523 2729 1579 Christi
2754 1524 2863 1578 vita
2895 1532 3269 1587 excesserunt,
3303 1532 3357 1577 et
3384 1538 3445 1578 eo
3472 1524 3641 1580 rectius
3659 1526 3719 1580 di-

2232 1626 2355 1672 cent
2390 1635 2403 1670 :
2436 1614 2556 1670 Noli
2603 1632 2704 1671 nos
2762 1618 2974 1672 tradere
3025 1616 3313 1672 tormentis
3356 1615 3480 1688 (40),
3520 1618 3718 1688 quoniam

2230 1709 2565 1780 agnitionem
2620 1712 2696 1764 tui
2727 1725 2833 1763 non
2881 1709 3232 1780 accepimus?
3267 1707 3330 1762 Et
3373 1724 3470 1762 non
3505 1709 3649 1763 solum
3682 1708 3719 1762 hi

2229 1802 2321 1872 qui
2366 1811 2491 1857 ante
2542 1803 2714 1873 ipsius
2763 1804 3049 1857 adventum
3101 1803 3466 1865 decesserunt,
3502 1802 3607 1872 jure
3640 1802 3721 1858 haec

2229 1895 2461 1965 allegare
2487 1893 2844 1961 videbuntur;
2878 1910 3065 1949 verum
3089 1895 3258 1949 etiam
3287 1893 3381 1959 illi,
3408 1892 3493 1963 qui
3517 1891 3574 1946 ab
3596 1892 3718 1945 Adam

2231 2003 2406 2059 usque
2455 1988 2520 2043 ad
2560 1989 2848 2044 adventum
2892 1986 3020 2044 Jesu
3064 1986 3358 2042 obierunt?
3402 1984 3566 2054 Neque
3604 1984 3721 2038 Para-

2229 2081 2353 2136 cleti
2401 2082 2544 2136 enim
2601 2082 2881 2138 scientiam
2934 2080 3215 2136 consecuti
3265 2090 3409 2144 sunt,
3454 2094 3604 2148 neque
3627 2075 3716 2131 Jrsu

2226 2174 2473 2229 doctrina
2507 2174 2702 2229 eruditi
2746 2184 2893 2229 sunt.
2924 2172 3029 2227 Sed
3086 2173 3193 2227 hoc
3227 2171 3401 2226 soium
3425 2170 3634 2225 ultimum
3654 2183 3718 2240 ge-

2228 2284 2331 2321 nus
2364 2268 2666 2333 hominum,
2713 2276 2772 2323 ιιι
2801 2267 2905 2332 ais,
2928 2264 3073 2337 quod
3103 2279 3134 2318 a
3189 2263 3403 2319 Tiberio
3440 2272 3533 2327 est,
3562 2263 3717 2315 salven-

2230 2367 2316 2414 tur
2345 2360 2490 2430 (il);
2522 2360 2635 2428 ipse
2662 2360 2807 2414 enim
2838 2377 2855 2409 ι
2886 2372 2980 2414 eos
2998 2355 3256 2412 Christus
3277 2356 3343 2411 de
3358 2356 3612 2410 maledicto
3628 2353 3720 2424 legit

2231 2452 2461 2508 redemit
2504 2452 2584 2519 δ’,
2636 2471 2657 2505 ι
2714 2451 2856 2507 sicut
2908 2450 3109 2507 Paulus
3165 2450 3521 2506 testimonium
3567 2446 3717 2501 dedit:

2232 2563 2252 2597 ι
2291 2543 2428 2611 Quia
2464 2545 2639 2599 littera
2670 2543 2891 2608 occidit,
2926 2560 3027 2600 nec
3047 2558 3380 2615 quemquam
3413 2536 3714 2602 vit'ilicat“,i

2227 2647 2282 2692 et
2313 2656 2331 2689 ι
2371 2637 2524 2703 Quod
2561 2636 2644 2691 lex
2691 2636 3054 2690 ministerium
3093 2638 3295 2691 mortis
3324 2635 3480 2697 est“,
3508 2634 3720 2700 virtusque

2232 2730 2438 2799 peccati
2469 2729 2534 2783 “.
2574 2747 2593 2780 ι
2626 2726 2914 2782 Archelaus
2946 2728 3083 2783 dixit
3109 2745 3130 2784 :
3168 2727 3336 2783 Erras
3371 2726 3594 2783 nesciens
3617 2721 3720 2778 Scri-

2229 2823 2499 2893 ptnras“,
2523 2836 2699 2891 neque
2722 2820 2972 2875 virtutem
3004 2819 3096 2875 Dei
3122 2839 3138 2886 ;
3170 2821 3323 2875 multi
3336 2820 3471 2873 enim
3494 2817 3720 2885 etiampost

2227 2913 2518 2969 adventum
2548 2912 2749 2969 Christi
2792 2927 2963 2981 usque
2982 2926 3129 2967 nunc
3163 2915 3440 2983 perierunt
3461 2920 3511 2966 et
3537 2914 3716 2979 perenni;

2229 3009 2284 3064 hi
2322 3007 2551 3069 scilicet,
2597 3007 2692 3077 qui
2732 3006 2989 3076 operibus
3022 3004 3255 3075 justitize
3296 3003 3549 3060 deservire
3583 2997 3717 3052 solue.

553 3101 778 3165 misisti,
810 3101 1088 3169 orphanos
1134 3097 1491 3169 dereliquisti,
1529 3097 1657 3152 dum
1710 3100 1823 3168 ipse
1867 3102 2071 3156 dixeris
2101 3120 2113 3156 :
2148 3125 2193 3185 ε
2229 3110 2386 3167 runt;
2420 3100 2496 3155 illi
2527 3113 2655 3153 vero
2684 3098 2812 3165 soli,
2838 3097 2930 3167 qui
2960 3106 3323 3168 susceperunt
3353 3112 3470 3152 eum
3515 3103 3562 3149 et
3595 3090 3717 3148 susci-

558 3208 580 3245 ι
618 3189 733 3246 Non
783 3191 1156 3262 derelinquam
1214 3207 1315 3246 vos
1358 3191 1635 3259 orphanos
1659 3191 1725 3255 ",
1767 3209 1785 3241 ι
1830 3207 1953 3245 cum
2006 3194 2121 3263 ipse

552 3281 757 3339 dixeris
797 3292 867 3347 te,
913 3299 1039 3337 mox
1081 3284 1208 3347 ires,
1255 3285 1553 3340 missurum
1593 3301 1713 3341 esse
1741 3284 2123 3342 Paraclctum?

557 3374 696 3442 Quid
732 3383 1045 3445 poteramus
1071 3375 1301 3444 orphani
1327 3375 1525 3442 facere,
1556 3393 1663 3431 non
1694 3378 1953 3432 habentes
1979 3387 2123 3432 tuto-

551 3468 709 3523 rem?
731 3467 863 3521 nihil
892 3483 989 3523 nos
1020 3467 1351 3537 deliquinus,
1386 3477 1442 3523 tu
1472 3485 1572 3525 nos
1601 3469 1856 3525 fefellisti.
1887 3468 1990 3524 Sed
2020 3472 2114 3525 ab-

551 3560 626 3616 sit
671 3559 783 3629 (57)
820 3558 924 3613 hoc
952 3573 983 3613 a
1030 3556 1259 3613 Domino
1300 3570 1487 3615 nostro
1524 3559 1653 3616 Jesu
1680 3561 1901 3616 Christo
1930 3559 2121 3615 Salva-

551 3665 671 3712 tore
711 3652 890 3708 omnis
918 3653 1133 3707 anima’.
1175 3650 1292 3707 Non
1326 3653 1472 3708 enim
1511 3663 1758 3710 moratus
1785 3662 1870 3708 est
1896 3654 1950 3708 in
1991 3669 2135 3725 prow

552 3748 910 3807 missionibus
959 3748 1094 3815 suis,
1149 3748 1244 3803 sed
1294 3764 1418 3805 cum
1467 3748 1743 3803 dixisset:
1795 3765 1815 3799 ι
1860 3745 2007 3804 Vado
2055 3752 2121 3803 ad

2225 3195 2399 3266 piunt,
2436 3210 2455 3243 t
2491 3198 2812 3260 potestatem
2859 3203 3193 3261 acceperunt
3240 3190 3333 3245 lilii
3379 3188 3468 3243 Dei
3512 3183 3714 3241 lieri".i

2225 3286 2345 3343 Non
2376 3286 2521 3341 enim
2567 3297 2760 3339 omnes
2794 3282 2970 3350 dixit;
3002 3283 3095 3338 sed
3145 3298 3324 3354 neque
3364 3291 3558 3353 tempus
3591 3272 3721 3332 termi-

2225 3379 2410 3436 navit:
2440 3397 2461 3430 ¢
2489 3376 2816 3446 Quicunque
2839 3377 3007 3440 enim,
3037 3377 3239 3447 inquit,
3272 3382 3712 3444 acceperunteunm

2224 3474 2391 3530 Adest
2423 3481 2603 3526 autem
2636 3484 2849 3539 semper
2867 3468 3033 3540 justis
3063 3469 3222 3534 viris,
3246 3484 3275 3523 a
3307 3475 3539 3524 creatura
3565 3457 3715 3523 mundi,

2229 3582 2330 3623 nec
2366 3573 2546 3620 cessat
2585 3562 2865 3633 inquirere
2912 3560 3242 3630 sanguinem
3288 3560 3519 3631 ipsorum
3556 3570 3611 3609 ex
3633 3566 3717 3606 san-

2231 3660 2393 3730 guine
2422 3657 2553 3711 Abel
2578 3655 2734 3725 justi,
2764 3670 2937 3724 usque
2966 3653 3032 3707 ad
3071 3655 3398 3724 sanguinem
3429 3641 3716 3705 Zachariae“.

2234 3744 2387 3801 Unde
2416 3757 2547 3813 ergo
2572 3742 2706 3797 Abel
2730 3741 2932 3813 justus,
2969 3748 3024 3796 et
3048 3740 3124 3795 illi
3149 3756 3346 3797 omnes
3370 3739 3547 3811 reliqui
3570 3750 3642 3808 per
3659 3746 3719 3787 or-

624 3889 667 3923 ³⁹
695 3888 853 3945 Jonn.
883 3905 992 3952 xw,
1028 3889 1080 3944 8.
1154 3889 1199 3922 δ’
1227 3887 1329 3944 Job
1357 3907 1464 3953 xiv,
1506 3889 1592 3945 18.
1670 3891 1711 3920 δ’
1750 3888 1885 3944 ibid.
1923 3889 2009 3952 16.
2040 3890 2129 3944 28.

2207 3891 2250 3923 δ’
2283 3886 2458 3943 Galat.
2494 3898 2576 3948 ιιι,
2607 3880 2710 3949 fi?»
2786 3881 2831 3914 “
2863 3881 2907 3938 li
2936 3882 3062 3938 Cor.
3107 3898 3194 3949 ιιι,
3224 3881 3278 3938 6.
3354 3882 3400 3914 ⁸⁸
3429 3880 3590 3936 llCor.
3611 3871 3714 3941 ιιι,7.

551 3959 789 4015 "lCor.
815 3977 902 4025 xv,
960 3961 1050 4016 56.
1124 3960 1532 4026 "Matth.xxn,
1562 3960 1653 4015 29.
1728 3958 1772 3993 "
1805 3958 1964 4015 Joan.
2002 3976 2042 4028 ι,
2078 3961 2165 4014 12.

626 4118 738 4192 (54)
765 4120 869 4175 Aut
896 4121 1043 4192 nihil
1071 4122 1245 4185 video,
1294 4129 1389 4176 aut
1417 4121 1488 4176 ita
1525 4122 1893 4178 restituendus
1919 4133 2003 4179 est
2033 4124 2123 4179 hic

550 4189 1019 4262 locus'manifeste
1061 4203 1378 4262 corruptus;
1410 4209 1532 4246 nam
1566 4194 1618 4246 in
1663 4194 1849 4248 codice
1884 4195 1955 4248 ita
1980 4197 2117 4249 scri-

551 4261 698 4333 bitur
727 4279 741 4316 :
775 4280 792 4311 ι
822 4260 915 4314 Sin
941 4272 1117 4317 autem
1136 4260 1423 4317 conderem
1462 4279 1518 4317 sc
1552 4263 1758 4327 dicens,
1778 4275 2116 4333 exposceret,

551 4331 855 4403 devitarent
882 4335 1155 4402 persequi,
1188 4334 1422 4387 alienum
1451 4349 1572 4388 esse
1596 4331 1993 4403 pronuntiaret.
2028 4353 2046 4387 ι

625 4402 737 4473 (35)
765 4402 887 4474 lico
920 4404 1106 4474 eodem
1130 4412 1450 4474 argumento
1473 4402 1738 4459 adversus
1767 4402 2128 4461 Montanistas

2241 3961 2287 3991 ⁸⁸
2308 3956 2495 4012 Matth.
2532 3967 2663 4009 χχιιι
2682 3993 2696 4017 ,
2724 3954 2813 4009 35.

2230 4120 2454 4177 Christo
2490 4119 2773 4175 Salvatore
2803 4133 2964 4173 omne
2997 4117 3216 4173 anime.
3255 4137 3275 4171 ι

2232 4175 2261 4241 ί
2284 4175 2590 4261 ’(ΞΘῘΜὶιθε
2628 4190 2717 4261 hic
2745 4200 2798 4243 et
2842 4189 2895 4261 in
2942 4204 3096 4259 seqq.
3139 4190 3464 4261 depravatus
3500 4191 3571 4261 est
3602 4175 3722 4261 rodet

2236 4256 2576 4334 Casiniensis,
2626 4260 2680 4313 in
2726 4274 2834 4334 quo
2880 4256 3092 4334 legitur,
3153 4256 3605 4334 ¢_'Abundant_ibus
3637 4259 3725 4334 νςςο

2233 4337 2499 4389 confitens
2531 4330 2721 4384 Paulo.
2745 4326 2955 4384 'Manes'
2974 4330 3111 4382 dixit
3144 4328 3363 4384 :Tuum
3411 4336 3463 4381 et
3494 4326 3632 4393 ipsius
3665 4326 3725 4369 in-

2233 4405 2377 4458 dicio
2401 4401 2827 4470 comprehensus
2854 4417 2944 4466 es;
2985 4403 3096 4455 haec
3136 4401 3284 4454 enim
3318 4390 3523 4470 versum
3556 4390 3728 4470 telum!-

549 4455 734 4545 gmu‘."
764 4455 1083 4545 Theodorus
1135 4455 1446 4529 iis-sseae
1478 4455 1734 4545 "sese:
1768 4455 2125 4545 'gu'iie'ag:
2158 4455 2202 4510 υ
2236 4455 2650 4545 resignatas.
2692 4473 2819 4541 qui.
2857 4455 2985 4525 at...
3006 4471 3232 4545 _r_ne_v_is
3272 4469 3468 4545 p.01...
3479 4462 3724 4545 ,ςοηίίᾳτςφ

549 4541 735 4614 Joan.,
770 4558 915 4597 vers.
946 4543 1035 4614 i7,
1069 4559 1190 4599 cum
1224 4545 1442 4614 inquit:
1474 4563 1492 4594 t
1530 4541 1733 4600 Nam'si
1772 4544 1878 4601 illis
1908 4561 2016 4599 non
2047 4541 2125 4599 di-

550 4612 843 4737 lifeutibus
878 4613 1076 4674 solum,
1110 4615 1201 4668 sed
1236 4612 1418 4684 et'pro
1460 4614 1568 4668 Deo
1600 4623 1828 4670 mortem
1864 4627 2123 4685 oppeten-

550 4685 588 4737 ti
616 4701 719 4737 ius.
752 4698 858 4737 non
901 4684 1158 4737 misisset.
1194 4697 1354 4737 quem
1403 4686 1728 4737 promiserat
1757 4685 2120 4737 Paracletum.

549 4685 719 4747 tibus,
746 4698 858 4766 non
892 4685 1158 4766 misisset,
1194 4697 1354 4765 quem
1403 4686 1728 4766 promiserat
1757 4685 2120 4766 Paracletum,

551 4755 854 4824 secundum
892 4752 1252 4824 Phrygiorntn
1288 4752 1644 4824 impietatem,
1683 4757 2029 4811 mendacium
2065 4757 2140 4819 in.

551 4823 881 4897 Evangeliis
906 4823 1258 4897 reperiretur.
1290 4826 1446 4892 Quod
1469 4826 1514 4882 si
1547 4842 1698 4892 vero,
1743 4843 1866 4882 cum
1905 4828 1976 4881 sit
2006 4828 2123 4897 ipsa

551 4896 774 4960 Veritas,
818 4893 1025 4949 miserit
1065 4894 1131 4949 iis
1174 4893 1435 4963 Spiritum
1483 4907 1757 4959 sanctum.
1795 4907 1996 4952 temere
2027 4893 2123 4951 er-

549 4967 723 5035 rando
759 4966 1274 5030 comminiscuntur,
1315 4967 1560 5035 dicentes
1590 4982 1684 5035 per
1720 4967 2035 5022 Montanum
2071 4976 2125 5023 et

552 5034 856 5109 Priscillam
909 5036 1138 5109 missum
1179 5050 1300 5089 esse
1327 5034 1668 5109 Paracletutn
1704 5048 1829 5109 post
1858 5040 2126 5093 ducentos

551 5116 605 5162 et
636 5106 855 5173 triginta
887 5122 1062 5161 annos
1092 5107 1160 5160 ab
1188 5106 1486 5174 apostolica
1524 5106 2058 5176 gratiaitransactos.
2101 5127 2121 5159 ι

626 5177 737 5248 (56)
766 5177 1140 5232 Contentionis
1170 5186 1301 5231 aastu
1346 5186 1501 5231 actus
1546 5177 1758 5248 videtur
1789 5179 1878 5232 hic
1919 5178 2126 5248 dixisse

552 5246 873 5311 menelaus,
906 5258 1022 5317 post
1053 5256 1322 5303 trecentos
1343 5256 1394 5301 et
1424 5247 1656 5316 amplius
1679 5263 1853 5302 annos
1873 5263 1901 5301 a
1919 5247 2125 5302 Christi

554 5328 728 5373 morte
771 5318 1035 5372 Manetetn
1080 5317 1417 5373 emersisse:
1450 5332 1574 5371 nam
1626 5333 1654 5370 a
1692 5317 1897 5372 Christi
1953 5328 2128 5373 morte

551 5402 730 5457 usque
758 5389 824 5445 ad
860 5388 1053 5443 habitae
1077 5404 1200 5444 cutn
1231 5387 1440 5442 Manete
1467 5387 1856 5458 disputationis
1887 5398 2124 5458 tempus,

551 5463 681 5513 anni
718 5459 933 5514 circiter
966 5476 1153 5514 ccxux
1188 5460 1546 5513 intercedunt.
1580 5457 1712 5513 Vide
1753 5457 2125 5529 prtefationetn

552 5537 797 5585 ttOstram
824 5531 876 5583 in
916 5530 1197 5584 Archelao.

627 5597 740 5666 (37)
773 5598 943 5654 Parva
976 5602 1278 5656 mutatione
1323 5601 1471 5656 hunc
1505 5602 1683 5656 locum
1728 5610 1897 5666 recte,
1932 5601 1989 5656 ni
2023 5599 2127 5655 fal-

550 5670 659 5743 lor,
690 5670 1122 5743 eluend_av_imus,
1158 5673 1250 5743 qui
1296 5671 1349 5725 in
1388 5672 1577 5743 codice
1625 5672 1909 5729 Casincnsi
1959 5672 2032 5743 ita
2070 5686 2131 5725 se

555 5740 760 5800 habet:
796 5758 815 5793 ι
865 5735 969 5795 Sed
1003 5741 1147 5798 absit
1175 5735 1341 5797 'hanc
1371 5758 1400 5795 a
1454 5741 1685 5799 Domino
1745 5752 1935 5799 nostro
1999 5738 2129 5795 Jesu

2229 4529 2648 4614 majoriculpte
2676 4529 2735 4595 se
2778 4540 3101 4614 succumbit.
3132 4539 3231 4594 Dic
3250 4529 3359 4614 age
3402 4537 3524 4614 mihi
3552 4529 3721 4614 studiafn

2225 4597 2337 4686 qua
2370 4597 2592 4686 Tiberio
2626 4612 2899 4686 usquead
2944 4610 3181 4686 Probum
3230 4597 3468 4686 defuncti
3510 4615 3631 4663 sunt,

2223 4667 2347 4742 cent
2379 4686 2444 4739 ad
2467 4681 2677 4747 Jesum,
2703 4667 2869 4737 nolite
2894 4696 2993 4736 nos
3005 4681 3274 4751 judicare.
3304 4700 3322 4731 ι
3347 4678 3453 4733 Nos
3477 4686 3548 4730 tot
3562 4667 3721 4751 tuenda;

2224 4765 2490 4826 quantum
2524 4770 2620 4825 per
2661 4743 3223 4825 conjecturas'licuit,
3265 4752 3557 4820 abstergere
3591 4743 3722 4798 contu

2225 4842 2435 4881 smnus.
3590 4882 3605 4891 ,

2299 4897 2410 4967 (59)
2450 4894 2683 4967 verbum
2737 4914 2757 4967 ι
2795 4892 3120 4967 missurum.
3153 4910 3173 4945 ι
3216 4899 3399 4946 nostra
3434 4880 3719 4967 εει-ΜἁὶἯῖ

2226 4941 2355 5040 οιιῇιᾷ
2383 4941 2435 5020 ἰίι
2479 4941 2761 5040 Casinensi
2789 4964 3048 5040 desit;_et
3082 4941 3214 5018 sane
3239 4975 3442 5040 _vocem
3490 4941 3723 5040 illamhjlfl

2269 5036 2359 5092 uid
2394 5036 2571 5092 simile
2602 5035 2675 5090 ibi
2711 5029 3084 5104 deiicere'ipsa
3112 5033 3379 5088 orationis
3414 5029 3569 5086 series
3589 5029 3723 5077 esten;

2267 5107 2325 5161 il.
3640 5158 3662 5170 ,.

2300 5176 2411 5246 (L0)
2443 5175 2500 5230 ln
2540 5174 2942 5236 Casinensiest,
2970 5195 2990 5229 ‹
3019 5176 3127 5233 noli
3151 5185 3338 5233 nostra
3359 5172 3422 5226 de
3448 5169 3718 5224 tormentis,»

2226 5248 2379 5320 nullo
2398 5262 2596 5320 sensu,
2632 5246 2735 5320 nisi
2765 5256 2827 5320 ut
2849 5246 3059 5320 editum
3094 5246 3568 5320 est,ieorrigatur.n

2300 5298 2431 5389 αι)-
2459 5298 2749 5389 ιῖιίᾞοᾶιὲὸ
2771 5298 3058 5372 causam
3089 5298 3401 5388 sic'tégnui
3435 5330 3448 5367 :
3479 5329 3507 5389 ε
3539 5301 3629 5389 Sed
3644 5298 3719 5389 ξιοξ

2229 5369 2412 5442 suis;
2452 5369 2915 5459 υιιίηιτιίειι--ςέηίιῑιέ
2946 5369 3287 5459 ίιιξειῑιιῑηίίῖ
3308 5394 3364 5439 ιιι
3402 5369 3716 5459 aqua;

2231 5459 2451 5514 Tiberio
2477 5468 2581 5521 est,
2605 5442 2905 5513 salveittur.
2942 5442 2967 5513 »ί
2986 5442 3096 5515 NOs
3119 5442 3300 5513 autem
3333 5442 3607 5521 verba'illa.
3636 5442 3717 5521 ﬁl“

2229 5545 2344 5596 eas,
2378 5548 2397 5583 ι
2432 5509 2769 5598 interpretati
2802 5545 3015 5595 sumus,
3048 5550 3066 5583 ι
3098 5538 3155 5584 ιιι
3194 5529 3294 5589 ais,
3331 5545 3350 5578 ι
3380 5509 3715 5598 ρςεηιριρξιιθς

2230 5590 2348 5672 rius
2379 5600 2482 5655 loci
2510 5590 2909 5672 infra_cap.50,
2943 5590 3031 5655 ubi
3063 5618 3085 5651 α
3115 5608 3173 5655 ιιι
3193 5614 3275 5672 as,
3304 5616 3322 5648 ι
3353 5607 3505 5672 pro,_c
3534 5594 3581 5640 ut
3596 5590 3711 5672 aii:

2230 5671 2336 5734 vel,
2373 5687 2391 5720 t
2427 5679 2483 5723 ιιι
2508 5656 2852 5735 ιιςςειίδξιιι
2885 5656 3105 5727 librario
3136 5656 3393 5738 scriptum
3417 5656 3713 5720 fuissem?“I

2232 5741 2351 5806 ipso
2380 5750 2656 5811 poscente,
2683 5739 3037 5812 conjecimus.
