3996 6208
288 293 426 347 1173

1382 290 1526 348 CUM
1559 290 1840 346 MANETE
1882 287 2415 345 liERESlARCHA.

3367 286 3507 341 H‘M

281 411 488 474 dinem,
519 408 612 477 qui
641 408 779 463 inter
801 407 980 478 justos
1012 417 1401 464 enumerantur
1431 408 1568 477 (42),
1600 424 1721 463 cum
1762 409 1843 462 lex
1877 416 1922 470 Α
1950 408 2163 478 piamus
2189 423 2253 462 ex
2287 407 2393 472 his,
2416 420 2601 460 eorum
2626 419 2745 474 quae
2773 404 2969 458 habere
2992 412 3043 457 te
3064 402 3223 472 dicis;
3254 406 3377 459 ιιιεί
3406 406 3519 460 lucc

282 517 392 559 non
415 512 559 555 esset
581 499 770 571 Moysi,
807 516 928 554 cum
963 502 1239 570 propheta:
1278 501 1456 559 oborti
1500 515 1606 554 non
1644 510 1848 565 essent,

286 610 386 649 nec
412 592 706 662 prophetiae
737 608 935 646 munus
963 593 1310 662 implessent?
1332 591 1520 647 Nonne
1549 592 1681 661 justi
1725 594 1853 646 elle-

284 686 357 739 cti
389 695 517 739 sunt
545 698 611 737 ex
641 699 705 737 eo
728 685 870 753 quod
901 685 1069 753 legem
1108 684 1400 753 implebant
1436 702 1450 738 :
1493 704 1512 735 ‹
1551 683 1851 739 Ostendens

289 772 672 840 unusquisque
700 786 888 825 eorum
908 787 1044 841 opus
1071 772 1203 843 legis
1232 775 1491 843 scriptum
1522 774 1633 845 (A5)
1663 776 1713 828 in
1739 791 1854 829 cor-

285 863 446 917 dibus
485 863 631 927 suis,
686 863 1052 917 testimonium
1094 865 1351 919 reddente
1393 866 1473 919 eis
1516 867 1851 922 conscientia

288 969 384 1010 sua
416 953 498 1007 "?
534 973 551 1005 ι
586 954 721 1008 Cum
755 955 897 1008 enim
926 942 1048 1025 quis
1076 956 1244 1025 legem
1277 972 1380 1009 non
1413 958 1647 1023 habens,
1692 971 1852 1013 natu-

254 1045 492 1108 -raliter,
528 1060 647 1113 qua:
686 1045 818 1115 legis
852 1055 997 1112 sunt,
1035 1045 1201 1112 facit;
1246 1047 1331 1101 hic
1379 1048 1547 1118 legem
1598 1064 1704 1103 non
1754 1051 1852 1103 ha—

287 1137 442 1201 bens,
472 1138 584 1206 ipse
617 1137 718 1191 sibi
755 1146 837 1192 est
869 1138 971 1192 lex.
1007 1137 1072 1190 Et
1102 1138 1310 1193 intuere
1342 1139 1739 1195 multitudinem
1776 1141 1853 1194 le-

291 1244 416 1297 gum
448 1244 543 1296 per
565 1228 805 1297 singulos
844 1229 1021 1297 justos
1047 1268 1062 1293 ,
1095 1231 1188 1298 qui
1240 1230 1374 1284 bene
1409 1232 1638 1302 agebant
1684 1233 1851 1285 vitam

291 1334 472 1383 suam,
501 1335 644 1373 nunc
674 1335 736 1373 ex
774 1321 1077 1390 semetipsis
1123 1320 1461 1390 proferentes
1506 1324 1558 1375 in
1597 1324 1852 1377 cordibus

290 1412 407 1466 suis
438 1412 652 1465 insitam
693 1411 783 1465 Dei
817 1413 1009 1482 legem,
1042 1429 1187 1467 nunc
1216 1429 1243 1466 a
1274 1415 1506 1483 propriis
1541 1416 1854 1484 parentibus

292 1503 625 1572 inquirentes
656 1545 671 1570 ,
718 1504 1011 1573 aliquando
1054 1507 1217 1559 etiam
1251 1506 1318 1559 ab
1356 1506 1755 1575 antiquioribus
1802 1515 1855 1560 et

289 1594 597 1648 senioribus
628 1596 987 1650 addiscentes.
1026 1594 1223 1649 Verum
1253 1596 1379 1666 quia
1404 1597 1558 1665 pauci
1592 1610 1684 1665 per
1712 1598 1857 1650 hunc

290 1685 510 1738 modum
547 1685 658 1754 (44)
684 1694 932 1754 poterant
958 1686 1020 1739 ad
1048 1686 1270 1755 iustitia:
1300 1686 1510 1741 culmen
1542 1687 1852 1752 ascendere,

293 1774 345 1828 id
382 1782 483 1838 est,
526 1790 623 1843 per
668 1783 948 1843 parentum
991 1774 1344 1841 traditiones,
1390 1775 1535 1829 nulla
1579 1775 1631 1828 in
1668 1775 1857 1830 litteris

290 1864 405 1935 lege
430 1864 732 1934 conscripta
763 1882 777 1931 ;
814 1866 1102 1920 miseratus
1134 1876 1216 1920 est
1258 1866 1398 1920 Deus
1428 1867 1722 1920 humanum
1771 1884 1858 1936 ge-

291 1973 414 2018 nus,
440 1966 491 2011 et
520 1958 775 2025 scriptam
802 1958 970 2027 legem
994 1974 1088 2028 per
1109 1957 1325 2029 Moysen
1355 1960 1523 2012 voluit
1550 1959 1859 2013 hominibus

293 2047 442 2110 dare,
482 2049 737 2116 quoniam
788 2048 1005 2117 quidem
1058 2065 1163 2102 non
1212 2050 1456 2119 apprime
1503 2049 1557 2102 in
1606 2049 1859 2103 cordibus

294 2155 481 2194 eorum
516 2139 780 2193 naturalis
809 2138 941 2208 legis
974 2140 1202 2209 {equitas
1228 2139 1578 2193 retinebatur.
1607 2138 1859 2193 Consoua

291 2232 455 2302 igitur
490 2232 674 2302 primae
703 2232 963 2286 creationi
996 2233 1242 2285 humanae
1293 2232 1352 2285 lit
1388 2233 1440 2284 in
1469 2232 1659 2286 litteris
1701 2233 1861 2302 legis-

294 2325 422 2378 latio
446 2364 463 2388 ,
504 2339 626 2393 quae
654 2338 749 2392 per
773 2321 991 2392 Moysen
1020 2323 1179 2376 datur
1202 2322 1394 2376 salutis
1418 2338 1581 2377 causa
1608 2323 1862 2392 plurimo-

291 2431 432 2471 rum.
464 2414 520 2469 Si
563 2418 707 2468 enim
755 2415 1091 2469 astimamus
1131 2414 1405 2468 hominem
1446 2415 1563 2469 sine
1609 2415 1860 2485 Operibus

293 2508 425 2579 legis
458 2506 764 2577 justiﬁeari,
806 2515 859 2560 et
900 2506 1172 2560 Abraham
1222 2516 1499 2576 reputatus
1538 2516 1621 2562 est
1657 2508 1859 2576 justus;

293 2607 497 2668 quanto
525 2596 699 2665 magis
734 2596 768 2648 ii
790 2596 881 2665 qui
918 2594 1326 2664 aditupleverint
1356 2595 1552 2664 legem,
1582 2593 1863 2648 continen-

296 2700 401 2746 tem
429 2704 491 2743 ea
523 2704 643 2758 quae
672 2686 984 2741 hominibus
1016 2685 1328 2755 expediunt,
1357 2685 1623 2755 justitiam
1655 2696 1845 2737 conse-

200 2793 217 2813 ⁸
295 2780 567 2851 quentur‘i
602 2777 665 2832 Et
696 2778 953 2847 quoniam
983 2776 1145 2830 triqu
1177 2776 1518 2829 solummodo
1546 2788 1856 2829 sermonum

298 2870 623 2924 mentionem
677 2868 895 2933 fecisti,
937 2867 1004 2921 de
1057 2868 1255 2937 quibus
1300 2866 1590 2936 Apostolus
1640 2866 1775 2919 dixit
1846 2885 1857 2919 :

302 2980 322 3015 ι
356 2961 704 3017 Ministerium
736 2964 928 3015 mortis
958 2975 1077 3015 esse
1098 2961 1267 3031 legem
1300 2960 1367 3024 ⁵ο,
1403 2977 1421 3009 ι
1454 2968 1508 3012 et
1539 2977 1557 3008 ι
1587 2956 1860 3013 Christum

298 3055 593 3109 redemisse
622 3069 720 3108 nos
764 3055 831 3107 de
875 3052 1163 3106 maledicto
1220 3050 1356 3121 legis
1394 3051 1470 3116 ",
1511 3059 1565 3105 et
1602 3052 1859 3121 quoniam

302 3168 321 3200 ι
362 3147 541 3202 Virtus
571 3148 773 3217 peccati
803 3156 886 3202 est
919 3146 1003 3200 lex
1039 3145 1123 3211 δίς
1177 3163 1196 3197 ι
1243 3147 1378 3200 adde
1424 3146 1602 3201 adhuc
1628 3186 1645 3210 ,
1686 3155 1739 3201 et
1781 3148 1865 3202 dic

297 3249 715 3309 quantacunque
758 3240 853 3294 tibi
903 3238 1153 3292 videntur
1199 3239 1457 3293 adversus
1516 3238 1684 3309 legem
1747 3254 1869 3293 esse

298 3333 630 3401 conscripta.

366 3423 560 3477 XXIX.
595 3423 775 3477 Manes
801 3424 937 3476 dixit
974 3441 993 3477 :
1030 3423 1221 3477 Annon
1252 3422 1390 3477 idem
1424 3431 1533 3488 est,
1579 3421 1723 3492 quod
1775 3420 1863 3476 Je-

300 3532 393 3570 sus
416 3514 484 3568 ad
505 3515 797 3585 discipulos
820 3515 1019 3580 aiebat,
1051 3516 1361 3570 incredulos
1385 3529 1479 3569 eos
1500 3530 1619 3570 esse
1644 3517 1869 3569 demon-

300 3615 481 3662 strans
513 3624 527 3661 :
566 3624 585 3658 ι
627 3606 735 3662 Vos
759 3621 823 3661 ex
853 3618 1002 3677 patre
1046 3608 1261 3661 diabolo
1296 3607 1459 3673 estis,
1508 3616 1562 3661 et
1602 3609 1865 3663 desideria

303 3698 471 3766 patris
512 3697 675 3752 vestri
706 3696 883 3752 facere
914 3698 1078 3753 vultis
1109 3698 1179 3747 ⁸³1
1229 3717 1247 3748 ι
1301 3696 1413 3753 lloc
1463 3701 1649 3768 utique
1695 3700 1865 3763 dicit,

305 3787 433 3856 quia
462 3800 666 3858 quanta
692 3788 922 3843 voluerit
947 3790 1214 3858 malignus
1241 3791 1490 3860 princeps
1520 3791 1683 3860 hujus
1711 3805 1871 3843 mun-

309 3883 384 3950 di,
402 3893 455 3939 et
472 3891 672 3955 quanta
698 3883 1103 3947 desideraverit,
1130 3898 1225 3953 per
1249 3883 1465 3955 Moysen
1502 3884 1799 3953 scripserit,
1817 3894 1869 3939 et

305 3973 516 4029 dederit
552 3972 861 4028 hominibus
887 3972 1150 4028 facienda.
1209 3991 1227 4024 ι
1276 3973 1368 4030 llle
1409 3975 1554 4029 enim
1598 3973 1870 4029 homicida

310 4074 394 4121 est
418 4066 487 4121 ab
506 4065 678 4129 initio,
696 4074 748 4120 et
774 4066 827 4119 in
862 4065 1084 4120 veritate
1110 4080 1216 4119 non
1248 4066 1419 4132 stetit,
1440 4066 1697 4136 quoniam
1724 4066 1870 4120 verio-

301 4168 387 4210 tas
420 4157 473 4211 in
519 4172 585 4212 eo
622 4173 727 4211 non
766 4166 882 4223 est;
926 4172 1049 4212 cum
1092 4157 1332 4228 loquitur
1374 4158 1712 4213 mendacium
1740 4200 1755 4225 ,
1803 4157 1871 4212 de

304 4251 419 4305 suis
448 4253 680 4321 prepriis
720 4252 959 4321 loquitur
993 4254 1253 4322 quoniam
1288 4254 1520 4308 mendax
1554 4263 1675 4318 est.
1730 4254 1871 4310 sicut

303 4352 357 4397 et
391 4355 539 4413 pater
564 4344 683 4413 ejus
711 4344 777 4398 ⁸⁵.
810 4363 828 4395 ι
859 4345 1141 4399 Archelaus
1165 4345 1300 4399 dixit
1328 4360 1345 4398 :
1378 4344 1585 4399 Sullicit
1608 4346 1700 4400 tibi
1732 4346 1867 4409 baac,

1891 3117 2009 3204 ει.

1952 508 2097 553 recte
2126 500 2299 568 posita
2331 498 2533 552 fuerint
2558 498 2793 559 inventa,
2832 497 2994 549 etiam
3034 496 3238 566 reliqua
3273 511 3395 549 cum
3433 497 3519 551 his

1953 600 2419 645 annumereutur:
2456 592 2540 644 sin
2578 588 2787 653 minus,
2829 603 2923 640 ero
2952 601 3053 656 ego
3085 588 3355 641 obnoxius
3396 602 3520 641 sen-

1953 681 2134 735 tentite
2159 680 2429 749 judicum,
2466 680 2517 733 id
2547 688 2648 743 est,
2679 678 2805 732 victi
2834 676 3180 745 ignominiam
3207 676 3395 729 feram.
3426 676 3523 732 Ais

1953 788 2080 843 ergo
2112 772 2469 825 ministerium
2502 772 2690 825 mortis
2718 783 2839 823 esse
2882 769 3050 837 legem
3073 811 3086 833 ,
3129 777 3181 823 et
3218 769 3517 837 principem

1954 864 2118 932 hujus
2156 865 2341 917 mundi
2368 871 2617 925 mortem,
2658 876 2883 930 regnare
2911 861 2981 913 ab
3026 860 3193 912 Adam
3241 875 3410 928 usque
3453 858 3521 913 ad

1955 952 2212 1023 Moysen;
2241 954 2500 1022 scriptum
2531 961 2616 1005 est
2639 953 2783 1005 enim
2826 970 2838 1004 :
2869 970 2886 1001 ι
2923 953 2979 1003 ιιι
3005 967 3100 1004 eos
3126 952 3218 1019 qui
3260 966 3363 1004 non
3406 950 3519 1019 (45)

1953 1054 2311 1112 peccaverunt
2340 1044 2407 1096 ⁸⁵.
2448 1062 2466 1094 ι
2502 1042 2681 1094 Manes
2715 1042 2853 1095 dixit
2880 1057 2898 1093 :
2932 1041 3073 1110 Ergo
3106 1056 3253 1094 mors
3282 1040 3527 1110 regnavit

1954 1136 2071 1189 sine
2104 1135 2288 1200 dubio,
2323 1135 2449 1203 quia
2470 1135 2715 1188 'dualitas
2742 1143 2843 1199 est,
2875 1149 2972 1189 nec
2998 1135 3172 1196 aliter,
3211 1134 3311 1188 nisi
3342 1141 3525 1189 essent

1955 1226 2214 1296 ingenita.
2272 1225 2558 1279 Archelaus
2608 1226 2746 1278 dixit
2802 1242 2819 1278 :
2866 1227 2931 1280 Et
2967 1227 3239 1294 quomodo
3287 1227 3525 1296 ingenita

1956 1331 2104 1371 mors
2137 1326 2284 1371 certo
2316 1332 2379 1371 ex
2415 1327 2655 1386 tempore
2701 1317 2848 1387 regni
2890 1316 3055 1370 sumit
3097 1315 3421 1370 exordium?
3456 1317 3523 1371 ab

1953 1408 2123 1462 Adam
2155 1410 2321 1473 enim,
2351 1408 2547 1478 inquit,
2581 1416 2635 1461 et
2659 1423 2765 1462 non
2793 1407 2927 1461 dixit
2962 1416 3085 1459 ante
3112 1406 3302 1460 Adam.
3338 1406 3521 1461 Mane;

1955 1500 2091 1552 dixit
2121 1516 2138 1553 :
2168 1498 2453 1565 Quomodo
2486 1513 2632 1560 vero.
2672 1508 2725 1553 et
2746 1500 3051 1568 justorum,
3084 1506 3136 1552 et
3179 1509 3523 1567 peccatorum

1956 1594 2253 1647 obtinuerit
2299 1608 2521 1662 regnum
2566 1592 2752 1646 dicito.
2799 1590 3087 1643 Archelaus
3137 1592 3272 1643 dixit
3313 1608 3331 1644 :
3381 1592 3519 1646 Cum

1958 1686 2107 1753 prius
2137 1684 2420 1739 confessus
2450 1681 2638 1745 fueris,
2661 1684 2785 1753 quia
2814 1700 2843 1737 a
2879 1697 3133 1750 tempore,
3160 1694 3209 1738 et
3232 1695 3516 1744 nona-terr

1960 1776 2123 1829 nitate
2156 1776 2415 1845 regnavit,
2450 1784 2563 1829 tum
2594 1776 2790 1829 dicam.
2827 1774 3008 1828 Manes
3033 1776 3170 1827 dixit
3202 1793 3219 1829 :
3251 1776 3520 1845 Scriptum

1958 1876 2040 1920 est
2072 1867 2193 1930 hoc,
2224 1868 2348 1936 quia
2390 1886 2407 1917 ι
2462 1867 2530 1920 ab
2571 1867 2741 1919 Adam
2786 1883 2954 1936 usque
2991 1866 3055 1919 ad
3100 1867 3521 1939 Mosenregna-

1959 1959 2034 2011 vit
2058 1960 2121 2010 ⁵⁸.
2165 1978 2182 2010 ι
2221 1960 2506 2012 Archelaus
2536 1957 2671 2013 dixit
2705 1975 2722 2013 :
2750 1958 2890 2029 Ergo
2910 1970 2959 2014 et
2986 1960 3143 2013 linem
3173 1962 3351 2026 habet,
3382 1961 3526 2031 quod

1968 2049 2132 2117 carpit
2159 2063 2224 2103 ex
2258 2057 2495 2117 tempore
2527 2048 2660 2118 (46);
2687 2057 2739 2102 et
2768 2066 2955 2103 verum
2985 2060 3067 2105 est
3098 2052 3227 2106 illud
3258 2054 3401 2122 quod
3441 2055 3527 2107 di-

1961 2148 2105 2192 ctum
2139 2147 2242 2202 est,
2282 2141 2409 2209 quia
2451 2159 2469 2191 ι
2505 2142 2759 2209 absorpta
2786 2149 2869 2195 est
2897 2158 3041 2196 mors
3067 2143 3118 2195 in
3154 2144 3376 2198 victoria
3405 2145 3471 2199 ⁵⁷.
3503 2164 3522 2197 ι

1962 2232 2135 2286 Etiam
2199 2233 2432 2301 ingenita
2472 2250 2580 2287 nou
2622 2219 2763 2296 erit,
2816 2250 2935 2303 qua:
2972 2243 3025 2288 et
3064 2235 3275 2289 initium
3332 2238 3529 2292 habere

1962 2332 2318 2387 monstratur,
2351 2334 2402 2377 et
2433 2323 2612 2378 linem.
2650 2324 2830 2377 Manes
2859 2325 3035 2378 dixit:
3070 2325 3210 2380 Deus
3244 2343 3372 2396 ergo
3408 2343 3527 2381 eam

1961 2413 2107 2469 fecit.
2145 2415 2433 2469 Archelaus
2468 2416 2603 2468 dixit
2639 2432 2657 2467 :
2687 2414 3060 2485 Nequaquam,
3095 2418 3236 2471 absit
3278 2436 3290 2471 :
3328 2437 3346 2468 ‹
3388 2417 3528 2473 Deus

1961 2507 2106 2561 enim
2138 2518 2365 2561 mortem
2403 2524 2510 2561 non
2545 2509 2686 2572 l'eeit,
2734 2525 2831 2564 nec
2877 2510 3087 2563 laetatur
3128 2511 3180 2564 in
3226 2510 3528 2580 perditione.

1962 2598 2207 2651 vivorum
2233 2599 2300 2653 ⁸⁸.
2344 2616 2362 2649 ι
2401 2597 2581 2653 Manes
2625 2600 2761 2655 dixit
2803 2615 2820 2652 :
2858 2598 3001 2655 Deus
3040 2615 3158 2654 eam
3208 2617 3315 2655 non
3368 2602 3526 2668 fecit;

1963 2690 2102 2745 facta
2132 2702 2310 2745 tamen
2340 2700 2439 2757 est,
2471 2701 2539 2746 ut
2559 2692 2640 2747 ais
2674 2709 2689 2747 :
2721 2708 2750 2747 a
2785 2708 2895 2762 quo
2926 2695 3193 2763 acceperit
3220 2695 3529 2765 imperium,

1961 2784 2043 2838 vel
2072 2799 2099 2836 a
2124 2799 2232 2853 qtto
2258 2793 2438 2837 creata
2472 2786 2559 2849 sit,
2594 2784 2778 2839 dicito.
2814 2785 3100 2840 Archelaus
3125 2787 3260 2840 dixit
3289 2804 3306 2841 :
3340 2787 3397 2842 Si
3426 2789 3529 2843 hoc

1964 2875 2275 2943 plenissime
2328 2875 2649 2938 ostendero,
2697 2878 2838 2945 quod
2872 2877 3232 2931 substantiam
3279 2878 3530 2949 ingenita:

1965 2976 2171 3020 natura:
2196 2981 2342 3020 mors
2374 2966 2571 3020 habere
2606 2983 2711 3021 non
2745 2968 2933 3037 possit,
2967 2985 3147 3023 nonne
3189 2971 3532 3026 conﬁteberis

1968 3075 2134 3113 unum
2168 3058 2331 3115 Deum
2365 3076 2504 3127 esse,
2536 3070 2589 3113 et
2624 3060 2767 3115 hunc
2795 3062 3116 3130 ingenitum?
3142 3061 3320 3115 Manes
3342 3065 3477 3116 dixit
3512 3080 3531 3118 :

2013 3167 2235 3219 oquere,
2267 3152 2539 3205 subtiliter
2564 3153 2706 3206 enim
2732 3154 2814 3206 vis
2847 3154 3055 3207 discere
3087 3154 3219 3224 (47).
3246 3156 3531 3211 Archelaus

1964 3241 2147 3296 dixit:
2195 3241 2331 3308 Quia
2368 3251 2424 3296 tu
2462 3244 2623 3297 verba
2673 3244 2760 3297 illa
2804 3245 2876 3301 ita
2924 3246 3234 3315 protulisti,
3275 3256 3533 3318 tanquam

1968 3335 2061 3389 tibi
2111 3336 2433 3405 proficerent
2481 3337 2546 3391 ad
2596 3339 2961 3392 ostensionem
3003 3340 3253 3408 ingenita:
3288 3342 3529 3409 radicis;

1969 3428 2241 3483 suiliciunt
2261 3438 2435 3482 tamen
2466 3430 2624 3484 nobis
2640 3440 2691 3484 et
2713 3446 2774 3483 ea
2804 3446 2922 3497 quze
2950 3446 3113 3499 supra
3138 3440 3363 3486 tractata
3381 3442 3530 3500 sunt,

1968 3520 2021 3573 iit
2052 3520 2251 3588 quibus
2280 3522 2591 3589 plenissime
2626 3522 3000 3584 ostendimus,
3038 3523 3374 3592 impossibile
3411 3541 3532 3580 esse

1967 3611 2199 3665 duarum
2228 3623 2354 3667 natu
2366 3629 2546 3667 rarum
2570 3614 2931 3685 ingenitarum
2949 3615 3209 3670 exsistere
3225 3631 3384 3684 posse
3406 3617 3539 3671 sub-

1967 3703 2213 3757 stantias.

2036 3792 2204 3845 XXX.
2232 3792 2445 3847 Iudices
2476 3795 2727 3848 dixerunt
2768 3812 2785 3847 :
2814 3794 2909 3848 Dic
2943 3796 3007 3849 ad
3059 3811 3119 3848 ea
3148 3836 3164 3859 ,
3214 3812 3335 3864 qua:
3367 3814 3538 3866 nuper

1968 3885 2290 3953 proposuit,
2337 3885 2619 3939 Archelae.
2671 3886 2958 3939 Archelaus
2988 3887 3123 3939 dixit
3174 3902 3193 3939 :
3231 3885 3536 3957 Principem

1970 3975 2174 4040 mundi,
2207 3982 2262 4028 et
2294 3976 2609 4046 malignum,
2637 3989 2688 4030 et
2719 3977 2987 4042 tenebras,
3010 3986 3067 4030 et
3106 3987 3337 4031 mortem
3368 3995 3538 4034 unum

1967 4068 2326 4137 eamdemque
2349 4084 2468 4123 esse
2498 4068 2648 4134 dicit,
2678 4070 2956 4139 legemque
2986 4071 3052 4123 ab
3087 4087 3151 4124 eo
3177 4070 3381 4139 datam,
3409 4089 3536 4142 pro-

1969 4171 2086 4230 pter
2116 4162 2221 4216 hoc
2255 4162 2397 4230 quod
2430 4161 2691 4231 scriptum
2736 4170 2819 4215 est
2873 4178 2886 4214 :
2932 4181 2950 4212 ι
2999 4161 3356 4217 Ministerium
3394 4178 3540 4219 tuor-

1970 4253 2041 4307 tis
2068 4254 2136 4316 δ’,
2174 4271 2192 4304 ι
2228 4262 2283 4307 et
2326 4252 2530 4322 reliqua
2566 4270 2687 4323 qum
2727 4253 2941 4323 objecit.
2968 4252 3263 4319 Quoniam,
3292 4256 3537 4325 inquam,

1971 4346 2128 4417 (48),
2192 4349 2332 4402 sicut
2392 4347 2640 4415 superius
2692 4346 2968 4411 diximus,
3024 4347 3291 4400 malorum
3345 4363 3541 4401 memo-

304 4440 582 4500 sunt',an
614 4436 778 4490 habes
802 4445 854 4490 et
878 4436 1139 4506 alia,qua:
1166 4437 1341 4492 dicas?
1362 4435 1545 4491 Hanc:
1573 4438 1733 4491 dixit:
1770 4436 1870 4492 Ha—
1902 4465 1945 4519 ι)
1969 4441 2063 4493 rite
2113 4440 2195 4493 lex
2237 4454 2344 4493 non
2392 4440 2675 4509 diligenter
2720 4439 2987 4503 haerebat,
3028 4439 3229 4509 scripta
3278 4442 3539 4495 naturali-

303 4526 407 4583 beo
432 4529 646 4598 quidem
667 4530 855 4594 multa,
878 4539 931 4584 et
961 4530 1154 4585 horum
1172 4531 1398 4601 majora;
1421 4531 1514 4587 sed
1539 4532 1624 4586 bis
1643 4542 1867 4586 conten-

306 4629 395 4678 tus
426 4625 855 4679 ero.‘Archelaus
880 4626 1062 4678 dixit:
1106 4623 1424 4696 Exemplum
1473 4625 1677 4681 scilicet
1723 4625 1867 4679 acci-

376 4741 420 4773 "
453 4743 610 4796 ltom.
644 4760 701 4807 ll,
730 4744 817 4799 15.
938 4745 984 4775 ⁸ο
1026 4742 1067 4797 ll
1100 4742 1226 4798 Cor.
1258 4758 1339 4808 ut,
1374 4742 1426 4797 7.

309 4811 357 4843 "
385 4811 544 4867 Rom.
572 4830 624 4880 v,
650 4816 736 4868 H.
812 4814 857 4845 ⁵⁸
890 4815 1027 4869 Ibid.
1096 4814 1142 4846 ⁸⁷
1176 4813 1198 4867 l
1237 4813 1364 4869 Cor.
1402 4829 1492 4879 xv,
1530 4814 1619 4868 54.

377 4953 489 5025 (42)
524 4950 580 5004 ln
615 4952 799 5007 codice
831 4951 1139 5008 Casinensi.
1173 4971 1191 5004 ι
1222 4952 1315 5023 qui
1347 4968 1443 5025 per
1477 4953 1746 5020 ordinem,
1777 4953 1871 5024 qui

306 5023 667 5091 inter'justos.
703 5042 719 5073 ι

378 5094 489 5165 (45)
539 5092 594 5145 In
618 5093 805 5147 eodem
834 5091 1016 5147 codice
1050 5092 1325 5159 scribitur,
1364 5110 1384 5145 ι
1420 5108 1555 5163 opus
1582 5094 1714 5166 legis
1738 5095 1873 5150 scri-

347 5173 484 5218 tura.
524 5181 541 5213 ι

307 5180 492 5303 “iiii
524 5181 602 5286 ita
636 5232 849 5285 videtur
892 5232 1196 5303 legendum,
1230 5233 1356 5288 licet
1398 5233 1449 5286 in
1498 5234 1683 5289 codice
1716 5231 1872 5289 Casi-

313 5304 465 5357 nensi
493 5303 779 5369 scribatur,
812 5321 830 5353 ι
875 5319 967 5372 per
1000 5305 1140 5357 hunc
1171 5304 1454 5359 mundum.
1498 5324 1515 5355 ι

387 5372 497 5440 (45)
535 5372 766 5428 lt'enteus
791 5388 1006 5442 quoque
1034 5373 1127 5426 lib.
1168 5390 1229 5427 ιιι
1266 5375 1394 5426 Adv.
1445 5374 1721 5443 htzreses,
1744 5389 1861 5443 cap.

314 5442 404 5502 ευ.
435 5458 557 5495 cum
594 5443 855 5512 particula
899 5443 1143 5512 negativa
1174 5444 1357 5497 laudat
1407 5444 1554 5498 hunc
1600 5443 1661 5497 Ι).
1713 5442 1867 5497 Pauli

314 5513 492 5566 locum
532 5528 545 5564 :
582 5511 721 5566 unde
745 5521 889 5581 patet
918 5511 986 5564 D.
1008 5511 1365 5581 Augustinum
1401 5513 1453 5568 in
1485 5515 1624 5568 libro
1652 5513 1726 5566 De
1747 5530 1867 5582 pec-

312 5584 716 5667 catzmcritis‘et
745 5584 974 5647 remiss.,
1006 5581 1149 5667 lib.t,
1178 5598 1300 5667 cap:
1331 5584 1430 5667 11,¹
1451 5586 1868 5667 recte_censuis-

314 5668 393 5716 se,
424 5653 494 5706 ita
525 5654 590 5707 ad
619 5652 927 5722 Graecorum
961 5652 1209 5705 codicum
1234 5652 1390 5705 tidem
1418 5654 1699 5722 legendum
1725 5669 1865 5717 esse,

316 5722 440 5778 licet
470 5724 523 5777 in
557 5723 747 5791 majori
776 5721 1091 5775 Latinorum
1123 5722 1368 5777 codicum
1396 5721 1547 5792 parte
1579 5724 1695 5778 sine
1742 5739 1867 5793 par-

1530 4745 1576 4782 "
1618 4743 1734 4798 Gal.
1794 4757 1875 4807 ιιι,
1908 4742 1995 4795 15.

1972 4540 2053 4586 ter
2093 4532 2145 4585 in
2178 4532 2433 4585 cordibus
2463 4547 2651 4585 eorum
2693 4531 2760 4597 ‘°;
2791 4546 2967 4600 neque
2999 4531 3138 4600 apud
3165 4533 3405 4588 seniores
3426 4544 3542 4587 erat

1973 4622 2108 4678 satis
2128 4620 2285 4676 ﬁrma
2316 4623 2554 4686 traditio,
2593 4639 2715 4677 cum
2745 4623 2824 4678 eis
2854 4623 3068 4678 inimica
3100 4638 3312 4694 semper
3336 4641 3541 4680 memo-

2102 4742 2148 4773 “
2178 4739 2195 4792 l
2227 4740 2350 4794 Cor.
2379 4756 2467 4803 xv,
2498 4741 2587 4795 56.
2698 4740 2745 4772 ⁸³
2772 4740 2930 4795 Joan.
2965 4758 3084 4805 vm,
3108 4742 3197 4795 44.
3306 4742 3355 4775 ⁸⁸
3404 4742 3538 4799 Ibid.

1696 4815 1741 4845 ⁸⁸
1769 4811 1897 4883 Sap.
1944 4829 1983 4879 t,
2025 4811 2110 4866 i3.
2181 4812 2227 4843 ⁸⁸
2262 4809 2303 4863 ll
2334 4809 2464 4869 Cor.
2505 4826 2586 4875 ιιι,
2623 4811 2674 4865 7.
2749 4812 2794 4843 '°
2841 4811 2998 4866 Rom.
3038 4828 3100 4875 ll,
3149 4812 3230 4865 15.

1972 4951 2130 5006 ticula
2163 4950 2413 5021 negativa
2461 4951 2748 5021 legeretur.
2790 4950 2941 5006 Hanc
2981 4958 3168 5021 tamen
3182 4961 3538 5021 postremam

1968 5019 2258 5077 lectionem
2280 5022 2463 5076 multis
2501 5019 2778 5076 contendit
2806 5037 2987 5076 veram
3011 5036 3130 5074 esse
3150 5019 3389 5077 Hilarius
3422 5023 3544 5076 dia-

1967 5109 2139 5147 conus
2184 5093 2237 5145 in
2290 5092 2695 5147 commentariis
2740 5093 2805 5146 ad
2856 5108 2977 5146 eum
3033 5090 3183 5143 Pauli
3235 5094 3411 5147 locum
3453 5094 3538 5146 in-

1969 5174 2049 5217 ter
2082 5161 2144 5214 D.
2181 5162 2452 5215 Ambrosii
2489 5162 2662 5233 Opera
2696 5163 2826 5217 :sed
2856 5162 2972 5230 ejus
2995 5161 3325 5233 opinionem,
3359 5174 3541 5231 utpote

1967 5234 2233 5303 originali
2271 5244 2491 5303 peccato
2538 5230 2922 5287 adversantem
2951 5272 2964 5290 .
3021 5230 3209 5293 reiecit
3252 5230 3491 5303 Ecclesia
3521 5271 3537 5296 ,

1968 5302 2086 5374 qua:
2126 5302 2522 5374 probatamAD.
2550 5303 2852 5372 Augustino
2895 5303 3176 5374 lectionem
3227 5304 3280 5356 in
3334 5302 3539 5374 Latinis

1969 5371 2184 5453 quoque
2206 5388 2376 5428 sacra:
2410 5371 2703 5442 Scriptura:
2728 5372 3005 5428 codicibus
3046 5373 3151 5425 huc
3193 5388 3363 5444 usque
3407 5372 3537 5428 reti-

1970 5451 2108 5497 nuit.

2041 5511 2152 5581 (46)
2191 5512 2246 5566 In
2278 5513 2462 5568 codice
2488 5512 2771 5567 Casinensi
2800 5511 3088 5568 manifesto
3117 5528 3303 5569 errore
3341 5510 3537 5568 scribi-

1971 5593 2143 5653 tutft}
2175 5585 2419 5653 exemplo
2443 5600 2518 5637 re.
2552 5602 2570 5633 ι

2042 5649 2155 5721 (4?)
2188 5649 2459 5721 Fortasse,
2495 5671 2513 5704 ι
2549 5652 2746 5707 dicere.
2792 5672 2811 5705 ι

2042 5719 2156 5791 (48)
2192 5720 2247 5774 In
2280 5719 2467 5780 codice
2495 5723 2773 5778 Casinensi
2800 5728 2958 5789 male,
3002 5742 3020 5775 ι
3057 5724 3320 5795 iniquam.
3366 5740 3389 5775 ι
