3996 6208
328 244 353 298 1
368 241 466 298 ιπ

1410 239 1552 297 CUM
1590 239 1868 294 MANETE
1909 240 2438 297 IIERESIARCHA.

3401 250 3535 305 “75

327 366 770 421 unumquemque
801 360 1066 418 nostrum,
1095 349 1234 408 sicut
1270 351 1383 422 ipse
1410 351 1551 406 Deus
1577 363 1691 417 est,
1729 352 1878 404 indc-
1909 364 1949 416 Α
1987 374 2004 404 ι
2035 355 2204 408 virtus
2234 356 2435 424 peccati
2460 355 2599 411 dicta
2627 356 2696 411 sit
2722 356 2806 411 lex
2834 357 2899 419 ⁶⁹,
2928 376 2946 410 ι
2982 372 3081 429 pro
3104 356 3312 414 viribus
3334 377 3539 416 llOSll‘lS

324 452 564 499 smenter
594 444 719 498 huic
750 444 897 512 operi
935 445 1208 514 legislator
1245 444 1357 498 vult
1400 459 1521 499 esse
1553 443 1881 507 devinctum;

324 553 354 590 a
375 528 724 591 saecularibus
746 538 899 606 jubet
932 539 1179 607 protinus
1201 538 1606 607 conquiescere,
1636 548 1687 590 et
1710 536 1885 589 omni-

327 642 396 679 no
416 627 621 680 nullum
648 643 783 696 opus
811 643 992 697 gerere
1015 630 1432 695 mundanum;et
1460 629 1561 682 hoc
1586 628 1883 696 appellatur

328 716 641 772 Sabbatum.
670 718 886 773 Addidit
918 721 1078 774 etiam
1110 722 1212 775 hoc
1240 721 1292 774 in
1335 721 1470 790 lege,
1503 719 1638 772 nihil
1690 719 1883 771 absur-

324 808 450 860 dum
480 806 593 860 fieri
627 807 841 872 debere;
874 808 967 861 sed
1000 810 1285 863 observare
1307 824 1426 870 nos,
1465 817 1517 862 et
1545 807 1777 875 dirigere
1802 808 1881 860 vi-

324 908 432 953 tam
462 907 703 953 nostram
732 914 794 951 ex
828 914 983 968 :equo
1019 909 1073 954 et
1098 900 1268 969 justo.
1303 900 1367 953 Et
1415 900 1731 959 imminebat
1769 907 1880 959 haec

322 992 427 1054 lex,
456 990 714 1044 acerrime
738 991 1077 1044 maledictum
1109 991 1343 1045 inferens
1368 992 1452 1046 his
1477 994 1567 1063 qui
1594 1010 1711 1048 eam
1744 995 1878 1050 fuis-

322 1092 441 1137 sent
468 1086 822 1151 transgressi;
851 1083 942 1136 sed
971 1084 1224 1152 quoniam
1250 1086 1496 1141 homines
1523 1096 1675 1141 erant
1706 1100 1755 1144 et
1780 1091 1874 1157 illi,

320 1184 374 1227 et
402 1174 541 1227 sicut
569 1174 728 1227 etiam
757 1174 913 1227 nobis
947 1173 1253 1243 frequenter
1291 1177 1520 1240 accidit,
1567 1188 1877 1233 controver-

322 1266 415 1319 sia:
444 1265 774 1329 oriebantur,
801 1273 855 1319 et
878 1267 1254 1335 irrogabantur
1295 1268 1538 1337 injuriae;
1574 1280 1627 1324 et
1649 1272 1731 1325 lex
1764 1282 1874 1325 sla-

323 1357 418 1409 tim
448 1356 901 1410 districtissimam
926 1358 1185 1411 ultionem
1221 1375 1380 1426 quam
1418 1359 1651 1429 fecerat,
1700 1373 1873 1417 retor-

319 1448 519 1516 quebat
561 1446 703 1517 (57);
742 1448 813 1502 ita
858 1457 916 1502 ut
960 1449 1006 1503 si
1040 1451 1164 1519 quis
1194 1466 1486 1520 pauperum
1516 1454 1773 1509 voluisset
1819 1456 1872 1508 in

320 1539 555 1593 Sabbato
589 1540 785 1595 fascem
822 1541 950 1610 ligni
977 1542 1248 1611 colligere,
1283 1543 1384 1597 sub
1422 1544 1708 1600 maledicto
1739 1547 1870 1617 legis

316 1632 558 1694 enectus,
592 1633 749 1686 morti
793 1633 1049 1686 continuo
1088 1633 1462 1701 subjiceretur.
1510 1636 1868 1692 Arctahantur

1986 446 2218 500 breviter
2250 462 2601 515 exponemus.
2652 447 2921 517 Scriptum
2956 460 3035 505 est
3087 452 3271 505 enim:
3325 471 3344 504 ι
3400 455 3537 519 Quia

1980 535 2128 602 justo
2158 535 2243 589 lex
2282 552 2387 588 non
2421 549 2503 591 est
2535 539 2729 606 posita,
2763 540 2855 593 sed
2888 540 3124 609 injustis,
3156 552 3211 595 et
3244 560 3350 597 non
3403 545 3523 598 sub-

1982 625 2129 690 ditis,
2178 626 2359 697 impiis
2387 638 2441 683 et
2478 630 2720 685 scelestis
2752 633 2818 684 ⁷⁰.
2858 650 2877 683 ι
2934 633 3047 688 Non
3087 651 3215 705 ergo
3240 645 3355 691 erat
3409 647 3536 692 tunc

1983 716 2065 770 lex
2128 717 2318 772 litterae
2365 721 2540 789 posita
2605 723 3047 791 delinquentibus
3102 735 3225 781 ante
3276 728 3532 799 Moysen,

1982 808 2122 862 unde
2154 817 2207 863 et
2245 808 2457 865 Pharao
2492 812 2750 880 ignorans
2788 815 3036 869 virtutem
3075 818 3280 884 peccati
3310 858 3324 883 ,
3358 820 3533 873 deliu-

1981 901 2179 969 quebat
2209 901 2448 971 afﬂigens
2479 904 2695 973 injustis
2728 907 2983 960 oneribus
3007 908 3147 962 filios
3176 910 3361 973 Israel,
3382 909 3533 963 Divi-

1981 992 2146 1046 nitate
2177 995 2417 1063 neglecta
2444 1035 2458 1058 ,
2488 1011 2594 1049 non
2630 997 2804 1050 solum
2838 998 2970 1066 ipse,
3004 1000 3094 1053 sed
3126 1009 3179 1054 et
3206 1016 3395 1056 omnes
3439 1002 3534 1071 qui

1978 1098 2100 1135 cum
2145 1099 2210 1137 eo
2238 1095 2411 1138 erant.
2461 1084 2681 1152 Verum,
2735 1104 2800 1141 ne
2831 1098 2952 1143 utar
2984 1090 3226 1160 longiore
3268 1093 3531 1158 circuitu,

1974 1175 2189 1230 brevius
2222 1177 2418 1231 dicam.
2446 1178 2613 1233 Erant
2639 1181 2857 1249 quidam
2901 1181 3279 1252 IEgyptiorum
3316 1186 3528 1238 admisti

1975 1283 2098 1320 cum
2139 1270 2333 1337 p0pulo
2367 1269 2558 1340 Moysi,
2584 1288 2705 1324 cum
2730 1272 2796 1327 ab
2824 1288 2887 1325 eo
2920 1284 3194 1343 regeretur
3218 1278 3448 1345 populus
3476 1279 3528 1330 in

1973 1360 2218 1426 deserto;
2255 1370 2307 1414 et
2334 1378 2455 1415 cum
2489 1361 2698 1433 Moyses
2728 1364 2934 1432 positus
2957 1356 3098 1419 esset
3131 1367 3181 1419 in
3209 1378 3409 1433 monte,
3436 1384 3532 1437 pro

1973 1462 2037 1501 eo
2066 1456 2121 1501 ut
2159 1450 2423 1515 acciperet
2464 1450 2655 1520 legem.
2704 1452 2993 1520 impatiens
3022 1455 3270 1522 populus,
3305 1474 3406 1509 non
3444 1459 3531 1512 ille

1972 1538 2064 1607 qui
2097 1555 2221 1593 vere
2267 1549 2382 1594 erat
2433 1540 2671 1596 Israelita
2717 1542 2847 1611 (58),
2878 1545 2968 1597 sed
3004 1546 3093 1612 qui
3146 1562 3210 1597 ex
3263 1545 3531 1617 AEgyptiis

1979 1629 2152 1685 fuerat
2180 1633 2464 1698 admistus,
2494 1634 2719 1687 vitulum
2752 1635 2852 1688 sibi
2884 1636 3160 1689 censtituit
3189 1635 3351 1689 Deum
3377 1678 3392 1702 ,
3439 1655 3527 1692 se-

315 1736 444 1793 ergo
461 1722 785 1776 coercitione
801 1722 1215 1792 legisltomiues,
1235 1725 1464 1794 quicum
1480 1725 1743 1797 Egyptiis
1764 1728 1879 1783 tue-
1909 1700 1953 1757 Β
1980 1720 2212 1774 cundum
2240 1721 2523 1790 pristinum
2555 1736 2754 1775 morem
2790 1738 2895 1790 ψιο
2944 1722 3184 1775 coluerat
3217 1723 3524 1786 simulacra.

318 1823 437 1866 lant
456 1814 663 1867 educati
689 1815 863 1879 “,uec
885 1824 1130 1883 poterant
1152 1832 1338 1884 pamas
1356 1818 1486 1887 legis
1518 1828 1571 1872 et
1593 1821 1872 1876 maledicta

317 1905 564 1958 tolerare.
604 1903 839 1959 Rursum
871 1914 1051 1959 autem
1106 1908 1195 1963 ille
1227 1908 1316 1976 qui
1364 1924 1575 1978 semper
1626 1910 1873 1967 Salvator

314 2003 416 2059 est,
442 1993 599 2050 .Iesus
629 1994 891 2050 Dominus
925 2006 1104 2050 noster
1130 2000 1420 2054 adveniens
1440 2042 1455 2066 ,
1491 2002 1737 2056 liberavit
1778 2017 1872 2059 eos

313 2103 380 2141 ex
406 2086 777 2156 hujuscemodi
815 2089 1148 2143 cruciatibus
1182 2090 1314 2160 legis
1341 2100 1500 2161 atque
1550 2095 1870 2161 maledictis,

311 2179 520 2233 donans
545 2179 625 2233 eis
652 2179 898 2247 injurias.
932 2180 1065 2243 Nec,
1101 2180 1242 2235 sicut
1290 2181 1500 2253 Moyses
1526 2226 1539 2249 ,
1588 2186 1872 2240 severitate

316 2287 449 2325 usus
478 2280 560 2325 est
590 2271 742 2340 legis,
778 2273 910 2345 nulli
959 2273 1285 2342 indulgendo
1326 2275 1617 2345 injuriam;
1654 2277 1745 2331 sed
1784 2278 1871 2331 hic

314 2365 467 2429 dixit,
498 2363 542 2419 si
570 2365 691 2433 quis
719 2381 911 2434 passus
936 2366 1097 2421 fuerit
1125 2383 1154 2421 a
1184 2369 1433 2438 proximo
1458 2383 1558 2423 suo
1591 2370 1865 2440 injuriam,

316 2458 585 2527 indulgeat
610 2473 715 2511 non
747 2459 911 2512 semel
954 2468 1193 2525 tantum,
1231 2460 1325 2515 sed
1371 2469 1422 2514 et
1460 2476 1559 2515 nec
1608 2463 1866 2529 secundo,

316 2562 412 2601 nec
439 2547 613 2610 tertio,
649 2562 746 2600 nec
773 2547 946 2601 solum
983 2550 1199 2617 septies,
1250 2549 1343 2603 sed
1390 2553 1751 2620 septuagesies
1785 2567 1869 2606 se-

313 2638 451 2708 pties
484 2639 527 2669 ⁶⁶
556 2656 569 2691 :
594 2638 737 2707 quod
767 2639 810 2692 si
840 2647 957 2707 post
982 2640 1093 2694 haec
1125 2640 1375 2709 injuriam
1411 2644 1766 2710 permanserit
1791 2644 1867 2696 ir-

315 2728 575 2798 rogando,
616 2734 746 2782 tunc
775 2728 991 2782 demum
1022 2730 1119 2800 legi
1150 2746 1272 2784 eum
1300 2731 1494 2785 debere
1516 2734 1868 2788 succumbere

316 2818 504 2890 Moysi,
531 2834 627 2873 nec
659 2820 801 2873 ultra
830 2823 1041 2874 veniam
1074 2822 1191 2876 dari
1229 2823 1273 2877 ei
1298 2823 1389 2892 qui
1422 2824 1473 2875 in
1506 2823 1716 2892 injuriis
1748 2840 1867 2893 per-

1974 1811 2026 1864 in
2060 1826 2167 1881 quo
2196 1828 2294 1867 nec
2331 1813 2593 1867 scelerum
2628 1828 2815 1881 ptenas
2847 1813 3140 1883 aliquando
3178 1814 3525 1883 rependeret;

1974 1910 2026 1954 et
2055 1901 2172 1954 ideo
2218 1902 2470 1956 virtutem
2518 1902 2722 1971 peccati
2771 1902 2854 1955 sui
2914 1904 3125 1970 penitus
3160 1903 3525 1971 ignorabant:

1972 2006 2091 2059 quae
2124 2007 2244 2044 cum
2298 2007 2574 2061 regressus
2620 1994 2927 2061 agnOVisset
2979 1990 3229 2062 Moyses,
3280 1994 3530 2062 praecepit

1971 2097 2064 2137 eos
2087 2083 2278 2152 gladiis
2301 2083 2581 2145 trucidari,
2608 2099 2671 2136 ex
2702 2098 2810 2151 quo
2840 2082 3050 2135 initium
3074 2081 3273 2136 factum
3302 2093 3383 2137 est
3406 2099 3531 2137 sen-

1972 2175 2073 2229 tire
2109 2190 2201 2230 eos
2238 2175 2487 2227 virtutem
2523 2166 2723 2243 peccati
2760 2189 2852 2243 per
2879 2174 3045 2243 legem
3075 2173 3266 2244 Moysi,
3301 2185 3355 2229 et
3396 2190 3528 2245 pro-

1969 2275 2151 2337 pterea
2204 2284 2223 2317 ι
2257 2267 2428 2319 virtus
2458 2266 2661 2334 peccati
2702 2284 2719 2316 ι
2755 2267 3020 2334 appellata
3069 2274 3153 2319 est
3184 2266 3287 2318 lex.

2040 2374 2253 2429 XXXII.
2284 2375 2358 2429 De
2396 2391 2461 2429 eo
2491 2390 2637 2438 vero,
2668 2375 2810 2443 quod
2847 2375 2896 2427 in
2932 2375 3221 2445 Evangelio
3267 2375 3523 2445 scriptum

1962 2462 2085 2521 est:
2124 2486 2139 2516 ι
2180 2463 2287 2519 Vos
2332 2466 2396 2519 de
2424 2476 2575 2533 patre
2620 2465 2833 2517 diabolo
2866 2465 2996 2519 estis
3037 2465 3104 2528 ⁷⁸,
3140 2484 3158 2515 ι
3189 2474 3241 2519 et
3296 2466 3524 2535 reliqua,

1969 2558 2201 2611 breviter
2254 2556 2516 2621 dicimus,
2554 2557 2678 2625 quia
2720 2566 2802 2611 est
2834 2555 3083 2610 diabolus
3134 2556 3423 2624 inoperans
3469 2556 3523 2609 in

1968 2649 2143 2713 nobis,
2172 2649 2263 2716 qui
2293 2650 2375 2701 sui
2406 2649 2614 2700 arbitrii
2655 2656 2916 2716 potestate
2965 2647 3099 2700 tales
3156 2663 3278 2701 esse
3330 2647 3523 2701 voluit.

1968 2741 2108 2796 Deus
2139 2742 2280 2793 enim
2313 2742 2493 2793 omnia
2520 2756 2638 2809 quae
2668 2740 2811 2805 fecit,
2850 2740 2989 2793 bona
3017 2740 3167 2793 valde
3193 2738 3335 2805 fecit,
3369 2739 3524 2794 liberi

1967 2832 2177 2886 arbitrii
2209 2847 2427 2885 sensum
2458 2830 2748 2900 unicuique
2773 2832 2939 2895 dedit,
2986 2847 3092 2901 qua
3124 2831 3331 2885 ratione
3360 2832 3521 2884 etiam

316 2921 523 2967 several
547 2956 561 2980 ,
612 2931 733 2968 cum
789 2916 890 2969 sibi
939 2910 1320 2985 septuagesies'
1344 2916 1541 2985 septies
1592 2916 1750 2970 fuerit
1784 2916 1862 2969 in-
1892 2905 1932 2962 ο
1966 2924 2134 2994 legem
2153 2923 2340 2992 judicii
2364 2922 2561 2992 posuit.
2587 2922 2818 2977 Peccare
2849 2932 3095 2976 nostrum
3123 2931 3235 2985 est;
3264 2931 3321 2975 ut
3344 2932 3521 2976 autem

313 3008 540 3061 dultum.
575 3007 689 3062 Non
719 3011 890 3064 solum
926 3020 1103 3063 autem
1135 3010 1293 3074 huic,
1331 3010 1422 3063 sed
1470 3009 1632 3063 etiam
1663 3010 1708 3063 si
1742 3010 1866 3079 quis

314 3100 449 3154 Filio
462 3100 695 3156 hominis
712 3102 980 3155 intulisset
995 3101 1482 3170 injuriam,vcniam
1498 3099 1724 3155 dedit.Si
1739 3115 1866 3154 vero

315 3191 535 3263 Spiritui
567 3204 776 3258 saneto,
804 3195 1016 3248 duobus
1042 3210 1163 3248 cum
1189 3186 1430 3248 subdidit
1453 3194 1773 3257 maledictis,
1815 3192 1866 3246 id

311 3283 573 3353 cstMoysi
590 3285 738 3355 legis,
765 3296 814 3338 et
832 3300 965 3348 sum;
985 3283 1150 3354 Moysi
1165 3284 1376 3353 quidem
1404 3284 1454 3337 in
1471 3284 1737 3353 praesenti,
1758 3299 1869 3339 sua:

310 3391 438 3431 vero
465 3377 516 3430 in
541 3377 727 3447 judicii
753 3385 1024 3445 tempore;
1049 3378 1124 3431 ait
1145 3378 1287 3431 enim
1311 3376 1383 3429 ita
1411 3394 1451 3430 ε(
1484 3374 1665 3446 Neque
1686 3376 1737 3430 in
1768 3377 1869 3431 hoc

311 3469 527 3533 saeculo,
564 3483 736 3539 neque
758 3470 809 3521 in
834 3468 1014 3525 futuro
1034 3468 1332 3523 remittetur
1350 3469 1397 3535 ei
1417 3468 1481 3521 ⁸⁷.
1516 3487 1533 3518 ι
1553 3467 1718 3538 Moysi
1742 3484 1869 3535 ergo

312 3562 395 3615 lex
434 3569 514 3616 est
539 3602 553 3625 ,
594 3576 713 3630 quae
742 3562 794 3614 in
823 3561 1073 3631 praesenti
1106 3561 1307 3615 saeculo
1357 3560 1487 3614 nulli
1523 3562 1732 3615 veniam
1774 3562 1870 3615 tri-

314 3654 460 3718 buit;
500 3652 699 3708 Christi
754 3669 881 3709 vero
932 3663 1045 3721 est,
1094 3669 1214 3724 quae
1257 3652 1495 3708 vindicat
1545 3654 1599 3707 in
1659 3652 1865 3707 futuro.

312 3742 388 3796 Ex
416 3744 517 3799 lioc
538 3744 743 3799 intuere.
766 3744 1218 3814 quemadmodum
1242 3742 1525 3797 confirmat
1541 3740 1734 3812 legem,
1758 3758 1864 3796 non

313 3834 487 3888 solum
514 3851 619 3890 non
650 3838 866 3890 solvens
893 3852 1037 3903 eam,
1068 3836 1160 3890 sed
1189 3836 1437 3905 implens.
1470 3834 1713 3889 Redemit
1740 3852 1866 3907 ergo

312 3939 405 3979 eos
428 3925 497 3979 ab
518 3940 603 3989 eo,
633 3926 775 3994 quod
806 3927 858 3979 in
887 3927 1133 3996 praesenti
1158 3926 1392 3996 positum
1417 3933 1555 3989 erat,
1578 3925 1866 3981 maledicto

311 4016 467 4088 legis,
492 4034 554 4073 ex
579 4035 686 4088 quo
713 4035 730 4067 ι
764 4018 1101 4072 maledictum
1127 4018 1259 4089 legis
1293 4038 1310 4071 ι
1344 4018 1667 4087 appellatum
1695 4027 1779 4071 est
1800 4019 1862 4073 “5.

311 4108 437 4166 Haec
476 4112 655 4166 omnis
704 4112 866 4180 hujus
900 4111 1169 4165 sermonis
1217 4118 1302 4164 est
1344 4111 1502 4163 ratio.
1539 4112 1649 4167 Cur
1683 4123 1861 4168 autem

390 4223 435 4253 ⁸⁸
457 4224 615 4279 Num.
648 4242 735 4287 xv,
769 4226 857 4279 δέ.
932 4226 976 4257 ⁸⁸
1024 4224 1212 4280 Matth.
1264 4242 1393 4280 xvm
1421 4268 1435 4291 ,
1480 4226 1569 4281 2|.

313 4295 358 4326 "
407 4294 423 4347 Ι
460 4295 598 4350 Tim.
630 4312 667 4360 ι,
699 4297 752 4350 9.
859 4296 904 4326 '“
938 4294 1093 4351 Joau.
1130 4312 1245 4361 vm,
1278 4298 1365 4351 44.

1662 4230 1703 4260 ⁸⁷
1734 4229 1921 4283 Matth.
1976 4246 2073 4297 xu,
2131 4231 2219 4284 '52.

1476 4300 1520 4328 ⁷¹
1547 4299 1733 4353 Matth.
1768 4317 1879 4366 xtx,
1914 4301 1999 4354 17.

1970 3032 2076 3070 non
2106 3031 2408 3085 peccemus,
2436 3015 2528 3069 Dei
2556 3015 2756 3068 donum
2784 3025 2885 3076 est,
2917 3032 2982 3069 ex
3004 3030 3067 3067 eo
3089 3015 3228 3082 quod
3253 3014 3305 3067 in
3337 3023 3522 3068 nostro

1972 3107 2040 3159 sit
2068 3106 2290 3160 arbitrio
2322 3107 2675 3161 constitutum
2720 3122 2941 3176 peccare
2963 3148 2977 3171 ,
3004 3107 3085 3158 vel
3118 3120 3221 3160 non
3267 3121 3521 3174 peccare;

1973 3202 2112 3254 sicut
2142 3200 2303 3253 etiam
2331 3208 2385 3253 tu
2420 3199 2537 3255 sine
2565 3198 2729 3253 dubio
2762 3198 2933 3261 nosti,
2968 3212 2999 3249 ο
3032 3196 3234 3261 Manes,
3261 3196 3305 3250 si
3344 3206 3521 3250 tamen

1976 3291 2388 3361 congregansjn
2418 3306 2585 3344 unum
2613 3290 2906 3358 discipulos
2930 3298 3073 3349 tuos.
3105 3298 3158 3343 et
3178 3303 3270 3343 eos
3293 3303 3527 3342 commo-

1973 3398 2105 3437 neus
2136 3383 2244 3452 (59)
2271 3398 2337 3436 ne
2363 3382 2695 3452 delinquant,
2723 3397 2851 3436 neve
2874 3381 3074 3451 aliquid
3098 3381 3293 3450 injuste
3314 3392 3522 3452 gerant,

1967 3474 2154 3543 judicii
2208 3474 2375 3543 legem
2416 3473 2793 3542 unusquisque
2846 3489 3031 3528 eorum
3078 3474 3247 3543 possit
3275 3474 3522 3530 evadere.

1974 3567 2035 3619 Et
2060 3574 2202 3619 certe
2238 3564 2329 3633 qui
2362 3564 2653 3629 voluerint,
2680 3565 2971 3619 observant
3014 3565 3263 3619 mandata
3310 3568 3387 3631 ἠς
3431 3566 3524 3635 qui

1971 3671 2097 3710 vero
2124 3656 2546 3724 contempserint
2571 3664 2623 3709 et
2654 3655 2706 3707 in
2744 3670 3052 3723 perversum
3105 3656 3521 3719 declinaverint,

1972 3748 2087 3802 sine
2119 3747 2284 3799 dubio
2312 3747 2480 3814 legem
2508 3746 2697 3815 judicii
2743 3746 2932 3800 ferent.
2966 3745 3039 3798 Ex
3095 3746 3197 3801 hoc
3233 3749 3391 3801 etiam
3427 3764 3524 3801 an-

1972 3840 2214 3910 gelorum
2240 3838 2481 3907 quidam,
2515 3838 2764 3890 mandato
2791 3836 2880 3889 Dci
2922 3852 3025 3891 non
3075 3839 3297 3903 subditi,
3330 3840 3524 3892 volun-

1969 3931 2066 3986 tati
2097 3930 2216 3999 ejus
2247 3930 2598 3983 rcstiterunt:
2641 3938 2693 3982 et
2739 3929 2936 3998 aliquis
2983 3931 3198 4000 quidem
3243 3932 3308 3985 de
3342 3933 3478 3987 ςωιυ
3502 3972 3518 3997 ,

1973 4032 2228 4093 tanquam
2256 4021 2430 4091 fulgur
2459 4020 2595 4092 ignis
2626 4021 2691 4088 ⁷³,
2723 4022 2914 4075 cecidit
2957 4037 3117 4091 super
3163 4033 3392 4088 terram;
3432 4026 3521 4077 alii

1971 4130 2099 4169 vero
2130 4115 2182 4166 in
2211 4112 2465 4167 felicitate
2516 4111 2792 4165 hominum
2824 4113 3034 4166 filiabus
3060 4112 3273 4168 admisti
3305 4115 3416 4187 (60)
3442 4153 3459 4182 ,
3491 4133 3519 4170 ιι

2330 4231 2373 4261 ⁸⁸
2409 4229 2582 4285 Galat.
2642 4246 2725 4296 ιιι,
2783 4231 2870 4284 ts.
2982 4230 3223 4287 6"lCor.
3282 4248 3370 4299 xv,
3431 4234 3519 4289 56.

2107 4302 2151 4332 ’3
2182 4301 2312 4355 Luc.
2349 4317 2402 4364 x,
2441 4302 2524 4355 18.

311 4438 429 4564 agit
460 4437 524 4492 D.
555 4439 891 4510 Augustinus
918 4440 971 4494 in
1004 4440 1141 4495 libro
1169 4441 1243 4495 De
1274 4439 1461 4495 Gratia
1501 4440 1717 4506 Christi,
1742 4456 1858 4511 cap.
1894 4446 1938 4500 D
1966 4450 2019 4496 et
2048 4442 2135 4497 isti
2188 4442 2468 4507 fecerunt,
2517 4450 2570 4496 et
2599 4442 2651 4495 in
2681 4454 2845 4495 causa
2877 4440 3130 4504 fuerunt,
3185 4450 3241 4493 ut
3290 4443 3519 4511 populus

387 4551 401 4564 .
436 4524 540 4563 non
569 4510 683 4564 lege
718 4520 879 4564 atuue
907 4511 1150 4564 doctrina
1197 4513 1482 4564 insonante
1524 4512 1862 4564 forinsecus:
1966 4523 2227 4564 peccaret.
2261 4511 2392 4564 Vide
2420 4514 2548 4564 auid
2575 4512 2833 4564 scriptum
2858 4514 2928 4564 sit
2960 4511 3131 4564 Exodi
3167 4527 3336 4564 xxxu.
3375 4529 3514 4564 vers.

387 4551 401 4573 ,
435 4524 540 4580 non
569 4510 683 4580 lege
718 4520 879 4579 atque
907 4511 1150 4565 doctrina
1197 4513 1482 4566 insonante
1524 4510 1862 4578 forinsecus;

312 4581 404 4635 sed
431 4579 639 4633 interna
669 4589 831 4651 atque
857 4583 1062 4636 occulta
1098 4582 1332 4636 mirabili
1362 4598 1423 4636 ac
1474 4581 1726 4636 ineffabili
1769 4596 1866 4651 po-

310 4658 506 4705 testate
535 4660 790 4717 operatur
835 4652 889 4705 in
922 4653 1175 4707 cordibus
1216 4653 1492 4705 hominum
1529 4666 1635 4704 non
1688 4652 1864 4706 solum

318 4736 467 4775 veras
494 4721 867 4787 revelationes,
901 4723 995 4777 sed
1025 4724 1185 4775 etiam
1224 4722 1393 4776 bonas
1422 4723 1747 4776 voluntates.
1778 4720 1866 4775 Si-

312 4790 460 4844 milia
489 4790 866 4863 inculcattum
892 4793 947 4845 in
970 4794 1154 4863 capite
1178 4792 1387 4846 decimo
1412 4793 1569 4845 tertio
1617 4791 1862 4863 ejusdem

311 4863 508 4931 operis,
525 4871 649 4931 tum
678 4861 804 4915 alibi
837 4862 1058 4931 passim.

382 4931 493 4999 (57)
524 4929 579 4983 In
608 4929 891 4985 Casinen’si
925 4934 1128 4994 codice,
1166 4948 1186 4982 ‹
1237 4931 1493 4985 ultionem
1545 4930 1742 4986 fecerat
1773 4946 1863 4985 re-

311 5001 617 5069 torquebat.
645 5020 663 5053 »
699 5002 801 5055 Sed
832 5002 1135 5058 necessaria
1169 5002 1283 5057 visa
1315 5011 1395 5055 est
1413 5004 1617 5057 relativi
1646 5003 1859 5057 articuli

313 5071 534 5136 additio,
563 5087 631 5140 ne
654 5087 846 5126 sensus
874 5075 980 5127 ulla
1006 5088 1069 5125 ex
1096 5082 1245 5140 parte
1279 5082 1509 5125 nutaret.

386 5140 497 5209 (58)
530 5139 646 5195 Non
680 5157 848 5210 pauca
876 5139 1158 5212 primitivre
1186 5142 1439 5197 Ecclesia
1463 5142 1646 5197 Patres
1671 5158 1732 5197 ex
1764 5141 1862 5197 Ju-

315 5208 552 5283 dtrorum
587 5208 849 5266 sententia
876 5208 1258 5281 loquebantur,
1289 5221 1345 5266 ut
1369 5228 1435 5267 ex
1460 5214 1549 5283 his
1574 5214 1663 5283 qui
1692 5215 1743 5266 in
1777 5230 1860 5267 ca-

316 5280 423 5352 pite
452 5285 692 5350 sequenti
725 5293 779 5335 et
811 5284 875 5335 ad
910 5280 1193 5352 Theophili
1234 5280 1856 5351 Alexandriui’disputa-

316 5350 516 5423 tionem
546 5366 667 5405 cum
700 5353 919 5423 Simone
971 5350 1157 5408 Judteo
1192 5368 1310 5423 cap.
1343 5353 1408 5405 15
1447 5350 1855 5415 annotavimus,

315 5419 490 5493 lucide
522 5434 759 5489 apparet.
806 5422 977 5492 llujus
1011 5424 1221 5493 generis
1248 5419 1407 5485 etiam
1457 5434 1541 5476 est
1571 5428 1716 5491 quod
1773 5423 1859 5476 hic

312 5494 379 5543 de
424 5488 689 5561 Egyptiis
723 5488 1058 5547 vituli'auréi
1087 5493 1552 5547 constructoribus
1579 5488 1631 5545 et
1659 5494 1855 5561 adora-

314 5559 546 5615 turibus‘
569 5559 728 5616 tradit
766 5563 1091 5626 Archelaus;
1128 5579 1252 5616 nam
1291 5564 1345 5615 in
1380 5562 1627 5616 Seemoth
1674 5559 1857 5615 Rabba

315 5646 435 5701 pag.
475 5631 597 5703 157,
628 5634 732 5687 col.
768 5633 791 5684 1
822 5649 835 5684 :
875 5651 893 5684 ‹
926 5633 991 5687 Ει
1024 5634 1111 5687 isti
1147 5632 1362 5703 (nempe
1400 5631 1636 5703 Egyptii
1672 5646 1849 5703 prose-

314 5702 453 5771 tj'tt)
482 5701 728 5759 fecerunt
766 5704 1013 5773 vitulum,
1046 5701 1173 5774 quia
1204 5703 1453 5759 colebant
1478 5701 1853 5767 idololatriam,

1966 4523 2227 4582 peccaret.
2261 4511 2392 4566 Vide
2420 4514 2548 4582 quid
2575 4512 2833 4579 scriptum
2858 4514 2928 4567 sit
2960 4511 3131 4565 Exodi
3167 4527 3336 4576 xxxu,
3375 4529 3514 4568 vers.

1963 4581 2016 4635 ι.
2049 4581 2163 4635 Non
2202 4590 2284 4636 est
2320 4581 2576 4651 scriptum
2614 4583 2740 4637 hic:
2773 4583 2862 4636 Isti
2916 4592 3043 4636 sunt
3076 4582 3151 4653 dii
3176 4583 3379 4653 nostri,
3422 4584 3516 4637 sed

1962 4653 2052 4705 isti
2086 4662 2204 4704 sunt
2234 4653 2311 4705 dii
2348 4656 2461 4706 tui:
2510 4653 2652 4721 quod
2703 4653 2951 4723 proselyti
2976 4693 2990 4717 ,
3024 4652 3113 4720 qui
3148 4651 3305 4723 eum
3336 4651 3517 4721 Moyse

1962 4723 2336 4791 ascenderant,
2363 4724 2461 4791 ipsi
2491 4723 2731 4777 fecerunt
2753 4722 2925 4784 illum,
2949 4733 3001 4775 et
3020 4725 3273 4776 dixerunt
3294 4722 3473 4775 Israeli
3500 4742 3513 4777 :

1964 4790 2067 4845 Isti
2114 4801 2233 4845 sunt
2268 4793 2342 4844 dii
2378 4790 2473 4844 tui.
2535 4793 2737 4846 Idcirco
2772 4793 2913 4846 Deus
2959 4804 3177 4845 sanctus
3205 4792 3517 4847 benedictus

1965 4861 2104 4916 dixit
2128 4862 2298 4930 Moysi
2323 4881 2335 4915 :
2366 4860 2529 4927 Vade,
2557 4863 2839 4924 descende,
2867 4864 2993 4930 quia
3017 4862 3256 4929 corrupit
3289 4863 3516 4930 populus

1968 4946 2114 4986 tuus.
2142 4952 2159 4983 ι
2190 4930 2320 4985 Vide
2337 4930 2679 4986 Salomouem
2706 4930 2888 4987 Jarcbi
2913 4933 2965 4985 in
2994 4930 3239 4984 eumdem
3258 4930 3422 4985 Exodi
3441 4932 3518 4984 lo-

1967 5018 2089 5056 cum
2107 5018 2245 5056 vers.
2277 5001 2506 5065 8;Aben
2539 5000 2673 5055 Ezra
2695 5002 2822 5055 ibid.
2851 5017 2989 5055 vers.
3012 4999 3517 5064 29.,etAbarhanel-

1967 5072 2075 5126 lum
2101 5070 2237 5141 ,ibid.
2275 5086 2435 5141 vers:
2456 5071 2540 5141 11.
2574 5075 2643 5125 At
2670 5072 2751 5125 vel
2775 5087 2840 5125 ex
2862 5073 3001 5124 nuda
3034 5068 3174 5141 sacri
3201 5078 3378 5141 textus
3404 5070 3513 5124 Iec-

1968 5139 2130 5208 tione,
2161 5151 2213 5195 et
2242 5156 2308 5196 ex
2357 5140 2494 5193 LXX
2531 5143 2878 5210 interpretum
2906 5140 3166 5210 versione
3199 5139 3338 5192 hanc
3373 5141 3516 5192 rabi-

1964 5207 2157 5266 norum
2182 5211 2551 5280 conjecturam
2575 5207 2725 5267 valde
2759 5213 3017 5267 incertam
3052 5207 3367 5277 I'utilemque
3392 5225 3513 5265 esse

1963 5283 2105 5337 clare
2130 5283 2419 5351 colligitur.

2026 5353 2137 5422 (Si);
2174 5353 2247 5405 Ita
2261 5347 2664 5406 'restituendam
2696 5347 3016 5422 censuimus
3058 5347 3330 5422 depravati
3362 5348 3511 5403 codi-

1955 5418 2376 5476 cis‘Casineusis
2407 5422 2713 5479 lectionem,
2754 5420 2806 5470 iu
2835 5433 2943 5485 quo
2976 5418 3055 5470 sic
3081 5418 3365 5483 scribitur,
3401 5437 3421 5469 ι
3456 5427 3510 5472 et

1954 5491 2259 5544 communis
2290 5507 2377 5555 ne,
2419 5508 2439 5541 ι
2469 5500 2595 5555 etc.,
2619 5489 2722 5542 nisi
2754 5488 2877 5556 quis
2903 5488 3171 5552 maluerit,
3209 5506 3228 5540 ι
3262 5503 3508 5544 commu-

1954 5574 2125 5613 mens.
2160 5578 2179 5609 ι

2025 5626 2137 5698 (60)
2171 5627 2249 5682 En
2297 5629 2430 5683 alter
2454 5627 2701 5698 Archelai
2738 5626 2914 5691 locus,
2942 5642 3007 5682 ex
3040 5643 3149 5697 quo
3184 5628 3235 5682 id
3269 5628 3414 5698 quod
3451 5627 3504 5681 in

1954 5696 2271 5769 praecedenti
2302 5700 2473 5769 capite
2493 5699 2558 5753 de
2599 5696 2945 5753 Hebraeorum
2972 5696 3316 5768 opinionibus
3338 5716 3367 5754 a
3396 5700 3505 5768 pri-
