3998 7026
510 260 536 316 1
548 259 651 319 I79

1489 265 1673 324 ACTA
1710 266 2238 325 DISPU'I'A'I'IONIS
2276 267 2337 325 S.
2376 268 2722 324 ARCIIELAI

3609 272 3768 328 με.

509 381 753 439 dracone
784 382 992 451 aﬂicti,
1026 384 1169 457 ignis
1205 387 1390 442 πιετηί
1421 403 1637 459 ponam
1671 390 1947 461 suscipere
1976 407 2090 446 me-
2118 396 2161 450 Α
2189 406 2379 447 omnes
2405 401 2670 447 creaturae
2705 391 2945 448 visibiles
2978 393 3090 448 sint
3123 406 3343 449 necesse
3363 399 3484 457 est,
3512 394 3769 459 celum,

504 486 760 534 ruerunt.
788 475 882 533 Ille
908 477 1073 548 igitur
1095 478 1149 533 in
1174 487 1373 534 terram
1392 480 1647 538 decidens
1673 498 1773 537 nec
1798 483 1935 537 ultra
1956 482 2078 538 (διιειί

508 571 827 639 regionibus
859 571 1154 635 admissus,
1186 572 1329 627 inter
1363 573 1613 629 homines
1658 575 1950 641 volutatur,
1981 574 2079 629 de-

509 661 717 732 cipiens
769 675 907 726 eos,
948 672 1111 729 atque
1163 663 1499 730 persuadens
1556 663 1657 717 sibi
1712 663 1919 719 similes
1944 662 2080 718 edici

508 762 968 823 transgressores,
1005 762 1059 807 et
1088 751 1263 823 usque
1301 756 1355 809 in
1387 754 1708 809 hodiernum
1739 755 2081 810 adversarius

508 854 593 901 est
644 845 915 900 mandatis
969 846 1081 901 Dei.
1121 846 1227 901 Sed
1265 862 1373 901 non
1424 863 1614 902 omnes
1646 847 1853 917 lapsum
1910 847 2082 902 ruinae

511 937 633 1008 ejus
654 945 973 1006 sequentur,
1000 952 1099 1007 pro
1121 952 1187 991 eo
1214 939 1360 1008 quod
1385 938 1676 1010 unicuique
1704 939 1923 995 libertas
1940 936 2083 994 arbi-

511 1029 598 1083 trii
626 1038 748 1083 est:
784 1042 851 1083 ex
884 1027 987 1083 hoc
1010 1029 1156 1083 enim
1198 1039 1251 1084 et
1279 1030 1582 1100 appellatus
1607 1040 1691 1086 est
1722 1032 1990 1098 diabolus,
2015 1047 2081 1088 eo

507 1120 654 1192 quod
703 1122 992 1175 transitum
1030 1119 1222 1176 fecerit
1248 1121 1315 1177 de
1364 1122 1679 1178 caelestibus
1711 1163 1723 1188 ,
1755 1125 1970 1193 etquod
2026 1124 2080 1178 in

507 1215 667 1270 terris
695 1213 951 1267 mandato
996 1212 1088 1267 Dei
1115 1213 1443 1269 obtrectator
1474 1215 1779 1269 exsisteret.
1814 1214 1949 1281 Quia
1980 1230 2082 1269 au-

508 1315 617 1361 tem
652 1305 794 1361 Deus
821 1306 893 1361 sit
916 1306 1009 1377 qui
1040 1306 1192 1377 prius
1218 1309 1531 1362 mandatum
1557 1308 1724 1375 dedit,
1757 1324 1875 1379 ipse
1899 1308 2082 1363 Domi-

507 1414 613 1455 nus
634 1397 794 1455 Iesus
824 1399 900 1454 ait
922 1399 990 1454 ad
1026 1399 1340 1455 diabolum:
1372 1420 1390 1452 ι
1425 1398 1573 1455 Vade
1619 1410 1741 1471 post
1774 1418 1879 1466 uie,
1926 1399 2083 1456 Sata-

507 1506 578 1546 na
607 1492 696 1559 7‘;
737 1510 757 1544 ›
796 1501 851 1547 et
881 1492 1001 1547 sine
1029 1492 1197 1547 dubio
1231 1493 1311 1548 ire
1341 1503 1461 1564 post
1487 1496 1678 1559 Deutn,
1715 1493 1854 1547 servi
1883 1502 1995 1560 est;
2031 1500 2085 1547 et

508 1580 706 1636 iterum
733 1583 876 1652 quod
930 1583 1007 1637 ait
1034 1583 1100 1638 ad
1133 1599 1258 1638 eum
1287 1602 1299 1638 :
1337 1604 1355 1635 ι
1393 1582 1682 1638 Dominum
1716 1583 1881 1638 Deum
1929 1594 2080 1637 tuum

507 1674 759 1729 adorabis
787 1683 841 1730 et
871 1675 970 1746 ipsi
999 1676 1102 1730 soli
1141 1675 1346 1731 servies
1370 1677 1440 1731 ⁷⁸.
1475 1696 1494 1728 ι
1525 1675 1792 1742 Quoniam
1825 1692 1952 1745 ergo
1983 1676 2080 1729 ob-

2182 491 2328 535 terra
2353 521 2369 546 ,
2419 498 2572 537 mare
2596 523 2611 547 ,
2644 483 2894 538 homines
2914 521 2929 545 ,
2956 483 3161 550 angeli,
3208 482 3519 555 archangeli
3546 500 3561 535 :
3607 479 3771 536 Deus

2181 588 2332 638 vero,
2365 589 2489 629 cum
2534 590 2564 629 a
2597 575 2747 628 nullo
2793 589 3032 645 unquam
3080 574 3231 629 visus
3277 575 3383 641 sit,
3418 574 3553 644 quid
3579 575 3629 627 ei
3672 588 3773 641 po-

2182 672 2288 719 test
2336 682 2402 720 ex
2450 667 2573 721 istis
2605 668 2871 722 creaturis
2916 680 3037 723 esse
3080 668 3448 723 homousiou?
3498 667 3664 724 Unde
3710 679 3771 722 et

2181 754 2393 827 singula
2421 773 2650 828 quaeque
2680 760 2983 816 secundum
3016 761 3259 816 ordinem
3287 777 3447 818 suum
3474 768 3765 835 propriam

2180 846 2416 903 dicimus
2454 849 2656 905 habere
2688 853 3070 911 substantiam.
3095 854 3176 910 Tu
3200 872 3330 913 vero
3357 874 3424 912 ex
3452 876 3565 914 uno
3590 877 3769 917 omne

2181 938 2383 994 animal
2413 945 2556 1011 quod
2596 954 2863 1011 movetur,
2900 944 3102 1001 factum
3130 948 3289 1016 dicis,
3314 962 3368 1004 et
3389 952 3764 1010 substantiam

2182 1043 2213 1083 a
2238 1027 2348 1085 Deo
2369 1032 2643 1102 accepisse
2666 1035 2803 1090 dicis
2824 1036 3076 1105 similem,
3100 1050 3151 1094 et
3176 1056 3335 1109 posse
3356 1057 3477 1096 eam
3504 1059 3765 1114 peccare,

2183 1130 2348 1191 atque
2373 1123 2440 1177 ad
2468 1123 2735 1193 judicium
2759 1126 2979 1192 venire;
3013 1137 3067 1183 et
3101 1144 3222 1184 eum
3255 1147 3364 1186 non
3397 1132 3483 1188 vis
3515 1136 3706 1203 recipe
3732 1151 3768 1192 e

2184 1225 2489 1266 sermonem
2514 1212 2803 1280 dicentem,
2832 1215 3103 1271 diabolum
3126 1220 3376 1286 angelum
3403 1220 3598 1287 fuisse,
3626 1236 3686 1278 et
3707 1226 3763 1280 in

2182 1303 2625 1371 przevaricatione
2655 1308 2953 1376 decidisse,
2978 1320 3032 1365 et
3066 1327 3171 1366 non
3200 1328 3320 1367 esse
3345 1313 3598 1384 ejusdem
3633 1331 3763 1372 cum

2184 1391 2295 1449 Deo
2310 1395 2645 1452 substantiaz.
2663 1400 2977 1456 lnterimere
3001 1404 3162 1458 deies
3172 1404 3360 1474 judicii
3385 1408 3603 1462 ratione
3626 1407 3765 1478 (6i),

2185 1494 2245 1539 ut
2273 1487 2395 1557 quis
2424 1500 2669 1544 nostrum
2698 1490 2848 1546 fallat
2882 1505 3154 1564 appareat.
3181 1496 3236 1550 Si
3263 1500 3406 1552 enim
3435 1515 3550 1553 non
3581 1512 3769 1570 potest

2186 1583 2337 1650 quia
2370 1581 2479 1639 Deo
2508 1594 2727 1642 creatus
2769 1592 2853 1643 est
2908 1589 3161 1660 angelus,
3220 1592 3273 1647 in
3312 1598 3767 1665 transgressione

2183 1672 2452 1742 decidere,
2487 1678 2760 1746 quomodo
2791 1689 2971 1749 potest
3003 1697 3127 1750 pars
3151 1681 3242 1738 Dei
3271 1684 3449 1738 anima
3484 1689 3766 1754 peccare?

507 1766 881 1837 temperabant
907 1767 1128 1837 quidam
1159 1767 1441 1825 hominum
1481 1768 1853 1822 voluntatibus
1886 1766 2078 1837 ipsius,
2112 1756 2153 1812 Β
2184 1763 2241 1819 Si
2269 1782 2398 1821 vero
2417 1767 2683 1837 judicium
2730 1786 2851 1826 esse
2877 1771 3014 1828 dicis
3039 1775 3377 1843 peccantium
3411 1777 3763 1845 animarum,

507 1857 796 1913 audierunt
821 1876 850 1913 a
876 1858 1157 1915 Salvatore
1185 1879 1198 1915 :
1231 1878 1251 1913 ι
1282 1859 1392 1915 Vos
1416 1876 1479 1916 ex
1512 1871 1660 1930 patre
1684 1859 1898 1915 diabolo
1920 1859 2077 1923 estis,

504 1959 560 2005 et
588 1950 855 2006 desideria
888 1953 1058 2021 patris
1082 1952 1249 2006 vestri
1279 1952 1458 2007 facere
1484 1952 1647 2009 vultis
1670 1952 1735 2005 ⁷⁸.
1768 1971 1786 2004 ι
1819 1950 2079 2022 Denique,

503 2058 628 2099 cum
668 2043 869 2099 faciant
900 2045 1205 2099 voluntates
1252 2044 1394 2115 ejus,
1426 2044 1693 2099 audiunt:
1735 2064 1754 2095 ι
1791 2043 2081 2099 Generatio

504 2136 838 2205 viperarum,
864 2135 988 2205 quis
1017 2135 1169 2191 vobis
1191 2136 1428 2191 ostendit
1473 2135 1658 2208 fugere
1682 2137 1749 2190 ab
1780 2136 1860 2190 ira
1890 2146 2080 2191 ventu-

504 2230 604 2284 ra‘.’
638 2227 821 2283 Facite
862 2244 992 2299 ergo
1038 2228 1279 2285 fructum
1309 2228 1534 2300 dignum
1582 2228 1913 2300 poenitentia:
1940 2228 2007 2282 ⁷⁷.
2051 2246 2072 2281 ι

503 2316 583 2374 Ex
618 2321 721 2376 hoc
762 2337 890 2392 ergo
919 2322 1137 2393 pervide
1169 2330 1375 2394 quanta
1404 2323 1486 2378 vis
1521 2323 1591 2377 sit
1618 2323 1893 2379 hominem
1922 2323 2078 2379 liberi

501 2420 625 2467 esst:
650 2413 899 2468 arbitrii:
951 2413 1097 2469 dicat
1128 2422 1308 2469 tamen
1353 2414 1515 2469 etiam
1554 2415 1689 2483 ipse,
1725 2415 1772 2468 si
1806 2425 1888 2471 est
1931 2414 2080 2485 judi-

501 2506 648 2562 cium
678 2507 892 2577 piorum
940 2515 995 2561 et
1015 2506 1329 2576 impiorum.
1363 2506 1545 2561 Manes
1575 2507 1715 2560 dixit
1750 2522 1769 2561 :
1803 2506 1899 2563 Est
1925 2508 2077 2579 judi-

503 2599 676 2655 cium.
726 2597 1017 2653 Archelaus
1054 2598 1230 2653 dixit:
1287 2598 1426 2654 Puto
1463 2614 1585 2670 qua:
1608 2615 1638 2654 a
1670 2599 1826 2655 nobis
1857 2600 1969 2671 (61)
2012 2601 2079 2657 de

502 2690 723 2747 diabolo
751 2692 895 2746 dicta
926 2702 1077 2755 sunt,
1111 2709 1219 2748 non
1268 2709 1461 2763 parum
1513 2692 1743 2748 rationis
1772 2698 1826 2748 ct
1859 2692 2077 2764 pietatis

502 2786 774 2841 obtinent.
810 2784 982 2841 liabet
1009 2786 1152 2841 enim
1184 2795 1237 2843 et
1273 2803 1612 2859 unaquaeque
1641 2797 1893 2844 creatura
1924 2788 2076 2844 ordi-

502 2893 627 2933 nem
653 2892 854 2932 suum:
909 2887 964 2933 et
996 2879 1135 2933 alius
1180 2880 1398 2950 quidem
1433 2880 1568 2936 ordo
1588 2887 1672 2936 est
1719 2879 1943 2935 humani
1985 2895 2079 2952 ge-

502 2972 672 3036 neris,
717 2982 771 3026 et
791 2971 932 3029 alius
969 2971 1288 3026 animalium
1321 2981 1404 3027 est
1426 3013 1443 3038 ,
1494 2981 1658 3044 atque
1686 2971 1826 3027 alius
1851 2972 2074 3042 angelo-

2181 1865 2234 1911 et
2261 1857 2422 1914 unius
2448 1874 2540 1914 eas
2569 1876 2694 1916 cum
2742 1861 2851 1918 Deo
2878 1864 3017 1921 dicis
3041 1881 3162 1921 esse
3191 1867 3538 1935 substantiae,
3585 1879 3649 1924 et
3681 1879 3765 1925 ta-

2182 1963 2304 2003 men
2332 1965 2456 2005 cum
2479 1951 2545 2006 de
2564 1952 2745 2009 divina
2757 1970 2851 2011 eas
2872 1971 3089 2014 asseras
3115 1973 3237 2013 esse
3263 1969 3485 2028 natura,
3504 1962 3653 2017 dieis
3680 1964 3766 2018 ni-

2181 2043 2476 2101 hilominus
2498 2044 2593 2101 Dei
2624 2063 2732 2102 non
2764 2064 2981 2104 servare
3004 2052 3257 2106 mandata
3288 2051 3442 2123 (65);
3476 2054 3652 2109 etiam
3682 2057 3764 2112 sic

2179 2134 2474 2204 plurimum
2513 2152 2667 2192 meus
2708 2154 2887 2193 sermo
2915 2141 3153 2209 prooedit
3182 2140 3312 2212 (66),
3353 2144 3549 2198 dicens
3578 2148 3764 2213 primo

2180 2225 2482 2296 diabolum,
2510 2244 2576 2285 eo
2600 2232 2745 2301 quod
2773 2233 3084 2288 mandatum
3109 2250 3217 2290 non
3246 2240 3570 2306 servaverit,
3605 2242 3760 2295 deci-

2178 2320 2363 2387 disse;
2419 2336 2529 2376 non
2575 2324 2719 2377 enim
2762 2333 2879 2380 erat
2908 2341 2971 2380 ex
3030 2325 3126 2381 Dei
3174 2329 3478 2385 sulstantia
3510 2350 3525 2385 :
3554 2334 3763 2389 decidit

2179 2428 2287 2467 non
2316 2421 2422 2467 tam
2456 2423 2515 2468 ut
2539 2414 2754 2491 laederet
2778 2416 3076 2471 humanum
3107 2434 3277 2491 genus
3299 2460 3314 2484 ,
3347 2423 3444 2477 sed
3483 2432 3546 2477 ut
3593 2426 3669 2480 ab
3696 2442 3759 2479 eo

2179 2505 2360 2574 potius
2383 2504 2698 2561 illuderetur
2726 2489 2739 2559 ξ
2769 2507 2916 2562 dedit
2940 2509 3086 2562 enim
3111 2489 3273 2566 nobis
3292 2522 3626 2581 potestatem
3655 2519 3761 2571 αι.

2177 2596 2337 2651 candi
2372 2611 2536 2667 super
2565 2608 2843 2668 serpentes
2868 2609 2923 2655 et
2940 2603 3276 2672 scorpiones,
3309 2613 3364 2661 et
3391 2620 3624 2662 omnem
3653 2611 3761 2663 vir-

2179 2697 2348 2744 tutem
2383 2690 2590 2746 inimici
2621 2692 2688 2746 ⁷⁸.

2246 2779 2487 2837 XXXIII.
2518 2780 2731 2838 Iudices
2754 2782 3034 2841 dixerunt:
3066 2787 3404 2844 Suﬂicienter
3422 2793 3673 2847 ostendit
3691 2794 3759 2849 de

2177 2877 2386 2948 origine
2418 2877 2643 2932 diaboli.
2675 2876 2809 2932 Cum
2842 2878 2986 2933 enim
3022 2887 3249 2950 utraque
3286 2897 3415 2949 pars
3454 2884 3758 2939 conﬁtetur

2177 2964 2421 3021 futurum
2478 2983 2602 3022 esse
2629 2967 2893 3038 judicium
2920 3010 2936 3036 ,
2968 2972 3277 3026 necessario
3324 2972 3483 3028 liberi
3534 2975 3756 3032 arbitrii

505 3080 664 3119 rum:
700 3079 809 3118 una
859 3080 986 3119 vero
1028 3072 1081 3118 et
1120 3065 1233 3119 sola
1282 3064 1712 3119 inconvertibilis
1762 3072 1845 3119 est
1892 3062 2072 3119 divina
2102 3096 2143 3153 ε
2179 3058 2968 3160 unusquisque.monstratur;
3018 3075 3128 3130 quo
3158 3062 3434 3118 evidenter
3480 3075 3750 3131 ostenso,

502 3155 807 3211 substantia
828 3195 842 3219 ,
869 3165 1068 3210 aeterna
1106 3164 1160 3209 et
1204 3156 1523 3221 invisibilis,
1566 3156 1709 3211 sicut
1737 3162 1791 3209 et
1821 3154 2076 3209 omnibus
2109 3149 2142 3153 ⁷
2174 3150 2307 3204 nulli
2337 3149 2688 3217 dubium'est.
2710 3150 2854 3221 quod
2883 3153 3255 3223 unusquisque
3278 3156 3331 3209 in
3358 3171 3753 3229 quamcunque

501 3254 693 3299 notum
734 3254 855 3312 est,
902 3243 1202 3300 secundum
1250 3245 1383 3298 illud
1433 3244 1577 3314 quod
1634 3242 1898 3313 scriptum
1951 3251 2072 3298 est:

508 3357 527 3390 ι
553 3337 838 3391 Dominum
865 3335 976 3407 (62)
1000 3351 1160 3390 nemo
1184 3335 1315 3389 vidit
1343 3351 1605 3405 unquam,
1631 3335 1736 3389 nisi
1767 3334 2079 3405 unigenitus

498 3425 673 3483 Filius
712 3428 806 3498 qui
833 3437 918 3483 est
945 3427 1000 3480 in
1032 3426 1155 3482 sinu
1177 3424 1355 3482 Patris
1376 3426 1439 3480 ⁷⁸.
1474 3446 1493 3480 ι
1523 3424 1767 3498 Reliqua:
1802 3440 1933 3498 ergo
1961 3424 2076 3498 (65)

569 3582 616 3616 ἰ
643 3581 833 3640 Malui.
859 3599 932 3653 ιν,
970 3584 1057 3639 ιο.
1146 3584 1193 3617 ⁷·
1225 3582 1360 3640 lbid.

497 3749 704 3825 mitivm
733 3747 989 3805 Ecclesiae
1012 3748 1263 3825 Patribus
1294 3750 1563 3825 interdum
1597 3755 1955 3825 propugnatis
1975 3754 2062 3809 di-

498 3823 685 3896 ximus
705 3860 720 3883 ,
770 3832 953 3896 aperte
980 3821 1353 3896 conﬁrmatur.
1400 3821 1555 3896 Quod
1587 3821 1731 3896 enim
1762 3821 1830 3880 de
1859 3826 2065 3896 angelis

499 3908 625 3947 cum
660 3890 878 3963 feminis
902 3893 1389 3963 concttmbcntibus
1424 3894 1584 3948 tradit
1611 3890 2064 3963 Archelausjam

498 3976 676 4035 usque
705 3978 735 4014 a
769 3960 1013 4035 Philonis
1041 3961 1248 4018 Hebraei
1277 3971 1331 4017 et
1361 3962 1579 4034 Iosephi
1611 3960 2065 4035 temporibus'Iu-

498 4033 739 4087 decorum
762 4033 950 4104 opinio
977 4042 1077 4097 est,
1113 4049 1276 4100 quam
1324 4033 1821 4104 etiamsequuntur
1853 4035 2067 4092 Tertul-

498 4104 682 4159 Iianus
704 4143 720 4168 ,
755 4102 1003 4173 Iustinus
1031 4145 1047 4169 ,
1078 4103 1329 4158 Clemens
1356 4102 1755 4161 Alexandrinus
1782 4145 1799 4173 ,
1828 4108 2068 4162 Athena-

499 4189 681 4243 goras,
711 4172 1045 4244 _Methodtus,
1076 4176 1414 4244 Cyprianus,
1450 4173 1768 4231 Lactantius
1788 4172 1808 4241 7,
1861 4188 1923 4232 ut
1960 4179 2067 4232 late

498 4242 690 4313 probat
710 4242 981 4297 Parnelius
1010 4246 1060 4297 in
1084 4242 1402 4299 Tertulliani
1430 4246 1706 4314 paradoxo
1736 4262 1752 4300 I
1783 4255 1837 4301 et
1863 4245 2067 4302 Feuar-

498 4315 715 4386 (lentius
739 4315 790 4386 in
821 4316 961 4369 noris
987 4320 1053 4368 ad
1088 4315 1345 4386 Irenzeum
1382 4317 1627 4386 ejusdem
1676 4318 1950 4386 opinionis
1979 4334 2067 4373 as-

500 4385 699 4439 seclam
731 4384 824 4438 lib.
857 4402 930 4450 tv,
960 4402 1078 4454 cap.
1107 4385 1192 4438 70.
1226 4384 1428 4439 lloruni
1467 4397 1645 4441 tamen
1682 4384 1903 4441 Patrum
1935 4404 2070 4442 non-

499 4455 635 4508 nulli
661 4456 832 4509 bonos
865 4473 895 4509 a
919 4460 1079 4527 malis
1100 4457 1309 4527 angelis
1325 4458 1598 4527 deceptos,
1624 4458 1865 4511 normulli
1893 4459 2065 4515 malos
2098 4466 2143 4522 Β

453 4538 461 4545 ’
502 4528 725 4595 angelos
768 4541 891 4579 cum
938 4526 1215 4579 hominum
1262 4526 1477 4582 liliabus
1524 4528 1842 4583 commistos
1893 4528 2066 4586 fuisse

498 4596 812 4668 credidere;
848 4595 1255 4668 sedutramque
1285 4599 1596 4668 opinionem
1644 4601 1922 4653 communi
1956 4601 2067 4653 cal-

498 4667 625 4734 culo
646 4665 897 4734 rejieiunt
919 4666 1008 4719 alii
1024 4664 1234 4734 Pati-es,
1256 4676 1310 4721 et
1324 4664 1661 4723 recentiores
1682 4683 1874 4724 omnes
1896 4685 2066 4725 sacrae

502 4733 799 4806 Scriptum
844 4737 1171 4808 interpretes
1197 4733 1470 4807 ,quorum
1509 4740 1815 4808 catalogum
1864 4750 2063 4807 texere,

496 4821 623 4863 cum
659 4822 745 4877 res
768 4806 1138 4876 vulgatissima
1162 4806 1760 4877 sit,’praetermittimus.

570 4878 683 4947 (61)
707 4876 764 4929 In
796 4878 1079 4932 Castnensi
1106 4876 1297 4948 legitur
1326 4883 1600 4935 eontrario
1625 4894 1790 4934 sensu
1813 4919 1828 4945 ,
1857 4896 1879 4930 ι
1908 4895 1938 4934 a
1972 4895 2066 4937 vo-

497 4945 617 5019 bis,
640 4945 671 5019 ι
694 4950 837 5019 quod
876 4957 1053 5019 tamen
1083 4949 1135 5001 in
1160 4945 1309 5003 hunc
1342 4950 1520 5005 locum
1549 4966 1655 5004 non
1684 4952 1934 5019 quadrat.

570 4964 605 5011 ς,
643 4967 662 4997 ι
694 4964 837 5071 ιιύιοα
876 4964 1053 5001 tamen
1083 4964 1135 5001 ιιι
1165 4964 1309 5003 nunc
1342 4964 1520 5005 locum
1549 4966 1655 5004 non
1684 4964 1934 5019 quadrat.

570 5018 682 5084 (62)
771 5033 873 5073 nnc
916 5018 1094 5073 locum
1149 5019 1341 5073 iisdem
1372 5020 1554 5073 verbis
1598 5021 1786 5073 laudat
1825 5019 2064 5076 Irenaeus

494 5093 628 5147 Adv.
651 5093 862 5153 haeret,
888 5087 987 5147 lib.
1008 5104 1088 5155 ιιι,
1106 5105 1156 5145 c.
1184 5089 1271 5158 Il,
1294 5090 1419 5145 licet
1444 5089 1572 5144 alibi
1597 5088 1837 5161 Vulgata:
1860 5093 2064 5145 versit.-

500 5175 622 5214 nem
660 5170 939 5227 sequatur.

572 5229 685 5299 (65)
716 5231 1016 5285 Archelaus
1046 5228 1133 5284 hic
1160 5236 1398 5283 veterum
1450 5228 1810 5298 quorumdam
1840 5228 2060 5284 Patrum

499 5309 823 5355 sententiain
854 5302 1196 5370 amplectitur
1218 5339 1233 5365 ,
1265 5302 1359 5369 qui
1388 5301 1562 5354 solum
1595 5300 1765 5354 Deum
1814 5301 2063 5369 incorpo-

499 5384 678 5432 reum,
714 5372 922 5440 rehqua
947 5386 1073 5425 vero
1101 5382 1279 5425 creata
1303 5372 1485 5424 omnia
1524 5385 1783 5439 corporea
1814 5387 1935 5441 esse
1966 5387 2063 5441 pu-

501 5447 681 5494 tarunt
718 5482 733 5506 ,
766 5441 914 5511 quod
950 5456 1139 5511 nempe
1166 5445 1285 5497 loco
1321 5442 1753 5511 circumscripta,
1781 5440 1834 5495 in
1862 5440 2058 5511 seipsis

501 5511 885 5582 subsisterent;
914 5512 1039 5567 licet
1089 5513 1262 5566 nostri
1293 5522 1535 5581 respectu
1565 5550 1581 5575 ,
1630 5513 1725 5582 qui
1777 5526 1962 5567 crassa
2009 5522 2065 5567 et

499 5579 925 5653 densamcorpora
960 5582 1241 5649 habemus,
1272 5579 1618 5653 incorporeus
1649 5579 1758 5637 dici
1788 5591 2060 5651 putarent.

502 5647 637 5723 Yide
659 5647 972 5722 Dionysium
1007 5647 1283 5707 Patavium
1306 5647 1454 5709 tomb
1476 5656 1635 5709 tertio
1657 5647 2062 5723 theologicorum

500 5720 825 5794 dogmatum,
860 5722 954 5776 lib.
996 5738 1033 5790 ι,
1069 5738 1188 5794 cap.
1218 5724 1273 5791 2,
1336 5731 1388 5780 et
1432 5724 1805 5795 sequentibus,
1829 5720 1948 5781 wubi
1978 5724 2059 5779 la-

1451 3585 1498 3618 "
1521 3584 1806 3651 Ioan.vnt,
1833 3585 1923 3640 44.
1999 3586 2043 3618 ⁷⁷
2069 3583 2259 3639 Matth.
2287 3598 2370 3645 in.
2411 3582 2464 3637 7.

2174 3244 2392 3314 elegerit
2424 3254 2634 3314 partem
2661 3286 2677 3312 ,
2714 3246 2937 3316 propria
2971 3262 3103 3305 usus
3146 3248 3311 3323 fuerit
3344 3252 3543 3306 arbitrii
3578 3263 3752 3323 pote-

2176 3308 2314 3390 staie
2342 3308 2473 3406 (67).
2507 3308 2690 3389 Manes
2714 3308 2859 3390 dixit
2882 3352 2901 3392 :
2929 3335 2979 3394 Si
3009 3353 3039 3393 a
3067 3308 3403 3407 Deodlouus,
3426 3352 3486 3397 ut
3513 3308 3748 3411 asseris,

2178 3425 2495 3483 mendacem
2524 3441 2646 3482 esse
2677 3427 2863 3483 dixisti
2882 3426 3067 3485 Iesum
3091 3429 3224 3504 (68).
3256 3433 3543 3489 Archelaus
3566 3437 3750 3492 dixit:

2572 3582 2618 3614 ⁷⁸
2645 3581 2804 3638 Ioan.
2830 3599 2869 3650 t,
2906 3582 2996 3638 I8.
3100 3585 3147 3617 "
3177 3584 3309 3641 Luc.
3340 3604 3395 3653 ς,
3429 3588 3519 3645 19.

2170 3753 2385 3808 tissime
2423 3752 2671 3808 omnium
2720 3752 2943 3807 Patrum
2988 3767 3055 3808 ea
3103 3754 3171 3808 de
3218 3769 3275 3809 re
3317 3758 3622 3815 sententias
3646 3775 3747 3816 ex-

2209 3824 2376 3878 endit.

2170 3839 2590 3965 θ’ῗῗὲέῗῖοηθε
2619 3892 2909 3965 rationem,
2950 3910 2968 3943 ι
3008 3902 3068 3947 ut
3091 3909 3286 3951 sensus
3310 3896 3385 3950 sit
3406 3913 3513 3953 non
3540 3900 3744 3958 debere

2171 3961 2435 4037 Manetem
2465 3962 2729 4037 judicium
2760 3964 3077 4037 admittere,
3101 3979 3224 4018 cum
3252 3968 3373 4034 ejus
3392 3970 3638 4037 dogmata
3666 3975 3738 4028 de

2172 4034 2394 4089 homine
2433 4043 2484 4087 et
2513 4032 2718 4103 angelis
2761 4034 2969 4103 judicio
3016 4032 3389 4091 adverse-nim.
3454 4032 3512 4093 In
3551 4040 3738 4097 Grai-eo

2172 4050 2394 4089 nomine
2433 4050 2484 4087 et
2513 4050 2718 4103 angens
2749 4050 2969 4158 dumeta
3016 4050 3389 4091 adversentur.
3454 4050 3512 4093 In
3551 4050 3738 4097 lira-c0

2170 4105 2317 4159 enim
2349 4112 2497 4158 textu
2554 4104 2720 4173 hujus
2759 4104 3160 4177 Aisputationts,
3192 4111 3458 4177 ἀναιρεῖν,
3510 4110 3746 4170 fortasse

2172 4185 2433 4244 scriptum
2458 4182 2606 4237 erat;
2630 4174 2773 4242 quod
2795 4190 2919 4229 cum
2944 4176 3189 4245 occidere
3214 4174 3414 4245 ιιειτιὶει·
3439 4174 3507 4234 ac.
3525 4184 3747 4240 auferre

2171 4254 2227 4299 et
2257 4250 2323 4300 de
2355 4246 2531 4299 medio
2564 4246 2749 4299 tollere
2800 4244 3084 4316 signiﬁcet,
3116 4244 3350 4316 priorem
3389 4266 3617 4308 sensum
3655 4273 3747 4310 se—

2171 4324 2333 4393 cutus
2359 4324 2443 4393 est
2476 4331 2581 4369 non
2616 4318 2749 4370 satis
2770 4325 3080 4381 aeeuratus,
3113 4334 3212 4372 nee
3229 4321 3376 4374 satis
3403 4322 3630 4393 elegans
3652 4342 3749 4381 an-

2174 4385 2355 4455 tiquus
2383 4386 2668 4455 interpres.

2242 4457 2352 4527 (65)
2388 4454 2568 4527 Series
2600 4465 2656 4509 et
2681 4456 3085 4527 consequentia_
3100 4459 3372 4515 sermonis
3395 4464 3633 4519 omnino
3662 4467 3746 4521 vi-

2170 4525 2630 4595 detur'postulare
2656 4535 2716 4596 ut
2746 4527 2976 4596 legatur,
3010 4547 3029 4577 ι
3058 4525 3153 4580 Dei
3182 4545 3288 4584 non
3318 4547 3540 4588 servare
3589 4552 3750 4591 utau-

2169 4598 2321 4676 data,
2355 4621 2373 4648 ι
2411 4597 2534 4676 licet
2565 4596 2619 4676 in
2639 4595 2929 4676 Casineusi
2959 4598 3145 4676 codice
3172 4603 3313 4655 desit
3340 4607 3593 4676 negativa
3623 4624 3748 4676 par.

2168 4670 2365 4732 ticula;
2403 4670 2504 4721 nisi
2526 4669 2651 4737 quis
2684 4668 2862 4737 potius
2908 4668 3190 4738 lego-udum
3221 4682 3390 4739 putet,
3415 4668 3445 4722 ἶ
3500 4673 3601 4730 Dei
3623 4668 3747 4733 ger-

2169 4753 2317 4811 vare,
2346 4739 2426 4791 vel
2455 4754 2561 4791 non
2593 4752 2809 4793 servare
2835 4745 3090 4793 mandata
3111 4779 3126 4804 ,
3163 4758 3184 4791 ι
3217 4757 3316 4811 pro
3344 4744 3561 4799 arbitrii
3590 4750 3744 4803 scili-

2167 4818 2253 4863 cet
2285 4810 2551 4863 libertate.

2238 4883 2351 4949 (66)
2379 4878 2437 4949 1ιι
2471 4878 2779 4943 Casinensi,
2806 4894 2825 4929 ι
2857 4879 3129 4947 praecedit.
3160 4899 3181 4931 ι

2239 4948 2351 5020 (67)
2400 4948 2461 5002 In
2508 4949 2702 5020 eodem
2727 4950 2916 5004 codice
2957 4949 3195 5019 legitur:
3253 4968 3273 5002 ι
3310 4948 3430 5018 Quo
3485 4955 3746 5011 videntur

2166 5029 2387 5094 ostenso
2416 5020 2550 5094 nulli
2583 5019 2803 5073 dubium
2832 5027 2918 5073 est
2943 5022 3317 5094 unusquisque
3348 5041 3400 5077 ιιι
3429 5041 3743 5094 quamcun-

2168 5106 2273 5164 que
2294 5090 2517 5160 elegerit
2544 5098 2749 5164 partem
2774 5091 2990 5164 propria
3016 5090 3147 5145 usus
3169 5090 3377 5147 arbitrii
3405 5090 3733 5164 potestate.»

2165 5157 2276 5215 Nos
2303 5176 2371 5214 an
2386 5157 2559 5215 'recte'
2572 5161 2748 5216 locum
2776 5157 2933 5214 hunc
2974 5157 3445 5221 cmendaverimtis
3465 5206 3483 5230 ,
3517 5170 3743 5223 videant

2165 5232 2387 5285 eruditi.

2237 5301 2347 5371 (68)
2369 5300 2552 5357 Codex
2589 5299 2904 5357 Casinensis
2935 5299 3024 5355 hic
3051 5300 3125 5356 ita
3157 5319 3217 5359 se
3254 5303 3458 5359 habet:
3505 5325 3526 5359 α
3565 5307 3661 5364 Sic
3707 5326 3735 5363 a

2168 5369 2277 5425 Deo
2321 5369 2497 5426 bonus
2544 5380 2603 5427 ut
2642 5387 2703 5425 as
2748 5372 3063 5427 mendacem
3091 5386 3216 5430 esse
3259 5376 3443 5431 dixisti
3487 5376 3671 5434 Iesus.
3711 5396 3732 5431 ι

2166 5442 2503 5497 Abutebatur
2534 5451 2718 5496 autem
2759 5440 2943 5497 Manes
2967 5484 2983 5508 ,
3040 5454 3100 5498 ut
3144 5461 3305 5499 suum
3336 5447 3406 5500 de
3446 5450 3598 5503 malo
3624 5449 3738 5506 Deo

2165 5514 2362 5588 dogma
2382 5510 2909 5588 statueret,_Ioanuis
2931 5512 3211 5584 Evangelii
3236 5517 3358 5570 loco
3376 5516 3433 5588 iu
3458 5532 3584 5588 cap.
3618 5535 3736 5586 vin,

2165 5583 2200 5637 5
2228 5581 2282 5637 et
2301 5582 2390 5646 44.
2417 5584 2481 5656 in
2500 5597 2611 5656 quo
2636 5583 2716 5637 sic
2739 5581 3044 5656 Pharisaos
3064 5581 3342 5656 risdarguit
3364 5581 3565 5643 Iesus':
3597 5581 3739 5647 .voé

2164 5668 2234 5727 ex
2258 5652 2645 5727 patre‘diabolo
2671 5655 2895 5727 estis,et
2909 5653 3176 5727 desideria
3193 5652 3365 5727 patris
3388 5660 3555 5713 vestri
3571 5660 3740 5715 vultis

2163 5721 2379 5791 facere;
2412 5723 2501 5780 ille
2544 5724 2815 5779 homicida
2853 5732 2972 5780 erat
3019 5725 3089 5779 ab
3125 5721 3306 5798 initio,
3339 5737 3396 5783 et
3423 5728 3478 5797 in
3512 5732 3682 5786 verita
