3996 6208
310 319 439 375 H81

1384 320 1527 378 CUM
1564 320 1842 377 ΜΑΝΕΤΕ
1882 320 2414 377 ΠᾸΕΒΕΞΙΑΒΕΗΑ.

3384 325 3518 379 ιιδα

303 438 574 494 Confitere
622 439 798 509 primo
823 481 837 505 ,
875 439 1001 509 quia
1031 455 1153 494 vera
1205 439 1275 493 sit
1326 439 1462 493 ratio
1496 456 1683 495 eorum
1739 455 1858 509 qum
1889 447 1931 502 Α
1960 441 2053 508 qui
2088 456 2212 494 enim
2246 440 2299 493 in
2330 448 2482 492 utero
2508 438 2755 506 concepit
2780 445 2831 491 et
2856 439 3037 509 genuit
3066 449 3227 507 atque
3258 438 3312 491 in
3338 438 3514 493 lucem

304 546 450 585 nunc
475 531 820 596 adduximus,
849 540 900 585 et
931 541 1057 587 tunc
1073 532 1345 586 ostendam
1372 532 1466 585 tibi
1494 541 1699 600 patrem
1721 532 1859 601 ejus.

305 621 488 677 Manes
517 623 692 676 dixit:
735 622 791 676 Si
823 623 953 676 mihi
990 623 1288 677 ostenderis
1321 631 1526 692 patrem
1557 624 1673 692 ejus
1708 640 1862 678 men-

302 714 511 778 dacem,
545 722 598 767 et
632 713 739 767 Deo
766 714 958 768 horum
994 715 1127 767 nihil
1150 716 1486 785 ascripseris,
1520 724 1648 769 tunc
1677 714 1768 768 tibi
1798 716 1863 768 dc

303 804 557 859 omnibus
606 806 1104 860 accommodabitur
1148 807 1297 860 fides.
1351 807 1636 860 Archelaus
1679 807 1815 860 dixit
1845 824 1863 860 :

302 895 460 949 Omni
483 897 693 952 ratione
720 898 785 951 de
822 898 1035 951 diabolo
1053 898 1335 967 diligenter
1366 900 1633 967 exposita,
1666 910 1719 953 et
1752 900 1864 954 disc

301 988 618 1058 pensatione
650 989 852 1057 prolata
882 1029 897 1053 ,
936 989 1076 1043 sicut
1118 990 1397 1045 hominum
1442 992 1583 1059 viget
1636 1006 1860 1057 sensus,

300 1078 461 1131 etiam
508 1081 647 1146 apud
675 1080 911 1148 seipsum
937 1089 1111 1149 potest
1132 1080 1409 1151 diligenter
1433 1082 1862 1152 advertere,quis

301 1167 405 1223 iste
432 1170 522 1235 sit,
558 1171 649 1240 qui
673 1172 872 1225 diaboli
894 1172 1189 1241 appellatus
1215 1182 1296 1228 est
1318 1182 1488 1243 pater.
1518 1172 1619 1227 Sed
1654 1188 1776 1227 cum
1811 1181 1861 1226 te

301 1267 359 1314 tu
384 1258 717 1315 Paracletum
743 1277 861 1316 esse
885 1263 1033 1316 dicas
1053 1303 1066 1327 ,
1092 1263 1383 1332 plurimum
1439 1263 1530 1317 tibi
1580 1264 1739 1317 etiam
1793 1261 1861 1315 ab

302 1351 537 1406 humana
557 1354 707 1408 deest
728 1342 1031 1421 prudentia.
1086 1353 1350 1420 Quoniam
1404 1371 1531 1426 ergo
1578 1356 1859 1425 prodidisti

301 1444 657 1514 ignorantiam
694 1453 866 1509 tuam,
899 1445 1073 1499 dicam
1116 1461 1214 1517 ego
1248 1447 1375 1517 quid
1406 1448 1493 1501 ille
1520 1448 1590 1503 sit
1619 1448 1727 1518 (69)
1763 1466 1856 1521 pa-

298 1542 381 1587 ter
398 1535 617 1587 diaboli.
644 1534 823 1588 Manes
846 1536 1021 1591 dixit:
1047 1579 1057 1592 .
1088 1576 1100 1589 .
1121 1577 1134 1591 .
1163 1578 1175 1591 .
1208 1538 1360 1602 dico;
1386 1546 1437 1592 et
1466 1539 1697 1609 adjecit:
1724 1540 1854 1594 Om-

298 1623 383 1678 nis
418 1625 510 1693 qui
544 1626 787 1679 conditor
818 1635 920 1687 est,
951 1628 1033 1680 vel
1073 1636 1287 1683 creator
1311 1628 1613 1698 aliquorum
1641 1670 1654 1695 ,
1709 1641 1859 1700 pater

296 1728 482 1768 eorum
516 1752 529 1765 .
557 1754 569 1766 .
594 1754 607 1767 .
634 1754 647 1767 .
671 1754 684 1768 .
719 1715 1016 1770 condiderit
1049 1719 1345 1787 appellatur
1390 1718 1521 1789 (70).
1569 1721 1854 1775 Archelaus

1967 531 2134 586 edidit
2162 547 2414 601 serpens;
2451 530 2716 586 secundus
2746 544 2870 584 vero
2896 530 3049 593 Cain,
3076 530 3167 600 qui
3197 546 3290 599 per
3319 529 3519 598 iniqui-

1964 634 2100 679 tates
2138 633 2462 693 conceptas,
2512 623 2725 678 dolores
2758 631 2810 674 et
2871 623 3219 690 parricidium
3278 623 3513 691 peperit;

1964 717 2264 771 interfectio
2295 718 2493 771 etenim
2547 716 2929 785 iniquitatem,
2985 715 3299 783 injustitiam
3355 724 3517 783 atque

1963 810 2292 879 impietatem
2344 809 2544 878 pariter
2597 806 2941 876 perpetravit.
2977 804 3080 859 Sed
3127 816 3180 861 et
3210 806 3517 875 quicunque

1963 917 2084 956 eum
2118 900 2459 969 suscipiunt,
2506 909 2558 953 et
2590 898 2798 952 faciunt
2835 899 2952 965 ejus
2989 897 3274 961 desideria,
3324 896 3516 951 fratres

1962 991 2080 1061 ejus
2113 992 2435 1046 elliciuntur.
2471 988 2629 1043 Pater
2674 989 2792 1057 ejus
2820 988 3090 1058 perfectus
3142 998 3223 1043 est
3267 987 3515 1053 Pharao;

1962 1092 2112 1151 pater
2143 1082 2260 1151 ejus
2286 1081 2588 1137 elliciuntur
2620 1081 2989 1149 unusquisque
3015 1080 3334 1149 impiorum;
3369 1090 3518 1149 pater

1961 1174 2077 1243 ejus
2106 1173 2327 1229 eﬂ‘ectus
2351 1184 2432 1228 est
2465 1172 2651 1238 Judas,
2687 1173 2815 1240 quia
2850 1172 3095 1241 concepit
3126 1173 3339 1241 quidem
3369 1187 3515 1238 eum,

1960 1263 2051 1318 sed
2086 1264 2305 1318 abortus
2328 1274 2406 1318 est
2430 1280 2442 1329 ;
2469 1280 2572 1317 non
2598 1264 2739 1317 enim
2771 1263 3065 1333 perfectum
3094 1264 3259 1317 edidit
3282 1272 3517 1331 partum,

1959 1356 2084 1425 quia
2114 1356 2370 1425 majorem
2401 1372 2682 1425 personam
2723 1372 3008 1427 aggressus
3041 1364 3123 1410 est
3150 1372 3241 1424 per
3288 1356 3477 1409 Judam
3499 1395 3514 1420 ,

1956 1454 2009 1500 et
2042 1446 2161 1501 ideo
2192 1448 2443 1501 abortum
2478 1448 2675 1502 factum
2707 1464 2827 1503 esse
2854 1448 3006 1511 dico;
3035 1448 3158 1516 quia
3182 1456 3438 1517 tanquam
3468 1449 3515 1502 si

1959 1544 2153 1598 mulier
2198 1560 2380 1600 semen
2416 1546 2517 1598 viri
2552 1544 2836 1613 concipiat,
2873 1552 3035 1612 atque
3080 1543 3132 1596 in
3181 1558 3299 1596 sese
3328 1544 3511 1611 quoti-

1959 1634 2149 1687 d-ianos
2175 1633 2405 1702 accipiat
2434 1633 2726 1702 profectus,
2757 1634 2826 1685 ita
2852 1641 2904 1685 et
2932 1630 3096 1686 Judas
3125 1632 3363 1701 quotidie
3392 1648 3517 1700 pro-

1959 1724 2172 1779 ﬁciebat
2202 1725 2256 1778 in
2290 1726 2442 1795 pejus
2475 1726 2612 1796 (73),
2647 1725 3023 1779 occasionibus
3057 1725 3159 1779 sibi
3188 1740 3217 1777 a
3253 1724 3512 1793 maligno,

296 1806 469 1858 dixit:
500 1805 664 1860 Miror
693 1810 962 1876 quomodo
993 1810 1180 1864 saltem
1216 1811 1319 1866 hoc
1351 1820 1494 1867 recta
1521 1814 1733 1869 ratione
1770 1830 1852 1869 re-
1884 1816 1924 1870 Β
1953 1816 2109 1885 quasi
2143 1816 2459 1879 seminibus,
2494 1817 2652 1869 datis.
2682 1814 2748 1869 Et
2774 1816 3009 1884 primum
3043 1814 3262 1883 quidem
3315 1814 3414 1868 fuit
3462 1815 3513 1869 ei

297 1898 604 1967 sponderis,
633 1914 731 1953 nec
762 1900 1021 1955 celaveris
1055 1905 1321 1958 sermonis
1348 1904 1509 1974 hujus
1551 1905 1851 1978 intelligen-

298 1988 423 2041 tiam
456 1990 537 2042 vel
570 1996 836 2044 naturam.
869 1991 1005 2044 Audi
1043 1992 1152 2061 jam
1184 2008 1249 2046 ex
1294 1994 1397 2049 hoc
1450 1996 1573 2065 quis
1608 1998 1678 2052 sit
1705 2010 1855 2066 pater

295 2079 430 2148 ejus.
464 2078 598 2133 Cum
628 2096 693 2134 ex
721 2081 978 2135 caelorum
1012 2099 1175 2153 regno
1200 2086 1503 2150 cecidisset,
1555 2097 1668 2141 erat
1694 2104 1855 2158 super

294 2177 486 2234 terras,
516 2170 798 2225 intendens
820 2180 873 2225 et
901 2172 1179 2242 inquirens
1208 2176 1293 2229 cui
1345 2190 1403 2230 se
1450 2188 1629 2245 posset
1659 2180 1852 2248 adjun—

295 2277 437 2332 gere,
476 2277 634 2331 quem
666 2277 732 2316 ex
759 2265 1032 2319 consortio
1057 2266 1139 2319 sui
1173 2267 1484 2336 participem
1512 2285 1726 2338 quoque
1760 2286 1854 2324 ne-

292 2354 475 2425 quitiae
501 2369 613 2408 suae
639 2354 839 2409 valeret
865 2355 1092 2411 efficere.
1128 2357 1192 2411 Et
1240 2358 1453 2426 quidem
1488 2359 1660 2415 donec
1691 2360 1853 2417 homo

293 2462 401 2503 non
435 2454 574 2514 erat,
605 2461 779 2516 neque
806 2446 894 2501 ille
942 2448 1311 2516 appellabatur
1337 2450 1603 2505 homicida
1631 2490 1645 2515 ,
1679 2469 1852 2522 neque

290 2551 415 2595 cum
440 2550 586 2610 patre
609 2539 866 2606 mendax;
896 2548 1016 2609 post
1046 2540 1158 2594 hare
1182 2556 1328 2607 vero,
1358 2556 1479 2595 cum
1514 2541 1685 2598 factus
1709 2554 1850 2600 esset

294 2634 474 2699 homo,
506 2648 569 2687 ac
597 2632 879 2687 mendacio
909 2631 1027 2701 ejus
1060 2631 1250 2687 fuisset
1302 2641 1355 2687 et
1393 2635 1851 2693 circumventione

291 2725 567 2793 deceptus,
601 2740 723 2779 cum
754 2738 871 2778 sese
894 2724 1208 2779 inseruisset
1229 2725 1439 2794 corpori
1472 2726 1736 2795 serpentis
1765 2740 1852 2783 sa-

290 2817 571 2886 pientioris
608 2816 849 2870 omnium
889 2816 1220 2879 bestiarum,
1253 2825 1382 2871 tunc
1434 2818 1731 2887 appellatus
1769 2830 1852 2876 est

290 2909 543 2971 mendax,
581 2923 687 2962 una
730 2924 851 2962 cum
889 2917 1039 2978 patre
1093 2921 1211 2972 suo,
1242 2918 1294 2963 et
1341 2908 1453 2979 (71)
1494 2909 1739 2965 effectum
1769 2922 1851 2968 est

288 3013 399 3054 non
427 2998 600 3053 solum
634 3012 795 3067 super
825 2997 1001 3066 ipsum
1052 2997 1318 3051 mendacii
1358 2999 1723 3064 maledictum,
1755 3002 1848 3055 sed

288 3100 343 3145 et
394 3105 556 3159 super
583 3100 787 3158 patrem
820 3090 954 3159 ejus.
986 3090 1120 3144 Cum
1149 3106 1277 3160 ergo
1307 3105 1529 3160 serpens
1558 3093 1849 3162 recepisset

1956 1924 2138 1964 semen
2164 1908 2404 1976 pecunia:
2423 1907 2707 1976 cupiditas,
2733 1907 3120 1961 incrementum
3141 1921 3268 1960 vero
3289 1905 3515 1972 furtum,

1957 1996 2241 2051 furabatur
2267 1995 2410 2050 enim
2439 2011 2501 2049 ea
2526 2011 2644 2064 quae
2672 1994 3018 2048 mittebantur
3041 1994 3093 2046 in
3122 1993 3393 2056 loculum;
3418 1993 3516 2046 do-

1953 2089 2097 2143 lores
2128 2102 2255 2141 vero
2280 2096 2465 2158 partus
2497 2086 2732 2152 fuerunt,
2765 2095 2817 2139 et
2845 2086 3132 2140 collocutio
3161 2102 3285 2140 cum
3322 2084 3515 2140 Phari-

1953 2180 2093 2243 sicis,
2118 2188 2172 2233 et
2199 2179 2353 2249 pretii
2380 2179 2635 2233 scelerata
2655 2177 2972 2242 conventio;
3012 2177 3232 2231 abortus
3260 2186 3341 2231 est
3365 2192 3514 2242 vero,

1954 2288 2061 2326 non
2094 2282 2302 2343 partus,
2352 2272 2576 2341 laqueus
2616 2272 2805 2324 mortis
2834 2268 3101 2323 informis.
3141 2267 3245 2324 Sed
3278 2278 3330 2323 et
3358 2276 3434 2332 tu,
3468 2269 3514 2322 si

1954 2366 2252 2435 malignum
2281 2381 2347 2419 ex
2374 2372 2426 2418 te
2470 2362 2778 2433 protuleris,
2807 2370 2860 2416 et
2889 2360 3057 2416 facias
3088 2361 3207 2430 ejus
3251 2361 3511 2429 concupi-

1950 2459 2187 2511 scentias
2208 2497 2222 2520 ,
2252 2454 2482 2525 genuisti
2510 2468 2631 2508 eum
2652 2494 2666 2516 ,
2694 2464 2747 2506 et
2783 2462 2933 2522 pater
2972 2451 3090 2521 ejus
3126 2465 3245 2505 esse
3277 2450 3507 2514 diceris;

1952 2547 2000 2603 si
2032 2561 2160 2601 vero
2190 2544 2554 2616 paenitentiam
2604 2544 2836 2613 gesseris
2884 2549 2937 2596 et
2970 2542 3230 2610 ahjeceris
3261 2539 3469 2610 pondus
3493 2582 3509 2604 ,

1952 2639 2095 2691 velut
2122 2634 2408 2706 parturies.
2447 2631 2513 2687 Ut
2561 2632 2706 2686 enim
2756 2632 2808 2684 in
2842 2631 2983 2687 ludis
3032 2632 3372 2687 scholaribus
3398 2672 3413 2696 ,
3463 2631 3507 2684 si

1950 2728 2214 2796 acceperit
2263 2725 2385 2795 quis
2446 2739 2477 2778 a
2553 2722 2811 2793 magistro
2866 2724 3143 2777 materiam
3185 2763 3200 2789 ,
3242 2723 3508 2792 reliquum

1951 2834 2147 2888 corpus
2179 2817 2437 2873 orationis
2468 2832 2533 2869 ex
2580 2816 2870 2885 semetipso
2909 2823 3124 2886 generet
3147 2831 3209 2871 ac
3242 2825 3506 2885 procreet,

1950 2926 2138 2967 eorum
2171 2927 2291 2981 quae
2322 2910 2565 2981 genuerit
2614 2909 2861 2964 conditor
2912 2909 3025 2977 ipse
3048 2910 3271 2975 dicitur;
3298 2911 3368 2963 ita
3415 2910 3507 2979 qui

1949 3020 2016 3058 ex
2065 3020 2278 3059 summa
2354 3002 2557 3056 malitia
2610 3017 2799 3070 parum
2856 3001 2987 3069 quid
3046 2999 3293 3055 fermenti
3349 3016 3507 3055 acce-

1954 3093 2125 3162 perit,
2182 3102 2330 3162 pater
2359 3103 2411 3147 et
2471 3090 2681 3160 genitor
2731 3087 2941 3142 dicatur
2974 3103 3192 3143 necesse
3224 3099 3305 3143 est
3341 3089 3507 3153 illius,

287 3197 409 3236 eum
445 3183 497 3234 in
526 3196 664 3246 sese,
686 3191 738 3234 et
760 3181 1046 3250 recepisset
1073 3180 1407 3243 universum,
1435 3190 1685 3251 tauquam
1712 3198 1843 3251 prae-
1873 3176 1913 3231 C
1948 3182 2039 3251 qui
2068 3182 2135 3236 ab
2168 3182 2323 3236 initio
2345 3180 2544 3235 restitit
2567 3178 2799 3233 veritati.
2834 3175 2987 3243 Quod
3018 3178 3179 3232 simili
3206 3179 3365 3233 modo
3389 3194 3508 3248 pro-

288 3289 459 3344 gnans
483 3274 707 3330 eﬂectus
737 3283 837 3341 est,
860 3276 1091 3345 ingentis
1117 3273 1562 3329 malitiaa‘fascem
1590 3283 1839 3345 portans;

287 3376 341 3421 et
372 3376 487 3422 erat
519 3368 659 3422 sicut
695 3382 954 3435 puerpera
983 3383 1103 3436 quae
1150 3377 1307 3437 partu
1349 3376 1567 3435 urgetur
1590 3407 1605 3431 ,
1657 3369 1843 3424 volens

287 3474 536 3513 evomere
593 3458 842 3527 malignae
900 3459 1265 3528 suggestionis
1299 3459 1417 3527 ejus
1455 3462 1652 3531 agitata
1705 3462 1836 3532 (72).

284 3548 449 3603 Primi
496 3550 640 3605 enim
693 3548 927 3604 hominis
973 3548 1198 3618 gloriam
1247 3551 1478 3619 graviter
1508 3550 1686 3605 ferens
1728 3567 1842 3605 ser-

287 3658 452 3710 pens,
494 3643 769 3712 ingressus
813 3642 1151 3711 paradisum,
1183 3651 1235 3695 et
1269 3644 1541 3710 conceptis
1571 3643 1623 3695 in
1655 3658 1713 3697 se
1740 3644 1840 3697 do-

287 3732 513 3795 loribus,
541 3733 826 3787 mendaces
846 3731 1009 3801 coepit
1030 3746 1284 3801 generare
1310 3746 1606 3796 sermones,
1630 3741 1684 3785 et
1704 3748 1842 3786 mor-

286 3832 392 3876 tem
424 3838 615 3892 parere
646 3822 959 3877 hominibus
983 3862 997 3886 ,
1029 3820 1174 3891 quia
1208 3822 1315 3874 Deo
1344 3818 1544 3873 fuerint
1592 3820 1801 3889 ﬁgurati
1822 3862 1837 3887 ,

284 3926 337 3970 et
360 3924 677 3985 acceperant
729 3916 914 3970 vitam.
962 3913 1162 3968 Verum
1218 3928 1324 3967 non
1358 3914 1531 3982 potuit
1584 3922 1752 3966 totum
1784 3928 1841 3967 se

286 4006 633 4063 manifestum
663 4006 841 4063 facere
885 4023 980 4077 per
1027 4015 1361 4075 serpentem;
1411 4006 1504 4059 sed
1550 4007 1840 4060 reservavit

283 4099 665 4169 perfectionem
697 4114 872 4164 suam,
919 4112 1080 4167 quam
1114 4097 1505 4151 demonstraret
1528 4096 1582 4149 in
1603 4095 1757 4158 Cain,
1809 4111 1839 4150 a

284 4208 393 4262 quo
425 4202 708 4263 generatus
733 4203 816 4246 est
848 4200 1012 4246 totus.
1047 4190 1111 4247 Et
1152 4206 1246 4260 per
1274 4199 1575 4260 serpentem
1623 4190 1838 4260 quidem

286 4287 599 4358 hypocrises
624 4294 677 4341 et
707 4285 949 4339 fallacias
998 4284 1064 4337 ad
1098 4283 1264 4337 Evam
1294 4283 1711 4347 demonstravit;
1746 4297 1840 4350 per

284 4377 415 4430 Cain
452 4392 582 4431 vero
616 4375 888 4430 homicidii
942 4374 1222 4430 exordium
1256 4373 1444 4438 dedit,
1493 4373 1737 4427 inserens
1783 4388 1840 4427 se

286 4467 337 4521 in
364 4467 629 4538 primitias
666 4466 881 4535 frugum
906 4508 922 4532 ,
973 4480 1110 4535 quas
1139 4465 1227 4518 ille
1253 4464 1393 4518 male
1424 4462 1715 4518 distribuit.
1761 4461 1838 4514 Ex

285 4559 388 4614 hoc
419 4558 689 4614 homicida
714 4558 1009 4627 appellatus
1036 4566 1119 4612 est
1145 4557 1213 4610 ab
1244 4556 1428 4620 initio;
1460 4554 1689 4608 mendax
1714 4566 1842 4607 vero

283 4652 541 4720 quoniam
573 4649 777 4714 fefellit,
807 4650 1030 4704 dicens:
1063 4667 1081 4699 ι
1115 4648 1276 4701 Eritis
1311 4657 1565 4715 tanquam
1599 4644 1673 4698 dii
1697 4643 1773 4709 '°;
1818 4661 1836 4694 ι

283 4742 439 4812 ejecti
467 4752 593 4797 sunt
626 4743 769 4797 enim
804 4752 989 4811 postea
1019 4742 1083 4794 de
1118 4740 1368 4809 paradiso
1420 4738 1495 4790 illi
1538 4750 1675 4806 quos
1714 4735 1843 4790 deos

285 4836 498 4891 futuros
532 4850 653 4890 esse
673 4834 909 4890 fallebat.
945 4832 1185 4887 Emcitur
1207 4846 1336 4901 ergo
1366 4829 1512 4899 prior
1530 4836 1681 4898 pater
1703 4828 1843 4898 ejus,

385 4932 431 4964 ⁸⁸
460 4929 596 4986 Gen.
632 4946 711 4994 Ill,
737 4930 790 4984 5.
898 4928 941 4959 ⁸⁸
973 4926 1126 4980 Joau.
1154 4941 1268 4989 vni,
1300 4922 1387 4977 44.

286 5041 392 5080 non
409 5025 586 5087 stetit,
618 5022 743 5092 quia
774 5037 881 5075 non
905 5030 987 5092 est
1014 5020 1214 5092 veritas
1243 5018 1297 5071 in
1322 5032 1420 5092 eo;
1452 5031 1573 5070 cum
1599 5014 1837 5092 loquitur

286 5085 663 5158 mendacium,
681 5107 744 5147 ex
777 5091 1009 5161 propriis
1033 5090 1289 5157 loquitur,
1317 5087 1443 5156 quia
1474 5085 1706 5161 mendait
1736 5094 1837 5148 est,

286 5174 339 5218 et
364 5174 514 5233 pater
538 5155 674 5231 ejus.
724 5180 741 5213 ι
778 5155 960 5233 Quare
1003 5155 1118 5233 hoc
1151 5155 1465 5233 argumento
1514 5155 1836 5233 Archelaum

288 5225 381 5289 hi6
401 5242 551 5300 urget
567 5225 768 5285 'Manes
794 5225 892 5284 ξ-
908 5229 964 5283 Si
988 5246 1018 5283 a
1046 5230 1155 5285 Deo
1176 5225 1289 5300 sola
1320 5234 1643 5297 promanant
1674 5225 1835 5300 bona,

286 5294 507 5371 ipseque
537 5317 747 5371 summe
770 5302 943 5354 bonus
963 5312 1065 5363 est,
1091 5294 1401 5371 mendaeem
1436 5306 1648 5371 oportet
1672 5294 1840 5347 fuisse

286 5319 302 5355 ι
343 5319 507 5371 seque
537 5318 747 5355 summe
770 5318 943 5354 nonus
963 5318 1065 5363 εει,
1091 5318 1401 5355 menuaeem
1436 5318 1648 5365 Opurtcl
1672 5318 1837 5347 tUIssu

282 5318 490 5436 Jgsum,
511 5373 601 5441 qui
628 5372 679 5423 in
701 5370 924 5424 Joannis
950 5370 1255 5439 Evangelio,
1281 5366 1704 5441 diabolipatrem
1728 5378 1837 5416 non

283 5442 448 5496 modo
470 5434 779 5495 mendacem
810 5455 948 5505 esse,
968 5441 1059 5512 s_e_d
1090 5434 1144 5493 ἐι
1168 5437 1438 5491 mendacis
1460 5434 1658 5512 diaboli
1679 5447 1833 5485 crea-

282 5520 455 5566 torem
473 5512 745 5567 exstitisse
764 5508 1124 5581 dicit.-r—Hinc
1138 5517 1314 5562 autem
1339 5514 1485 5575 patet
1500 5520 1606 5581 non
1635 5508 1835 5581 impro-

282 5582 515 5636 baudam
541 5597 661 5636 esse
684 5580 1113 5635 emendationem
1146 5574 1383 5650 nostram
1426 5590 1531 5644 qua
1562 5574 1832 5650 legimus;

290 5669 309 5703 ι
340 5652 395 5705 Si
429 5667 460 5706 a
487 5650 596 5706 Deo
624 5653 819 5715 bonus,
838 5660 896 5703 ut
921 5650 1141 5713 asseris,
1173 5640 1481 5702 mendacem
1511 5658 1631 5699 esse
1650 5640 1835 5694 dixisti

283 5719 483 5778 Iesum.
530 5742 549 5773 ι

556 5815 828 5880 ΡΑτιιοι..
873 5810 989 5871 Gn.
1032 5812 1109 5871 X.

1946 3275 2132 3328 venire
2164 3280 2338 3342 potest
2385 3270 2547 3324 etiam
2591 3269 2674 3323 his
2732 3269 2822 3338 qui
2867 3268 3049 3320 virtuti
3085 3269 3333 3333 Student;
3382 3285 3505 3322 nam

1949 3366 2127 3421 audivi
2167 3363 2492 3419 fortissimos
2525 3362 2671 3415 viros
2715 3361 2891 3416 dicere
2921 3360 2985 3414 ad
3021 3358 3189 3414 Deum
3228 3382 3238 3414 :
3282 3359 3508 3430 Propter

1948 3462 2195 3515 timorem
2226 3467 2375 3512 tuum
2404 3455 2687 3509 Dominum
2716 3452 2823 3522 (74)
2854 3452 2906 3505 in
2939 3461 3093 3506 utero
3123 3452 3501 3521 concepimus:

1946 3560 2000 3605 et
2029 3549 2334 3611 doluimus,
2364 3558 2417 3600 et
2446 3545 2749 3614 peperimus
2782 3544 3028 3613 spiritum
3060 3543 3283 3608 salutis;
3343 3544 3416 3597 ita
3455 3554 3507 3597 et

1946 3641 2255 3709 quicunque
2286 3637 2351 3690 de
2378 3636 2567 3689 timore
2594 3632 2812 3701 maligni
2842 3632 3173 3699 concipiunt,
3204 3640 3258 3685 et
3286 3633 3504 3700 pariunt

1946 3729 2195 3798 spiritum
2228 3724 2561 3794 iniquitatis,
2612 3723 2711 3791 ipsi
2748 3730 2927 3790 patres
2973 3722 3091 3789 ejus
3129 3722 3374 3775 dicantur
3406 3739 3501 3776 ne—

1946 3834 2097 3874 cesse
2123 3825 2234 3883 est;
2261 3816 2355 3870 lilii
2381 3814 2523 3869 enim
2549 3814 2821 3875 dicuntur,
2848 3812 2975 3865 dum
3003 3811 3178 3864 adhuc
3203 3811 3501 3866 ministerio

1945 3913 2064 3981 ejus
2090 3918 2312 3980 parent;
2341 3916 2521 3976 patres
2546 3918 2694 3971 vero,
2719 3905 2811 3973 qui
2841 3904 2907 3957 ad
2934 3902 3310 3972 perfectionem
3346 3903 3501 3956 mali-

1946 4003 2033 4055 tia:
2062 4006 2438 4070 pervenerunt.
2476 3996 2551 4051 lta
2582 4010 2814 4064 namque
2840 4004 2893 4048 et
2920 3993 3182 4047 Dominus
3214 4001 3397 4049 noster
3425 3995 3501 4046 ait

1945 4093 2013 4148 ad
2039 4094 2335 4149 Pharisaaos
2360 4110 2374 4146 :
2408 4109 2426 4143 ι
2456 4089 2565 4144 Vos
2589 4089 2654 4143 de
2681 4096 2830 4156 patre
2850 4085 3061 4140 diabolo
3081 4086 3210 4140 estis
3230 4086 3296 4149 ⁸⁸,
3320 4104 3343 4159 ι,
3362 4085 3498 4138 tilios

1944 4203 2038 4243 eos
2068 4187 2271 4241 faciens
2302 4185 2466 4252 illius,
2502 4184 2670 4238 donec
2710 4180 2885 4235 adhuc
2910 4178 3220 4234 conturbari
3245 4177 3500 4231 videban-

1945 4289 2053 4343 tur,
2097 4288 2150 4334 et
2186 4279 2491 4350 cogitabant
2518 4279 2573 4332 in
2608 4276 2861 4332 cordibus
2890 4272 3003 4327 suis
3038 4271 3176 4324 mala
3207 4285 3304 4339 pro
3341 4270 3496 4325 bonis

1945 4372 2231 4426 adversum
2274 4371 2468 4439 justos.
2515 4368 2655 4440 Ergo
2681 4366 2821 4436 apud
2867 4379 2925 4421 se
2960 4362 3088 4419 talia
3116 4362 3493 4432 cogitantibus,

1944 4460 2220 4515 translatis
2254 4459 2309 4513 in
2343 4474 2400 4514 se
2425 4458 2674 4527 malignis
2699 4471 2886 4512 eorum
2917 4452 3360 4525 cogitationibus,
3395 4449 3495 4503 Ju-

1872 4530 1916 4583 ι)
1944 4552 2040 4607 das
2062 4552 2330 4605 malorum
2359 4558 2538 4619 caput,
2566 4558 2621 4604 et
2648 4548 2715 4603 ad
2744 4544 3039 4617 perfectum
3066 4543 3363 4614 perducens
3394 4540 3497 4593 ini-

1940 4657 2048 4712 qua
2075 4642 2322 4703 consilia,
2348 4640 2568 4695 effectus
2598 4649 2680 4693 est
2704 4637 2921 4693 sceleris
2944 4644 3114 4705 pater,
3145 4631 3495 4687 immanitatis

1942 4749 2055 4789 sua:
2089 4732 2311 4803 praemio
2357 4731 2426 4784 ab
2475 4732 2554 4785 eis
2599 4730 2817 4799 triginta
2862 4726 3129 4795 argenteis
3160 4725 3491 4786 honoratus;

1942 4835 2089 4881 totus
2106 4825 2247 4880 enim
2283 4843 2302 4875 ι
2330 4824 2383 4877 in
2411 4839 2535 4878 eum
2565 4829 2685 4893 post
2704 4820 3000 4876 buccellam
3030 4818 3184 4888 panis
3220 4817 3495 4887 ingressus

2011 5012 2122 5085 (69)
2157 5011 2337 5085 forte,
2375 5029 2393 5061 ι
2418 5009 2553 5085 Δ(ιιιὶε
2581 5007 2792 5085 ille__sit.
2835 5025 2853 5057 ι

2013 5070 2124 5153 (70)
2160 5070 2390 5136 Lacunae
2416 5070 2532 5153 ista:
2576 5078 2731 5153 facile
2760 5073 2968 5153 impleri
3018 5086 3176 5153 posse
3207 5070 3492 5153 videntur,

1940 5154 1985 5208 si
2008 5142 2081 5209 ita
2099 5142 2340 5224 legamus
2366 5169 2379 5204 :
2411 5170 2428 5200 ι
2458 5148 2636 5203 Manes
2663 5149 2797 5201 dixit
2821 5142 2973 5199 {lam
3001 5143 3121 5224 dico
3141 5150 3235 5224 ;_et
3262 5142 3488 5224 adjecit:

1940 5211 2311 5290 Omnis,uetc.,
2349 5232 2500 5290 pater
2528 5233 2717 5273 eorum
2750 5232 2870 5287 quae
2907 5211 3224 5277 condiderit,
3258 5214 3483 5281 appeti-4‘

1941 5303 2051 5349 tur.
2087 5314 2106 5346 ι

2009 5364 2118 5434 (71)
2149 5363 2205 5434 l_n
2236 5359 2421 5414 codice
2445 5354 2745 5434 Ca_sinensi,
2786 5373 2803 5405 ι
2836 5361 2915 5407 ιιι.
2953 5372 2974 5407 ι

2014 5427 2745 5510 (Β)ξονιεο.μειῖείιίξιδ-.’.
2842 5503 2855 5510 -

2016 5491 2129 5570 (75)
2171 5502 2227 5553 ιιι
2261 5499 2443 5554 codice
2467 5491 2748 5550 Casinensi
2780 5503 2894 5561 est,
2925 5513 2944 5548 ι
2976 5491 3292 5565 proﬁciebat
3321 5491 3494 5565 impe-

1945 5581 2124 5711 ωἷῆί)
2164 5638 2342 5703 Forte,
2379 5657 2396 5690 ι
2428 5633 2669 5692 Domine.
2712 5654 2731 5686 ι

3056 5789 3131 5847 1ιῖ
