3996 6208
462 295 596 350 1485

1446 296 1628 352 acra
1665 295 2190 352 DISPUTA‘I‘IONIS
2228 297 2287 350 s.
2323 281 2664 358 meum“

3531 295 3662 353 1481

455 425 539 472 est
565 416 812 471 diabolus
837 416 902 471 ⁸⁸.
942 438 959 468 ι
996 416 1120 482 Sed,
1145 428 1202 472 ut
1230 417 1486 482 diximus,
1515 429 1800 488 postquam
1834 429 2017 474 uterus
2045 424 2090 480 Α
2118 427 2293 488 portet
2343 434 2536 473 nomen
2587 432 2762 472 meum
2816 417 2868 471 in
2921 427 3212 486 conspectu
3247 431 3433 487 regum
3460 425 3514 471 et
3538 433 3662 487 gen-

460 509 734 572 lntumuit,
766 519 819 562 et
851 509 1096 563 dolorum
1125 519 1336 578 tempus
1365 510 1616 576 advenit,
1664 512 1908 565 abortum
1938 510 2016 564 fa-

457 615 603 655 seem
636 601 833 670 iniqua’
870 603 1238 671 conceptionis
1272 605 1480 668 effudit,
1528 611 1581 656 et
1615 603 1736 656 ideo
1773 617 1870 656 nec
1903 617 2020 670 per—

455 691 594 746 fecte
632 701 781 762 pater
813 695 1213 762 appellabatur,
1263 697 1368 752 nisi
1410 712 1474 751 eo
1522 705 1727 749 tantum
1777 705 2017 762 tempore

455 797 566 852 quo
610 794 899 853 conceptus
941 786 1224 855 gerebatur
1281 788 1333 840 in
1402 797 1592 850 utero;
1652 795 1836 855 postea
1891 800 2018 838 vero

458 892 622 943 quam
655 876 896 944 confugit
929 876 994 929 ad
1030 877 1280 946 laqueum
1302 918 1316 940 ,
1366 894 1470 932 non
1510 880 1773 949 integrum
1807 877 2018 932 videtur

458 969 692 1022 edidisse
725 976 968 1036 partum,
999 969 1124 1038 quia
1154 970 1466 1038 poenitentia
1497 972 1781 1024 subsecuta
1807 978 1908 1024 est.

529 1057 765 1111 XXXIV.
806 1057 1055 1128 Ignorare
1117 1077 1211 1116 vos
1266 1077 1371 1115 non
1430 1062 1698 1125 arbitror,
1762 1061 2017 1130 quoniam

459 1157 607 1216 pater
659 1163 822 1200 unum
875 1148 1090 1216 quidem
1138 1151 1207 1204 sit
1253 1168 1447 1207 nomen
1476 1197 1490 1220 ,
1549 1155 1790 1209 diversos
1837 1165 2015 1207 tamen

460 1237 620 1291 habet
655 1236 956 1290 intellectus
990 1255 1002 1288 :
1045 1238 1184 1293 alius
1213 1241 1354 1294 enim
1391 1253 1541 1312 pater
1569 1245 1766 1297 dicitur
1807 1260 2016 1307 eorum,

458 1347 596 1400 quos
637 1331 952 1385 naturaliter
987 1333 1228 1403 genuerit
1268 1333 1533 1399 filiorum;
1578 1333 1714 1388 alius
1761 1349 1887 1387 vero
1927 1350 2019 1387 eo-

460 1437 604 1486 rum,
638 1438 780 1492 quos
821 1425 1195 1477 tantummodo
1245 1425 1558 1491 enutrierit;
1601 1426 1845 1480 nonnulli
1891 1443 2018 1481 vero

461 1513 717 1580 temporis
747 1522 908 1584 atque
945 1515 1116 1568 artatis
1155 1513 1433 1583 privilegio
1468 1533 1481 1568 :
1514 1516 1655 1570 unde
1680 1528 1730 1570 et
1760 1516 2017 1572 Dominus

461 1614 646 1658 noster
675 1603 832 1659 Jesus
869 1607 1130 1675 plurimos
1163 1614 1343 1674 patres
1371 1607 1569 1661 habere
1612 1609 1844 1673 dicitur;
1892 1625 2016 1663 nam

459 1704 511 1748 et
546 1695 709 1749 David
740 1707 888 1766 pater
915 1698 1032 1766 ejus
1060 1699 1356 1767 appellatus
1388 1708 1502 1763 est,
1536 1709 1590 1754 et
1633 1698 1826 1768 Joseph
1869 1710 2018 1770 pater

2120 512 2250 564 tium
2277 511 2343 564 ⁸⁸.
2385 532 2402 561 ι
2441 509 2557 579 Ipse
2587 523 2802 577 quoque
2852 507 2905 562 in
2959 508 3132 579 prima
3166 507 3403 577 Epistola
3448 523 3543 562 sua
3575 523 3667 576 po-

2117 599 2225 650 suit
2252 637 2265 659 ,
2318 599 2546 652 dicens:
2586 615 2604 647 ι
2643 596 2945 650 Secundum
2995 598 3222 666 gratiam
3278 614 3398 666 qua:
3438 598 3558 651 data
3591 606 3667 652 est

2117 690 2247 744 mihi
2276 705 2304 742 a
2341 690 2445 743 Deo
2469 729 2483 751 ,
2533 698 2592 742 ut
2629 688 2731 742 sim
2781 688 3026 742 minister
3051 688 3250 743 Christi
3291 689 3343 742 in
3379 690 3626 760 gentibus
3651 728 3665 753 ,

2117 795 2438 834 consecratis
2472 779 2817 848 Evangelium
2851 778 2944 832 Dei
2985 780 3048 832 ⁸⁸.
3106 778 3392 834 Veritatem
3437 781 3560 834 dico
3618 781 3666 834 in

2116 870 2352 933 Christo,
2387 885 2492 924 non
2521 873 2771 934 mentior,
2801 871 3168 924 testimonium
3197 871 3326 924 mihi
3361 873 3670 940 perhibente

2117 960 2445 1015 conscientia
2492 977 2608 1015 mea
2654 962 2705 1014 in
2740 959 2940 1030 Spiritu
2969 972 3159 1014 sancto
3191 962 3256 1015 ⁸⁷.
3294 981 3312 1013 ι
3346 961 3412 1014 Et
3457 977 3670 1016 rursum

2117 1053 2193 1106 ait
2220 1072 2232 1107 :
2267 1071 2284 1104 ι
2316 1051 2430 1106 Non
2456 1053 2597 1108 enim
2630 1054 2802 1107 audeo
2827 1053 3118 1123 quidquam
3149 1054 3292 1122 loqui
3319 1068 3530 1114 eorum,
3561 1069 3674 1122 quin

2118 1161 2210 1212 per
2240 1161 2324 1198 me
2355 1161 2461 1199 non
2497 1145 2670 1199 eflecit
2697 1144 2945 1200 Christus
2983 1145 3148 1198 verbo
3185 1154 3239 1198 et
3268 1145 3424 1199 factis
3457 1145 3523 1200 ⁸⁸.
3568 1144 3672 1215 Ego

2117 1237 2258 1289 enim
2304 1252 2422 1289 sum
2473 1236 2797 1291 novissimus
2831 1236 2942 1306 (77)
2970 1235 3210 1292 omnium
3264 1235 3671 1304 apostolorum,

2117 1327 2205 1394 qui
2244 1342 2348 1379 non
2377 1342 2494 1379 sum
2531 1326 2724 1395 dignus
2753 1327 2930 1380 vocari
2959 1326 3255 1394 apostolus.
3282 1323 3462 1378 Gratia
3495 1333 3670 1378 autem

2119 1416 2208 1470 Dei
2238 1433 2355 1470 sum
2381 1417 2431 1470 id
2460 1417 2601 1485 quod
2633 1432 2751 1470 sum
2775 1416 2838 1469 ⁸³.
2861 1435 2879 1466 ι
2907 1414 2972 1468 Et
3003 1431 3096 1469 eos
3124 1415 3214 1484 qui
3247 1416 3672 1482 experimentum

2119 1509 2429 1577 qurerebant
2451 1508 2590 1576 ejus,
2627 1508 2718 1577 qui
2751 1509 2802 1562 in
2844 1523 2907 1561 eo
2935 1507 3252 1576 loquebatur
3271 1507 3542 1568 Christus,
3569 1507 3675 1560 vult

2117 1610 2394 1669 propterea
2439 1600 2670 1664 habere,
2720 1599 2846 1669 quia
2877 1612 3016 1654 esset
3059 1599 3112 1652 in
3151 1598 3267 1668 ipso
3319 1599 3674 1660 Paracletus,

2120 1691 2275 1760 cuius
2326 1691 2568 1745 muneris
2617 1691 2841 1761 gratiam
2877 1701 3238 1755 consecutus,
3289 1699 3341 1743 et
3391 1691 3676 1760 magnifico

459 1789 577 1856 ejus
606 1799 822 1857 putatus
856 1799 956 1853 est,
992 1759 1113 1844 cum
1146 1791 1326 1844 nullus
1355 1793 1546 1845 horum
1582 1801 1733 1861 pater
1757 1759 2020 1861 ejusfue-
2052 1759 2090 1812 Β
2122 1783 2322 1838 honore
2351 1783 2461 1853 (78)
2505 1783 2706 1838 (malus
2751 1783 2824 1837 δίί
2855 1802 2867 1837 ε
2903 1803 2920 1833 ¹
2955 1781 3058 1838 Pro
3109 1798 3217 1852 ‘1“0
3265 1792 3346 1837 ίθΓ
3386 1782 3676 1838 Dominum

461 1880 531 1932 rit
561 1881 783 1935 veritate
829 1890 1056 1936 natura‘.
1103 1883 1236 1937 Nam
1277 1883 1442 1938 David
1474 1894 1623 1953 pater
1660 1885 1776 1953 ejus
1819 1885 2019 1939 dicitur

459 1969 632 2022 atatis
664 1985 725 2023 ac
756 1971 1013 2038 temporis
1043 1971 1353 2042 privilegio,
1385 1971 1595 2043 rJoseph
1624 1989 1751 2026 vero
1774 1974 1888 2042 lege
1919 1990 2019 2027 nu-

457 2061 688 2127 triendi;
738 2063 887 2117 solus
939 2073 1118 2117 autem
1164 2063 1304 2118 Deus
1342 2063 1500 2118 Pater
1533 2066 1651 2134 ejus
1683 2077 1873 2121 natura
1901 2078 2016 2135 est,

457 2153 552 2222 qui
582 2154 763 2208 omnia
794 2169 889 2223 per
925 2153 1156 2209 Verbum
1185 2171 1344 2210 suum
1375 2156 1633 2211 velociter
1658 2157 1815 2212 nobis
1841 2159 2017 2212 mani-

456 2243 655 2299 festare
678 2246 928 2315 dignatus
959 2257 1061 2302 est.
1109 2247 1218 2304 Nec
1252 2250 1303 2303 in
1353 2249 1536 2318 aliquo
1580 2259 1880 2306 remoratus
1908 2251 2018 2305 Do-

458 2336 642 2390 minus
682 2345 865 2392 noster
888 2335 1070 2402 Jesus,
1099 2339 1238 2393 intra
1268 2340 1377 2410 (75)
1415 2340 1574 2395 unius
1614 2342 1738 2395 anni
1784 2343 2016 2412 spatium

456 2425 827 2495 languentium
855 2429 1224 2484 multitudines
1252 2431 1480 2485 reddidit
1507 2431 1742 2496 sanitati,
1775 2444 2018 2491 mortuos

456 2517 598 2584 luci;
625 2519 716 2588 qui
757 2520 905 2574 verbi
928 2522 1011 2575 sui
1039 2531 1301 2590 potestate
1331 2524 1578 2579 universa
1608 2525 1885 2593 amplexus
1913 2535 2014 2591 est,

458 2608 515 2662 in
543 2624 651 2678 quo
683 2609 895 2663 tandem
924 2620 1224 2664 remoratus
1261 2619 1363 2676 est,
1402 2621 1460 2665 ut
1495 2612 1546 2666 in
1590 2611 1864 2666 Paracleto
1891 2614 2017 2666 mit-

456 2702 621 2751 tendo
651 2699 834 2752 tandiu
865 2715 988 2753 eum
1031 2709 1359 2752 remoratum
1397 2700 1700 2756 credamus.
1742 2701 1880 2768 Quin
1920 2717 2017 2770 po-

457 2788 589 2853 tius,
621 2799 680 2843 ut
701 2789 948 2858 superius
971 2789 1171 2844 dictum
1195 2799 1298 2854 est,
1329 2791 1502 2845 adfuit
1525 2794 1703 2846 statim
1728 2793 2016 2862 plurimum

457 2883 690 2938 diffusus
721 2885 773 2938 in
811 2882 1073 2948 Paulum,
1115 2885 1271 2952 cujus
1299 2885 1460 2938 etiam
1497 2886 1805 2940 testimonio
1845 2884 2019 2939 credi-

459 2980 638 3034 dimus
683 2980 926 3034 dicenti:
965 2998 984 3032 ι
1021 2977 1147 3032 Mihi
1190 2989 1367 3034 autem
1414 2981 1512 3036 soli
1559 2981 1681 3036 data
1722 2990 1804 3036 est
1849 2981 2017 3051 gratia

460 3072 574 3126 haec
605 3071 668 3124 ⁸³.
706 3090 724 3123 ι
763 3071 864 3137 Qui
897 3073 1045 3141 prius
1075 3074 1289 3141 quidem
1328 3072 1430 3126 fuit
1479 3082 1790 3143 persecutor
1832 3072 2016 3127 Eccle-
2042 3085 2085 3148 ο

460 3162 555 3216 sia:
586 3160 698 3222 Dei,
728 3163 818 3216 sed
852 3177 1068 3216 rursum
1098 3162 1469 3217 manifestatus
1494 3171 1576 3218 est
1598 3164 1867 3229 omnibus,
1890 3163 2017 3232 quia

453 3261 604 3307 esset
641 3251 812 3306 fidelis
843 3251 1107 3306 Paracleti
1139 3253 1412 3318 minister;
1441 3267 1535 3322 per
1560 3269 1718 3323 quem
1752 3253 2018 3308 universis

449 3345 696 3399 ’lnnotuit
733 3343 1024 3413 singularis
1072 3343 1190 3412 ejus
1219 3343 1532 3406 clementia,
1577 3346 1721 3414 quod
1761 3353 1814 3399 ct
1849 3359 2019 3413 usque

456 3432 526 3487 ad
555 3445 655 3486 nos
704 3431 796 3501 qui
846 3431 1134 3500 aliquando
1179 3435 1296 3488 sine
1340 3447 1435 3502 spe
1478 3447 1712 3496 eramus,
1750 3433 2017 3486 donorum

457 3519 578 3589 ejus
624 3520 836 3590 largitio
882 3522 1144 3590 pervenit.
1175 3520 1308 3588 Quis
1340 3523 1484 3577 enim
1527 3531 1771 3576 nostrum
1803 3536 2019 3592 sperare

448 3621 670 3682 poterat
715 3623 1112 3682 persecutorem
1163 3611 1388 3669 Paulum
1419 3624 1473 3670 et
1503 3614 1781 3669 inimicum
1830 3613 2016 3669 Eccle-

460 3704 576 3769 siae,
609 3703 953 3762 defensorem
981 3706 1100 3776 ejus
1139 3721 1202 3762 ac
1232 3715 1461 3762 tutorem
1492 3705 1775 3762 futurum?
1807 3705 1872 3760 Et
1909 3720 2015 3758 non

450 3797 636 3850 solum
663 3796 787 3862 hoc,
811 3812 996 3852 verum
1020 3798 1181 3852 etiam
1211 3808 1264 3854 et
1291 3799 1630 3870 magistrum,
1659 3798 2017 3853 Ecclesiarum

457 3889 792 3946 conditorem
843 3900 897 3946 et
944 3891 1382 3948 architectonem.
1428 3891 1558 3947 Post
1604 3891 1748 3946 hunc
1775 3905 1932 3963 ergo,
1966 3897 2020 3943 et

456 3993 580 4052 post
605 3997 699 4038 eos
730 3985 823 4052 qui
857 3998 979 4038 cum
1013 3983 1131 4053 ipso
1158 3983 1392 4047 fuerant,
1425 3983 1478 4037 id
1511 3991 1592 4037 est
1639 3990 1762 4051 post
1784 3980 2018 4048 discipu-

457 4073 564 4139 los,
597 4073 804 4127 nullum
827 4074 991 4128 alium
1022 4074 1204 4127 venire
1229 4073 1523 4127 secundum
1553 4071 1864 4139 Scripturas
1893 4083 2016 4136 spc-

455 4164 682 4217 randum
717 4173 831 4228 est;
863 4165 938 4218 ait
966 4163 1106 4217 enim
1140 4162 1402 4217 Dominus
1429 4172 1613 4216 noster
1640 4159 1796 4214 Jesus
1825 4160 1890 4212 de
1914 4157 2018 4212 Pa-

456 4256 658 4310 racleto
689 4275 702 4310 :
745 4275 761 4308 ι
799 4255 936 4322 Quia
982 4265 1035 4311 et
1069 4257 1135 4311 de
1178 4271 1298 4309 meo
1345 4255 1570 4324 accipiet
1595 4255 1659 4308 ⁸⁸.
1697 4272 1716 4305 ι
1752 4251 1858 4306 Vas
1888 4265 2015 4320 ergo

455 4349 734 4416 probabile
779 4349 938 4418 elegit
974 4349 1120 4403 hunc
1163 4351 1372 4412 virum,
1420 4363 1580 4417 quem
1615 4347 1761 4399 misit
1804 4345 1868 4399 ad
1918 4360 2015 4398 nos

2120 1875 2322 1945 rogavi,
2362 1884 2422 1928 ut
2452 1875 2801 1929 discedereta
2843 1891 2960 1940 me;
3000 1883 3055 1930 et
3089 1875 3224 1928 dixit
3268 1874 3400 1929 mihi
3461 1887 3480 1925 :
3557 1874 3678 1930 Suf-

2117 1964 2226 2018 ficit
2258 1965 2351 2018 tibi
2381 1964 2544 2033 gratia
2570 1979 2719 2030 mea;
2747 1980 2872 2018 nam
2902 1964 3074 2018 virtus
3101 1964 3154 2018 in
3183 1963 3498 2020 infirmitate
3524 1967 3680 2034 perfi-

2116 2052 2256 2108 citur
2281 2053 2349 2108 ⁹⁰.
2385 2071 2404 2105 ι
2435 2051 2690 2117 Rursum,
2733 2053 2858 2124 quia
2910 2069 3037 2110 vere
3092 2055 3208 2124 ipse
3249 2055 3319 2110 sit
3367 2053 3680 2112 Paracletu:

2117 2143 2209 2212 qui
2235 2151 2352 2197 erat
2393 2143 2446 2198 in
2476 2141 2664 2210 Paulo,
2695 2143 2770 2198 alt
2800 2143 3061 2199 Dominus
3111 2155 3294 2201 noster
3330 2145 3494 2202 Jesus
3525 2147 3680 2202 Chri-

2118 2233 2307 2288 stusin
2341 2231 2672 2304 Evangelio:
2712 2251 2730 2285 ι
2767 2233 2822 2287 Si
2853 2234 3076 2303 diligitis
3124 2250 3231 2299 me,
3270 2239 3528 2292 mandata
3566 2253 3679 2292 mea

2118 2335 2344 2380 servate.
2399 2323 2463 2378 Et
2505 2340 2604 2392 ego
2654 2326 2856 2393 rogabo
2902 2325 3114 2380 Patrem
3162 2343 3377 2393 meum,
3407 2338 3462 2383 et
3516 2331 3679 2384 alium

2117 2413 2451 2467 Paracletum
2480 2413 2630 2467 dabit
2671 2415 2825 2468 vobis
2849 2415 2914 2467 ⁹¹.
2951 2434 2970 2467 ι
3026 2414 3084 2469 1η
3119 2432 3225 2486 quo
3252 2419 3494 2472 ostendit
3521 2421 3676 2474 etiam

2119 2500 2353 2568 seipsum
2393 2499 2724 2555 Paracletum
2753 2544 2767 2568 ,
2810 2519 2929 2558 cum
2981 2503 3108 2558 dicit
3143 2507 3327 2559 alium.
3380 2507 3538 2563 Unde
3573 2526 3674 2565 cre-

2118 2589 2314 2644 dentes
2334 2589 2521 2655 Paulo,
2548 2592 2847 2648 audivimus
2861 2609 2982 2648 eum
3010 2594 3272 2649 dicentem
3296 2615 3308 2650 :
3329 2617 3348 2648 ‹
3386 2600 3498 2652 Aut
3527 2617 3677 2668 expe~

2119 2679 2406 2734 rimentum
2454 2683 2693 2751 qumritis
2730 2683 2866 2751 ejus,
2899 2685 2989 2753 qui
3030 2685 3082 2738 iu
3123 2702 3208 2740 me
3247 2688 3492 2758 loquitur
3528 2691 3677 2746 ϐίη-ἑο

2119 2784 2232 2826 Sltls
2259 2772 2332 2838 ⁹²;
2365 2791 2383 2823 ι
2426 2783 2477 2826 ει
2523 2775 2710 2828 horum
2744 2777 2962 2839 similia,
3005 2777 3070 2831 de
3095 2779 3294 2846 quibus
3321 2783 3580 2850 superius
3609 2786 3678 2837 die

2118 2863 2332 2927 ximus;
2392 2862 2534 2917 unde
2587 2873 2638 2917 et
2671 2873 2924 2933 tanquam
2965 2865 3210 2921 fidelibus
3247 2870 3406 2925 nobis
3457 2871 3680 2926 haeredi-

2117 2953 2220 3008 bus
2247 2954 2360 3008 suis
2393 2955 2672 3025 consignat
2714 2965 3113 3018 testamentum,
3141 2973 3235 3012 sua
3266 2961 3331 3014 ad
3367 2961 3679 3021 Corinthios

2118 3044 2376 3116 Epistola,
2405 3047 2550 3099 velut
2591 3057 2742 3116 pater
2767 3049 2950 3103 dicens
2979 3068 2992 3104 :
3033 3069 3051 3101 ι
3085 3050 3302 3106 Tradidi
3339 3056 3490 3108 enim
3531 3057 3680 3114 vobis

2118 3136 2173 3190 in
2211 3136 2420 3205 primis.
2451 3138 2592 3204 quod
2626 3145 2678 3190 et
2736 3139 2949 3208 accepi,
2991 3140 3116 3209 quia
3149 3141 3400 3199 Christus
3439 3157 3679 3202 mortqu

2116 3236 2200 3282 est
2244 3242 2341 3296 pro
2398 3227 2630 3291 peccatis
2679 3231 2880 3285 nostris
2914 3234 3206 3287 secundum
3249 3233 3604 3306 Scripturas;
3631 3250 3680 3295 et

2116 3318 2240 3389 quia
2273 3319 2512 3388 sepultus
2554 3327 2654 3386 est,
2698 3329 2752 3374 et
2775 3322 2902 3390 quia
2944 3327 3236 3380 resurrexit
3275 3329 3433 3382 tertia
3474 3331 3565 3384 die
3602 3345 3682 3384 se-

2115 3435 2350 3490 cundum
2378 3433 2712 3501 Scripturas;
2737 3443 2790 3490 et
2819 3434 2945 3506 quia
2971 3439 3215 3506 apparuit
3243 3437 3466 3510 Ceplize,
3495 3443 3681 3499 deinde

2117 3528 2365 3582 undecim
2395 3529 2672 3596 apostolis,
2704 3539 2887 3599 postea
2925 3531 3155 3598 amplius
3177 3547 3340 3602 quam
3368 3534 3681 3604 quingentis

2117 3619 2372 3675 fratribus
2417 3619 2484 3674 de
2529 3621 2694 3676 semel
2737 3621 2848 3687 (79)
2873 3661 2886 3685 ,
2917 3637 2981 3677 ex
3019 3623 3215 3692 quibus
3244 3625 3467 3693 plurimi
3506 3627 3682 3682 adhuc

2119 3719 2343 3764 manent
2389 3726 2562 3781 usque
2625 3727 2804 3778 nunc;
2854 3713 3074 3782 quidam
3125 3725 3302 3769 autem
3350 3726 3405 3770 et
3447 3719 3684 3774 dormie-

2116 3810 2260 3855 runt.
2304 3799 2494 3855 Postea
2517 3809 2697 3856 autem
2728 3802 2877 3857 visus
2905 3812 2986 3857 est
3013 3802 3214 3859 Jacobo
3236 3823 3251 3872 ;
3276 3806 3478 3862 deinde
3504 3810 3682 3862 omni-

2116 3889 2218 3944 bus
2272 3891 2561 3959 apostolis;
2597 3892 2890 3948 novissime
2917 3904 3095 3949 autem
3117 3898 3386 3962 omnium,
3421 3909 3675 3968 tanquam

2115 3979 2376 4044 abortivo,
2417 3980 2568 4035 visus
2589 3989 2672 4035 est
2712 3989 2764 4035 et
2799 3982 2928 4035 mihi
2959 4002 2972 4036 :
3007 3999 3105 4055 ego
3129 3984 3272 4038 enim
3303 4001 3425 4040 sum
3456 3987 3679 4040 novissi-

2115 4086 2238 4125 mus
2285 4071 2521 4124 omnium
2563 4071 2929 4141 apostolorum
2967 4073 3033 4128 ³³.
3088 4075 3210 4129 Sive
3242 4091 3372 4145 ergo
3409 4092 3534 4147 ego,
3565 4079 3679 4132 sive

2117 4163 2215 4225 illi,
2243 4163 2313 4216 ita
2340 4163 2780 4217 aununtiavimus
2808 4163 2872 4217 ⁸⁸.
2913 4184 2930 4215 ι
2966 4165 3029 4218 Et
3057 4181 3272 4220 rursum
3311 4168 3538 4224 tradens
3574 4171 3686 4226 ba:-

2115 4254 2333 4308 redibus
2375 4269 2492 4307 eam
2540 4271 2700 4323 quam
2757 4256 2870 4324 ipse
2922 4257 3279 4312 ba-reditatem
3335 4265 3685 4330 promeruit,

2115 4341 2245 4395 dicit
2283 4361 2295 4395 :
2348 4362 2363 4394 ι
2407 4341 2591 4397 Timeo
2637 4353 2816 4398 autem
2850 4362 2915 4399 ne
2957 4345 3125 4413 forte,
3160 4348 3300 4402 sicut
3331 4367 3560 4420 serpens
3603 4371 3689 4408 se

455 4439 686 4512 Paulum.
717 4442 768 4495 in
807 4442 1039 4510 Spiritus
1070 4441 1280 4494 influxit
1322 4441 1553 4509 Spiritus
1587 4439 1697 4509 (76)
1729 4479 1743 4503 ,
1779 4447 1830 4492 ει
1876 4438 2015 4490 sicut
2048 4418 2088 4472 D
2117 4435 2270 4490 duxit
2313 4435 2474 4488 Evam
2521 4437 2715 4489 astutia
2747 4452 2874 4500 sua,
2919 4438 2990 4491 ita
3031 4418 3452 4509 corrumpantur
3487 4462 3690 4500 sensus

457 4547 567 4585 non
599 4548 760 4601 super
789 4549 978 4588 omnes
1008 4534 1257 4588 homines
1293 4534 1527 4603 Spiritus
1578 4531 1820 4584 habitare
1863 4539 2014 4597 pote-

455 4631 559 4687 rat,
589 4623 691 4677 nisi
724 4639 884 4692 super
908 4641 1029 4678 eum
1065 4627 1157 4694 qui
1187 4626 1250 4678 de
1274 4625 1438 4678 Maria
1461 4624 1549 4677 Dei
1573 4624 1832 4694 genitrice
1857 4631 2015 4674 natus

453 4724 558 4776 est,
603 4715 673 4768 ita
709 4725 761 4770 et
799 4717 851 4770 in
883 4717 1088 4769 nullum
1117 4717 1282 4770 alium
1313 4716 1547 4786 Spiritus
1577 4716 1887 4770 Paracletus
1922 4727 2016 4766 ve-

456 4805 571 4858 nire
603 4817 838 4874 poterat,
885 4807 987 4862 nisi
1015 4824 1175 4876 super
1203 4810 1502 4876 apostolos,
1530 4817 1583 4863 et
1615 4824 1774 4877 super
1804 4808 2016 4861 beatum

455 4895 701 4951 Paulum.
743 4918 761 4950 ι
803 4899 907 4954 Vas
933 4900 1077 4954 enim
1107 4902 1404 4968 electionis,
1434 4901 1629 4970 inquit,
1661 4899 1793 4953 mihi
1827 4907 1926 4961 est,
1963 4905 2023 4951 ut
2114 4902 2208 4947 aut
2237 4892 2382 4946 aliud
2413 4891 2755 4962 Evangelium
2778 4934 2792 4958 ,
2839 4896 2981 4963 quod
3016 4912 3122 4950 non
3157 4899 3444 4968 accepistis
3473 4921 3487 4964 ;

2111 4527 2312 4589 vestri,
2353 4537 2404 4580 et
2436 4527 2682 4580 excidant
2715 4544 2744 4580 a
2778 4529 3120 4598 simplicitate
3165 4531 3275 4603 (80)
3314 4545 3368 4588 ct
3407 4539 3687 4600 castitate.

2111 4634 2232 4686 qua:
2264 4617 2315 4670 in
2345 4617 2558 4672 Christo
2601 4626 2699 4671 est.
2751 4617 2804 4672 Si
2847 4621 2990 4672 enim
3039 4621 3084 4676 is
3135 4623 3226 4691 qui
3280 4627 3472 4688 venit,
3514 4630 3688 4682 alium

2113 4710 2390 4763 Christum
2441 4710 2693 4777 prmdieat
2728 4726 2886 4779 quem
2933 4727 3039 4766 non
3086 4714 3546 4782 przedicavimus;
3597 4728 3691 4772 aut

2117 4800 2376 4872 Spiritum
2424 4801 2584 4854 alium
2621 4803 2935 4871 acceperitis
2982 4819 3141 4872 quem
3187 4821 3293 4859 nou
3347 4812 3687 4880 accepistis;

3549 4904 3691 4958 bene

523 5033 568 5105 ξ’
596 5033 748 5088 Joan.
776 5052 894 5095 xm.
931 5035 1018 5089 27.
1095 5036 1138 5066 ’³³
1169 5035 1362 5105 Ephes.
1389 5036 1539 5102 nt,8.
1597 5035 1657 5105 7"
1686 5033 1842 5087 Joan.
1871 5047 1979 5105 xvi,
2008 5028 2091 5105 11.
2125 5097 2137 5105 _
2163 5027 2342 5080 "Act.
2369 5025 2551 5105 tx,_Iﬂ5.
2605 5025 2857 5105 ,ξ’-βψω
2887 5045 2976 5091 xv,
3011 5030 3092 5105 [5,
3114 5031 3197 5105 16.
3229 5101 3243 5105 _
3277 5034 3320 5105 ⁸7
3350 5033 3489 5090 Ibid.
3531 5055 3615 5098 rx.
3641 5042 3687 5095 1.

453 5103 498 5137 ⁸⁸
528 5104 658 5157 Ibid.
689 5121 778 5170 xv,
810 5106 894 5159 18.
967 5105 1054 5158 8'-’I
1087 5102 1229 5160 Cor;
1252 5123 1338 5173 xv,
1363 5108 1414 5162 9.
1490 5109 1534 5138 ⁹⁰
1564 5104 1607 5159 ll
1637 5105 1760 5158 Cor.
1800 5119 1894 5165 xu,
1923 5102 1975 5154 9.

453 5174 498 5205 ⁵⁸
523 5173 653 5228 Ibid.
693 5175 775 5229 11.

523 5287 632 5358 (75)
671 5289 729 5339 In
762 5288 944 5342 codice
973 5299 1083 5354 est,
1129 5309 1146 5342 ι
1185 5289 1340 5344 inter.
1395 5307 1413 5341 ι
1455 5290 1556 5344 Sed
1591 5306 1755 5342 unum
1804 5303 2006 5342 annum

450 5355 651 5410 Christi
689 5359 1072 5425 przedicationi,
1101 5377 1162 5415 ac
1191 5361 1463 5414 miraculis
1498 5361 1704 5414 videtur
1739 5361 2008 5413 ascribere

451 5429 749 5500 Archelaus
778 5441 900 5500 cum
929 5429 1047 5482 aliis
1067 5432 1321 5500 _antiqnis
1362 5431 1611 5486 Patribus
1661 5449 1673 5484 :
1727 5447 1894 5500 quare
1932 5430 2008 5483 le-

447 5498 718 5571 gendum)
753 5514 770 5546 ‹
814 5497 973 5552 intra.
1013 5517 1030 5548 ι
1067 5497 1199 5554 Vide
1218 5497 1373 5571 infra
1403 5518 1520 5571 cap.
1555 5503 1640 5556 49.

494 5567 650 5648 “(7133).
673 5565 848 5648 laocus
876 5577 1178 5648 corruptus.
1221 5569 1398 5635 Forte,
1442 5565 1544 5624 (in
1577 5571 1798 5641 Spiritu.
1845 5571 2007 5625 Influ-

453 5632 542 5692 xit
563 5632 814 5702 Spiritus,
849 5655 867 5686 ι
899 5646 1002 5692 ωε.

523 5703 634 5777 (77)
673 5702 858 5758 Melius
892 5705 1140 5776 Vulgata,
1173 5727 1191 5760 ι
1234 5709 1524 5778 minimus,
1563 5730 1579 5764 ι
1613 5710 1794 5768 Grznce
1822 5713 1964 5768 enim
1988 5751 2002 5776 ,

2048 5101 2089 5132 ⁹¹
2115 5097 2270 5152 Joau.
2300 5112 2410 5160 xw,
2446 5096 2530 5148 16.
2605 5097 2650 5128 ⁹²
2681 5097 2719 5149 ll
2746 5099 2996 5163 Cor.xut,
3028 5101 3078 5155 5.

3156 5104 3201 5134 ’³
3229 5101 3248 5154 l
3283 5104 3411 5158 Cor.
3442 5123 3532 5171 xv,
3571 5110 3686 5164 5-9.

2106 5285 2235 5348 ὲλάχ
2245 5300 2407 5348 ιστος.

2180 5302 2638 5431 codice
2673 5355 2954 5431 Casinensi
2993 5365 3105 5431 est,
3165 5379 3183 5411 ι
3237 5363 3536 5431 magniﬁco
3582 5367 3688 5422 hoc
3725 5349 3740 5361 ’

2107 5441 2229 5483 ore:
2281 5444 2297 5474 ι
2333 5424 2423 5478 sed
2457 5425 2734 5494 legendum
2769 5428 2952 5480 censui
2987 5451 3003 5478 ι
3045 5429 3263 5486 honore.
3297 5451 3316 5482 ι

2331 5494 2527 5569 ξὀςιεη
2563 5514 2580 5546 t
2625 5496 2864 5569 insimul.
2905 5518 2923 5550 ι
2960 5499 3203 5569 Vulgata,
3241 5522 3258 5552 ι
3297 5501 3492 5558 simul.
3531 5525 3550 5557 ι

2178 5554 2287 5636 (80)
2327 5567 2384 5617 In
2408 5554 2709 5638 CaSiueusi,
2739 5587 2757 5620 ε
2783 5554 3202 5638 corrumpantur:
3225 5554 3631 5630 sedsrtsﬂvestri
3653 5591 3689 5631 a

2105 5636 2470 5705 simplicitate.
2515 5655 2533 5688 ι
2573 5636 2675 5691 Sed
2710 5654 2810 5692 nos
2835 5653 2900 5691 ex
2936 5636 3158 5709 Vulgata
3185 5645 3588 5712 supplevimus.
