3996 6208
412 262 550 317 M85

1511 271 1654 328 CUM
1688 270 1963 327 MANETE
2001 273 2528 333 HERESIARCHA.

3492 282 3514 335 Ι
3525 281 3628 337 ἑ86

409 385 750 455 pateremini.
786 383 922 440 Puto
949 388 1092 442 enim
1132 389 1258 458 quia
1291 390 1426 446 nihil
1457 393 1636 450 minus
1677 395 1777 450 feci
1821 396 1968 451 vobis
1998 399 2041 454 A
2070 406 2220 462 stus;
2269 407 2322 452 et
2365 398 2577 452 multos'
2613 397 2888 452 seducent.
2939 396 3096 466 Quod
3132 401 3178 455 si
3220 401 3382 455 etiam
3430 399 3628 472 aliquis

397 492 430 531 ε
465 478 675 532 caeteris
701 479 962 552 apostolis
994 481 1059 533 ".
1091 500 1109 532 i

465 567 681 623 XXXV.
723 569 846 625 Hac
886 581 1064 626 autem
1108 561 1265 641 dixit,
1297 579 1588 632 ostendens
1615 579 1805 634 Omnes
1845 580 1963 633 reli-

397 676 536 731 quos
575 661 666 730 qui
701 662 979 727 venerint,
1017 663 1180 718 falsos
1224 669 1531 736 apostolos,
1578 669 1796 724 dolosos
1835 685 1960 740 ope-

398 752 575 806 rarios
593 793 609 818 ,
645 752 1091 823 transtig‘urantcs
1117 770 1174 808 se
1208 756 1259 810 in
1287 760 1560 827 apostolos
1588 758 1788 814 Christi
1820 779 1830 812 :
1856 779 1874 812 ι
1896 761 1960 815 Et

395 859 501 898 non
530 843 763 908 mirum;
807 845 921 913 ipse
955 845 1098 899 enim
1130 845 1360 904 Satanas
1393 850 1737 920 transfigurat
1764 866 1842 914 se,
1877 868 1961 906 ve-

393 934 474 988 lut
519 936 770 1004 angelum
804 936 942 990 lucis
969 937 1103 1007 (8|).
1151 937 1292 1003 Quid
1333 956 1460 1011 ergo
1490 957 1778 1012 magnum,
1823 942 1868 997 si
1907 953 1960 998 et

392 1028 629 1082 ministri
666 1027 784 1095 ejus
826 1029 1275 1099 transfigurentur
1301 1033 1354 1087 in
1388 1034 1662 1089 ministros
1684 1035 1905 1103 justitiaa
1940 1055 1954 1091 :

392 1131 626 1186 quorum
665 1117 786 1170 finis
816 1119 916 1171 erit
955 1122 1250 1175 secundum
1283 1139 1441 1192 opera
1472 1139 1654 1178 eorum
1683 1126 1766 1177 9“?
1799 1144 1817 1178 ι
1865 1127 1956 1180 ln-

392 1209 537 1263 dicat
561 1218 738 1264 autem
789 1211 977 1278 quales
1005 1223 1212 1279 essent,
1257 1224 1309 1269 et
1351 1231 1380 1269 a
1410 1217 1607 1284 quibus
1655 1217 1957 1273 circumve-

393 1301 696 1356 niebantur.
744 1299 1058 1358 Volentibus
1098 1315 1275 1360 autem
1322 1289 1523 1362 Calatis
1560 1310 1627 1379 ab
1667 1309 1956 1379 Evangelio

393 1392 698 1457 transferri,
730 1393 806 1447 ait
842 1411 854 1448 :
895 1413 914 1445 ‹
950 1394 1114 1450 Miror
1146 1399 1287 1467 quod
1308 1399 1387 1453 sic
1415 1409 1524 1453 tam
1547 1401 1653 1455 cito
1677 1401 1956 1456 transieri-

390 1485 522 1538 mini
551 1486 620 1540 ab
645 1501 709 1540 eo
735 1487 827 1557 qui
853 1490 1064 1543 vocavit
1101 1507 1230 1558 vos,
1279 1492 1332 1546 in
1377 1493 1522 1547 aliud
1558 1493 1900 1563 Evangelium
1935 1510 1951 1548 :

388 1578 532 1646 quod
576 1593 681 1632 non
713 1588 796 1634 est
834 1582 1015 1642 aliud;
1044 1584 1148 1637 nisi
1180 1593 1306 1638 sunt
1354 1585 1443 1654 qui
1480 1599 1576 1639 vos
1605 1586 1950 1650 conturbant,

387 1677 442 1732 et
483 1668 668 1722 volunt
707 1680 944 1726 avertere
984 1688 1078 1728 vos
1125 1675 1194 1728 ab
1232 1672 1522 1744 Evangelio
1560 1673 1761 1729 Christi
1815 1675 1948 1743 (82).

2068 488 2221 542 vobis
2248 489 2443 543 dixerit
2473 507 2484 541 :
2524 489 2657 542 Ecce
2692 489 2778 542 hic
2803 498 2883 544 est
2913 489 3181 555 Christus,
3214 501 3308 546 aut
3351 508 3476 548 ecce
3509 493 3579 548 ibi
3607 533 3626 562 ,

2068 578 2232 632 nolite
2262 579 2499 632 credere.
2530 578 2834 649 Exsurgent
2857 580 2998 634 enim
3028 581 3146 637 falsi
3181 583 3392 647 Christi,
3422 593 3474 638 et
3504 585 3626 642 falsi

2066 670 2294 737 apostoli
2338 669 2448 740 (87)
2474 712 2488 736 ,
2525 680 2576 724 et
2606 669 2726 725 falsi
2777 672 3068 740 prophetae,
3119 681 3173 728 et
3220 675 3426 729 dabunt
3471 675 3625 745 signa

2067 775 2281 830 magna,
2319 770 2374 815 et
2401 762 2666 832 prodigia,
2701 762 2772 814 ita
2806 771 2864 816 ut
2893 763 2945 816 in
2991 777 3226 818 errorem
3266 766 3545 831 inducant,
3579 766 3625 819 si

2064 861 2238 920 potest
2259 847 2394 915 fieri,
2417 855 2576 907 etiam
2610 854 2827 909 electos.
2861 850 2996 909 Ecce
3023 857 3241 925 praadixi
3263 857 3430 911 vobis.
3463 855 3517 910 Si
3543 857 3627 910 di-

2065 927 2241 996 xerint
2264 945 2413 998 vobis
2445 963 2456 997 :
2487 943 2622 998 Ecce
2651 945 2703 998 in
2727 945 2937 1000 deserto
2960 955 3060 1011 est,
3092 947 3253 1001 nolite
3279 948 3445 1002 exire.
3473 946 3528 1001 Si
3547 947 3625 1002 di-

2063 1035 2401 1089 xerintvobis
2429 1054 2440 1088 :
2469 1033 2604 1091 Ecce
2623 1036 2674 1090 in
2694 1037 3079 1105 penetralibus,
3111 1039 3274 1093 milite
3298 1039 3512 1094 credere
3532 1039 3574 1096 ³.
3596 1056 3622 1093 ι

2063 1123 2127 1178 Et
2159 1134 2278 1194 post
2324 1123 2422 1179 ista
2457 1129 2635 1179 omnia
2676 1127 2946 1194 mandata,
2980 1131 3080 1183 iste
3122 1145 3219 1184 nec
3257 1130 3466 1199 signum
3496 1131 3622 1200 qui-

2061 1215 2180 1271 dem
2210 1215 2428 1285 aliquod
2457 1225 2549 1269 aut
2580 1218 2880 1286 prodigium
2915 1218 3082 1271 ullum
3113 1220 3421 1286 ostendens,
3448 1237 3622 1290 neque

2060 1291 2367 1361 aflinitaiem
2403 1308 2638 1377 aliquam
2674 1309 2908 1375 habens;
2937 1311 3029 1363 sed
3060 1326 3126 1363 ne
3165 1311 3218 1364 in
3253 1324 3478 1366 numero
3499 1314 3620 1381 qui-

2059 1397 2180 1451 dem
2211 1398 2597 1466 discipulorum
2642 1400 2872 1467 positus,
2925 1415 3098 1469 neque
3143 1401 3396 1456 defuncto
3431 1412 3618 1457 nostro

2058 1488 2369 1552 obsecutus,
2400 1487 2555 1558 cujus
2591 1490 2898 1544 haereditate
2935 1492 3258 1560 gaudemus;
3289 1509 3410 1546 cum
3445 1509 3619 1564 neque

2056 1580 2105 1633 ei
2156 1580 2428 1651 languenti
2465 1583 2732 1644 astiterit,
2789 1598 2895 1636 non
2937 1584 3088 1638 testis
3137 1585 3401 1639 exstiterit
3448 1595 3616 1641 testa-

2057 1672 2242 1736 menti,
2277 1673 2387 1725 imo
2429 1673 2609 1740 potius
2634 1673 2759 1726 cuni
2792 1680 2859 1727 ne
2891 1675 2944 1727 in
2989 1675 3233 1729 notitiam
3276 1677 3490 1746 quidem
3521 1690 3616 1731 ve-

389 1757 496 1811 8εά
519 1758 679 1823 etiam
722 1760 766 1814 si
809 1775 906 1815 nos
938 1761 1061 1829 ipsi,
1110 1773 1202 1818 aut
1240 1764 1461 1832 angelus
1503 1764 1569 1818 de
1614 1765 1753 1820 coelo
1800 1765 1953 1820 vobis
1986 1753 2028 1808 Β
2056 1758 2194 1813 nerit
2215 1771 2427 1826 eorum,
2459 1760 2552 1831 qui
2577 1761 2817 1817 obsecuti
2845 1771 2972 1818 sunt
2997 1766 3274 1835 egrotanti
3304 1783 3317 1819 :
3343 1776 3615 1836 postremo

385 1851 801 1916 annuntiaverit,
826 1861 1189 1922 praeterquam
1210 1855 1352 1924 quod
1378 1855 1631 1909 traditum
1660 1863 1744 1911 est
1775 1853 1950 1923 vobis,

388 1943 673 1998 anathema
717 1945 787 1998 sit
829 1946 894 1999 ³⁷.
938 1965 956 1997 i
993 1945 1058 2000 Et
1107 1963 1322 2020 rursum
1366 1947 1488 2001 ait:
1533 1966 1552 1998 ι
1591 1947 1719 2002 Mihi
1768 1950 1951 2003 infimo

385 2040 626 2094 omnium
667 2041 1032 2109 apostolorum
1081 2040 1192 2110 (85)
1234 2041 1357 2096 data
1399 2049 1482 2097 est
1512 2042 1683 2112 gratia
1725 2042 1840 2097 haec
1881 2037 1946 2096 ⁸⁸.

386 2129 516 2196 Qua:
541 2131 684 2186 enim
720 2133 942 2186 deerant
986 2132 1399 2187 tribulationum
1443 2132 1668 2194 Christi,
1705 2132 1756 2186 in
1790 2149 1951 2191 carne

385 2238 503 2277 mea
552 2223 820 2292 ailimpleo
862 2225 930 2277 '9.
967 2242 985 2276 i
1026 2223 1090 2278 Et
1121 2225 1173 2277 in
1209 2225 1314 2277 alio
1340 2236 1556 2277 rursum
1584 2225 1700 2278 loco
1729 2225 1949 2293 profite-

351 2341 356 2344 -
383 2323 503 2381 tur,
536 2315 659 2384 quia
687 2333 705 2365 ι
739 2331 898 2384 super
922 2326 1143 2370 caeteros
1174 2316 1375 2370 Christi
1403 2315 1648 2370 minister
1678 2317 1730 2382 ',
1769 2335 1790 2369 ι
1825 2327 1948 2371 tan~

383 2420 546 2475 quam
575 2405 622 2460 si
645 2415 829 2475 postea
859 2407 1080 2460 omnino
1106 2423 1213 2460 nou
1244 2407 1315 2461 sit
1342 2407 1482 2462 alius
1515 2408 1943 2476 exspectandus;

377 2497 530 2566 jubet
552 2498 695 2552 enim
729 2513 902 2566 neque
926 2499 1172 2568 angelum
1207 2494 1274 2553 de
1306 2491 1442 2554 eoelo
1466 2503 1686 2569 suscipi.
1727 2499 1792 2555 Et
1819 2516 1949 2570 quo.

382 2589 543 2643 modo
575 2589 640 2642 de
682 2587 902 2643 Perside
929 2591 1232 2644 venientem
1262 2589 1473 2646 Manem
1515 2591 1647 2661 (84),
1686 2601 1740 2645 et
1765 2592 1953 2647 dicen-

382 2688 488 2736 tem
533 2697 590 2736 se
627 2696 746 2734 esse
789 2679 1163 2745 Paracietuin,
1213 2697 1313 2736 nos
1356 2697 1476 2738 esse
1517 2683 1827 2738 credimus?
1869 2683 1944 2738 lta

381 2773 527 2827 enim
563 2786 798 2841 agnosco
826 2787 890 2825 ex
923 2772 1057 2837 hoc,
1091 2771 1234 2842 quod
1265 2787 1406 2826 unus
1457 2773 1560 2826 iste
1613 2774 1683 2827 sit
1729 2789 1794 2826 ex
1837 2774 1944 2829 illis

383 2867 476 2934 qui
516 2862 984 2930 transformamur,
1013 2863 1079 2918 de
1120 2864 1316 2933 quibus
1360 2864 1642 2918 manifeste
1673 2865 1826 2920 vobis
1859 2866 1942 2918 iii-

381 2958 581 3012 dicavit
633 2971 728 3012 vas
775 2956 1057 3011 electionis
1111 2957 1389 3026 apostolus
1448 2955 1649 3011 Paulus
1704 2955 1938 3012 dicens:

388 3070 407 3102 ε
449 3051 587 3117 Quia
616 3049 668 3104 in
705 3048 1012 3103 novissimis
1065 3048 1394 3116 temporibus
1441 3048 1687 3120 recedent
1720 3038 1939 3119 quidam

379 3160 408 3198 a
435 3143 559 3206 fide,
594 3140 928 3196 attendentes
975 3139 1252 3208 spiritibus
1304 3139 1718 3209 seductoribUS,
1751 3150 1804 3194 et
1845 3140 1940 3194 do-

377 3235 567 3289 ctrinis
613 3232 1038 3294 daemoniorum,
1086 3229 1140 3283 in
1200 3229 1472 3304 hypocrisi
1524 3229 1806 3284 mendacia
1861 3229 1940 3284 lo-

377 3329 604 3394 quentes
627 3364 642 3388 ,
691 3321 1040 3398 canteriatam
1076 3319 1332 3373 habentes
1361 3320 1745 3374 conscientiam
1767 3361 1782 3384 ,
1817 3335 1942 3389 pro-

379 3417 677 3471 hibentium
705 3412 1061 3481 (85)nubere,
1094 3412 1364 3466 abstinere
1414 3427 1472 3466 se
1517 3427 1548 3464 a
1597 3412 1767 3476 cibis,
1805 3427 1944 3481 quos

379 3506 521 3562 Detts
546 3508 748 3560 creavit
791 3504 859 3557 ad
904 3503 1304 3572 percipiendum
1344 3501 1456 3572 (86)
1487 3518 1608 3556 cum
1638 3503 1935 3572 gratiarum

379 3600 593 3654 actione
623 3597 886 3659 fidelibus,
920 3603 974 3647 et
1008 3595 1090 3648 his
1115 3595 1203 3663 qui
1231 3603 1598 3662 cognoverunt
1631 3595 1933 3661 veritatem;

378 3689 632 3759 quoniam
658 3686 833 3740 omnis
871 3692 1115 3738 creatura
1151 3681 1244 3737 Dei
1280 3683 1418 3736 bona
1450 3691 1552 3746 est,
1585 3691 1638 3736 et
1672 3683 1805 3736 nihil
1837 3685 1934 3737 ab-

373 3779 667 3848 jicicnduin
714 3775 857 3844 quod
912 3789 1034 3827 cum
1105 3773 1398 3842 gratiarum
1447 3773 1657 3826 actione
1705 3773 1936 3842 percipi-

375 3878 464 3924 tur
491 3871 532 3923 ³.
565 3888 582 3920 ι
632 3867 736 3921 Sed
769 3877 823 3921 et
867 3865 1098 3935 Spiritus
1140 3864 1460 3933 evangelista
1490 3862 1771 3918 Matthtnus
1814 3865 1936 3918 dili-

377 3969 561 4029 genter
589 3959 853 4027 significat
889 3956 1099 4010 Domini
1126 3956 1298 4009 nostri
1331 3953 1458 4008 Jesu
1496 3955 1694 4008 Christi
1730 3970 1935 4009 sermo-

377 4067 499 4106 nem
536 4069 550 4105 :
583 4069 600 4102 ι
641 4049 825 4104 Videte
861 4063 928 4102 ne
976 4049 1099 4117 quis
1136 4061 1232 4100 vos
1288 4046 1542 4112 seducat;
1592 4047 1761 4099 multi.
1790 4047 1934 4100 enim

375 4145 588 4199 venient
619 4144 671 4196 in
717 4141 934 4196 nomine
985 4154 1128 4204 meo,
1161 4139 1401 4192 dicentes
1428 4159 1453 4191 ~:
1489 4139 1600 4208 Ego
1630 4153 1750 4191 sum
1778 4136 1935 4192 Chri-

445 4284 490 4314 "
525 4281 561 4333 ll
591 4281 714 4332 Cor.
745 4295 819 4342 x1,
851 4278 966 4332 5-5.

375 4368 429 4406 χι
451 4395 465 4416 ,
499 4353 585 4405 25.

376 4439 446 4487 iv,
485 4424 534 4488 7,
565 4424 617 4476 8.

1079 4277 1124 4308 π
1155 4276 1195 4328 ιι
1225 4276 1363 4346 Cor.
1387 4293 1457 4341 XI,
1496 4279 1577 4341 ιι,
1610 4278 1694 4331 is.
1768 4277 1813 4308 ’τ
1839 4275 1932 4330 Gal

2067 4275 2180 4329 6-8.
2252 4276 2303 4346 ξε
2330 4275 2526 4346 Ephes.
2562 4293 2646 4342 in,
2673 4278 2726 4330 8.
2802 4279 2847 4310 θ’
2875 4277 3086 4335 Coloss.
3119 4297 3156 4344 ι,
3182 4283 3272 4337 24.

660 4351 728 4404 ’l
765 4349 904 4402 Tim.
938 4365 1010 4415 tv,
1040 4348 1156 4402 imi.
1264 4345 1504 4408 "Matth.
1547 4364 1695 4410 xxiv,
1735 4353 1790 4410 4,
1824 4346 1944 4411 5,.i

2048 4348 2110 4399 ιϐ.
2184 4345 2206 4378 δ
2234 4345 2445 4402 Coloss.
2483 4364 2522 4413 ι,
2549 4348 2638 4402 23.
2733 4349 2753 4379 '
2788 4349 2997 4404 Coloss.
3032 4367 3093 4417 ιι,
3119 4352 3237 4407 6-9.
3341 4353 3361 4382 ⁸
3387 4354 3429 4407 ll
3455 4353 3594 4409 Tim.

2053 1864 2175 1905 cum
2210 1851 2412 1905 nullius
2441 1867 2666 1921 prorsus
2695 1853 2925 1923 accipiat
2951 1856 3339 1924 testimonium,
3366 1855 3614 1913 Paracie-

2053 1947 2165 1994 tum
2197 1957 2255 1995 se
2289 1957 2408 1997 esse
2437 1945 2550 1998 vult
2577 1946 2753 2009 credi;
2784 1961 2907 1999 cum
2937 1948 3097 2001 etiam
3131 1948 3175 2003 si
3203 1950 3354 2019 signa
3399 1959 3453 2004 et
3486 1966 3612 2020 pro-

2050 2031 2192 2102 digia
2218 2030 2444 2098 faceres,
2473 2031 2666 2088 falsum
2693 2033 2967 2091 Christum
2998 2046 3050 2091 et
3074 2036 3268 2093 falsum
3298 2037 3611 2108 prophetam

2050 2131 2101 2177 te
2129 2125 2363 2192 reputari
2393 2134 2664 2194 oporteret
2697 2129 2994 2182 secundum
3028 2127 3354 2199 Scripturas.
3395 2130 3459 2184 Et
3491 2132 3610 2184 ideo

2049 2218 2301 2271 convenit
2342 2233 2441 2272 nos
2472 2219 2683 2274 cautius
2718 2236 2895 2290 agere,
2927 2223 3219 2277 secundum
3250 2223 3392 2293 quod
3421 2225 3610 2278 beatus

2043 2308 2338 2379 Apostolus
2366 2319 2569 2376 monet,
2600 2310 2785 2365 dicens
2816 2312 2868 2364 in
2899 2311 3134 2380 Epistola
3167 2330 3327 2383 quam
3363 2315 3472 2385 (88)
3501 2314 3610 2370 Co-

2047 2398 2380 2454 iossensibus
2411 2401 2676 2468 scripsit:
2719 2419 2740 2451 ι
2791 2399 3107 2457 Perinanete
3155 2405 3208 2458 in
3258 2405 3359 2460 fide
3399 2407 3608 2461 fundati

2045 2499 2098 2543 et
2130 2492 2376 2554 radicati,
2399 2500 2453 2546 ct
2478 2491 2783 2545 immobiles
2813 2491 2880 2545 ab
2905 2508 2998 2560 spe
3026 2492 3294 2562 Evangelii
3335 2499 3476 2566 quod
3510 2515 3608 2553 au—

2045 2581 2277 2637 divimus
2307 2582 2451 2654 (89),
2487 2583 2630 2652 quod
2665 2583 3010 2652 praedicatum
3060 2594 3142 2638 est
3171 2586 3223 2638 in
3267 2589 3412 2641 omni
3453 2604 3606 2644 crea-

2045 2677 2163 2728 tura
2191 2687 2310 2743 quze
2334 2674 2434 2727 sub
2465 2675 2602 2728 cmio
2623 2683 2705 2728 est
2735 2677 2775 2728 ⁸.
2815 2693 2832 2726 i
2870 2673 2931 2727 Et
2954 2691 3168 2731 rursum
3198 2697 3211 2733 :
3251 2697 3268 2730 ι
3306 2679 3454 2734 Sicut
3479 2697 3608 2752 ergo

2043 2763 2324 2831 accepistis
2349 2762 2624 2816 Christum
2671 2762 2855 2818 Jesum
2889 2764 3173 2819 Dominum
3197 2807 3211 2830 ,
3248 2767 3301 2821 in
3350 2769 3465 2837 ipso
3492 2771 3606 2839 (90)

2043 2852 2331 2917 ambulate,
2363 2852 2587 2906 radi'cati
2635 2860 2688 2905 et
2718 2851 2925 2906 fundati
2967 2869 3130 2923 super
3173 2856 3370 2924 ipsum,
3410 2859 3606 2912 confir-

2043 2943 2171 2996 mali
2213 2942 2340 3006 fide,
2390 2943 2548 2997 sicuti
2591 2943 2732 2997 docti
2765 2945 2917 3010 estis,
2961 2947 3297 3003 abundantes
3323 2950 3373 3002 in
3407 2950 3607 3020 gratia-

2044 3048 2162 3085 rum
2199 3033 2429 3087 actione.
2479 3031 2666 3088 Videte
2713 3050 2782 3089 ne
2820 3037 2942 3104 quis
2970 3053 3062 3092 vos
3088 3040 3346 3109 exspoliet
3369 3056 3464 3110 per
3493 3041 3604 3112 (9f)

2041 3124 2438 3194 philosophiam
2491 3133 2544 3178 et
2588 3125 2802 3180 inanem
2854 3128 3223 3183 seductionem
3251 3170 3266 3193 ,
3306 3135 3601 3187 secundum

2039 3217 2300 3271 elementa
2345 3217 2553 3283 mundi,
2587 3226 2641 3271 et
2674 3232 2781 3271 non
2826 3220 3123 3273 secundum
3153 3221 3448 3288 Christum,
3479 3227 3604 3293 quia

2041 3310 2093 3364 in
2127 3309 2244 3379 ipso
2274 3308 2478 3362 habitat
2501 3308 2677 3362 omnis
2709 3308 2986 3379 plenitudo
3012 3312 3233 3368 deitatis
3262 3314 3303 3367 ⁵.
3343 3334 3359 3365 i
3399 3315 3607 3383 Quibus

2040 3401 2292 3456 omnibus
2328 3399 2399 3454 ita
2441 3399 2722 3470 diligenter
2750 3403 3029 3471 expositis,
3063 3404 3251 3459 beatus
3291 3406 3601 3476 Apostolus,

2039 3492 2185 3546 velut
2228 3500 2377 3560 pater
2406 3491 2551 3554 filiis,
2584 3492 2734 3545 addit
2767 3500 3025 3563 tanquam
3055 3496 3388 3565 signaculum
3433 3502 3605 3570 quod-

2042 3585 2165 3636 dam
2203 3583 2508 3636 testamenti
2551 3583 2786 3637 dicens:
2836 3602 2855 3634 ι
2902 3584 3185 3640 Certamen
3242 3589 3442 3644 bonum
3487 3607 3605 3645 cer-

2043 3674 2173 3738 tavi,
2204 3674 2410 3728 circum
2442 3676 2681 3739 cucurri,
2717 3674 2874 3729 fidem
2909 3678 3138 3731 servavi.
3192 3678 3266 3733 De
3291 3692 3484 3736 caetero
3517 3699 3603 3738 rc-

2041 3766 2213 3832 posita
2240 3772 2322 3818 est
2351 3764 2483 3817 mihi
2519 3765 2745 3832 justitiaa
2773 3780 3006 3832 corona,
3052 3784 3214 3836 quam
3250 3771 3435 3825 reddet
3468 3775 3600 3826 mihi

2041 3854 2300 3909 Dominus
2349 3855 2404 3908 in
2450 3856 2538 3908 illa
2581 3855 2666 3910 die
2705 3857 2885 3926 justus
2919 3859 3114 3928 judex:
3158 3875 3264 3914 non
3296 3862 3468 3918 solum
3505 3881 3604 3920 au-

2042 3958 2145 4003 tem
2178 3939 2330 4015 mihi,
2377 3948 2471 4003 sed
2515 3955 2569 4003 et
2615 3949 2866 4002 omnibus
2907 3951 3000 4020 qui
3045 3952 3274 4022 diligunt
3311 3955 3600 4013 adventum

2039 4043 2157 4112 ejus
2187 4043 2239 4096 ⁶.’
2265 4060 2283 4093 i
2907 4114 2909 4116 η
3274 4048 3276 4050 ⁷

2110 4130 2348 4187 XXXVI.
2391 4130 2606 4186 Nullum
2635 4147 2701 4187 ex
2725 4131 2898 4196 vobis,
2929 4147 2963 4187 o
2994 4132 3201 4202 Manes,
3235 4136 3476 4192 Galatam
3521 4139 3602 4193 fa-

3351 4285 3366 4315 ¹
3402 4282 3445 4336 ll
3467 4284 3595 4337 Cor.

444 4540 552 4608 (8t)
595 4536 666 4590 Ita
698 4544 772 4609 eg
778 4533 1078 4609 Cyprianus
1113 4529 1480 4609 haudnprocul
1520 4529 1588 4583 ab
1624 4529 1777 4583 initio
1807 4529 1930 4609 libri
1965 4539 2008 4594 ι)
2034 4530 2172 4609 apud
2200 4529 2590 4609 Tertullianum
2633 4533 2814 4588 vcrsio
2860 4535 3146 4605 improbat,
3196 4551 3318 4605 quae
3359 4535 3600 4609 Vulgata:

375 4598 460 4663 De‘
491 4598 687 4661 unitate
727 4598 1006 4666 Ecc'lésiw,
1044 4617 1108 4654 ac
1153 4603 1198 4654 si
1254 4598 1439 4654 διίκεο
1475 4609 1619 4653 textu
1661 4612 1802 4653 esset
1832 4599 1927 4663 ὡς.

375 4679 476 4734 Sed
511 4678 730 4747 Vulgata
772 4685 843 4747 et,
871 4673 1233 4747 Tertullianus
1268 4670 1512 4738 pluribus
1561 4672 1617 4722 in
1673 4670 1805 4724 locis
1852 4671 1928 4724 le-

371 4743 1125 4820 gunt,«inaugeiumlucis.
1167 4759 1186 4790 ι
1239 4812 1249 4820 ι
1331 4811 1344 4820 _
1448 4811 1479 4820 η
1618 4800 1672 4820 Π,
1761 4809 1770 4819 ⁸

442 4807 551 4888 (δὲ)
591 4807 795 4888 Melius
827 4813 1049 4881 Vulgata
1074 4851 1089 4876 ,
1153 4811 1566 4888 astipulautibus
1615 4807 1883 4878 Cypriano
1910 4848 1925 4868 .

368 4882 686 4951 Ambrosio,
723 4885 1045 4952 Hieronymo
1082 4891 1135 4934 et
1176 4882 1498 4952 Atigustiiio,
1552 4897 1571 4930 ι
1614 4889 1928 4952 convertere

371 4959 569 5026 Eiaiigt
591 4948 718 5030 liuin
753 4948 985 5016 Christi;
1009 4971 1046 5030 ui
1080 4952 1201 5005 licet.
1230 4948 1592 5005 Tertullianus
1614 4948 1736 5030 fuit).
1776 4949 1925 5030 Mai:-

369 5030 451 5080 ci'o
489 5019 569 5081 εῆι
611 5029 703 5080 lib.
736 5041 811 5086 iv,
859 5038 977 5092 cap.
1006 5022 1058 5083 5,
1088 5038 1104 5071 ι
1158 5031 1490 5091 pervertere,
1543 5043 1562 5076 ι
1611 5019 1804 5086 legisse
1845 5019 1926 5072 vi-

368 5100 484 5151 deat
499 5114 578 5150 ur.

442 5171 552 5234 (85)
588 5165 770 5221 Graece
807 5170 910 5229 est,
956 5159 1143 5228 ἁγίων,
1181 5179 1201 5211 ι
1246 5168 1582 5220 sanctorum,
1631 5178 1648 5210 i
1684 5167 1744 5212 ut
1770 5159 1928 5213 habet

371 5233 618 5290 Vulgata.

443 5278 644 5375 "(ﬁfth
676 5302 958 5375 CJasinensi
988 5311 1271 5371 corruptus
1303 5310 1383 5356 est
1425 5300 1511 5354 hic
1543 5300 1925 5375 locus_,_liabet

368 5368 510 5428 enim
537 5368 566 5426 ἰ
601 5379 664 5428 de
707 5368 922 5428 Persida
965 5368 1261 5426 venientem
1295 5382 1510 5437 monet;
1557 5390 1576 5421 ι
1613 5371 1707 5424 sed
1745 5371 1926 5438 legen-

367 5446 517 5503 dum,
552 5465 570 5496 ‹
612 5445 841 5507 Manent,
873 5443 954 5496 vel
983 5445 1163 5502 modo,
1195 5451 1296 5495 etc.
1335 5461 1352 5492 i

440 5517 551 5585 (85)
594 5516 648 5568 lu
679 5513 1082 5588 Vulgatajuxta
1128 5513 1372 5588 Giiecuin
1413 5518 1793 5588 textum_est,_¢
1821 5507 1924 5588 .lo-

365 5583 668 5656 queiitium,
703 5586 1042 5656 habentium,
1073 5583 1492 5656 prohibentium.
1541 5599 1560 5630 ι
1609 5583 1716 5656 aut
1764 5583 1927 5656 igitur

366 5650 456 5710 hic
506 5657 691 5710 eodem
754 5657 914 5707 modo
964 5654 1245 5719 legendum
1276 5693 1290 5714 ,
1353 5661 1446 5705 aut
1502 5650 1876 5718 corrigendum
1908 5690 1923 5711 ,

374 5745 392 5777 ι
426 5729 788 5798 prohibentes.
827 5741 848 5775 ι
875 5723 979 5779 Sed
1024 5724 1162 5777 hanc
1205 5721 1734 5791 iectioncmantiqua
1762 5720 1924 5773 etiam
1996 5803 2001 5814 ‘

2033 4600 2135 4652 hac
2163 4601 2214 4655 in
2243 4611 2391 4669 parte
2427 4603 2621 4657 similis
2650 4612 2752 4657 est.

2105 4669 2214 4743 (86)
2247 4670 2315 4743 ιη
2347 4671 2626 4726 Casinensi
2673 4682 2786 4737 est,
2828 4693 2847 4725 ‹
2885 4675 2950 4728 ad
2983 4675 3389 4743 perficiendum.
3429 4696 3447 4727 ι
3487 4675 3594 4732 Sed

2033 4737 2274 4808 vulgum».
2306 4741 2588 4794 lectionem
2622 4744 2949 4798 substituere
2980 4737 3148 4799 satius
3179 4747 3354 4799 visum
3385 4756 3487 4800 est.

2104 4811 2215 4881 (87)
2257 4809 2428 4882 Yet-ha
2462 4811 2629 4882 illa,i
2683 4823 2737 4866 et
2786 4816 2906 4868 falsi
2954 4816 3213 4882 apostoli,
3263 4833 3281 4866 ι
3334 4816 3400 4868 ab
3431 4817 3599 4870 inter-

2029 4879 2204 4946 prete
2247 4879 2494 4934 Archelai
2558 4881 2806 4953 videntur
2872 4879 3120 4953 adjuncta
3150 4927 3165 4950 ,
3201 4879 3596 4952 explicationis

2030 4963 2241 5022 causa;
2281 4965 2404 5002 nam
2456 4965 2555 5004 nec
2604 4953 2656 5004 in
2708 4952 2946 5017 Graeco,
2975 4969 3071 5006 nec
3113 4954 3166 5006 in
3199 4955 3457 5022 Vulgata,
3497 4971 3596 5010 nec

2032 5019 2528 5104 apurdnCvprianuiu
2556 5023 2798 5092 aliosque
2824 5019 3310 5104 Patrcs_leg_untur.

2105 5035 2170 5073 lltl
2203 5035 2528 5142 hvmanqu
2556 5035 2798 5092 aliosque
2825 5035 3008 5077 Patres
3042 5035 3340 5104 teguntur.’

2102 5090 2213 5160 (88)
2301 5105 2492 5162 ocemt
2520 5108 2538 5141 ι
2573 5109 2756 5162 quam,
2796 5113 2814 5144 i
2848 5109 2945 5147 nos
2971 5094 3298 5156 addidimus,
3329 5100 3402 5146 ita
3431 5107 3592 5147 sensu

2029 5158 2302 5233 poscente.
2332 5159 2440 5233 aut
2472 5158 2630 5226 forte,
2669 5181 2686 5212 ι
2724 5164 2946 5233 scripta,
2985 5181 3003 5212 ›
3039 5163 3343 5233 legendum.

2101 5231 2213 5301 (89)
2251 5231 2309 5301 in
2345 5228 2592 5301 Y_u|gata,
2629 5251 2647 5283 i
2681 5228 2928 5286 audistis.
2969 5250 2986 5282 i

2099 5298 2208 5369 (90)
2243 5298 2606 5372 lIaVulgata;
2638 5303 2691 5355 in
2719 5303 2903 5356 codice
2934 5311 3111 5356 autem
3155 5302 3436 5357 Casinensi
3471 5301 3595 5372 legi-

2028 5379 2135 5434 tur,
2179 5391 2198 5421 ‹
2240 5370 2294 5422 in
2325 5370 2522 5439 ipsum.
2565 5389 2581 5421 i

2099 5440 2562 5512 (9l)__Casiiien_sis
2584 5439 2770 5512 codeit,
2798 5457 2817 5490 ‹
2847 5441 3128 5509 cxspoliet,
3153 5451 3204 5496 et
3229 5458 3343 5512 per.
3375 5459 3392 5492 i
3424 5439 3586 5512 Cypr.

2030 5509 2329 5581 initiolibi-i
2369 5509 2597 5581 Deliono
2624 5510 2924 5581 pqtientiw,
2963 5515 3155 5577 habet,
3196 5509 3590 5581 (depraedetur

2030 5579 2570 5651 Pet‘_.Ph“9§0Phi3m-
2617 5576 2858 5651 {Grece
2900 5592 2980 5635 est
3026 5576 3390 5651 σὲλάγωγῶῦ·
3442 5583 3589 5651 qm“

2028 5648 2248 5721 verbum
2283 5647 2580 5721 Vu_lgata,_i
2619 5648 2883 5721 decipiat,
2923 5669 2941 5700 ι
2979 5661 3033 5704 et
3060 5647 3314 5716 Tertull.,
3347 5652 3424 5706 De
3453 5647 3588 5721 ῥνιε·
3685 5697 3688 5708 .

2029 5718 2212 5785 script.
2232 5758 2248 5784 ,
2271 5733 2324 5775 c.
2359 5718 2412 5786 7,
2446 5736 2464 5768 ι
2502 5717 2904 5787 circumveniet,
2935 5739 2953 5772 i
2986 5722 3426 5792 interpretantur.
