3996 6208
447 312 470 366 1
483 312 581 366 187

1438 309 1615 365 ACTA
1656 306 2181 365 DlSPUTATlONiS
2220 307 2276 364 S.
2318 308 2657 364 ARCHELAI

3525 312 3548 366 1
3564 313 3668 369 488

444 427 575 492 cies,
631 441 728 482 nec
751 427 821 481 ita
871 442 968 481 nos
1027 425 1316 480 transferes
1367 424 1477 496 (9-2)
1535 443 1564 480 a
1611 427 1712 480 fide
1766 426 2001 491 Christi;
2033 424 2296 486 ANonne
2347 433 2560 496 oportet
2609 434 2662 480 te
2716 425 3061 495 multiplicari
3110 433 3368 496 tanquam
3425 428 3667 496 zizania,

443 517 656 571 etiamsi
704 518 856 585 signa
889 525 941 570 et
987 516 1226 586 prodigia
1274 514 1478 580 facias,
1523 514 1730 568 etiamsi
1765 522 2006 567 mortuos

448 610 702 674 suscites,
743 609 954 664 etiamsi
985 608 1270 678 imaginem
1317 606 1470 660 nobis
1502 605 1651 659 Pauli
1681 605 1851 674 ipsius
1879 604 2007 658 alie-

443 716 557 767 ns,
581 702 864 755 anathema
883 715 964 765 es,
989 698 1186 753 Satana
1209 699 1317 768 (9'5)
1338 716 1352 763 ;
1371 697 1736 768 praescriptum
1761 705 1841 751 est
1863 696 2003 749 enim

445 795 512 850 de
540 803 619 861 te;
649 792 950 863 przemoniti
973 800 1025 845 et
1049 791 1348 861 prrestructi
1379 805 1564 844 sumus
1587 806 1617 842 a
1643 789 1842 843 sanctis
1867 785 2007 841 Scri-

443 887 633 957 pturis.
673 884 780 939 Vas
803 900 862 939 es
890 883 1226 945 Antichristi,
1249 891 1305 936 et
1331 896 1504 950 neque
1532 881 1731 934 bonum
1762 896 1878 942 vas,
1911 879 2006 934 sed

443 976 718 1031 sordidum
747 985 800 1028 et
827 974 1129 1045 indignum,
1171 974 1314 1044 quod
1345 973 1433 1026 ille
1466 972 1604 1026 sicut
1642 971 1836 1040 aliquis
1875 970 2003 1024 bar-

443 1068 609 1122 barus
632 1067 712 1120 vel
742 1075 1023 1137 tyrannus,
1057 1080 1179 1119 cum
1213 1065 1265 1118 in
1295 1079 1390 1119 eos
1413 1063 1504 1133 qui
1549 1062 1649 1117 sub
1683 1062 1856 1131 legum
1892 1061 2002 1132 (94)

438 1164 648 1234 iustitia
692 1162 930 1232 degunt,
977 1173 1203 1216 conatur
1245 1162 1493 1226 irruere,
1547 1160 1804 1229 prazmisit
1851 1161 2001 1229 prius

440 1265 700 1324 tanquam
734 1254 890 1307 morti
913 1253 1260 1317 destinatum,
1293 1255 1356 1306 ad
1383 1252 1768 1322 explorandum
1801 1261 2003 1322 quanta

439 1357 493 1404 et
521 1343 698 1417 qualis
737 1347 804 1400 sit
835 1345 1058 1416 legitimi
1100 1346 1242 1416 regis
1292 1345 1466 1398 virtus
1510 1360 1572 1398 ac
1626 1344 1807 1414 populi
1843 1362 1855 1398 :
1889 1345 2004 1413 ipse

440 1434 583 1489 enim
621 1434 931 1503 inopinatus
964 1434 1167 1488 irruere
1189 1433 1481 1504 pertimuit,
1513 1433 1603 1488 scd
1631 1447 1803 1502 neque
1836 1433 2002 1488 alium

437 1540 503 1578 ex
555 1525 872 1580 necessariis
914 1525 1046 1579 viris
1085 1523 1298 1579 mittere
1344 1525 1510 1578 ullum
1559 1540 1726 1579 ausus
1768 1534 1886 1589 est,
1937 1539 2004 1579 ne

435 1618 565 1687 quid
633 1627 905 1687 pateretur
962 1617 1192 1671 adversi.
1265 1615 1449 1670 Talem
1519 1625 1569 1671 te
1642 1617 1839 1682 nobis,
1903 1615 2004 1671 sub

436 1709 579 1763 bono
627 1720 679 1762 et
717 1718 903 1764 sancto
950 1724 1070 1778 rege
1108 1709 1336 1778 positis,
1373 1708 1518 1762 velut
1564 1709 1723 1762 morti
1763 1707 2002 1762 destina-

2108 532 2384 586 usquequo
2438 517 2526 571 ille
2572 518 2685 585 ipse
2734 533 2960 586 magnus
3007 526 3160 586 pater
3208 527 3334 573 tuus
3386 520 3668 586 adveniat,

2107 608 2376 662 suscitans
2406 617 2670 676 mortuos,
2705 623 2842 678 pene
2895 622 3069 678 usque
3108 608 3171 662 ad
3207 610 3508 678 gehennam
3550 628 3670 666 om-

2107 715 2201 754 nes
2247 716 2575 770 persequens
2620 701 2714 771 qui
2769 701 2870 756 sibi
2934 701 3308 770 obtemperare
3362 703 3669 771 noluerint,

2105 791 2367 860 plurimos
2401 794 2678 847 deterrens
2728 792 3050 861 arrogantia:
3097 802 3241 846 metu
3286 809 3396 862 quo
3427 802 3510 848 est
3558 795 3670 863 ipse

2105 884 2491 951 circumdatus,
2527 885 2646 939 aliis
2675 885 2939 939 adhibens
2965 884 3160 947 minas,
3195 885 3378 939 vultus
3412 885 3497 939 sui
3535 902 3665 940 con-

2103 976 2353 1030 versione
2399 984 2452 1029 et
2496 975 2960 1030 circumductione
3002 976 3290 1030 ludilicans
3331 994 3344 1030 :
3391 977 3484 1029 sed
3529 977 3670 1031 ultra

2105 1080 2211 1120 non
2242 1065 2482 1135 proﬁciet
2504 1068 2545 1132 9;
2579 1066 2888 1136 insipientia
2921 1067 3063 1120 enim
3095 1067 3212 1137 ejus
3255 1069 3512 1121 omnibus
3549 1084 3670 1138 per»

2105 1158 2317 1228 vulgata
2351 1158 2473 1222 erit,
2513 1160 2652 1215 sicut
2684 1157 2903 1214 Jamnes
2931 1169 2981 1213 et
3015 1158 3305 1214 Mambres.
3339 1158 3555 1214 Iudices
3581 1160 3669 1214 di-

2102 1259 2289 1302 xerunt
2317 1265 2334 1302 :
2372 1247 2523 1304 Sicut
2548 1266 2614 1304 ex
2642 1258 2695 1304 te
2721 1250 3104 1319 comperimus,
3137 1259 3393 1319 tanquam
3422 1252 3670 1320 apostolo

2103 1339 2270 1395 Paulo
2313 1342 2555 1405 dicente,
2589 1341 2826 1411 [insuper
2869 1340 3030 1394 etiam
3079 1341 3147 1393 ab
3196 1338 3484 1408 Evangelio
3531 1355 3670 1408 pra:-

2104 1433 2374 1487 scribente
2407 1433 2540 1487 nulli
2571 1433 2663 1486 alii
2694 1447 2846 1502 reque
2879 1431 2933 1485 in
2960 1440 3230 1501 posterum
3257 1431 3368 1500 (99)
3399 1433 3670 1501 praebetur

2103 1525 2379 1595 ingressus
2413 1525 2479 1578 ad
2521 1525 2946 1594 praedicandum,
2977 1523 3057 1578 vel
3102 1523 3428 1588 docendum,
3470 1523 3552 1576 vel
3599 1523 3669 1576 ad

2102 1617 2600 1687 evangelizandum,
2624 1617 2707 1669 vel
2735 1615 3164 1686 prophetandum
3193 1615 3244 1667 in
3270 1615 3368 1668 hac
3394 1615 3502 1670 vita
3528 1614 3668 1668 dun—

2104 1717 2274 1774 taxat,
2310 1707 2414 1762 nisi
2446 1707 2586 1761 l‘orte
2619 1706 2788 1762 falsus
2817 1707 3080 1776 prapheta
3112 1706 3392 1770 habeatur,
3421 1713 3515 1758 aut
3562 1703 3666 1758 fal-

436 1806 575 1865 tum,
626 1816 715 1852 rex
755 1809 877 1853 tuus
910 1771 1169 1867 praemisit
1203 1799 1584 1853 Antichristus.
1627 1797 1691 1852 Et
1737 1799 1849 1853 hzec
1885 1798 2000 1867 qui-
2034 1771 2075 1826 Β
2104 1815 2198 1854 sus
2233 1771 2502 1853 Christus.
2553 1795 2704 1851 Unde
2755 1771 2877 1850 cuin
2921 1771 3125 1849 dixeris
3179 1794 3233 1846 in
3287 1791 3452 1846 Paulo
3494 1792 3669 1849 fuisse

436 1891 558 1944 dem
602 1906 706 1943 non
754 1892 1087 1959 inexplorata
1131 1891 1462 1961 proloquor;
1521 1891 1614 1945 sed
1657 1906 1722 1944 ex
1760 1905 1824 1945 eo
1857 1890 1999 1960 quod

436 1982 638 2035 nullam
688 1992 740 2035 te
790 1983 944 2035 video
994 1981 1170 2036 facere
1210 1981 1485 2047 virtutem,
1523 1981 1594 2034 ita
1619 1981 1766 2034 dcte
1800 1982 1993 2035 sentio.

434 2070 588 2127 Illum
639 2072 783 2126 enim
828 2081 883 2126 et
930 2072 982 2124 in
1035 2071 1282 2142 angelum
1311 2071 1449 2126 lucis
1481 2071 1996 2139 transformandum,

435 2177 492 2225 et
521 2168 801 2223 ministros
831 2168 948 2237 ejus
983 2168 1116 2222 tales
1145 2167 1470 2223 adventuros
1503 2168 1911 2237 prrenoscimus,
1944 2177 1997 2222 et

436 2261 589 2332 signa
628 2270 677 2315 et
713 2260 953 2331 prodigia
997 2261 1268 2323 facturos,
1325 2261 1393 2314 ita
1431 2267 1507 2324 ut,
1541 2261 1585 2314 si
1613 2261 1868 2328 possibile
1905 2261 1996 2326 sit,

429 2354 598 2410 etiam
639 2353 791 2408 electi
843 2353 1168 2408 seducantur
1210 2353 1252 2405 ⁷.
1309 2351 1442 2418 Quis
1489 2367 1618 2422 ergo
1659 2367 1718 2406 es
1765 2360 1860 2419 tu,
1903 2353 1994 2422 qui

435 2463 612 2516 neque
637 2448 1000 2502 necessarium
1030 2445 1262 2515 aliquem
1295 2445 1470 2500 locum
1509 2445 1738 2499 sortitus
1763 2460 1822 2498 es
1849 2460 1878 2497 a
1902 2460 1997 2514 pa-

434 2546 519 2593 tre
577 2547 668 2592 tuo
713 2537 946 2591 Satana?
997 2537 1128 2590 Nam
1187 2552 1346 2607 quem
1405 2544 1677 2590 mortuum
1731 2537 1998 2591 suscitas?

437 2630 582 2700 quod
629 2629 948 2699 proﬂuvium
997 2629 1276 2698 sanguinis
1321 2627 1498 2683 sistis?
1540 2625 1687 2693 Quos
1734 2629 1846 2682 luto
1885 2627 1996 2699 (95)

435 2720 560 2775 caeci
593 2719 781 2773 oculos
811 2718 1033 2772 illinitos
1063 2718 1242 2772 videre
1273 2716 1446 2772 facis?
1481 2715 1710 2782 Quando
1751 2718 1997 2773 esurien-

435 2817 543 2861 tem
569 2807 779 2860 turbant
805 2806 990 2874 paucis
1021 2805 1250 2875 panibus
1279 2806 1493 2860 reﬁcis?
1523 2804 1621 2860 Ubi
1651 2822 1810 2876 super
1831 2823 1998 2878 aquas

435 2896 660 2962 incedis,
693 2905 786 2950 aut
814 2895 937 2966 quis
983 2904 1034 2950 te
1082 2896 1211 2949 vidit
1254 2911 1319 2950 ex
1367 2897 1448 2950 his
1479 2897 1571 2967 qui
1607 2896 1658 2950 in
1697 2897 1995 2953 Jerusalem

436 2987 719 3041 habitant?
761 2984 924 3040 Persa
963 2985 1225 3048 barbare,
1271 3001 1378 3040 non
1427 2986 1734 3042 Graecorum
1780 2989 1996 3059 lingua,

2097 1889 2462 1955 Paracletum,
2519 1899 2572 1945 et
2619 1890 2792 1960 ipsum
2848 1889 3030 1942 omnia
3082 1887 3455 1956 consignasse,
3494 1901 3668 1955 quare

2097 1983 2230 2039 dixit
2257 2001 2269 2036 :
2302 2002 2320 2034 ι
2351 1982 2428 2036 Ex
2462 1990 2615 2052 parte
2641 1980 2865 2047 scimus,
2894 1990 2947 2034 et
2971 1995 3034 2033 ex
3061 1989 3210 2048 parte
3236 1977 3665 2047 prophetamus;

2095 2090 2217 2129 cum
2253 2082 2434 2128 autem
2474 2073 2682 2128 venerit
2717 2072 2861 2142 quod
2908 2071 3205 2141 perfectum
3252 2080 3372 2134 est,
3420 2071 3470 2124 id
3518 2072 3668 2141 quod

2098 2181 2162 2220 ex
2198 2174 2351 2235 parte
2381 2173 2465 2220 est
2505 2165 2813 2219 destruetur
2857 2163 2902 2194 ¹⁰
2933 2181 2946 2217 :
2981 2181 3000 2214 ι
3050 2177 3211 2232 quem
3259 2161 3422 2214 alium
3473 2177 3670 2231 exspe-

2096 2265 2268 2323 ctans,
2305 2256 2410 2310 hoc
2441 2255 2611 2310 dixit?
2637 2253 2791 2320 Quod
2826 2255 2872 2308 si
2896 2253 3010 2324 ipse
3033 2253 3321 2308 confitetur
3349 2263 3670 2323 exspectare

2097 2363 2156 2403 se
2192 2347 2426 2416 aliquem
2452 2345 2784 2416 perfectum;
2816 2353 2870 2399 ct
2898 2345 2943 2400 si
2976 2344 3159 2398 venire
3185 2344 3418 2413 aliquem
3445 2358 3670 2399 necesse

2095 2448 2207 2502 est,
2241 2438 2465 2492 ostende
2494 2437 2650 2492 nobis
2678 2435 2743 2490 de
2771 2451 2880 2505 quo
2910 2435 3092 2490 dicat?
3132 2450 3200 2489 ne
3243 2433 3382 2488 forte
3426 2435 3480 2487 in
3522 2435 3669 2488 hunc

2095 2530 2343 2584 videatur
2366 2529 2468 2584 iste
2499 2543 2679 2584 sermo
2707 2542 3008 2592 recurrere,
3033 2535 3127 2581 aut
3153 2526 3204 2579 in
3232 2541 3357 2581 eum
3389 2525 3480 2595 qui
3518 2525 3667 2581 misit

2095 2622 2268 2688 illum,
2301 2618 2579 2687 Satanam,
2606 2620 2747 2675 sicut
2797 2628 2850 2674 tu
2899 2619 3055 2674 dicis.
3101 2617 3157 2672 Si
3209 2619 3354 2674 enim
3388 2617 3666 2673 conﬁteris

2096 2720 2381 2765 venturum
2409 2725 2529 2765 esse
2553 2710 2697 2780 quod
2730 2710 3026 2779 perfectum
3060 2718 3164 2775 est,
3189 2724 3297 2763 non
3329 2718 3506 2780 potest
3541 2725 3665 2765 esse

2098 2802 2363 2868 Satanas;
2397 2803 2442 2858 si
2484 2811 2662 2857 autem
2708 2800 2963 2856 Satanam
3010 2810 3313 2870 exspectas,
3343 2815 3453 2856 non
3487 2811 3665 2872 potest

2100 2910 2221 2950 esse
2257 2894 2580 2964 perfectum.

2166 2985 2429 3040 XXXVII.
2465 2985 2752 3040 Archelaus
2775 2985 2908 3040 dixit
2937 3001 2953 3038 :
2982 2983 3249 3050 Quoniam
3279 3001 3385 3041 non
3414 2987 3535 3041 sine
3555 2986 3664 3041 Deo

436 3093 542 3132 non
572 3077 971 3148 Egyptiorum,
1003 3093 1110 3130 non
1157 3077 1548 3144 Romanorum,
1580 3095 1687 3133 non
1729 3081 1890 3135 ullius
1919 3081 1996 3134 al-
2021 3109 2063 3166 ο
2097 3076 2238 3130 dicta
2275 3084 2401 3131 sunt
2427 3091 2546 3144 quze
2579 3091 2608 3128 a
2644 3075 2800 3130 beato
2835 3075 3001 3129 Paulo
3029 3075 3235 3143 prolata
3266 3086 3412 3139 sunt,
3455 3085 3662 3130 certum

435 3169 604 3223 terius
631 3170 828 3238 linguae
861 3167 1142 3221 scientiam
1177 3168 1372 3222 habere
1410 3169 1666 3237 potuisti;
1699 3171 1792 3224 sed
1829 3170 1992 3225 Chal-

433 3259 671 3313 dzeorum
703 3256 812 3327 (96)
847 3256 1044 3320 solum,
1089 3271 1210 3325 qum
1254 3273 1320 3309 ne
1359 3257 1414 3309 in
1445 3273 1729 3312 numerum
1773 3262 1991 3330 quidem

435 3349 666 3412 aliquem
701 3348 947 3409 ducitur;
998 3347 1203 3400 nullum
1251 3347 1416 3402 alium
1453 3348 1758 3416 loquentem
1806 3354 1992 3408 audire

435 3449 608 3510 potes.
640 3437 755 3491 Non
793 3439 866 3491 ita
901 3437 1129 3507 Spiritus
1163 3449 1401 3506 sanctus,
1442 3439 1582 3494 absit
1615 3442 1717 3496 hoc
1753 3444 1988 3498 malum!

432 3529 526 3584 sed
565 3527 818 3582 omnibus
861 3526 1078 3593 dividit,
1129 3536 1182 3581 et
1233 3527 1414 3581 omnia
1461 3527 1763 3598 linguarum
1796 3546 1991 3601 genera

435 3617 603 3685 novit,
635 3627 688 3671 et
717 3617 959 3687 agnoscit.
992 3619 1260 3682 universa,
1296 3626 1350 3672 et
1383 3619 1637 3674 omnibus
1668 3620 1850 3673 omnia
1879 3620 1992 3675 ραι-

435 3712 598 3776 citur,
628 3711 700 3764 ita
728 3719 784 3764 ut
812 3726 934 3764 eum
965 3711 1127 3765 etiam
1161 3709 1341 3765 cordis
1367 3710 1600 3781 cogitata
1633 3727 1740 3766 non
1768 3713 1985 3768 lateant.

433 3801 572 3869 Quid
600 3803 742 3856 enim
773 3803 904 3858 dicit
944 3801 1258 3873 Scriptura?
1284 3803 1411 3872 quia
1447 3804 1816 3874 unusquisque
1861 3822 1990 3876 pro-

433 3893 550 3961 pria
590 3907 686 3947 sua
725 3891 908 3963 lingua
948 3892 1200 3946 audiebat
1232 3905 1327 3960 per
1360 3889 1694 3946 Paracletum
1731 3890 1989 3961 Spiritum

435 3986 716 4054 loquentes
767 3984 1037 4054 apostolos
1074 3984 1114 4039 ⁸.
1166 3983 1270 4038 Sed
1316 3983 1444 4053 quid
1496 3983 1726 4054 amplius
1765 3983 1992 4041 dicabo?

432 4075 605 4130 Barba
633 4075 744 4147 (97)
777 4077 1028 4131 sacerdos
1061 4075 1288 4138 Mithraa,
1317 4085 1369 4130 et
1391 4075 1644 4142 collusor,
1675 4075 1842 4130 solem
1871 4085 1993 4131 tan-

430 4179 544 4222 tum
580 4169 725 4222 coles
764 4167 1015 4223 Mithram
1047 4169 1289 4223 locorum
1324 4167 1676 4237 mysticorum
1715 4167 1989 4222 illumina-

431 4266 602 4312 torem
633 4256 764 4331 (98),
803 4266 862 4312 ut
898 4257 1159 4327 opinaris,
1192 4264 1245 4310 et
1278 4255 1581 4322 conscium,
1606 4256 1709 4311 hoc
1739 4256 1988 4324 estquod

427 4351 566 4419 apud
597 4365 692 4405 eos
719 4350 892 4414 ludes,
927 4359 981 4404 et
1022 4359 1278 4419 tanquam
1310 4348 1528 4417 elegans
1557 4347 1738 4401 minus
1766 4361 1990 4417 perages

2095 3175 2197 3230 est,
2228 3167 2369 3236 quod
2403 3164 2686 3220 Dominum
2726 3175 2972 3221 nostrum
3006 3163 3188 3220 Jesum
3211 3165 3488 3221 Christum
3509 3167 3661 3220 dixe-

2094 3255 2165 3310 rit
2188 3256 2606 3325 exspectandum
2639 3270 2760 3309 esse
2784 3255 3102 3325 perlectum,
3136 3256 3229 3324 qui
3258 3255 3407 3310 solus
3440 3255 3660 3311 Patrem

2094 3346 2272 3411 novit,
2300 3355 2353 3399 et
2397 3346 2482 3400 cui
2524 3344 2756 3400 voluerit
2782 3345 3116 3412 revelare“,
3161 3346 3299 3400 sicut
3327 3361 3555 3416 possum
3597 3361 3663 3400 ex

2093 3437 2273 3491 verbis
2305 3437 2476 3507 ipsius
2508 3437 2904 3492 demonstrare.
2943 3436 3046 3491 Sed
3081 3437 3230 3508 quia,
3275 3453 3400 3491 cum
3454 3438 3667 3492 venerit

2093 3527 2240 3598 quod
2270 3527 2568 3598 perfectum
2601 3536 2705 3594 est,
2739 3528 3046 3583 destruetur
3098 3529 3153 3583 id
3203 3529 3347 3598 quod
3395 3544 3459 3583 ex
3511 3540 3670 3599 parte

2093 3628 2207 3686 est;
2245 3619 2346 3675 iste
2373 3635 2502 3676 vero
2534 3635 2654 3676 sese
2689 3629 2964 3675 asseverat
2988 3634 3110 3675 esse
3145 3618 3480 3689 perfectum;
3527 3622 3664 3691 quid

2091 3711 2359 3767 destruxit
2401 3713 2649 3768 ostendat
2689 3732 2702 3768 :
2740 3713 2885 3782 quod
2937 3713 3082 3766 enim
3128 3712 3460 3781 destruetur,
3511 3715 3666 3784 igno-

2096 3803 2272 3858 rantia
2302 3813 2385 3860 est
2421 3820 2542 3874 qua:
2577 3806 2629 3859 in
2666 3805 2821 3860 nobis
2845 3813 2946 3860 est.
2981 3803 3134 3859 Dicat
3161 3803 3343 3876 igitur,
3391 3806 3523 3878 quid
3568 3807 3663 3863 deo

2092 3894 2312 3960 struxit,
2361 3896 2491 3965 quid
2535 3895 2590 3952 in
2625 3896 2870 3952 notitiam
2917 3896 3180 3969 protulit?
3213 3895 3266 3953 Si
3311 3901 3442 3969 quid
3485 3899 3657 3954 facere

2090 3993 2285 4056 potest,
2319 3984 2498 4052 faciat,
2527 3998 2586 4043 ut
2622 3990 2772 4045 credi
2803 3991 2852 4045 ei
2881 3991 3093 4061 possit?
3122 3989 3312 4045 Sermo
3359 4005 3493 4045 vero
3534 3991 3650 4056 iste,

2091 4087 2350 4145 quantam
2382 4079 2578 4133 habeat
2606 4079 2882 4145 virtutem,
2931 4080 2976 4135 si
3005 4081 3241 4150 potuerit
3267 4080 3555 4152 diligenter
3579 4079 3660 4134 in-

2090 4167 2280 4239 telligi,
2313 4169 2384 4222 ita
2416 4169 2631 4225 demum
2663 4171 2809 4226 credi
2837 4173 3034 4241 poterit
3075 4172 3160 4228 his
3187 4187 3308 4242 qure
3343 4187 3374 4226 a
3409 4187 3498 4226 me
3541 4172 3662 4228 fuco

2095 4260 2209 4315 rint
2234 4270 2464 4316 asserta.
2494 4260 2660 4332 Igitur
2692 4263 2745 4316 in
2778 4263 2951 4333 prima
2981 4263 3048 4318 ad
3076 4262 3392 4319 Corinthios
3414 4262 3663 4333 Epistula

2095 4351 2210 4406 haec
2258 4351 2390 4406 dicit
2432 4350 2636 4407 Paulus
2673 4353 2740 4408 de
2771 4352 3042 4422 perfecto,
3075 4354 3169 4424 qui
3223 4362 3482 4409 venturus
3529 4363 3659 4408 est:

430 4441 708 4515 mysteria.
744 4439 941 4496 Verum
966 4441 1094 4511 quid
1123 4455 1224 4510 ego
1250 4441 1366 4495 haec
1389 4439 1734 4508 indignanter
1754 4439 1992 4509 accipio?
2024 4439 2067 4492 D
2102 4461 2121 4494 ι
2153 4442 2278 4498 Sive
2317 4443 2614 4514 pr0phetize
2656 4443 3022 4510 destruentur,
3071 4445 3185 4499 sive
3227 4445 3428 4515 lingua:
3471 4459 3664 4499 cessa-

500 4578 523 4611 "
552 4573 739 4632 Matth.
777 4593 922 4640 xxiv,
954 4578 1044 4632 94.
1120 4577 1141 4609 ⁸
1180 4579 1297 4633 Act.
1329 4595 1392 4643 ιι,
1422 4578 1474 4634 ϐ.
1550 4581 1570 4612 ⁸
1609 4576 1650 4630 11
1681 4576 1821 4632 Tim.
1855 4595 1937 4646 ιιι,
1967 4580 2021 4647 8,
2053 4579 2104 4636 9.

497 4696 609 4766 (92)
644 4695 705 4766 in
733 4695 922 4750 eodem
955 4695 1138 4749 codice
1161 4695 1566 4766 corruptissime
1584 4695 1797 4766 legitur,
1834 4711 1852 4746 ι
1883 4696 1990 4751 Ga-

427 4737 609 4822 lat\am/
637 4765 799 4820 facies
831 4767 958 4819 vicit.
984 4808 998 4828 ,
1053 4781 1085 4819 o
1116 4737 1342 4820 nostrasl
1359 4765 1520 4820 feras.
1571 4785 1588 4817 ι
1635 4737 1747 4820 Rus
1775 4737 1984 4821 modica

425 4836 722 4892 mutatione
745 4836 919 4888 locum
951 4837 1093 4890 hunc
1116 4836 1402 4890 restituere
1427 4836 1604 4891 conati
1634 4850 1842 4890 sumus.

498 4907 611 4972 (95)
651 4905 716 4959 Et
757 4906 844 4959 hic
884 4906 1018 4959 mire
1043 4905 1367 4974 depravatus
1396 4915 1479 4960 est
1524 4906 1665 4959 idem
1701 4907 1890 4973 codex,
1931 4906 1985 4958 in

421 4993 532 5048 quo
565 4976 779 5048 legitur,
825 4994 844 5025 ι
891 4977 1174 5048 anathema
1201 4990 1320 5029 esse
1354 4991 1545 5048 ana.)
1586 4974 1851 5048 An__recte
1880 4990 1987 5048 nos

423 5043 892 5102 etiiendaverimus
913 5045 1193 5099 doctorum
1215 5044 1629 5112 estojudicium.
1666 5043 1790 5098 Vide
1823 5045 1985 5098 etiam

427 5131 493 5169 an
525 5116 898 5178 corrigendum
930 5115 1019 5178 sit,
1056 5134 1073 5164 ι
1113 5115 1397 5167 anathema
1436 5131 1494 5167 es
1526 5125 1578 5167 et
1601 5116 1936 5168 maranatha.
1965 5133 1983 5164 ι

500 5186 611 5253 (94)
653 5186 782 5240 Vide
811 5201 899 5250 an,
936 5203 954 5235 ι
993 5200 1199 5253 regum.
1237 5203 1255 5236 ι

501 5254 613 5324 (95)
649 5253 705 5309 ln
740 5255 1046 5321 Casinensi,
1078 5273 1095 5304 ι
1129 5253 1271 5323 quod
1301 5253 1438 5324 luto.
1474 5271 1492 5303 ι

506 5321 617 5393 (96)
656 5325 1030 5380 Chaldaeorum
1060 5321 1323 5393 siquidem
1349 5323 1583 5393 linguam
1611 5321 1847 5392 Syriaca:
1873 5321 1989 5376 dia-

430 5391 626 5465 lectum
663 5411 783 5451 esse
822 5397 982 5450 tradit
1021 5391 1398 5465 Abulfaragius
1443 5396 1498 5446 in
1532 5391 1775 5446 Historia
1821 5393 1988 5462 dyna-

432 5464 675 5536 stiarum,
705 5482 823 5536 pag.
858 5467 944 5536 11.

506 5533 614 5604 (97)
645 5533 721 5589 Ita
744 5533 798 5590 iri
819 5535 1002 5591 codice
1025 5534 1331 5599 Casinensi,
1364 5533 1507 5604 quod
1531 5542 1710 5588 tamen
1742 5535 1983 5589 nonnulli

433 5606 665 5676 fortasse
709 5606 1099 5661 emendandum
1151 5616 1399 5676 putarent
1441 5606 1544 5658 hoc
1587 5615 1765 5674 pacto,
1809 5624 1826 5655 ι
1856 5606 1984 5675 quid

433 5675 665 5757 amplius
692 5676 898 5730 dicam?
918 5675 1174 5757 Barbare.
1203 5698 1228 5757 ξ
1253 5676 1356 5730 Sed
1382 5677 1496 5729 tieri
1521 5685 1717 5744 potest,
1743 5685 1802 5730 ut
1824 5676 1986 5757 verbo

437 5768 459 5804 ι
489 5747 668 5805 dicare
698 5764 716 5799 ι
758 5760 889 5802 usus
919 5748 989 5802 sit
1025 5747 1179 5802 rudis
1216 5748 1478 5815 interpres
1511 5761 1610 5815 pro
1641 5747 1984 5815 contendere,

2185 4581 2227 4613 ιο
2264 4579 2284 4633 1
2315 4580 2438 4637 Cor.
2487 4597 2604 4646 xm,
2639 4581 2693 4646 9,
2726 4581 2813 4650 10,
2888 4582 2927 4613 ¹¹
2968 4581 3154 4637 Matth.
3195 4598 3282 4650 ιι,
3317 4581 3406 4638 27.

2096 4696 2272 4752 dicam
2308 4697 2543 4765 trahere,
2580 4697 2661 4752 vel
2693 4697 2929 4752 dicarem
2964 4712 3103 4753 esse.

2161 4767 2272 4839 (98)
2312 4767 2444 4834 Quae
2469 4780 2788 4839 sequuntur,
2822 4769 3019 4839 n0stris
3045 4766 3369 4836 coniecturis
3397 4767 3664 4821 emenda-

2090 4838 2299 4904 vimus;
2337 4853 2459 4891 nam
2492 4839 2545 4891 in
2578 4838 2864 4892 Casinensi
2901 4838 3086 4892 codice
3116 4839 3203 4890 hic
3234 4839 3366 4890 mire
3393 4849 3664 4906 corrupto

2089 4909 2364 4978 scribitur,
2401 4926 2419 4957 ‹
2450 4908 2687 4962 locorum
2728 4909 3109 4978 mysteriorum
3155 4906 3598 4978 illuminatorem.
3636 4927 3658 4959 ι

2088 4977 2233 5042 Mox,
2265 4995 2283 5026 ι
2320 4978 2461 5046 apud
2495 4992 2588 5032 eos
2636 4975 2801 5030 ludis.
2831 4997 2848 5028 ι
2880 4976 2944 5029 Et
2991 4975 3150 5040 infra,
3181 4995 3199 5027 ι
3228 4976 3513 5030 adveniat?
3558 4993 3661 5031 su-

2091 5049 2292 5103 scitans
2329 5047 2610 5101 mortuos?
2639 5062 2776 5115 pene
2824 5063 2995 5116 usque
3033 5047 3098 5100 ad
3132 5047 3429 5116 gehennam
3461 5062 3661 5102 omnes

2092 5132 2443 5187 persequens,
2479 5117 2572 5187 qui
2603 5118 2648 5171 si
2695 5126 2754 5170 ut
2786 5124 3156 5187 obtemperare
3187 5117 3437 5179 noluerit,
3477 5117 3659 5184 pluri-

2094 5184 2213 5242 inos
2244 5184 2519 5242 deterrens
2551 5189 2871 5256 arrogantiae
2904 5184 3068 5240 metu.
3096 5184 3246 5250 Quod
3275 5194 3358 5238 est
3396 5187 3516 5253 ipse
3548 5188 3658 5239 cir.

2093 5257 2398 5323 cumdatus,
2442 5259 2560 5312 aliis
2594 5258 2806 5311 adhibet
2853 5258 3026 5310 minas
3072 5259 3250 5310 vultus
3288 5257 3370 5309 sui
3419 5270 3659 5309 conver-

2093 5329 2245 5382 sione
2273 5327 2624 5382 circumdatio
2649 5327 2904 5382 ludificat.
2933 5326 3056 5389 Sed,
3088 5345 3106 5376 ι
3135 5335 3235 5380 etc.
3264 5324 3446 5380 Manes
3467 5336 3660 5380 autem

2092 5406 2351 5467 tanquam
2379 5396 2588 5452 Mithrae
2633 5399 2887 5452 sacerdos
2934 5396 3426 5467 traducitur,rquia
3477 5398 3656 5451 solem

2091 5466 2487 5521 venerabantur
2516 5467 2819 5530 Manicbazi,
2851 5478 2910 5520 ut
2938 5467 3064 5520 alibi
3097 5466 3340 5520 ostendo.

2161 5536 2272 5606 (99)
2312 5535 2369 5591 In
2416 5537 2701 5592 Casinensi
2747 5546 2850 5603 est,
2887 5555 2906 5588 ι
2939 5537 3070 5590 nulli
3109 5536 3216 5591 alio
3259 5545 3420 5607 atque
3466 5545 3655 5607 poste-

2089 5621 2304 5687 rum;.r
2354 5623 2511 5679 quem
2561 5607 2772 5677 locum,
2824 5608 2899 5663 uti
2954 5607 3156 5662 editum
3200 5617 3282 5662 est
3339 5606 3658 5676 legendum

2090 5692 2295 5732 08118111.
