  <div class='ocr_page' id='page_1' title='image "/cluster/home/n/w/nwhite01/storage/ocr_20150623/10/hvd.32044073501330/765.png"; bbox 0 0 3998 7026; ppageno 0'>
   <div class='ocr_carea' id='block_1_1' title="bbox 408 345 3628 419">
    <p class='ocr_par' dir='ltr' id='par_1_1' title="bbox 408 345 3628 419">
     <span class='ocr_line' id='line_1_1' title="bbox 408 345 3628 419; baseline -0.005 -2"><span class='ocrx_word' id='word_1_1' title='bbox 408 359 541 419; x_wconf 76' lang='grc' dir='ltr'><strong>ιιθι</strong></span> <span class='ocrx_word' id='word_1_2' title='bbox 1384 356 1570 413; x_wconf 77' lang='lat' dir='ltr'><strong>ACTA</strong></span> <span class='ocrx_word' id='word_1_3' title='bbox 1609 353 2134 413; x_wconf 81' lang='lat' dir='ltr'><strong>DlSPUTATlONlS</strong></span> <span class='ocrx_word' id='word_1_4' title='bbox 2170 353 2226 408; x_wconf 88' lang='lat' dir='ltr'><strong>S.</strong></span> <span class='ocrx_word' id='word_1_5' title='bbox 2268 349 2607 407; x_wconf 79' lang='lat' dir='ltr'><strong>ARCHELAI</strong></span> <span class='ocrx_word' id='word_1_6' title='bbox 3483 345 3628 402; x_wconf 64' lang='grc' dir='ltr'><strong>ΗΒΕ</strong></span> 
     </span>
    </p>
   </div>
   <div class='ocr_carea' id='block_1_2' title="bbox 405 462 3628 554">
    <p class='ocr_par' dir='ltr' id='par_1_2' title="bbox 405 462 3628 554">
     <span class='ocr_line' id='line_1_2' title="bbox 405 462 3628 554; baseline -0.005 -18"><span class='ocrx_word' id='word_1_7' title='bbox 405 480 567 554; x_wconf 82' lang='lat' dir='ltr'><strong>eliici,</strong></span> <span class='ocrx_word' id='word_1_8' title='bbox 589 489 644 537; x_wconf 88' lang='lat' dir='ltr'><strong>et</strong></span> <span class='ocrx_word' id='word_1_9' title='bbox 666 478 1043 544; x_wconf 80' lang='lat' dir='ltr'><strong>circumvenit,</strong></span> <span class='ocrx_word' id='word_1_10' title='bbox 1073 486 1128 535; x_wconf 85' lang='lat' dir='ltr'><strong>et</strong></span> <span class='ocrx_word' id='word_1_11' title='bbox 1151 477 1450 550; x_wconf 71' lang='lat' dir='ltr'><strong>ingreditur</strong></span> <span class='ocrx_word' id='word_1_12' title='bbox 1481 480 1693 544; x_wconf 81' lang='lat' dir='ltr'><strong>domos,</strong></span> <span class='ocrx_word' id='word_1_13' title='bbox 1721 478 1969 548; x_wconf 83' lang='lat' dir='ltr'><strong>decipere</strong></span> <span class='ocrx_word' id='word_1_14' title='bbox 1999 485 2041 539; x_wconf 80' lang='grc' dir='ltr'><strong>Α</strong></span> <span class='ocrx_word' id='word_1_15' title='bbox 2071 472 2259 530; x_wconf 87' lang='lat' dir='ltr'><strong>chelao</strong></span> <span class='ocrx_word' id='word_1_16' title='bbox 2293 472 2524 529; x_wconf 75' lang='lat' dir='ltr'><strong>traditur</strong></span> <span class='ocrx_word' id='word_1_17' title='bbox 2569 486 2599 524; x_wconf 91' lang='lat' dir='ltr'><strong>a</strong></span> <span class='ocrx_word' id='word_1_18' title='bbox 2648 467 2915 535; x_wconf 76' lang='lat' dir='ltr'><strong>Marcello,</strong></span> <span class='ocrx_word' id='word_1_19' title='bbox 2942 464 3119 536; x_wconf 74' lang='lat' dir='ltr'><strong>&#39;quem</strong></span> <span class='ocrx_word' id='word_1_20' title='bbox 3164 479 3289 520; x_wconf 88' lang='lat' dir='ltr'><strong>cum</strong></span> <span class='ocrx_word' id='word_1_21' title='bbox 3335 462 3628 521; x_wconf 80' lang='lat' dir='ltr'><strong>diaconum</strong></span> 
     </span>
    </p>
   </div>
   <div class='ocr_carea' id='block_1_3' title="bbox 396 556 3627 643">
    <p class='ocr_par' dir='ltr' id='par_1_3' title="bbox 396 556 3627 643">
     <span class='ocr_line' id='line_1_3' title="bbox 396 556 3627 643; baseline -0.006 -15"><span class='ocrx_word' id='word_1_22' title='bbox 396 582 658 643; x_wconf 64' lang='lat' dir='ltr'><strong>‘quaarens</strong></span> <span class='ocrx_word' id='word_1_23' title='bbox 678 572 887 626; x_wconf 89' lang='lat' dir='ltr'><strong>animas</strong></span> <span class='ocrx_word' id='word_1_24' title='bbox 920 579 1173 626; x_wconf 84' lang='lat' dir='ltr'><strong>oneratas</strong></span> <span class='ocrx_word' id='word_1_25' title='bbox 1206 573 1444 641; x_wconf 88' lang='lat' dir='ltr'><strong>peccatis</strong></span> <span class='ocrx_word' id='word_1_26' title='bbox 1461 571 1550 627; x_wconf 76' lang='lat' dir='ltr'><strong>&quot;&#39;l</strong></span> <span class='ocrx_word' id='word_1_27' title='bbox 1599 569 1703 626; x_wconf 90' lang='lat' dir='ltr'><strong>Sed</strong></span> <span class='ocrx_word' id='word_1_28' title='bbox 1735 587 1833 625; x_wconf 88' lang='lat' dir='ltr'><strong>nos</strong></span> <span class='ocrx_word' id='word_1_29' title='bbox 1861 585 1970 624; x_wconf 88' lang='lat' dir='ltr'><strong>non</strong></span> <span class='ocrx_word' id='word_1_30' title='bbox 2065 566 2371 638; x_wconf 75' lang='lat' dir='ltr'><strong>Archelaus</strong></span> <span class='ocrx_word' id='word_1_31' title='bbox 2405 564 2699 628; x_wconf 85' lang='lat' dir='ltr'><strong>ordinaret,</strong></span> <span class='ocrx_word' id='word_1_32' title='bbox 2733 562 2786 615; x_wconf 90' lang='lat' dir='ltr'><strong>in</strong></span> <span class='ocrx_word' id='word_1_33' title='bbox 2832 557 3065 614; x_wconf 81' lang='lat' dir='ltr'><strong>Marcelli</strong></span> <span class='ocrx_word' id='word_1_34' title='bbox 3108 556 3463 612; x_wconf 88' lang='lat' dir='ltr'><strong>contubernio</strong></span> <span class='ocrx_word' id='word_1_35' title='bbox 3504 570 3627 624; x_wconf 85' lang='lat' dir='ltr'><strong>per-</strong></span> 
     </span>
    </p>
   </div>
   <div class='ocr_carea' id='block_1_4' title="bbox 408 651 3627 735">
    <p class='ocr_par' dir='ltr' id='par_1_4' title="bbox 408 651 3627 735">
     <span class='ocr_line' id='line_1_4' title="bbox 408 651 3627 735; baseline -0.005 -13"><span class='ocrx_word' id='word_1_36' title='bbox 408 667 485 722; x_wconf 85' lang='lat' dir='ltr'><strong>ita</strong></span> <span class='ocrx_word' id='word_1_37' title='bbox 516 664 782 721; x_wconf 87' lang='lat' dir='ltr'><strong>sentimus</strong></span> <span class='ocrx_word' id='word_1_38' title='bbox 808 680 823 729; x_wconf 89' lang='lat'><strong>;</strong></span> <span class='ocrx_word' id='word_1_39' title='bbox 857 663 989 733; x_wconf 90' lang='lat' dir='ltr'><strong>quin</strong></span> <span class='ocrx_word' id='word_1_40' title='bbox 1020 663 1204 733; x_wconf 86' lang='lat' dir='ltr'><strong>potius</strong></span> <span class='ocrx_word' id='word_1_41' title='bbox 1242 680 1329 719; x_wconf 89' lang='lat' dir='ltr'><strong>res</strong></span> <span class='ocrx_word' id='word_1_42' title='bbox 1365 664 1512 734; x_wconf 83' lang='lat' dir='ltr'><strong>ipsas</strong></span> <span class='ocrx_word' id='word_1_43' title='bbox 1534 664 1875 735; x_wconf 76' lang='lat' dir='ltr'><strong>proferamus</strong></span> <span class='ocrx_word' id='word_1_44' title='bbox 1913 663 1967 717; x_wconf 93' lang='lat' dir='ltr'><strong>in</strong></span> <span class='ocrx_word' id='word_1_45' title='bbox 2072 660 2357 715; x_wconf 86' lang='lat' dir='ltr'><strong>scveravit.</strong></span> <span class='ocrx_word' id='word_1_46' title='bbox 2378 657 2562 713; x_wconf 87' lang='lat' dir='ltr'><strong>Manes</strong></span> <span class='ocrx_word' id='word_1_47' title='bbox 2584 667 2761 710; x_wconf 90' lang='lat' dir='ltr'><strong>autem</strong></span> <span class='ocrx_word' id='word_1_48' title='bbox 2788 655 2999 725; x_wconf 78' lang='lat' dir='ltr'><strong>fugiens</strong></span> <span class='ocrx_word' id='word_1_49' title='bbox 3017 652 3229 708; x_wconf 79' lang='lat' dir='ltr'><strong>advenit</strong></span> <span class='ocrx_word' id='word_1_50' title='bbox 3249 652 3316 707; x_wconf 90' lang='lat' dir='ltr'><strong>ad</strong></span> <span class='ocrx_word' id='word_1_51' title='bbox 3335 651 3627 721; x_wconf 85' lang='lat' dir='ltr'><strong>quemdam</strong></span> 
     </span>
    </p>
   </div>
   <div class='ocr_carea' id='block_1_5' title="bbox 408 742 3631 837">
    <p class='ocr_par' dir='ltr' id='par_1_5' title="bbox 408 742 3631 837">
     <span class='ocr_line' id='line_1_5' title="bbox 408 742 3631 837; baseline -0.005 -27"><span class='ocrx_word' id='word_1_52' title='bbox 408 758 668 824; x_wconf 89' lang='lat' dir='ltr'><strong>medium,</strong></span> <span class='ocrx_word' id='word_1_53' title='bbox 698 766 751 812; x_wconf 89' lang='lat' dir='ltr'><strong>et</strong></span> <span class='ocrx_word' id='word_1_54' title='bbox 795 756 1177 823; x_wconf 78' lang='lat' dir='ltr'><strong>conferamus,</strong></span> <span class='ocrx_word' id='word_1_55' title='bbox 1229 757 1275 811; x_wconf 89' lang='lat' dir='ltr'><strong>si</strong></span> <span class='ocrx_word' id='word_1_56' title='bbox 1326 757 1522 827; x_wconf 83' lang='lat' dir='ltr'><strong>placet,</strong></span> <span class='ocrx_word' id='word_1_57' title='bbox 1569 757 1635 811; x_wconf 92' lang='lat' dir='ltr'><strong>ad</strong></span> <span class='ocrx_word' id='word_1_58' title='bbox 1678 756 1967 837; x_wconf 79' lang='lat' dir='ltr'><strong>perfectura</strong></span> <span class='ocrx_word' id='word_1_59' title='bbox 2069 752 2250 805; x_wconf 86' lang='lat' dir='ltr'><strong>vicum</strong></span> <span class='ocrx_word' id='word_1_60' title='bbox 2300 750 2457 819; x_wconf 90' lang='lat' dir='ltr'><strong>longe</strong></span> <span class='ocrx_word' id='word_1_61' title='bbox 2505 748 2572 802; x_wconf 89' lang='lat' dir='ltr'><strong>ab</strong></span> <span class='ocrx_word' id='word_1_62' title='bbox 2620 747 2755 801; x_wconf 90' lang='lat' dir='ltr'><strong>urbe</strong></span> <span class='ocrx_word' id='word_1_63' title='bbox 2802 746 3035 816; x_wconf 87' lang='lat' dir='ltr'><strong>positum</strong></span> <span class='ocrx_word' id='word_1_64' title='bbox 3055 783 3087 837; x_wconf 25' lang='grc' dir='ltr'><strong>,Α</strong></span> <span class='ocrx_word' id='word_1_65' title='bbox 3114 742 3631 837; x_wconf 29' lang='lat' dir='ltr'><strong>quihappellabatur</strong></span> 
     </span>
    </p>
   </div>
   <div class='ocr_carea' id='block_1_6' title="bbox 409 834 3633 919">
    <p class='ocr_par' dir='ltr' id='par_1_6' title="bbox 409 834 3633 919">
     <span class='ocr_line' id='line_1_6' title="bbox 409 834 3633 919; baseline -0.004 -17"><span class='ocrx_word' id='word_1_66' title='bbox 409 847 999 919; x_wconf 81' lang='lat' dir='ltr'><strong>Paracletum.Videtis</strong></span> <span class='ocrx_word' id='word_1_67' title='bbox 1029 848 1174 903; x_wconf 88' lang='lat' dir='ltr'><strong>enim</strong></span> <span class='ocrx_word' id='word_1_68' title='bbox 1202 848 1332 919; x_wconf 91' lang='lat' dir='ltr'><strong>quia</strong></span> <span class='ocrx_word' id='word_1_69' title='bbox 1361 849 1629 905; x_wconf 90' lang='lat' dir='ltr'><strong>interdum</strong></span> <span class='ocrx_word' id='word_1_70' title='bbox 1655 834 1966 918; x_wconf 78' lang='lat' dir='ltr'><strong>interrogat,</strong></span> <span class='ocrx_word' id='word_1_71' title='bbox 2069 841 2308 895; x_wconf 90' lang='lat' dir='ltr'><strong>Diodori.</strong></span> <span class='ocrx_word' id='word_1_72' title='bbox 2365 839 2495 893; x_wconf 84' lang='lat' dir='ltr'><strong>Erat</strong></span> <span class='ocrx_word' id='word_1_73' title='bbox 2534 848 2713 893; x_wconf 84' lang='lat' dir='ltr'><strong>autem</strong></span> <span class='ocrx_word' id='word_1_74' title='bbox 2757 837 3035 908; x_wconf 79' lang='lat' dir='ltr'><strong>presbyter</strong></span> <span class='ocrx_word' id='word_1_75' title='bbox 3076 834 3180 889; x_wconf 91' lang='lat' dir='ltr'><strong>loci</strong></span> <span class='ocrx_word' id='word_1_76' title='bbox 3224 834 3368 891; x_wconf 83' lang='lat' dir='ltr'><strong>illius</strong></span> <span class='ocrx_word' id='word_1_77' title='bbox 3409 834 3633 888; x_wconf 83' lang='lat' dir='ltr'><strong>nomine</strong></span> 
     </span>
    </p>
   </div>
   <div class='ocr_carea' id='block_1_7' title="bbox 409 924 3632 1010">
    <p class='ocr_par' dir='ltr' id='par_1_7' title="bbox 409 924 3632 1010">
     <span class='ocr_line' id='line_1_7' title="bbox 409 924 3632 1010; baseline -0.005 -16"><span class='ocrx_word' id='word_1_78' title='bbox 409 955 804 1009; x_wconf 89' lang='lat' dir='ltr'><strong>nonnunquam</strong></span> <span class='ocrx_word' id='word_1_79' title='bbox 830 940 1169 1010; x_wconf 83' lang='lat' dir='ltr'><strong>deprecatur.</strong></span> <span class='ocrx_word' id='word_1_80' title='bbox 1201 938 1306 994; x_wconf 89' lang='lat' dir='ltr'><strong>Sed</strong></span> <span class='ocrx_word' id='word_1_81' title='bbox 1325 939 1583 1008; x_wconf 88' lang='lat' dir='ltr'><strong>scriptum</strong></span> <span class='ocrx_word' id='word_1_82' title='bbox 1605 948 1689 993; x_wconf 91' lang='lat' dir='ltr'><strong>est</strong></span> <span class='ocrx_word' id='word_1_83' title='bbox 1717 939 1770 992; x_wconf 90' lang='lat' dir='ltr'><strong>in</strong></span> <span class='ocrx_word' id='word_1_84' title='bbox 1796 937 1971 991; x_wconf 85' lang='lat' dir='ltr'><strong>Evan-</strong></span> <span class='ocrx_word' id='word_1_85' title='bbox 2068 944 2122 989; x_wconf 91' lang='lat' dir='ltr'><strong>et</strong></span> <span class='ocrx_word' id='word_1_86' title='bbox 2146 934 2260 1004; x_wconf 88' lang='lat' dir='ltr'><strong>ipse</strong></span> <span class='ocrx_word' id='word_1_87' title='bbox 2295 932 2562 987; x_wconf 86' lang='lat' dir='ltr'><strong>Diodorus</strong></span> <span class='ocrx_word' id='word_1_88' title='bbox 2592 931 2724 1002; x_wconf 74' lang='lat'><strong>(19.),</strong></span> <span class='ocrx_word' id='word_1_89' title='bbox 2750 930 2964 1000; x_wconf 89' lang='lat' dir='ltr'><strong>quietus</strong></span> <span class='ocrx_word' id='word_1_90' title='bbox 2992 935 3045 982; x_wconf 89' lang='lat' dir='ltr'><strong>et</strong></span> <span class='ocrx_word' id='word_1_91' title='bbox 3081 926 3248 991; x_wconf 86' lang='lat' dir='ltr'><strong>mitis,</strong></span> <span class='ocrx_word' id='word_1_92' title='bbox 3286 924 3405 979; x_wconf 84' lang='lat' dir='ltr'><strong>ﬁdei</strong></span> <span class='ocrx_word' id='word_1_93' title='bbox 3442 940 3509 980; x_wconf 83' lang='lat' dir='ltr'><strong>ac</strong></span> <span class='ocrx_word' id='word_1_94' title='bbox 3542 925 3632 979; x_wconf 87' lang='lat' dir='ltr'><strong>fa-</strong></span> 
     </span>
    </p>
   </div>
   <div class='ocr_carea' id='block_1_8' title="bbox 408 1017 3634 1100">
    <p class='ocr_par' dir='ltr' id='par_1_8' title="bbox 408 1017 3634 1100">
     <span class='ocr_line' id='line_1_8' title="bbox 408 1017 3634 1100; baseline -0.004 -16"><span class='ocrx_word' id='word_1_95' title='bbox 408 1029 547 1100; x_wconf 77' lang='lat' dir='ltr'><strong>gelio</strong></span> <span class='ocrx_word' id='word_1_96' title='bbox 581 1028 876 1085; x_wconf 88' lang='lat' dir='ltr'><strong>Salvatoris</strong></span> <span class='ocrx_word' id='word_1_97' title='bbox 924 1030 1121 1094; x_wconf 89' lang='lat' dir='ltr'><strong>nostri,</strong></span> <span class='ocrx_word' id='word_1_98' title='bbox 1158 1030 1284 1099; x_wconf 90' lang='lat' dir='ltr'><strong>quia</strong></span> <span class='ocrx_word' id='word_1_99' title='bbox 1325 1038 1381 1084; x_wconf 84' lang='lat' dir='ltr'><strong>et</strong></span> <span class='ocrx_word' id='word_1_100' title='bbox 1419 1030 1495 1084; x_wconf 88' lang='lat' dir='ltr'><strong>illi</strong></span> <span class='ocrx_word' id='word_1_101' title='bbox 1536 1030 1628 1100; x_wconf 90' lang='lat' dir='ltr'><strong>qui</strong></span> <span class='ocrx_word' id='word_1_102' title='bbox 1658 1044 1688 1083; x_wconf 90' lang='lat' dir='ltr'><strong>a</strong></span> <span class='ocrx_word' id='word_1_103' title='bbox 1731 1028 1969 1083; x_wconf 88' lang='lat' dir='ltr'><strong>sinistris</strong></span> <span class='ocrx_word' id='word_1_104' title='bbox 2070 1042 2172 1081; x_wconf 79' lang='lat' dir='ltr'><strong>mze</strong></span> <span class='ocrx_word' id='word_1_105' title='bbox 2197 1026 2354 1080; x_wconf 70' lang='lat' dir='ltr'><strong>bona:</strong></span> <span class='ocrx_word' id='word_1_106' title='bbox 2390 1024 2579 1097; x_wconf 88' lang='lat' dir='ltr'><strong>valde:</strong></span> <span class='ocrx_word' id='word_1_107' title='bbox 2610 1031 2662 1077; x_wconf 89' lang='lat' dir='ltr'><strong>et</strong></span> <span class='ocrx_word' id='word_1_108' title='bbox 2698 1038 2827 1094; x_wconf 83' lang='lat' dir='ltr'><strong>cum</strong></span> <span class='ocrx_word' id='word_1_109' title='bbox 2862 1020 3093 1090; x_wconf 86' lang='lat' dir='ltr'><strong>quadam</strong></span> <span class='ocrx_word' id='word_1_110' title='bbox 3137 1019 3224 1073; x_wconf 91' lang='lat' dir='ltr'><strong>die</strong></span> <span class='ocrx_word' id='word_1_111' title='bbox 3267 1017 3472 1083; x_wconf 89' lang='lat' dir='ltr'><strong>Manes,</strong></span> <span class='ocrx_word' id='word_1_112' title='bbox 3500 1033 3634 1071; x_wconf 71' lang='lat' dir='ltr'><strong>eon-</strong></span> 
     </span>
    </p>
   </div>
   <div class='ocr_carea' id='block_1_9' title="bbox 408 1106 3635 1192">
    <p class='ocr_par' dir='ltr' id='par_1_9' title="bbox 408 1106 3635 1192">
     <span class='ocr_line' id='line_1_9' title="bbox 408 1106 3635 1192; baseline -0.004 -18"><span class='ocrx_word' id='word_1_113' title='bbox 408 1121 552 1192; x_wconf 86' lang='lat' dir='ltr'><strong>regis</strong></span> <span class='ocrx_word' id='word_1_114' title='bbox 586 1123 871 1188; x_wconf 90' lang='lat' dir='ltr'><strong>assistunt,</strong></span> <span class='ocrx_word' id='word_1_115' title='bbox 901 1121 1080 1176; x_wconf 81' lang='lat' dir='ltr'><strong>dicent</strong></span> <span class='ocrx_word' id='word_1_116' title='bbox 1107 1139 1120 1174; x_wconf 91' lang='lat'><strong>:</strong></span> <span class='ocrx_word' id='word_1_117' title='bbox 1159 1138 1178 1171; x_wconf 72' lang='grc' dir='ltr'><strong>ι</strong></span> <span class='ocrx_word' id='word_1_118' title='bbox 1210 1119 1455 1187; x_wconf 83' lang='lat' dir='ltr'><strong>Domine,</strong></span> <span class='ocrx_word' id='word_1_119' title='bbox 1489 1121 1707 1191; x_wconf 90' lang='lat' dir='ltr'><strong>quando</strong></span> <span class='ocrx_word' id='word_1_120' title='bbox 1745 1129 1797 1174; x_wconf 92' lang='lat' dir='ltr'><strong>te</strong></span> <span class='ocrx_word' id='word_1_121' title='bbox 1832 1119 1965 1175; x_wconf 86' lang='lat' dir='ltr'><strong>vidi-</strong></span> <span class='ocrx_word' id='word_1_122' title='bbox 2070 1124 2289 1186; x_wconf 82' lang='lat' dir='ltr'><strong>gregata</strong></span> <span class='ocrx_word' id='word_1_123' title='bbox 2316 1113 2493 1178; x_wconf 92' lang='lat' dir='ltr'><strong>turba,</strong></span> <span class='ocrx_word' id='word_1_124' title='bbox 2521 1106 3161 1179; x_wconf 71' lang='lat' dir='ltr'><strong>concionaretur(l$),ac</strong></span> <span class='ocrx_word' id='word_1_125' title='bbox 3185 1109 3463 1176; x_wconf 85' lang='lat' dir='ltr'><strong>peregrina</strong></span> <span class='ocrx_word' id='word_1_126' title='bbox 3486 1122 3635 1174; x_wconf 77' lang='lat' dir='ltr'><strong>quae-</strong></span> 
     </span>
    </p>
   </div>
   <div class='ocr_carea' id='block_1_10' title="bbox 406 1197 3634 1278">
    <p class='ocr_par' dir='ltr' id='par_1_10' title="bbox 406 1197 3634 1278">
     <span class='ocr_line' id='line_1_10' title="bbox 406 1197 3634 1278; baseline -0.005 -12"><span class='ocrx_word' id='word_1_127' title='bbox 406 1228 533 1267; x_wconf 89' lang='lat' dir='ltr'><strong>mus</strong></span> <span class='ocrx_word' id='word_1_128' title='bbox 564 1217 921 1277; x_wconf 85' lang='lat' dir='ltr'><strong>esurientem,</strong></span> <span class='ocrx_word' id='word_1_129' title='bbox 966 1221 1059 1267; x_wconf 89' lang='lat' dir='ltr'><strong>aut</strong></span> <span class='ocrx_word' id='word_1_130' title='bbox 1104 1212 1400 1278; x_wconf 84' lang='lat' dir='ltr'><strong>sitientem,</strong></span> <span class='ocrx_word' id='word_1_131' title='bbox 1446 1222 1541 1268; x_wconf 88' lang='lat' dir='ltr'><strong>aut</strong></span> <span class='ocrx_word' id='word_1_132' title='bbox 1584 1212 1787 1267; x_wconf 90' lang='lat' dir='ltr'><strong>nudum</strong></span> <span class='ocrx_word' id='word_1_133' title='bbox 1808 1253 1826 1278; x_wconf 92' lang='lat'><strong>,</strong></span> <span class='ocrx_word' id='word_1_134' title='bbox 1877 1224 1971 1267; x_wconf 86' lang='lat' dir='ltr'><strong>aut</strong></span> <span class='ocrx_word' id='word_1_135' title='bbox 2070 1208 2194 1261; x_wconf 91' lang='lat' dir='ltr'><strong>dam</strong></span> <span class='ocrx_word' id='word_1_136' title='bbox 2218 1214 2271 1260; x_wconf 90' lang='lat' dir='ltr'><strong>et</strong></span> <span class='ocrx_word' id='word_1_137' title='bbox 2302 1205 2476 1259; x_wconf 89' lang='lat' dir='ltr'><strong>aliena</strong></span> <span class='ocrx_word' id='word_1_138' title='bbox 2510 1219 2540 1257; x_wconf 94' lang='lat' dir='ltr'><strong>a</strong></span> <span class='ocrx_word' id='word_1_139' title='bbox 2567 1212 2789 1273; x_wconf 86' lang='lat' dir='ltr'><strong>paterna</strong></span> <span class='ocrx_word' id='word_1_140' title='bbox 2824 1200 3109 1254; x_wconf 88' lang='lat' dir='ltr'><strong>traditione</strong></span> <span class='ocrx_word' id='word_1_141' title='bbox 3139 1197 3335 1268; x_wconf 86' lang='lat' dir='ltr'><strong>populo</strong></span> <span class='ocrx_word' id='word_1_142' title='bbox 3360 1198 3451 1267; x_wconf 87' lang='lat' dir='ltr'><strong>qui</strong></span> <span class='ocrx_word' id='word_1_143' title='bbox 3480 1208 3634 1252; x_wconf 83' lang='lat' dir='ltr'><strong>asta-</strong></span> 
     </span>
    </p>
   </div>
   <div class='ocr_carea' id='block_1_11' title="bbox 406 1288 3636 1381">
    <p class='ocr_par' dir='ltr' id='par_1_11' title="bbox 406 1288 3636 1381">
     <span class='ocr_line' id='line_1_11' title="bbox 406 1288 3636 1381; baseline -0.005 -22"><span class='ocrx_word' id='word_1_144' title='bbox 406 1305 755 1381; x_wconf 86' lang='lat' dir='ltr'><strong>pcregrinum</strong></span> <span class='ocrx_word' id='word_1_145' title='bbox 780 1347 795 1369; x_wconf 90' lang='lat'><strong>,</strong></span> <span class='ocrx_word' id='word_1_146' title='bbox 829 1314 924 1360; x_wconf 90' lang='lat' dir='ltr'><strong>aut</strong></span> <span class='ocrx_word' id='word_1_147' title='bbox 957 1306 1012 1359; x_wconf 91' lang='lat' dir='ltr'><strong>in</strong></span> <span class='ocrx_word' id='word_1_148' title='bbox 1047 1319 1263 1359; x_wconf 88' lang='lat' dir='ltr'><strong>carcere</strong></span> <span class='ocrx_word' id='word_1_149' title='bbox 1285 1303 1385 1374; x_wconf 90' lang='lat'><strong>(9),</strong></span> <span class='ocrx_word' id='word_1_150' title='bbox 1411 1313 1465 1358; x_wconf 89' lang='lat' dir='ltr'><strong>et</strong></span> <span class='ocrx_word' id='word_1_151' title='bbox 1490 1320 1596 1358; x_wconf 91' lang='lat' dir='ltr'><strong>non</strong></span> <span class='ocrx_word' id='word_1_152' title='bbox 1638 1304 1970 1359; x_wconf 88' lang='lat' dir='ltr'><strong>ministravi-</strong></span> <span class='ocrx_word' id='word_1_153' title='bbox 2071 1298 2163 1351; x_wconf 89' lang='lat' dir='ltr'><strong>bat</strong></span> <span class='ocrx_word' id='word_1_154' title='bbox 2207 1303 2505 1359; x_wconf 88' lang='lat' dir='ltr'><strong>assereret,</strong></span> <span class='ocrx_word' id='word_1_155' title='bbox 2546 1294 2755 1348; x_wconf 90' lang='lat' dir='ltr'><strong>nullum</strong></span> <span class='ocrx_word' id='word_1_156' title='bbox 2804 1292 3026 1344; x_wconf 87' lang='lat' dir='ltr'><strong>omnino</strong></span> <span class='ocrx_word' id='word_1_157' title='bbox 3073 1306 3138 1345; x_wconf 83' lang='lat' dir='ltr'><strong>ex</strong></span> <span class='ocrx_word' id='word_1_158' title='bbox 3194 1289 3279 1343; x_wconf 91' lang='lat' dir='ltr'><strong>his</strong></span> <span class='ocrx_word' id='word_1_159' title='bbox 3328 1288 3636 1344; x_wconf 76' lang='lat' dir='ltr'><strong>formidans</strong></span> 
     </span>
    </p>
   </div>
   <div class='ocr_carea' id='block_1_12' title="bbox 408 1378 3639 1468">
    <p class='ocr_par' dir='ltr' id='par_1_12' title="bbox 408 1378 3639 1468">
     <span class='ocr_line' id='line_1_12' title="bbox 408 1378 3639 1468; baseline -0.001 -18"><span class='ocrx_word' id='word_1_160' title='bbox 408 1378 677 1459; x_wconf 18' lang='lat' dir='ltr'><strong>mus‘tlbi</strong></span> <span class='ocrx_word' id='word_1_161' title='bbox 707 1398 788 1451; x_wconf 71' lang='lat'><strong>‘7?</strong></span> <span class='ocrx_word' id='word_1_162' title='bbox 834 1417 854 1450; x_wconf 83' lang='grc'>›</span> <span class='ocrx_word' id='word_1_163' title='bbox 902 1407 1157 1468; x_wconf 81' lang='lat' dir='ltr'><strong>rogantes</strong></span> <span class='ocrx_word' id='word_1_164' title='bbox 1209 1407 1269 1452; x_wconf 91' lang='lat' dir='ltr'><strong>ut</strong></span> <span class='ocrx_word' id='word_1_165' title='bbox 1325 1397 1428 1451; x_wconf 88' lang='lat' dir='ltr'><strong>sibi</strong></span> <span class='ocrx_word' id='word_1_166' title='bbox 1483 1396 1817 1467; x_wconf 81' lang='lat' dir='ltr'><strong>indulgeret;</strong></span> <span class='ocrx_word' id='word_1_167' title='bbox 1873 1398 1968 1452; x_wconf 88' lang='lat' dir='ltr'><strong>sed</strong></span> <span class='ocrx_word' id='word_1_168' title='bbox 2070 1385 2216 1456; x_wconf 80' lang='grc' dir='ltr'><strong>(ιιιοά</strong></span> <span class='ocrx_word' id='word_1_169' title='bbox 2238 1379 3143 1454; x_wconf 54' lang='lat' dir='ltr'><strong>sibiPOSSCiObSiSlel‘einiOdorus</strong></span> <span class='ocrx_word' id='word_1_170' title='bbox 3162 1379 3347 1433; x_wconf 68' lang='grc' dir='ltr'><strong>νίάθοε</strong></span> <span class='ocrx_word' id='word_1_171' title='bbox 3368 1378 3639 1448; x_wconf 72' lang='grc' dir='ltr'><strong>ιποίῑεετο</strong></span> 
     </span>
    </p>
   </div>
   <div class='ocr_carea' id='block_1_13' title="bbox 407 1473 3643 1558">
    <p class='ocr_par' dir='ltr' id='par_1_13' title="bbox 407 1473 3643 1558">
     <span class='ocr_line' id='line_1_13' title="bbox 407 1473 3643 1558; baseline -0.004 -15"><span class='ocrx_word' id='word_1_172' title='bbox 407 1485 539 1554; x_wconf 72' lang='lat' dir='ltr'><strong>Quid</strong></span> <span class='ocrx_word' id='word_1_173' title='bbox 570 1487 678 1541; x_wconf 86' lang='lat' dir='ltr'><strong>illis</strong></span> <span class='ocrx_word' id='word_1_174' title='bbox 712 1487 992 1558; x_wconf 89' lang='lat' dir='ltr'><strong>respondit</strong></span> <span class='ocrx_word' id='word_1_175' title='bbox 1013 1487 1381 1558; x_wconf 80' lang='lat' dir='ltr'><strong>justusjudex</strong></span> <span class='ocrx_word' id='word_1_176' title='bbox 1412 1485 1560 1543; x_wconf 80' lang='lat' dir='ltr'><strong>Rex?</strong></span> <span class='ocrx_word' id='word_1_177' title='bbox 1585 1505 1603 1539; x_wconf 76' lang='grc' dir='ltr'><strong>ι</strong></span> <span class='ocrx_word' id='word_1_178' title='bbox 1636 1487 1903 1544; x_wconf 85' lang='lat' dir='ltr'><strong>Discedite</strong></span> <span class='ocrx_word' id='word_1_179' title='bbox 1938 1504 1967 1542; x_wconf 86' lang='lat' dir='ltr'><strong>a</strong></span> <span class='ocrx_word' id='word_1_180' title='bbox 2069 1481 2190 1553; x_wconf 83' lang='lat' dir='ltr'><strong>ejus</strong></span> <span class='ocrx_word' id='word_1_181' title='bbox 2223 1477 2541 1547; x_wconf 89' lang='lat' dir='ltr'><strong>nequitiam,</strong></span> <span class='ocrx_word' id='word_1_182' title='bbox 2573 1476 2834 1539; x_wconf 82' lang='lat' dir='ltr'><strong>deliberat</strong></span> <span class='ocrx_word' id='word_1_183' title='bbox 2857 1474 3125 1529; x_wconf 78' lang='lat' dir='ltr'><strong>Archelao</strong></span> <span class='ocrx_word' id='word_1_184' title='bbox 3171 1473 3383 1529; x_wconf 83' lang='lat' dir='ltr'><strong>mittere</strong></span> <span class='ocrx_word' id='word_1_185' title='bbox 3424 1475 3643 1544; x_wconf 89' lang='lat' dir='ltr'><strong>episto-</strong></span> 
     </span>
    </p>
   </div>
   <div class='ocr_carea' id='block_1_14' title="bbox 406 1566 1985 1650">
    <p class='ocr_par' dir='ltr' id='par_1_14' title="bbox 406 1576 1970 1650">
     <span class='ocr_line' id='line_1_14' title="bbox 406 1576 1970 1650; baseline 0.001 -17"><span class='ocrx_word' id='word_1_186' title='bbox 406 1592 496 1633; x_wconf 88' lang='lat' dir='ltr'><strong>me</strong></span> <span class='ocrx_word' id='word_1_187' title='bbox 528 1578 581 1631; x_wconf 93' lang='lat' dir='ltr'><strong>in</strong></span> <span class='ocrx_word' id='word_1_188' title='bbox 611 1579 791 1650; x_wconf 84' lang='lat' dir='ltr'><strong>ignem</strong></span> <span class='ocrx_word' id='word_1_189' title='bbox 828 1588 1112 1644; x_wconf 76' lang='lat' dir='ltr'><strong>:eternum,</strong></span> <span class='ocrx_word' id='word_1_190' title='bbox 1140 1576 1370 1649; x_wconf 81' lang='lat' dir='ltr'><strong>operarii</strong></span> <span class='ocrx_word' id='word_1_191' title='bbox 1402 1576 1704 1646; x_wconf 78' lang='lat' dir='ltr'><strong>iniquitatis</strong></span> <span class='ocrx_word' id='word_1_192' title='bbox 1726 1579 1788 1635; x_wconf 84' lang='grc'><strong>¹⁸.</strong></span> <span class='ocrx_word' id='word_1_193' title='bbox 1819 1597 1837 1630; x_wconf 73' lang='grc' dir='ltr'><strong>ι</strong></span> <span class='ocrx_word' id='word_1_194' title='bbox 1862 1579 1970 1634; x_wconf 79' lang='lat' dir='ltr'><strong>Ab-</strong></span> 
     </span>
    </p>
   </div>
   <div class='ocr_carea' id='block_1_15' title="bbox 1184 1566 2763 1650">
    <p class='ocr_par' dir='ltr' id='par_1_15' title="bbox 1184 1566 2763 1648">
     <span class='ocr_line' id='line_1_15' title="bbox 1184 1566 2763 1648; baseline -0.002 -17"><span class='ocrx_word' id='word_1_195' title='bbox 1184 1576 1370 1648; x_wconf 80' lang='lat' dir='ltr'><strong>perarii</strong></span> <span class='ocrx_word' id='word_1_196' title='bbox 1402 1576 1704 1646; x_wconf 86' lang='lat' dir='ltr'><strong>iniquitatis</strong></span> <span class='ocrx_word' id='word_1_197' title='bbox 1726 1579 1788 1635; x_wconf 74' lang='grc' dir='ltr'><strong>ιε.</strong></span> <span class='ocrx_word' id='word_1_198' title='bbox 1819 1597 1837 1630; x_wconf 75' lang='grc' dir='ltr'><strong>ι</strong></span> <span class='ocrx_word' id='word_1_199' title='bbox 1862 1579 1970 1634; x_wconf 79' lang='lat' dir='ltr'><strong>Ah-</strong></span> <span class='ocrx_word' id='word_1_200' title='bbox 2071 1566 2201 1631; x_wconf 71' lang='lat' dir='ltr'><strong>lam.</strong></span> <span class='ocrx_word' id='word_1_201' title='bbox 2232 1569 2595 1623; x_wconf 82' lang='lat' dir='ltr'><strong>continentem</strong></span> <span class='ocrx_word' id='word_1_202' title='bbox 2631 1567 2763 1621; x_wconf 75' lang='lat' dir='ltr'><strong>haec.</strong></span> 
     </span>
    </p>
   </div>
   <div class='ocr_carea' id='block_1_16' title="bbox 403 1657 3442 1743">
    <p class='ocr_par' dir='ltr' id='par_1_16' title="bbox 403 1657 3442 1743">
     <span class='ocr_line' id='line_1_16' title="bbox 403 1657 3442 1743; baseline -0.003 -19"><span class='ocrx_word' id='word_1_203' title='bbox 403 1669 533 1743; x_wconf 70' lang='lat' dir='ltr'><strong>iecit</strong></span> <span class='ocrx_word' id='word_1_204' title='bbox 557 1685 651 1727; x_wconf 88' lang='lat' dir='ltr'><strong>eos</strong></span> <span class='ocrx_word' id='word_1_205' title='bbox 683 1671 736 1724; x_wconf 88' lang='lat' dir='ltr'><strong>in</strong></span> <span class='ocrx_word' id='word_1_206' title='bbox 768 1681 1026 1725; x_wconf 69' lang='lat' dir='ltr'><strong>aeternum</strong></span> <span class='ocrx_word' id='word_1_207' title='bbox 1071 1670 1270 1740; x_wconf 83' lang='lat' dir='ltr'><strong>ignem,</strong></span> <span class='ocrx_word' id='word_1_208' title='bbox 1319 1684 1442 1722; x_wconf 89' lang='lat' dir='ltr'><strong>cum</strong></span> <span class='ocrx_word' id='word_1_209' title='bbox 1495 1669 1571 1723; x_wconf 86' lang='lat' dir='ltr'><strong>illi</strong></span> <span class='ocrx_word' id='word_1_210' title='bbox 1624 1684 1817 1740; x_wconf 86' lang='lat' dir='ltr'><strong>rogare</strong></span> <span class='ocrx_word' id='word_1_211' title='bbox 1859 1685 1967 1723; x_wconf 91' lang='lat' dir='ltr'><strong>non</strong></span> <span class='ocrx_word' id='word_1_212' title='bbox 2279 1674 2552 1715; x_wconf 70' lang='lat' dir='ltr'><strong>Aacnsuo</strong></span> <span class='ocrx_word' id='word_1_213' title='bbox 2577 1672 2829 1727; x_wconf 66' lang='lat' dir='ltr'><strong>Episcopo</strong></span> <span class='ocrx_word' id='word_1_214' title='bbox 2853 1672 3113 1731; x_wconf 63' lang='lat' dir='ltr'><strong>moriones</strong></span> <span class='ocrx_word' id='word_1_215' title='bbox 3142 1674 3190 1713; x_wconf 91' lang='lat' dir='ltr'><strong>s.</strong></span> <span class='ocrx_word' id='word_1_216' title='bbox 3221 1673 3274 1711; x_wconf 73' lang='grc' dir='ltr'><strong>ιι.</strong></span> <span class='ocrx_word' id='word_1_217' title='bbox 3304 1657 3442 1728; x_wconf 72' lang='grc'><strong>(14)-</strong></span> 
     </span>
    </p>
   </div>
   <div class='ocr_carea' id='block_1_17' title="bbox 407 1747 3638 1835">
    <p class='ocr_par' dir='ltr' id='par_1_17' title="bbox 407 1747 3638 1835">
     <span class='ocr_line' id='line_1_17' title="bbox 407 1747 3638 1835; baseline -0.002 -22"><span class='ocrx_word' id='word_1_218' title='bbox 407 1770 640 1815; x_wconf 85' lang='lat' dir='ltr'><strong>cessent.</strong></span> <span class='ocrx_word' id='word_1_219' title='bbox 669 1759 922 1823; x_wconf 83' lang='lat' dir='ltr'><strong>Videsne,</strong></span> <span class='ocrx_word' id='word_1_220' title='bbox 956 1759 1082 1833; x_wconf 91' lang='lat' dir='ltr'><strong>quid</strong></span> <span class='ocrx_word' id='word_1_221' title='bbox 1118 1761 1190 1815; x_wconf 90' lang='lat' dir='ltr'><strong>sit</strong></span> <span class='ocrx_word' id='word_1_222' title='bbox 1218 1760 1440 1835; x_wconf 84' lang='lat' dir='ltr'><strong>perfecti</strong></span> <span class='ocrx_word' id='word_1_223' title='bbox 1468 1759 1630 1833; x_wconf 73' lang='lat' dir='ltr'><strong>Regis</strong></span> <span class='ocrx_word' id='word_1_224' title='bbox 1668 1760 1968 1817; x_wconf 83' lang='lat' dir='ltr'><strong>adventus?</strong></span> <span class='ocrx_word' id='word_1_225' title='bbox 2001 1832 2030 1835; x_wconf 90' lang='lat'><em>_</em></span> <span class='ocrx_word' id='word_1_226' title='bbox 2143 1749 2257 1805; x_wconf 71' lang='lat' dir='ltr'><strong>XL.</strong></span> <span class='ocrx_word' id='word_1_227' title='bbox 2300 1749 2450 1806; x_wconf 80' lang='lat' dir='ltr'><strong>Scire</strong></span> <span class='ocrx_word' id='word_1_228' title='bbox 2480 1760 2531 1806; x_wconf 86' lang='lat' dir='ltr'><strong>te</strong></span> <span class='ocrx_word' id='word_1_229' title='bbox 2549 1751 2693 1817; x_wconf 86' lang='lat' dir='ltr'><strong>volo,</strong></span> <span class='ocrx_word' id='word_1_230' title='bbox 2720 1749 3126 1819; x_wconf 87' lang='lat' dir='ltr'><strong>religiosissime</strong></span> <span class='ocrx_word' id='word_1_231' title='bbox 3159 1748 3337 1813; x_wconf 82' lang='lat' dir='ltr'><strong>Pater,</strong></span> <span class='ocrx_word' id='word_1_232' title='bbox 3369 1747 3638 1818; x_wconf 84' lang='lat' dir='ltr'><strong>quoniam</strong></span> 
     </span>
    </p>
   </div>
   <div class='ocr_carea' id='block_1_18' title="bbox 406 1832 3636 1925">
    <p class='ocr_par' dir='ltr' id='par_1_18' title="bbox 406 1832 3636 1925">
     <span class='ocr_line' id='line_1_18' title="bbox 406 1832 3636 1925; baseline -0.005 -14"><span class='ocrx_word' id='word_1_233' title='bbox 406 1867 514 1911; x_wconf 75' lang='lat' dir='ltr'><strong>non</strong></span> <span class='ocrx_word' id='word_1_234' title='bbox 544 1854 726 1918; x_wconf 81' lang='lat' dir='ltr'><strong>talem,</strong></span> <span class='ocrx_word' id='word_1_235' title='bbox 760 1836 1074 1924; x_wconf 40' lang='lat' dir='ltr'><strong>qualem&#39;tu</strong></span> <span class='ocrx_word' id='word_1_236' title='bbox 1124 1832 1328 1924; x_wconf 86' lang='lat' dir='ltr'><strong>asseris</strong></span> <span class='ocrx_word' id='word_1_237' title='bbox 1365 1832 1772 1925; x_wconf 90' lang='lat' dir='ltr'><strong>perfectionem.</strong></span> <span class='ocrx_word' id='word_1_238' title='bbox 1813 1851 1968 1919; x_wconf 87' lang='lat' dir='ltr'><strong>Quod</strong></span> <span class='ocrx_word' id='word_1_239' title='bbox 1999 1832 2041 1886; x_wconf 82' lang='grc' dir='ltr'>Β</span> <span class='ocrx_word' id='word_1_240' title='bbox 2069 1844 2287 1922; x_wconf 87' lang='lat' dir='ltr'><strong>advenit</strong></span> <span class='ocrx_word' id='word_1_241' title='bbox 2316 1843 2536 1915; x_wconf 84' lang='lat' dir='ltr'><strong>quidam</strong></span> <span class='ocrx_word' id='word_1_242' title='bbox 2570 1844 2624 1905; x_wconf 88' lang='lat' dir='ltr'><strong>in</strong></span> <span class='ocrx_word' id='word_1_243' title='bbox 2654 1842 2846 1897; x_wconf 89' lang='lat' dir='ltr'><strong>diebus</strong></span> <span class='ocrx_word' id='word_1_244' title='bbox 2887 1842 3023 1906; x_wconf 84' lang='lat' dir='ltr'><strong>istis,</strong></span> <span class='ocrx_word' id='word_1_245' title='bbox 3069 1842 3286 1897; x_wconf 88' lang='lat' dir='ltr'><strong>nomine</strong></span> <span class='ocrx_word' id='word_1_246' title='bbox 3318 1839 3526 1907; x_wconf 87' lang='lat' dir='ltr'><strong>Manes,</strong></span> <span class='ocrx_word' id='word_1_247' title='bbox 3560 1843 3636 1895; x_wconf 86' lang='lat' dir='ltr'><strong>ad</strong></span> 
     </span>
    </p>
   </div>
   <div class='ocr_carea' id='block_1_19' title="bbox 405 1924 3637 2017">
    <p class='ocr_par' dir='ltr' id='par_1_19' title="bbox 405 1924 3637 2017">
     <span class='ocr_line' id='line_1_19' title="bbox 405 1924 3637 2017; baseline -0.004 -20"><span class='ocrx_word' id='word_1_248' title='bbox 405 1943 453 1997; x_wconf 92' lang='lat' dir='ltr'><strong>si</strong></span> <span class='ocrx_word' id='word_1_249' title='bbox 483 1953 604 2013; x_wconf 89' lang='lat' dir='ltr'><strong>post</strong></span> <span class='ocrx_word' id='word_1_250' title='bbox 633 1944 810 2013; x_wconf 89' lang='lat' dir='ltr'><strong>ipsum</strong></span> <span class='ocrx_word' id='word_1_251' title='bbox 841 1945 1238 2013; x_wconf 85' lang='lat' dir='ltr'><strong>exspectandus</strong></span> <span class='ocrx_word' id='word_1_252' title='bbox 1265 1956 1347 2001; x_wconf 90' lang='lat' dir='ltr'><strong>est</strong></span> <span class='ocrx_word' id='word_1_253' title='bbox 1368 1924 1807 2017; x_wconf 78' lang='lat' dir='ltr'><strong>magnusjudieii</strong></span> <span class='ocrx_word' id='word_1_254' title='bbox 1829 1944 1966 2007; x_wconf 80' lang='lat' dir='ltr'><strong>dies,</strong></span> <span class='ocrx_word' id='word_1_255' title='bbox 2067 1936 2187 1989; x_wconf 90' lang='lat' dir='ltr'><strong>loca</strong></span> <span class='ocrx_word' id='word_1_256' title='bbox 2224 1946 2429 1997; x_wconf 86' lang='lat' dir='ltr'><strong>nostra,</strong></span> <span class='ocrx_word' id='word_1_257' title='bbox 2464 1934 2555 2003; x_wconf 89' lang='lat' dir='ltr'><strong>qui</strong></span> <span class='ocrx_word' id='word_1_258' title='bbox 2585 1931 2721 1987; x_wconf 83' lang='lat' dir='ltr'><strong>Novi</strong></span> <span class='ocrx_word' id='word_1_259' title='bbox 2755 1930 3087 1985; x_wconf 86' lang='lat' dir='ltr'><strong>Testamenti</strong></span> <span class='ocrx_word' id='word_1_260' title='bbox 3116 1932 3414 1991; x_wconf 77' lang='lat' dir='ltr'><strong>doctrinam</strong></span> <span class='ocrx_word' id='word_1_261' title='bbox 3448 1948 3508 1987; x_wconf 90' lang='lat' dir='ltr'><strong>se</strong></span> <span class='ocrx_word' id='word_1_262' title='bbox 3527 1932 3637 1985; x_wconf 89' lang='lat' dir='ltr'><strong>ad-</strong></span> 
     </span>
    </p>
   </div>
   <div class='ocr_carea' id='block_1_20' title="bbox 403 2023 3638 2108">
    <p class='ocr_par' dir='ltr' id='par_1_20' title="bbox 403 2023 3638 2108">
     <span class='ocr_line' id='line_1_20' title="bbox 403 2023 3638 2108; baseline -0.006 -16"><span class='ocrx_word' id='word_1_263' title='bbox 403 2037 579 2103; x_wconf 81' lang='lat' dir='ltr'><strong>tnulto</strong></span> <span class='ocrx_word' id='word_1_264' title='bbox 614 2038 800 2106; x_wconf 88' lang='lat' dir='ltr'><strong>utique</strong></span> <span class='ocrx_word' id='word_1_265' title='bbox 832 2038 921 2091; x_wconf 87' lang='lat' dir='ltr'><strong>hic</strong></span> <span class='ocrx_word' id='word_1_266' title='bbox 954 2039 1047 2093; x_wconf 91' lang='lat' dir='ltr'><strong>illo</strong></span> <span class='ocrx_word' id='word_1_267' title='bbox 1082 2038 1306 2093; x_wconf 88' lang='lat' dir='ltr'><strong>inferior</strong></span> <span class='ocrx_word' id='word_1_268' title='bbox 1328 2049 1431 2094; x_wconf 86' lang='lat' dir='ltr'><strong>est.</strong></span> <span class='ocrx_word' id='word_1_269' title='bbox 1467 2036 1622 2103; x_wconf 84' lang='lat' dir='ltr'><strong>Quod</strong></span> <span class='ocrx_word' id='word_1_270' title='bbox 1658 2036 1704 2092; x_wconf 92' lang='lat' dir='ltr'><strong>si</strong></span> <span class='ocrx_word' id='word_1_271' title='bbox 1743 2035 1969 2108; x_wconf 86' lang='lat' dir='ltr'><strong>inferior</strong></span> <span class='ocrx_word' id='word_1_272' title='bbox 2067 2027 2291 2097; x_wconf 87' lang='lat' dir='ltr'><strong>implere</strong></span> <span class='ocrx_word' id='word_1_273' title='bbox 2321 2026 2604 2097; x_wconf 89' lang='lat' dir='ltr'><strong>promittit.</strong></span> <span class='ocrx_word' id='word_1_274' title='bbox 2642 2024 2707 2078; x_wconf 88' lang='lat' dir='ltr'><strong>Et</strong></span> <span class='ocrx_word' id='word_1_275' title='bbox 2737 2026 2955 2095; x_wconf 88' lang='lat' dir='ltr'><strong>quidem</strong></span> <span class='ocrx_word' id='word_1_276' title='bbox 2989 2032 3146 2081; x_wconf 87' lang='lat' dir='ltr'><strong>erant</strong></span> <span class='ocrx_word' id='word_1_277' title='bbox 3170 2024 3411 2093; x_wconf 58' lang='lat' dir='ltr'><strong>quadam</strong></span> <span class='ocrx_word' id='word_1_278' title='bbox 3444 2024 3499 2078; x_wconf 91' lang='lat' dir='ltr'><strong>in</strong></span> <span class='ocrx_word' id='word_1_279' title='bbox 3537 2023 3638 2077; x_wconf 82' lang='lat' dir='ltr'><strong>his</strong></span> 
     </span>
    </p>
   </div>
   <div class='ocr_carea' id='block_1_21' title="bbox 402 2115 3636 2211">
    <p class='ocr_par' dir='ltr' id='par_1_21' title="bbox 402 2115 3636 2211">
     <span class='ocr_line' id='line_1_21' title="bbox 402 2115 3636 2211; baseline -0.002 -27"><span class='ocrx_word' id='word_1_280' title='bbox 402 2127 527 2191; x_wconf 85' lang='lat' dir='ltr'><strong>erit,</strong></span> <span class='ocrx_word' id='word_1_281' title='bbox 559 2128 961 2211; x_wconf 63' lang='lat' dir='ltr'><strong>perfectus‘non</strong></span> <span class='ocrx_word' id='word_1_282' title='bbox 1005 2132 1128 2186; x_wconf 91' lang='lat' dir='ltr'><strong>erit.</strong></span> <span class='ocrx_word' id='word_1_283' title='bbox 1165 2130 1222 2186; x_wconf 89' lang='lat' dir='ltr'><strong>Si</strong></span> <span class='ocrx_word' id='word_1_284' title='bbox 1260 2129 1532 2201; x_wconf 89' lang='lat' dir='ltr'><strong>perfectus</strong></span> <span class='ocrx_word' id='word_1_285' title='bbox 1562 2144 1670 2183; x_wconf 89' lang='lat' dir='ltr'><strong>non</strong></span> <span class='ocrx_word' id='word_1_286' title='bbox 1705 2128 1826 2195; x_wconf 88' lang='lat' dir='ltr'><strong>erit,</strong></span> <span class='ocrx_word' id='word_1_287' title='bbox 1858 2144 1967 2185; x_wconf 89' lang='lat' dir='ltr'><strong>non</strong></span> <span class='ocrx_word' id='word_1_288' title='bbox 2066 2132 2189 2187; x_wconf 75' lang='lat' dir='ltr'><strong>quae</strong></span> <span class='ocrx_word' id='word_1_289' title='bbox 2218 2118 2287 2172; x_wconf 71' lang='lat' dir='ltr'><strong>ab</strong></span> <span class='ocrx_word' id='word_1_290' title='bbox 2320 2132 2385 2172; x_wconf 77' lang='grc' dir='ltr'>εο</span> <span class='ocrx_word' id='word_1_291' title='bbox 2410 2116 2748 2184; x_wconf 62' lang='lat' dir='ltr'><strong>dicebantur.</strong></span> <span class='ocrx_word' id='word_1_292' title='bbox 2780 2126 2980 2171; x_wconf 66' lang='grc' dir='ltr'><strong>ηοειτω</strong></span> <span class='ocrx_word' id='word_1_293' title='bbox 3014 2116 3176 2181; x_wconf 73' lang='lat' dir='ltr'><strong>ﬁdei;</strong></span> <span class='ocrx_word' id='word_1_294' title='bbox 3213 2115 3457 2185; x_wconf 62' lang='lat' dir='ltr'><strong>quaedam</strong></span> <span class='ocrx_word' id='word_1_295' title='bbox 3496 2127 3636 2168; x_wconf 63' lang='lat' dir='ltr'><strong>vero</strong></span> 
     </span>
    </p>
   </div>
   <div class='ocr_carea' id='block_1_22' title="bbox 402 2207 3638 2291">
    <p class='ocr_par' dir='ltr' id='par_1_22' title="bbox 402 2207 3638 2291">
     <span class='ocr_line' id='line_1_22' title="bbox 402 2207 3638 2291; baseline -0.001 -29"><span class='ocrx_word' id='word_1_296' title='bbox 402 2221 471 2279; x_wconf 68' lang='lat' dir='ltr'><strong>de</strong></span> <span class='ocrx_word' id='word_1_297' title='bbox 499 2207 617 2289; x_wconf 66' lang='grc' dir='ltr'><strong>ίρέο</strong></span> <span class='ocrx_word' id='word_1_298' title='bbox 643 2220 771 2276; x_wconf 53' lang='lat' dir='ltr'><strong>dicit</strong></span> <span class='ocrx_word' id='word_1_299' title='bbox 800 2222 1112 2291; x_wconf 70' lang='grc' dir='ltr'><strong>Αροειοιυε,</strong></span> <span class='ocrx_word' id='word_1_300' title='bbox 1145 2221 1300 2289; x_wconf 65' lang='lat' dir='ltr'><strong>Quod</strong></span> <span class='ocrx_word' id='word_1_301' title='bbox 1333 2221 1378 2277; x_wconf 72' lang='lat' dir='ltr'><strong>si</strong></span> <span class='ocrx_word' id='word_1_302' title='bbox 1413 2237 1523 2276; x_wconf 77' lang='grc' dir='ltr'><strong>ηοη</strong></span> <span class='ocrx_word' id='word_1_303' title='bbox 1563 2221 1630 2275; x_wconf 70' lang='lat' dir='ltr'><strong>de</strong></span> <span class='ocrx_word' id='word_1_304' title='bbox 1673 2221 1792 2291; x_wconf 72' lang='lat' dir='ltr'><strong>ipso</strong></span> <span class='ocrx_word' id='word_1_305' title='bbox 1837 2220 1969 2275; x_wconf 61' lang='lat' dir='ltr'><strong>dici;</strong></span> <span class='ocrx_word' id='word_1_306' title='bbox 2065 2209 2341 2264; x_wconf 86' lang='lat' dir='ltr'><strong>asserebat</strong></span> <span class='ocrx_word' id='word_1_307' title='bbox 2366 2208 2523 2279; x_wconf 88' lang='lat' dir='ltr'><strong>longe</strong></span> <span class='ocrx_word' id='word_1_308' title='bbox 2546 2208 2758 2263; x_wconf 83' lang='lat' dir='ltr'><strong>diversa</strong></span> <span class='ocrx_word' id='word_1_309' title='bbox 2781 2209 2849 2261; x_wconf 91' lang='lat' dir='ltr'><strong>ab</strong></span> <span class='ocrx_word' id='word_1_310' title='bbox 2880 2207 2946 2260; x_wconf 89' lang='lat' dir='ltr'><strong>iis</strong></span> <span class='ocrx_word' id='word_1_311' title='bbox 2973 2222 3093 2279; x_wconf 72' lang='lat' dir='ltr'><strong>qua:</strong></span> <span class='ocrx_word' id='word_1_312' title='bbox 3122 2221 3154 2259; x_wconf 92' lang='lat' dir='ltr'><strong>a</strong></span> <span class='ocrx_word' id='word_1_313' title='bbox 3185 2216 3369 2261; x_wconf 87' lang='lat' dir='ltr'><strong>nostra</strong></span> <span class='ocrx_word' id='word_1_314' title='bbox 3399 2214 3638 2287; x_wconf 74' lang='lat' dir='ltr'><strong>paterna</strong></span> 
     </span>
    </p>
   </div>
   <div class='ocr_carea' id='block_1_23' title="bbox 402 2298 3636 2379">
    <p class='ocr_par' dir='ltr' id='par_1_23' title="bbox 402 2298 3636 2379">
     <span class='ocr_line' id='line_1_23' title="bbox 402 2298 3636 2379; baseline -0.002 -16"><span class='ocrx_word' id='word_1_315' title='bbox 402 2310 719 2379; x_wconf 82' lang='lat' dir='ltr'><strong>Apostolus,</strong></span> <span class='ocrx_word' id='word_1_316' title='bbox 754 2311 857 2366; x_wconf 90' lang='lat' dir='ltr'><strong>iste</strong></span> <span class='ocrx_word' id='word_1_317' title='bbox 887 2321 1067 2366; x_wconf 89' lang='lat' dir='ltr'><strong>autem</strong></span> <span class='ocrx_word' id='word_1_318' title='bbox 1097 2310 1165 2367; x_wconf 90' lang='lat' dir='ltr'><strong>de</strong></span> <span class='ocrx_word' id='word_1_319' title='bbox 1195 2328 1253 2375; x_wconf 85' lang='lat' dir='ltr'><strong>se</strong></span> <span class='ocrx_word' id='word_1_320' title='bbox 1282 2312 1487 2366; x_wconf 90' lang='lat' dir='ltr'><strong>dictum</strong></span> <span class='ocrx_word' id='word_1_321' title='bbox 1530 2325 1651 2366; x_wconf 87' lang='lat' dir='ltr'><strong>esse</strong></span> <span class='ocrx_word' id='word_1_322' title='bbox 1684 2310 1965 2377; x_wconf 87' lang='lat' dir='ltr'><strong>mentitur,</strong></span> <span class='ocrx_word' id='word_1_323' title='bbox 2066 2301 2353 2355; x_wconf 80' lang='lat' dir='ltr'><strong>traditione</strong></span> <span class='ocrx_word' id='word_1_324' title='bbox 2396 2299 2731 2355; x_wconf 86' lang='lat' dir='ltr'><strong>descendunt</strong></span> <span class='ocrx_word' id='word_1_325' title='bbox 2774 2300 2907 2369; x_wconf 81' lang='grc'><strong>(15).</strong></span> <span class='ocrx_word' id='word_1_326' title='bbox 2965 2299 3421 2371; x_wconf 80' lang='lat' dir='ltr'><strong>lnterpretabatur</strong></span> <span class='ocrx_word' id='word_1_327' title='bbox 3479 2298 3636 2357; x_wconf 78' lang='lat' dir='ltr'><strong>enim</strong></span> 
     </span>
    </p>
   </div>
   <div class='ocr_carea' id='block_1_24' title="bbox 401 2385 3633 2476">
    <p class='ocr_par' dir='ltr' id='par_1_24' title="bbox 401 2385 3633 2476">
     <span class='ocr_line' id='line_1_24' title="bbox 401 2385 3633 2476; baseline -0.001 -18"><span class='ocrx_word' id='word_1_328' title='bbox 401 2385 891 2476; x_wconf 78' lang='lat' dir='ltr'><strong>pseudo-propheta</strong></span> <span class='ocrx_word' id='word_1_329' title='bbox 917 2402 1102 2473; x_wconf 86' lang='lat' dir='ltr'><strong>utique</strong></span> <span class='ocrx_word' id='word_1_330' title='bbox 1117 2392 1442 2473; x_wconf 76' lang='lat' dir='ltr'><strong>iudicandus</strong></span> <span class='ocrx_word' id='word_1_331' title='bbox 1463 2411 1565 2457; x_wconf 88' lang='lat' dir='ltr'><strong>est.</strong></span> <span class='ocrx_word' id='word_1_332' title='bbox 1598 2400 1699 2457; x_wconf 90' lang='lat' dir='ltr'><strong>Sed</strong></span> <span class='ocrx_word' id='word_1_333' title='bbox 1722 2411 1776 2459; x_wconf 91' lang='lat' dir='ltr'><strong>et</strong></span> <span class='ocrx_word' id='word_1_334' title='bbox 1797 2403 1965 2456; x_wconf 89' lang='lat' dir='ltr'><strong>multa</strong></span> <span class='ocrx_word' id='word_1_335' title='bbox 2065 2392 2311 2463; x_wconf 63' lang='grc' dir='ltr'><strong>(Ιυὶἓάδῐη</strong></span> <span class='ocrx_word' id='word_1_336' title='bbox 2342 2391 2540 2457; x_wconf 60' lang='lat' dir='ltr'><strong>aliene.</strong></span> <span class='ocrx_word' id='word_1_337' title='bbox 2579 2391 2777 2461; x_wconf 72' lang='grc' dir='ltr'><strong>(ιυίὺυε</strong></span> <span class='ocrx_word' id='word_1_338' title='bbox 2817 2393 2980 2446; x_wconf 58' lang='lat' dir='ltr'><strong>“iam</strong></span> <span class='ocrx_word' id='word_1_339' title='bbox 3021 2407 3087 2446; x_wconf 72' lang='grc' dir='ltr'><strong>ει</strong></span> <span class='ocrx_word' id='word_1_340' title='bbox 3112 2392 3345 2463; x_wconf 64' lang='lat' dir='ltr'><strong>Propriis</strong></span> <span class='ocrx_word' id='word_1_341' title='bbox 3373 2390 3633 2459; x_wconf 64' lang='grc' dir='ltr'><strong>θάαειηι,</strong></span> 
     </span>
    </p>
   </div>
   <div class='ocr_carea' id='block_1_25' title="bbox 403 2476 3635 2566">
    <p class='ocr_par' dir='ltr' id='par_1_25' title="bbox 403 2476 3635 2566">
     <span class='ocr_line' id='line_1_25' title="bbox 403 2476 3635 2566; baseline -0.003 -21"><span class='ocrx_word' id='word_1_342' title='bbox 403 2495 507 2561; x_wconf 60' lang='lat' dir='ltr'><strong>alia</strong></span> <span class='ocrx_word' id='word_1_343' title='bbox 540 2495 735 2565; x_wconf 76' lang='lat' dir='ltr'><strong>liorum</strong></span> <span class='ocrx_word' id='word_1_344' title='bbox 767 2495 967 2550; x_wconf 81' lang='lat' dir='ltr'><strong>similia</strong></span> <span class='ocrx_word' id='word_1_345' title='bbox 990 2495 1095 2549; x_wconf 87' lang='lat' dir='ltr'><strong>dici</strong></span> <span class='ocrx_word' id='word_1_346' title='bbox 1128 2505 1387 2566; x_wconf 79' lang='lat' dir='ltr'><strong>possunt;</strong></span> <span class='ocrx_word' id='word_1_347' title='bbox 1418 2508 1539 2564; x_wconf 71' lang='lat' dir='ltr'><strong>qua:</strong></span> <span class='ocrx_word' id='word_1_348' title='bbox 1563 2492 1609 2548; x_wconf 80' lang='lat' dir='ltr'><strong>si</strong></span> <span class='ocrx_word' id='word_1_349' title='bbox 1630 2493 1812 2547; x_wconf 77' lang='lat' dir='ltr'><strong>omnia</strong></span> <span class='ocrx_word' id='word_1_350' title='bbox 1843 2508 1966 2563; x_wconf 69' lang='lat' dir='ltr'><strong>per-</strong></span> <span class='ocrx_word' id='word_1_351' title='bbox 2063 2476 2185 2554; x_wconf 69' lang='lat' dir='ltr'><strong>qua:</strong></span> <span class='ocrx_word' id='word_1_352' title='bbox 2225 2483 2359 2537; x_wconf 88' lang='lat' dir='ltr'><strong>mihi</strong></span> <span class='ocrx_word' id='word_1_353' title='bbox 2397 2483 2552 2538; x_wconf 87' lang='lat' dir='ltr'><strong>valde</strong></span> <span class='ocrx_word' id='word_1_354' title='bbox 2581 2484 2859 2554; x_wconf 88' lang='lat' dir='ltr'><strong>peregrina</strong></span> <span class='ocrx_word' id='word_1_355' title='bbox 2896 2484 3007 2539; x_wconf 87' lang='lat' dir='ltr'><strong>visa</strong></span> <span class='ocrx_word' id='word_1_356' title='bbox 3038 2493 3163 2538; x_wconf 89' lang='lat' dir='ltr'><strong>sunt</strong></span> <span class='ocrx_word' id='word_1_357' title='bbox 3194 2491 3248 2537; x_wconf 88' lang='lat' dir='ltr'><strong>et</strong></span> <span class='ocrx_word' id='word_1_358' title='bbox 3288 2481 3472 2536; x_wconf 80' lang='lat' dir='ltr'><strong>inﬁda.</strong></span> <span class='ocrx_word' id='word_1_359' title='bbox 3517 2480 3635 2535; x_wconf 87' lang='lat' dir='ltr'><strong>Pro</strong></span> 
     </span>
    </p>
   </div>
   <div class='ocr_carea' id='block_1_26' title="bbox 401 2572 1980 2656">
    <p class='ocr_par' dir='ltr' id='par_1_26' title="bbox 401 2584 1963 2656">
     <span class='ocr_line' id='line_1_26' title="bbox 401 2584 1963 2656; baseline -0.002 -14"><span class='ocrx_word' id='word_1_360' title='bbox 401 2585 556 2656; x_wconf 77' lang='lat' dir='ltr'><strong>sequi</strong></span> <span class='ocrx_word' id='word_1_361' title='bbox 589 2584 840 2653; x_wconf 84' lang='lat' dir='ltr'><strong>velimus,</strong></span> <span class='ocrx_word' id='word_1_362' title='bbox 873 2587 1078 2641; x_wconf 85' lang='lat' dir='ltr'><strong>nullum</strong></span> <span class='ocrx_word' id='word_1_363' title='bbox 1115 2588 1273 2641; x_wconf 85' lang='lat' dir='ltr'><strong>nobis</strong></span> <span class='ocrx_word' id='word_1_364' title='bbox 1309 2596 1522 2656; x_wconf 83' lang='lat' dir='ltr'><strong>tempus</strong></span> <span class='ocrx_word' id='word_1_365' title='bbox 1556 2586 1624 2645; x_wconf 89' lang='lat' dir='ltr'><strong>ad</strong></span> <span class='ocrx_word' id='word_1_366' title='bbox 1651 2586 1835 2641; x_wconf 90' lang='lat' dir='ltr'><strong>omnia</strong></span> <span class='ocrx_word' id='word_1_367' title='bbox 1862 2600 1963 2651; x_wconf 49' lang='lat' dir='ltr'><strong>exy-</strong></span> 
     </span>
    </p>
   </div>
   <div class='ocr_carea' id='block_1_27' title="bbox 2050 2572 3629 2656">
    <p class='ocr_par' dir='ltr' id='par_1_27' title="bbox 2063 2572 3629 2645">
     <span class='ocr_line' id='line_1_27' title="bbox 2063 2572 3629 2645; baseline -0.002 -17"><span class='ocrx_word' id='word_1_368' title='bbox 2063 2574 2264 2645; x_wconf 87' lang='lat' dir='ltr'><strong>quibus</strong></span> <span class='ocrx_word' id='word_1_369' title='bbox 2304 2577 2463 2629; x_wconf 87' lang='lat' dir='ltr'><strong>etiam</strong></span> <span class='ocrx_word' id='word_1_370' title='bbox 2515 2576 2791 2644; x_wconf 81' lang='lat' dir='ltr'><strong>permotus</strong></span> <span class='ocrx_word' id='word_1_371' title='bbox 2836 2591 2955 2630; x_wconf 86' lang='lat' dir='ltr'><strong>sum</strong></span> <span class='ocrx_word' id='word_1_372' title='bbox 3003 2574 3238 2630; x_wconf 87' lang='lat' dir='ltr'><strong>scribere</strong></span> <span class='ocrx_word' id='word_1_373' title='bbox 3294 2573 3409 2627; x_wconf 64' lang='lat' dir='ltr'><strong>haec</strong></span> <span class='ocrx_word' id='word_1_374' title='bbox 3439 2572 3507 2627; x_wconf 90' lang='lat' dir='ltr'><strong>ad</strong></span> <span class='ocrx_word' id='word_1_375' title='bbox 3550 2582 3629 2639; x_wconf 86' lang='lat' dir='ltr'><strong>te,</strong></span> 
     </span>
    </p>
   </div>
   <div class='ocr_carea' id='block_1_28' title="bbox 397 2668 3630 2756">
    <p class='ocr_par' dir='ltr' id='par_1_28' title="bbox 397 2668 3630 2756">
     <span class='ocr_line' id='line_1_28' title="bbox 397 2668 3630 2756; baseline -0.002 -28"><span class='ocrx_word' id='word_1_376' title='bbox 397 2676 591 2756; x_wconf 71' lang='lat' dir='ltr'><strong>plenda</strong></span> <span class='ocrx_word' id='word_1_377' title='bbox 624 2677 871 2732; x_wconf 78' lang='lat' dir='ltr'><strong>sufﬁciet.</strong></span> <span class='ocrx_word' id='word_1_378' title='bbox 910 2676 1057 2732; x_wconf 89' lang='lat' dir='ltr'><strong>Unde</strong></span> <span class='ocrx_word' id='word_1_379' title='bbox 1084 2678 1361 2733; x_wconf 89' lang='lat' dir='ltr'><strong>abundare</strong></span> <span class='ocrx_word' id='word_1_380' title='bbox 1386 2677 1693 2734; x_wconf 73' lang='lat' dir='ltr'><strong>existimavi</strong></span> <span class='ocrx_word' id='word_1_381' title='bbox 1728 2677 1795 2731; x_wconf 92' lang='lat' dir='ltr'><strong>de</strong></span> <span class='ocrx_word' id='word_1_382' title='bbox 1825 2677 1965 2730; x_wconf 86' lang='lat' dir='ltr'><strong>mul-</strong></span> <span class='ocrx_word' id='word_1_383' title='bbox 2064 2668 2243 2723; x_wconf 86' lang='lat' dir='ltr'><strong>sciens</strong></span> <span class='ocrx_word' id='word_1_384' title='bbox 2275 2668 2535 2723; x_wconf 75' lang='lat' dir='ltr'><strong>doctrina:</strong></span> <span class='ocrx_word' id='word_1_385' title='bbox 2557 2677 2662 2723; x_wconf 71' lang='lat' dir='ltr'><strong>tute</strong></span> <span class='ocrx_word' id='word_1_386' title='bbox 2691 2669 2986 2740; x_wconf 88' lang='lat' dir='ltr'><strong>perfectum</strong></span> <span class='ocrx_word' id='word_1_387' title='bbox 3020 2679 3073 2723; x_wconf 93' lang='lat' dir='ltr'><strong>et</strong></span> <span class='ocrx_word' id='word_1_388' title='bbox 3097 2669 3469 2745; x_wconf 86' lang='lat' dir='ltr'><strong>plenissimum</strong></span> <span class='ocrx_word' id='word_1_389' title='bbox 3499 2683 3630 2735; x_wconf 84' lang='lat' dir='ltr'><strong>sen-</strong></span> 
     </span>
    </p>
   </div>
   <div class='ocr_carea' id='block_1_29' title="bbox 399 2759 3630 2844">
    <p class='ocr_par' dir='ltr' id='par_1_29' title="bbox 399 2759 3630 2844">
     <span class='ocr_line' id='line_1_29' title="bbox 399 2759 3630 2844; baseline -0.002 -24"><span class='ocrx_word' id='word_1_390' title='bbox 399 2770 469 2824; x_wconf 86' lang='lat' dir='ltr'><strong>tis</strong></span> <span class='ocrx_word' id='word_1_391' title='bbox 513 2785 681 2844; x_wconf 75' lang='lat' dir='ltr'><strong>pauca</strong></span> <span class='ocrx_word' id='word_1_392' title='bbox 722 2770 945 2837; x_wconf 67' lang='lat' dir='ltr'><strong>dixisse,</strong></span> <span class='ocrx_word' id='word_1_393' title='bbox 992 2771 1232 2840; x_wconf 71' lang='lat' dir='ltr'><strong>reliquas</strong></span> <span class='ocrx_word' id='word_1_394' title='bbox 1279 2780 1460 2842; x_wconf 79' lang='lat' dir='ltr'><strong>partes</strong></span> <span class='ocrx_word' id='word_1_395' title='bbox 1503 2778 1765 2827; x_wconf 75' lang='lat' dir='ltr'><strong>tractatus</strong></span> <span class='ocrx_word' id='word_1_396' title='bbox 1800 2768 1963 2839; x_wconf 78' lang='lat' dir='ltr'><strong>hujus</strong></span> <span class='ocrx_word' id='word_1_397' title='bbox 2064 2775 2207 2823; x_wconf 88' lang='lat' dir='ltr'><strong>sum,</strong></span> <span class='ocrx_word' id='word_1_398' title='bbox 2234 2761 2490 2831; x_wconf 90' lang='lat' dir='ltr'><strong>quoniam</strong></span> <span class='ocrx_word' id='word_1_399' title='bbox 2512 2761 2679 2817; x_wconf 88' lang='lat' dir='ltr'><strong>latere</strong></span> <span class='ocrx_word' id='word_1_400' title='bbox 2710 2772 2760 2816; x_wconf 90' lang='lat' dir='ltr'><strong>te</strong></span> <span class='ocrx_word' id='word_1_401' title='bbox 2785 2763 2977 2816; x_wconf 88' lang='lat' dir='ltr'><strong>horum</strong></span> <span class='ocrx_word' id='word_1_402' title='bbox 3012 2760 3148 2815; x_wconf 80' lang='lat' dir='ltr'><strong>nihil</strong></span> <span class='ocrx_word' id='word_1_403' title='bbox 3179 2769 3388 2830; x_wconf 87' lang='lat' dir='ltr'><strong>potest;</strong></span> <span class='ocrx_word' id='word_1_404' title='bbox 3415 2768 3472 2814; x_wconf 85' lang='lat' dir='ltr'><strong>et</strong></span> <span class='ocrx_word' id='word_1_405' title='bbox 3504 2759 3630 2814; x_wconf 86' lang='lat' dir='ltr'><strong>ideo</strong></span> 
     </span>
    </p>
   </div>
   <div class='ocr_carea' id='block_1_30' title="bbox 396 2851 3630 2933">
    <p class='ocr_par' dir='ltr' id='par_1_30' title="bbox 396 2851 3630 2933">
     <span class='ocr_line' id='line_1_30' title="bbox 396 2851 3630 2933; baseline -0.003 -19"><span class='ocrx_word' id='word_1_406' title='bbox 396 2862 619 2931; x_wconf 77' lang='lat' dir='ltr'><strong>exsequi</strong></span> <span class='ocrx_word' id='word_1_407' title='bbox 658 2862 961 2919; x_wconf 80' lang='lat' dir='ltr'><strong>volentibus</strong></span> <span class='ocrx_word' id='word_1_408' title='bbox 993 2862 1393 2933; x_wconf 71' lang='lat' dir='ltr'><strong>derelinquens,</strong></span> <span class='ocrx_word' id='word_1_409' title='bbox 2063 2851 2301 2908; x_wconf 76' lang='lat' dir='ltr'><strong>conlisus</strong></span> <span class='ocrx_word' id='word_1_410' title='bbox 2334 2868 2454 2907; x_wconf 92' lang='lat' dir='ltr'><strong>sum</strong></span> <span class='ocrx_word' id='word_1_411' title='bbox 2500 2853 2567 2907; x_wconf 92' lang='lat' dir='ltr'><strong>ad</strong></span> <span class='ocrx_word' id='word_1_412' title='bbox 2612 2854 2950 2925; x_wconf 81' lang='lat' dir='ltr'><strong>explananda</strong></span> <span class='ocrx_word' id='word_1_413' title='bbox 2989 2853 3146 2908; x_wconf 90' lang='lat' dir='ltr'><strong>nobis</strong></span> <span class='ocrx_word' id='word_1_414' title='bbox 3188 2853 3300 2907; x_wconf 73' lang='lat' dir='ltr'><strong>llaec</strong></span> <span class='ocrx_word' id='word_1_415' title='bbox 3340 2851 3542 2905; x_wconf 75' lang='lat' dir='ltr'><strong>invidia</strong></span> <span class='ocrx_word' id='word_1_416' title='bbox 3575 2862 3630 2905; x_wconf 89' lang='lat' dir='ltr'><strong>te</strong></span> 
     </span>
    </p>
   </div>
   <div class='ocr_carea' id='block_1_31' title="bbox 466 2943 3627 3029">
    <p class='ocr_par' dir='ltr' id='par_1_31' title="bbox 466 2943 3627 3029">
     <span class='ocr_line' id='line_1_31' title="bbox 466 2943 3627 3029; baseline 0.001 -24"><span class='ocrx_word' id='word_1_417' title='bbox 466 2949 708 3007; x_wconf 72' lang='lat' dir='ltr'><strong>XXXIX.</strong></span> <span class='ocrx_word' id='word_1_418' title='bbox 750 2950 846 3007; x_wconf 86' lang='lat' dir='ltr'><strong>llis</strong></span> <span class='ocrx_word' id='word_1_419' title='bbox 893 2952 1092 3029; x_wconf 81' lang='lat' dir='ltr'><strong>auditis</strong></span> <span class='ocrx_word' id='word_1_420' title='bbox 1136 2952 1400 3007; x_wconf 85' lang='lat' dir='ltr'><strong>dederunt</strong></span> <span class='ocrx_word' id='word_1_421' title='bbox 1444 2951 1669 3022; x_wconf 79' lang='lat' dir='ltr'><strong>gloriam</strong></span> <span class='ocrx_word' id='word_1_422' title='bbox 1715 2952 1825 3007; x_wconf 89' lang='lat' dir='ltr'><strong>Deo</strong></span> <span class='ocrx_word' id='word_1_423' title='bbox 1857 2951 1961 3005; x_wconf 88' lang='lat' dir='ltr'><strong>im-</strong></span> <span class='ocrx_word' id='word_1_424' title='bbox 2063 2958 2171 2998; x_wconf 85' lang='lat' dir='ltr'><strong>non</strong></span> <span class='ocrx_word' id='word_1_425' title='bbox 2200 2952 2362 3013; x_wconf 69' lang='lat' dir='ltr'><strong>posse</strong></span> <span class='ocrx_word' id='word_1_426' title='bbox 2403 2944 2697 3015; x_wconf 68' lang='lat' dir='ltr'><strong>prohiberi.</strong></span> <span class='ocrx_word' id='word_1_427' title='bbox 2744 2943 3004 3010; x_wconf 77' lang='lat' dir='ltr'><strong>Quamvis</strong></span> <span class='ocrx_word' id='word_1_428' title='bbox 3035 2959 3135 2998; x_wconf 84' lang='lat' dir='ltr'><strong>nec</strong></span> <span class='ocrx_word' id='word_1_429' title='bbox 3161 2959 3260 3015; x_wconf 77' lang='lat' dir='ltr'><strong>ego</strong></span> <span class='ocrx_word' id='word_1_430' title='bbox 3305 2943 3525 3015; x_wconf 84' lang='lat' dir='ltr'><strong>quidem</strong></span> <span class='ocrx_word' id='word_1_431' title='bbox 3568 2943 3627 3011; x_wconf 71' lang='lat' dir='ltr'><strong>in</strong></span> 
     </span>
    </p>
   </div>
   <div class='ocr_carea' id='block_1_32' title="bbox 398 3037 3622 3114">
    <p class='ocr_par' dir='ltr' id='par_1_32' title="bbox 398 3037 3622 3114">
     <span class='ocr_line' id='line_1_32' title="bbox 398 3037 3622 3114; baseline -0.004 -14"><span class='ocrx_word' id='word_1_432' title='bbox 398 3059 666 3108; x_wconf 86' lang='lat' dir='ltr'><strong>mensam,</strong></span> <span class='ocrx_word' id='word_1_433' title='bbox 691 3051 745 3097; x_wconf 91' lang='lat' dir='ltr'><strong>et</strong></span> <span class='ocrx_word' id='word_1_434' title='bbox 780 3043 897 3111; x_wconf 90' lang='lat' dir='ltr'><strong>ipso</strong></span> <span class='ocrx_word' id='word_1_435' title='bbox 936 3042 1188 3114; x_wconf 81' lang='lat' dir='ltr'><strong>dignam;</strong></span> <span class='ocrx_word' id='word_1_436' title='bbox 1234 3043 1557 3098; x_wconf 81' lang='lat' dir='ltr'><strong>Archelaum</strong></span> <span class='ocrx_word' id='word_1_437' title='bbox 1607 3057 1737 3097; x_wconf 82' lang='lat' dir='ltr'><strong>vero</strong></span> <span class='ocrx_word' id='word_1_438' title='bbox 1776 3042 1962 3097; x_wconf 83' lang='lat' dir='ltr'><strong>multis</strong></span> <span class='ocrx_word' id='word_1_439' title='bbox 2064 3037 2291 3091; x_wconf 88' lang='lat' dir='ltr'><strong>alterum</strong></span> <span class='ocrx_word' id='word_1_440' title='bbox 2324 3037 2558 3107; x_wconf 87' lang='lat' dir='ltr'><strong>aliquem</strong></span> <span class='ocrx_word' id='word_1_441' title='bbox 2595 3037 2843 3093; x_wconf 89' lang='lat' dir='ltr'><strong>inclinari</strong></span> <span class='ocrx_word' id='word_1_442' title='bbox 2873 3037 3142 3106; x_wconf 89' lang='lat' dir='ltr'><strong>potuerim</strong></span> <span class='ocrx_word' id='word_1_443' title='bbox 3170 3050 3412 3102; x_wconf 86' lang='lat' dir='ltr'><strong>sensum,</strong></span> <span class='ocrx_word' id='word_1_444' title='bbox 3443 3046 3622 3101; x_wconf 79' lang='lat' dir='ltr'><strong>tamen</strong></span> 
     </span>
    </p>
   </div>
   <div class='ocr_carea' id='block_1_33' title="bbox 397 3119 3621 3212">
    <p class='ocr_par' dir='ltr' id='par_1_33' title="bbox 397 3119 3621 3212">
     <span class='ocr_line' id='line_1_33' title="bbox 397 3119 3621 3212; baseline 0 -20"><span class='ocrx_word' id='word_1_445' title='bbox 397 3136 701 3211; x_wconf 83' lang='lat' dir='ltr'><strong>honoribus</strong></span> <span class='ocrx_word' id='word_1_446' title='bbox 736 3119 1050 3212; x_wconf 75' lang='lat' dir='ltr'><strong>an‘ecerunt.</strong></span> <span class='ocrx_word' id='word_1_447' title='bbox 1079 3133 1233 3189; x_wconf 90' lang='lat' dir='ltr'><strong>Tunc</strong></span> <span class='ocrx_word' id='word_1_448' title='bbox 1256 3134 1542 3190; x_wconf 88' lang='lat' dir='ltr'><strong>Marcellus</strong></span> <span class='ocrx_word' id='word_1_449' title='bbox 1568 3150 1883 3206; x_wconf 77' lang='lat' dir='ltr'><strong>assurgens,</strong></span> <span class='ocrx_word' id='word_1_450' title='bbox 1908 3146 1961 3189; x_wconf 89' lang='lat' dir='ltr'><strong>et</strong></span> <span class='ocrx_word' id='word_1_451' title='bbox 1989 3183 2033 3212; x_wconf 54' lang='grc' dir='ltr'>η</span> <span class='ocrx_word' id='word_1_452' title='bbox 2062 3138 2283 3199; x_wconf 84' lang='lat' dir='ltr'><strong>propter</strong></span> <span class='ocrx_word' id='word_1_453' title='bbox 2322 3130 2594 3199; x_wconf 88' lang='lat' dir='ltr'><strong>simplices</strong></span> <span class='ocrx_word' id='word_1_454' title='bbox 2637 3144 2912 3200; x_wconf 64' lang='lat' dir='ltr'><strong>quosque,</strong></span> <span class='ocrx_word' id='word_1_455' title='bbox 2948 3137 3055 3183; x_wconf 68' lang='lat'><strong>1033</strong></span> <span class='ocrx_word' id='word_1_456' title='bbox 3095 3129 3432 3183; x_wconf 66' lang='grc' dir='ltr'><strong>θυοιοτίῐδιίε</strong></span> <span class='ocrx_word' id='word_1_457' title='bbox 3472 3143 3621 3182; x_wconf 74' lang='lat' dir='ltr'><strong>00m-</strong></span> 
     </span>
    </p>
   </div>
   <div class='ocr_carea' id='block_1_34' title="bbox 396 3183 3617 3302">
    <p class='ocr_par' dir='ltr' id='par_1_34' title="bbox 396 3183 3617 3302">
     <span class='ocr_line' id='line_1_34' title="bbox 400 3183 2911 3212; baseline -0.002 -10"><span class='ocrx_word' id='word_1_458' title='bbox 400 3183 699 3211; x_wconf 58' lang='lat'><strong>.--_--~-_--~-~</strong></span> <span class='ocrx_word' id='word_1_459' title='bbox 736 3183 1050 3212; x_wconf 51' lang='grc' dir='ltr'><strong>-έν---η-η-</strong></span> <span class='ocrx_word' id='word_1_460' title='bbox 1088 3183 1540 3190; x_wconf 61' lang='grc' dir='ltr'><strong>---ν------ν----</strong></span> <span class='ocrx_word' id='word_1_461' title='bbox 1569 3183 1961 3206; x_wconf 60' lang='grc' dir='ltr'><strong>--η-οι---νπ</strong></span> <span class='ocrx_word' id='word_1_462' title='bbox 2065 3183 2080 3199; x_wconf 91' lang='grc'>.</span> <span class='ocrx_word' id='word_1_463' title='bbox 2164 3183 2180 3198; x_wconf 92' lang='grc'>.</span> <span class='ocrx_word' id='word_1_464' title='bbox 2334 3183 2341 3185; x_wconf 50' lang='grc' dir='ltr'><strong>τ</strong></span> <span class='ocrx_word' id='word_1_465' title='bbox 2431 3183 2442 3199; x_wconf 92' lang='grc'>.</span> <span class='ocrx_word' id='word_1_466' title='bbox 2648 3183 2670 3200; x_wconf 70' lang='grc' dir='ltr'>ι</span> <span class='ocrx_word' id='word_1_467' title='bbox 2864 3183 2911 3194; x_wconf 42' lang='grc' dir='ltr'><strong>κ.</strong></span> 
     </span>
     <span class='ocr_line' id='line_1_35' title="bbox 396 3183 3617 3302; baseline -0.003 -21"><span class='ocrx_word' id='word_1_468' title='bbox 396 3227 565 3287; x_wconf 77' lang='lat' dir='ltr'><strong>stolas</strong></span> <span class='ocrx_word' id='word_1_469' title='bbox 610 3225 719 3302; x_wconf 74' lang='lat'><strong>(10)</strong></span> <span class='ocrx_word' id='word_1_470' title='bbox 767 3241 1006 3290; x_wconf 80' lang='lat' dir='ltr'><strong>exuens,</strong></span> <span class='ocrx_word' id='word_1_471' title='bbox 1052 3227 1351 3280; x_wconf 80' lang='lat' dir='ltr'><strong>circumdat</strong></span> <span class='ocrx_word' id='word_1_472' title='bbox 1392 3225 1750 3302; x_wconf 84' lang='lat' dir='ltr'><strong>Archelaum,</strong></span> <span class='ocrx_word' id='word_1_473' title='bbox 1800 3235 1963 3294; x_wconf 82' lang='lat' dir='ltr'><strong>atque</strong></span> <span class='ocrx_word' id='word_1_474' title='bbox 1989 3183 2033 3246; x_wconf 63' lang='grc' dir='ltr'>Ο</span> <span class='ocrx_word' id='word_1_475' title='bbox 2065 3221 2253 3289; x_wconf 90' lang='lat' dir='ltr'><strong>pulsus</strong></span> <span class='ocrx_word' id='word_1_476' title='bbox 2283 3235 2403 3274; x_wconf 90' lang='lat' dir='ltr'><strong>sum</strong></span> <span class='ocrx_word' id='word_1_477' title='bbox 2437 3221 2726 3290; x_wconf 89' lang='lat' dir='ltr'><strong>implorare</strong></span> <span class='ocrx_word' id='word_1_478' title='bbox 2752 3235 3081 3275; x_wconf 85' lang='lat' dir='ltr'><strong>sermonem.</strong></span> <span class='ocrx_word' id='word_1_479' title='bbox 3112 3217 3319 3273; x_wconf 80' lang='lat' dir='ltr'><strong>Revera</strong></span> <span class='ocrx_word' id='word_1_480' title='bbox 3357 3220 3492 3274; x_wconf 85' lang='lat' dir='ltr'><strong>enim</strong></span> <span class='ocrx_word' id='word_1_481' title='bbox 3528 3219 3617 3272; x_wconf 80' lang='lat' dir='ltr'><strong>vir</strong></span> 
     </span>
    </p>
   </div>
   <div class='ocr_carea' id='block_1_35' title="bbox 395 3298 3621 3387">
    <p class='ocr_par' dir='ltr' id='par_1_35' title="bbox 395 3298 3621 3387">
     <span class='ocr_line' id='line_1_36' title="bbox 395 3298 3621 3387; baseline 0.003 -21"><span class='ocrx_word' id='word_1_482' title='bbox 395 3298 759 3387; x_wconf 29' lang='lat' dir='ltr'><strong>osculis-eum</strong></span> <span class='ocrx_word' id='word_1_483' title='bbox 796 3312 1005 3369; x_wconf 80' lang='lat' dir='ltr'><strong>deﬁxus</strong></span> <span class='ocrx_word' id='word_1_484' title='bbox 1050 3314 1410 3382; x_wconf 89' lang='lat' dir='ltr'><strong>amplectitur,</strong></span> <span class='ocrx_word' id='word_1_485' title='bbox 1436 3323 1490 3369; x_wconf 88' lang='lat' dir='ltr'><strong>et</strong></span> <span class='ocrx_word' id='word_1_486' title='bbox 1527 3298 1768 3370; x_wconf 64' lang='lat' dir='ltr'><strong>inhaeret.</strong></span> <span class='ocrx_word' id='word_1_487' title='bbox 1806 3314 1961 3373; x_wconf 83' lang='lat' dir='ltr'><strong>Tunc</strong></span> <span class='ocrx_word' id='word_1_488' title='bbox 2059 3310 2216 3365; x_wconf 73' lang='lat' dir='ltr'><strong>valde</strong></span> <span class='ocrx_word' id='word_1_489' title='bbox 2258 3310 2545 3366; x_wconf 76' lang='lat' dir='ltr'><strong>Vehemens</strong></span> <span class='ocrx_word' id='word_1_490' title='bbox 2592 3319 2699 3365; x_wconf 63' lang='lat' dir='ltr'><strong>iam</strong></span> <span class='ocrx_word' id='word_1_491' title='bbox 2742 3328 2993 3370; x_wconf 81' lang='lat' dir='ltr'><strong>sermone</strong></span> <span class='ocrx_word' id='word_1_492' title='bbox 3030 3329 3192 3385; x_wconf 80' lang='lat' dir='ltr'><strong>quam</strong></span> <span class='ocrx_word' id='word_1_493' title='bbox 3227 3326 3409 3380; x_wconf 66' lang='lat' dir='ltr'><strong>Opere.</strong></span> <span class='ocrx_word' id='word_1_494' title='bbox 3446 3310 3534 3365; x_wconf 67' lang='lat' dir='ltr'><strong>59d</strong></span> <span class='ocrx_word' id='word_1_495' title='bbox 3559 3318 3621 3364; x_wconf 72' lang='grc' dir='ltr'><strong>ει</strong></span> 
     </span>
    </p>
   </div>
   <div class='ocr_carea' id='block_1_36' title="bbox 395 3400 3621 3481">
    <p class='ocr_par' dir='ltr' id='par_1_36' title="bbox 395 3400 3621 3481">
     <span class='ocr_line' id='line_1_37' title="bbox 395 3400 3621 3481; baseline -0 -24"><span class='ocrx_word' id='word_1_496' title='bbox 395 3419 523 3481; x_wconf 72' lang='lat' dir='ltr'><strong>vero</strong></span> <span class='ocrx_word' id='word_1_497' title='bbox 557 3401 812 3470; x_wconf 79' lang='lat' dir='ltr'><strong>infantes,</strong></span> <span class='ocrx_word' id='word_1_498' title='bbox 844 3404 938 3474; x_wconf 90' lang='lat' dir='ltr'><strong>qui</strong></span> <span class='ocrx_word' id='word_1_499' title='bbox 968 3402 1106 3459; x_wconf 91' lang='lat' dir='ltr'><strong>forte</strong></span> <span class='ocrx_word' id='word_1_500' title='bbox 1137 3416 1520 3471; x_wconf 87' lang='lat' dir='ltr'><strong>convenerant,</strong></span> <span class='ocrx_word' id='word_1_501' title='bbox 1565 3406 1724 3476; x_wconf 89' lang='lat' dir='ltr'><strong>primi</strong></span> <span class='ocrx_word' id='word_1_502' title='bbox 1757 3407 1811 3465; x_wconf 92' lang='lat' dir='ltr'><strong>in</strong></span> <span class='ocrx_word' id='word_1_503' title='bbox 1842 3407 1957 3471; x_wconf 81' lang='lat' dir='ltr'><strong>Ma-</strong></span> <span class='ocrx_word' id='word_1_504' title='bbox 2060 3408 2281 3479; x_wconf 84' lang='lat' dir='ltr'><strong>aspectu</strong></span> <span class='ocrx_word' id='word_1_505' title='bbox 2321 3400 2438 3475; x_wconf 87' lang='lat' dir='ltr'><strong>ipso</strong></span> <span class='ocrx_word' id='word_1_506' title='bbox 2482 3409 2663 3473; x_wconf 10' lang='lat' dir='ltr'><strong>atque,</strong></span> <span class='ocrx_word' id='word_1_507' title='bbox 2695 3402 2879 3457; x_wconf 87' lang='lat' dir='ltr'><strong>habitu</strong></span> <span class='ocrx_word' id='word_1_508' title='bbox 2924 3413 3167 3474; x_wconf 87' lang='lat' dir='ltr'><strong>apparet.</strong></span> <span class='ocrx_word' id='word_1_509' title='bbox 3205 3401 3312 3457; x_wconf 88' lang='lat' dir='ltr'><strong>Sed</strong></span> <span class='ocrx_word' id='word_1_510' title='bbox 3353 3410 3407 3457; x_wconf 88' lang='lat' dir='ltr'><strong>et</strong></span> <span class='ocrx_word' id='word_1_511' title='bbox 3450 3412 3621 3470; x_wconf 75' lang='lat' dir='ltr'><strong>pauca</strong></span> 
     </span>
    </p>
   </div>
   <div class='ocr_carea' id='block_1_37' title="bbox 394 3492 3625 3569">
    <p class='ocr_par' dir='ltr' id='par_1_37' title="bbox 394 3492 3625 3569">
     <span class='ocr_line' id='line_1_38' title="bbox 394 3492 3625 3569; baseline 0 -22"><span class='ocrx_word' id='word_1_512' title='bbox 394 3508 517 3553; x_wconf 87' lang='lat' dir='ltr'><strong>nem</strong></span> <span class='ocrx_word' id='word_1_513' title='bbox 561 3493 759 3562; x_wconf 89' lang='lat' dir='ltr'><strong>pellere</strong></span> <span class='ocrx_word' id='word_1_514' title='bbox 792 3508 857 3548; x_wconf 89' lang='lat' dir='ltr'><strong>ac</strong></span> <span class='ocrx_word' id='word_1_515' title='bbox 902 3492 1089 3563; x_wconf 83' lang='lat' dir='ltr'><strong>fugere</strong></span> <span class='ocrx_word' id='word_1_516' title='bbox 1120 3495 1230 3566; x_wconf 82' lang='lat' dir='ltr'><strong>(ll)</strong></span> <span class='ocrx_word' id='word_1_517' title='bbox 1277 3503 1585 3567; x_wconf 71' lang='lat' dir='ltr'><strong>cmperunt,</strong></span> <span class='ocrx_word' id='word_1_518' title='bbox 1622 3511 1762 3566; x_wconf 87' lang='lat' dir='ltr'><strong>quos</strong></span> <span class='ocrx_word' id='word_1_519' title='bbox 1798 3499 1959 3554; x_wconf 78' lang='lat' dir='ltr'><strong>turba</strong></span> <span class='ocrx_word' id='word_1_520' title='bbox 2057 3492 2327 3562; x_wconf 65' lang='lat' dir='ltr'><strong>quaedam,</strong></span> <span class='ocrx_word' id='word_1_521' title='bbox 2378 3508 2499 3569; x_wconf 69' lang='lat' dir='ltr'><strong>quae</strong></span> <span class='ocrx_word' id='word_1_522' title='bbox 2536 3494 2769 3549; x_wconf 90' lang='lat' dir='ltr'><strong>retinere</strong></span> <span class='ocrx_word' id='word_1_523' title='bbox 2806 3510 3031 3565; x_wconf 89' lang='lat' dir='ltr'><strong>possum</strong></span> <span class='ocrx_word' id='word_1_524' title='bbox 3078 3510 3146 3550; x_wconf 83' lang='lat' dir='ltr'><strong>ex</strong></span> <span class='ocrx_word' id='word_1_525' title='bbox 3175 3494 3244 3550; x_wconf 89' lang='lat' dir='ltr'><strong>iis</strong></span> <span class='ocrx_word' id='word_1_526' title='bbox 3286 3508 3410 3563; x_wconf 68' lang='lat' dir='ltr'><strong>quae</strong></span> <span class='ocrx_word' id='word_1_527' title='bbox 3454 3493 3523 3546; x_wconf 88' lang='lat' dir='ltr'><strong>ab</strong></span> <span class='ocrx_word' id='word_1_528' title='bbox 3554 3506 3625 3547; x_wconf 84' lang='lat' dir='ltr'><strong>eo</strong></span> 
     </span>
    </p>
   </div>
   <div class='ocr_carea' id='block_1_38' title="bbox 394 3581 3621 3664">
    <p class='ocr_par' dir='ltr' id='par_1_38' title="bbox 394 3581 3621 3664">
     <span class='ocr_line' id='line_1_39' title="bbox 394 3581 3621 3664; baseline -0 -26"><span class='ocrx_word' id='word_1_529' title='bbox 394 3582 599 3651; x_wconf 88' lang='lat' dir='ltr'><strong>reliqua</strong></span> <span class='ocrx_word' id='word_1_530' title='bbox 632 3581 900 3650; x_wconf 84' lang='lat' dir='ltr'><strong>insecuta,</strong></span> <span class='ocrx_word' id='word_1_531' title='bbox 932 3583 1223 3642; x_wconf 74' lang='lat' dir='ltr'><strong>concitavit</strong></span> <span class='ocrx_word' id='word_1_532' title='bbox 1249 3600 1309 3642; x_wconf 87' lang='lat' dir='ltr'><strong>se</strong></span> <span class='ocrx_word' id='word_1_533' title='bbox 1348 3586 1418 3664; x_wconf 78' lang='lat' dir='ltr'><strong>ad</strong></span> <span class='ocrx_word' id='word_1_534' title='bbox 1447 3585 1809 3657; x_wconf 72' lang='lat' dir='ltr'><strong>effugiendum</strong></span> <span class='ocrx_word' id='word_1_535' title='bbox 1842 3586 1958 3664; x_wconf 51' lang='lat' dir='ltr'><strong>M3,</strong></span> <span class='ocrx_word' id='word_1_536' title='bbox 2057 3581 2203 3637; x_wconf 86' lang='lat' dir='ltr'><strong>dicta</strong></span> <span class='ocrx_word' id='word_1_537' title='bbox 2242 3590 2389 3649; x_wconf 89' lang='lat' dir='ltr'><strong>sunt,</strong></span> <span class='ocrx_word' id='word_1_538' title='bbox 2425 3583 2605 3638; x_wconf 90' lang='lat' dir='ltr'><strong>scribo</strong></span> <span class='ocrx_word' id='word_1_539' title='bbox 2640 3584 2756 3648; x_wconf 89' lang='lat' dir='ltr'><strong>tibi,</strong></span> <span class='ocrx_word' id='word_1_540' title='bbox 2784 3586 2963 3641; x_wconf 88' lang='lat' dir='ltr'><strong>sciens</strong></span> <span class='ocrx_word' id='word_1_541' title='bbox 2995 3585 3122 3655; x_wconf 90' lang='lat' dir='ltr'><strong>quia</strong></span> <span class='ocrx_word' id='word_1_542' title='bbox 3146 3601 3214 3640; x_wconf 86' lang='lat' dir='ltr'><strong>ex</strong></span> <span class='ocrx_word' id='word_1_543' title='bbox 3239 3584 3306 3639; x_wconf 92' lang='lat' dir='ltr'><strong>iis</strong></span> <span class='ocrx_word' id='word_1_544' title='bbox 3335 3584 3496 3638; x_wconf 89' lang='lat' dir='ltr'><strong>etiam</strong></span> <span class='ocrx_word' id='word_1_545' title='bbox 3528 3598 3621 3637; x_wconf 83' lang='lat' dir='ltr'><strong>re-</strong></span> 
     </span>
    </p>
   </div>
   <div class='ocr_carea' id='block_1_39' title="bbox 392 3661 3623 3758">
    <p class='ocr_par' dir='ltr' id='par_1_39' title="bbox 392 3661 3623 3758">
     <span class='ocr_line' id='line_1_40' title="bbox 392 3661 3623 3758; baseline 0.001 -32"><span class='ocrx_word' id='word_1_546' title='bbox 392 3687 540 3758; x_wconf 80' lang='lat' dir='ltr'><strong>nein.</strong></span> <span class='ocrx_word' id='word_1_547' title='bbox 575 3671 731 3739; x_wconf 87' lang='lat' dir='ltr'><strong>Quod</strong></span> <span class='ocrx_word' id='word_1_548' title='bbox 774 3688 896 3729; x_wconf 93' lang='lat' dir='ltr'><strong>cum</strong></span> <span class='ocrx_word' id='word_1_549' title='bbox 933 3674 1255 3758; x_wconf 80' lang='lat' dir='ltr'><strong>pervidisset</strong></span> <span class='ocrx_word' id='word_1_550' title='bbox 1301 3661 1621 3755; x_wconf 77' lang='lat' dir='ltr'><strong>Archelaus,</strong></span> <span class='ocrx_word' id='word_1_551' title='bbox 1658 3661 1954 3752; x_wconf 11' lang='lat' dir='ltr'><strong>elevata’in</strong></span> <span class='ocrx_word' id='word_1_552' title='bbox 2058 3671 2208 3742; x_wconf 84' lang='lat' dir='ltr'><strong>liqua</strong></span> <span class='ocrx_word' id='word_1_553' title='bbox 2242 3673 2525 3754; x_wconf 78' lang='lat' dir='ltr'><strong>intelliges.</strong></span> <span class='ocrx_word' id='word_1_554' title='bbox 2558 3672 2709 3757; x_wconf 78' lang='lat' dir='ltr'><strong>Nosti</strong></span> <span class='ocrx_word' id='word_1_555' title='bbox 2742 3676 2869 3753; x_wconf 85' lang='lat' dir='ltr'><strong>quia</strong></span> <span class='ocrx_word' id='word_1_556' title='bbox 2898 3691 3103 3731; x_wconf 90' lang='lat' dir='ltr'><strong>morem</strong></span> <span class='ocrx_word' id='word_1_557' title='bbox 3135 3676 3282 3758; x_wconf 86' lang='lat' dir='ltr'><strong>hunc</strong></span> <span class='ocrx_word' id='word_1_558' title='bbox 3303 3674 3623 3745; x_wconf 86' lang='lat' dir='ltr'><strong>habentqui</strong></span> 
     </span>
    </p>
   </div>
   <div class='ocr_carea' id='block_1_40' title="bbox 391 3754 3624 3849">
    <p class='ocr_par' dir='ltr' id='par_1_40' title="bbox 391 3754 3624 3849">
     <span class='ocr_line' id='line_1_41' title="bbox 391 3754 3624 3849; baseline 0 -29"><span class='ocrx_word' id='word_1_559' title='bbox 391 3754 612 3849; x_wconf 79' lang='lat' dir='ltr'><strong>modum</strong></span> <span class='ocrx_word' id='word_1_560' title='bbox 646 3766 789 3847; x_wconf 72' lang='lat' dir='ltr'><strong>tubae</strong></span> <span class='ocrx_word' id='word_1_561' title='bbox 815 3781 945 3827; x_wconf 87' lang='lat' dir='ltr'><strong>voce</strong></span> <span class='ocrx_word' id='word_1_562' title='bbox 970 3780 1089 3847; x_wconf 69' lang='lat' dir='ltr'><strong>sua,</strong></span> <span class='ocrx_word' id='word_1_563' title='bbox 1119 3754 1518 3822; x_wconf 83' lang='lat' dir='ltr'><strong>multitudinem</strong></span> <span class='ocrx_word' id='word_1_564' title='bbox 1551 3769 1777 3839; x_wconf 85' lang='lat' dir='ltr'><strong>cupiens</strong></span> <span class='ocrx_word' id='word_1_565' title='bbox 1804 3769 1956 3824; x_wconf 82' lang='lat' dir='ltr'><strong>colli-</strong></span> <span class='ocrx_word' id='word_1_566' title='bbox 2056 3762 2251 3833; x_wconf 80' lang='lat' dir='ltr'><strong>dogma</strong></span> <span class='ocrx_word' id='word_1_567' title='bbox 2282 3764 2499 3845; x_wconf 84' lang='lat' dir='ltr'><strong>aliquod</strong></span> <span class='ocrx_word' id='word_1_568' title='bbox 2544 3754 2785 3846; x_wconf 79' lang='lat' dir='ltr'><strong>asserere</strong></span> <span class='ocrx_word' id='word_1_569' title='bbox 2827 3767 3033 3834; x_wconf 89' lang='lat' dir='ltr'><strong>volunt,</strong></span> <span class='ocrx_word' id='word_1_570' title='bbox 3064 3756 3495 3838; x_wconf 81' lang='lat' dir='ltr'><strong>utquaecunque</strong></span> <span class='ocrx_word' id='word_1_571' title='bbox 3525 3782 3624 3820; x_wconf 74' lang='lat' dir='ltr'><strong>vo-</strong></span> 
     </span>
    </p>
   </div>
   <div class='ocr_carea' id='block_1_41' title="bbox 391 3842 3615 3939">
    <p class='ocr_par' dir='ltr' id='par_1_41' title="bbox 391 3842 3615 3939">
     <span class='ocr_line' id='line_1_42' title="bbox 391 3842 3615 3939; baseline 0.002 -24"><span class='ocrx_word' id='word_1_572' title='bbox 391 3842 539 3924; x_wconf 78' lang='lat' dir='ltr'><strong>bere,</strong></span> <span class='ocrx_word' id='word_1_573' title='bbox 565 3842 681 3939; x_wconf 11' lang='lat' dir='ltr'><strong>alti:</strong></span> <span class='ocrx_word' id='word_1_574' title='bbox 714 3858 953 3938; x_wconf 67' lang='lat' dir='ltr'><strong>Cessate,</strong></span> <span class='ocrx_word' id='word_1_575' title='bbox 976 3842 1183 3923; x_wconf 76' lang='lat' dir='ltr'><strong>fratres</strong></span> <span class='ocrx_word' id='word_1_576' title='bbox 1213 3860 1415 3925; x_wconf 80' lang='lat' dir='ltr'><strong>dilecti,</strong></span> <span class='ocrx_word' id='word_1_577' title='bbox 1444 3876 1511 3916; x_wconf 89' lang='lat' dir='ltr'><strong>ne</strong></span> <span class='ocrx_word' id='word_1_578' title='bbox 1543 3860 1680 3916; x_wconf 77' lang='lat' dir='ltr'><strong>forte</strong></span> <span class='ocrx_word' id='word_1_579' title='bbox 1716 3863 1790 3917; x_wconf 91' lang='lat' dir='ltr'><strong>rei</strong></span> <span class='ocrx_word' id='word_1_580' title='bbox 1829 3879 1957 3933; x_wconf 84' lang='lat' dir='ltr'><strong>san-</strong></span> <span class='ocrx_word' id='word_1_581' title='bbox 2055 3853 2261 3935; x_wconf 70' lang='lat' dir='ltr'><strong>iuerint</strong></span> <span class='ocrx_word' id='word_1_582' title='bbox 2289 3856 2355 3911; x_wconf 93' lang='lat' dir='ltr'><strong>de</strong></span> <span class='ocrx_word' id='word_1_583' title='bbox 2376 3842 2677 3927; x_wconf 29' lang='lat' dir='ltr'><strong>&#39;Scripturis</strong></span> <span class='ocrx_word' id='word_1_584' title='bbox 2702 3842 3013 3937; x_wconf 63' lang='lat' dir='ltr'><strong>assumere,</strong></span> <span class='ocrx_word' id='word_1_585' title='bbox 3041 3858 3157 3930; x_wconf 59' lang='lat' dir='ltr'><strong>hinc</strong></span> <span class='ocrx_word' id='word_1_586' title='bbox 3180 3859 3505 3928; x_wconf 76' lang='lat' dir='ltr'><strong>propensius</strong></span> <span class='ocrx_word' id='word_1_587' title='bbox 3527 3857 3615 3912; x_wconf 69' lang='lat' dir='ltr'><strong>Sili</strong></span> 
     </span>
    </p>
   </div>
   <div class='ocr_carea' id='block_1_42' title="bbox 390 3932 3613 4037">
    <p class='ocr_par' dir='ltr' id='par_1_42' title="bbox 390 3932 3613 4037">
     <span class='ocr_line' id='line_1_43' title="bbox 390 3932 3613 4037; baseline 0.001 -37"><span class='ocrx_word' id='word_1_588' title='bbox 390 3938 573 4037; x_wconf 47' lang='lat' dir='ltr'><strong>guinis</strong></span> <span class='ocrx_word' id='word_1_589' title='bbox 604 3932 943 4031; x_wconf 60' lang='lat' dir='ltr'><strong>inveniamur</strong></span> <span class='ocrx_word' id='word_1_590' title='bbox 970 3952 1025 4007; x_wconf 84' lang='lat' dir='ltr'><strong>in</strong></span> <span class='ocrx_word' id='word_1_591' title='bbox 1050 3953 1136 4031; x_wconf 80' lang='lat' dir='ltr'><strong>die</strong></span> <span class='ocrx_word' id='word_1_592' title='bbox 1152 3953 1376 4023; x_wconf 67' lang='lat' dir='ltr'><strong>iudicii;</strong></span> <span class='ocrx_word' id='word_1_593' title='bbox 1412 3954 1673 4024; x_wconf 65' lang='lat' dir='ltr'><strong>scriptum</strong></span> <span class='ocrx_word' id='word_1_594' title='bbox 1706 3965 1786 4011; x_wconf 73' lang='grc' dir='ltr'><strong>εει</strong></span> <span class='ocrx_word' id='word_1_595' title='bbox 1809 3955 1955 4011; x_wconf 73' lang='lat' dir='ltr'><strong>enim</strong></span> <span class='ocrx_word' id='word_1_596' title='bbox 2057 3932 2407 4017; x_wconf 82' lang='lat' dir='ltr'><strong>intelligentia</strong></span> <span class='ocrx_word' id='word_1_597' title='bbox 2438 3948 2750 4028; x_wconf 85' lang='lat' dir='ltr'><strong>depravent.</strong></span> <span class='ocrx_word' id='word_1_598' title='bbox 2782 3932 2886 4003; x_wconf 85' lang='lat' dir='ltr'><strong>Sed</strong></span> <span class='ocrx_word' id='word_1_599' title='bbox 2912 3932 3015 4005; x_wconf 84' lang='lat' dir='ltr'><strong>hoc</strong></span> <span class='ocrx_word' id='word_1_600' title='bbox 3039 3951 3374 4027; x_wconf 70' lang='lat' dir='ltr'><strong>praevelﬁens</strong></span> <span class='ocrx_word' id='word_1_601' title='bbox 3399 3961 3613 4019; x_wconf 87' lang='lat' dir='ltr'><strong>aposto-</strong></span> 
     </span>
    </p>
   </div>
   <div class='ocr_carea' id='block_1_43' title="bbox 391 4040 3618 4127">
    <p class='ocr_par' dir='ltr' id='par_1_43' title="bbox 391 4040 3618 4127">
     <span class='ocr_line' id='line_1_44' title="bbox 391 4040 3618 4127; baseline -0.002 -27"><span class='ocrx_word' id='word_1_602' title='bbox 391 4044 460 4123; x_wconf 83' lang='lat' dir='ltr'><strong>de</strong></span> <span class='ocrx_word' id='word_1_603' title='bbox 491 4046 709 4127; x_wconf 79' lang='lat' dir='ltr'><strong>talibus,</strong></span> <span class='ocrx_word' id='word_1_604' title='bbox 739 4046 867 4116; x_wconf 88' lang='lat' dir='ltr'><strong>quia</strong></span> <span class='ocrx_word' id='word_1_605' title='bbox 902 4064 921 4096; x_wconf 74' lang='grc' dir='ltr'><strong>ι</strong></span> <span class='ocrx_word' id='word_1_606' title='bbox 950 4055 1163 4116; x_wconf 83' lang='lat' dir='ltr'><strong>oportet</strong></span> <span class='ocrx_word' id='word_1_607' title='bbox 1189 4055 1242 4102; x_wconf 92' lang='lat' dir='ltr'><strong>et</strong></span> <span class='ocrx_word' id='word_1_608' title='bbox 1266 4047 1497 4104; x_wconf 64' lang='lat' dir='ltr'><strong>haereses</strong></span> <span class='ocrx_word' id='word_1_609' title='bbox 1524 4063 1646 4105; x_wconf 91' lang='lat' dir='ltr'><strong>esse</strong></span> <span class='ocrx_word' id='word_1_610' title='bbox 1676 4049 1815 4109; x_wconf 83' lang='lat' dir='ltr'><strong>inter</strong></span> <span class='ocrx_word' id='word_1_611' title='bbox 1834 4064 1953 4113; x_wconf 80' lang='lat' dir='ltr'><strong>vos,</strong></span> <span class='ocrx_word' id='word_1_612' title='bbox 2057 4040 2196 4119; x_wconf 81' lang='lat' dir='ltr'><strong>licus</strong></span> <span class='ocrx_word' id='word_1_613' title='bbox 2224 4045 2443 4095; x_wconf 89' lang='lat' dir='ltr'><strong>denotat</strong></span> <span class='ocrx_word' id='word_1_614' title='bbox 2470 4057 2671 4109; x_wconf 87' lang='lat' dir='ltr'><strong>sermo,</strong></span> <span class='ocrx_word' id='word_1_615' title='bbox 2697 4042 2881 4097; x_wconf 87' lang='lat' dir='ltr'><strong>dicens</strong></span> <span class='ocrx_word' id='word_1_616' title='bbox 2909 4061 2921 4095; x_wconf 88' lang='lat'><strong>:</strong></span> <span class='ocrx_word' id='word_1_617' title='bbox 2952 4062 2971 4093; x_wconf 73' lang='grc' dir='ltr'><strong>ι</strong></span> <span class='ocrx_word' id='word_1_618' title='bbox 3000 4040 3057 4096; x_wconf 91' lang='lat' dir='ltr'><strong>Si</strong></span> <span class='ocrx_word' id='word_1_619' title='bbox 3092 4043 3214 4116; x_wconf 87' lang='lat' dir='ltr'><strong>quis</strong></span> <span class='ocrx_word' id='word_1_620' title='bbox 3236 4043 3392 4097; x_wconf 86' lang='lat' dir='ltr'><strong>vobis</strong></span> <span class='ocrx_word' id='word_1_621' title='bbox 3405 4057 3618 4096; x_wconf 82' lang='lat' dir='ltr'><strong>annun-</strong></span> 
     </span>
    </p>
   </div>
   <div class='ocr_carea' id='block_1_44' title="bbox 389 4123 1968 4217">
    <p class='ocr_par' dir='ltr' id='par_1_44' title="bbox 389 4123 1956 4217">
     <span class='ocr_line' id='line_1_45' title="bbox 389 4123 1956 4217; baseline 0.003 -24"><span class='ocrx_word' id='word_1_622' title='bbox 389 4123 561 4217; x_wconf 84' lang='lat' dir='ltr'><strong>utqui</strong></span> <span class='ocrx_word' id='word_1_623' title='bbox 585 4138 794 4207; x_wconf 90' lang='lat' dir='ltr'><strong>probati</strong></span> <span class='ocrx_word' id='word_1_624' title='bbox 813 4147 958 4201; x_wconf 91' lang='lat' dir='ltr'><strong>sunt,</strong></span> <span class='ocrx_word' id='word_1_625' title='bbox 983 4137 1254 4211; x_wconf 86' lang='lat' dir='ltr'><strong>manifesti</strong></span> <span class='ocrx_word' id='word_1_626' title='bbox 1285 4137 1416 4193; x_wconf 84' lang='lat' dir='ltr'><strong>fiant</strong></span> <span class='ocrx_word' id='word_1_627' title='bbox 1457 4139 1596 4194; x_wconf 90' lang='lat' dir='ltr'><strong>inter</strong></span> <span class='ocrx_word' id='word_1_628' title='bbox 1625 4155 1718 4197; x_wconf 87' lang='lat' dir='ltr'><strong>vos</strong></span> <span class='ocrx_word' id='word_1_629' title='bbox 1740 4140 1802 4195; x_wconf 74' lang='grc'><strong>⁸³.</strong></span> <span class='ocrx_word' id='word_1_630' title='bbox 1850 4161 1870 4195; x_wconf 74' lang='grc' dir='ltr'><strong>ι</strong></span> <span class='ocrx_word' id='word_1_631' title='bbox 1890 4141 1956 4197; x_wconf 85' lang='lat' dir='ltr'><strong>Et</strong></span> 
     </span>
    </p>
   </div>
   <div class='ocr_carea' id='block_1_45' title="bbox 2031 4123 3610 4217">
    <p class='ocr_par' dir='ltr' id='par_1_45' title="bbox 2055 4123 3610 4213">
     <span class='ocr_line' id='line_1_46' title="bbox 2055 4123 3610 4213; baseline -0.002 -26"><span class='ocrx_word' id='word_1_632' title='bbox 2055 4134 2269 4188; x_wconf 88' lang='lat' dir='ltr'><strong>tiaverit</strong></span> <span class='ocrx_word' id='word_1_633' title='bbox 2306 4143 2499 4205; x_wconf 69' lang='lat' dir='ltr'><strong>praeter</strong></span> <span class='ocrx_word' id='word_1_634' title='bbox 2540 4134 2682 4204; x_wconf 90' lang='lat' dir='ltr'><strong>quod</strong></span> <span class='ocrx_word' id='word_1_635' title='bbox 2731 4123 3036 4206; x_wconf 79' lang='lat' dir='ltr'><strong>accepistis,</strong></span> <span class='ocrx_word' id='word_1_636' title='bbox 3085 4135 3370 4213; x_wconf 82' lang='lat' dir='ltr'><strong>anathema</strong></span> <span class='ocrx_word' id='word_1_637' title='bbox 3401 4134 3473 4188; x_wconf 91' lang='lat' dir='ltr'><strong>sit</strong></span> <span class='ocrx_word' id='word_1_638' title='bbox 3495 4133 3561 4186; x_wconf 82' lang='grc'><strong>⁸⁸.</strong></span> <span class='ocrx_word' id='word_1_639' title='bbox 3590 4152 3610 4184; x_wconf 75' lang='grc' dir='ltr'><strong>ι</strong></span> 
     </span>
    </p>
   </div>
   <div class='ocr_carea' id='block_1_46' title="bbox 392 4227 1971 4307">
    <p class='ocr_par' dir='ltr' id='par_1_46' title="bbox 392 4228 1956 4307">
     <span class='ocr_line' id='line_1_47' title="bbox 392 4228 1956 4307; baseline 0.004 -25"><span class='ocrx_word' id='word_1_640' title='bbox 392 4229 486 4307; x_wconf 70' lang='grc' dir='ltr'><strong>ἰῆς»¹</strong></span> <span class='ocrx_word' id='word_1_641' title='bbox 507 4230 686 4296; x_wconf 91' lang='lat' dir='ltr'><strong>dictis,</strong></span> <span class='ocrx_word' id='word_1_642' title='bbox 717 4230 916 4285; x_wconf 64' lang='lat' dir='ltr'><strong>sedata:</strong></span> <span class='ocrx_word' id='word_1_643' title='bbox 941 4239 1069 4286; x_wconf 90' lang='lat' dir='ltr'><strong>sunt</strong></span> <span class='ocrx_word' id='word_1_644' title='bbox 1097 4228 1581 4299; x_wconf 64' lang='lat' dir='ltr'><strong>turbae&#39;Quonianl</strong></span> <span class='ocrx_word' id='word_1_645' title='bbox 1606 4248 1732 4290; x_wconf 86' lang='lat' dir='ltr'><strong>vero</strong></span> <span class='ocrx_word' id='word_1_646' title='bbox 1753 4235 1956 4304; x_wconf 91' lang='lat' dir='ltr'><strong>placuit</strong></span> 
     </span>
    </p>
   </div>
   <div class='ocr_carea' id='block_1_47' title="bbox 2039 4227 3618 4307">
    <p class='ocr_par' dir='ltr' id='par_1_47' title="bbox 2056 4227 3618 4307">
     <span class='ocr_line' id='line_1_48' title="bbox 2056 4227 3618 4307; baseline 0 -26"><span class='ocrx_word' id='word_1_647' title='bbox 2056 4227 2240 4305; x_wconf 85' lang='lat' dir='ltr'><strong>Itaque</strong></span> <span class='ocrx_word' id='word_1_648' title='bbox 2259 4236 2381 4300; x_wconf 90' lang='lat' dir='ltr'><strong>post</strong></span> <span class='ocrx_word' id='word_1_649' title='bbox 2401 4227 2516 4281; x_wconf 77' lang='lat' dir='ltr'><strong>luec</strong></span> <span class='ocrx_word' id='word_1_650' title='bbox 2537 4242 2657 4307; x_wconf 57' lang='lat' dir='ltr'><strong>quae</strong></span> <span class='ocrx_word' id='word_1_651' title='bbox 2684 4229 2852 4283; x_wconf 87' lang='lat' dir='ltr'><strong>semel</strong></span> <span class='ocrx_word' id='word_1_652' title='bbox 2874 4229 2942 4283; x_wconf 89' lang='lat' dir='ltr'><strong>ab</strong></span> <span class='ocrx_word' id='word_1_653' title='bbox 2964 4227 3222 4298; x_wconf 86' lang='lat' dir='ltr'><strong>apostolis</strong></span> <span class='ocrx_word' id='word_1_654' title='bbox 3244 4228 3443 4282; x_wconf 87' lang='lat' dir='ltr'><strong>tradita</strong></span> <span class='ocrx_word' id='word_1_655' title='bbox 3464 4237 3618 4293; x_wconf 86' lang='lat' dir='ltr'><strong>sunt,</strong></span> 
     </span>
    </p>
   </div>
   <div class='ocr_carea' id='block_1_48' title="bbox 387 4305 3618 4399">
    <p class='ocr_par' dir='ltr' id='par_1_48' title="bbox 387 4305 3618 4399">
     <span class='ocr_line' id='line_1_49' title="bbox 387 4305 3618 4399; baseline -0 -25"><span class='ocrx_word' id='word_1_656' title='bbox 387 4305 644 4398; x_wconf 77' lang='lat' dir='ltr'><strong>Marcello</strong></span> <span class='ocrx_word' id='word_1_657' title='bbox 673 4320 1098 4392; x_wconf 88' lang='lat' dir='ltr'><strong>disputationem</strong></span> <span class='ocrx_word' id='word_1_658' title='bbox 1129 4323 1271 4377; x_wconf 90' lang='lat' dir='ltr'><strong>hanc</strong></span> <span class='ocrx_word' id='word_1_659' title='bbox 1299 4322 1474 4392; x_wconf 82' lang='lat' dir='ltr'><strong>excipi</strong></span> <span class='ocrx_word' id='word_1_660' title='bbox 1502 4335 1663 4392; x_wconf 90' lang='lat' dir='ltr'><strong>atque</strong></span> <span class='ocrx_word' id='word_1_661' title='bbox 1695 4324 1974 4392; x_wconf 65' lang='lat' dir='ltr'><strong>describi,</strong></span> <span class='ocrx_word' id='word_1_662' title='bbox 2054 4319 2198 4374; x_wconf 91' lang='lat' dir='ltr'><strong>ultra</strong></span> <span class='ocrx_word' id='word_1_663' title='bbox 2237 4332 2342 4399; x_wconf 82' lang='lat' dir='ltr'><strong>non</strong></span> <span class='ocrx_word' id='word_1_664' title='bbox 2384 4326 2597 4395; x_wconf 80' lang='lat' dir='ltr'><strong>oportet</strong></span> <span class='ocrx_word' id='word_1_665' title='bbox 2617 4305 2924 4389; x_wconf 83' lang='lat' dir='ltr'><strong>quidquam</strong></span> <span class='ocrx_word' id='word_1_666' title='bbox 2955 4319 3100 4397; x_wconf 86' lang='lat' dir='ltr'><strong>aliud</strong></span> <span class='ocrx_word' id='word_1_667' title='bbox 3136 4320 3412 4387; x_wconf 87' lang='lat' dir='ltr'><strong>suscipere</strong></span> <span class='ocrx_word' id='word_1_668' title='bbox 3444 4318 3618 4373; x_wconf 83' lang='lat' dir='ltr'><strong>disci-</strong></span> 
     </span>
    </p>
   </div>
   <div class='ocr_carea' id='block_1_49' title="bbox 387 4394 3618 4489">
    <p class='ocr_par' dir='ltr' id='par_1_49' title="bbox 387 4394 3618 4489">
     <span class='ocr_line' id='line_1_50' title="bbox 387 4394 3618 4489; baseline -0.002 -19"><span class='ocrx_word' id='word_1_669' title='bbox 387 4394 761 4489; x_wconf 79' lang='lat' dir='ltr'><strong>contradicere</strong></span> <span class='ocrx_word' id='word_1_670' title='bbox 791 4431 898 4470; x_wconf 92' lang='lat' dir='ltr'><strong>non</strong></span> <span class='ocrx_word' id='word_1_671' title='bbox 933 4404 1108 4485; x_wconf 83' lang='lat' dir='ltr'><strong>potui,</strong></span> <span class='ocrx_word' id='word_1_672' title='bbox 1139 4416 1383 4485; x_wconf 82' lang='lat' dir='ltr'><strong>conlisus</strong></span> <span class='ocrx_word' id='word_1_673' title='bbox 1416 4415 1482 4470; x_wconf 91' lang='lat' dir='ltr'><strong>de</strong></span> <span class='ocrx_word' id='word_1_674' title='bbox 1511 4415 1843 4487; x_wconf 89' lang='lat' dir='ltr'><strong>benignitate</strong></span> <span class='ocrx_word' id='word_1_675' title='bbox 1871 4417 1950 4471; x_wconf 88' lang='lat' dir='ltr'><strong>le-</strong></span> <span class='ocrx_word' id='word_1_676' title='bbox 2053 4412 2242 4480; x_wconf 88' lang='lat' dir='ltr'><strong>pulum</strong></span> <span class='ocrx_word' id='word_1_677' title='bbox 2284 4394 2506 4489; x_wconf 85' lang='lat' dir='ltr'><strong>Christi.</strong></span> <span class='ocrx_word' id='word_1_678' title='bbox 2538 4411 2737 4465; x_wconf 83' lang='lat' dir='ltr'><strong>Verum</strong></span> <span class='ocrx_word' id='word_1_679' title='bbox 2776 4426 2844 4464; x_wconf 88' lang='lat' dir='ltr'><strong>ne</strong></span> <span class='ocrx_word' id='word_1_680' title='bbox 2890 4394 3197 4466; x_wconf 88' lang='lat' dir='ltr'><strong>sermonem</strong></span> <span class='ocrx_word' id='word_1_681' title='bbox 3233 4412 3450 4481; x_wconf 81' lang='lat' dir='ltr'><strong>longius</strong></span> <span class='ocrx_word' id='word_1_682' title='bbox 3487 4425 3618 4480; x_wconf 84' lang='lat' dir='ltr'><strong>pro-</strong></span> 
     </span>
    </p>
   </div>
   <div class='ocr_carea' id='block_1_50' title="bbox 386 4494 3617 4591">
    <p class='ocr_par' dir='ltr' id='par_1_50' title="bbox 386 4494 3617 4591">
     <span class='ocr_line' id='line_1_51' title="bbox 386 4494 3617 4591; baseline -0.002 -29"><span class='ocrx_word' id='word_1_683' title='bbox 386 4508 650 4587; x_wconf 78' lang='lat' dir='ltr'><strong>gentium,</strong></span> <span class='ocrx_word' id='word_1_684' title='bbox 680 4509 824 4579; x_wconf 88' lang='lat' dir='ltr'><strong>quod</strong></span> <span class='ocrx_word' id='word_1_685' title='bbox 858 4507 1070 4563; x_wconf 88' lang='lat' dir='ltr'><strong>veniam</strong></span> <span class='ocrx_word' id='word_1_686' title='bbox 1097 4494 1334 4572; x_wconf 80' lang='lat' dir='ltr'><strong>dabunt,</strong></span> <span class='ocrx_word' id='word_1_687' title='bbox 1376 4509 1425 4562; x_wconf 92' lang='lat' dir='ltr'><strong>si</strong></span> <span class='ocrx_word' id='word_1_688' title='bbox 1466 4508 1595 4578; x_wconf 90' lang='lat' dir='ltr'><strong>quid</strong></span> <span class='ocrx_word' id='word_1_689' title='bbox 1640 4508 1947 4579; x_wconf 91' lang='lat' dir='ltr'><strong>imperitum</strong></span> <span class='ocrx_word' id='word_1_690' title='bbox 1981 4537 2024 4591; x_wconf 72' lang='grc' dir='ltr'><strong>ο</strong></span> <span class='ocrx_word' id='word_1_691' title='bbox 2056 4502 2292 4573; x_wconf 87' lang='lat' dir='ltr'><strong>traham,</strong></span> <span class='ocrx_word' id='word_1_692' title='bbox 2320 4501 2386 4557; x_wconf 89' lang='lat' dir='ltr'><strong>ad</strong></span> <span class='ocrx_word' id='word_1_693' title='bbox 2409 4501 2936 4581; x_wconf 29' lang='lat' dir='ltr'><strong>propositquredeo.</strong></span> <span class='ocrx_word' id='word_1_694' title='bbox 2969 4499 3161 4575; x_wconf 77' lang='lat' dir='ltr'><strong>Legem</strong></span> <span class='ocrx_word' id='word_1_695' title='bbox 3192 4500 3463 4572; x_wconf 82' lang='lat' dir='ltr'><strong>Moysi,ut</strong></span> <span class='ocrx_word' id='word_1_696' title='bbox 3491 4501 3617 4555; x_wconf 83' lang='lat' dir='ltr'><strong>bre-</strong></span> 
     </span>
    </p>
   </div>
   <div class='ocr_carea' id='block_1_51' title="bbox 384 4591 3614 4680">
    <p class='ocr_par' dir='ltr' id='par_1_51' title="bbox 384 4591 3614 4680">
     <span class='ocr_line' id='line_1_52' title="bbox 384 4591 3614 4680; baseline -0.004 -21"><span class='ocrx_word' id='word_1_697' title='bbox 384 4608 481 4659; x_wconf 77' lang='lat' dir='ltr'><strong>aut</strong></span> <span class='ocrx_word' id='word_1_698' title='bbox 507 4601 772 4680; x_wconf 79' lang='lat' dir='ltr'><strong>rusticum</strong></span> <span class='ocrx_word' id='word_1_699' title='bbox 806 4598 1021 4654; x_wconf 88' lang='lat' dir='ltr'><strong>sonabit</strong></span> <span class='ocrx_word' id='word_1_700' title='bbox 1047 4598 1258 4665; x_wconf 89' lang='lat' dir='ltr'><strong>oratio;</strong></span> <span class='ocrx_word' id='word_1_701' title='bbox 1304 4599 1408 4654; x_wconf 88' lang='lat' dir='ltr'><strong>hoc</strong></span> <span class='ocrx_word' id='word_1_702' title='bbox 1440 4599 1583 4653; x_wconf 88' lang='lat' dir='ltr'><strong>enim</strong></span> <span class='ocrx_word' id='word_1_703' title='bbox 1621 4609 1830 4654; x_wconf 89' lang='lat' dir='ltr'><strong>tantum</strong></span> <span class='ocrx_word' id='word_1_704' title='bbox 1867 4609 1977 4654; x_wconf 78' lang='lat' dir='ltr'><strong>est.</strong></span> <span class='ocrx_word' id='word_1_705' title='bbox 2052 4595 2189 4651; x_wconf 88' lang='lat' dir='ltr'><strong>viter</strong></span> <span class='ocrx_word' id='word_1_706' title='bbox 2217 4595 2416 4660; x_wconf 88' lang='lat' dir='ltr'><strong>dicam,</strong></span> <span class='ocrx_word' id='word_1_707' title='bbox 2447 4592 2658 4648; x_wconf 89' lang='lat' dir='ltr'><strong>dicebat</strong></span> <span class='ocrx_word' id='word_1_708' title='bbox 2680 4591 2769 4645; x_wconf 91' lang='lat' dir='ltr'><strong>hic</strong></span> <span class='ocrx_word' id='word_1_709' title='bbox 2790 4608 2900 4646; x_wconf 89' lang='lat' dir='ltr'><strong>non</strong></span> <span class='ocrx_word' id='word_1_710' title='bbox 2925 4608 3044 4647; x_wconf 90' lang='lat' dir='ltr'><strong>esse</strong></span> <span class='ocrx_word' id='word_1_711' title='bbox 3064 4592 3157 4647; x_wconf 90' lang='lat' dir='ltr'><strong>Dei</strong></span> <span class='ocrx_word' id='word_1_712' title='bbox 3187 4594 3310 4647; x_wconf 86' lang='lat' dir='ltr'><strong>boni</strong></span> <span class='ocrx_word' id='word_1_713' title='bbox 3334 4593 3426 4648; x_wconf 85' lang='lat' dir='ltr'><strong>sed</strong></span> <span class='ocrx_word' id='word_1_714' title='bbox 3451 4592 3614 4669; x_wconf 86' lang='lat' dir='ltr'><strong>mali-</strong></span> 
     </span>
    </p>
   </div>
   <div class='ocr_carea' id='block_1_52' title="bbox 383 4685 3617 4766">
    <p class='ocr_par' dir='ltr' id='par_1_52' title="bbox 383 4685 3617 4766">
     <span class='ocr_line' id='line_1_53' title="bbox 383 4685 3617 4766; baseline -0.002 -20"><span class='ocrx_word' id='word_1_715' title='bbox 383 4692 531 4761; x_wconf 90' lang='lat' dir='ltr'><strong>quod</strong></span> <span class='ocrx_word' id='word_1_716' title='bbox 565 4692 871 4757; x_wconf 90' lang='lat' dir='ltr'><strong>studemus,</strong></span> <span class='ocrx_word' id='word_1_717' title='bbox 919 4701 980 4747; x_wconf 87' lang='lat' dir='ltr'><strong>ut</strong></span> <span class='ocrx_word' id='word_1_718' title='bbox 1027 4692 1104 4746; x_wconf 90' lang='lat' dir='ltr'><strong>rei</strong></span> <span class='ocrx_word' id='word_1_719' title='bbox 1154 4700 1317 4761; x_wconf 65' lang='lat' dir='ltr'><strong>gesta:</strong></span> <span class='ocrx_word' id='word_1_720' title='bbox 1369 4692 1605 4763; x_wconf 82' lang='lat' dir='ltr'><strong>cognitio</strong></span> <span class='ocrx_word' id='word_1_721' title='bbox 1646 4692 1946 4755; x_wconf 85' lang='lat' dir='ltr'><strong>studiosum</strong></span> <span class='ocrx_word' id='word_1_722' title='bbox 2054 4690 2145 4760; x_wconf 86' lang='lat' dir='ltr'><strong>gni</strong></span> <span class='ocrx_word' id='word_1_723' title='bbox 2166 4688 2446 4759; x_wconf 88' lang='lat' dir='ltr'><strong>principis,</strong></span> <span class='ocrx_word' id='word_1_724' title='bbox 2474 4686 2790 4766; x_wconf 10' lang='lat' dir='ltr'><strong>necghabere</strong></span> <span class='ocrx_word' id='word_1_725' title='bbox 2813 4699 2930 4739; x_wconf 90' lang='lat' dir='ltr'><strong>eam</strong></span> <span class='ocrx_word' id='word_1_726' title='bbox 2952 4686 3245 4755; x_wconf 88' lang='lat' dir='ltr'><strong>quidquam</strong></span> <span class='ocrx_word' id='word_1_727' title='bbox 3269 4685 3617 4754; x_wconf 86' lang='lat' dir='ltr'><strong>cognationis</strong></span> 
     </span>
    </p>
   </div>
   <div class='ocr_carea' id='block_1_53' title="bbox 383 4778 3617 4857">
    <p class='ocr_par' dir='ltr' id='par_1_53' title="bbox 383 4778 3617 4857">
     <span class='ocr_line' id='line_1_54' title="bbox 383 4778 3617 4857; baseline -0.003 -18"><span class='ocrx_word' id='word_1_728' title='bbox 383 4799 658 4857; x_wconf 85' lang='lat' dir='ltr'><strong>quemque</strong></span> <span class='ocrx_word' id='word_1_729' title='bbox 683 4799 791 4838; x_wconf 91' lang='lat' dir='ltr'><strong>non</strong></span> <span class='ocrx_word' id='word_1_730' title='bbox 823 4784 1006 4839; x_wconf 86' lang='lat' dir='ltr'><strong>lateat.</strong></span> <span class='ocrx_word' id='word_1_731' title='bbox 1037 4784 1190 4851; x_wconf 84' lang='lat' dir='ltr'><strong>Tunc</strong></span> <span class='ocrx_word' id='word_1_732' title='bbox 1218 4797 1368 4853; x_wconf 88' lang='lat' dir='ltr'><strong>ergo,</strong></span> <span class='ocrx_word' id='word_1_733' title='bbox 1391 4798 1513 4853; x_wconf 80' lang='lat' dir='ltr'><strong>cum</strong></span> <span class='ocrx_word' id='word_1_734' title='bbox 1541 4782 1823 4854; x_wconf 65' lang='lat' dir='ltr'><strong>effugisset</strong></span> <span class='ocrx_word' id='word_1_735' title='bbox 1845 4781 1950 4839; x_wconf 83' lang='lat' dir='ltr'><strong>Ma-</strong></span> <span class='ocrx_word' id='word_1_736' title='bbox 2053 4781 2119 4838; x_wconf 84' lang='lat' dir='ltr'><strong>ad</strong></span> <span class='ocrx_word' id='word_1_737' title='bbox 2160 4794 2356 4854; x_wconf 80' lang='lat' dir='ltr'><strong>novam</strong></span> <span class='ocrx_word' id='word_1_738' title='bbox 2389 4780 2558 4849; x_wconf 80' lang='lat' dir='ltr'><strong>legem</strong></span> <span class='ocrx_word' id='word_1_739' title='bbox 2605 4780 2841 4847; x_wconf 84' lang='lat' dir='ltr'><strong>Christi,</strong></span> <span class='ocrx_word' id='word_1_740' title='bbox 2887 4780 2981 4836; x_wconf 88' lang='lat' dir='ltr'><strong>sed</strong></span> <span class='ocrx_word' id='word_1_741' title='bbox 3026 4792 3147 4834; x_wconf 88' lang='lat' dir='ltr'><strong>esse</strong></span> <span class='ocrx_word' id='word_1_742' title='bbox 3192 4778 3520 4833; x_wconf 84' lang='lat' dir='ltr'><strong>contrariam</strong></span> <span class='ocrx_word' id='word_1_743' title='bbox 3555 4786 3617 4853; x_wconf 78' lang='lat' dir='ltr'><strong>et</strong></span> 
     </span>
    </p>
   </div>
   <div class='ocr_carea' id='block_1_54' title="bbox 383 4870 3612 4957">
    <p class='ocr_par' dir='ltr' id='par_1_54' title="bbox 383 4870 3612 4957">
     <span class='ocr_line' id='line_1_55' title="bbox 383 4870 3612 4957; baseline -0.001 -28"><span class='ocrx_word' id='word_1_744' title='bbox 383 4890 504 4939; x_wconf 84' lang='lat' dir='ltr'><strong>nes,</strong></span> <span class='ocrx_word' id='word_1_745' title='bbox 534 4889 805 4957; x_wconf 83' lang='lat' dir='ltr'><strong>nusquam</strong></span> <span class='ocrx_word' id='word_1_746' title='bbox 830 4876 1155 4944; x_wconf 88' lang='lat' dir='ltr'><strong>comparuit.</strong></span> <span class='ocrx_word' id='word_1_747' title='bbox 1191 4874 1376 4930; x_wconf 88' lang='lat' dir='ltr'><strong>Turbo</strong></span> <span class='ocrx_word' id='word_1_748' title='bbox 1407 4888 1535 4929; x_wconf 89' lang='lat' dir='ltr'><strong>vero</strong></span> <span class='ocrx_word' id='word_1_749' title='bbox 1575 4874 1821 4929; x_wconf 89' lang='lat' dir='ltr'><strong>minister</strong></span> <span class='ocrx_word' id='word_1_750' title='bbox 1848 4873 1949 4926; x_wconf 83' lang='lat' dir='ltr'><strong>Ar-</strong></span> <span class='ocrx_word' id='word_1_751' title='bbox 2054 4872 2350 4936; x_wconf 89' lang='lat' dir='ltr'><strong>inimicam,</strong></span> <span class='ocrx_word' id='word_1_752' title='bbox 2386 4871 2610 4928; x_wconf 90' lang='lat' dir='ltr'><strong>alteram</strong></span> <span class='ocrx_word' id='word_1_753' title='bbox 2640 4874 2794 4928; x_wconf 87' lang='lat' dir='ltr'><strong>alteri</strong></span> <span class='ocrx_word' id='word_1_754' title='bbox 2823 4874 3196 4929; x_wconf 89' lang='lat' dir='ltr'><strong>obsistentem.</strong></span> <span class='ocrx_word' id='word_1_755' title='bbox 3228 4870 3340 4943; x_wconf 82' lang='lat' dir='ltr'><strong>Ego</strong></span> <span class='ocrx_word' id='word_1_756' title='bbox 3358 4870 3612 4937; x_wconf 72' lang='lat' dir='ltr'><strong>audiens,</strong></span> 
     </span>
    </p>
   </div>
   <div class='ocr_carea' id='block_1_55' title="bbox 453 5014 2032 5097">
    <p class='ocr_par' dir='ltr' id='par_1_55' title="bbox 453 5015 2004 5097">
     <span class='ocr_line' id='line_1_56' title="bbox 453 5015 2004 5097; baseline 0 -26"><span class='ocrx_word' id='word_1_757' title='bbox 453 5018 499 5051; x_wconf 86' lang='grc'><strong>¹⁶</strong></span> <span class='ocrx_word' id='word_1_758' title='bbox 535 5016 581 5071; x_wconf 86' lang='grc' dir='ltr'><strong>ιι</strong></span> <span class='ocrx_word' id='word_1_759' title='bbox 611 5017 752 5097; x_wconf 71' lang='lat' dir='ltr'><strong>Tim.</strong></span> <span class='ocrx_word' id='word_1_760' title='bbox 788 5034 870 5087; x_wconf 86' lang='grc' dir='ltr'><strong>ιιι,</strong></span> <span class='ocrx_word' id='word_1_761' title='bbox 897 5020 949 5073; x_wconf 85' lang='grc'><strong>6.</strong></span> <span class='ocrx_word' id='word_1_762' title='bbox 1027 5019 1069 5049; x_wconf 74' lang='grc'>⁸⁷</span> <span class='ocrx_word' id='word_1_763' title='bbox 1106 5015 1295 5079; x_wconf 83' lang='lat' dir='ltr'><strong>Matth.</strong></span> <span class='ocrx_word' id='word_1_764' title='bbox 1320 5034 1447 5085; x_wconf 88' lang='lat' dir='ltr'><strong>xxv,</strong></span> <span class='ocrx_word' id='word_1_765' title='bbox 1476 5019 1565 5087; x_wconf 64' lang='grc'><strong>44.</strong></span> <span class='ocrx_word' id='word_1_766' title='bbox 1641 5019 1687 5051; x_wconf 76' lang='grc'><strong>⁸⁸</strong></span> <span class='ocrx_word' id='word_1_767' title='bbox 1721 5019 1853 5074; x_wconf 90' lang='lat' dir='ltr'><strong>Luc.</strong></span> <span class='ocrx_word' id='word_1_768' title='bbox 1883 5032 2004 5085; x_wconf 80' lang='lat' dir='ltr'><strong>xm,</strong></span> 
     </span>
    </p>
   </div>
   <div class='ocr_carea' id='block_1_56' title="bbox 1582 5014 3161 5097">
    <p class='ocr_par' dir='ltr' id='par_1_56' title="bbox 1641 5014 3161 5097">
     <span class='ocr_line' id='line_1_57' title="bbox 1641 5014 3161 5097; baseline -0.002 -25"><span class='ocrx_word' id='word_1_769' title='bbox 1641 5019 1687 5051; x_wconf 79' lang='lat'>&quot;</span> <span class='ocrx_word' id='word_1_770' title='bbox 1721 5019 1853 5074; x_wconf 90' lang='lat' dir='ltr'><strong>Luc.</strong></span> <span class='ocrx_word' id='word_1_771' title='bbox 1883 5032 2004 5085; x_wconf 80' lang='lat' dir='ltr'><strong>xui,</strong></span> <span class='ocrx_word' id='word_1_772' title='bbox 2034 5018 2123 5097; x_wconf 58' lang='lat'><strong>2?.</strong></span> <span class='ocrx_word' id='word_1_773' title='bbox 2202 5016 2245 5050; x_wconf 81' lang='lat'><strong>”</strong></span> <span class='ocrx_word' id='word_1_774' title='bbox 2283 5015 2303 5069; x_wconf 86' lang='grc' dir='ltr'>Ι</span> <span class='ocrx_word' id='word_1_775' title='bbox 2333 5014 2459 5072; x_wconf 87' lang='lat' dir='ltr'><strong>Cor.</strong></span> <span class='ocrx_word' id='word_1_776' title='bbox 2493 5031 2567 5083; x_wconf 84' lang='lat' dir='ltr'><strong>xl,</strong></span> <span class='ocrx_word' id='word_1_777' title='bbox 2601 5016 2715 5071; x_wconf 73' lang='lat' dir='ltr'><strong>l9.</strong></span> <span class='ocrx_word' id='word_1_778' title='bbox 2764 5016 2811 5048; x_wconf 77' lang='grc'><strong><em>⁸⁸</em></strong></span> <span class='ocrx_word' id='word_1_779' title='bbox 2836 5014 3007 5071; x_wconf 85' lang='lat' dir='ltr'><strong>Galat.</strong></span> <span class='ocrx_word' id='word_1_780' title='bbox 3038 5031 3078 5093; x_wconf 71' lang='grc' dir='ltr'><strong>ι,</strong></span> <span class='ocrx_word' id='word_1_781' title='bbox 3107 5015 3161 5069; x_wconf 91' lang='grc'><strong>8.</strong></span> 
     </span>
    </p>
   </div>
   <div class='ocr_carea' id='block_1_57' title="bbox 454 5128 3613 5208">
    <p class='ocr_par' dir='ltr' id='par_1_57' title="bbox 454 5128 3613 5208">
     <span class='ocr_line' id='line_1_58' title="bbox 454 5128 3613 5208; baseline 0 -20"><span class='ocrx_word' id='word_1_782' title='bbox 454 5133 645 5208; x_wconf 79' lang='lat' dir='ltr'><strong>(9)_lta</strong></span> <span class='ocrx_word' id='word_1_783' title='bbox 676 5133 904 5207; x_wconf 79' lang='lat' dir='ltr'><strong>Vulgata</strong></span> <span class='ocrx_word' id='word_1_784' title='bbox 925 5137 1078 5207; x_wconf 87' lang='lat' dir='ltr'><strong>juxta</strong></span> <span class='ocrx_word' id='word_1_785' title='bbox 1104 5135 1347 5208; x_wconf 64' lang='lat' dir='ltr'><strong>Graecum</strong></span> <span class='ocrx_word' id='word_1_786' title='bbox 1380 5137 1945 5208; x_wconf 10' lang='lat' dir='ltr'><strong>textum,7Cyprianus</strong></span> <span class='ocrx_word' id='word_1_787' title='bbox 2122 5136 2235 5207; x_wconf 69' lang='grc'><strong>(14)</strong></span> <span class='ocrx_word' id='word_1_788' title='bbox 2274 5133 2518 5208; x_wconf 77' lang='lat' dir='ltr'><strong>Meminit</strong></span> <span class='ocrx_word' id='word_1_789' title='bbox 2547 5134 2706 5208; x_wconf 85' lang='lat' dir='ltr'><strong>hujus</strong></span> <span class='ocrx_word' id='word_1_790' title='bbox 2750 5133 2990 5204; x_wconf 61' lang='lat' dir='ltr'><strong>epistolae</strong></span> <span class='ocrx_word' id='word_1_791' title='bbox 3030 5131 3365 5207; x_wconf 83' lang='lat' dir='ltr'><strong>Epiphanius</strong></span> <span class='ocrx_word' id='word_1_792' title='bbox 3404 5130 3460 5184; x_wconf 91' lang='lat' dir='ltr'><strong>in</strong></span> <span class='ocrx_word' id='word_1_793' title='bbox 3502 5128 3613 5189; x_wconf 77' lang='lat' dir='ltr'><strong>hac</strong></span> 
     </span>
    </p>
   </div>
   <div class='ocr_carea' id='block_1_58' title="bbox 383 5203 3607 5278">
    <p class='ocr_par' dir='ltr' id='par_1_58' title="bbox 383 5203 3607 5278">
     <span class='ocr_line' id='line_1_59' title="bbox 383 5203 3607 5278; baseline -0.002 -21"><span class='ocrx_word' id='word_1_794' title='bbox 383 5203 478 5260; x_wconf 81' lang='lat' dir='ltr'><strong>lib.</strong></span> <span class='ocrx_word' id='word_1_795' title='bbox 511 5203 771 5278; x_wconf 5' lang='lat' dir='ltr'><strong>Depopere</strong></span> <span class='ocrx_word' id='word_1_796' title='bbox 788 5203 848 5260; x_wconf 60' lang='lat' dir='ltr'><strong>&#39;et</strong></span> <span class='ocrx_word' id='word_1_797' title='bbox 873 5203 1228 5277; x_wconf 71' lang='lat' dir='ltr'><strong>eléemosynis,</strong></span> <span class='ocrx_word' id='word_1_798' title='bbox 1253 5206 1471 5278; x_wconf 86' lang='lat' dir='ltr'><strong>aliique.</strong></span> <span class='ocrx_word' id='word_1_799' title='bbox 1518 5203 1829 5264; x_wconf 76' lang='lat' dir='ltr'><strong>Casinénsis</strong></span> <span class='ocrx_word' id='word_1_800' title='bbox 1863 5217 1947 5262; x_wconf 89' lang='lat' dir='ltr'><strong>ta-</strong></span> <span class='ocrx_word' id='word_1_801' title='bbox 2048 5203 2239 5278; x_wconf 60' lang='lat' dir='ltr'><strong>heresi</strong></span> <span class='ocrx_word' id='word_1_802' title='bbox 2272 5220 2425 5278; x_wconf 70' lang='lat' dir='ltr'><strong>num.</strong></span> <span class='ocrx_word' id='word_1_803' title='bbox 2459 5205 2544 5278; x_wconf 69' lang='lat' dir='ltr'><strong>ll,</strong></span> <span class='ocrx_word' id='word_1_804' title='bbox 2578 5203 2803 5278; x_wconf 84' lang='lat' dir='ltr'><strong>ejusque</strong></span> <span class='ocrx_word' id='word_1_805' title='bbox 2833 5206 3233 5278; x_wconf 82' lang='lat' dir='ltr'><strong>argumentum,</strong></span> <span class='ocrx_word' id='word_1_806' title='bbox 3281 5209 3607 5278; x_wconf 78' lang='lat' dir='ltr'><strong>non_aute_m</strong></span> 
     </span>
    </p>
   </div>
   <div class='ocr_carea' id='block_1_59' title="bbox 379 5267 3601 5343">
    <p class='ocr_par' dir='ltr' id='par_1_59' title="bbox 379 5267 3601 5343">
     <span class='ocr_line' id='line_1_60' title="bbox 379 5267 3601 5343; baseline -0.006 0"><span class='ocrx_word' id='word_1_807' title='bbox 379 5290 503 5328; x_wconf 71' lang='lat' dir='ltr'><strong>me&quot;</strong></span> <span class='ocrx_word' id='word_1_808' title='bbox 524 5267 714 5343; x_wconf 65' lang='grc' dir='ltr'><strong>Ῐωιιέῐν</strong></span> <span class='ocrx_word' id='word_1_809' title='bbox 746 5295 765 5327; x_wconf 79' lang='grc' dir='ltr'><strong>ι</strong></span> <span class='ocrx_word' id='word_1_810' title='bbox 804 5279 858 5330; x_wconf 90' lang='lat' dir='ltr'><strong>in</strong></span> <span class='ocrx_word' id='word_1_811' title='bbox 890 5267 1184 5332; x_wconf 67' lang='lat' dir='ltr'><strong>carcerem.</strong></span> <span class='ocrx_word' id='word_1_812' title='bbox 1212 5267 1233 5328; x_wconf 65' lang='grc' dir='ltr'><strong>ἰ</strong></span> <span class='ocrx_word' id='word_1_813' title='bbox 1362 5267 1382 5278; x_wconf 82' lang='grc'><em>’</em></span> <span class='ocrx_word' id='word_1_814' title='bbox 2045 5277 2233 5343; x_wconf 85' lang='lat' dir='ltr'><strong>verba,</strong></span> <span class='ocrx_word' id='word_1_815' title='bbox 2259 5283 2320 5328; x_wconf 90' lang='lat' dir='ltr'><strong>ut</strong></span> <span class='ocrx_word' id='word_1_816' title='bbox 2344 5267 3022 5342; x_wconf 54' lang='lat' dir='ltr'><strong>Petavius&#39;intérpretatur,</strong></span> <span class='ocrx_word' id='word_1_817' title='bbox 3068 5272 3302 5327; x_wconf 84' lang='lat' dir='ltr'><strong>breviter</strong></span> <span class='ocrx_word' id='word_1_818' title='bbox 3328 5270 3510 5343; x_wconf 83' lang='lat' dir='ltr'><strong>refert.</strong></span> <span class='ocrx_word' id='word_1_819' title='bbox 3537 5267 3601 5323; x_wconf 85' lang='lat' dir='ltr'><strong>In</strong></span> 
     </span>
    </p>
   </div>
   <div class='ocr_carea' id='block_1_60' title="bbox 451 5341 2030 5425">
    <p class='ocr_par' dir='ltr' id='par_1_60' title="bbox 451 5342 1977 5425">
     <span class='ocr_line' id='line_1_61' title="bbox 451 5342 1977 5425; baseline 0.014 -29"><span class='ocrx_word' id='word_1_820' title='bbox 604 5344 788 5425; x_wconf 46' lang='lat' dir='ltr'><strong>F&#39;o‘rle,</strong></span> <span class='ocrx_word' id='word_1_821' title='bbox 823 5365 842 5398; x_wconf 80' lang='grc' dir='ltr'><strong>ι</strong></span> <span class='ocrx_word' id='word_1_822' title='bbox 869 5349 1085 5403; x_wconf 85' lang='lat' dir='ltr'><strong>stolam.</strong></span> <span class='ocrx_word' id='word_1_823' title='bbox 1119 5368 1151 5425; x_wconf 47' lang='grc' dir='ltr'>ζ</span> <span class='ocrx_word' id='word_1_824' title='bbox 1545 5417 1566 5425; x_wconf 86' lang='lat'>_</span> <span class='ocrx_word' id='word_1_825' title='bbox 1779 5418 1791 5425; x_wconf 61' lang='grc'><strong>,</strong></span> <span class='ocrx_word' id='word_1_826' title='bbox 1867 5416 1887 5425; x_wconf 65' lang='grc'><strong>,</strong></span> <span class='ocrx_word' id='word_1_827' title='bbox 1974 5352 1977 5355; x_wconf 15' lang='grc' dir='ltr'><strong>Δ</strong></span> 
     </span>
    </p>
   </div>
   <div class='ocr_carea' id='block_1_61' title="bbox 2024 5341 3603 5425">
    <p class='ocr_par' dir='ltr' id='par_1_61' title="bbox 2048 5341 3603 5425">
     <span class='ocr_line' id='line_1_62' title="bbox 2048 5341 3603 5425; baseline -0.006 -24"><span class='ocrx_word' id='word_1_828' title='bbox 2048 5341 2391 5425; x_wconf 42' lang='grc' dir='ltr'><strong>ι-ἰιιιιοψυξιις</strong></span> <span class='ocrx_word' id='word_1_829' title='bbox 2424 5341 2821 5425; x_wconf 40' lang='grc' dir='ltr'><strong>(ἐριθίαι-αξιοι,</strong></span> <span class='ocrx_word' id='word_1_830' title='bbox 2855 5362 2873 5394; x_wconf 78' lang='grc' dir='ltr'><strong>ι</strong></span> <span class='ocrx_word' id='word_1_831' title='bbox 2904 5344 3153 5421; x_wconf 81' lang='lat' dir='ltr'><strong>salutem,</strong></span> <span class='ocrx_word' id='word_1_832' title='bbox 3187 5361 3205 5392; x_wconf 76' lang='grc' dir='ltr'><strong>ι</strong></span> <span class='ocrx_word' id='word_1_833' title='bbox 3233 5343 3383 5424; x_wconf 78' lang='lat' dir='ltr'><strong>deest</strong></span> <span class='ocrx_word' id='word_1_834' title='bbox 3417 5341 3470 5425; x_wconf 49' lang='lat' dir='ltr'><strong>i‘n</strong></span> <span class='ocrx_word' id='word_1_835' title='bbox 3500 5354 3603 5393; x_wconf 89' lang='lat' dir='ltr'><strong>co-</strong></span> 
     </span>
    </p>
   </div>
   <div class='ocr_carea' id='block_1_62' title="bbox 450 5410 3609 5488">
    <p class='ocr_par' dir='ltr' id='par_1_62' title="bbox 450 5410 3609 5488">
     <span class='ocr_line' id='line_1_63' title="bbox 450 5410 3609 5488; baseline -0.002 -20"><span class='ocrx_word' id='word_1_836' title='bbox 450 5410 563 5483; x_wconf 73' lang='lat' dir='ltr'><strong>(lil</strong></span> <span class='ocrx_word' id='word_1_837' title='bbox 598 5433 618 5467; x_wconf 73' lang='grc' dir='ltr'><strong>ι</strong></span> <span class='ocrx_word' id='word_1_838' title='bbox 646 5414 876 5488; x_wconf 56' lang='lat' dir='ltr'><strong>Fugere,</strong></span> <span class='ocrx_word' id='word_1_839' title='bbox 910 5436 929 5468; x_wconf 75' lang='grc' dir='ltr'><strong>ι</strong></span> <span class='ocrx_word' id='word_1_840' title='bbox 954 5429 1008 5473; x_wconf 90' lang='lat' dir='ltr'><strong>et</strong></span> <span class='ocrx_word' id='word_1_841' title='bbox 1033 5436 1053 5467; x_wconf 72' lang='grc' dir='ltr'><strong>ι</strong></span> <span class='ocrx_word' id='word_1_842' title='bbox 1080 5417 1334 5488; x_wconf 79' lang='lat' dir='ltr'><strong>efiugere,</strong></span> <span class='ocrx_word' id='word_1_843' title='bbox 1366 5436 1385 5469; x_wconf 76' lang='grc' dir='ltr'><strong>ι</strong></span> <span class='ocrx_word' id='word_1_844' title='bbox 1416 5432 1515 5487; x_wconf 89' lang='lat' dir='ltr'><strong>pro</strong></span> <span class='ocrx_word' id='word_1_845' title='bbox 1542 5417 1746 5487; x_wconf 77' lang='lat' dir='ltr'><strong>fugare,</strong></span> <span class='ocrx_word' id='word_1_846' title='bbox 1778 5418 1832 5472; x_wconf 92' lang='lat' dir='ltr'><strong>in</strong></span> <span class='ocrx_word' id='word_1_847' title='bbox 1863 5416 1948 5473; x_wconf 87' lang='lat' dir='ltr'><strong>fu-</strong></span> <span class='ocrx_word' id='word_1_848' title='bbox 2046 5418 2166 5472; x_wconf 82' lang='lat' dir='ltr'><strong>dice</strong></span> <span class='ocrx_word' id='word_1_849' title='bbox 2193 5410 2497 5479; x_wconf 79' lang='lat' dir='ltr'><strong>Casinensi,</strong></span> <span class='ocrx_word' id='word_1_850' title='bbox 2529 5415 2874 5488; x_wconf 77' lang='lat' dir='ltr'><strong>sedlitteram</strong></span> <span class='ocrx_word' id='word_1_851' title='bbox 2902 5414 3318 5488; x_wconf 67' lang='lat' dir='ltr'><strong>s,_eam&quot;vocem</strong></span> <span class='ocrx_word' id='word_1_852' title='bbox 3348 5410 3609 5488; x_wconf 66' lang='lat' dir='ltr'><strong>indican-</strong></span> 
     </span>
    </p>
   </div>
   <div class='ocr_carea' id='block_1_63' title="bbox 379 5480 3613 5564">
    <p class='ocr_par' dir='ltr' id='par_1_63' title="bbox 379 5480 3613 5564">
     <span class='ocr_line' id='line_1_64' title="bbox 379 5480 3613 5564; baseline -0.002 -27"><span class='ocrx_word' id='word_1_853' title='bbox 379 5480 501 5564; x_wconf 39' lang='lat' dir='ltr'><strong>gal‘n</strong></span> <span class='ocrx_word' id='word_1_854' title='bbox 534 5480 826 5554; x_wconf 59' lang='lat' dir='ltr'><strong>conjicere,</strong></span> <span class='ocrx_word' id='word_1_855' title='bbox 859 5480 961 5542; x_wconf 79' lang='lat' dir='ltr'><strong>suo</strong></span> <span class='ocrx_word' id='word_1_856' title='bbox 1004 5480 1260 5559; x_wconf 52' lang='lat' dir='ltr'><strong>loquen&#39;di</strong></span> <span class='ocrx_word' id='word_1_857' title='bbox 1308 5480 1460 5547; x_wconf 74' lang='lat' dir='ltr'><strong>more</strong></span> <span class='ocrx_word' id='word_1_858' title='bbox 1503 5480 1637 5544; x_wconf 78' lang='lat' dir='ltr'><strong>dicit</strong></span> <span class='ocrx_word' id='word_1_859' title='bbox 1690 5480 1947 5559; x_wconf 85' lang='lat' dir='ltr'><strong>antiquus</strong></span> <span class='ocrx_word' id='word_1_860' title='bbox 2049 5496 2177 5552; x_wconf 91' lang='lat' dir='ltr'><strong>tem,</strong></span> <span class='ocrx_word' id='word_1_861' title='bbox 2232 5494 2474 5564; x_wconf 72' lang='lat' dir='ltr'><strong>repetere</strong></span> <span class='ocrx_word' id='word_1_862' title='bbox 2519 5483 2755 5564; x_wconf 67' lang='lat' dir='ltr'><strong>neglexit</strong></span> <span class='ocrx_word' id='word_1_863' title='bbox 2797 5483 3070 5564; x_wconf 84' lang='lat' dir='ltr'><strong>librarius,</strong></span> <span class='ocrx_word' id='word_1_864' title='bbox 3116 5496 3182 5559; x_wconf 83' lang='lat' dir='ltr'><strong>eo</strong></span> <span class='ocrx_word' id='word_1_865' title='bbox 3220 5483 3366 5556; x_wconf 87' lang='lat' dir='ltr'><strong>quod</strong></span> <span class='ocrx_word' id='word_1_866' title='bbox 3396 5481 3459 5535; x_wconf 82' lang='lat' dir='ltr'><strong>in</strong></span> <span class='ocrx_word' id='word_1_867' title='bbox 3499 5480 3613 5533; x_wconf 82' lang='lat' dir='ltr'><strong>lino</strong></span> 
     </span>
    </p>
   </div>
   <div class='ocr_carea' id='block_1_64' title="bbox 380 5554 3179 5629">
    <p class='ocr_par' dir='ltr' id='par_1_64' title="bbox 380 5554 3179 5629">
     <span class='ocr_line' id='line_1_65' title="bbox 380 5554 3179 5629; baseline -0.001 -21"><span class='ocrx_word' id='word_1_868' title='bbox 380 5554 667 5629; x_wconf 73' lang='lat' dir='ltr'><strong>interpres.</strong></span> <span class='ocrx_word' id='word_1_869' title='bbox 740 5625 750 5629; x_wconf 93' lang='lat'>_</span> <span class='ocrx_word' id='word_1_870' title='bbox 1080 5554 1094 5559; x_wconf 68' lang='lat'><strong>&#39;</strong></span> <span class='ocrx_word' id='word_1_871' title='bbox 1480 5628 1485 5629; x_wconf 14' lang='grc' dir='ltr'><em>γ</em></span> <span class='ocrx_word' id='word_1_872' title='bbox 1658 5627 1699 5629; x_wconf 79' lang='lat'><em>_</em></span> <span class='ocrx_word' id='word_1_873' title='bbox 1823 5554 1863 5577; x_wconf 55' lang='lat'>“</span> <span class='ocrx_word' id='word_1_874' title='bbox 2045 5554 2394 5629; x_wconf 53' lang='lat' dir='ltr'><strong>praecedentis</strong></span> <span class='ocrx_word' id='word_1_875' title='bbox 2420 5555 2564 5629; x_wconf 80' lang='lat' dir='ltr'><strong>vocis</strong></span> <span class='ocrx_word' id='word_1_876' title='bbox 2593 5554 2839 5629; x_wconf 76' lang='lat' dir='ltr'><strong>exsistat.</strong></span> <span class='ocrx_word' id='word_1_877' title='bbox 3022 5623 3036 5629; x_wconf 91' lang='lat'><em>_</em></span> <span class='ocrx_word' id='word_1_878' title='bbox 3174 5554 3179 5559; x_wconf 83' lang='grc'><em>’</em></span> 
     </span>
    </p>
   </div>
   <div class='ocr_carea' id='block_1_65' title="bbox 450 5622 3608 5703">
    <p class='ocr_par' dir='ltr' id='par_1_65' title="bbox 450 5622 3608 5703">
     <span class='ocr_line' id='line_1_66' title="bbox 450 5622 3608 5703; baseline -0.002 -25"><span class='ocrx_word' id='word_1_879' title='bbox 450 5622 791 5703; x_wconf 71' lang='lat' dir='ltr'><strong>(12)_Nes_cio</strong></span> <span class='ocrx_word' id='word_1_880' title='bbox 815 5638 1107 5703; x_wconf 81' lang='lat' dir='ltr'><strong>quopacto</strong></span> <span class='ocrx_word' id='word_1_881' title='bbox 1152 5628 1446 5703; x_wconf 77' lang='lat' dir='ltr'><strong>Diodorum</strong></span> <span class='ocrx_word' id='word_1_882' title='bbox 1478 5628 1627 5703; x_wconf 84' lang='lat' dir='ltr'><strong>hunc</strong></span> <span class='ocrx_word' id='word_1_883' title='bbox 1657 5627 1947 5703; x_wconf 75' lang='lat' dir='ltr'><strong>Tryphona</strong></span> <span class='ocrx_word' id='word_1_884' title='bbox 2111 5623 2498 5703; x_wconf 56' lang='lat' dir='ltr'><strong>ii5)j]id_eant</strong></span> <span class='ocrx_word' id='word_1_885' title='bbox 2527 5623 2763 5703; x_wconf 70' lang='lat' dir='ltr'><strong>haaretici</strong></span> <span class='ocrx_word' id='word_1_886' title='bbox 2797 5623 3137 5703; x_wconf 44' lang='lat' dir='ltr'><strong>quampiam</strong></span> <span class='ocrx_word' id='word_1_887' title='bbox 3164 5623 3408 5703; x_wconf 62' lang='lat' dir='ltr'><strong>tarnhic,</strong></span> <span class='ocrx_word' id='word_1_888' title='bbox 3435 5634 3608 5689; x_wconf 85' lang='lat' dir='ltr'><strong>quam</strong></span> 
     </span>
    </p>
   </div>
   <div class='ocr_carea' id='block_1_66' title="bbox 377 5692 3610 5763">
    <p class='ocr_par' dir='ltr' id='par_1_66' title="bbox 377 5692 3610 5763">
     <span class='ocr_line' id='line_1_67' title="bbox 377 5692 3610 5763; baseline -0.001 -15"><span class='ocrx_word' id='word_1_889' title='bbox 377 5692 902 5763; x_wconf 33' lang='lat' dir='ltr'><strong>vocet‘Epiphani‘us</strong></span> <span class='ocrx_word' id='word_1_890' title='bbox 939 5692 991 5753; x_wconf 73' lang='lat' dir='ltr'><strong>in</strong></span> <span class='ocrx_word' id='word_1_891' title='bbox 1031 5700 1131 5753; x_wconf 91' lang='lat' dir='ltr'><strong>hac</strong></span> <span class='ocrx_word' id='word_1_892' title='bbox 1159 5698 1578 5755; x_wconf 72' lang='lat' dir='ltr'><strong>Manichzeorum</strong></span> <span class='ocrx_word' id='word_1_893' title='bbox 1613 5692 1831 5759; x_wconf 54' lang='lat' dir='ltr'><strong>haerf&#39;n.</strong></span> <span class='ocrx_word' id='word_1_894' title='bbox 1858 5701 1943 5755; x_wconf 79' lang='grc'><strong>11.</strong></span> <span class='ocrx_word' id='word_1_895' title='bbox 2046 5692 2507 5763; x_wconf 70' lang='lat' dir='ltr'><strong>infra&#39;Diodorus</strong></span> <span class='ocrx_word' id='word_1_896' title='bbox 2553 5693 2803 5761; x_wconf 89' lang='lat' dir='ltr'><strong>antiquas</strong></span> <span class='ocrx_word' id='word_1_897' title='bbox 2852 5692 3105 5749; x_wconf 77' lang='lat' dir='ltr'><strong>Ecclesiae</strong></span> <span class='ocrx_word' id='word_1_898' title='bbox 3146 5694 3466 5749; x_wconf 85' lang='lat' dir='ltr'><strong>traditiones</strong></span> <span class='ocrx_word' id='word_1_899' title='bbox 3513 5705 3610 5745; x_wconf 73' lang='lat' dir='ltr'><strong>se-</strong></span> 
     </span>
    </p>
   </div>
   <div class='ocr_carea' id='block_1_67' title="bbox 449 5763 3250 5841">
    <p class='ocr_par' dir='ltr' id='par_1_67' title="bbox 449 5763 3250 5841">
     <span class='ocr_line' id='line_1_68' title="bbox 449 5763 3250 5841; baseline 0 -21"><span class='ocrx_word' id='word_1_900' title='bbox 449 5764 562 5835; x_wconf 68' lang='lat' dir='ltr'><strong>(tii)</strong></span> <span class='ocrx_word' id='word_1_901' title='bbox 604 5766 663 5825; x_wconf 89' lang='lat' dir='ltr'><strong>In</strong></span> <span class='ocrx_word' id='word_1_902' title='bbox 697 5763 981 5822; x_wconf 80' lang='lat' dir='ltr'><strong>Casinensi</strong></span> <span class='ocrx_word' id='word_1_903' title='bbox 1013 5769 1222 5839; x_wconf 82' lang='lat' dir='ltr'><strong>codice.</strong></span> <span class='ocrx_word' id='word_1_904' title='bbox 1255 5787 1273 5820; x_wconf 76' lang='grc' dir='ltr'><strong>ι</strong></span> <span class='ocrx_word' id='word_1_905' title='bbox 1306 5770 1735 5830; x_wconf 85' lang='lat' dir='ltr'><strong>continuaretur.</strong></span> <span class='ocrx_word' id='word_1_906' title='bbox 1770 5790 1788 5827; x_wconf 78' lang='grc' dir='ltr'><strong>ι</strong></span> <span class='ocrx_word' id='word_1_907' title='bbox 2046 5766 2288 5841; x_wconf 79' lang='lat' dir='ltr'><strong>quendas</strong></span> <span class='ocrx_word' id='word_1_908' title='bbox 2316 5763 2822 5839; x_wconf 86' lang='lat' dir='ltr'><strong>amplectendasque</strong></span> <span class='ocrx_word' id='word_1_909' title='bbox 2845 5779 2964 5824; x_wconf 88' lang='lat' dir='ltr'><strong>esse</strong></span> <span class='ocrx_word' id='word_1_910' title='bbox 2994 5764 3250 5827; x_wconf 81' lang='lat' dir='ltr'><strong>declaret.</strong></span> 
     </span>
    </p>
   </div>
   <div class='ocr_carea' id='block_1_68' title="bbox 1720 6040 1751 6057">
    <p class='ocr_par' dir='ltr' id='par_1_68' title="bbox 1720 6040 1751 6057">
     <span class='ocr_line' id='line_1_69' title="bbox 1720 6040 1751 6057; baseline 0 0"><span class='ocrx_word' id='word_1_911' title='bbox 1720 6040 1751 6057; x_wconf 55' lang='grc' dir='ltr'><strong>κει.</strong></span> 
     </span>
    </p>
   </div>
  </div>
