3996 6208
380 294 405 348 1
414 293 519 349 495

1479 297 1625 354 CUM
1662 296 1939 353 MANETE
1980 293 2508 352 HERESIARCHA.

3463 293 3482 343 I
3493 292 3594 345 491.

375 413 619 467 dicebam
652 412 729 467 eis
754 428 1054 468 sermonem
1084 416 1479 486 evangelicum,
1514 420 1783 487 quomodo
1808 419 1942 472 dixit
1973 434 2013 479 Α
2045 418 2156 485 ipse
2182 418 2343 479 nosti,
2365 419 2417 469 in
2448 412 2684 469 secunda
2715 412 2779 467 ad
2812 411 3122 468 Corinthios
3149 411 3404 483 Epistola.
3436 412 3593 464 Addit

376 502 639 559 Dominus
663 513 845 559 noster
876 505 1033 561 Jesus
1063 506 1315 563 Christus
1344 532 1356 563 :
1391 528 1410 559 ί
1439 508 1556 563 Non
1582 511 1701 564 veni
1730 512 1937 565 solvere

374 595 567 662 legem,
604 595 697 649 sed
730 596 1020 665 adimplere
1047 599 1111 650 “.
1144 617 1162 648 ι
1192 598 1282 652 Ille
1318 615 1445 653 vero
1468 602 1560 662 ait,
1595 617 1934 670 nequaquam

373 700 500 739 eum
534 685 675 739 hunc
715 686 915 741 dixisse
958 704 1296 753 sermonem;
1332 706 1453 743 cum
1481 692 1622 744 enim
1649 692 1818 761 ipsam
1856 693 1937 745 in-

374 775 655 828 veniamus
678 791 799 828 eum
831 777 1113 832 resolvisse
1136 780 1327 848 legem.
1354 796 1572 836 necesse
1601 792 1682 836 est
1710 798 1809 835 nos
1834 784 1937 839 hoc

373 868 551 936 potius
600 868 893 937 intelligere
940 872 1081 938 quod
1132 869 1277 925 fecit.
1324 872 1520 927 Deinde
1564 875 1724 942 coepit
1758 874 1936 930 dicere

375 961 607 1030 plurima
637 976 701 1013 ex
731 961 861 1029 lege,
898 964 1064 1016 multa
1098 965 1257 1016 etiam
1287 965 1351 1017 de
1384 963 1672 1033 Evangelio
1707 977 1759 1020 et
1803 982 1936 1035 apo-

374 1054 515 1107 stolo
543 1051 731 1116 Paulo,
761 1068 877 1120 quae
910 1054 1009 1106 sibi
1043 1054 1289 1108 videntur
1332 1070 1450 1109 esse
1490 1058 1785 1123 contraria,
1816 1072 1936 1126 quce

372 1144 535 1198 etiam
572 1158 693 1195 cum
733 1142 924 1194 fiducia
960 1142 1164 1206 dicens,
1194 1144 1325 1197 nihil
1361 1145 1725 1213 pertimescit;
1773 1148 1933 1200 credo

373 1234 518 1303 quod
570 1233 761 1286 habeat
812 1234 1110 1302 adjutorem
1148 1236 1433 1289 draconem
1468 1236 1616 1288 illum
1652 1236 1744 1304 qui
1782 1238 1936 1292 nobis

377 1339 591 1391 semper
627 1322 880 1376 inimicus
911 1333 1009 1377 est.
1052 1323 1268 1378 Dicebat
1301 1341 1428 1393 ergo
1462 1326 1604 1393 quod
1636 1326 1707 1378 ibi
1740 1327 1937 1381 dixerit

376 1414 517 1468 Deus
550 1432 563 1468 :
592 1414 701 1484 Ego
731 1414 946 1469 divitem
988 1425 1040 1469 et
1080 1432 1370 1485 pauperem
1404 1419 1542 1470 facio
1566 1420 1637 1482 ²²;
1685 1419 1770 1472 hic
1810 1434 1933 1473 vero

374 1505 531 1561 Jesus
548 1507 731 1561 beatos
747 1508 946 1562 diceret
969 1525 1229 1577 pauperes
1242 1511 1319 1575 ²³;
1346 1509 1574 1564 addebat
1588 1512 1777 1574 etiam,
1792 1512 1934 1579 quod

376 1615 538 1654 nemo
582 1601 753 1670 possit
796 1601 913 1669 ejus
955 1616 1076 1668 esse
1119 1602 1437 1671 discipulus,
1468 1603 1574 1657 nisi
1602 1605 1937 1658 renuntiaret

374 1694 625 1748 omnibus
653 1710 773 1762 qua}
794 1692 1076 1746 haberet”
1104 1712 1117 1746 :
1144 1693 1214 1746 ibi
1237 1708 1363 1747 vero
1393 1694 1620 1765 Moyses,
1655 1704 1932 1763 argentum

2043 517 2219 559 autem
2243 522 2307 559 ex
2331 506 2501 574 prima
2529 503 2787 572 Epistula,
2815 512 3059 557 terrenos
3085 518 3205 557 esse
3232 503 3414 556 dicens
3432 501 3594 555 disci-

2040 598 2193 665 pulos
2228 597 2424 650 veteris
2452 594 2779 648 Testamenti
2815 605 2865 647 et
2906 594 3183 658 animales,
3227 604 3279 646 et
3313 594 3431 647 ideo
3474 608 3591 646 car-

2036 702 2158 741 nem
2179 696 2231 739 et
2248 687 2562 754 sanguinem
2589 699 2808 754 regnum
2835 682 2924 736 Dei
2943 683 3215 751 possidere
3233 699 3335 737 non
3354 682 3587 752 posse".

2040 778 2220 846 Ipsum
2261 792 2477 846 quoque
2512 776 2733 830 Paulum
2767 791 2832 829 ex
2865 775 3079 844 propria
3109 790 3204 829 sua
3238 790 3469 844 persona
3503 775 3588 830 dio

2036 872 2191 924 eebat
2224 884 2465 924 asserere
2504 869 2555 922 id
2597 869 2740 938 quod
2788 869 2859 921 ait
2900 886 2912 920 :
2948 885 2967 917 ‹
3003 865 3058 920 Si
3089 882 3148 920 ea
3176 883 3294 935 quae
3325 868 3584 929 destruxi,

2037 962 2231 1015 iterum
2263 961 2490 1024 aedifico,
2517 960 2981 1029 praevaricatorem
3009 974 3093 1013 me
3112 960 3321 1013 aestimo
3341 960 3403 1012 ⁸³.
3437 978 3455 1011 ι
3485 960 3587 1014 Sed

2036 1063 2088 1104 et
2115 1051 2243 1104 illud
2278 1051 2525 1104 eumdem
2563 1052 2737 1119 ipsum
2772 1049 3174 1104 evidentissime
3206 1051 3271 1104 de
3300 1051 3476 1105 carnis
3506 1068 3592 1104 re-

2035 1144 2369 1198 surrectione
2392 1144 2616 1207 dixisse,
2646 1157 2750 1196 non
2782 1156 2901 1195 esse
2936 1140 3179 1195 Judaeum
3216 1142 3305 1211 qui
3335 1142 3386 1195 in
3420 1143 3592 1195 mani-

2037 1235 2174 1290 festo
2205 1244 2307 1299 est,
2339 1250 2515 1304 neque
2543 1250 2661 1303 quae
2691 1234 2744 1286 in
2776 1232 3085 1298 manifesto,
3118 1235 3171 1287 in
3202 1250 3363 1288 carne
3385 1244 3463 1288 est
3484 1235 3593 1289 cir-

2034 1327 2316 1391 cumcisio,
2370 1340 2545 1394 neque
2588 1326 2884 1379 secundum
2936 1326 3191 1391 litteram,
3236 1326 3401 1396 legem
3431 1326 3591 1394 quid-

2034 1434 2197 1488 quam
2221 1417 2470 1471 utilitatis
2496 1418 2724 1471 retinere
2746 1416 2809 1468 ³⁵.
2837 1416 2899 1468 Et
2921 1432 3135 1469 rursum
3159 1418 3301 1485 quod
3317 1417 3589 1471 Abraham

2036 1507 2196 1561 habet
2220 1507 2469 1577 gloriam,
2493 1505 2586 1560 sed
2615 1520 2719 1558 non
2743 1505 2881 1573 apud
2906 1504 3072 1559 Deum
3096 1505 3159 1557 ³³.
3192 1504 3589 1559 Tantummodo

2036 1598 2365 1666 agnitionem
2412 1597 2618 1667 peccati
2662 1613 2755 1666 per
2796 1598 2963 1667 legem
3011 1598 3214 1652 ﬁeri".
3261 1597 3364 1652 Sed
3399 1608 3452 1652 et
3481 1600 3585 1652 alia

2037 1687 2223 1752 multa,
2255 1687 2355 1757 legi
2383 1689 2710 1749 obtrectans,
2744 1688 3033 1751 inserebat,
3070 1703 3134 1741 eo
3164 1689 3308 1757 quod
3348 1688 3432 1742 lex
3472 1690 3585 1758 ipsa

374 1792 638 1836 etaurum
666 1782 732 1835 ab
758 1780 1023 1851 Egyptiis
1055 1798 1297 1847 sumens,
1325 1798 1447 1837 cum
1480 1784 1678 1852 populo
1708 1783 1932 1853 fugisset
1965 1765 2005 1822 Β
2035 1787 2311 1847 pccmtum
2356 1779 2445 1843 sit,
2480 1779 2533 1831 in
2568 1779 2767 1847 quibus
2801 1779 3072 1846 simplices
3110 1780 3332 1848 quique.
3374 1780 3587 1835 dicente

374 1888 439 1927 ex
467 1872 699 1942 Egypto
722 1873 796 1936 '5;
826 1871 983 1926 Jesus
1011 1882 1187 1926 autem
1212 1873 1343 1925 nihil
1371 1874 1597 1941 proximi
1621 1874 1933 1927 desideran-

374 1964 501 2018 dum
551 1979 671 2017 esse
716 1966 985 2034 praecepit.
1043 1964 1243 2018 Deinde
1292 1964 1434 2031 quod
1476 1966 1563 2018 ille
1586 1966 1800 2019 oculum
1836 1982 1932 2034 pro

374 2057 552 2118 oculo,
588 2055 797 2107 dentem
828 2069 925 2122 pro
954 2056 1110 2108 dente
1138 2054 1189 2106 in
1217 2053 1329 2121 lege
1350 2054 1580 2107 cavisset
1601 2054 1829 2123 expendi
1854 2055 1930 2119 ";

372 2155 559 2200 noster
593 2160 719 2199 vero
752 2145 1013 2199 Dominus
1060 2147 1378 2214 percutienti
1434 2160 1593 2197 unam
1637 2146 1928 2211 maxillam,

370 2238 583 2309 juberet
611 2237 770 2291 etiam
798 2237 1017 2290 alteram
1051 2238 1336 2306 praeparari
1355 2237 1421 2289 ²⁷.
1450 2235 1601 2301 Quod
1629 2236 1699 2289 ibi
1723 2235 1931 2306 Moyses

374 2345 495 2383 eum
521 2328 610 2397 qui
636 2325 872 2380 Sabbato
898 2342 1034 2395 OpttS
1068 2326 1301 2393 fecisset,
1333 2334 1383 2381 et
1409 2342 1512 2381 non
1546 2328 1933 2395 permansisset

373 2418 427 2472 in
451 2418 703 2471 omnibus
725 2434 845 2486 quae
870 2418 1067 2485 scripta
1100 2426 1229 2471 sunt
1258 2418 1310 2470 in
1340 2418 1473 2487 lege,
1519 2418 1695 2487 puniri
1729 2418 1933 2486 lapida-

372 2511 526 2577 rique
572 2510 908 2579 prtecepit”,
965 2511 1107 2563 sicut
1154 2508 1353 2564 factum
1408 2520 1489 2563 est
1538 2512 1586 2565 ei
1629 2513 1719 2580 qui
1756 2511 1932 2564 adhuc

372 2600 631 2669 ignorans
668 2601 721 2653 in
760 2600 998 2655 Sabbato
1028 2600 1225 2655 fascem
1258 2600 1387 2671 ligni
1414 2602 1732 2671 collegerat;
1772 2599 1931 2657 Iesus

375 2706 501 2744 vero
536 2691 588 2743 in
627 2690 860 2745 Sabbato
882 2693 1040 2745 etiam
1077 2693 1269 2746 lectum
1303 2702 1515 2763 portare
1546 2694 1794 2763 prmcepit
1816 2710 1843 2747 a
1873 2709 1931 2748 se

376 2783 659 2845 curato”;
696 2784 786 2837 sed
831 2794 882 2837 et
914 2784 1208 2853 discipulos
1242 2785 1297 2837 in
1342 2785 1429 2840 die
1474 2782 1691 2839 Sabbati
1736 2785 1932 2841 vellere

377 2876 553 2943 spicas
576 2874 619 2905 ³⁰
643 2891 703 2929 ac
733 2876 983 2929 manibus
1017 2874 1315 2931 confricare
1349 2894 1452 2933 non
1488 2880 1752 2948 prohibet,
1786 2878 1930 2948 quod

380 2965 627 3020 Sabbatis
652 2968 834 3036 utique
870 2983 976 3020 non
1007 2968 1201 3022 licebat
1242 2969 1376 3023 fieri.
1410 2970 1474 3024 Et
1505 2972 1633 3041 quid
1668 2973 1815 3041 plura
1850 2972 1902 3025 di

377 3059 533 3113 eam?
586 3060 769 3113 multis
820 3068 874 3113 et
924 3059 1091 3113 variis
1131 3061 1525 3117 assertionibus
1557 3062 1930 3132 hujuscemodi

375 3154 623 3222 dogmata
664 3152 731 3205 ab
770 3166 834 3206 eo
875 3166 1088 3207 summo
1129 3152 1250 3207 nisu
1294 3162 1453 3221 atque
1499 3168 1711 3208 summo
1754 3153 1933 3207 studio

376 3245 801 3301 ailirmabantur.
827 3242 961 3299 Nam
989 3260 1054 3299 ex
1085 3246 1405 3300 auctoritate
1453 3246 1717 3316 Apostoli,
1760 3244 1932 3316 Moysi

377 3336 572 3405 legem,
599 3335 767 3404 legem
799 3350 920 3389 esse
955 3336 1144 3390 mortis
1173 3337 1469 3390 conabatur
1496 3353 1771 3403 asserere;
1804 3335 1931 3391 Jesu

379 3443 505 3482 vero
532 3427 722 3497 legem,
758 3426 925 3494 legem
957 3441 1077 3481 esse
1109 3427 1250 3492 vitae,
1286 3444 1380 3496 per
1414 3427 1467 3482 id
1491 3430 1632 3496 quod
1662 3429 1736 3482 ait
1767 3446 1780 3482 :
1815 3447 1833 3479 ί
1876 3427 1932 3483 1η

379 3534 487 3587 quo
516 3528 568 3571 et
601 3516 826 3571 idoneos
858 3532 957 3570 nos
992 3516 1154 3571 faciat
1184 3517 1323 3571 Deus
1356 3518 1466 3586 (16)
1497 3520 1775 3574 ministros
1808 3521 1935 3573 novi

376 3611 705 3666 Testamenti
736 3623 843 3661 non
890 3608 1087 3670 littera,
1116 3609 1209 3661 sed
1261 3606 1487 3676 Spiritu.
1543 3608 1741 3663 Littera
1789 3611 1932 3663 enim

376 3702 612 3763 occidit,
656 3700 895 3770 Spiritus
930 3710 1106 3755 autem
1136 3702 1391 3756 viviticat.
1425 3701 1576 3766 Quod
1607 3701 1652 3754 si
1685 3702 1932 3756 ministe—

382 3792 516 3845 rium
545 3793 758 3857 mortis,
791 3793 845 3845 in
878 3792 1072 3847 litteris
1099 3792 1386 3848 formatum
1424 3794 1479 3847 in
1509 3794 1776 3863 lapidibus
1801 3794 1933 3864 (I7),

382 3881 579 3937 factum
618 3892 699 3937 est
736 3884 787 3936 in
824 3884 1014 3951 gloria,
1063 3884 1133 3937 ita
1180 3893 1237 3937 ut
1268 3900 1375 3938 non
1405 3895 1624 3954 possent
1660 3886 1935 3939 intendere

379 3974 471 4027 tilii
506 3971 669 4028 Israel
719 3974 775 4027 in
826 3973 1018 4027 faciem
1049 3973 1216 4045 Moysi
1251 3987 1467 4045 propter
1495 3978 1719 4047 gloriam
1755 3978 1935 4031 vultus

356 4067 514 4136 ejus,
552 4084 670 4137 qua!
692 4068 992 4123 destruetur
1020 4068 1131 4139 (I8)
1157 4085 1171 4132 ;
1198 4072 1469 4136 quomodo
1500 4084 1605 4123 non
1640 4071 1808 4137 magis
1837 4070 1937 4123 mi-

378 4158 659 4213 nisterium
690 4159 924 4228 Spiritus
952 4158 1053 4213 erit
1088 4159 1141 4211 in
1188 4158 1390 4228 gloria?
1422 4158 1479 4211 Si
1515 4159 1656 4211 enim
1691 4158 1936 4213 ministe-

380 4252 518 4305 rium
544 4251 907 4305 damnationis
943 4250 1113 4319 gloria
1154 4258 1255 4315 est,
1287 4250 1457 4303 multo
1501 4250 1671 4319 magis
1696 4250 1937 4303 abunda-

379 4344 457 4397 bit
491 4344 847 4397 ministerium
898 4344 1122 4412 justitite
1165 4344 1229 4397 ad
1278 4344 1523 4414 gloriam.
1574 4343 1758 4412 Neque
1790 4345 1935 4397 enim

2031 1883 2113 1932 eo,
2149 1870 2518 1934 movebantur,
2536 1879 2587 1923 et
2616 1885 2787 1939 usque
2815 1870 2883 1924 ad
2902 1869 3365 1941 Joannemigitur,
3390 1871 3597 1938 aiebat,‘

2031 1962 2115 2015 lex
2147 1970 2198 2015 et
2225 1962 2499 2031 propheta:
2518 1962 2582 2016 ³⁷.
2634 1961 2826 2015 Aiebat
2856 1971 3033 2015 autem
3063 1962 3323 2017 Joannem
3361 1980 3585 2035 regnum

2030 2054 2290 2107 caelorum
2324 2054 2646 2122 praedicare;
2683 2068 2806 2106 nam
2845 2065 2896 2107 et
2934 2068 3029 2123 per
3062 2054 3449 2108 abseissionem
3475 2056 3586 2125 (I9)

2032 2145 2218 2213 capitis
2239 2145 2356 2212 ejus
2384 2146 2484 2198 hoc
2508 2160 2627 2199 esse
2651 2144 2964 2211 indicatum,
2994 2144 3139 2215 quod
3166 2146 3416 2201 omnibus
3443 2148 3588 2216 prio-

2032 2237 2181 2290 ribus
2208 2245 2261 2289 et
2294 2236 2664 2305 superioribus
2692 2236 2810 2304 ejus
2841 2236 3119 2303 abscissis,
3150 2237 3449 2305 posteriora
3470 2238 3587 2291 sola

2031 2328 2290 2382 servanda
2322 2328 2447 2380 sint.
2474 2326 2552 2379 Ad
2578 2327 2689 2381 hate
2718 2328 2881 2395 igitur
2908 2328 3094 2393 nobis,
3122 2343 3156 2380 ο
3186 2329 3588 2399 religiosissime

2030 2418 2313 2480 Archelae,
2342 2416 2530 2486 paucis
2558 2417 2826 2483 rescribe;
2863 2418 3041 2471 audivi
3067 2419 3210 2473 enim
3248 2434 3355 2471 non
3383 2420 3588 2475 medio-

2030 2510 2192 2565 criter
2216 2509 2310 2563 tibi
2334 2523 2452 2563 esse
2482 2509 2535 2560 in
2561 2508 2759 2562 talibus
2790 2509 3064 2562 studium:
3094 2508 3185 2561 Dei
3210 2509 3357 2562 enim
3383 2510 3586 2563 donum

2030 2614 2132 2669 est,
2165 2604 2364 2657 idcirco
2394 2603 2537 2671 quod
2573 2600 2748 2670 dignis
2775 2612 2825 2655 et
2850 2602 3037 2657 amicis
3066 2603 3199 2666 suis,
3232 2602 3443 2672 sibique
3466 2619 3591 2672 pro-

2030 2696 2190 2768 positi
2215 2695 2471 2749 societate
2495 2693 2821 2764 conjunctis,
2848 2692 2987 2749 Deus
3013 2696 3177 2750 donat
3204 2696 3315 2749 haec
3341 2712 3586 2752 munera.

2032 2789 2287 2845 Nostrum
2323 2789 2465 2843 enim
2509 2798 2590 2843 est
2622 2788 2956 2859 pr0positum
2988 2803 3292 2857 praeparare
3322 2799 3374 2842 et
3404 2791 3587 2858 proxi-

2032 2900 2151 2938 mos
2185 2883 2298 2937 tieri
2329 2883 2569 2952 benigna:
2593 2896 2655 2935 ac
2678 2879 2828 2932 diviti
2867 2880 3033 2932 menti
3059 2880 3168 2949 (εο)
3189 2921 3203 2945 ,
3244 2891 3296 2935 et
3329 2882 3589 2935 continuo

2031 2973 2101 3028 ab
2131 2988 2193 3028 ea
2240 2973 2545 3043 larg-issima
2590 2983 2815 3024 munera
2864 2972 3270 3041 consequimur.
3325 2972 3596 3037 Quoniam

2033 3081 2161 3136 ergo
2188 3066 2241 3119 in
2270 3067 2336 3122 iis
2365 3074 2489 3120 voto
2512 3073 2565 3118 et
2596 3064 2871 3133 proposito
2895 3080 3015 3119 meo
3044 3065 3312 3120 sermonis
3338 3080 3445 3118 non
3476 3063 3592 3117 suf-

2036 3160 2146 3214 ficit
2180 3158 2410 3213 eruditio
2449 3158 2690 3220 (idiotam
2727 3157 2873 3210 enim
2903 3172 2989 3210 me
3029 3172 3149 3211 esse
3190 3156 3492 3223 confiteor),
3523 3156 3591 3209 ad

2032 3261 2085 3306 te
2110 3251 2257 3315 misi,
2283 3250 2425 3304 sicut
2449 3249 2645 3319 saepius
2673 3250 2808 3312 dixi,
2832 3249 3147 3320 quaestionis
3178 3248 3338 3318 hujus
3374 3249 3591 3302 solutio-

2032 3359 2156 3398 nem
2185 3341 2550 3412 plenissimam
2585 3352 2918 3412 recepturus.
2967 3338 3259 3394 Incolumis
3286 3339 3417 3393 mihi
3452 3348 3589 3404 esto,

2033 3434 2192 3489 Pater
2218 3434 2656 3501 ineomparabilis
2690 3444 2743 3489 et
2780 3432 3137 3488 honorabilis.

2106 3524 2240 3579 XLI.
2281 3527 2510 3593 Accepta
2551 3525 2651 3580 hac
2690 3524 2935 3593 epistola,
2961 3522 3257 3577 Archelaus
3296 3520 3599 3576 admiratus

2033 3625 2115 3670 est
2139 3616 2374 3669 hominis
2404 3616 2717 3681 audaciam;
2759 3616 2849 3669 sed
2891 3615 3104 3667 interim
3143 3613 3360 3668 Diodori
3396 3613 3594 3685 allega-

2036 3706 2295 3769 tionibus,
2329 3716 2385 3759 ut
2412 3720 2496 3759 res
2557 3705 2818 3758 suadebat
2856 3705 3031 3758 celere
3073 3703 3203 3757 dare
3240 3720 3591 3772 responsum,

2036 3796 2298 3849 continuo
2328 3796 2544 3864 scripsit
2575 3796 2677 3850 hoc
2713 3795 2892 3848 modo.

2092 3903 2400 3942 ABCHELAUS
2430 3902 2658 3941 DIODORO
2687 3901 3023 3942 PRESBYTERO
3052 3902 3199 3942 FILIO
3221 3902 3539 3942 IIONORABILI

2605 3994 2847 4033 SALUTEII
2880 3979 3014 4049 (21).

2105 4067 2354 4138 Acceptis
2383 4067 2575 4122 litteris
2607 4070 2733 4134 tuis,
2760 4069 2910 4122 valde
2939 4069 3159 4138 gavisus
3186 4085 3327 4133 sum,
3357 4070 3593 4125 dilectis-

2037 4159 2192 4214 sime.
2242 4158 2481 4229 Cognovi
2529 4168 2709 4214 autem
2761 4160 2903 4229 quod
2947 4159 3029 4211 vir
3074 4160 3174 4213 iste
3213 4161 3303 4230 qui
3339 4171 3461 4213 ante
3496 4161 3594 4216 hos

2037 4256 2154 4310 dies
2184 4255 2248 4309 ad
2278 4270 2362 4309 me
2391 4264 2631 4321 venerat,
2666 4262 2719 4309 et
2744 4251 3024 4305 scientiam
3055 4253 3216 4305 aliam
3253 4264 3443 4321 prazter
3474 4270 3593 4307 eam

2040 4361 2161 4413 qua:
2189 4344 2484 4414 apostolica
2514 4353 2597 4397 est
2620 4352 2672 4397 et
2704 4340 3091 4407 ecclesiastica,
3127 4343 3466 4397 introducere
3501 4361 3596 4398 eu-

378 4436 731 4505 glorilicatum
762 4444 862 4499 est,
889 4437 1031 4504 quod
1061 4436 1352 4506 gloriosum
1394 4436 1596 4489 factum
1635 4445 1717 4489 est
1749 4437 1800 4489 in
1836 4437 1937 4490 hac
1968 4431 2013 4489 D
2042 4437 2238 4505 piebat,
2281 4436 2348 4489 ad
2390 4445 2441 4489 te
2483 4452 2699 4504 quoque
2749 4436 2992 4502 venerit;
3035 4451 3195 4504 quem
3240 4435 3453 4504 quidem
3496 4451 3598 4505 ego

378 4537 548 4596 parte,
584 4536 798 4596 propter
829 4543 947 4581 eam
998 4544 1118 4597 quae
1180 4527 1538 4597 supereminet
1588 4528 1810 4598 gloriam
1843 4545 1855 4579 :
1890 4527 1934 4581 si

376 4619 520 4672 enim
548 4618 690 4689 quod
724 4621 1030 4673 destruetur
1059 4636 1151 4689 per
1178 4621 1402 4687 gloriam
1438 4630 1538 4684 est,
1570 4620 1739 4673 multo
1766 4618 1936 4687 magis

376 4710 521 4778 quod
551 4721 753 4776 manet,
785 4712 835 4764 in
865 4712 1033 4781 gloria
1058 4722 1140 4766 est
1164 4712 1227 4765 ³¹.
1261 4731 1278 4762 ι
1301 4712 1403 4766 Sed
1428 4714 1531 4766 hoc
1551 4712 1767 4781 quidem
1796 4710 1939 4764 sicut

2042 4542 2148 4579 non
2196 4524 2413 4589 admisi,
2457 4525 2509 4577 in
2545 4525 2794 4596 priesenti
2825 4528 2967 4579 enim
3014 4526 3169 4580 nobis
3199 4525 3599 4595 disputantibus
3694 4522 3699 4535 “

2038 4617 2347 4672 confutatus
2393 4626 2493 4671 est.
2539 4618 2602 4673 Et
2632 4621 2791 4674 velim
2818 4621 3033 4690 quidem
3078 4619 3259 4673 omnia
3306 4634 3425 4688 qua:
3454 4633 3482 4671 a
3511 4632 3597 4670 me

2038 4710 2180 4763 dicta
2207 4718 2352 4773 sunt,
2383 4711 2619 4766 scribere
2650 4713 2764 4779 tibi,
2799 4722 2856 4766 ut
2884 4727 2949 4765 ex
2978 4712 3062 4766 his
3090 4725 3408 4781 agnosceres
3439 4710 3597 4763 [idem

446 4830 487 4859 ¹¹
519 4826 701 4881 Matth.
733 4845 784 4891 v,
820 4829 900 4881 I7.
950 4830 993 4859 ²²
1016 4828 1171 4882 Prov.
1204 4846 1340 4893 xx”,
1366 4830 1421 4883 2.
1488 4831 1533 4860 ¹²
1563 4830 1749 4883 Matth.
1783 4845 1838 4892 v,
1869 4830 1921 4882 5.

2061 4828 2191 4882 Luc.
2220 4844 2329 4894 xiv,
2361 4829 2449 4883 ⁵55.
2524 4830 2570 4861 ’⁸
2603 4829 2770 4883 Exod.
2800 4845 2895 4891 xit,
2930 4830 3017 4882 55.
3094 4828 3138 4857 ’⁸⁸
3170 4827 3339 4882 Exod.
3366 4843 3477 4891 xxi,
3503 4827 3592 4880 24.

376 4897 421 4928 "’
445 4898 575 4951 Luc.
612 4914 681 4961 vt,
713 4899 802 4953 ‘29.
879 4899 923 4929 ’⁸
960 4898 1118 4953 Num.
1154 4916 1239 4963 xv,
1276 4901 1361 4953 5'2.

375 4966 423 4999 ³³
449 4967 566 5023 Gal.
597 4983 656 5025 ιι.
684 4968 768 5021 18.
877 4968 920 4999 ³⁸
947 4967 1103 5022 Rom.
1142 4985 1200 5034 ιι,
1231 4969 1319 5023 28.

450 5088 557 5170 (16)
599 5088 849 5157 Vulgata,
893 5107 912 5140 ‹
962 5089 1086 5143 fecit
1116 5088 1279 5158 Deus,
1318 5110 1337 5143 ι
1371 5094 1514 5162 quod
1551 5094 1721 5165 magis
1750 5092 1937 5148 Grreco

380 5169 544 5213 textui
581 5175 874 5213 consonum
906 5171 1006 5214 est.

451 5230 559 5300 (17)
602 5228 863 5299 Vulgata;
906 5249 923 5281 ι
967 5230 1287 5285 Ministratio
1350 5232 1563 5295 mortis,
1608 5233 1800 5287 litteris
1842 5234 1937 5285 de-

382 5298 610 5371 formata
636 5301 688 5371 in
716 5298 988 5371 lapidibus
1015 5318 1028 5365 ;
1064 5302 1209 5371 sised
1243 5305 1415 5356 nostri
1450 5304 1756 5371 interpretis
1783 5304 1938 5355 lectio

382 5370 651 5489 magiislad
682 5386 901 5424 sensum
937 5370 1110 5425 Graeci
1155 5386 1262 5441 quo
1294 5389 1438 5427 nunc
1486 5370 1710 5437 utimur,
1760 5382 1938 5427 textus

382 5453 605 5489 acceat.

380 5447 605 5492 accediL

452 5508 562 5579 (18)
604 5508 741 5579 Infra
777 5525 896 5579 cap.
934 5511 1003 5563 42
1030 5510 1208 5571 habet.
1252 5530 1269 5562 ι
1300 5511 1564 5565 aboletur.
1608 5530 1625 5561 ι

451 5578 561 5648 (19)
603 5577 659 5632 lu
714 5577 1017 5644 Casinensi,
1082 5600 1099 5632 ι
1154 5598 1275 5633 nam
1336 5591 1390 5636 et
1450 5582 1857 5637 abscissionem.
1911 5599 1929 5631 ι

379 5650 607 5715 omissa,
652 5658 710 5703 ut
742 5660 904 5719 patet,
937 5653 1318 5719 praepositione
1351 5671 1367 5703 ι
1410 5668 1523 5721 per.
1556 5672 1572 5703 ι
1617 5651 1719 5706 Sed
1749 5662 1803 5706 et
1834 5651 1935 5721 legi

379 5728 574 5789 potest,
615 5739 632 5771 ι
669 5721 1019 5775 abscissione.
1062 5741 1077 5771 ι

1440 4901 1483 4931 ’⁸
1517 4900 1677 4954 Marc.
1716 4916 1775 4961 Il,
1814 4902 1902 4954 11.

1398 4970 1442 5001 ³⁸
1481 4970 1635 5023 Rom.
1672 4987 1741 5037 tv,
1769 4971 1824 5024 ‘2.

1974 4899 2017 4931 ³ο
2052 4898 2182 4954 Luc.
2228 4915 2302 4963 vt,
2342 4900 2393 4952 1.

1927 4969 1971 5000 ³⁸
2018 4969 2174 5024 Rom.
2222 4985 2305 5033 ιιι,
2349 4969 2438 5022 20.

2469 4900 2512 4931 ³¹
2605 4902 2729 5023 Eur.
2778 4899 3037 5023 nugis-II.
3105 4898 3149 4927 ³³
3184 4898 3203 4949 1
3232 4900 3356 4951 (lor.
3389 4913 3475 4958 xv,
3506 4896 3594 4951 50.

2646 4986 2769 5023 oan.
2807 4986 2842 5023 I.
2939 5008 2953 5023 .

2646 4986 2769 5024 oan.
2807 4986 2842 5035 I,
2864 4986 2953 5023 κν.

2112 5090 2223 5161 (20)
2264 5090 2322 5142 In
2364 5088 2664 5161 fCasinensi
2714 5086 3157 5161 codice-legitur,
3211 5101 3235 5161 «_
3271 5091 3599 5161 pra‘pararet

2042 5152 2320 5232 proximus
2349 5160 2459 5213 ﬁeri
2493 5161 2862 5233 benignashac
2894 5152 3044 5233 diviti
3073 5153 3257 5233 tuenti.
3293 5171 3311 5203 ι
3346 5152 3411 5233 Et
3434 5152 3596 5233 infra,

2048 5223 2066 5283 ἓ
2105 5232 2324 5302 idiotam
2349 5246 2434 5302 me
2462 5246 2583 5285 esse
2615 5223 2893 5283 conﬁteor.
2934 5248 2952 5279 ι
2983 5224 3083 5281 Sed
3109 5224 3179 5302 ita
3202 5223 3597 5302 emendandum

2039 5318 2181 5363 esse,
2234 5301 2311 5353 uti
2343 5301 2548 5354 editum
2581 5309 2681 5364 est,
2726 5314 2906 5364 nemo,
2962 5307 3019 5351 ut
3062 5294 3335 5357 arbitror,
3387 5293 3603 5351 inﬁcias

2041 5372 2215 5425 iverit.

2112 5442 2223 5509 (:lt)
2248 5440 2395 5495 Hanc
2412 5438 2658 5495 Archelai
2674 5437 2979 5509 epistolam,
2996 5452 3119 5509 cum
3143 5432 3600 5509 subsequentibus

2048 5503 2321 5565 nonnullis
2353 5525 2524 5578 usque
2550 5510 2612 5560 ad
2643 5503 2803 5576 caput
2830 5508 2899 5560 46
2924 5507 3083 5575 hujus
3110 5510 3287 5577 operis
3309 5503 3477 5578 edidit
3505 5518 3601 5578 pa-

2046 5582 2177 5632 riter
2222 5597 2285 5634 ex
2315 5572 2497 5634 codice
2538 5572 2789 5633 Bobiensi
2833 5572 3095 5644 \alesius,
3131 5572 3284 5647 cujus
3318 5574 3495 5629 Varias
3523 5572 3601 5625 lc~
3687 5615 3698 5627 α

2046 5650 2253 5706 ctiones
2282 5652 2619 5705 adnotamus.
