  <div class='ocr_page' id='page_1' title='image "/cluster/home/n/w/nwhite01/storage/ocr_20150623/10/hvd.32044073501330/767.png"; bbox 0 0 3996 6208; ppageno 0'>
   <div class='ocr_carea' id='block_1_1' title="bbox 454 286 591 341">
    <p class='ocr_par' dir='ltr' id='par_1_1' title="bbox 454 286 591 341">
     <span class='ocr_line' id='line_1_1' title="bbox 454 286 591 341; baseline 0 0"><span class='ocrx_word' id='word_1_1' title='bbox 454 286 591 341; x_wconf 74' lang='lat' dir='ltr'><strong>H95</strong></span> 
     </span>
    </p>
   </div>
   <div class='ocr_carea' id='block_1_2' title="bbox 1456 280 2678 339">
    <p class='ocr_par' dir='ltr' id='par_1_2' title="bbox 1456 280 2678 339">
     <span class='ocr_line' id='line_1_2' title="bbox 1456 280 2678 339; baseline -0.001 -2"><span class='ocrx_word' id='word_1_2' title='bbox 1456 281 1640 338; x_wconf 83' lang='lat' dir='ltr'><strong>ACTA</strong></span> <span class='ocrx_word' id='word_1_3' title='bbox 1675 280 2194 339; x_wconf 75' lang='lat' dir='ltr'><strong>DISPUTATIONIS</strong></span> <span class='ocrx_word' id='word_1_4' title='bbox 2236 281 2293 339; x_wconf 86' lang='lat' dir='ltr'><strong>S.</strong></span> <span class='ocrx_word' id='word_1_5' title='bbox 2333 280 2678 339; x_wconf 78' lang='lat' dir='ltr'><strong>ARCHELAI</strong></span> 
     </span>
    </p>
   </div>
   <div class='ocr_carea' id='block_1_3' title="bbox 3535 282 3674 339">
    <p class='ocr_par' dir='ltr' id='par_1_3' title="bbox 3535 282 3674 339">
     <span class='ocr_line' id='line_1_3' title="bbox 3535 282 3674 339; baseline 0.014 -2"><span class='ocrx_word' id='word_1_6' title='bbox 3535 282 3674 339; x_wconf 74' lang='lat' dir='ltr'><strong>H96</strong></span> 
     </span>
    </p>
   </div>
   <div class='ocr_carea' id='block_1_4' title="bbox 449 396 3674 474">
    <p class='ocr_par' dir='ltr' id='par_1_4' title="bbox 449 396 3674 474">
     <span class='ocr_line' id='line_1_4' title="bbox 449 396 3674 474; baseline -0.002 -16"><span class='ocrx_word' id='word_1_7' title='bbox 449 404 601 474; x_wconf 84' lang='lat' dir='ltr'><strong>ejus;</strong></span> <span class='ocrx_word' id='word_1_8' title='bbox 626 402 721 460; x_wconf 86' lang='lat' dir='ltr'><strong>sed</strong></span> <span class='ocrx_word' id='word_1_9' title='bbox 744 403 873 474; x_wconf 98' lang='lat' dir='ltr'><strong>quia</strong></span> <span class='ocrx_word' id='word_1_10' title='bbox 898 401 966 457; x_wconf 92' lang='lat' dir='ltr'><strong>de</strong></span> <span class='ocrx_word' id='word_1_11' title='bbox 987 400 1199 457; x_wconf 88' lang='lat' dir='ltr'><strong>vacanti</strong></span> <span class='ocrx_word' id='word_1_12' title='bbox 1226 400 1339 455; x_wconf 79' lang='lat' dir='ltr'><strong>ﬁeri</strong></span> <span class='ocrx_word' id='word_1_13' title='bbox 1366 400 1561 472; x_wconf 89' lang='lat' dir='ltr'><strong>poterit</strong></span> <span class='ocrx_word' id='word_1_14' title='bbox 1583 400 1694 473; x_wconf 87' lang='lat'><strong>(22)</strong></span> <span class='ocrx_word' id='word_1_15' title='bbox 1716 401 1841 468; x_wconf 89' lang='lat' dir='ltr'><strong>hoc,</strong></span> <span class='ocrx_word' id='word_1_16' title='bbox 1869 418 2013 457; x_wconf 91' lang='lat' dir='ltr'><strong>nunc</strong></span> <span class='ocrx_word' id='word_1_17' title='bbox 2041 408 2085 464; x_wconf 78' lang='grc' dir='ltr'><strong>Α</strong></span> <span class='ocrx_word' id='word_1_18' title='bbox 2113 402 2192 457; x_wconf 82' lang='lat' dir='ltr'><strong>Ita</strong></span> <span class='ocrx_word' id='word_1_19' title='bbox 2227 402 2358 457; x_wconf 89' lang='lat' dir='ltr'><strong>mihi</strong></span> <span class='ocrx_word' id='word_1_20' title='bbox 2390 401 2790 473; x_wconf 86' lang='lat' dir='ltr'><strong>intelligendum</strong></span> <span class='ocrx_word' id='word_1_21' title='bbox 2811 410 2893 456; x_wconf 89' lang='lat' dir='ltr'><strong>est</strong></span> <span class='ocrx_word' id='word_1_22' title='bbox 2919 397 3270 471; x_wconf 72' lang='lat' dir='ltr'><strong>magniﬁcum</strong></span> <span class='ocrx_word' id='word_1_23' title='bbox 3289 397 3382 453; x_wconf 88' lang='lat' dir='ltr'><strong>Dei</strong></span> <span class='ocrx_word' id='word_1_24' title='bbox 3407 396 3674 453; x_wconf 81' lang='lat' dir='ltr'><strong>famulum</strong></span> 
     </span>
    </p>
   </div>
   <div class='ocr_carea' id='block_1_5' title="bbox 450 489 2006 564">
    <p class='ocr_par' dir='ltr' id='par_1_5' title="bbox 450 489 2006 564">
     <span class='ocr_line' id='line_1_5' title="bbox 450 489 2006 564; baseline -0.001 -17"><span class='ocrx_word' id='word_1_25' title='bbox 450 494 597 564; x_wconf 91' lang='lat' dir='ltr'><strong>quod</strong></span> <span class='ocrx_word' id='word_1_26' title='bbox 644 493 831 559; x_wconf 80' lang='lat' dir='ltr'><strong>instat,</strong></span> <span class='ocrx_word' id='word_1_27' title='bbox 879 491 1068 561; x_wconf 83' lang='lat' dir='ltr'><strong>paucis</strong></span> <span class='ocrx_word' id='word_1_28' title='bbox 1120 489 1447 560; x_wconf 89' lang='lat' dir='ltr'><strong>respondere</strong></span> <span class='ocrx_word' id='word_1_29' title='bbox 1494 491 1588 545; x_wconf 90' lang='lat' dir='ltr'><strong>tibi</strong></span> <span class='ocrx_word' id='word_1_30' title='bbox 1635 491 2006 547; x_wconf 84' lang='lat' dir='ltr'><strong>necessarium</strong></span> 
     </span>
    </p>
   </div>
   <div class='ocr_carea' id='block_1_6' title="bbox 449 580 2008 653">
    <p class='ocr_par' dir='ltr' id='par_1_6' title="bbox 449 580 2008 653">
     <span class='ocr_line' id='line_1_6' title="bbox 449 580 2008 653; baseline -0.002 -15"><span class='ocrx_word' id='word_1_31' title='bbox 449 584 603 646; x_wconf 86' lang='lat' dir='ltr'><strong>duxi,</strong></span> <span class='ocrx_word' id='word_1_32' title='bbox 634 583 699 639; x_wconf 89' lang='lat' dir='ltr'><strong>ad</strong></span> <span class='ocrx_word' id='word_1_33' title='bbox 730 598 794 639; x_wconf 87' lang='lat' dir='ltr'><strong>ea</strong></span> <span class='ocrx_word' id='word_1_34' title='bbox 831 597 952 653; x_wconf 75' lang='lat' dir='ltr'><strong>qua:</strong></span> <span class='ocrx_word' id='word_1_35' title='bbox 993 580 1127 636; x_wconf 90' lang='lat' dir='ltr'><strong>mihi</strong></span> <span class='ocrx_word' id='word_1_36' title='bbox 1170 580 1436 652; x_wconf 74' lang='lat' dir='ltr'><strong>scripsisti</strong></span> <span class='ocrx_word' id='word_1_37' title='bbox 1468 580 1615 652; x_wconf 88' lang='lat' dir='ltr'><strong>quod</strong></span> <span class='ocrx_word' id='word_1_38' title='bbox 1641 582 1711 637; x_wconf 90' lang='lat' dir='ltr'><strong>ab</strong></span> <span class='ocrx_word' id='word_1_39' title='bbox 1745 581 1837 637; x_wconf 91' lang='lat' dir='ltr'><strong>illo</strong></span> <span class='ocrx_word' id='word_1_40' title='bbox 1865 581 2008 637; x_wconf 74' lang='lat' dir='ltr'><strong>dice—</strong></span> 
     </span>
    </p>
   </div>
   <div class='ocr_carea' id='block_1_7' title="bbox 450 671 2008 745">
    <p class='ocr_par' dir='ltr' id='par_1_7' title="bbox 450 671 2008 745">
     <span class='ocr_line' id='line_1_7' title="bbox 450 671 2008 745; baseline -0.001 -16"><span class='ocrx_word' id='word_1_41' title='bbox 450 684 659 730; x_wconf 83' lang='lat' dir='ltr'><strong>rentur.</strong></span> <span class='ocrx_word' id='word_1_42' title='bbox 691 672 822 728; x_wconf 82' lang='lat' dir='ltr'><strong>Erat</strong></span> <span class='ocrx_word' id='word_1_43' title='bbox 849 688 980 743; x_wconf 89' lang='lat' dir='ltr'><strong>ergo</strong></span> <span class='ocrx_word' id='word_1_44' title='bbox 1010 672 1061 728; x_wconf 91' lang='lat' dir='ltr'><strong>ei</strong></span> <span class='ocrx_word' id='word_1_45' title='bbox 1094 687 1369 728; x_wconf 91' lang='lat' dir='ltr'><strong>summum</strong></span> <span class='ocrx_word' id='word_1_46' title='bbox 1397 673 1636 729; x_wconf 88' lang='lat' dir='ltr'><strong>studium</strong></span> <span class='ocrx_word' id='word_1_47' title='bbox 1670 671 1806 745; x_wconf 85' lang='lat'><strong>(25),</strong></span> <span class='ocrx_word' id='word_1_48' title='bbox 1836 672 2008 744; x_wconf 90' lang='lat' dir='ltr'><strong>legem</strong></span> 
     </span>
    </p>
   </div>
   <div class='ocr_carea' id='block_1_8' title="bbox 448 764 2009 839">
    <p class='ocr_par' dir='ltr' id='par_1_8' title="bbox 448 764 2009 839">
     <span class='ocr_line' id='line_1_8' title="bbox 448 764 2009 839; baseline -0.002 -18"><span class='ocrx_word' id='word_1_49' title='bbox 448 765 621 839; x_wconf 73' lang='lat' dir='ltr'><strong>Moysi</strong></span> <span class='ocrx_word' id='word_1_50' title='bbox 650 765 937 822; x_wconf 76' lang='lat' dir='ltr'><strong>ostendere</strong></span> <span class='ocrx_word' id='word_1_51' title='bbox 958 779 1065 821; x_wconf 90' lang='lat' dir='ltr'><strong>non</strong></span> <span class='ocrx_word' id='word_1_52' title='bbox 1086 779 1207 821; x_wconf 78' lang='lat' dir='ltr'><strong>esse</strong></span> <span class='ocrx_word' id='word_1_53' title='bbox 1231 773 1620 820; x_wconf 83' lang='lat' dir='ltr'><strong>consonantem</strong></span> <span class='ocrx_word' id='word_1_54' title='bbox 1644 764 1744 837; x_wconf 91' lang='lat' dir='ltr'><strong>legi</strong></span> <span class='ocrx_word' id='word_1_55' title='bbox 1771 764 2009 831; x_wconf 79' lang='lat' dir='ltr'><strong>Christi;</strong></span> 
     </span>
    </p>
   </div>
   <div class='ocr_carea' id='block_1_9' title="bbox 448 854 2009 927">
    <p class='ocr_par' dir='ltr' id='par_1_9' title="bbox 448 854 2009 927">
     <span class='ocr_line' id='line_1_9' title="bbox 448 854 2009 927; baseline -0.003 -12"><span class='ocrx_word' id='word_1_56' title='bbox 448 868 502 915; x_wconf 86' lang='lat' dir='ltr'><strong>et</strong></span> <span class='ocrx_word' id='word_1_57' title='bbox 535 858 650 915; x_wconf 65' lang='lat' dir='ltr'><strong>haec</strong></span> <span class='ocrx_word' id='word_1_58' title='bbox 689 874 756 914; x_wconf 75' lang='lat' dir='ltr'><strong>ex</strong></span> <span class='ocrx_word' id='word_1_59' title='bbox 796 856 998 913; x_wconf 85' lang='lat' dir='ltr'><strong>nostris</strong></span> <span class='ocrx_word' id='word_1_60' title='bbox 1044 854 1343 927; x_wconf 86' lang='lat' dir='ltr'><strong>Scripturis</strong></span> <span class='ocrx_word' id='word_1_61' title='bbox 1384 871 1696 913; x_wconf 86' lang='lat' dir='ltr'><strong>asseverare</strong></span> <span class='ocrx_word' id='word_1_62' title='bbox 1747 857 2009 912; x_wconf 87' lang='lat' dir='ltr'><strong>tentabat.</strong></span> 
     </span>
    </p>
   </div>
   <div class='ocr_carea' id='block_1_10' title="bbox 447 938 2013 1018">
    <p class='ocr_par' dir='ltr' id='par_1_10' title="bbox 447 938 2013 1018">
     <span class='ocr_line' id='line_1_10' title="bbox 447 938 2013 1018; baseline 0 -13"><span class='ocrx_word' id='word_1_63' title='bbox 447 950 560 1005; x_wconf 93' lang='lat' dir='ltr'><strong>Nos</strong></span> <span class='ocrx_word' id='word_1_64' title='bbox 591 965 721 1004; x_wconf 89' lang='lat' dir='ltr'><strong>vero</strong></span> <span class='ocrx_word' id='word_1_65' title='bbox 744 964 811 1004; x_wconf 90' lang='lat' dir='ltr'><strong>ex</strong></span> <span class='ocrx_word' id='word_1_66' title='bbox 843 938 1032 1005; x_wconf 82' lang='lat' dir='ltr'><strong>eadem</strong></span> <span class='ocrx_word' id='word_1_67' title='bbox 1059 948 1175 1018; x_wconf 89' lang='lat' dir='ltr'><strong>ipsa</strong></span> <span class='ocrx_word' id='word_1_68' title='bbox 1200 947 1478 1018; x_wconf 84' lang='lat' dir='ltr'><strong>Scriptura</strong></span> <span class='ocrx_word' id='word_1_69' title='bbox 1514 964 1620 1002; x_wconf 83' lang='lat' dir='ltr'><strong>non</strong></span> <span class='ocrx_word' id='word_1_70' title='bbox 1659 948 1837 1006; x_wconf 89' lang='lat' dir='ltr'><strong>solum</strong></span> <span class='ocrx_word' id='word_1_71' title='bbox 1883 964 2013 1005; x_wconf 90' lang='lat' dir='ltr'><strong>con-</strong></span> 
     </span>
    </p>
   </div>
   <div class='ocr_carea' id='block_1_11' title="bbox 448 1039 2011 1113">
    <p class='ocr_par' dir='ltr' id='par_1_11' title="bbox 448 1039 2011 1113">
     <span class='ocr_line' id='line_1_11' title="bbox 448 1039 2011 1113; baseline -0.001 -17"><span class='ocrx_word' id='word_1_72' title='bbox 448 1040 786 1096; x_wconf 78' lang='lat' dir='ltr'><strong>ﬁrmavimus</strong></span> <span class='ocrx_word' id='word_1_73' title='bbox 814 1040 983 1111; x_wconf 91' lang='lat' dir='ltr'><strong>legem</strong></span> <span class='ocrx_word' id='word_1_74' title='bbox 1007 1039 1201 1113; x_wconf 76' lang='lat' dir='ltr'><strong>Moysi,</strong></span> <span class='ocrx_word' id='word_1_75' title='bbox 1223 1049 1277 1097; x_wconf 90' lang='lat' dir='ltr'><strong>et</strong></span> <span class='ocrx_word' id='word_1_76' title='bbox 1296 1040 1477 1094; x_wconf 86' lang='lat' dir='ltr'><strong>omnia</strong></span> <span class='ocrx_word' id='word_1_77' title='bbox 1501 1056 1623 1111; x_wconf 70' lang='lat' dir='ltr'><strong>quae</strong></span> <span class='ocrx_word' id='word_1_78' title='bbox 1648 1040 1701 1095; x_wconf 91' lang='lat' dir='ltr'><strong>in</strong></span> <span class='ocrx_word' id='word_1_79' title='bbox 1724 1056 1786 1096; x_wconf 90' lang='lat' dir='ltr'><strong>ea</strong></span> <span class='ocrx_word' id='word_1_80' title='bbox 1811 1041 2011 1111; x_wconf 89' lang='lat' dir='ltr'><strong>scripta</strong></span> 
     </span>
    </p>
   </div>
   <div class='ocr_carea' id='block_1_12' title="bbox 446 1131 2013 1200">
    <p class='ocr_par' dir='ltr' id='par_1_12' title="bbox 446 1131 2013 1200">
     <span class='ocr_line' id='line_1_12' title="bbox 446 1131 2013 1200; baseline 0.001 -11"><span class='ocrx_word' id='word_1_81' title='bbox 446 1144 606 1200; x_wconf 88' lang='lat' dir='ltr'><strong>sunt;</strong></span> <span class='ocrx_word' id='word_1_82' title='bbox 637 1148 826 1188; x_wconf 91' lang='lat' dir='ltr'><strong>verum</strong></span> <span class='ocrx_word' id='word_1_83' title='bbox 847 1133 1009 1189; x_wconf 86' lang='lat' dir='ltr'><strong>etiam</strong></span> <span class='ocrx_word' id='word_1_84' title='bbox 1027 1148 1187 1189; x_wconf 90' lang='lat' dir='ltr'><strong>omne</strong></span> <span class='ocrx_word' id='word_1_85' title='bbox 1207 1142 1362 1189; x_wconf 90' lang='lat' dir='ltr'><strong>vetus</strong></span> <span class='ocrx_word' id='word_1_86' title='bbox 1385 1131 1789 1190; x_wconf 83' lang='lat' dir='ltr'><strong>Testamentum</strong></span> <span class='ocrx_word' id='word_1_87' title='bbox 1813 1150 2013 1191; x_wconf 86' lang='lat' dir='ltr'><strong>conve-</strong></span> 
     </span>
    </p>
   </div>
   <div class='ocr_carea' id='block_1_13' title="bbox 446 1224 2009 1297">
    <p class='ocr_par' dir='ltr' id='par_1_13' title="bbox 446 1224 2009 1297">
     <span class='ocr_line' id='line_1_13' title="bbox 446 1224 2009 1297; baseline 0.002 -18"><span class='ocrx_word' id='word_1_88' title='bbox 446 1225 565 1280; x_wconf 90' lang='lat' dir='ltr'><strong>nire</strong></span> <span class='ocrx_word' id='word_1_89' title='bbox 612 1240 755 1280; x_wconf 90' lang='lat' dir='ltr'><strong>novo</strong></span> <span class='ocrx_word' id='word_1_90' title='bbox 800 1224 1147 1281; x_wconf 84' lang='lat' dir='ltr'><strong>Testamento</strong></span> <span class='ocrx_word' id='word_1_91' title='bbox 1176 1234 1230 1282; x_wconf 88' lang='lat' dir='ltr'><strong>et</strong></span> <span class='ocrx_word' id='word_1_92' title='bbox 1280 1240 1581 1282; x_wconf 89' lang='lat' dir='ltr'><strong>consonare</strong></span> <span class='ocrx_word' id='word_1_93' title='bbox 1631 1226 2009 1297; x_wconf 81' lang='lat' dir='ltr'><strong>probavimus.</strong></span> 
     </span>
    </p>
   </div>
   <div class='ocr_carea' id='block_1_14' title="bbox 445 1317 2013 1388">
    <p class='ocr_par' dir='ltr' id='par_1_14' title="bbox 445 1317 2013 1388">
     <span class='ocr_line' id='line_1_14' title="bbox 445 1317 2013 1388; baseline 0.001 -17"><span class='ocrx_word' id='word_1_94' title='bbox 445 1332 724 1386; x_wconf 88' lang='lat' dir='ltr'><strong>unumque</strong></span> <span class='ocrx_word' id='word_1_95' title='bbox 737 1332 858 1373; x_wconf 89' lang='lat' dir='ltr'><strong>esse</strong></span> <span class='ocrx_word' id='word_1_96' title='bbox 870 1325 1098 1372; x_wconf 85' lang='lat' dir='ltr'><strong>textum.</strong></span> <span class='ocrx_word' id='word_1_97' title='bbox 1120 1325 1377 1388; x_wconf 85' lang='lat' dir='ltr'><strong>tanquam</strong></span> <span class='ocrx_word' id='word_1_98' title='bbox 1393 1318 1438 1372; x_wconf 90' lang='lat' dir='ltr'><strong>si</strong></span> <span class='ocrx_word' id='word_1_99' title='bbox 1461 1332 1565 1372; x_wconf 90' lang='lat' dir='ltr'><strong>una</strong></span> <span class='ocrx_word' id='word_1_100' title='bbox 1584 1317 1749 1372; x_wconf 84' lang='lat' dir='ltr'><strong>vestis</strong></span> <span class='ocrx_word' id='word_1_101' title='bbox 1764 1317 2013 1372; x_wconf 87' lang='lat' dir='ltr'><strong>videatur</strong></span> 
     </span>
    </p>
   </div>
   <div class='ocr_carea' id='block_1_15' title="bbox 442 1407 2013 1480">
    <p class='ocr_par' dir='ltr' id='par_1_15' title="bbox 442 1407 2013 1480">
     <span class='ocr_line' id='line_1_15' title="bbox 442 1407 2013 1480; baseline 0.001 -17"><span class='ocrx_word' id='word_1_102' title='bbox 442 1422 510 1463; x_wconf 80' lang='lat' dir='ltr'><strong>ex</strong></span> <span class='ocrx_word' id='word_1_103' title='bbox 533 1408 872 1479; x_wconf 79' lang='lat' dir='ltr'><strong>subtegmine</strong></span> <span class='ocrx_word' id='word_1_104' title='bbox 895 1408 1008 1479; x_wconf 69' lang='lat'><strong>(24)</strong></span> <span class='ocrx_word' id='word_1_105' title='bbox 1031 1418 1192 1480; x_wconf 86' lang='lat' dir='ltr'><strong>atque</strong></span> <span class='ocrx_word' id='word_1_106' title='bbox 1207 1410 1438 1465; x_wconf 83' lang='lat' dir='ltr'><strong>stamine</strong></span> <span class='ocrx_word' id='word_1_107' title='bbox 1460 1425 1581 1465; x_wconf 85' lang='lat' dir='ltr'><strong>esse</strong></span> <span class='ocrx_word' id='word_1_108' title='bbox 1604 1417 1874 1465; x_wconf 83' lang='lat' dir='ltr'><strong>contexta.</strong></span> <span class='ocrx_word' id='word_1_109' title='bbox 1899 1407 2013 1465; x_wconf 86' lang='lat' dir='ltr'><strong>Hoc</strong></span> 
     </span>
    </p>
   </div>
   <div class='ocr_carea' id='block_1_16' title="bbox 445 1500 2011 1573">
    <p class='ocr_par' dir='ltr' id='par_1_16' title="bbox 445 1500 2011 1573">
     <span class='ocr_line' id='line_1_16' title="bbox 445 1500 2011 1573; baseline 0 -17"><span class='ocrx_word' id='word_1_110' title='bbox 445 1501 651 1568; x_wconf 86' lang='lat' dir='ltr'><strong>solum,</strong></span> <span class='ocrx_word' id='word_1_111' title='bbox 676 1501 823 1573; x_wconf 82' lang='lat' dir='ltr'><strong>quod</strong></span> <span class='ocrx_word' id='word_1_112' title='bbox 847 1500 1009 1556; x_wconf 89' lang='lat' dir='ltr'><strong>veluti</strong></span> <span class='ocrx_word' id='word_1_113' title='bbox 1033 1516 1329 1572; x_wconf 81' lang='lat' dir='ltr'><strong>purpuram</strong></span> <span class='ocrx_word' id='word_1_114' title='bbox 1353 1501 1601 1558; x_wconf 85' lang='lat' dir='ltr'><strong>videmus</strong></span> <span class='ocrx_word' id='word_1_115' title='bbox 1634 1502 1690 1557; x_wconf 90' lang='lat' dir='ltr'><strong>in</strong></span> <span class='ocrx_word' id='word_1_116' title='bbox 1720 1511 1887 1567; x_wconf 84' lang='lat' dir='ltr'><strong>veste,</strong></span> <span class='ocrx_word' id='word_1_117' title='bbox 1914 1516 2011 1556; x_wconf 87' lang='lat' dir='ltr'><strong>no-</strong></span> 
     </span>
    </p>
   </div>
   <div class='ocr_carea' id='block_1_17' title="bbox 442 1592 2011 1665">
    <p class='ocr_par' dir='ltr' id='par_1_17' title="bbox 442 1592 2011 1665">
     <span class='ocr_line' id='line_1_17' title="bbox 442 1592 2011 1665; baseline 0 -17"><span class='ocrx_word' id='word_1_118' title='bbox 442 1609 571 1648; x_wconf 88' lang='lat' dir='ltr'><strong>vum</strong></span> <span class='ocrx_word' id='word_1_119' title='bbox 590 1592 994 1650; x_wconf 82' lang='lat' dir='ltr'><strong>Testamentum</strong></span> <span class='ocrx_word' id='word_1_120' title='bbox 1016 1592 1071 1647; x_wconf 84' lang='lat' dir='ltr'><strong>in</strong></span> <span class='ocrx_word' id='word_1_121' title='bbox 1093 1602 1304 1649; x_wconf 79' lang='lat' dir='ltr'><strong>textura</strong></span> <span class='ocrx_word' id='word_1_122' title='bbox 1321 1593 1433 1665; x_wconf 87' lang='lat'><strong>(25)</strong></span> <span class='ocrx_word' id='word_1_123' title='bbox 1450 1595 1647 1650; x_wconf 89' lang='lat' dir='ltr'><strong>veteris</strong></span> <span class='ocrx_word' id='word_1_124' title='bbox 1659 1593 2011 1660; x_wconf 89' lang='lat' dir='ltr'><strong>Testamenti;</strong></span> 
     </span>
    </p>
   </div>
   <div class='ocr_carea' id='block_1_18' title="bbox 443 1684 2009 1757">
    <p class='ocr_par' dir='ltr' id='par_1_18' title="bbox 443 1684 2009 1757">
     <span class='ocr_line' id='line_1_18' title="bbox 443 1684 2009 1757; baseline 0.001 -18"><span class='ocrx_word' id='word_1_125' title='bbox 443 1686 670 1755; x_wconf 75' lang='lat' dir='ltr'><strong>gloriam</strong></span> <span class='ocrx_word' id='word_1_126' title='bbox 703 1685 851 1741; x_wconf 91' lang='lat' dir='ltr'><strong>enim</strong></span> <span class='ocrx_word' id='word_1_127' title='bbox 899 1684 1114 1740; x_wconf 87' lang='lat' dir='ltr'><strong>Domini</strong></span> <span class='ocrx_word' id='word_1_128' title='bbox 1163 1686 1218 1740; x_wconf 93' lang='lat' dir='ltr'><strong>in</strong></span> <span class='ocrx_word' id='word_1_129' title='bbox 1270 1685 1460 1741; x_wconf 86' lang='lat' dir='ltr'><strong>eodem</strong></span> <span class='ocrx_word' id='word_1_130' title='bbox 1507 1686 1853 1757; x_wconf 89' lang='lat' dir='ltr'><strong>speculamur</strong></span> <span class='ocrx_word' id='word_1_131' title='bbox 1877 1684 2009 1757; x_wconf 85' lang='lat'><strong>(26).</strong></span> 
     </span>
    </p>
   </div>
   <div class='ocr_carea' id='block_1_19' title="bbox 2114 488 3677 566">
    <p class='ocr_par' dir='ltr' id='par_1_19' title="bbox 2114 488 3677 566">
     <span class='ocr_line' id='line_1_19' title="bbox 2114 488 3677 566; baseline -0.003 -18"><span class='ocrx_word' id='word_1_132' title='bbox 2114 493 2333 566; x_wconf 78' lang='lat' dir='ltr'><strong>Moysen</strong></span> <span class='ocrx_word' id='word_1_133' title='bbox 2385 493 2655 549; x_wconf 83' lang='lat' dir='ltr'><strong>invenisse</strong></span> <span class='ocrx_word' id='word_1_134' title='bbox 2676 491 2787 562; x_wconf 87' lang='lat'><strong>(59)</strong></span> <span class='ocrx_word' id='word_1_135' title='bbox 2822 490 3081 563; x_wconf 88' lang='lat' dir='ltr'><strong>populum</strong></span> <span class='ocrx_word' id='word_1_136' title='bbox 3115 490 3372 546; x_wconf 86' lang='lat' dir='ltr'><strong>alllictum</strong></span> <span class='ocrx_word' id='word_1_137' title='bbox 3406 490 3477 545; x_wconf 88' lang='lat' dir='ltr'><strong>ab</strong></span> <span class='ocrx_word' id='word_1_138' title='bbox 3506 488 3677 563; x_wconf 65' lang='lat' dir='ltr'><strong>Egy-</strong></span> 
     </span>
    </p>
   </div>
   <div class='ocr_carea' id='block_1_20' title="bbox 2113 582 3678 656">
    <p class='ocr_par' dir='ltr' id='par_1_20' title="bbox 2113 582 3678 656">
     <span class='ocr_line' id='line_1_20' title="bbox 2113 582 3678 656; baseline -0.002 -16"><span class='ocrx_word' id='word_1_139' title='bbox 2113 586 2260 656; x_wconf 86' lang='lat' dir='ltr'><strong>ptiis,</strong></span> <span class='ocrx_word' id='word_1_140' title='bbox 2309 599 2471 656; x_wconf 86' lang='lat' dir='ltr'><strong>quem</strong></span> <span class='ocrx_word' id='word_1_141' title='bbox 2522 593 2858 655; x_wconf 83' lang='lat' dir='ltr'><strong>assumptum</strong></span> <span class='ocrx_word' id='word_1_142' title='bbox 2901 582 3176 639; x_wconf 85' lang='lat' dir='ltr'><strong>nutriebat</strong></span> <span class='ocrx_word' id='word_1_143' title='bbox 3213 583 3270 638; x_wconf 88' lang='lat' dir='ltr'><strong>in</strong></span> <span class='ocrx_word' id='word_1_144' title='bbox 3301 582 3516 639; x_wconf 89' lang='lat' dir='ltr'><strong>deserto</strong></span> <span class='ocrx_word' id='word_1_145' title='bbox 3554 592 3678 637; x_wconf 79' lang='lat' dir='ltr'><strong>tan-</strong></span> 
     </span>
    </p>
   </div>
   <div class='ocr_carea' id='block_1_21' title="bbox 2112 673 3674 746">
    <p class='ocr_par' dir='ltr' id='par_1_21' title="bbox 2112 673 3674 746">
     <span class='ocr_line' id='line_1_21' title="bbox 2112 673 3674 746; baseline -0.002 -16"><span class='ocrx_word' id='word_1_146' title='bbox 2112 692 2274 746; x_wconf 91' lang='lat' dir='ltr'><strong>quam</strong></span> <span class='ocrx_word' id='word_1_147' title='bbox 2297 683 2469 746; x_wconf 89' lang='lat' dir='ltr'><strong>pater,</strong></span> <span class='ocrx_word' id='word_1_148' title='bbox 2500 674 2727 730; x_wconf 85' lang='lat' dir='ltr'><strong>docebat</strong></span> <span class='ocrx_word' id='word_1_149' title='bbox 2753 682 2813 729; x_wconf 92' lang='lat' dir='ltr'><strong>ut</strong></span> <span class='ocrx_word' id='word_1_150' title='bbox 2840 674 3117 744; x_wconf 85' lang='lat' dir='ltr'><strong>magister,</strong></span> <span class='ocrx_word' id='word_1_151' title='bbox 3141 673 3363 744; x_wconf 89' lang='lat' dir='ltr'><strong>regebat</strong></span> <span class='ocrx_word' id='word_1_152' title='bbox 3388 681 3449 727; x_wconf 93' lang='lat' dir='ltr'><strong>ut</strong></span> <span class='ocrx_word' id='word_1_153' title='bbox 3472 682 3674 728; x_wconf 82' lang='lat' dir='ltr'><strong>rector.</strong></span> 
     </span>
    </p>
   </div>
   <div class='ocr_carea' id='block_1_22' title="bbox 2109 763 3676 837">
    <p class='ocr_par' dir='ltr' id='par_1_22' title="bbox 2109 763 3676 837">
     <span class='ocr_line' id='line_1_22' title="bbox 2109 763 3676 837; baseline -0.003 -14"><span class='ocrx_word' id='word_1_154' title='bbox 2109 766 2464 823; x_wconf 88' lang='lat' dir='ltr'><strong>Conservavit</strong></span> <span class='ocrx_word' id='word_1_155' title='bbox 2493 765 2773 837; x_wconf 86' lang='lat' dir='ltr'><strong>populum,</strong></span> <span class='ocrx_word' id='word_1_156' title='bbox 2815 780 3100 835; x_wconf 89' lang='lat' dir='ltr'><strong>usquequo</strong></span> <span class='ocrx_word' id='word_1_157' title='bbox 3125 765 3337 821; x_wconf 87' lang='lat' dir='ltr'><strong>veniret</strong></span> <span class='ocrx_word' id='word_1_158' title='bbox 3369 763 3530 834; x_wconf 87' lang='lat' dir='ltr'><strong>cujus</strong></span> <span class='ocrx_word' id='word_1_159' title='bbox 3553 773 3676 830; x_wconf 87' lang='lat' dir='ltr'><strong>est;</strong></span> 
     </span>
    </p>
   </div>
   <div class='ocr_carea' id='block_1_23' title="bbox 2108 856 3680 929">
    <p class='ocr_par' dir='ltr' id='par_1_23' title="bbox 2108 856 3680 929">
     <span class='ocr_line' id='line_1_23' title="bbox 2108 856 3680 929; baseline -0.001 -16"><span class='ocrx_word' id='word_1_160' title='bbox 2108 867 2165 913; x_wconf 89' lang='lat' dir='ltr'><strong>et</strong></span> <span class='ocrx_word' id='word_1_161' title='bbox 2191 867 2315 929; x_wconf 91' lang='lat' dir='ltr'><strong>post</strong></span> <span class='ocrx_word' id='word_1_162' title='bbox 2337 858 2675 929; x_wconf 89' lang='lat' dir='ltr'><strong>aliquantum</strong></span> <span class='ocrx_word' id='word_1_163' title='bbox 2705 865 2918 927; x_wconf 86' lang='lat' dir='ltr'><strong>tempus</strong></span> <span class='ocrx_word' id='word_1_164' title='bbox 2945 856 3239 912; x_wconf 89' lang='lat' dir='ltr'><strong>adveniens</strong></span> <span class='ocrx_word' id='word_1_165' title='bbox 3263 865 3418 927; x_wconf 90' lang='lat' dir='ltr'><strong>pater</strong></span> <span class='ocrx_word' id='word_1_166' title='bbox 3436 871 3570 911; x_wconf 88' lang='lat' dir='ltr'><strong>oves</strong></span> <span class='ocrx_word' id='word_1_167' title='bbox 3590 871 3680 912; x_wconf 85' lang='lat' dir='ltr'><strong>re-</strong></span> 
     </span>
    </p>
   </div>
   <div class='ocr_carea' id='block_1_24' title="bbox 2111 946 3680 1027">
    <p class='ocr_par' dir='ltr' id='par_1_24' title="bbox 2111 946 3680 1027">
     <span class='ocr_line' id='line_1_24' title="bbox 2111 946 3680 1027; baseline -0.001 -22"><span class='ocrx_word' id='word_1_168' title='bbox 2111 950 2252 1020; x_wconf 90' lang='lat' dir='ltr'><strong>cepit</strong></span> <span class='ocrx_word' id='word_1_169' title='bbox 2276 950 2409 1021; x_wconf 76' lang='grc'>(40).</span> <span class='ocrx_word' id='word_1_170' title='bbox 2438 946 2627 1005; x_wconf 86' lang='lat' dir='ltr'><strong>Nonne</strong></span> <span class='ocrx_word' id='word_1_171' title='bbox 2651 964 2747 1027; x_wconf 78' lang='lat' dir='ltr'><strong>per</strong></span> <span class='ocrx_word' id='word_1_172' title='bbox 2773 948 2955 1003; x_wconf 91' lang='lat' dir='ltr'><strong>omnia</strong></span> <span class='ocrx_word' id='word_1_173' title='bbox 2983 947 3342 1004; x_wconf 87' lang='lat' dir='ltr'><strong>honorabitur</strong></span> <span class='ocrx_word' id='word_1_174' title='bbox 3363 947 3586 1017; x_wconf 88' lang='lat' dir='ltr'><strong>quidem</strong></span> <span class='ocrx_word' id='word_1_175' title='bbox 3609 947 3680 1003; x_wconf 89' lang='lat' dir='ltr'><strong>ab</strong></span> 
     </span>
    </p>
   </div>
   <div class='ocr_carea' id='block_1_25' title="bbox 2110 1039 3680 1113">
    <p class='ocr_par' dir='ltr' id='par_1_25' title="bbox 2110 1039 3680 1113">
     <span class='ocr_line' id='line_1_25' title="bbox 2110 1039 3680 1113; baseline -0.002 -15"><span class='ocrx_word' id='word_1_176' title='bbox 2110 1057 2178 1098; x_wconf 89' lang='lat' dir='ltr'><strong>eo</strong></span> <span class='ocrx_word' id='word_1_177' title='bbox 2205 1042 2299 1113; x_wconf 90' lang='lat' dir='ltr'><strong>qui</strong></span> <span class='ocrx_word' id='word_1_178' title='bbox 2330 1042 2550 1098; x_wconf 85' lang='lat' dir='ltr'><strong>tradidit</strong></span> <span class='ocrx_word' id='word_1_179' title='bbox 2578 1056 2829 1113; x_wconf 77' lang='lat' dir='ltr'><strong>gregem;</strong></span> <span class='ocrx_word' id='word_1_180' title='bbox 2864 1039 3182 1111; x_wconf 87' lang='lat' dir='ltr'><strong>gloriabitur</strong></span> <span class='ocrx_word' id='word_1_181' title='bbox 3217 1054 3345 1095; x_wconf 91' lang='lat' dir='ltr'><strong>vero</strong></span> <span class='ocrx_word' id='word_1_182' title='bbox 3374 1041 3445 1095; x_wconf 90' lang='lat' dir='ltr'><strong>ab</strong></span> <span class='ocrx_word' id='word_1_183' title='bbox 3482 1039 3555 1095; x_wconf 90' lang='lat' dir='ltr'><strong>iis</strong></span> <span class='ocrx_word' id='word_1_184' title='bbox 3583 1041 3680 1110; x_wconf 88' lang='lat' dir='ltr'><strong>qui</strong></span> 
     </span>
    </p>
   </div>
   <div class='ocr_carea' id='block_1_26' title="bbox 2112 1129 3682 1202">
    <p class='ocr_par' dir='ltr' id='par_1_26' title="bbox 2112 1129 3682 1202">
     <span class='ocr_line' id='line_1_26' title="bbox 2112 1129 3682 1202; baseline -0.001 -14"><span class='ocrx_word' id='word_1_185' title='bbox 2112 1134 2183 1188; x_wconf 91' lang='lat' dir='ltr'><strong>ab</strong></span> <span class='ocrx_word' id='word_1_186' title='bbox 2212 1148 2278 1189; x_wconf 92' lang='lat' dir='ltr'><strong>eo</strong></span> <span class='ocrx_word' id='word_1_187' title='bbox 2311 1134 2617 1189; x_wconf 88' lang='lat' dir='ltr'><strong>conservati</strong></span> <span class='ocrx_word' id='word_1_188' title='bbox 2651 1132 2812 1188; x_wconf 68' lang='lat' dir='ltr'><strong>sunt?</strong></span> <span class='ocrx_word' id='word_1_189' title='bbox 2836 1129 2970 1198; x_wconf 86' lang='lat' dir='ltr'><strong>Quis</strong></span> <span class='ocrx_word' id='word_1_190' title='bbox 2998 1132 3160 1202; x_wconf 84' lang='lat' dir='ltr'><strong>igitur</strong></span> <span class='ocrx_word' id='word_1_191' title='bbox 3189 1131 3262 1186; x_wconf 90' lang='lat' dir='ltr'><strong>ita</strong></span> <span class='ocrx_word' id='word_1_192' title='bbox 3292 1131 3493 1187; x_wconf 88' lang='lat' dir='ltr'><strong>mentis</strong></span> <span class='ocrx_word' id='word_1_193' title='bbox 3525 1131 3682 1186; x_wconf 87' lang='lat' dir='ltr'><strong>iusa-</strong></span> 
     </span>
    </p>
   </div>
   <div class='ocr_carea' id='block_1_27' title="bbox 2112 1221 3683 1291">
    <p class='ocr_par' dir='ltr' id='par_1_27' title="bbox 2112 1221 3683 1291">
     <span class='ocr_line' id='line_1_27' title="bbox 2112 1221 3683 1291; baseline -0.001 -12"><span class='ocrx_word' id='word_1_194' title='bbox 2112 1240 2197 1280; x_wconf 64' lang='grc' dir='ltr'><strong>ηαξ</strong></span> <span class='ocrx_word' id='word_1_195' title='bbox 2224 1233 2330 1291; x_wconf 89' lang='lat' dir='ltr'><strong>est,</strong></span> <span class='ocrx_word' id='word_1_196' title='bbox 2358 1240 2392 1280; x_wconf 92' lang='grc' dir='ltr'>ο</span> <span class='ocrx_word' id='word_1_197' title='bbox 2414 1224 2765 1279; x_wconf 86' lang='lat' dir='ltr'><strong>dilectissime</strong></span> <span class='ocrx_word' id='word_1_198' title='bbox 2794 1221 3048 1287; x_wconf 88' lang='lat' dir='ltr'><strong>Diodore,</strong></span> <span class='ocrx_word' id='word_1_199' title='bbox 3078 1231 3135 1277; x_wconf 92' lang='lat' dir='ltr'><strong>ut</strong></span> <span class='ocrx_word' id='word_1_200' title='bbox 3155 1222 3364 1277; x_wconf 88' lang='lat' dir='ltr'><strong>alienos</strong></span> <span class='ocrx_word' id='word_1_201' title='bbox 3392 1238 3424 1276; x_wconf 89' lang='lat' dir='ltr'><strong>a</strong></span> <span class='ocrx_word' id='word_1_202' title='bbox 3444 1236 3506 1277; x_wconf 86' lang='lat' dir='ltr'><strong>se</strong></span> <span class='ocrx_word' id='word_1_203' title='bbox 3532 1222 3683 1277; x_wconf 83' lang='lat' dir='ltr'><strong>dicat</strong></span> 
     </span>
    </p>
   </div>
   <div class='ocr_carea' id='block_1_28' title="bbox 2111 1312 3683 1385">
    <p class='ocr_par' dir='ltr' id='par_1_28' title="bbox 2111 1312 3683 1385">
     <span class='ocr_line' id='line_1_28' title="bbox 2111 1312 3683 1385; baseline -0.001 -16"><span class='ocrx_word' id='word_1_204' title='bbox 2111 1330 2205 1369; x_wconf 88' lang='lat' dir='ltr'><strong>eos</strong></span> <span class='ocrx_word' id='word_1_205' title='bbox 2229 1318 2325 1385; x_wconf 88' lang='lat' dir='ltr'><strong>qui</strong></span> <span class='ocrx_word' id='word_1_206' title='bbox 2353 1313 2492 1368; x_wconf 90' lang='lat' dir='ltr'><strong>inter</strong></span> <span class='ocrx_word' id='word_1_207' title='bbox 2525 1328 2584 1369; x_wconf 87' lang='lat' dir='ltr'><strong>se</strong></span> <span class='ocrx_word' id='word_1_208' title='bbox 2610 1312 2885 1383; x_wconf 86' lang='lat' dir='ltr'><strong>conjuncti</strong></span> <span class='ocrx_word' id='word_1_209' title='bbox 2921 1320 3069 1377; x_wconf 85' lang='lat' dir='ltr'><strong>sunt,</strong></span> <span class='ocrx_word' id='word_1_210' title='bbox 3100 1312 3195 1382; x_wconf 87' lang='lat' dir='ltr'><strong>qui</strong></span> <span class='ocrx_word' id='word_1_211' title='bbox 3227 1327 3325 1382; x_wconf 92' lang='lat' dir='ltr'><strong>pro</strong></span> <span class='ocrx_word' id='word_1_212' title='bbox 3354 1327 3413 1367; x_wconf 90' lang='lat' dir='ltr'><strong>se</strong></span> <span class='ocrx_word' id='word_1_213' title='bbox 3441 1312 3683 1368; x_wconf 85' lang='lat' dir='ltr'><strong>invicem</strong></span> 
     </span>
    </p>
   </div>
   <div class='ocr_carea' id='block_1_29' title="bbox 2111 1402 3685 1476">
    <p class='ocr_par' dir='ltr' id='par_1_29' title="bbox 2111 1402 3685 1476">
     <span class='ocr_line' id='line_1_29' title="bbox 2111 1402 3685 1476; baseline 0.001 -18"><span class='ocrx_word' id='word_1_214' title='bbox 2111 1406 2523 1476; x_wconf 84' lang='lat' dir='ltr'><strong>prophetarum,</strong></span> <span class='ocrx_word' id='word_1_215' title='bbox 2558 1404 2652 1475; x_wconf 91' lang='lat' dir='ltr'><strong>qui</strong></span> <span class='ocrx_word' id='word_1_216' title='bbox 2682 1403 2912 1474; x_wconf 59' lang='lat' dir='ltr'><strong>aequalia</strong></span> <span class='ocrx_word' id='word_1_217' title='bbox 2940 1410 2994 1458; x_wconf 90' lang='lat' dir='ltr'><strong>et</strong></span> <span class='ocrx_word' id='word_1_218' title='bbox 3023 1402 3126 1458; x_wconf 86' lang='lat' dir='ltr'><strong>sibi</strong></span> <span class='ocrx_word' id='word_1_219' title='bbox 3154 1402 3353 1459; x_wconf 88' lang='lat' dir='ltr'><strong>similia</strong></span> <span class='ocrx_word' id='word_1_220' title='bbox 3386 1413 3553 1474; x_wconf 88' lang='lat' dir='ltr'><strong>atque</strong></span> <span class='ocrx_word' id='word_1_221' title='bbox 3588 1420 3685 1460; x_wconf 85' lang='lat' dir='ltr'><strong>co-</strong></span> 
     </span>
    </p>
   </div>
   <div class='ocr_carea' id='block_1_30' title="bbox 2112 1492 3683 1567">
    <p class='ocr_par' dir='ltr' id='par_1_30' title="bbox 2112 1492 3683 1567">
     <span class='ocr_line' id='line_1_30' title="bbox 2112 1492 3683 1567; baseline 0 -17"><span class='ocrx_word' id='word_1_222' title='bbox 2112 1495 2261 1567; x_wconf 88' lang='lat' dir='ltr'><strong>gnita</strong></span> <span class='ocrx_word' id='word_1_223' title='bbox 2286 1494 2420 1567; x_wconf 74' lang='grc'>(41),</span> <span class='ocrx_word' id='word_1_224' title='bbox 2469 1495 2581 1551; x_wconf 92' lang='lat' dir='ltr'><strong>imo</strong></span> <span class='ocrx_word' id='word_1_225' title='bbox 2613 1495 2794 1565; x_wconf 89' lang='lat' dir='ltr'><strong>potius</strong></span> <span class='ocrx_word' id='word_1_226' title='bbox 2827 1508 3085 1564; x_wconf 89' lang='lat' dir='ltr'><strong>germana</strong></span> <span class='ocrx_word' id='word_1_227' title='bbox 3122 1492 3278 1564; x_wconf 88' lang='lat' dir='ltr'><strong>signa</strong></span> <span class='ocrx_word' id='word_1_228' title='bbox 3322 1510 3388 1550; x_wconf 90' lang='lat' dir='ltr'><strong>ac</strong></span> <span class='ocrx_word' id='word_1_229' title='bbox 3432 1495 3683 1565; x_wconf 83' lang='lat' dir='ltr'><strong>prodigia</strong></span> 
     </span>
    </p>
   </div>
   <div class='ocr_carea' id='block_1_31' title="bbox 2111 1585 3686 1659">
    <p class='ocr_par' dir='ltr' id='par_1_31' title="bbox 2111 1585 3686 1659">
     <span class='ocr_line' id='line_1_31' title="bbox 2111 1585 3686 1659; baseline 0 -16"><span class='ocrx_word' id='word_1_230' title='bbox 2111 1586 2587 1643; x_wconf 84' lang='lat' dir='ltr'><strong>demonstrarunt?</strong></span> <span class='ocrx_word' id='word_1_231' title='bbox 2618 1596 2672 1642; x_wconf 91' lang='lat' dir='ltr'><strong>et</strong></span> <span class='ocrx_word' id='word_1_232' title='bbox 2704 1586 2880 1657; x_wconf 91' lang='lat' dir='ltr'><strong>primo</strong></span> <span class='ocrx_word' id='word_1_233' title='bbox 2917 1585 3137 1657; x_wconf 83' lang='lat' dir='ltr'><strong>quidem</strong></span> <span class='ocrx_word' id='word_1_234' title='bbox 3164 1585 3376 1659; x_wconf 81' lang='lat' dir='ltr'><strong>Moyses</strong></span> <span class='ocrx_word' id='word_1_235' title='bbox 3405 1587 3471 1642; x_wconf 90' lang='lat' dir='ltr'><strong>ad</strong></span> <span class='ocrx_word' id='word_1_236' title='bbox 3504 1603 3686 1659; x_wconf 87' lang='lat' dir='ltr'><strong>popu-</strong></span> 
     </span>
    </p>
   </div>
   <div class='ocr_carea' id='block_1_32' title="bbox 2112 1678 3688 1749">
    <p class='ocr_par' dir='ltr' id='par_1_32' title="bbox 2112 1678 3688 1749">
     <span class='ocr_line' id='line_1_32' title="bbox 2112 1678 3688 1749; baseline 0.003 -15"><span class='ocrx_word' id='word_1_237' title='bbox 2112 1679 2225 1734; x_wconf 91' lang='lat' dir='ltr'><strong>lum</strong></span> <span class='ocrx_word' id='word_1_238' title='bbox 2254 1679 2428 1734; x_wconf 82' lang='lat' dir='ltr'><strong>dixit:</strong></span> <span class='ocrx_word' id='word_1_239' title='bbox 2473 1699 2492 1731; x_wconf 72' lang='grc' dir='ltr'><strong><em>ι</em></strong></span> <span class='ocrx_word' id='word_1_240' title='bbox 2525 1679 2853 1749; x_wconf 87' lang='lat' dir='ltr'><strong>Prophetam</strong></span> <span class='ocrx_word' id='word_1_241' title='bbox 2894 1680 3051 1735; x_wconf 88' lang='lat' dir='ltr'><strong>vobis</strong></span> <span class='ocrx_word' id='word_1_242' title='bbox 3095 1679 3374 1735; x_wconf 84' lang='lat' dir='ltr'><strong>suscitabit</strong></span> <span class='ocrx_word' id='word_1_243' title='bbox 3412 1678 3688 1738; x_wconf 85' lang='lat' dir='ltr'><strong>Dominus</strong></span> 
     </span>
    </p>
   </div>
   <div class='ocr_carea' id='block_1_33' title="bbox 442 1762 3687 1849">
    <p class='ocr_par' dir='ltr' id='par_1_33' title="bbox 442 1762 3687 1849">
     <span class='ocr_line' id='line_1_33' title="bbox 442 1762 3687 1849; baseline 0.001 -22"><span class='ocrx_word' id='word_1_244' title='bbox 442 1776 563 1832; x_wconf 87' lang='lat' dir='ltr'><strong>Non</strong></span> <span class='ocrx_word' id='word_1_245' title='bbox 594 1792 725 1849; x_wconf 74' lang='lat' dir='ltr'><strong>ergo</strong></span> <span class='ocrx_word' id='word_1_246' title='bbox 751 1776 1113 1848; x_wconf 76' lang='lat' dir='ltr'><strong>abjiciendum</strong></span> <span class='ocrx_word' id='word_1_247' title='bbox 1142 1784 1227 1832; x_wconf 83' lang='lat' dir='ltr'><strong>est</strong></span> <span class='ocrx_word' id='word_1_248' title='bbox 1248 1777 1526 1847; x_wconf 79' lang='lat' dir='ltr'><strong>speculum</strong></span> <span class='ocrx_word' id='word_1_249' title='bbox 1547 1777 1681 1849; x_wconf 73' lang='lat'><strong>(27),</strong></span> <span class='ocrx_word' id='word_1_250' title='bbox 1706 1792 1829 1833; x_wconf 82' lang='lat' dir='ltr'><strong>cum</strong></span> <span class='ocrx_word' id='word_1_251' title='bbox 1854 1776 2011 1833; x_wconf 64' lang='lat' dir='ltr'><strong>nobis</strong></span> <span class='ocrx_word' id='word_1_252' title='bbox 2041 1762 2082 1817; x_wconf 85' lang='grc' dir='ltr'><strong>Β</strong></span> <span class='ocrx_word' id='word_1_253' title='bbox 2111 1768 2254 1825; x_wconf 89' lang='lat' dir='ltr'><strong>Deus</strong></span> <span class='ocrx_word' id='word_1_254' title='bbox 2278 1780 2466 1825; x_wconf 90' lang='lat' dir='ltr'><strong>noster</strong></span> <span class='ocrx_word' id='word_1_255' title='bbox 2496 1772 2637 1827; x_wconf 90' lang='lat' dir='ltr'><strong>sicut</strong></span> <span class='ocrx_word' id='word_1_256' title='bbox 2663 1786 2750 1826; x_wconf 90' lang='lat' dir='ltr'><strong>me</strong></span> <span class='ocrx_word' id='word_1_257' title='bbox 2767 1770 2834 1825; x_wconf 82' lang='grc'><strong>³⁸.</strong></span> <span class='ocrx_word' id='word_1_258' title='bbox 2869 1769 3029 1827; x_wconf 88' lang='lat' dir='ltr'><strong>Jesus</strong></span> <span class='ocrx_word' id='word_1_259' title='bbox 3064 1770 3258 1826; x_wconf 87' lang='lat' dir='ltr'><strong>deinde</strong></span> <span class='ocrx_word' id='word_1_260' title='bbox 3286 1772 3361 1826; x_wconf 88' lang='lat' dir='ltr'><strong>ait</strong></span> <span class='ocrx_word' id='word_1_261' title='bbox 3387 1790 3402 1827; x_wconf 92' lang='lat'>:</span> <span class='ocrx_word' id='word_1_262' title='bbox 3436 1792 3455 1824; x_wconf 76' lang='grc' dir='ltr'>ι</span> <span class='ocrx_word' id='word_1_263' title='bbox 3494 1774 3573 1830; x_wconf 89' lang='lat' dir='ltr'><strong>De</strong></span> <span class='ocrx_word' id='word_1_264' title='bbox 3595 1791 3687 1831; x_wconf 83' lang='lat' dir='ltr'><strong>me</strong></span> 
     </span>
    </p>
   </div>
   <div class='ocr_carea' id='block_1_34' title="bbox 446 1868 2010 1939">
    <p class='ocr_par' dir='ltr' id='par_1_34' title="bbox 446 1868 2010 1939">
     <span class='ocr_line' id='line_1_34' title="bbox 446 1868 2010 1939; baseline -0.001 -16"><span class='ocrx_word' id='word_1_265' title='bbox 446 1870 621 1938; x_wconf 88' lang='lat' dir='ltr'><strong>ipsam</strong></span> <span class='ocrx_word' id='word_1_266' title='bbox 653 1869 942 1938; x_wconf 78' lang='lat' dir='ltr'><strong>imaginem</strong></span> <span class='ocrx_word' id='word_1_267' title='bbox 973 1883 1157 1924; x_wconf 90' lang='lat' dir='ltr'><strong>rerum</strong></span> <span class='ocrx_word' id='word_1_268' title='bbox 1191 1869 1425 1925; x_wconf 87' lang='lat' dir='ltr'><strong>similem</strong></span> <span class='ocrx_word' id='word_1_269' title='bbox 1468 1883 1758 1939; x_wconf 86' lang='lat' dir='ltr'><strong>veramque</strong></span> <span class='ocrx_word' id='word_1_270' title='bbox 1787 1868 2010 1925; x_wconf 90' lang='lat' dir='ltr'><strong>demon-</strong></span> 
     </span>
    </p>
   </div>
   <div class='ocr_carea' id='block_1_35' title="bbox 443 1958 2007 2030">
    <p class='ocr_par' dir='ltr' id='par_1_35' title="bbox 443 1958 2007 2030">
     <span class='ocr_line' id='line_1_35' title="bbox 443 1958 2007 2030; baseline -0.001 -17"><span class='ocrx_word' id='word_1_271' title='bbox 443 1968 577 2014; x_wconf 89' lang='lat' dir='ltr'><strong>stret</strong></span> <span class='ocrx_word' id='word_1_272' title='bbox 598 1959 745 2030; x_wconf 75' lang='lat'><strong>(28);</strong></span> <span class='ocrx_word' id='word_1_273' title='bbox 777 1959 910 2029; x_wconf 88' lang='lat' dir='ltr'><strong>quin</strong></span> <span class='ocrx_word' id='word_1_274' title='bbox 961 1959 1142 2029; x_wconf 83' lang='lat' dir='ltr'><strong>potius</strong></span> <span class='ocrx_word' id='word_1_275' title='bbox 1170 1968 1224 2014; x_wconf 91' lang='lat' dir='ltr'><strong>et</strong></span> <span class='ocrx_word' id='word_1_276' title='bbox 1253 1974 1321 2015; x_wconf 91' lang='lat' dir='ltr'><strong>eo</strong></span> <span class='ocrx_word' id='word_1_277' title='bbox 1360 1958 1596 2029; x_wconf 89' lang='lat' dir='ltr'><strong>amplius</strong></span> <span class='ocrx_word' id='word_1_278' title='bbox 1627 1958 2007 2014; x_wconf 89' lang='lat' dir='ltr'><strong>honorandum</strong></span> 
     </span>
    </p>
   </div>
   <div class='ocr_carea' id='block_1_36' title="bbox 442 2047 2007 2121">
    <p class='ocr_par' dir='ltr' id='par_1_36' title="bbox 442 2047 2007 2121">
     <span class='ocr_line' id='line_1_36' title="bbox 442 2047 2007 2121; baseline 0.001 -18"><span class='ocrx_word' id='word_1_279' title='bbox 442 2058 543 2105; x_wconf 91' lang='lat' dir='ltr'><strong>est.</strong></span> <span class='ocrx_word' id='word_1_280' title='bbox 573 2047 679 2104; x_wconf 89' lang='lat' dir='ltr'><strong>Sed</strong></span> <span class='ocrx_word' id='word_1_281' title='bbox 710 2057 763 2104; x_wconf 92' lang='lat' dir='ltr'><strong>et</strong></span> <span class='ocrx_word' id='word_1_282' title='bbox 793 2064 1022 2120; x_wconf 90' lang='lat' dir='ltr'><strong>puerum</strong></span> <span class='ocrx_word' id='word_1_283' title='bbox 1052 2051 1147 2120; x_wconf 92' lang='lat' dir='ltr'><strong>qui</strong></span> <span class='ocrx_word' id='word_1_284' title='bbox 1169 2049 1239 2105; x_wconf 89' lang='lat' dir='ltr'><strong>ad</strong></span> <span class='ocrx_word' id='word_1_285' title='bbox 1265 2049 1517 2105; x_wconf 91' lang='lat' dir='ltr'><strong>doctores</strong></span> <span class='ocrx_word' id='word_1_286' title='bbox 1543 2064 1571 2104; x_wconf 90' lang='lat' dir='ltr'><strong>a</strong></span> <span class='ocrx_word' id='word_1_287' title='bbox 1591 2050 1882 2121; x_wconf 63' lang='lat' dir='ltr'><strong>paedagogo</strong></span> <span class='ocrx_word' id='word_1_288' title='bbox 1896 2048 2007 2121; x_wconf 85' lang='lat'><strong>(29)</strong></span> 
     </span>
    </p>
   </div>
   <div class='ocr_carea' id='block_1_37' title="bbox 442 2141 2006 2213">
    <p class='ocr_par' dir='ltr' id='par_1_37' title="bbox 442 2141 2006 2213">
     <span class='ocr_line' id='line_1_37' title="bbox 442 2141 2006 2213; baseline 0.001 -19"><span class='ocrx_word' id='word_1_289' title='bbox 442 2141 780 2211; x_wconf 85' lang='lat' dir='ltr'><strong>perducitur,</strong></span> <span class='ocrx_word' id='word_1_290' title='bbox 814 2157 937 2197; x_wconf 90' lang='lat' dir='ltr'><strong>cum</strong></span> <span class='ocrx_word' id='word_1_291' title='bbox 973 2141 1152 2197; x_wconf 88' lang='lat' dir='ltr'><strong>adhuc</strong></span> <span class='ocrx_word' id='word_1_292' title='bbox 1184 2142 1443 2213; x_wconf 89' lang='lat' dir='ltr'><strong>parvulus</strong></span> <span class='ocrx_word' id='word_1_293' title='bbox 1468 2150 1571 2208; x_wconf 91' lang='lat' dir='ltr'><strong>est,</strong></span> <span class='ocrx_word' id='word_1_294' title='bbox 1608 2142 1854 2211; x_wconf 88' lang='lat' dir='ltr'><strong>nunquid</strong></span> <span class='ocrx_word' id='word_1_295' title='bbox 1883 2157 2006 2198; x_wconf 92' lang='lat' dir='ltr'><strong>cum</strong></span> 
     </span>
    </p>
   </div>
   <div class='ocr_carea' id='block_1_38' title="bbox 440 2232 2010 2306">
    <p class='ocr_par' dir='ltr' id='par_1_38' title="bbox 440 2232 2010 2306">
     <span class='ocr_line' id='line_1_38' title="bbox 440 2232 2010 2306; baseline 0.001 -19"><span class='ocrx_word' id='word_1_296' title='bbox 440 2232 507 2287; x_wconf 90' lang='lat' dir='ltr'><strong>ad</strong></span> <span class='ocrx_word' id='word_1_297' title='bbox 537 2241 749 2288; x_wconf 62' lang='lat' dir='ltr'><strong>aetatem</strong></span> <span class='ocrx_word' id='word_1_298' title='bbox 779 2234 1104 2303; x_wconf 88' lang='lat' dir='ltr'><strong>pervenerit,</strong></span> <span class='ocrx_word' id='word_1_299' title='bbox 1137 2233 1474 2290; x_wconf 88' lang='lat' dir='ltr'><strong>dehonorare</strong></span> <span class='ocrx_word' id='word_1_300' title='bbox 1505 2233 1619 2306; x_wconf 84' lang='grc'>(50)</span> <span class='ocrx_word' id='word_1_301' title='bbox 1652 2242 1872 2304; x_wconf 87' lang='lat' dir='ltr'><strong>oportet</strong></span> <span class='ocrx_word' id='word_1_302' title='bbox 1901 2249 2010 2304; x_wconf 72' lang='lat' dir='ltr'><strong>pa:-</strong></span> 
     </span>
    </p>
   </div>
   <div class='ocr_carea' id='block_1_39' title="bbox 440 2324 2011 2396">
    <p class='ocr_par' dir='ltr' id='par_1_39' title="bbox 440 2324 2011 2396">
     <span class='ocr_line' id='line_1_39' title="bbox 440 2324 2011 2396; baseline 0.001 -18"><span class='ocrx_word' id='word_1_303' title='bbox 440 2324 732 2394; x_wconf 82' lang='lat' dir='ltr'><strong>dagOgum,</strong></span> <span class='ocrx_word' id='word_1_304' title='bbox 762 2332 1043 2394; x_wconf 88' lang='lat' dir='ltr'><strong>propterea</strong></span> <span class='ocrx_word' id='word_1_305' title='bbox 1070 2324 1212 2395; x_wconf 84' lang='lat' dir='ltr'><strong>quod</strong></span> <span class='ocrx_word' id='word_1_306' title='bbox 1240 2325 1353 2394; x_wconf 90' lang='lat' dir='ltr'><strong>jam</strong></span> <span class='ocrx_word' id='word_1_307' title='bbox 1387 2341 1549 2396; x_wconf 90' lang='lat' dir='ltr'><strong>opera</strong></span> <span class='ocrx_word' id='word_1_308' title='bbox 1579 2325 1699 2396; x_wconf 89' lang='lat' dir='ltr'><strong>ejus</strong></span> <span class='ocrx_word' id='word_1_309' title='bbox 1728 2341 1836 2380; x_wconf 89' lang='lat' dir='ltr'><strong>non</strong></span> <span class='ocrx_word' id='word_1_310' title='bbox 1869 2324 2011 2380; x_wconf 82' lang='lat' dir='ltr'><strong>indi-</strong></span> 
     </span>
    </p>
   </div>
   <div class='ocr_carea' id='block_1_40' title="bbox 443 2415 2007 2488">
    <p class='ocr_par' dir='ltr' id='par_1_40' title="bbox 443 2415 2007 2488">
     <span class='ocr_line' id='line_1_40' title="bbox 443 2415 2007 2488; baseline 0.001 -19"><span class='ocrx_word' id='word_1_311' title='bbox 443 2424 535 2485; x_wconf 80' lang='lat' dir='ltr'><strong>get</strong></span> <span class='ocrx_word' id='word_1_312' title='bbox 550 2415 632 2486; x_wconf 75' lang='lat' dir='ltr'><strong>(5i</strong></span> <span class='ocrx_word' id='word_1_313' title='bbox 640 2424 683 2484; x_wconf 88' lang='lat'><strong>),</strong></span> <span class='ocrx_word' id='word_1_314' title='bbox 710 2426 763 2471; x_wconf 91' lang='lat' dir='ltr'><strong>et</strong></span> <span class='ocrx_word' id='word_1_315' title='bbox 792 2424 965 2486; x_wconf 84' lang='lat' dir='ltr'><strong>potest</strong></span> <span class='ocrx_word' id='word_1_316' title='bbox 986 2416 1137 2472; x_wconf 91' lang='lat' dir='ltr'><strong>solus</strong></span> <span class='ocrx_word' id='word_1_317' title='bbox 1159 2417 1271 2485; x_wconf 88' lang='lat' dir='ltr'><strong>jam</strong></span> <span class='ocrx_word' id='word_1_318' title='bbox 1302 2419 1419 2473; x_wconf 85' lang='lat' dir='ltr'><strong>sine</strong></span> <span class='ocrx_word' id='word_1_319' title='bbox 1444 2418 1564 2488; x_wconf 85' lang='lat' dir='ltr'><strong>ejus</strong></span> <span class='ocrx_word' id='word_1_320' title='bbox 1586 2417 1916 2472; x_wconf 90' lang='lat' dir='ltr'><strong>adminiculo</strong></span> <span class='ocrx_word' id='word_1_321' title='bbox 1940 2416 2007 2471; x_wconf 89' lang='lat' dir='ltr'><strong>ad</strong></span> 
     </span>
    </p>
   </div>
   <div class='ocr_carea' id='block_1_41' title="bbox 441 2508 2010 2580">
    <p class='ocr_par' dir='ltr' id='par_1_41' title="bbox 441 2508 2010 2580">
     <span class='ocr_line' id='line_1_41' title="bbox 441 2508 2010 2580; baseline -0.001 -17"><span class='ocrx_word' id='word_1_322' title='bbox 441 2508 657 2563; x_wconf 86' lang='lat' dir='ltr'><strong>scholas</strong></span> <span class='ocrx_word' id='word_1_323' title='bbox 695 2522 918 2579; x_wconf 84' lang='lat' dir='ltr'><strong>pergere</strong></span> <span class='ocrx_word' id='word_1_324' title='bbox 951 2519 1113 2579; x_wconf 90' lang='lat' dir='ltr'><strong>atque</strong></span> <span class='ocrx_word' id='word_1_325' title='bbox 1139 2509 1205 2564; x_wconf 90' lang='lat' dir='ltr'><strong>ad</strong></span> <span class='ocrx_word' id='word_1_326' title='bbox 1234 2509 1503 2565; x_wconf 89' lang='lat' dir='ltr'><strong>auditoria</strong></span> <span class='ocrx_word' id='word_1_327' title='bbox 1540 2509 1868 2580; x_wconf 85' lang='lat' dir='ltr'><strong>properare?</strong></span> <span class='ocrx_word' id='word_1_328' title='bbox 1901 2510 2010 2563; x_wconf 85' lang='lat' dir='ltr'><strong>Aut</strong></span> 
     </span>
    </p>
   </div>
   <div class='ocr_carea' id='block_1_42' title="bbox 440 2599 2008 2673">
    <p class='ocr_par' dir='ltr' id='par_1_42' title="bbox 440 2599 2008 2673">
     <span class='ocr_line' id='line_1_42' title="bbox 440 2599 2008 2673; baseline 0.002 -19"><span class='ocrx_word' id='word_1_329' title='bbox 440 2615 664 2655; x_wconf 84' lang='lat' dir='ltr'><strong>rursum</strong></span> <span class='ocrx_word' id='word_1_330' title='bbox 697 2599 814 2671; x_wconf 92' lang='lat'><strong>(52)</strong></span> <span class='ocrx_word' id='word_1_331' title='bbox 857 2602 1117 2671; x_wconf 87' lang='lat' dir='ltr'><strong>parvulus</strong></span> <span class='ocrx_word' id='word_1_332' title='bbox 1158 2604 1251 2673; x_wconf 92' lang='lat' dir='ltr'><strong>qui</strong></span> <span class='ocrx_word' id='word_1_333' title='bbox 1295 2603 1433 2659; x_wconf 88' lang='lat' dir='ltr'><strong>lacte</strong></span> <span class='ocrx_word' id='word_1_334' title='bbox 1480 2603 1717 2660; x_wconf 88' lang='lat' dir='ltr'><strong>nutritus</strong></span> <span class='ocrx_word' id='word_1_335' title='bbox 1749 2615 1851 2667; x_wconf 85' lang='lat' dir='ltr'><strong>est,</strong></span> <span class='ocrx_word' id='word_1_336' title='bbox 1885 2619 2008 2659; x_wconf 91' lang='lat' dir='ltr'><strong>cum</strong></span> 
     </span>
    </p>
   </div>
   <div class='ocr_carea' id='block_1_43' title="bbox 439 2691 2011 2765">
    <p class='ocr_par' dir='ltr' id='par_1_43' title="bbox 439 2691 2011 2765">
     <span class='ocr_line' id='line_1_43' title="bbox 439 2691 2011 2765; baseline 0.003 -20"><span class='ocrx_word' id='word_1_337' title='bbox 439 2691 731 2760; x_wconf 79' lang='lat' dir='ltr'><strong>profecerit</strong></span> <span class='ocrx_word' id='word_1_338' title='bbox 753 2693 819 2749; x_wconf 90' lang='lat' dir='ltr'><strong>ad</strong></span> <span class='ocrx_word' id='word_1_339' title='bbox 848 2694 1139 2749; x_wconf 88' lang='lat' dir='ltr'><strong>validiores</strong></span> <span class='ocrx_word' id='word_1_340' title='bbox 1159 2694 1330 2760; x_wconf 86' lang='lat' dir='ltr'><strong>cibos,</strong></span> <span class='ocrx_word' id='word_1_341' title='bbox 1355 2710 1479 2750; x_wconf 90' lang='lat' dir='ltr'><strong>cum</strong></span> <span class='ocrx_word' id='word_1_342' title='bbox 1508 2693 1707 2765; x_wconf 89' lang='lat' dir='ltr'><strong>injuria</strong></span> <span class='ocrx_word' id='word_1_343' title='bbox 1732 2694 1891 2751; x_wconf 90' lang='lat' dir='ltr'><strong>debet</strong></span> <span class='ocrx_word' id='word_1_344' title='bbox 1914 2696 2011 2750; x_wconf 72' lang='lat' dir='ltr'><strong>ab~</strong></span> 
     </span>
    </p>
   </div>
   <div class='ocr_carea' id='block_1_44' title="bbox 436 2784 2009 2857">
    <p class='ocr_par' dir='ltr' id='par_1_44' title="bbox 436 2784 2009 2857">
     <span class='ocr_line' id='line_1_44' title="bbox 436 2784 2009 2857; baseline 0.002 -20"><span class='ocrx_word' id='word_1_345' title='bbox 436 2784 606 2854; x_wconf 90' lang='lat' dir='ltr'><strong>jicere</strong></span> <span class='ocrx_word' id='word_1_346' title='bbox 632 2794 796 2856; x_wconf 91' lang='lat' dir='ltr'><strong>atque</strong></span> <span class='ocrx_word' id='word_1_347' title='bbox 829 2787 1217 2843; x_wconf 81' lang='lat' dir='ltr'><strong>exhorrescere</strong></span> <span class='ocrx_word' id='word_1_348' title='bbox 1258 2788 1490 2843; x_wconf 89' lang='lat' dir='ltr'><strong>nutricis</strong></span> <span class='ocrx_word' id='word_1_349' title='bbox 1532 2787 1842 2842; x_wconf 81' lang='lat' dir='ltr'><strong>mamillas?</strong></span> <span class='ocrx_word' id='word_1_350' title='bbox 1877 2786 2009 2857; x_wconf 91' lang='lat' dir='ltr'><strong>quin</strong></span> 
     </span>
    </p>
   </div>
   <div class='ocr_carea' id='block_1_45' title="bbox 442 2876 2008 2949">
    <p class='ocr_par' dir='ltr' id='par_1_45' title="bbox 442 2876 2008 2949">
     <span class='ocr_line' id='line_1_45' title="bbox 442 2876 2008 2949; baseline 0.002 -19"><span class='ocrx_word' id='word_1_351' title='bbox 442 2876 624 2945; x_wconf 91' lang='lat' dir='ltr'><strong>potius</strong></span> <span class='ocrx_word' id='word_1_352' title='bbox 644 2887 931 2932; x_wconf 88' lang='lat' dir='ltr'><strong>veneratur</strong></span> <span class='ocrx_word' id='word_1_353' title='bbox 952 2879 1178 2945; x_wconf 87' lang='lat' dir='ltr'><strong>et&#39;colit,</strong></span> <span class='ocrx_word' id='word_1_354' title='bbox 1203 2887 1257 2933; x_wconf 91' lang='lat' dir='ltr'><strong>et</strong></span> <span class='ocrx_word' id='word_1_355' title='bbox 1283 2878 1528 2933; x_wconf 82' lang='lat' dir='ltr'><strong>beneﬁcii</strong></span> <span class='ocrx_word' id='word_1_356' title='bbox 1552 2878 1638 2934; x_wconf 90' lang='lat' dir='ltr'><strong>sui</strong></span> <span class='ocrx_word' id='word_1_357' title='bbox 1660 2878 1873 2935; x_wconf 88' lang='lat' dir='ltr'><strong>debitor</strong></span> <span class='ocrx_word' id='word_1_358' title='bbox 1896 2877 2008 2949; x_wconf 82' lang='lat'><strong>(55)</strong></span> 
     </span>
    </p>
   </div>
   <div class='ocr_carea' id='block_1_46' title="bbox 438 2968 2009 3042">
    <p class='ocr_par' dir='ltr' id='par_1_46' title="bbox 438 2968 2009 3042">
     <span class='ocr_line' id='line_1_46' title="bbox 438 2968 2009 3042; baseline 0.003 -19"><span class='ocrx_word' id='word_1_359' title='bbox 438 2968 656 3026; x_wconf 79' lang='lat' dir='ltr'><strong>fatetur.</strong></span> <span class='ocrx_word' id='word_1_360' title='bbox 707 2969 865 3024; x_wconf 82' lang='lat' dir='ltr'><strong>Aliud</strong></span> <span class='ocrx_word' id='word_1_361' title='bbox 914 2970 1101 3038; x_wconf 91' lang='lat' dir='ltr'><strong>etiam,</strong></span> <span class='ocrx_word' id='word_1_362' title='bbox 1156 2970 1202 3027; x_wconf 87' lang='lat' dir='ltr'><strong>si</strong></span> <span class='ocrx_word' id='word_1_363' title='bbox 1256 2971 1493 3036; x_wconf 85' lang='lat' dir='ltr'><strong>videtur,</strong></span> <span class='ocrx_word' id='word_1_364' title='bbox 1534 2971 1858 3027; x_wconf 86' lang='lat' dir='ltr'><strong>adhibemus</strong></span> <span class='ocrx_word' id='word_1_365' title='bbox 1896 2971 2009 3042; x_wconf 77' lang='grc'>(54)</span> 
     </span>
    </p>
   </div>
   <div class='ocr_carea' id='block_1_47' title="bbox 438 3061 2007 3134">
    <p class='ocr_par' dir='ltr' id='par_1_47' title="bbox 438 3061 2007 3134">
     <span class='ocr_line' id='line_1_47' title="bbox 438 3061 2007 3134; baseline 0.001 -18"><span class='ocrx_word' id='word_1_366' title='bbox 438 3063 768 3132; x_wconf 77' lang='lat' dir='ltr'><strong>exemplum.</strong></span> <span class='ocrx_word' id='word_1_367' title='bbox 797 3061 970 3117; x_wconf 82' lang='lat' dir='ltr'><strong>llomo</strong></span> <span class='ocrx_word' id='word_1_368' title='bbox 1002 3063 1222 3133; x_wconf 91' lang='lat' dir='ltr'><strong>quidam</strong></span> <span class='ocrx_word' id='word_1_369' title='bbox 1254 3063 1552 3134; x_wconf 81' lang='lat' dir='ltr'><strong>projectum</strong></span> <span class='ocrx_word' id='word_1_370' title='bbox 1585 3063 1639 3117; x_wconf 93' lang='lat' dir='ltr'><strong>in</strong></span> <span class='ocrx_word' id='word_1_371' title='bbox 1664 3072 1863 3119; x_wconf 90' lang='lat' dir='ltr'><strong>terram</strong></span> <span class='ocrx_word' id='word_1_372' title='bbox 1883 3078 2007 3118; x_wconf 85' lang='lat' dir='ltr'><strong>cum</strong></span> 
     </span>
    </p>
   </div>
   <div class='ocr_carea' id='block_1_48' title="bbox 2109 1858 3686 1935">
    <p class='ocr_par' dir='ltr' id='par_1_48' title="bbox 2109 1858 3686 1935">
     <span class='ocr_line' id='line_1_48' title="bbox 2109 1858 3686 1935; baseline 0.005 -20"><span class='ocrx_word' id='word_1_373' title='bbox 2109 1860 2253 1915; x_wconf 90' lang='lat' dir='ltr'><strong>enim</strong></span> <span class='ocrx_word' id='word_1_374' title='bbox 2284 1858 2496 1933; x_wconf 80' lang='lat' dir='ltr'><strong>Moyses</strong></span> <span class='ocrx_word' id='word_1_375' title='bbox 2539 1861 2753 1917; x_wconf 91' lang='lat' dir='ltr'><strong>locutus</strong></span> <span class='ocrx_word' id='word_1_376' title='bbox 2797 1871 2881 1917; x_wconf 89' lang='lat' dir='ltr'><strong>est</strong></span> <span class='ocrx_word' id='word_1_377' title='bbox 2901 1861 2965 1916; x_wconf 74' lang='lat'><strong>”.</strong></span> <span class='ocrx_word' id='word_1_378' title='bbox 2997 1880 3016 1913; x_wconf 73' lang='grc' dir='ltr'><strong><em>ι</em></strong></span> <span class='ocrx_word' id='word_1_379' title='bbox 3067 1859 3229 1919; x_wconf 80' lang='lat' dir='ltr'><strong>Vides</strong></span> <span class='ocrx_word' id='word_1_380' title='bbox 3262 1861 3376 1935; x_wconf 70' lang='lat'><strong>(42)</strong></span> <span class='ocrx_word' id='word_1_381' title='bbox 3404 1869 3686 1935; x_wconf 88' lang='lat' dir='ltr'><strong>quomodo</strong></span> 
     </span>
    </p>
   </div>
   <div class='ocr_carea' id='block_1_49' title="bbox 2109 1948 3687 2026">
    <p class='ocr_par' dir='ltr' id='par_1_49' title="bbox 2109 1948 3687 2026">
     <span class='ocr_line' id='line_1_49' title="bbox 2109 1948 3687 2026; baseline 0.006 -22"><span class='ocrx_word' id='word_1_382' title='bbox 2109 1948 2357 2005; x_wconf 78' lang='lat' dir='ltr'><strong>dexteras</strong></span> <span class='ocrx_word' id='word_1_383' title='bbox 2405 1950 2509 2005; x_wconf 90' lang='lat' dir='ltr'><strong>sibi</strong></span> <span class='ocrx_word' id='word_1_384' title='bbox 2559 1950 2786 2005; x_wconf 89' lang='lat' dir='ltr'><strong>invicem</strong></span> <span class='ocrx_word' id='word_1_385' title='bbox 2833 1950 3075 2016; x_wconf 89' lang='lat' dir='ltr'><strong>tradunt,</strong></span> <span class='ocrx_word' id='word_1_386' title='bbox 3104 1953 3353 2021; x_wconf 89' lang='lat' dir='ltr'><strong>quamvis</strong></span> <span class='ocrx_word' id='word_1_387' title='bbox 3381 1954 3495 2026; x_wconf 69' lang='grc'>(45)</span> <span class='ocrx_word' id='word_1_388' title='bbox 3546 1958 3687 2014; x_wconf 80' lang='lat' dir='ltr'><strong>alter</strong></span> 
     </span>
    </p>
   </div>
   <div class='ocr_carea' id='block_1_50' title="bbox 2108 2041 3684 2112">
    <p class='ocr_par' dir='ltr' id='par_1_50' title="bbox 2108 2041 3684 2112">
     <span class='ocr_line' id='line_1_50' title="bbox 2108 2041 3684 2112; baseline 0.008 -17"><span class='ocrx_word' id='word_1_389' title='bbox 2108 2042 2393 2112; x_wconf 83' lang='lat' dir='ltr'><strong>propheta,</strong></span> <span class='ocrx_word' id='word_1_390' title='bbox 2430 2042 2569 2097; x_wconf 90' lang='lat' dir='ltr'><strong>alter</strong></span> <span class='ocrx_word' id='word_1_391' title='bbox 2597 2058 2723 2098; x_wconf 87' lang='lat' dir='ltr'><strong>vero</strong></span> <span class='ocrx_word' id='word_1_392' title='bbox 2756 2041 2928 2099; x_wconf 88' lang='lat' dir='ltr'><strong>Filius</strong></span> <span class='ocrx_word' id='word_1_393' title='bbox 2962 2044 3032 2099; x_wconf 87' lang='lat' dir='ltr'><strong>sit</strong></span> <span class='ocrx_word' id='word_1_394' title='bbox 3069 2044 3338 2112; x_wconf 89' lang='lat' dir='ltr'><strong>dilectus;</strong></span> <span class='ocrx_word' id='word_1_395' title='bbox 3383 2047 3520 2102; x_wconf 87' lang='lat' dir='ltr'><strong>alter</strong></span> <span class='ocrx_word' id='word_1_396' title='bbox 3545 2049 3684 2107; x_wconf 83' lang='lat' dir='ltr'><strong>lide-</strong></span> 
     </span>
    </p>
   </div>
   <div class='ocr_carea' id='block_1_51' title="bbox 2110 2130 3687 2205">
    <p class='ocr_par' dir='ltr' id='par_1_51' title="bbox 2110 2130 3687 2205">
     <span class='ocr_line' id='line_1_51' title="bbox 2110 2130 3687 2205; baseline 0.007 -18"><span class='ocrx_word' id='word_1_397' title='bbox 2110 2131 2182 2199; x_wconf 28' lang='lat' dir='ltr'><strong>lis,</strong></span> <span class='ocrx_word' id='word_1_398' title='bbox 2212 2130 2471 2196; x_wconf 87' lang='lat' dir='ltr'><strong>famulus,</strong></span> <span class='ocrx_word' id='word_1_399' title='bbox 2497 2133 2636 2189; x_wconf 84' lang='lat' dir='ltr'><strong>alter</strong></span> <span class='ocrx_word' id='word_1_400' title='bbox 2659 2149 2791 2189; x_wconf 89' lang='lat' dir='ltr'><strong>vero</strong></span> <span class='ocrx_word' id='word_1_401' title='bbox 2815 2132 3081 2190; x_wconf 88' lang='lat' dir='ltr'><strong>Dominus</strong></span> <span class='ocrx_word' id='word_1_402' title='bbox 3107 2146 3457 2205; x_wconf 79' lang='lat' dir='ltr'><strong>agnoscatur.</strong></span> <span class='ocrx_word' id='word_1_403' title='bbox 3496 2137 3605 2195; x_wconf 87' lang='lat' dir='ltr'><strong>Sed</strong></span> <span class='ocrx_word' id='word_1_404' title='bbox 3630 2152 3687 2198; x_wconf 85' lang='lat' dir='ltr'><strong>et</strong></span> 
     </span>
    </p>
   </div>
   <div class='ocr_carea' id='block_1_52' title="bbox 2109 2224 3690 2299">
    <p class='ocr_par' dir='ltr' id='par_1_52' title="bbox 2109 2224 3690 2299">
     <span class='ocr_line' id='line_1_52' title="bbox 2109 2224 3690 2299; baseline 0.006 -20"><span class='ocrx_word' id='word_1_405' title='bbox 2109 2224 2385 2295; x_wconf 88' lang='lat' dir='ltr'><strong>quondam</strong></span> <span class='ocrx_word' id='word_1_406' title='bbox 2425 2225 2612 2281; x_wconf 89' lang='lat' dir='ltr'><strong>volens</strong></span> <span class='ocrx_word' id='word_1_407' title='bbox 2657 2226 2782 2297; x_wconf 92' lang='lat' dir='ltr'><strong>quis</strong></span> <span class='ocrx_word' id='word_1_408' title='bbox 2822 2227 2941 2283; x_wconf 90' lang='lat' dir='ltr'><strong>sine</strong></span> <span class='ocrx_word' id='word_1_409' title='bbox 2982 2226 3276 2299; x_wconf 64' lang='lat' dir='ltr'><strong>paedagogo</strong></span> <span class='ocrx_word' id='word_1_410' title='bbox 3306 2230 3385 2285; x_wconf 90' lang='lat' dir='ltr'><strong>ire</strong></span> <span class='ocrx_word' id='word_1_411' title='bbox 3422 2232 3490 2286; x_wconf 91' lang='lat' dir='ltr'><strong>ad</strong></span> <span class='ocrx_word' id='word_1_412' title='bbox 3525 2234 3690 2289; x_wconf 79' lang='lat' dir='ltr'><strong>scho-</strong></span> 
     </span>
    </p>
   </div>
   <div class='ocr_carea' id='block_1_53' title="bbox 2109 2317 3685 2390">
    <p class='ocr_par' dir='ltr' id='par_1_53' title="bbox 2109 2317 3685 2390">
     <span class='ocr_line' id='line_1_53' title="bbox 2109 2317 3685 2390; baseline 0.007 -19"><span class='ocrx_word' id='word_1_413' title='bbox 2109 2317 2211 2385; x_wconf 88' lang='lat' dir='ltr'><strong>las,</strong></span> <span class='ocrx_word' id='word_1_414' title='bbox 2243 2333 2353 2372; x_wconf 92' lang='lat' dir='ltr'><strong>non</strong></span> <span class='ocrx_word' id='word_1_415' title='bbox 2400 2317 2699 2390; x_wconf 90' lang='lat' dir='ltr'><strong>suscipitur</strong></span> <span class='ocrx_word' id='word_1_416' title='bbox 2727 2334 2758 2374; x_wconf 89' lang='lat' dir='ltr'><strong>a</strong></span> <span class='ocrx_word' id='word_1_417' title='bbox 2800 2318 3060 2389; x_wconf 85' lang='lat' dir='ltr'><strong>magistro</strong></span> <span class='ocrx_word' id='word_1_418' title='bbox 3109 2321 3357 2377; x_wconf 88' lang='lat' dir='ltr'><strong>dicente:</strong></span> <span class='ocrx_word' id='word_1_419' title='bbox 3388 2321 3513 2378; x_wconf 87' lang='lat' dir='ltr'><strong>Non</strong></span> <span class='ocrx_word' id='word_1_420' title='bbox 3558 2342 3685 2381; x_wconf 90' lang='lat' dir='ltr'><strong>eum</strong></span> 
     </span>
    </p>
   </div>
   <div class='ocr_carea' id='block_1_54' title="bbox 2108 2408 3686 2482">
    <p class='ocr_par' dir='ltr' id='par_1_54' title="bbox 2108 2408 3686 2482">
     <span class='ocr_line' id='line_1_54' title="bbox 2108 2408 3686 2482; baseline 0.004 -18"><span class='ocrx_word' id='word_1_421' title='bbox 2108 2409 2426 2480; x_wconf 88' lang='lat' dir='ltr'><strong>suscipiam,</strong></span> <span class='ocrx_word' id='word_1_422' title='bbox 2460 2408 2567 2463; x_wconf 90' lang='lat' dir='ltr'><strong>nisi</strong></span> <span class='ocrx_word' id='word_1_423' title='bbox 2609 2409 2877 2480; x_wconf 89' lang='lat' dir='ltr'><strong>acceperit</strong></span> <span class='ocrx_word' id='word_1_424' title='bbox 2904 2410 3279 2482; x_wconf 63' lang='lat' dir='ltr'><strong>paedagogum.</strong></span> <span class='ocrx_word' id='word_1_425' title='bbox 3306 2411 3443 2479; x_wconf 84' lang='lat' dir='ltr'><strong>Quis</strong></span> <span class='ocrx_word' id='word_1_426' title='bbox 3475 2413 3551 2469; x_wconf 89' lang='lat' dir='ltr'><strong>sit</strong></span> <span class='ocrx_word' id='word_1_427' title='bbox 3581 2431 3686 2470; x_wconf 83' lang='lat' dir='ltr'><strong>au-</strong></span> 
     </span>
    </p>
   </div>
   <div class='ocr_carea' id='block_1_55' title="bbox 2109 2501 3688 2578">
    <p class='ocr_par' dir='ltr' id='par_1_55' title="bbox 2109 2501 3688 2578">
     <span class='ocr_line' id='line_1_55' title="bbox 2109 2501 3688 2578; baseline 0.003 -21"><span class='ocrx_word' id='word_1_428' title='bbox 2109 2509 2217 2558; x_wconf 87' lang='lat' dir='ltr'><strong>tem</strong></span> <span class='ocrx_word' id='word_1_429' title='bbox 2242 2501 2310 2557; x_wconf 90' lang='lat' dir='ltr'><strong>de</strong></span> <span class='ocrx_word' id='word_1_430' title='bbox 2350 2518 2460 2572; x_wconf 89' lang='lat' dir='ltr'><strong>quo</strong></span> <span class='ocrx_word' id='word_1_431' title='bbox 2487 2502 2707 2570; x_wconf 91' lang='lat' dir='ltr'><strong>dicitur,</strong></span> <span class='ocrx_word' id='word_1_432' title='bbox 2744 2501 2979 2558; x_wconf 88' lang='lat' dir='ltr'><strong>breviter</strong></span> <span class='ocrx_word' id='word_1_433' title='bbox 3021 2519 3312 2575; x_wconf 76' lang='lat' dir='ltr'><strong>exponam.</strong></span> <span class='ocrx_word' id='word_1_434' title='bbox 3355 2503 3533 2560; x_wconf 84' lang='lat' dir='ltr'><strong>Homo</strong></span> <span class='ocrx_word' id='word_1_435' title='bbox 3564 2509 3688 2578; x_wconf 84' lang='lat' dir='ltr'><strong>qui-</strong></span> 
     </span>
    </p>
   </div>
   <div class='ocr_carea' id='block_1_56' title="bbox 2108 2595 3671 2668">
    <p class='ocr_par' dir='ltr' id='par_1_56' title="bbox 2108 2595 3671 2668">
     <span class='ocr_line' id='line_1_56' title="bbox 2108 2595 3671 2668; baseline 0.003 -18"><span class='ocrx_word' id='word_1_436' title='bbox 2108 2595 2234 2650; x_wconf 89' lang='lat' dir='ltr'><strong>dam</strong></span> <span class='ocrx_word' id='word_1_437' title='bbox 2264 2606 2382 2652; x_wconf 88' lang='lat' dir='ltr'><strong>erat</strong></span> <span class='ocrx_word' id='word_1_438' title='bbox 2405 2595 2557 2652; x_wconf 86' lang='lat' dir='ltr'><strong>dives</strong></span> <span class='ocrx_word' id='word_1_439' title='bbox 2582 2595 2650 2661; x_wconf 77' lang='lat'><strong>“,</strong></span> <span class='ocrx_word' id='word_1_440' title='bbox 2674 2595 2944 2668; x_wconf 87' lang='lat' dir='ltr'><strong>gentiliter</strong></span> <span class='ocrx_word' id='word_1_441' title='bbox 2977 2597 3186 2664; x_wconf 84' lang='lat' dir='ltr'><strong>vivens,</strong></span> <span class='ocrx_word' id='word_1_442' title='bbox 3214 2600 3270 2654; x_wconf 93' lang='lat' dir='ltr'><strong>in</strong></span> <span class='ocrx_word' id='word_1_443' title='bbox 3313 2600 3487 2653; x_wconf 88' lang='lat' dir='ltr'><strong>multa</strong></span> <span class='ocrx_word' id='word_1_444' title='bbox 3520 2600 3671 2655; x_wconf 89' lang='lat' dir='ltr'><strong>luxn-</strong></span> 
     </span>
    </p>
   </div>
   <div class='ocr_carea' id='block_1_57' title="bbox 2110 2685 3686 2759">
    <p class='ocr_par' dir='ltr' id='par_1_57' title="bbox 2110 2685 3686 2759">
     <span class='ocr_line' id='line_1_57' title="bbox 2110 2685 3686 2759; baseline 0.005 -20"><span class='ocrx_word' id='word_1_445' title='bbox 2110 2685 2191 2741; x_wconf 88' lang='lat' dir='ltr'><strong>ria</strong></span> <span class='ocrx_word' id='word_1_446' title='bbox 2225 2686 2466 2757; x_wconf 88' lang='lat' dir='ltr'><strong>quotidie</strong></span> <span class='ocrx_word' id='word_1_447' title='bbox 2494 2686 2729 2758; x_wconf 90' lang='lat' dir='ltr'><strong>degens;</strong></span> <span class='ocrx_word' id='word_1_448' title='bbox 2757 2686 2899 2741; x_wconf 89' lang='lat' dir='ltr'><strong>alius</strong></span> <span class='ocrx_word' id='word_1_449' title='bbox 2933 2703 3062 2743; x_wconf 86' lang='lat' dir='ltr'><strong>vero</strong></span> <span class='ocrx_word' id='word_1_450' title='bbox 3089 2704 3295 2759; x_wconf 89' lang='lat' dir='ltr'><strong>pauper</strong></span> <span class='ocrx_word' id='word_1_451' title='bbox 3329 2699 3450 2744; x_wconf 91' lang='lat' dir='ltr'><strong>erat</strong></span> <span class='ocrx_word' id='word_1_452' title='bbox 3471 2692 3686 2747; x_wconf 83' lang='lat' dir='ltr'><strong>vicinus</strong></span> 
     </span>
    </p>
   </div>
   <div class='ocr_carea' id='block_1_58' title="bbox 2108 2775 3685 2854">
    <p class='ocr_par' dir='ltr' id='par_1_58' title="bbox 2108 2775 3685 2854">
     <span class='ocr_line' id='line_1_58' title="bbox 2108 2775 3685 2854; baseline 0.003 -22"><span class='ocrx_word' id='word_1_453' title='bbox 2108 2776 2251 2847; x_wconf 84' lang='lat' dir='ltr'><strong>ejus,</strong></span> <span class='ocrx_word' id='word_1_454' title='bbox 2274 2777 2366 2846; x_wconf 92' lang='lat' dir='ltr'><strong>qui</strong></span> <span class='ocrx_word' id='word_1_455' title='bbox 2393 2791 2461 2832; x_wconf 90' lang='lat' dir='ltr'><strong>ne</strong></span> <span class='ocrx_word' id='word_1_456' title='bbox 2480 2775 2856 2846; x_wconf 89' lang='lat' dir='ltr'><strong>quotidianum</strong></span> <span class='ocrx_word' id='word_1_457' title='bbox 2881 2775 3100 2845; x_wconf 89' lang='lat' dir='ltr'><strong>quidem</strong></span> <span class='ocrx_word' id='word_1_458' title='bbox 3125 2779 3308 2833; x_wconf 89' lang='lat' dir='ltr'><strong>cibum</strong></span> <span class='ocrx_word' id='word_1_459' title='bbox 3334 2790 3553 2849; x_wconf 89' lang='lat' dir='ltr'><strong>poterat</strong></span> <span class='ocrx_word' id='word_1_460' title='bbox 3572 2781 3685 2854; x_wconf 70' lang='lat' dir='ltr'><strong>(ﬂ)</strong></span> 
     </span>
    </p>
   </div>
   <div class='ocr_carea' id='block_1_59' title="bbox 2110 2868 3685 2940">
    <p class='ocr_par' dir='ltr' id='par_1_59' title="bbox 2110 2868 3685 2940">
     <span class='ocr_line' id='line_1_59' title="bbox 2110 2868 3685 2940; baseline 0.003 -16"><span class='ocrx_word' id='word_1_461' title='bbox 2110 2868 2377 2926; x_wconf 91' lang='lat' dir='ltr'><strong>invenire.</strong></span> <span class='ocrx_word' id='word_1_462' title='bbox 2410 2869 2623 2926; x_wconf 80' lang='lat' dir='ltr'><strong>Accidit</strong></span> <span class='ocrx_word' id='word_1_463' title='bbox 2654 2878 2949 2940; x_wconf 89' lang='lat' dir='ltr'><strong>utrumque</strong></span> <span class='ocrx_word' id='word_1_464' title='bbox 2980 2870 3092 2925; x_wconf 87' lang='lat' dir='ltr'><strong>vita</strong></span> <span class='ocrx_word' id='word_1_465' title='bbox 3118 2871 3403 2927; x_wconf 89' lang='lat' dir='ltr'><strong>discedere</strong></span> <span class='ocrx_word' id='word_1_466' title='bbox 3429 2881 3486 2928; x_wconf 91' lang='lat' dir='ltr'><strong>et</strong></span> <span class='ocrx_word' id='word_1_467' title='bbox 3512 2874 3569 2928; x_wconf 89' lang='lat' dir='ltr'><strong>in</strong></span> <span class='ocrx_word' id='word_1_468' title='bbox 3594 2874 3685 2929; x_wconf 80' lang='lat' dir='ltr'><strong>in—</strong></span> 
     </span>
    </p>
   </div>
   <div class='ocr_carea' id='block_1_60' title="bbox 2110 2959 3685 3028">
    <p class='ocr_par' dir='ltr' id='par_1_60' title="bbox 2110 2959 3685 3028">
     <span class='ocr_line' id='line_1_60' title="bbox 2110 2959 3685 3028; baseline 0.004 -14"><span class='ocrx_word' id='word_1_469' title='bbox 2110 2959 2320 3015; x_wconf 91' lang='lat' dir='ltr'><strong>fernum</strong></span> <span class='ocrx_word' id='word_1_470' title='bbox 2345 2960 2693 3024; x_wconf 87' lang='lat' dir='ltr'><strong>descendere,</strong></span> <span class='ocrx_word' id='word_1_471' title='bbox 2739 2968 2793 3014; x_wconf 93' lang='lat' dir='ltr'><strong>et</strong></span> <span class='ocrx_word' id='word_1_472' title='bbox 2813 2974 3103 3028; x_wconf 87' lang='lat' dir='ltr'><strong>pauperem</strong></span> <span class='ocrx_word' id='word_1_473' title='bbox 3127 2961 3268 3016; x_wconf 90' lang='lat' dir='ltr'><strong>mitti</strong></span> <span class='ocrx_word' id='word_1_474' title='bbox 3292 2962 3345 3017; x_wconf 93' lang='lat' dir='ltr'><strong>in</strong></span> <span class='ocrx_word' id='word_1_475' title='bbox 3377 2963 3564 3019; x_wconf 89' lang='lat' dir='ltr'><strong>locum</strong></span> <span class='ocrx_word' id='word_1_476' title='bbox 3593 2982 3685 3020; x_wconf 78' lang='lat' dir='ltr'><strong>re-</strong></span> 
     </span>
    </p>
   </div>
   <div class='ocr_carea' id='block_1_61' title="bbox 2112 3047 3683 3122">
    <p class='ocr_par' dir='ltr' id='par_1_61' title="bbox 2112 3047 3683 3122">
     <span class='ocr_line' id='line_1_61' title="bbox 2112 3047 3683 3122; baseline 0.003 -16"><span class='ocrx_word' id='word_1_477' title='bbox 2112 3051 2280 3121; x_wconf 87' lang='lat' dir='ltr'><strong>quiei,</strong></span> <span class='ocrx_word' id='word_1_478' title='bbox 2308 3059 2363 3105; x_wconf 91' lang='lat' dir='ltr'><strong>et</strong></span> <span class='ocrx_word' id='word_1_479' title='bbox 2379 3049 2584 3122; x_wconf 87' lang='lat' dir='ltr'><strong>reliqua</strong></span> <span class='ocrx_word' id='word_1_480' title='bbox 2601 3064 2721 3120; x_wconf 75' lang='lat' dir='ltr'><strong>qua:</strong></span> <span class='ocrx_word' id='word_1_481' title='bbox 2736 3049 2897 3104; x_wconf 92' lang='lat' dir='ltr'><strong>nosti.</strong></span> <span class='ocrx_word' id='word_1_482' title='bbox 2919 3047 3303 3107; x_wconf 82' lang='lat' dir='ltr'><strong>Verumtamen</strong></span> <span class='ocrx_word' id='word_1_483' title='bbox 3321 3063 3485 3108; x_wconf 90' lang='lat' dir='ltr'><strong>erant</strong></span> <span class='ocrx_word' id='word_1_484' title='bbox 3498 3055 3683 3112; x_wconf 70' lang='lat' dir='ltr'><strong>(&quot;ritis</strong></span> 
     </span>
    </p>
   </div>
   <div class='ocr_carea' id='block_1_62' title="bbox 438 3130 2010 3227">
    <p class='ocr_par' dir='ltr' id='par_1_62' title="bbox 438 3130 2010 3227">
     <span class='ocr_line' id='line_1_62' title="bbox 438 3130 2010 3227; baseline -0.001 -18"><span class='ocrx_word' id='word_1_485' title='bbox 438 3130 666 3212; x_wconf 84' lang='lat' dir='ltr'><strong>vidisset</strong></span> <span class='ocrx_word' id='word_1_486' title='bbox 690 3154 976 3220; x_wconf 76' lang='lat' dir='ltr'><strong>infantem,</strong></span> <span class='ocrx_word' id='word_1_487' title='bbox 999 3130 1054 3211; x_wconf 81' lang='lat' dir='ltr'><strong>et</strong></span> <span class='ocrx_word' id='word_1_488' title='bbox 1075 3156 1188 3227; x_wconf 88' lang='lat' dir='ltr'><strong>jam</strong></span> <span class='ocrx_word' id='word_1_489' title='bbox 1220 3130 1566 3211; x_wconf 76' lang='lat' dir='ltr'><strong>vehementer</strong></span> <span class='ocrx_word' id='word_1_490' title='bbox 1588 3154 1869 3219; x_wconf 81' lang='lat' dir='ltr'><strong>amictum,</strong></span> <span class='ocrx_word' id='word_1_491' title='bbox 1896 3153 2010 3209; x_wconf 90' lang='lat' dir='ltr'><strong>col-</strong></span> 
     </span>
    </p>
   </div>
   <div class='ocr_carea' id='block_1_63' title="bbox 2118 3130 3682 3227">
    <p class='ocr_par' dir='ltr' id='par_1_63' title="bbox 2118 3141 3682 3218">
     <span class='ocr_line' id='line_1_63' title="bbox 2118 3141 3682 3218; baseline 0.004 -21"><span class='ocrx_word' id='word_1_492' title='bbox 2118 3141 2310 3199; x_wconf 86' lang='lat' dir='ltr'><strong>fratres</strong></span> <span class='ocrx_word' id='word_1_493' title='bbox 2333 3143 2594 3213; x_wconf 87' lang='lat' dir='ltr'><strong>quinque,</strong></span> <span class='ocrx_word' id='word_1_494' title='bbox 2608 3157 2671 3196; x_wconf 91' lang='lat' dir='ltr'><strong>ea</strong></span> <span class='ocrx_word' id='word_1_495' title='bbox 2697 3157 2819 3211; x_wconf 66' lang='lat' dir='ltr'><strong>qua:</strong></span> <span class='ocrx_word' id='word_1_496' title='bbox 2842 3149 2897 3196; x_wconf 92' lang='lat' dir='ltr'><strong>et</strong></span> <span class='ocrx_word' id='word_1_497' title='bbox 2920 3142 3037 3212; x_wconf 89' lang='lat' dir='ltr'><strong>ipse</strong></span> <span class='ocrx_word' id='word_1_498' title='bbox 3060 3153 3266 3214; x_wconf 88' lang='lat' dir='ltr'><strong>egerat,</strong></span> <span class='ocrx_word' id='word_1_499' title='bbox 3290 3157 3521 3215; x_wconf 88' lang='lat' dir='ltr'><strong>agentes</strong></span> <span class='ocrx_word' id='word_1_500' title='bbox 3546 3149 3682 3218; x_wconf 60' lang='lat'><strong>(.55).</strong></span> 
     </span>
    </p>
   </div>
   <div class='ocr_carea' id='block_1_64' title="bbox 437 3247 2008 3320">
    <p class='ocr_par' dir='ltr' id='par_1_64' title="bbox 437 3247 2008 3320">
     <span class='ocr_line' id='line_1_64' title="bbox 437 3247 2008 3320; baseline 0.001 -17"><span class='ocrx_word' id='word_1_501' title='bbox 437 3247 568 3320; x_wconf 88' lang='lat' dir='ltr'><strong>legit</strong></span> <span class='ocrx_word' id='word_1_502' title='bbox 602 3264 727 3305; x_wconf 90' lang='lat' dir='ltr'><strong>eum</strong></span> <span class='ocrx_word' id='word_1_503' title='bbox 761 3257 816 3305; x_wconf 91' lang='lat' dir='ltr'><strong>et</strong></span> <span class='ocrx_word' id='word_1_504' title='bbox 846 3249 1056 3304; x_wconf 89' lang='lat' dir='ltr'><strong>nutrire</strong></span> <span class='ocrx_word' id='word_1_505' title='bbox 1089 3247 1231 3318; x_wconf 89' lang='lat' dir='ltr'><strong>apud</strong></span> <span class='ocrx_word' id='word_1_506' title='bbox 1268 3264 1327 3304; x_wconf 88' lang='lat' dir='ltr'><strong>se</strong></span> <span class='ocrx_word' id='word_1_507' title='bbox 1356 3247 1522 3318; x_wconf 74' lang='lat' dir='ltr'><strong>ccepit</strong></span> <span class='ocrx_word' id='word_1_508' title='bbox 1555 3247 1689 3318; x_wconf 83' lang='lat'><strong>(55),</strong></span> <span class='ocrx_word' id='word_1_509' title='bbox 1722 3262 2008 3319; x_wconf 89' lang='lat' dir='ltr'><strong>usquequo</strong></span> 
     </span>
    </p>
   </div>
   <div class='ocr_carea' id='block_1_65' title="bbox 440 3338 2009 3408">
    <p class='ocr_par' dir='ltr' id='par_1_65' title="bbox 440 3338 2009 3408">
     <span class='ocr_line' id='line_1_65' title="bbox 440 3338 2009 3408; baseline 0.001 -15"><span class='ocrx_word' id='word_1_510' title='bbox 440 3340 508 3394; x_wconf 90' lang='lat' dir='ltr'><strong>ad</strong></span> <span class='ocrx_word' id='word_1_511' title='bbox 561 3347 772 3395; x_wconf 66' lang='lat' dir='ltr'><strong>aetatem</strong></span> <span class='ocrx_word' id='word_1_512' title='bbox 825 3338 1208 3394; x_wconf 63' lang='lat' dir='ltr'><strong>adolescentia:</strong></span> <span class='ocrx_word' id='word_1_513' title='bbox 1258 3338 1586 3408; x_wconf 90' lang='lat' dir='ltr'><strong>perveniret,</strong></span> <span class='ocrx_word' id='word_1_514' title='bbox 1648 3338 2009 3408; x_wconf 77' lang='lat' dir='ltr'><strong>toleravitque</strong></span> 
     </span>
    </p>
   </div>
   <div class='ocr_carea' id='block_1_66' title="bbox 440 3428 2005 3501">
    <p class='ocr_par' dir='ltr' id='par_1_66' title="bbox 440 3428 2005 3501">
     <span class='ocr_line' id='line_1_66' title="bbox 440 3428 2005 3501; baseline -0.001 -16"><span class='ocrx_word' id='word_1_515' title='bbox 440 3446 633 3485; x_wconf 89' lang='lat' dir='ltr'><strong>omnes</strong></span> <span class='ocrx_word' id='word_1_516' title='bbox 659 3431 753 3501; x_wconf 90' lang='lat' dir='ltr'><strong>qui</strong></span> <span class='ocrx_word' id='word_1_517' title='bbox 787 3430 1006 3486; x_wconf 88' lang='lat' dir='ltr'><strong>evenire</strong></span> <span class='ocrx_word' id='word_1_518' title='bbox 1031 3430 1210 3485; x_wconf 92' lang='lat' dir='ltr'><strong>solent</strong></span> <span class='ocrx_word' id='word_1_519' title='bbox 1242 3428 1603 3485; x_wconf 87' lang='lat' dir='ltr'><strong>nutritoribus</strong></span> <span class='ocrx_word' id='word_1_520' title='bbox 1629 3428 1841 3485; x_wconf 89' lang='lat' dir='ltr'><strong>labores</strong></span> <span class='ocrx_word' id='word_1_521' title='bbox 1871 3428 2005 3501; x_wconf 85' lang='lat'><strong>(56).</strong></span> 
     </span>
    </p>
   </div>
   <div class='ocr_carea' id='block_1_67' title="bbox 437 3520 2010 3595">
    <p class='ocr_par' dir='ltr' id='par_1_67' title="bbox 437 3520 2010 3595">
     <span class='ocr_line' id='line_1_67' title="bbox 437 3520 2010 3595; baseline 0 -19"><span class='ocrx_word' id='word_1_522' title='bbox 437 3522 661 3579; x_wconf 82' lang='lat' dir='ltr'><strong>Accedit</strong></span> <span class='ocrx_word' id='word_1_523' title='bbox 686 3538 815 3580; x_wconf 90' lang='lat' dir='ltr'><strong>vero</strong></span> <span class='ocrx_word' id='word_1_524' title='bbox 849 3534 974 3595; x_wconf 88' lang='lat' dir='ltr'><strong>post</strong></span> <span class='ocrx_word' id='word_1_525' title='bbox 1003 3531 1217 3593; x_wconf 88' lang='lat' dir='ltr'><strong>tempus</strong></span> <span class='ocrx_word' id='word_1_526' title='bbox 1252 3523 1297 3579; x_wconf 90' lang='lat' dir='ltr'><strong>is</strong></span> <span class='ocrx_word' id='word_1_527' title='bbox 1334 3522 1426 3593; x_wconf 89' lang='lat' dir='ltr'><strong>qui</strong></span> <span class='ocrx_word' id='word_1_528' title='bbox 1455 3521 1723 3577; x_wconf 89' lang='lat' dir='ltr'><strong>naturalis</strong></span> <span class='ocrx_word' id='word_1_529' title='bbox 1749 3522 1799 3577; x_wconf 91' lang='lat' dir='ltr'><strong>ei</strong></span> <span class='ocrx_word' id='word_1_530' title='bbox 1833 3520 2010 3577; x_wconf 84' lang='lat' dir='ltr'><strong>fuerat</strong></span> 
     </span>
    </p>
   </div>
   <div class='ocr_carea' id='block_1_68' title="bbox 437 3612 2001 3687">
    <p class='ocr_par' dir='ltr' id='par_1_68' title="bbox 437 3612 2001 3687">
     <span class='ocr_line' id='line_1_68' title="bbox 437 3612 2001 3687; baseline -0.001 -18"><span class='ocrx_word' id='word_1_531' title='bbox 437 3624 611 3685; x_wconf 88' lang='lat' dir='ltr'><strong>pater,</strong></span> <span class='ocrx_word' id='word_1_532' title='bbox 636 3616 912 3687; x_wconf 85' lang='lat' dir='ltr'><strong>requirere</strong></span> <span class='ocrx_word' id='word_1_533' title='bbox 945 3630 1194 3683; x_wconf 90' lang='lat' dir='ltr'><strong>puerum,</strong></span> <span class='ocrx_word' id='word_1_534' title='bbox 1219 3623 1274 3668; x_wconf 91' lang='lat' dir='ltr'><strong>et</strong></span> <span class='ocrx_word' id='word_1_535' title='bbox 1300 3613 1504 3669; x_wconf 88' lang='lat' dir='ltr'><strong>invenit</strong></span> <span class='ocrx_word' id='word_1_536' title='bbox 1530 3628 1655 3669; x_wconf 86' lang='lat' dir='ltr'><strong>eum</strong></span> <span class='ocrx_word' id='word_1_537' title='bbox 1683 3612 1821 3683; x_wconf 85' lang='lat' dir='ltr'><strong>apud</strong></span> <span class='ocrx_word' id='word_1_538' title='bbox 1851 3612 2001 3668; x_wconf 91' lang='lat' dir='ltr'><strong>illum</strong></span> 
     </span>
    </p>
   </div>
   <div class='ocr_carea' id='block_1_69' title="bbox 439 3702 2005 3777">
    <p class='ocr_par' dir='ltr' id='par_1_69' title="bbox 439 3702 2005 3777">
     <span class='ocr_line' id='line_1_69' title="bbox 439 3702 2005 3777; baseline 0.001 -19"><span class='ocrx_word' id='word_1_539' title='bbox 439 3705 532 3775; x_wconf 90' lang='lat' dir='ltr'><strong>qui</strong></span> <span class='ocrx_word' id='word_1_540' title='bbox 568 3706 834 3760; x_wconf 87' lang='lat' dir='ltr'><strong>nutrierat</strong></span> <span class='ocrx_word' id='word_1_541' title='bbox 859 3704 995 3777; x_wconf 90' lang='lat'><strong>(57).</strong></span> <span class='ocrx_word' id='word_1_542' title='bbox 1033 3702 1173 3771; x_wconf 86' lang='lat' dir='ltr'><strong>Quid</strong></span> <span class='ocrx_word' id='word_1_543' title='bbox 1202 3703 1365 3758; x_wconf 84' lang='lat' dir='ltr'><strong>faciat</strong></span> <span class='ocrx_word' id='word_1_544' title='bbox 1408 3703 1497 3759; x_wconf 91' lang='lat' dir='ltr'><strong>hic</strong></span> <span class='ocrx_word' id='word_1_545' title='bbox 1530 3718 1688 3773; x_wconf 91' lang='lat' dir='ltr'><strong>puer,</strong></span> <span class='ocrx_word' id='word_1_546' title='bbox 1726 3711 1879 3773; x_wconf 89' lang='lat' dir='ltr'><strong>patre</strong></span> <span class='ocrx_word' id='word_1_547' title='bbox 1909 3718 2005 3759; x_wconf 89' lang='lat' dir='ltr'><strong>co-</strong></span> 
     </span>
    </p>
   </div>
   <div class='ocr_carea' id='block_1_70' title="bbox 438 3792 2009 3868">
    <p class='ocr_par' dir='ltr' id='par_1_70' title="bbox 438 3792 2009 3868">
     <span class='ocr_line' id='line_1_70' title="bbox 438 3792 2009 3868; baseline 0 -18"><span class='ocrx_word' id='word_1_548' title='bbox 438 3797 624 3867; x_wconf 83' lang='lat' dir='ltr'><strong>gnito?</strong></span> <span class='ocrx_word' id='word_1_549' title='bbox 654 3797 722 3852; x_wconf 88' lang='lat' dir='ltr'><strong>de</strong></span> <span class='ocrx_word' id='word_1_550' title='bbox 751 3797 903 3868; x_wconf 89' lang='lat' dir='ltr'><strong>justo</strong></span> <span class='ocrx_word' id='word_1_551' title='bbox 927 3798 1072 3853; x_wconf 91' lang='lat' dir='ltr'><strong>enim</strong></span> <span class='ocrx_word' id='word_1_552' title='bbox 1107 3811 1278 3868; x_wconf 90' lang='lat' dir='ltr'><strong>puero</strong></span> <span class='ocrx_word' id='word_1_553' title='bbox 1309 3795 1443 3851; x_wconf 88' lang='lat' dir='ltr'><strong>mihi</strong></span> <span class='ocrx_word' id='word_1_554' title='bbox 1476 3809 1658 3850; x_wconf 87' lang='lat' dir='ltr'><strong>sermo</strong></span> <span class='ocrx_word' id='word_1_555' title='bbox 1683 3802 1787 3850; x_wconf 83' lang='lat' dir='ltr'><strong>est.</strong></span> <span class='ocrx_word' id='word_1_556' title='bbox 1819 3792 2009 3850; x_wconf 86' lang='lat' dir='ltr'><strong>Nonne</strong></span> 
     </span>
    </p>
   </div>
   <div class='ocr_carea' id='block_1_71' title="bbox 439 3883 2008 3957">
    <p class='ocr_par' dir='ltr' id='par_1_71' title="bbox 439 3883 2008 3957">
     <span class='ocr_line' id='line_1_71' title="bbox 439 3883 2008 3957; baseline -0.001 -17"><span class='ocrx_word' id='word_1_557' title='bbox 439 3886 627 3942; x_wconf 89' lang='lat' dir='ltr'><strong>multis</strong></span> <span class='ocrx_word' id='word_1_558' title='bbox 652 3886 814 3942; x_wconf 88' lang='lat' dir='ltr'><strong>donis</strong></span> <span class='ocrx_word' id='word_1_559' title='bbox 840 3896 1125 3943; x_wconf 89' lang='lat' dir='ltr'><strong>munerato</strong></span> <span class='ocrx_word' id='word_1_560' title='bbox 1151 3902 1216 3943; x_wconf 91' lang='lat' dir='ltr'><strong>eo</strong></span> <span class='ocrx_word' id='word_1_561' title='bbox 1240 3886 1333 3957; x_wconf 90' lang='lat' dir='ltr'><strong>qui</strong></span> <span class='ocrx_word' id='word_1_562' title='bbox 1358 3901 1418 3942; x_wconf 90' lang='lat' dir='ltr'><strong>se</strong></span> <span class='ocrx_word' id='word_1_563' title='bbox 1446 3885 1795 3950; x_wconf 88' lang='lat' dir='ltr'><strong>educaverat,</strong></span> <span class='ocrx_word' id='word_1_564' title='bbox 1826 3883 2008 3955; x_wconf 91' lang='lat' dir='ltr'><strong>sequi-</strong></span> 
     </span>
    </p>
   </div>
   <div class='ocr_carea' id='block_1_72' title="bbox 382 3978 2010 4051">
    <p class='ocr_par' dir='ltr' id='par_1_72' title="bbox 382 3978 2010 4051">
     <span class='ocr_line' id='line_1_72' title="bbox 382 3978 2010 4051; baseline 0 -18"><span class='ocrx_word' id='word_1_565' title='bbox 382 4038 391 4049; x_wconf 34' lang='lat'><strong>,</strong></span> <span class='ocrx_word' id='word_1_566' title='bbox 440 3989 529 4034; x_wconf 91' lang='lat' dir='ltr'><strong>tur</strong></span> <span class='ocrx_word' id='word_1_567' title='bbox 549 3979 851 4035; x_wconf 89' lang='lat' dir='ltr'><strong>naturalem</strong></span> <span class='ocrx_word' id='word_1_568' title='bbox 873 3988 1082 4050; x_wconf 90' lang='lat' dir='ltr'><strong>patrem</strong></span> <span class='ocrx_word' id='word_1_569' title='bbox 1108 3996 1209 4051; x_wconf 90' lang='lat' dir='ltr'><strong>pro</strong></span> <span class='ocrx_word' id='word_1_570' title='bbox 1231 3988 1479 4050; x_wconf 90' lang='lat' dir='ltr'><strong>respectu</strong></span> <span class='ocrx_word' id='word_1_571' title='bbox 1505 3979 1618 4049; x_wconf 90' lang='grc'>(58)</span> <span class='ocrx_word' id='word_1_572' title='bbox 1649 3978 2010 4035; x_wconf 68' lang='lat' dir='ltr'><strong>haereditatis?</strong></span> 
     </span>
    </p>
   </div>
   <div class='ocr_carea' id='block_1_73' title="bbox 2110 3233 3682 3305">
    <p class='ocr_par' dir='ltr' id='par_1_73' title="bbox 2110 3233 3682 3305">
     <span class='ocr_line' id='line_1_73' title="bbox 2110 3233 3682 3305; baseline 0.002 -13"><span class='ocrx_word' id='word_1_573' title='bbox 2110 3237 2231 3293; x_wconf 89' lang='lat' dir='ltr'><strong>sine</strong></span> <span class='ocrx_word' id='word_1_574' title='bbox 2270 3235 2457 3299; x_wconf 88' lang='lat' dir='ltr'><strong>dubio,</strong></span> <span class='ocrx_word' id='word_1_575' title='bbox 2501 3249 2624 3304; x_wconf 62' lang='lat' dir='ltr'><strong>quae</strong></span> <span class='ocrx_word' id='word_1_576' title='bbox 2653 3233 2800 3289; x_wconf 90' lang='lat' dir='ltr'><strong>domi</strong></span> <span class='ocrx_word' id='word_1_577' title='bbox 2839 3249 2870 3288; x_wconf 91' lang='lat' dir='ltr'><strong>a</strong></span> <span class='ocrx_word' id='word_1_578' title='bbox 2907 3235 3002 3289; x_wconf 88' lang='lat' dir='ltr'><strong>tali</strong></span> <span class='ocrx_word' id='word_1_579' title='bbox 3038 3236 3298 3305; x_wconf 89' lang='lat' dir='ltr'><strong>magistro</strong></span> <span class='ocrx_word' id='word_1_580' title='bbox 3332 3238 3682 3295; x_wconf 83' lang='lat' dir='ltr'><strong>didicissent.</strong></span> 
     </span>
    </p>
   </div>
   <div class='ocr_carea' id='block_1_74' title="bbox 2110 3325 3687 3399">
    <p class='ocr_par' dir='ltr' id='par_1_74' title="bbox 2110 3325 3687 3399">
     <span class='ocr_line' id='line_1_74' title="bbox 2110 3325 3687 3399; baseline 0.003 -16"><span class='ocrx_word' id='word_1_581' title='bbox 2110 3327 2342 3398; x_wconf 79' lang='lat' dir='ltr'><strong>Rogavit</strong></span> <span class='ocrx_word' id='word_1_582' title='bbox 2372 3326 2523 3381; x_wconf 87' lang='lat' dir='ltr'><strong>dives</strong></span> <span class='ocrx_word' id='word_1_583' title='bbox 2568 3325 2733 3380; x_wconf 88' lang='lat' dir='ltr'><strong>simul</strong></span> <span class='ocrx_word' id='word_1_584' title='bbox 2766 3340 2877 3380; x_wconf 92' lang='lat' dir='ltr'><strong>uno</strong></span> <span class='ocrx_word' id='word_1_585' title='bbox 2908 3334 3148 3399; x_wconf 89' lang='lat' dir='ltr'><strong>tempore</strong></span> <span class='ocrx_word' id='word_1_586' title='bbox 3175 3337 3237 3383; x_wconf 93' lang='lat' dir='ltr'><strong>ut</strong></span> <span class='ocrx_word' id='word_1_587' title='bbox 3261 3330 3537 3387; x_wconf 86' lang='lat' dir='ltr'><strong>edisceret</strong></span> <span class='ocrx_word' id='word_1_588' title='bbox 3569 3348 3687 3388; x_wconf 81' lang='lat' dir='ltr'><strong>ma-</strong></span> 
     </span>
    </p>
   </div>
   <div class='ocr_carea' id='block_1_75' title="bbox 2104 3417 3686 3493">
    <p class='ocr_par' dir='ltr' id='par_1_75' title="bbox 2104 3417 3686 3493">
     <span class='ocr_line' id='line_1_75' title="bbox 2104 3417 3686 3493; baseline 0.006 -20"><span class='ocrx_word' id='word_1_589' title='bbox 2104 3419 2279 3490; x_wconf 90' lang='lat' dir='ltr'><strong>jorem</strong></span> <span class='ocrx_word' id='word_1_590' title='bbox 2308 3417 2650 3485; x_wconf 88' lang='lat' dir='ltr'><strong>doctrinam;</strong></span> <span class='ocrx_word' id='word_1_591' title='bbox 2684 3417 2959 3474; x_wconf 83' lang='lat' dir='ltr'><strong>Abraham</strong></span> <span class='ocrx_word' id='word_1_592' title='bbox 3005 3435 3134 3475; x_wconf 91' lang='lat' dir='ltr'><strong>vero</strong></span> <span class='ocrx_word' id='word_1_593' title='bbox 3175 3421 3378 3489; x_wconf 87' lang='lat' dir='ltr'><strong>sciens,</strong></span> <span class='ocrx_word' id='word_1_594' title='bbox 3414 3425 3686 3493; x_wconf 88' lang='lat' dir='ltr'><strong>quoniam</strong></span> 
     </span>
    </p>
   </div>
   <div class='ocr_carea' id='block_1_76' title="bbox 2111 3510 3687 3590">
    <p class='ocr_par' dir='ltr' id='par_1_76' title="bbox 2111 3510 3687 3590">
     <span class='ocr_line' id='line_1_76' title="bbox 2111 3510 3687 3590; baseline 0.006 -23"><span class='ocrx_word' id='word_1_595' title='bbox 2111 3513 2292 3567; x_wconf 88' lang='lat' dir='ltr'><strong>adhuc</strong></span> <span class='ocrx_word' id='word_1_596' title='bbox 2319 3510 2563 3581; x_wconf 89' lang='lat' dir='ltr'><strong>indigent</strong></span> <span class='ocrx_word' id='word_1_597' title='bbox 2592 3510 2906 3582; x_wconf 67' lang='lat' dir='ltr'><strong>paedagogo,</strong></span> <span class='ocrx_word' id='word_1_598' title='bbox 2935 3511 3012 3565; x_wconf 87' lang='lat' dir='ltr'><strong>ait</strong></span> <span class='ocrx_word' id='word_1_599' title='bbox 3031 3511 3083 3566; x_wconf 90' lang='lat' dir='ltr'><strong>ei</strong></span> <span class='ocrx_word' id='word_1_600' title='bbox 3111 3530 3125 3567; x_wconf 91' lang='lat'><strong>:</strong></span> <span class='ocrx_word' id='word_1_601' title='bbox 3164 3531 3185 3564; x_wconf 80' lang='grc'><strong>(</strong></span> <span class='ocrx_word' id='word_1_602' title='bbox 3222 3511 3436 3570; x_wconf 88' lang='lat' dir='ltr'><strong>Habent</strong></span> <span class='ocrx_word' id='word_1_603' title='bbox 3456 3516 3687 3590; x_wconf 70' lang='lat' dir='ltr'><strong>Moysen</strong></span> 
     </span>
    </p>
   </div>
   <div class='ocr_carea' id='block_1_77' title="bbox 2110 3601 3688 3677">
    <p class='ocr_par' dir='ltr' id='par_1_77' title="bbox 2110 3601 3688 3677">
     <span class='ocr_line' id='line_1_77' title="bbox 2110 3601 3688 3677; baseline 0.003 -17"><span class='ocrx_word' id='word_1_604' title='bbox 2110 3615 2164 3661; x_wconf 91' lang='lat' dir='ltr'><strong>et</strong></span> <span class='ocrx_word' id='word_1_605' title='bbox 2194 3606 2502 3676; x_wconf 88' lang='lat' dir='ltr'><strong>prophetas.</strong></span> <span class='ocrx_word' id='word_1_606' title='bbox 2545 3622 2564 3656; x_wconf 73' lang='grc' dir='ltr'><strong><em>ι</em></strong></span> <span class='ocrx_word' id='word_1_607' title='bbox 2617 3601 2674 3659; x_wconf 90' lang='lat' dir='ltr'><strong>Si</strong></span> <span class='ocrx_word' id='word_1_608' title='bbox 2719 3604 2866 3659; x_wconf 89' lang='lat' dir='ltr'><strong>enim</strong></span> <span class='ocrx_word' id='word_1_609' title='bbox 2916 3603 3038 3658; x_wconf 91' lang='lat' dir='ltr'><strong>illos</strong></span> <span class='ocrx_word' id='word_1_610' title='bbox 3067 3619 3174 3659; x_wconf 92' lang='lat' dir='ltr'><strong>non</strong></span> <span class='ocrx_word' id='word_1_611' title='bbox 3209 3609 3577 3677; x_wconf 83' lang='lat' dir='ltr'><strong>susceperint,</strong></span> <span class='ocrx_word' id='word_1_612' title='bbox 3627 3620 3688 3665; x_wconf 90' lang='lat' dir='ltr'><strong>ut</strong></span> 
     </span>
    </p>
   </div>
   <div class='ocr_carea' id='block_1_78' title="bbox 2108 3695 3688 3770">
    <p class='ocr_par' dir='ltr' id='par_1_78' title="bbox 2108 3695 3688 3770">
     <span class='ocr_line' id='line_1_78' title="bbox 2108 3695 3688 3770; baseline 0.003 -16"><span class='ocrx_word' id='word_1_613' title='bbox 2108 3698 2266 3754; x_wconf 89' lang='lat' dir='ltr'><strong>abeo</strong></span> <span class='ocrx_word' id='word_1_614' title='bbox 2310 3696 2456 3752; x_wconf 90' lang='lat' dir='ltr'><strong>velut</strong></span> <span class='ocrx_word' id='word_1_615' title='bbox 2501 3695 2795 3768; x_wconf 68' lang='lat' dir='ltr'><strong>paedagogo</strong></span> <span class='ocrx_word' id='word_1_616' title='bbox 2841 3698 3230 3768; x_wconf 90' lang='lat' dir='ltr'><strong>gubernentur,</strong></span> <span class='ocrx_word' id='word_1_617' title='bbox 3278 3714 3386 3754; x_wconf 90' lang='lat' dir='ltr'><strong>non</strong></span> <span class='ocrx_word' id='word_1_618' title='bbox 3421 3712 3688 3770; x_wconf 73' lang='lat' dir='ltr'><strong>poterunt</strong></span> 
     </span>
    </p>
   </div>
   <div class='ocr_carea' id='block_1_79' title="bbox 2107 3788 3201 3861">
    <p class='ocr_par' dir='ltr' id='par_1_79' title="bbox 2107 3788 3201 3861">
     <span class='ocr_line' id='line_1_79' title="bbox 2107 3788 3201 3861; baseline 0 -15"><span class='ocrx_word' id='word_1_619' title='bbox 2107 3789 2334 3861; x_wconf 87' lang='lat' dir='ltr'><strong>majoris</strong></span> <span class='ocrx_word' id='word_1_620' title='bbox 2366 3788 2620 3859; x_wconf 86' lang='lat' dir='ltr'><strong>magistri</strong></span> <span class='ocrx_word' id='word_1_621' title='bbox 2656 3803 2849 3858; x_wconf 84' lang='lat' dir='ltr'><strong>capere</strong></span> <span class='ocrx_word' id='word_1_622' title='bbox 2874 3790 3201 3846; x_wconf 89' lang='lat' dir='ltr'><strong>doctrinam.</strong></span> 
     </span>
    </p>
   </div>
   <div class='ocr_carea' id='block_1_80' title="bbox 2178 3878 3683 3953">
    <p class='ocr_par' dir='ltr' id='par_1_80' title="bbox 2178 3878 3683 3953">
     <span class='ocr_line' id='line_1_80' title="bbox 2178 3878 3683 3953; baseline 0 -17"><span class='ocrx_word' id='word_1_623' title='bbox 2178 3880 2339 3937; x_wconf 77' lang='lat' dir='ltr'><strong>XLII.</strong></span> <span class='ocrx_word' id='word_1_624' title='bbox 2377 3878 2482 3935; x_wconf 91' lang='lat' dir='ltr'><strong>Sed</strong></span> <span class='ocrx_word' id='word_1_625' title='bbox 2510 3888 2565 3935; x_wconf 91' lang='lat' dir='ltr'><strong>et</strong></span> <span class='ocrx_word' id='word_1_626' title='bbox 2592 3881 2659 3934; x_wconf 90' lang='lat' dir='ltr'><strong>de</strong></span> <span class='ocrx_word' id='word_1_627' title='bbox 2685 3879 2808 3935; x_wconf 90' lang='lat' dir='ltr'><strong>aliis</strong></span> <span class='ocrx_word' id='word_1_628' title='bbox 2848 3881 3212 3948; x_wconf 85' lang='lat' dir='ltr'><strong>sermonibus,</strong></span> <span class='ocrx_word' id='word_1_629' title='bbox 3246 3891 3307 3937; x_wconf 91' lang='lat' dir='ltr'><strong>ut</strong></span> <span class='ocrx_word' id='word_1_630' title='bbox 3339 3894 3553 3953; x_wconf 86' lang='lat' dir='ltr'><strong>potero,</strong></span> <span class='ocrx_word' id='word_1_631' title='bbox 3579 3898 3683 3936; x_wconf 88' lang='lat' dir='ltr'><strong>ex-</strong></span> 
     </span>
    </p>
   </div>
   <div class='ocr_carea' id='block_1_81' title="bbox 2110 3971 3678 4048">
    <p class='ocr_par' dir='ltr' id='par_1_81' title="bbox 2110 3971 3678 4048">
     <span class='ocr_line' id='line_1_81' title="bbox 2110 3971 3678 4048; baseline -0.001 -17"><span class='ocrx_word' id='word_1_632' title='bbox 2110 3989 2332 4048; x_wconf 87' lang='lat' dir='ltr'><strong>ponam,</strong></span> <span class='ocrx_word' id='word_1_633' title='bbox 2375 3971 2429 4027; x_wconf 92' lang='lat' dir='ltr'><strong>id</strong></span> <span class='ocrx_word' id='word_1_634' title='bbox 2462 3978 2569 4039; x_wconf 90' lang='lat' dir='ltr'><strong>est,</strong></span> <span class='ocrx_word' id='word_1_635' title='bbox 2599 3972 2746 4042; x_wconf 90' lang='lat' dir='ltr'><strong>quod</strong></span> <span class='ocrx_word' id='word_1_636' title='bbox 2780 3986 2890 4027; x_wconf 91' lang='lat' dir='ltr'><strong>non</strong></span> <span class='ocrx_word' id='word_1_637' title='bbox 2926 3974 3199 4029; x_wconf 89' lang='lat' dir='ltr'><strong>contraria</strong></span> <span class='ocrx_word' id='word_1_638' title='bbox 3242 3973 3415 4047; x_wconf 75' lang='lat' dir='ltr'><strong>Moysi</strong></span> <span class='ocrx_word' id='word_1_639' title='bbox 3462 3975 3678 4030; x_wconf 84' lang='lat' dir='ltr'><strong>locutus</strong></span> 
     </span>
    </p>
   </div>
   <div class='ocr_carea' id='block_1_82' title="bbox 510 4111 2105 4185">
    <p class='ocr_par' dir='ltr' id='par_1_82' title="bbox 510 4111 2105 4185">
     <span class='ocr_line' id='line_1_82' title="bbox 510 4111 2105 4185; baseline 0.003 -20"><span class='ocrx_word' id='word_1_640' title='bbox 510 4112 555 4144; x_wconf 78' lang='grc'>⁸⁸</span> <span class='ocrx_word' id='word_1_641' title='bbox 588 4111 742 4167; x_wconf 90' lang='lat' dir='ltr'><strong>Deut.</strong></span> <span class='ocrx_word' id='word_1_642' title='bbox 776 4129 927 4180; x_wconf 80' lang='lat' dir='ltr'><strong>xvtu,</strong></span> <span class='ocrx_word' id='word_1_643' title='bbox 962 4114 1048 4169; x_wconf 80' lang='lat' dir='ltr'><strong>l8.</strong></span> <span class='ocrx_word' id='word_1_644' title='bbox 1126 4113 1169 4147; x_wconf 83' lang='grc'><strong>³⁹</strong></span> <span class='ocrx_word' id='word_1_645' title='bbox 1204 4113 1360 4169; x_wconf 86' lang='lat' dir='ltr'><strong>Joan.</strong></span> <span class='ocrx_word' id='word_1_646' title='bbox 1388 4131 1440 4181; x_wconf 91' lang='lat' dir='ltr'><strong>v,</strong></span> <span class='ocrx_word' id='word_1_647' title='bbox 1469 4113 1557 4169; x_wconf 73' lang='grc'><strong>46.</strong></span> <span class='ocrx_word' id='word_1_648' title='bbox 1636 4114 1681 4147; x_wconf 70' lang='grc' dir='ltr'><strong>⁸ο</strong></span> <span class='ocrx_word' id='word_1_649' title='bbox 1716 4113 1847 4172; x_wconf 86' lang='lat' dir='ltr'><strong>Luc.</strong></span> <span class='ocrx_word' id='word_1_650' title='bbox 1881 4132 1990 4185; x_wconf 71' lang='lat' dir='ltr'><strong>xvn,</strong></span> <span class='ocrx_word' id='word_1_651' title='bbox 2020 4114 2105 4171; x_wconf 87' lang='lat' dir='ltr'><strong>l9.</strong></span> 
     </span>
    </p>
   </div>
   <div class='ocr_carea' id='block_1_83' title="bbox 514 4252 1573 4323">
    <p class='ocr_par' dir='ltr' id='par_1_83' title="bbox 514 4252 1573 4323">
     <span class='ocr_line' id='line_1_83' title="bbox 514 4252 1573 4323; baseline 0.002 -16"><span class='ocrx_word' id='word_1_652' title='bbox 514 4252 628 4323; x_wconf 84' lang='lat'><strong>(22)</strong></span> <span class='ocrx_word' id='word_1_653' title='bbox 666 4254 800 4311; x_wconf 87' lang='lat' dir='ltr'><strong>Cod.</strong></span> <span class='ocrx_word' id='word_1_654' title='bbox 834 4254 1138 4322; x_wconf 86' lang='lat' dir='ltr'><strong>Bobiensis,</strong></span> <span class='ocrx_word' id='word_1_655' title='bbox 1180 4272 1200 4305; x_wconf 78' lang='grc' dir='ltr'>ι</span> <span class='ocrx_word' id='word_1_656' title='bbox 1227 4253 1343 4308; x_wconf 89' lang='lat' dir='ltr'><strong>lieri</strong></span> <span class='ocrx_word' id='word_1_657' title='bbox 1376 4262 1573 4323; x_wconf 89' lang='lat' dir='ltr'><strong>potest.</strong></span> 
     </span>
    </p>
   </div>
   <div class='ocr_carea' id='block_1_84' title="bbox 509 4324 1734 4393">
    <p class='ocr_par' dir='ltr' id='par_1_84' title="bbox 509 4324 1734 4393">
     <span class='ocr_line' id='line_1_84' title="bbox 509 4324 1734 4393; baseline -0.001 -15"><span class='ocrx_word' id='word_1_658' title='bbox 509 4324 621 4393; x_wconf 72' lang='lat'><strong>(‘25)</strong></span> <span class='ocrx_word' id='word_1_659' title='bbox 656 4324 789 4381; x_wconf 86' lang='lat' dir='ltr'><strong>Cod.</strong></span> <span class='ocrx_word' id='word_1_660' title='bbox 827 4324 1128 4390; x_wconf 82' lang='lat' dir='ltr'><strong>Bobiensis,</strong></span> <span class='ocrx_word' id='word_1_661' title='bbox 1168 4343 1186 4376; x_wconf 77' lang='grc' dir='ltr'>ι</span> <span class='ocrx_word' id='word_1_662' title='bbox 1222 4339 1381 4379; x_wconf 87' lang='lat' dir='ltr'><strong>suum</strong></span> <span class='ocrx_word' id='word_1_663' title='bbox 1416 4325 1677 4380; x_wconf 85' lang='lat' dir='ltr'><strong>studium.</strong></span> <span class='ocrx_word' id='word_1_664' title='bbox 1714 4344 1734 4377; x_wconf 69' lang='grc' dir='ltr'><strong><em>ι</em></strong></span> 
     </span>
    </p>
   </div>
   <div class='ocr_carea' id='block_1_85' title="bbox 511 4394 2005 4465">
    <p class='ocr_par' dir='ltr' id='par_1_85' title="bbox 511 4394 2005 4465">
     <span class='ocr_line' id='line_1_85' title="bbox 511 4394 2005 4465; baseline 0.002 -18"><span class='ocrx_word' id='word_1_665' title='bbox 511 4394 623 4465; x_wconf 67' lang='grc'>(2.4)</span> <span class='ocrx_word' id='word_1_666' title='bbox 661 4394 715 4449; x_wconf 93' lang='lat' dir='ltr'><strong>ln</strong></span> <span class='ocrx_word' id='word_1_667' title='bbox 745 4395 1025 4451; x_wconf 88' lang='lat' dir='ltr'><strong>Casinensi</strong></span> <span class='ocrx_word' id='word_1_668' title='bbox 1055 4406 1159 4457; x_wconf 84' lang='lat' dir='ltr'><strong>est,</strong></span> <span class='ocrx_word' id='word_1_669' title='bbox 1188 4414 1207 4446; x_wconf 72' lang='grc' dir='ltr'><strong><em>ι</em></strong></span> <span class='ocrx_word' id='word_1_670' title='bbox 1239 4410 1305 4448; x_wconf 88' lang='lat' dir='ltr'><strong>ex</strong></span> <span class='ocrx_word' id='word_1_671' title='bbox 1332 4395 1652 4459; x_wconf 87' lang='lat' dir='ltr'><strong>subtemine,</strong></span> <span class='ocrx_word' id='word_1_672' title='bbox 1675 4406 1727 4450; x_wconf 94' lang='lat' dir='ltr'><strong>et</strong></span> <span class='ocrx_word' id='word_1_673' title='bbox 1752 4411 1872 4464; x_wconf 66' lang='lat' dir='ltr'><strong>qnte</strong></span> <span class='ocrx_word' id='word_1_674' title='bbox 1893 4405 2005 4450; x_wconf 80' lang='lat' dir='ltr'><strong>sta-</strong></span> 
     </span>
    </p>
   </div>
   <div class='ocr_carea' id='block_1_86' title="bbox 2183 4246 3151 4321">
    <p class='ocr_par' dir='ltr' id='par_1_86' title="bbox 2183 4246 3151 4321">
     <span class='ocr_line' id='line_1_86' title="bbox 2183 4246 3151 4321; baseline -0.007 -14"><span class='ocrx_word' id='word_1_675' title='bbox 2183 4251 2295 4321; x_wconf 76' lang='grc'>(54)</span> <span class='ocrx_word' id='word_1_676' title='bbox 2334 4247 2634 4321; x_wconf 83' lang='lat' dir='ltr'><strong>Bobiensis,</strong></span> <span class='ocrx_word' id='word_1_677' title='bbox 2673 4264 2693 4299; x_wconf 76' lang='grc' dir='ltr'><strong><em>ι</em></strong></span> <span class='ocrx_word' id='word_1_678' title='bbox 2726 4246 3101 4321; x_wconf 77' lang='lat' dir='ltr'><strong>adhibeamus.</strong></span> <span class='ocrx_word' id='word_1_679' title='bbox 3132 4268 3151 4300; x_wconf 78' lang='grc' dir='ltr'><strong><em>ι</em></strong></span> 
     </span>
    </p>
   </div>
   <div class='ocr_carea' id='block_1_87' title="bbox 2109 4318 3689 4463">
    <p class='ocr_par' dir='ltr' id='par_1_87' title="bbox 2109 4318 3689 4463">
     <span class='ocr_line' id='line_1_87' title="bbox 2184 4318 3689 4445; baseline 0.003 -69"><span class='ocrx_word' id='word_1_680' title='bbox 2184 4318 2301 4445; x_wconf 53' lang='grc'>(55)</span> <span class='ocrx_word' id='word_1_681' title='bbox 2336 4320 2479 4375; x_wconf 89' lang='lat' dir='ltr'><strong>Idem</strong></span> <span class='ocrx_word' id='word_1_682' title='bbox 2530 4320 2722 4386; x_wconf 81' lang='lat' dir='ltr'><strong>codex,</strong></span> <span class='ocrx_word' id='word_1_683' title='bbox 2782 4336 2801 4369; x_wconf 72' lang='grc' dir='ltr'>ι</span> <span class='ocrx_word' id='word_1_684' title='bbox 2837 4318 3043 4409; x_wconf 83' lang='lat' dir='ltr'><strong>colligit</strong></span> <span class='ocrx_word' id='word_1_685' title='bbox 3086 4327 3140 4373; x_wconf 91' lang='lat' dir='ltr'><strong>et</strong></span> <span class='ocrx_word' id='word_1_686' title='bbox 3168 4318 3375 4375; x_wconf 91' lang='lat' dir='ltr'><strong>nutrire</strong></span> <span class='ocrx_word' id='word_1_687' title='bbox 3424 4320 3571 4391; x_wconf 89' lang='lat' dir='ltr'><strong>apud</strong></span> <span class='ocrx_word' id='word_1_688' title='bbox 3622 4338 3689 4380; x_wconf 80' lang='lat' dir='ltr'><strong>se</strong></span> 
     </span>
     <span class='ocr_line' id='line_1_88' title="bbox 2109 4408 3236 4463; baseline -0.004 -17"><span class='ocrx_word' id='word_1_689' title='bbox 2109 4408 2276 4463; x_wconf 62' lang='lat' dir='ltr'><strong>quaeri</strong></span> <span class='ocrx_word' id='word_1_690' title='bbox 2307 4433 2319 4446; x_wconf 95' lang='lat'><strong>.</strong></span> <span class='ocrx_word' id='word_1_691' title='bbox 2339 4410 2375 4463; x_wconf 65' lang='lat'><strong>_»</strong></span> <span class='ocrx_word' id='word_1_692' title='bbox 2598 4459 2612 4463; x_wconf 88' lang='lat'><em>_</em></span> <span class='ocrx_word' id='word_1_693' title='bbox 2894 4459 2905 4463; x_wconf 82' lang='lat'><strong><em>_</em></strong></span> <span class='ocrx_word' id='word_1_694' title='bbox 3055 4460 3064 4463; x_wconf 22' lang='grc' dir='ltr'><strong>Α</strong></span> <span class='ocrx_word' id='word_1_695' title='bbox 3222 4459 3236 4463; x_wconf 92' lang='lat'>_</span> 
     </span>
    </p>
   </div>
   <div class='ocr_carea' id='block_1_88' title="bbox 439 4457 3686 4532">
    <p class='ocr_par' dir='ltr' id='par_1_88' title="bbox 439 4457 3686 4532">
     <span class='ocr_line' id='line_1_89' title="bbox 439 4457 3686 4532; baseline -0.002 -13"><span class='ocrx_word' id='word_1_696' title='bbox 439 4457 616 4519; x_wconf 61' lang='lat' dir='ltr'><strong>mine.</strong></span> <span class='ocrx_word' id='word_1_697' title='bbox 644 4485 663 4517; x_wconf 71' lang='grc' dir='ltr'><strong><em>ι</em></strong></span> <span class='ocrx_word' id='word_1_698' title='bbox 697 4465 802 4520; x_wconf 92' lang='lat' dir='ltr'><strong>Sed</strong></span> <span class='ocrx_word' id='word_1_699' title='bbox 826 4483 923 4521; x_wconf 87' lang='lat' dir='ltr'><strong>nos</strong></span> <span class='ocrx_word' id='word_1_700' title='bbox 945 4465 1228 4522; x_wconf 87' lang='lat' dir='ltr'><strong>Bobiensis</strong></span> <span class='ocrx_word' id='word_1_701' title='bbox 1256 4465 1376 4520; x_wconf 90' lang='lat' dir='ltr'><strong>cod.</strong></span> <span class='ocrx_word' id='word_1_702' title='bbox 1410 4457 1693 4521; x_wconf 82' lang='lat' dir='ltr'><strong>lectionem</strong></span> <span class='ocrx_word' id='word_1_703' title='bbox 1725 4457 2004 4522; x_wconf 75' lang='lat' dir='ltr'><strong>meliorem</strong></span> <span class='ocrx_word' id='word_1_704' title='bbox 2038 4457 2082 4513; x_wconf 80' lang='grc' dir='ltr'><strong>Ι)</strong></span> <span class='ocrx_word' id='word_1_705' title='bbox 2128 4457 2143 4463; x_wconf 80' lang='grc'><em>’</em></span> <span class='ocrx_word' id='word_1_706' title='bbox 2182 4462 2294 4532; x_wconf 77' lang='grc'>(56)</span> <span class='ocrx_word' id='word_1_707' title='bbox 2338 4460 2480 4515; x_wconf 89' lang='lat' dir='ltr'><strong>Idem</strong></span> <span class='ocrx_word' id='word_1_708' title='bbox 2514 4459 2708 4525; x_wconf 86' lang='lat' dir='ltr'><strong>codex,</strong></span> <span class='ocrx_word' id='word_1_709' title='bbox 2765 4476 2785 4511; x_wconf 72' lang='grc' dir='ltr'>ι</span> <span class='ocrx_word' id='word_1_710' title='bbox 2814 4459 2907 4530; x_wconf 89' lang='lat' dir='ltr'><strong>qui</strong></span> <span class='ocrx_word' id='word_1_711' title='bbox 2948 4460 3130 4516; x_wconf 89' lang='lat' dir='ltr'><strong>venire</strong></span> <span class='ocrx_word' id='word_1_712' title='bbox 3158 4459 3335 4515; x_wconf 80' lang='lat' dir='ltr'><strong>solent</strong></span> <span class='ocrx_word' id='word_1_713' title='bbox 3367 4463 3686 4522; x_wconf 64' lang='lat' dir='ltr'><strong>nutricibus</strong></span> 
     </span>
    </p>
   </div>
   <div class='ocr_carea' id='block_1_89' title="bbox 441 4536 930 4591">
    <p class='ocr_par' dir='ltr' id='par_1_89' title="bbox 441 4536 930 4591">
     <span class='ocr_line' id='line_1_90' title="bbox 441 4536 930 4591; baseline 0.004 -3"><span class='ocrx_word' id='word_1_714' title='bbox 441 4550 564 4590; x_wconf 89' lang='lat' dir='ltr'><strong>esse</strong></span> <span class='ocrx_word' id='word_1_715' title='bbox 596 4536 930 4591; x_wconf 86' lang='lat' dir='ltr'><strong>censuimus.</strong></span> 
     </span>
    </p>
   </div>
   <div class='ocr_carea' id='block_1_90' title="bbox 512 4604 1849 4674">
    <p class='ocr_par' dir='ltr' id='par_1_90' title="bbox 512 4604 1849 4674">
     <span class='ocr_line' id='line_1_91' title="bbox 512 4604 1849 4674; baseline 0 -15"><span class='ocrx_word' id='word_1_716' title='bbox 512 4606 625 4674; x_wconf 82' lang='grc'>(25)</span> <span class='ocrx_word' id='word_1_717' title='bbox 665 4606 835 4661; x_wconf 86' lang='lat' dir='ltr'><strong>Codd.</strong></span> <span class='ocrx_word' id='word_1_718' title='bbox 868 4605 1054 4661; x_wconf 84' lang='lat' dir='ltr'><strong>Casin.</strong></span> <span class='ocrx_word' id='word_1_719' title='bbox 1086 4614 1143 4661; x_wconf 88' lang='lat' dir='ltr'><strong>el.</strong></span> <span class='ocrx_word' id='word_1_720' title='bbox 1170 4604 1327 4671; x_wconf 90' lang='lat' dir='ltr'><strong>Bob.,</strong></span> <span class='ocrx_word' id='word_1_721' title='bbox 1369 4624 1389 4657; x_wconf 73' lang='grc' dir='ltr'>ι</span> <span class='ocrx_word' id='word_1_722' title='bbox 1418 4604 1471 4660; x_wconf 92' lang='lat' dir='ltr'><strong>in</strong></span> <span class='ocrx_word' id='word_1_723' title='bbox 1502 4611 1790 4661; x_wconf 86' lang='lat' dir='ltr'><strong>texturam.</strong></span> <span class='ocrx_word' id='word_1_724' title='bbox 1829 4626 1849 4659; x_wconf 77' lang='grc' dir='ltr'><strong><em>ι</em></strong></span> 
     </span>
    </p>
   </div>
   <div class='ocr_carea' id='block_1_91' title="bbox 512 4674 1999 4747">
    <p class='ocr_par' dir='ltr' id='par_1_91' title="bbox 512 4674 1999 4747">
     <span class='ocr_line' id='line_1_92' title="bbox 512 4674 1999 4747; baseline 0.002 -16"><span class='ocrx_word' id='word_1_725' title='bbox 512 4677 624 4747; x_wconf 88' lang='grc'>(26)</span> <span class='ocrx_word' id='word_1_726' title='bbox 663 4676 1072 4747; x_wconf 70' lang='lat' dir='ltr'><strong>Corruptusest</strong></span> <span class='ocrx_word' id='word_1_727' title='bbox 1108 4675 1213 4747; x_wconf 83' lang='lat' dir='ltr'><strong>hoc</strong></span> <span class='ocrx_word' id='word_1_728' title='bbox 1249 4675 1302 4729; x_wconf 92' lang='lat' dir='ltr'><strong>in</strong></span> <span class='ocrx_word' id='word_1_729' title='bbox 1341 4675 1462 4730; x_wconf 89' lang='lat' dir='ltr'><strong>loco</strong></span> <span class='ocrx_word' id='word_1_730' title='bbox 1496 4674 1780 4732; x_wconf 86' lang='lat' dir='ltr'><strong>Bubiensis</strong></span> <span class='ocrx_word' id='word_1_731' title='bbox 1807 4678 1999 4746; x_wconf 85' lang='lat' dir='ltr'><strong>codex,</strong></span> 
     </span>
    </p>
   </div>
   <div class='ocr_carea' id='block_1_92' title="bbox 440 4744 1476 4819">
    <p class='ocr_par' dir='ltr' id='par_1_92' title="bbox 440 4744 1476 4819">
     <span class='ocr_line' id='line_1_93' title="bbox 440 4744 1476 4819; baseline -0.003 -16"><span class='ocrx_word' id='word_1_732' title='bbox 440 4744 614 4819; x_wconf 78' lang='lat' dir='ltr'><strong>quem</strong></span> <span class='ocrx_word' id='word_1_733' title='bbox 631 4762 739 4819; x_wconf 79' lang='lat' dir='ltr'><strong>non</strong></span> <span class='ocrx_word' id='word_1_734' title='bbox 770 4744 912 4819; x_wconf 78' lang='lat' dir='ltr'><strong>recte</strong></span> <span class='ocrx_word' id='word_1_735' title='bbox 932 4744 1189 4819; x_wconf 47' lang='lat' dir='ltr'><strong>Valesius</strong></span> <span class='ocrx_word' id='word_1_736' title='bbox 1218 4746 1476 4801; x_wconf 84' lang='lat' dir='ltr'><strong>correxit.</strong></span> 
     </span>
    </p>
   </div>
   <div class='ocr_carea' id='block_1_93' title="bbox 512 4817 2005 4890">
    <p class='ocr_par' dir='ltr' id='par_1_93' title="bbox 512 4817 2005 4890">
     <span class='ocr_line' id='line_1_94' title="bbox 512 4817 2005 4890; baseline 0.004 -21"><span class='ocrx_word' id='word_1_737' title='bbox 512 4817 622 4889; x_wconf 86' lang='lat'><strong>(27)</strong></span> <span class='ocrx_word' id='word_1_738' title='bbox 650 4817 976 4890; x_wconf 4' lang='lat' dir='ltr'><strong>(Casinensis</strong></span> <span class='ocrx_word' id='word_1_739' title='bbox 1007 4832 1115 4890; x_wconf 72' lang='lat' dir='ltr'><strong>non</strong></span> <span class='ocrx_word' id='word_1_740' title='bbox 1138 4825 1306 4890; x_wconf 81' lang='lat' dir='ltr'><strong>recte,</strong></span> <span class='ocrx_word' id='word_1_741' title='bbox 1345 4835 1365 4867; x_wconf 72' lang='grc' dir='ltr'><strong>ε</strong></span> <span class='ocrx_word' id='word_1_742' title='bbox 1403 4817 1684 4890; x_wconf 85' lang='lat' dir='ltr'><strong>speculum</strong></span> <span class='ocrx_word' id='word_1_743' title='bbox 1717 4818 1878 4874; x_wconf 91' lang='lat' dir='ltr'><strong>nobis</strong></span> <span class='ocrx_word' id='word_1_744' title='bbox 1908 4834 2005 4890; x_wconf 89' lang='lat' dir='ltr'><strong>per</strong></span> 
     </span>
    </p>
   </div>
   <div class='ocr_carea' id='block_1_94' title="bbox 439 4886 2002 4958">
    <p class='ocr_par' dir='ltr' id='par_1_94' title="bbox 439 4886 2002 4958">
     <span class='ocr_line' id='line_1_95' title="bbox 439 4886 2002 4958; baseline 0.001 -16"><span class='ocrx_word' id='word_1_745' title='bbox 439 4886 613 4958; x_wconf 80' lang='lat' dir='ltr'><strong>ipsam</strong></span> <span class='ocrx_word' id='word_1_746' title='bbox 648 4888 958 4958; x_wconf 82' lang='lat' dir='ltr'><strong>imaginem.</strong></span> <span class='ocrx_word' id='word_1_747' title='bbox 994 4906 1013 4939; x_wconf 76' lang='grc' dir='ltr'><strong><em>ι</em></strong></span> <span class='ocrx_word' id='word_1_748' title='bbox 1048 4886 1151 4943; x_wconf 85' lang='lat' dir='ltr'><strong>Sed</strong></span> <span class='ocrx_word' id='word_1_749' title='bbox 1185 4888 1378 4942; x_wconf 90' lang='lat' dir='ltr'><strong>melior</strong></span> <span class='ocrx_word' id='word_1_750' title='bbox 1406 4887 1513 4943; x_wconf 88' lang='lat' dir='ltr'><strong>alia</strong></span> <span class='ocrx_word' id='word_1_751' title='bbox 1543 4887 1825 4945; x_wconf 84' lang='lat' dir='ltr'><strong>Bobiensis</strong></span> <span class='ocrx_word' id='word_1_752' title='bbox 1847 4886 2002 4946; x_wconf 77' lang='lat' dir='ltr'><strong>codi-</strong></span> 
     </span>
    </p>
   </div>
   <div class='ocr_carea' id='block_1_95' title="bbox 444 4958 1374 5027">
    <p class='ocr_par' dir='ltr' id='par_1_95' title="bbox 444 4958 1374 5027">
     <span class='ocr_line' id='line_1_96' title="bbox 444 4958 1374 5027; baseline -0.002 -14"><span class='ocrx_word' id='word_1_753' title='bbox 444 4960 525 5013; x_wconf 87' lang='lat' dir='ltr'><strong>cis</strong></span> <span class='ocrx_word' id='word_1_754' title='bbox 560 4958 741 5021; x_wconf 88' lang='lat' dir='ltr'><strong>lectio,</strong></span> <span class='ocrx_word' id='word_1_755' title='bbox 766 4973 929 5027; x_wconf 87' lang='lat' dir='ltr'><strong>quam</strong></span> <span class='ocrx_word' id='word_1_756' title='bbox 961 4962 1131 5013; x_wconf 88' lang='lat' dir='ltr'><strong>secuti</strong></span> <span class='ocrx_word' id='word_1_757' title='bbox 1165 4973 1374 5013; x_wconf 87' lang='lat' dir='ltr'><strong>sumus.</strong></span> 
     </span>
    </p>
   </div>
   <div class='ocr_carea' id='block_1_96' title="bbox 512 5028 1508 5097">
    <p class='ocr_par' dir='ltr' id='par_1_96' title="bbox 512 5028 1508 5097">
     <span class='ocr_line' id='line_1_97' title="bbox 512 5028 1508 5097; baseline 0 -16"><span class='ocrx_word' id='word_1_758' title='bbox 512 5030 622 5097; x_wconf 86' lang='lat'><strong>(28)</strong></span> <span class='ocrx_word' id='word_1_759' title='bbox 663 5028 963 5088; x_wconf 88' lang='lat' dir='ltr'><strong>Bobiensis.</strong></span> <span class='ocrx_word' id='word_1_760' title='bbox 1000 5047 1019 5079; x_wconf 85' lang='grc'><strong>‹</strong></span> <span class='ocrx_word' id='word_1_761' title='bbox 1052 5029 1456 5085; x_wconf 88' lang='lat' dir='ltr'><strong>demonstrarit.</strong></span> <span class='ocrx_word' id='word_1_762' title='bbox 1489 5048 1508 5081; x_wconf 74' lang='grc' dir='ltr'><strong><em>ι</em></strong></span> 
     </span>
    </p>
   </div>
   <div class='ocr_carea' id='block_1_97' title="bbox 510 5030 1999 5169">
    <p class='ocr_par' dir='ltr' id='par_1_97' title="bbox 510 5030 1999 5169">
     <span class='ocr_line' id='line_1_98' title="bbox 512 5030 1508 5097; baseline 0 -16"><span class='ocrx_word' id='word_1_763' title='bbox 512 5030 603 5097; x_wconf 89' lang='grc'><strong>(28</strong></span> <span class='ocrx_word' id='word_1_764' title='bbox 663 5030 963 5088; x_wconf 88' lang='lat' dir='ltr'><strong>Bobiensis.</strong></span> <span class='ocrx_word' id='word_1_765' title='bbox 1000 5047 1019 5079; x_wconf 85' lang='grc'><strong>‹</strong></span> <span class='ocrx_word' id='word_1_766' title='bbox 1052 5030 1456 5085; x_wconf 88' lang='lat' dir='ltr'><strong>demonstrarit.</strong></span> <span class='ocrx_word' id='word_1_767' title='bbox 1489 5048 1508 5081; x_wconf 74' lang='grc' dir='ltr'><strong><em>ι</em></strong></span> 
     </span>
     <span class='ocr_line' id='line_1_99' title="bbox 510 5030 1999 5169; baseline 0.001 -18"><span class='ocrx_word' id='word_1_768' title='bbox 510 5030 622 5169; x_wconf 60' lang='grc'>(29)</span> <span class='ocrx_word' id='word_1_769' title='bbox 662 5097 727 5152; x_wconf 83' lang='grc' dir='ltr'><strong>Ει</strong></span> <span class='ocrx_word' id='word_1_770' title='bbox 752 5098 840 5152; x_wconf 87' lang='lat' dir='ltr'><strong>hic</strong></span> <span class='ocrx_word' id='word_1_771' title='bbox 862 5099 1053 5153; x_wconf 89' lang='lat' dir='ltr'><strong>melior</strong></span> <span class='ocrx_word' id='word_1_772' title='bbox 1074 5097 1358 5169; x_wconf 84' lang='lat' dir='ltr'><strong>Bobiensis</strong></span> <span class='ocrx_word' id='word_1_773' title='bbox 1389 5098 1594 5154; x_wconf 90' lang='lat' dir='ltr'><strong>codicis</strong></span> <span class='ocrx_word' id='word_1_774' title='bbox 1625 5100 1823 5167; x_wconf 89' lang='lat' dir='ltr'><strong>lectio;</strong></span> <span class='ocrx_word' id='word_1_775' title='bbox 1873 5116 1999 5155; x_wconf 90' lang='lat' dir='ltr'><strong>nam</strong></span> 
     </span>
    </p>
   </div>
   <div class='ocr_carea' id='block_1_98' title="bbox 438 5167 1996 5240">
    <p class='ocr_par' dir='ltr' id='par_1_98' title="bbox 438 5167 1996 5240">
     <span class='ocr_line' id='line_1_100' title="bbox 438 5167 1996 5240; baseline -0.001 -17"><span class='ocrx_word' id='word_1_776' title='bbox 438 5167 755 5240; x_wconf 43' lang='lat' dir='ltr'><strong>Casin&#39;eusis</strong></span> <span class='ocrx_word' id='word_1_777' title='bbox 785 5169 967 5240; x_wconf 80' lang='lat' dir='ltr'><strong>habet,</strong></span> <span class='ocrx_word' id='word_1_778' title='bbox 991 5188 1023 5240; x_wconf 13' lang='lat' dir='ltr'><strong>rt</strong></span> <span class='ocrx_word' id='word_1_779' title='bbox 1055 5169 1149 5239; x_wconf 89' lang='lat' dir='ltr'><strong>qui</strong></span> <span class='ocrx_word' id='word_1_780' title='bbox 1182 5184 1212 5222; x_wconf 90' lang='lat' dir='ltr'><strong>a</strong></span> <span class='ocrx_word' id='word_1_781' title='bbox 1245 5168 1467 5240; x_wconf 86' lang='lat' dir='ltr'><strong>doctore</strong></span> <span class='ocrx_word' id='word_1_782' title='bbox 1497 5169 1565 5224; x_wconf 91' lang='lat' dir='ltr'><strong>iis</strong></span> <span class='ocrx_word' id='word_1_783' title='bbox 1590 5185 1622 5224; x_wconf 91' lang='lat' dir='ltr'><strong>a</strong></span> <span class='ocrx_word' id='word_1_784' title='bbox 1651 5171 1996 5240; x_wconf 58' lang='lat' dir='ltr'><strong>paedagogo.»</strong></span> 
     </span>
    </p>
   </div>
   <div class='ocr_carea' id='block_1_99' title="bbox 508 5237 1695 5308">
    <p class='ocr_par' dir='ltr' id='par_1_99' title="bbox 508 5237 1695 5308">
     <span class='ocr_line' id='line_1_101' title="bbox 508 5237 1695 5308; baseline -0.002 -15"><span class='ocrx_word' id='word_1_785' title='bbox 508 5238 622 5308; x_wconf 82' lang='lat'><strong>(50)</strong></span> <span class='ocrx_word' id='word_1_786' title='bbox 662 5237 843 5308; x_wconf 85' lang='lat' dir='ltr'><strong>Codex</strong></span> <span class='ocrx_word' id='word_1_787' title='bbox 871 5237 1175 5299; x_wconf 65' lang='lat' dir='ltr'><strong>BobienSis,</strong></span> <span class='ocrx_word' id='word_1_788' title='bbox 1208 5257 1227 5289; x_wconf 77' lang='grc' dir='ltr'>ι</span> <span class='ocrx_word' id='word_1_789' title='bbox 1258 5237 1695 5293; x_wconf 50' lang='lat' dir='ltr'><strong>dehonestare.)</strong></span> 
     </span>
    </p>
   </div>
   <div class='ocr_carea' id='block_1_100' title="bbox 510 5307 1998 5379">
    <p class='ocr_par' dir='ltr' id='par_1_100' title="bbox 510 5307 1998 5379">
     <span class='ocr_line' id='line_1_102' title="bbox 510 5307 1998 5379; baseline -0.002 -12"><span class='ocrx_word' id='word_1_790' title='bbox 510 5307 622 5379; x_wconf 80' lang='grc'>(51)</span> <span class='ocrx_word' id='word_1_791' title='bbox 659 5307 845 5363; x_wconf 85' lang='lat' dir='ltr'><strong>Codex</strong></span> <span class='ocrx_word' id='word_1_792' title='bbox 870 5310 1203 5374; x_wconf 86' lang='lat' dir='ltr'><strong>Casinensis,</strong></span> <span class='ocrx_word' id='word_1_793' title='bbox 1243 5328 1262 5361; x_wconf 72' lang='grc' dir='ltr'><strong>ε</strong></span> <span class='ocrx_word' id='word_1_794' title='bbox 1293 5316 1524 5378; x_wconf 88' lang='lat' dir='ltr'><strong>oportet,</strong></span> <span class='ocrx_word' id='word_1_795' title='bbox 1552 5318 1605 5364; x_wconf 88' lang='lat' dir='ltr'><strong>et</strong></span> <span class='ocrx_word' id='word_1_796' title='bbox 1627 5309 1998 5379; x_wconf 59' lang='lat' dir='ltr'><strong>paedagogum,</strong></span> 
     </span>
    </p>
   </div>
   <div class='ocr_carea' id='block_1_101' title="bbox 435 5379 1997 5451">
    <p class='ocr_par' dir='ltr' id='par_1_101' title="bbox 435 5379 1997 5451">
     <span class='ocr_line' id='line_1_103' title="bbox 435 5379 1997 5451; baseline 0.001 -19"><span class='ocrx_word' id='word_1_797' title='bbox 435 5389 656 5449; x_wconf 89' lang='lat' dir='ltr'><strong>propter</strong></span> <span class='ocrx_word' id='word_1_798' title='bbox 682 5381 825 5449; x_wconf 90' lang='lat' dir='ltr'><strong>quod</strong></span> <span class='ocrx_word' id='word_1_799' title='bbox 853 5394 948 5434; x_wconf 89' lang='lat' dir='ltr'><strong>ore</strong></span> <span class='ocrx_word' id='word_1_800' title='bbox 978 5379 1098 5449; x_wconf 92' lang='lat' dir='ltr'><strong>ejus</strong></span> <span class='ocrx_word' id='word_1_801' title='bbox 1123 5394 1231 5434; x_wconf 92' lang='lat' dir='ltr'><strong>non</strong></span> <span class='ocrx_word' id='word_1_802' title='bbox 1259 5380 1483 5451; x_wconf 66' lang='lat' dir='ltr'><strong>indiget.</strong></span> <span class='ocrx_word' id='word_1_803' title='bbox 1515 5399 1547 5451; x_wconf 15' lang='grc' dir='ltr'><strong>»ν</strong></span> <span class='ocrx_word' id='word_1_804' title='bbox 1572 5379 1639 5433; x_wconf 84' lang='grc' dir='ltr'><strong>Ει</strong></span> <span class='ocrx_word' id='word_1_805' title='bbox 1669 5382 1830 5451; x_wconf 74' lang='lat' dir='ltr'><strong>paulo</strong></span> <span class='ocrx_word' id='word_1_806' title='bbox 1858 5391 1997 5450; x_wconf 83' lang='lat' dir='ltr'><strong>post,</strong></span> 
     </span>
    </p>
   </div>
   <div class='ocr_carea' id='block_1_102' title="bbox 441 5449 2001 5521">
    <p class='ocr_par' dir='ltr' id='par_1_102' title="bbox 441 5449 2001 5521">
     <span class='ocr_line' id='line_1_104' title="bbox 441 5449 2001 5521; baseline 0.004 -22"><span class='ocrx_word' id='word_1_807' title='bbox 441 5466 461 5499; x_wconf 71' lang='grc' dir='ltr'><em>ι</em></span> <span class='ocrx_word' id='word_1_808' title='bbox 498 5458 662 5521; x_wconf 87' lang='lat' dir='ltr'><strong>atque</strong></span> <span class='ocrx_word' id='word_1_809' title='bbox 684 5451 1010 5520; x_wconf 88' lang='lat' dir='ltr'><strong>planditoria</strong></span> <span class='ocrx_word' id='word_1_810' title='bbox 1043 5464 1352 5520; x_wconf 87' lang='lat' dir='ltr'><strong>pr0perare.</strong></span> <span class='ocrx_word' id='word_1_811' title='bbox 1384 5469 1402 5501; x_wconf 74' lang='grc' dir='ltr'><strong><em>ι</em></strong></span> <span class='ocrx_word' id='word_1_812' title='bbox 1451 5449 1557 5506; x_wconf 83' lang='lat' dir='ltr'><strong>Sed</strong></span> <span class='ocrx_word' id='word_1_813' title='bbox 1590 5466 1690 5506; x_wconf 89' lang='lat' dir='ltr'><strong>nos</strong></span> <span class='ocrx_word' id='word_1_814' title='bbox 1715 5449 2001 5507; x_wconf 86' lang='lat' dir='ltr'><strong>BObiensis</strong></span> 
     </span>
    </p>
   </div>
   <div class='ocr_carea' id='block_1_103' title="bbox 434 5520 1373 5589">
    <p class='ocr_par' dir='ltr' id='par_1_103' title="bbox 434 5520 1373 5589">
     <span class='ocr_line' id='line_1_105' title="bbox 434 5520 1373 5589; baseline 0.002 -16"><span class='ocrx_word' id='word_1_815' title='bbox 434 5520 638 5575; x_wconf 84' lang='lat' dir='ltr'><strong>codicis</strong></span> <span class='ocrx_word' id='word_1_816' title='bbox 667 5522 953 5575; x_wconf 83' lang='lat' dir='ltr'><strong>lectionem</strong></span> <span class='ocrx_word' id='word_1_817' title='bbox 980 5521 1373 5589; x_wconf 83' lang='lat' dir='ltr'><strong>expressimus.</strong></span> 
     </span>
    </p>
   </div>
   <div class='ocr_carea' id='block_1_104' title="bbox 507 5590 1440 5661">
    <p class='ocr_par' dir='ltr' id='par_1_104' title="bbox 507 5590 1440 5661">
     <span class='ocr_line' id='line_1_106' title="bbox 507 5590 1440 5661; baseline 0.001 -18"><span class='ocrx_word' id='word_1_818' title='bbox 507 5591 619 5661; x_wconf 87' lang='lat'><strong>(52)</strong></span> <span class='ocrx_word' id='word_1_819' title='bbox 655 5590 960 5647; x_wconf 88' lang='lat' dir='ltr'><strong>Bobiensis.</strong></span> <span class='ocrx_word' id='word_1_820' title='bbox 1001 5612 1020 5640; x_wconf 77' lang='grc' dir='ltr'>ι</span> <span class='ocrx_word' id='word_1_821' title='bbox 1050 5600 1111 5644; x_wconf 91' lang='lat' dir='ltr'><strong>ut</strong></span> <span class='ocrx_word' id='word_1_822' title='bbox 1143 5605 1381 5646; x_wconf 86' lang='lat' dir='ltr'><strong>rursum.</strong></span> <span class='ocrx_word' id='word_1_823' title='bbox 1421 5611 1440 5644; x_wconf 73' lang='grc' dir='ltr'>ι</span> 
     </span>
    </p>
   </div>
   <div class='ocr_carea' id='block_1_105' title="bbox 509 5660 2001 5731">
    <p class='ocr_par' dir='ltr' id='par_1_105' title="bbox 509 5660 2001 5731">
     <span class='ocr_line' id='line_1_107' title="bbox 509 5660 2001 5731; baseline 0.003 -17"><span class='ocrx_word' id='word_1_824' title='bbox 509 5660 619 5730; x_wconf 78' lang='grc'>(55)</span> <span class='ocrx_word' id='word_1_825' title='bbox 657 5662 989 5718; x_wconf 61' lang='grc' dir='ltr'><strong>(Σθεὶηειιεὶεη</strong></span> <span class='ocrx_word' id='word_1_826' title='bbox 1032 5679 1052 5714; x_wconf 74' lang='lat' dir='ltr'><strong>t</strong></span> <span class='ocrx_word' id='word_1_827' title='bbox 1087 5660 1408 5717; x_wconf 82' lang='lat' dir='ltr'><strong>debitorem.</strong></span> <span class='ocrx_word' id='word_1_828' title='bbox 1451 5681 1470 5715; x_wconf 74' lang='grc' dir='ltr'><strong><em>ι</em></strong></span> <span class='ocrx_word' id='word_1_829' title='bbox 1507 5662 1685 5731; x_wconf 83' lang='lat' dir='ltr'><strong>Forte,</strong></span> <span class='ocrx_word' id='word_1_830' title='bbox 1715 5682 1733 5715; x_wconf 72' lang='grc' dir='ltr'>ι</span> <span class='ocrx_word' id='word_1_831' title='bbox 1759 5673 1812 5720; x_wconf 91' lang='lat' dir='ltr'><strong>et</strong></span> <span class='ocrx_word' id='word_1_832' title='bbox 1835 5663 2001 5721; x_wconf 89' lang='lat' dir='ltr'><strong>bene-</strong></span> 
     </span>
    </p>
   </div>
   <div class='ocr_carea' id='block_1_106' title="bbox 438 5730 1261 5808">
    <p class='ocr_par' dir='ltr' id='par_1_106' title="bbox 438 5730 1261 5808">
     <span class='ocr_line' id='line_1_108' title="bbox 438 5730 1261 5808; baseline -0.001 -24"><span class='ocrx_word' id='word_1_833' title='bbox 438 5730 544 5808; x_wconf 73' lang='lat' dir='ltr'><strong>ficii</strong></span> <span class='ocrx_word' id='word_1_834' title='bbox 572 5747 632 5789; x_wconf 81' lang='lat' dir='ltr'><strong>se</strong></span> <span class='ocrx_word' id='word_1_835' title='bbox 662 5731 1206 5808; x_wconf 18' lang='lat' dir='ltr'><strong>debitorem‘fatetur.</strong></span> <span class='ocrx_word' id='word_1_836' title='bbox 1242 5750 1261 5783; x_wconf 84' lang='grc'><strong>›</strong></span> 
     </span>
    </p>
   </div>
   <div class='ocr_carea' id='block_1_107' title="bbox 2105 4534 2397 4589">
    <p class='ocr_par' dir='ltr' id='par_1_107' title="bbox 2105 4534 2397 4589">
     <span class='ocr_line' id='line_1_109' title="bbox 2105 4534 2397 4589; baseline -0.021 0"><span class='ocrx_word' id='word_1_837' title='bbox 2105 4534 2341 4589; x_wconf 81' lang='lat' dir='ltr'><strong>labores.</strong></span> <span class='ocrx_word' id='word_1_838' title='bbox 2378 4551 2397 4583; x_wconf 75' lang='grc' dir='ltr'><strong><em>ι</em></strong></span> 
     </span>
    </p>
   </div>
   <div class='ocr_carea' id='block_1_108' title="bbox 2175 4600 3687 4675">
    <p class='ocr_par' dir='ltr' id='par_1_108' title="bbox 2175 4600 3687 4675">
     <span class='ocr_line' id='line_1_110' title="bbox 2175 4600 3687 4675; baseline 0.003 -17"><span class='ocrx_word' id='word_1_839' title='bbox 2175 4604 2288 4675; x_wconf 79' lang='grc'>(57)</span> <span class='ocrx_word' id='word_1_840' title='bbox 2331 4604 2472 4658; x_wconf 74' lang='lat' dir='ltr'><strong>Idem</strong></span> <span class='ocrx_word' id='word_1_841' title='bbox 2505 4600 2700 4675; x_wconf 81' lang='lat' dir='ltr'><strong>codex,</strong></span> <span class='ocrx_word' id='word_1_842' title='bbox 2734 4617 2753 4650; x_wconf 75' lang='grc' dir='ltr'>ι</span> <span class='ocrx_word' id='word_1_843' title='bbox 2791 4600 2987 4655; x_wconf 88' lang='lat' dir='ltr'><strong>accidit</strong></span> <span class='ocrx_word' id='word_1_844' title='bbox 3014 4617 3144 4657; x_wconf 91' lang='lat' dir='ltr'><strong>vero</strong></span> <span class='ocrx_word' id='word_1_845' title='bbox 3170 4611 3309 4675; x_wconf 78' lang='lat' dir='ltr'><strong>post</strong></span> <span class='ocrx_word' id='word_1_846' title='bbox 3335 4610 3588 4675; x_wconf 78' lang='lat' dir='ltr'><strong>tempus,</strong></span> <span class='ocrx_word' id='word_1_847' title='bbox 3623 4617 3687 4663; x_wconf 88' lang='lat' dir='ltr'><strong>ut</strong></span> 
     </span>
    </p>
   </div>
   <div class='ocr_carea' id='block_1_109' title="bbox 2104 4671 3678 4743">
    <p class='ocr_par' dir='ltr' id='par_1_109' title="bbox 2104 4671 3678 4743">
     <span class='ocr_line' id='line_1_111' title="bbox 2104 4671 3678 4743; baseline -0.001 -13"><span class='ocrx_word' id='word_1_848' title='bbox 2104 4676 2150 4731; x_wconf 91' lang='lat' dir='ltr'><strong>is</strong></span> <span class='ocrx_word' id='word_1_849' title='bbox 2185 4671 2299 4743; x_wconf 79' lang='lat' dir='ltr'><strong>qui,</strong></span> <span class='ocrx_word' id='word_1_850' title='bbox 2332 4684 2461 4733; x_wconf 86' lang='lat' dir='ltr'><strong>etc.,</strong></span> <span class='ocrx_word' id='word_1_851' title='bbox 2494 4672 2797 4743; x_wconf 80' lang='lat' dir='ltr'><strong>requireret</strong></span> <span class='ocrx_word' id='word_1_852' title='bbox 2816 4687 3063 4741; x_wconf 88' lang='lat' dir='ltr'><strong>puerum,</strong></span> <span class='ocrx_word' id='word_1_853' title='bbox 3093 4682 3147 4727; x_wconf 85' lang='lat' dir='ltr'><strong>et</strong></span> <span class='ocrx_word' id='word_1_854' title='bbox 3170 4671 3437 4729; x_wconf 86' lang='lat' dir='ltr'><strong>inveniret</strong></span> <span class='ocrx_word' id='word_1_855' title='bbox 3458 4671 3622 4731; x_wconf 76' lang='lat' dir='ltr'><strong>eum.</strong></span> <span class='ocrx_word' id='word_1_856' title='bbox 3657 4697 3678 4729; x_wconf 75' lang='grc' dir='ltr'><strong><em>ι</em></strong></span> 
     </span>
    </p>
   </div>
   <div class='ocr_carea' id='block_1_110' title="bbox 2175 4741 3686 4816">
    <p class='ocr_par' dir='ltr' id='par_1_110' title="bbox 2175 4741 3686 4816">
     <span class='ocr_line' id='line_1_112' title="bbox 2175 4741 3686 4816; baseline 0.003 -17"><span class='ocrx_word' id='word_1_857' title='bbox 2175 4741 2286 4816; x_wconf 87' lang='grc'>(58)</span> <span class='ocrx_word' id='word_1_858' title='bbox 2326 4744 2519 4816; x_wconf 71' lang='lat' dir='ltr'><strong>Codex</strong></span> <span class='ocrx_word' id='word_1_859' title='bbox 2549 4741 2854 4816; x_wconf 80' lang='lat' dir='ltr'><strong>Bobiensis,</strong></span> <span class='ocrx_word' id='word_1_860' title='bbox 2896 4759 2914 4791; x_wconf 82' lang='grc'><strong>‹</strong></span> <span class='ocrx_word' id='word_1_861' title='bbox 2944 4753 3161 4816; x_wconf 87' lang='lat' dir='ltr'><strong>patrem</strong></span> <span class='ocrx_word' id='word_1_862' title='bbox 3205 4755 3520 4813; x_wconf 85' lang='lat' dir='ltr'><strong>prospectu.</strong></span> <span class='ocrx_word' id='word_1_863' title='bbox 3554 4766 3575 4799; x_wconf 72' lang='grc' dir='ltr'><strong><em>ι</em></strong></span> <span class='ocrx_word' id='word_1_864' title='bbox 3612 4748 3686 4804; x_wconf 79' lang='lat' dir='ltr'><strong>Et</strong></span> 
     </span>
    </p>
   </div>
   <div class='ocr_carea' id='block_1_111' title="bbox 2104 4812 3204 4882">
    <p class='ocr_par' dir='ltr' id='par_1_111' title="bbox 2104 4812 3204 4882">
     <span class='ocr_line' id='line_1_113' title="bbox 2104 4812 3204 4882; baseline -0.006 -12"><span class='ocrx_word' id='word_1_865' title='bbox 2104 4812 2311 4878; x_wconf 45' lang='lat' dir='ltr'><strong>more]</strong></span> <span class='ocrx_word' id='word_1_866' title='bbox 2342 4813 2474 4867; x_wconf 89' lang='lat' dir='ltr'><strong>mihi</strong></span> <span class='ocrx_word' id='word_1_867' title='bbox 2508 4812 2742 4881; x_wconf 81' lang='lat' dir='ltr'><strong>intellige</strong></span> <span class='ocrx_word' id='word_1_868' title='bbox 2776 4815 3143 4882; x_wconf 77' lang='lat' dir='ltr'><strong>magniﬁcum.</strong></span> <span class='ocrx_word' id='word_1_869' title='bbox 3186 4830 3204 4863; x_wconf 75' lang='grc' dir='ltr'><strong><em>ι</em></strong></span> 
     </span>
    </p>
   </div>
   <div class='ocr_carea' id='block_1_112' title="bbox 2177 4883 3180 4955">
    <p class='ocr_par' dir='ltr' id='par_1_112' title="bbox 2177 4883 3180 4955">
     <span class='ocr_line' id='line_1_114' title="bbox 2177 4883 3180 4955; baseline -0.005 -15"><span class='ocrx_word' id='word_1_870' title='bbox 2177 4886 2291 4955; x_wconf 85' lang='grc'>(59)</span> <span class='ocrx_word' id='word_1_871' title='bbox 2328 4883 2468 4955; x_wconf 69' lang='grc' dir='ltr'><strong>Μθιθ</strong></span> <span class='ocrx_word' id='word_1_872' title='bbox 2487 4883 2822 4955; x_wconf 80' lang='lat' dir='ltr'><strong>Casinensis,</strong></span> <span class='ocrx_word' id='word_1_873' title='bbox 2850 4900 2868 4933; x_wconf 75' lang='grc' dir='ltr'>ι</span> <span class='ocrx_word' id='word_1_874' title='bbox 2899 4884 3131 4937; x_wconf 87' lang='lat' dir='ltr'><strong>venisse.</strong></span> <span class='ocrx_word' id='word_1_875' title='bbox 3161 4901 3180 4935; x_wconf 78' lang='grc' dir='ltr'><strong><em>ι</em></strong></span> 
     </span>
    </p>
   </div>
   <div class='ocr_carea' id='block_1_113' title="bbox 2176 4952 3678 5025">
    <p class='ocr_par' dir='ltr' id='par_1_113' title="bbox 2176 4952 3678 5025">
     <span class='ocr_line' id='line_1_115' title="bbox 2176 4952 3678 5025; baseline 0.011 -25"><span class='ocrx_word' id='word_1_876' title='bbox 2176 4952 2286 5025; x_wconf 71' lang='grc'>(40)</span> <span class='ocrx_word' id='word_1_877' title='bbox 2323 4954 2609 5008; x_wconf 84' lang='lat' dir='ltr'><strong>Bobiensis</strong></span> <span class='ocrx_word' id='word_1_878' title='bbox 2635 4952 2816 5014; x_wconf 77' lang='lat' dir='ltr'><strong>habet,</strong></span> <span class='ocrx_word' id='word_1_879' title='bbox 2852 4971 2870 5003; x_wconf 74' lang='grc' dir='ltr'><strong><em>ι</em></strong></span> <span class='ocrx_word' id='word_1_880' title='bbox 2907 4963 3165 5023; x_wconf 88' lang='lat' dir='ltr'><strong>tanquam</strong></span> <span class='ocrx_word' id='word_1_881' title='bbox 3194 4962 3344 5022; x_wconf 89' lang='lat' dir='ltr'><strong>pater</strong></span> <span class='ocrx_word' id='word_1_882' title='bbox 3376 4955 3678 5018; x_wconf 84' lang='lat' dir='ltr'><strong>educabat.</strong></span> 
     </span>
    </p>
   </div>
   <div class='ocr_carea' id='block_1_114' title="bbox 2104 5024 3677 5095">
    <p class='ocr_par' dir='ltr' id='par_1_114' title="bbox 2104 5024 3677 5095">
     <span class='ocr_line' id='line_1_116' title="bbox 2104 5024 3677 5095; baseline 0.003 -14"><span class='ocrx_word' id='word_1_883' title='bbox 2104 5024 2191 5081; x_wconf 86' lang='lat' dir='ltr'><strong>Ut</strong></span> <span class='ocrx_word' id='word_1_884' title='bbox 2223 5024 2480 5095; x_wconf 87' lang='lat' dir='ltr'><strong>magister</strong></span> <span class='ocrx_word' id='word_1_885' title='bbox 2520 5026 2738 5094; x_wconf 85' lang='lat' dir='ltr'><strong>regebat</strong></span> <span class='ocrx_word' id='word_1_886' title='bbox 2780 5031 2833 5077; x_wconf 90' lang='lat' dir='ltr'><strong>et</strong></span> <span class='ocrx_word' id='word_1_887' title='bbox 2868 5025 3224 5078; x_wconf 89' lang='lat' dir='ltr'><strong>conservabat</strong></span> <span class='ocrx_word' id='word_1_888' title='bbox 3252 5026 3539 5094; x_wconf 89' lang='lat' dir='ltr'><strong>populum,</strong></span> <span class='ocrx_word' id='word_1_889' title='bbox 3563 5040 3677 5086; x_wconf 86' lang='lat' dir='ltr'><strong>etc.</strong></span> 
     </span>
    </p>
   </div>
   <div class='ocr_carea' id='block_1_115' title="bbox 2101 5095 3682 5174">
    <p class='ocr_par' dir='ltr' id='par_1_115' title="bbox 2101 5095 3682 5174">
     <span class='ocr_line' id='line_1_117' title="bbox 2101 5095 3682 5174; baseline 0.004 -24"><span class='ocrx_word' id='word_1_890' title='bbox 2101 5096 2169 5152; x_wconf 83' lang='lat' dir='ltr'><strong>Et</strong></span> <span class='ocrx_word' id='word_1_891' title='bbox 2215 5112 2340 5174; x_wconf 84' lang='lat' dir='ltr'><strong>cum</strong></span> <span class='ocrx_word' id='word_1_892' title='bbox 2386 5103 2511 5165; x_wconf 91' lang='lat' dir='ltr'><strong>post</strong></span> <span class='ocrx_word' id='word_1_893' title='bbox 2557 5095 2890 5174; x_wconf 76' lang='lat' dir='ltr'><strong>aliquantum</strong></span> <span class='ocrx_word' id='word_1_894' title='bbox 2928 5103 3139 5165; x_wconf 89' lang='lat' dir='ltr'><strong>tempus</strong></span> <span class='ocrx_word' id='word_1_895' title='bbox 3184 5095 3480 5152; x_wconf 87' lang='lat' dir='ltr'><strong>adveniens</strong></span> <span class='ocrx_word' id='word_1_896' title='bbox 3520 5111 3682 5169; x_wconf 82' lang='lat' dir='ltr'><strong>pater</strong></span> 
     </span>
    </p>
   </div>
   <div class='ocr_carea' id='block_1_116' title="bbox 2103 5168 2811 5237">
    <p class='ocr_par' dir='ltr' id='par_1_116' title="bbox 2103 5168 2811 5237">
     <span class='ocr_line' id='line_1_118' title="bbox 2103 5168 2811 5237; baseline -0.004 -16"><span class='ocrx_word' id='word_1_897' title='bbox 2103 5168 2355 5237; x_wconf 85' lang='lat' dir='ltr'><strong>proprias</strong></span> <span class='ocrx_word' id='word_1_898' title='bbox 2381 5181 2509 5221; x_wconf 87' lang='lat' dir='ltr'><strong>oves</strong></span> <span class='ocrx_word' id='word_1_899' title='bbox 2535 5168 2755 5237; x_wconf 63' lang='lat' dir='ltr'><strong>recepit.</strong></span> <span class='ocrx_word' id='word_1_900' title='bbox 2792 5183 2811 5237; x_wconf 62' lang='grc' dir='ltr'>ξ</span> 
     </span>
    </p>
   </div>
   <div class='ocr_carea' id='block_1_117' title="bbox 2177 5233 3680 5309">
    <p class='ocr_par' dir='ltr' id='par_1_117' title="bbox 2177 5233 3680 5309">
     <span class='ocr_line' id='line_1_119' title="bbox 2177 5233 3680 5309; baseline -0.002 -17"><span class='ocrx_word' id='word_1_901' title='bbox 2177 5233 2289 5308; x_wconf 65' lang='lat' dir='ltr'><strong>(Iit)</strong></span> <span class='ocrx_word' id='word_1_902' title='bbox 2334 5236 2514 5309; x_wconf 72' lang='lat' dir='ltr'><strong>codex</strong></span> <span class='ocrx_word' id='word_1_903' title='bbox 2562 5234 2870 5309; x_wconf 79' lang='lat' dir='ltr'><strong>Bobiensis,</strong></span> <span class='ocrx_word' id='word_1_904' title='bbox 2913 5251 2932 5285; x_wconf 83' lang='grc'>‹</span> <span class='ocrx_word' id='word_1_905' title='bbox 2971 5233 3064 5303; x_wconf 93' lang='lat' dir='ltr'><strong>qui</strong></span> <span class='ocrx_word' id='word_1_906' title='bbox 3098 5234 3327 5309; x_wconf 56' lang='lat' dir='ltr'><strong>aequalia</strong></span> <span class='ocrx_word' id='word_1_907' title='bbox 3376 5248 3548 5309; x_wconf 73' lang='lat' dir='ltr'><strong>atque</strong></span> <span class='ocrx_word' id='word_1_908' title='bbox 3575 5254 3680 5299; x_wconf 73' lang='lat' dir='ltr'><strong>co-</strong></span> 
     </span>
    </p>
   </div>
   <div class='ocr_carea' id='block_1_118' title="bbox 2104 5304 3414 5379">
    <p class='ocr_par' dir='ltr' id='par_1_118' title="bbox 2104 5304 3414 5379">
     <span class='ocr_line' id='line_1_120' title="bbox 2104 5304 3414 5379; baseline -0.002 -17"><span class='ocrx_word' id='word_1_909' title='bbox 2104 5304 2286 5379; x_wconf 75' lang='lat' dir='ltr'><strong>gnata.</strong></span> <span class='ocrx_word' id='word_1_910' title='bbox 2316 5326 2347 5379; x_wconf 52' lang='grc' dir='ltr'><strong>ι-</strong></span> <span class='ocrx_word' id='word_1_911' title='bbox 2360 5306 2566 5379; x_wconf 34' lang='grc' dir='ltr'><strong>μεριξ(</strong></span> <span class='ocrx_word' id='word_1_912' title='bbox 2605 5306 2671 5379; x_wconf 81' lang='lat' dir='ltr'><strong>ad</strong></span> <span class='ocrx_word' id='word_1_913' title='bbox 2700 5304 2954 5379; x_wconf 84' lang='lat' dir='ltr'><strong>populum</strong></span> <span class='ocrx_word' id='word_1_914' title='bbox 2978 5322 2991 5370; x_wconf 91' lang='lat'>;</span> <span class='ocrx_word' id='word_1_915' title='bbox 3019 5306 3355 5379; x_wconf 78' lang='lat' dir='ltr'><strong>prOphetam.</strong></span> <span class='ocrx_word' id='word_1_916' title='bbox 3392 5325 3414 5359; x_wconf 73' lang='grc' dir='ltr'><strong><em>ι</em></strong></span> 
     </span>
    </p>
   </div>
   <div class='ocr_carea' id='block_1_119' title="bbox 2176 5376 3357 5450">
    <p class='ocr_par' dir='ltr' id='par_1_119' title="bbox 2176 5376 3357 5450">
     <span class='ocr_line' id='line_1_121' title="bbox 2176 5376 3357 5450; baseline -0.002 -18"><span class='ocrx_word' id='word_1_917' title='bbox 2176 5379 2288 5450; x_wconf 75' lang='grc'>(42)</span> <span class='ocrx_word' id='word_1_918' title='bbox 2329 5376 2468 5450; x_wconf 59' lang='lat' dir='ltr'><strong>Male</strong></span> <span class='ocrx_word' id='word_1_919' title='bbox 2496 5376 2811 5450; x_wconf 65' lang='lat' dir='ltr'><strong>Qasinensis</strong></span> <span class='ocrx_word' id='word_1_920' title='bbox 2847 5376 3041 5440; x_wconf 79' lang='lat' dir='ltr'><strong>codex,</strong></span> <span class='ocrx_word' id='word_1_921' title='bbox 3080 5394 3100 5426; x_wconf 71' lang='grc' dir='ltr'>ι</span> <span class='ocrx_word' id='word_1_922' title='bbox 3134 5376 3298 5430; x_wconf 90' lang='lat' dir='ltr'><strong>unde.</strong></span> <span class='ocrx_word' id='word_1_923' title='bbox 3337 5395 3357 5429; x_wconf 77' lang='grc' dir='ltr'><strong><em>ι</em></strong></span> 
     </span>
    </p>
   </div>
   <div class='ocr_carea' id='block_1_120' title="bbox 2175 5446 3151 5518">
    <p class='ocr_par' dir='ltr' id='par_1_120' title="bbox 2175 5446 3151 5518">
     <span class='ocr_line' id='line_1_122' title="bbox 2175 5446 3151 5518; baseline -0.005 -16"><span class='ocrx_word' id='word_1_924' title='bbox 2175 5446 2286 5518; x_wconf 74' lang='grc'>(45)</span> <span class='ocrx_word' id='word_1_925' title='bbox 2329 5446 2466 5518; x_wconf 79' lang='lat' dir='ltr'><strong>Male</strong></span> <span class='ocrx_word' id='word_1_926' title='bbox 2494 5447 2827 5518; x_wconf 65' lang='lat' dir='ltr'><strong>Cgsinensis,</strong></span> <span class='ocrx_word' id='word_1_927' title='bbox 2861 5464 2880 5496; x_wconf 74' lang='grc' dir='ltr'><strong><em>ι</em></strong></span> <span class='ocrx_word' id='word_1_928' title='bbox 2914 5459 3098 5513; x_wconf 86' lang='lat' dir='ltr'><strong>quam.</strong></span> <span class='ocrx_word' id='word_1_929' title='bbox 3132 5464 3151 5497; x_wconf 75' lang='grc' dir='ltr'><strong><em>ι</em></strong></span> 
     </span>
    </p>
   </div>
   <div class='ocr_carea' id='block_1_121' title="bbox 2173 5458 3555 5592">
    <p class='ocr_par' dir='ltr' id='par_1_121' title="bbox 2173 5458 3555 5592">
     <span class='ocr_line' id='line_1_123' title="bbox 2175 5458 3151 5518; baseline -0.005 -16"><span class='ocrx_word' id='word_1_930' title='bbox 2175 5458 2266 5518; x_wconf 80' lang='grc'>(45</span> <span class='ocrx_word' id='word_1_931' title='bbox 2329 5458 2466 5501; x_wconf 82' lang='lat' dir='ltr'><strong>Male</strong></span> <span class='ocrx_word' id='word_1_932' title='bbox 2494 5458 2827 5511; x_wconf 73' lang='lat' dir='ltr'><strong>uasmenSIs,</strong></span> <span class='ocrx_word' id='word_1_933' title='bbox 2861 5464 2880 5496; x_wconf 74' lang='grc' dir='ltr'><strong><em>ι</em></strong></span> <span class='ocrx_word' id='word_1_934' title='bbox 2914 5459 3098 5513; x_wconf 86' lang='lat' dir='ltr'><strong>quam.</strong></span> <span class='ocrx_word' id='word_1_935' title='bbox 3132 5464 3151 5497; x_wconf 76' lang='grc' dir='ltr'><strong><em>ι</em></strong></span> 
     </span>
     <span class='ocr_line' id='line_1_124' title="bbox 2173 5458 3555 5592; baseline 0.001 -18"><span class='ocrx_word' id='word_1_936' title='bbox 2173 5458 2286 5592; x_wconf 58' lang='grc' dir='ltr'>(μ)</span> <span class='ocrx_word' id='word_1_937' title='bbox 2320 5517 2499 5592; x_wconf 69' lang='lat' dir='ltr'><strong>Qodex</strong></span> <span class='ocrx_word' id='word_1_938' title='bbox 2530 5515 2830 5592; x_wconf 74' lang='lat' dir='ltr'><strong>B_ohi_ensis,</strong></span> <span class='ocrx_word' id='word_1_939' title='bbox 2860 5532 2879 5566; x_wconf 76' lang='grc' dir='ltr'>ι</span> <span class='ocrx_word' id='word_1_940' title='bbox 2916 5524 3114 5585; x_wconf 85' lang='lat' dir='ltr'><strong>potest,</strong></span> <span class='ocrx_word' id='word_1_941' title='bbox 3145 5534 3165 5567; x_wconf 75' lang='grc' dir='ltr'><strong><em>ι</em></strong></span> <span class='ocrx_word' id='word_1_942' title='bbox 3194 5517 3336 5592; x_wconf 86' lang='lat' dir='ltr'><strong>mala</strong></span> <span class='ocrx_word' id='word_1_943' title='bbox 3367 5518 3555 5576; x_wconf 84' lang='lat' dir='ltr'><strong>lectio.</strong></span> 
     </span>
    </p>
   </div>
   <div class='ocr_carea' id='block_1_122' title="bbox 2176 5586 3680 5662">
    <p class='ocr_par' dir='ltr' id='par_1_122' title="bbox 2176 5586 3680 5662">
     <span class='ocr_line' id='line_1_125' title="bbox 2176 5586 3680 5662; baseline 0.001 -19"><span class='ocrx_word' id='word_1_944' title='bbox 2176 5586 2288 5662; x_wconf 76' lang='grc'>(45)</span> <span class='ocrx_word' id='word_1_945' title='bbox 2322 5586 2848 5662; x_wconf 64' lang='lat' dir='ltr'><strong>Codngobiensis,</strong></span> <span class='ocrx_word' id='word_1_946' title='bbox 2884 5604 2902 5637; x_wconf 77' lang='grc' dir='ltr'>ι</span> <span class='ocrx_word' id='word_1_947' title='bbox 2939 5595 2992 5641; x_wconf 91' lang='lat' dir='ltr'><strong>et</strong></span> <span class='ocrx_word' id='word_1_948' title='bbox 3032 5602 3095 5640; x_wconf 81' lang='lat' dir='ltr'><strong>ea</strong></span> <span class='ocrx_word' id='word_1_949' title='bbox 3119 5603 3240 5662; x_wconf 77' lang='lat' dir='ltr'><strong>qua:</strong></span> <span class='ocrx_word' id='word_1_950' title='bbox 3270 5590 3387 5659; x_wconf 88' lang='lat' dir='ltr'><strong>ipse</strong></span> <span class='ocrx_word' id='word_1_951' title='bbox 3424 5601 3680 5662; x_wconf 77' lang='lat' dir='ltr'><strong>gesserat</strong></span> 
     </span>
    </p>
   </div>
   <div class='ocr_carea' id='block_1_123' title="bbox 2105 5655 3676 5734">
    <p class='ocr_par' dir='ltr' id='par_1_123' title="bbox 2105 5655 3676 5734">
     <span class='ocr_line' id='line_1_126' title="bbox 2105 5655 3676 5734; baseline 0.003 -21"><span class='ocrx_word' id='word_1_952' title='bbox 2105 5655 2343 5734; x_wconf 74' lang='lat' dir='ltr'><strong>agentes.</strong></span> <span class='ocrx_word' id='word_1_953' title='bbox 2376 5677 2395 5711; x_wconf 78' lang='grc' dir='ltr'><strong><em>ι</em></strong></span> <span class='ocrx_word' id='word_1_954' title='bbox 2431 5657 2497 5734; x_wconf 77' lang='lat' dir='ltr'><strong>Et</strong></span> <span class='ocrx_word' id='word_1_955' title='bbox 2524 5655 2733 5734; x_wconf 74' lang='lat' dir='ltr'><strong>infra,_c</strong></span> <span class='ocrx_word' id='word_1_956' title='bbox 2767 5655 3374 5734; x_wconf 29' lang='lat' dir='ltr'><strong>uuo‘tempore’discere</strong></span> <span class='ocrx_word' id='word_1_957' title='bbox 3400 5655 3676 5734; x_wconf 72' lang='lat' dir='ltr'><strong>majorem</strong></span> 
     </span>
    </p>
   </div>
   <div class='ocr_carea' id='block_1_124' title="bbox 2106 5725 3374 5786">
    <p class='ocr_par' dir='ltr' id='par_1_124' title="bbox 2106 5725 3374 5786">
     <span class='ocr_line' id='line_1_127' title="bbox 2106 5725 3374 5786; baseline -0.003 1"><span class='ocrx_word' id='word_1_958' title='bbox 2106 5725 2403 5786; x_wconf 72' lang='lat' dir='ltr'><strong>doctrinam</strong></span> <span class='ocrx_word' id='word_1_959' title='bbox 2440 5728 2509 5784; x_wconf 91' lang='lat' dir='ltr'><strong>ab</strong></span> <span class='ocrx_word' id='word_1_960' title='bbox 2535 5725 2832 5784; x_wconf 84' lang='lat' dir='ltr'><strong>Abraham.</strong></span> <span class='ocrx_word' id='word_1_961' title='bbox 2863 5725 3134 5785; x_wconf 82' lang='lat' dir='ltr'><strong>Abraham</strong></span> <span class='ocrx_word' id='word_1_962' title='bbox 3167 5744 3316 5784; x_wconf 83' lang='lat' dir='ltr'><strong>vero.</strong></span> <span class='ocrx_word' id='word_1_963' title='bbox 3353 5749 3374 5783; x_wconf 77' lang='grc' dir='ltr'><strong><em>ι</em></strong></span> 
     </span>
    </p>
   </div>
  </div>
