3996 6208
267 320 394 377 I197

1358 312 1501 371 CUM
1538 313 1819 369 MANETE
1859 313 2387 372 HAERESIARCHA.

3350 314 3485 370 H98

264 451 338 497 est
365 437 527 495 Jesus
551 447 643 493 aut
672 436 795 491 fecit
827 434 959 508 (16).
990 416 1230 489 Primum
1255 434 1396 505 quod
1428 436 1522 499 ait,
1549 454 1567 486 ε
1595 434 1825 490 Oculum
1854 439 1900 494 Α
1928 435 2051 505 quis
2078 454 2091 490 :
2126 434 2243 490 Non
2277 444 2361 492 est
2391 449 2520 506 ergo
2548 435 2749 489 bonum
2782 436 3092 490 renuntiare
3126 434 3347 488 divitiis.
3376 433 3483 489 Bo-

263 545 355 599 pro
372 529 551 594 oculo,
571 528 783 582 dentem
808 542 903 596 pro
918 526 1075 582 dente
1097 526 1162 593 ιι,
1186 546 1203 579 ι
1227 525 1329 582 hoc
1352 526 1683 598 (47)justum
1707 536 1819 592 est;

263 620 403 689 quod
463 629 639 672 autem
698 633 897 673 caesum
967 627 1220 689 praestare
1272 619 1425 688 jubet
1483 626 1537 673 et
1596 618 1821 673 alteram

266 711 555 775 maxillam,
585 709 689 765 hoc
729 711 946 766 bonitas
988 719 1093 767 est.
1120 710 1372 781 Nunquid
1411 710 1619 781 justitia
1666 710 1823 765 boni-

266 803 354 858 tati
385 802 655 857 contraria
694 804 813 857 est?
840 802 993 857 Absit
1034 803 1179 874 (48)!
1211 802 1486 874 profectus
1527 814 1707 858 autem
1739 813 1822 859 est

263 895 324 950 de
350 894 557 965 justitia
589 894 653 948 ad
685 894 1000 950 bonitatem.
1050 895 1115 950 Et
1144 912 1335 950 rursus
1380 914 1393 950 :
1432 915 1449 947 ι
1494 895 1698 967 Dignus
1739 904 1823 951 est

262 985 540 1054 operarius
569 985 816 1040 mercede
851 1001 948 1040 sua
981 985 1046 1040 δ’.
1088 1005 1105 1037 ι
1154 985 1307 1051 Quod
1344 985 1389 1041 si
1432 987 1662 1040 voluerit
1698 986 1819 1055 quis

262 1077 500 1133 fraudem
547 1077 742 1143 facere,
772 1078 913 1148 exigi
950 1079 1019 1133 ab
1053 1093 1117 1132 eo
1160 1079 1247 1132 illa
1288 1095 1409 1148 qum
1446 1094 1539 1150 per
1574 1079 1816 1133 fraudem

260 1170 610 1239 interceperat
658 1169 793 1241 (19),
843 1170 1209 1239 justissimum
1256 1181 1360 1232 est,
1415 1170 1645 1224 maxime
1695 1186 1817 1225 cum

261 1263 425 1317 multa
453 1263 522 1317 sit
552 1278 778 1319 merces.
816 1262 927 1317 Hoc
958 1271 1135 1317 autem
1164 1263 1307 1326 dico,
1334 1262 1551 1332 quando
1580 1261 1815 1334 [Egyptii

260 1354 560 1424 aﬂligebant
589 1355 725 1410 ﬁlios
759 1354 923 1410 Israel
965 1371 1062 1425 per
1105 1371 1329 1426 operum
1365 1356 1732 1425 compulsores
1762 1356 1817 1410 in

260 1446 517 1516 ﬁngendis
568 1446 867 1515 lateribus,
909 1448 1053 1517 quod
1105 1463 1226 1501 cum
1277 1446 1556 1516 suppliciis
1603 1445 1815 1518 Moyses

259 1545 425 1590 totum
451 1536 650 1605 pariter
684 1537 822 1590 intra
858 1553 1025 1591 unum
1057 1546 1387 1593 momentum
1422 1539 1680 1607 temporis
1701 1554 1817 1593 exeo

257 1628 349 1699 git.
373 1626 626 1698 Nunquid
664 1630 765 1683 hoc
794 1628 1052 1699 iniquitas
1077 1629 1188 1703 (50)
1216 1631 1531 1701 appellanda
1566 1632 1687 1686 est?
1710 1631 1818 1686 Ab-

257 1720 364 1775 sit!
403 1718 495 1774 llla
530 1736 662 1775 sane
711 1720 976 1777 bonitatis
1005 1730 1086 1777 est
1131 1722 1456 1778 abstinentia
1505 1722 1641 1793 (51),
1688 1739 1811 1778 cum

257 1813 426 1866 utitur
451 1814 574 1882 quis
606 1812 905 1883 frugaliter,
935 1815 1255 1869 renuntians
1293 1816 1548 1871 omnibus
1570 1832 1690 1885 qua:
1718 1834 1813 1872 su-

256 1905 452 1975 perﬂua
488 1914 634 1960 sunt.
666 1905 818 1973 Quod
850 1922 979 1962 vero
1019 1908 1131 1979 (5'2)
1160 1908 1213 1962 in
1259 1906 1435 1962 Veteri
1472 1907 1818 1966 Testamento

256 1999 451 2053 dictum
481 2007 565 2052 est
594 2017 604 2052 :
639 1999 778 2069 «Ego
797 1998 1015 2053 divitem
1048 1998 1187 2054 facio
1207 2010 1261 2055 et
1285 2017 1573 2070 pauperem
1596 2002 1642 2033 “
1663 2002 1816 2069 ple—

256 2106 347 2145 sus
370 2106 499 2144 vero
545 2090 813 2145 beatiﬁcat
840 2108 1107 2162 pauperes
1142 2091 1209 2160 “,
1241 2109 1348 2148 non
1377 2095 1512 2148 dixit
1539 2096 1818 2151 smcularis

255 2184 567 2237 substantiae
585 2184 693 2253 (55)
710 2199 992 2253 pauperes,
1016 2186 1105 2239 sed
1126 2201 1388 2254 pauperes
1406 2187 1619 2255 spiritu,
1645 2188 1693 2242 id
1713 2197 1815 2253 est,

254 2277 340 2345 qui
377 2293 482 2330 non
522 2277 773 2346 superbia
800 2276 1202 2331 inﬂammantur
1230 2278 1362 2349 (5.1),
1392 2283 1482 2333 sed
1512 2280 1819 2336 humilitate

255 2385 308 2423 se
328 2370 570 2439 mitigant
588 2368 694 2439 (55)
714 2379 765 2421 et
782 2369 1061 2437 inclinant,
1093 2384 1197 2423 non
1224 2370 1344 2438 plus
1357 2371 1629 2440 sapientes
1648 2388 1811 2443 quam

254 2469 460 2529 oportet
493 2476 685 2529 sapere
728 2460 795 2513 ⁸⁵.
832 2458 1005 2526 Quam
1044 2460 1262 2531 quidem
1296 2462 1645 2519 adversarius
1670 2481 1819 2535 quae-

253 2555 479 2609 stionem
523 2571 631 2609 non
680 2565 1046 2625 competenter
1071 2558 1296 2627 aptavit.
1345 2556 1441 2611 Hic
1483 2558 1627 2612 enim
1658 2558 1817 2612 video

253 2656 303 2699 et
328 2645 510 2701 Jesum
564 2648 796 2702 libenter
840 2648 1135 2703 intuentem
1186 2650 1413 2705 divitum
1462 2665 1711 2707 munera.
1731 2649 1814 2716 “;

252 2754 372 2792 cum
428 2740 481 2793 in
536 2741 922 2811 gazOphylaeio
973 2740 1312 2809 otl‘eruntur;
1360 2751 1414 2797 et
1470 2756 1661 2812 parum
1713 2742 1817 2797 hoc

251 2838 334 2883 est
358 2829 493 2898 (5b),
524 2830 569 2883 si
603 2846 633 2884 a
660 2831 789 2885 solis
813 2830 1071 2884 divitibus
1094 2832 1146 2884 in
1178 2831 1562 2902 gazophylacio
1590 2847 1816 2887 munera

253 2919 554 2974 oll'eruntnr
585 2921 725 2991 (57);
765 2922 873 2975 imo
920 2938 1045 2976 vero
1082 2924 1246 2976 etiam
1293 2924 1402 2978 duo
1443 2924 1652 2978 minuta
1683 2940 1817 2994 pau-

252 3011 485 3080 percula:
509 3010 682 3067 vidum
704 3013 933 3067 libenter
959 3014 1354 3083 suseipiuntur,
1374 3014 1428 3067 in
1452 3030 1561 3084 quo
1582 3014 1815 3084 amplius

253 3103 476 3172 aliquid,
520 3120 674 3173 quam
718 3107 860 3175 quod
903 3105 1115 3177 Moyses
1163 3115 1491 3176 praeceperat
1535 3106 1602 3161 de
1636 3107 1811 3162 susci-

252 3194 446 3267 pienda
480 3196 707 3263 pecunia
737 3196 1163 3251 demonstratur.
1191 3195 1283 3251 Ille
1312 3196 1457 3251 enim
1505 3196 1574 3251 ab
1608 3195 1694 3251 his
1722 3196 1815 3266 qui

253 3285 521 3340 habebant
567 3285 867 3354 accipiebat
911 3286 1064 3358 (:38);
1102 3287 1190 3342 hic
1220 3296 1397 3342 autem
1432 3287 1627 3356 accipit
1654 3287 1817 3342 etiam

250 3378 318 3432 ab
341 3379 423 3434 his
456 3379 547 3448 qui
578 3394 685 3432 non
722 3378 938 3432 habent.
969 3379 1207 3447 Sed,ait,
1230 3380 1491 3450 scriptum
1515 3389 1599 3435 est
1624 3399 1638 3435 :
1662 3399 1679 3432 ‹
1703 3378 1819 3435 Nisi

251 3470 373 3539 quis
408 3469 799 3524 renuntiaverit
830 3471 1084 3525 omnibus
1123 3487 1243 3539 qua:
1279 3472 1542 3539 possidet,
1575 3486 1681 3525 non
1722 3487 1817 3541 po-

250 3570 355 3615 test
397 3578 551 3615 meus
589 3576 710 3615 esse
741 3561 1039 3631 discipulus
1071 3562 1135 3615 ".
1178 3581 1196 3614 ι
1224 3562 1460 3615 Rursum
1495 3562 1652 3617 video
1685 3577 1817 3616 cen-

250 3656 543 3717 turionem,
578 3654 736 3707 valde
769 3654 987 3708 divitem
1023 3662 1075 3708 et
1116 3654 1359 3709 sazculari
1397 3653 1676 3722 praeditum
1717 3667 1814 3721 po-

252 3756 487 3811 testate,
529 3746 687 3800 ﬁdem
743 3747 943 3801 habere
998 3747 1283 3816 plusquam
1329 3760 1545 3800 omnem
1597 3743 1814 3799 Israeli-

252 3847 361 3892 tam
386 3839 433 3871 “
465 3857 479 3905 ;
506 3848 565 3892 ut
592 3838 635 3893 si
664 3839 788 3909 quis
814 3838 914 3893 fuit
939 3839 1249 3909 (59),etiam
1275 3837 1368 3907 qui
1412 3836 1816 3891 renuntiaverat

253 3946 280 3985 a
308 3932 625 3985 centurione
648 3941 936 4002 superatur
971 3931 1023 3984 in
1061 3931 1184 3985 ﬁde.
1214 3928 1317 3984 Sed
1347 3928 1487 3984 dicet
1513 3927 1621 3999 (60)
1656 3927 1815 3983 nobis

323 4025 364 4057 “
403 4022 589 4078 Matth.
623 4042 675 4084 v,
706 4024 795 4077 '52.
897 4025 942 4057 ι’
970 4023 1156 4077 Matth.
1193 4040 1248 4090 χ,
1282 4023 1368 4078 10.

248 4094 340 4150 41.
418 4095 459 4126 ⁸⁷
476 4095 606 4148 Luc.
637 4111 750 4160 xiv,
775 4095 863 4150 55.
940 4096 983 4127 ⁸⁸
1014 4094 1202 4148 Matth.
1235 4110 1351 4158 vm,
1386 4094 1469 4149 10.
1545 4094 1588 4125 δ’
1624 4094 1633 4145 l

250 4181 414 4231 χχιιι,
458 4165 508 4219 7.
585 4166 631 4197 ⁸³
660 4164 849 4220 Matth.
885 4182 939 4231 ν,
973 4164 1025 4220 8.
1124 4166 1169 4196 ⁵⁸
1207 4163 1392 4218 Matth.
1419 4180 1515 4231 vn,
1547 4162 1633 4217 η.

326 4258 436 4327 (46)
467 4256 605 4311 Male
640 4257 977 4324 Casinensis,
1016 4275 1034 4308 ‹
1070 4265 1250 4327 autem
1289 4255 1488 4327 fecit.)
1522 4256 1591 4308 At
1618 4254 1673 4309 in
1703 4253 1813 4327 130-;

250 4323 427 4385 biensi
475 4328 662 4384 codice
710 4323 977 4397 sequitur,
1014 4345 1034 4379 ι
1084 4325 1327 4381 Primum
1374 4326 1616 4396 quidem,
1668 4323 1815 4395 quod

252 4400 351 4455 ait.
386 4419 404 4451 ι

353 4469 439 4539 17)
479 4467 659 4523 Codex
691 4466 993 4530 Bobiensis,
1035 4484 1055 4518 ι
1080 4466 1143 4539 in
1175 4465 1296 4539 hoc.
1332 4483 1351 4517 ι

353 4471 439 4539 17)
479 4471 659 4523 Codex
691 4471 993 4530 Bobiensis,
1035 4484 1055 4518 ι
1088 4471 1143 4519 in
1176 4471 1296 4520 hoc.
1332 4483 1351 4517 ι

328 4471 440 4608 (48)
488 4539 543 4592 ln
576 4539 829 4594 Bobiensi
864 4539 1049 4592 codice
1080 4536 1167 4590 hic
1192 4536 1345 4608 plura
1382 4535 1541 4589 verba
1569 4534 1805 4600 desunt;

254 4605 607 4671 habet-enim,
641 4629 659 4659 ι
689 4610 792 4663 hoc
822 4609 1035 4662 bonitas
1063 4614 1165 4660 est.
1202 4605 1374 4659 Absit.
1408 4625 1427 4656 ι

328 4681 440 4752 (49)
477 4681 659 4734 Codex
686 4679 995 4752 Bobiensis,
1029 4696 1047 4730 ‹
1069 4685 1137 4752 .et
1164 4677 1306 4752 exigi
1354 4676 1421 4729 ab
1447 4690 1510 4730 eo
1553 4675 1662 4752 illa,
1689 4689 1810 4752 qua:

258 4744 449 4805 fraude
492 4752 864 4819 interceperat.
906 4768 924 4801 ι
958 4744 1277 4803 Casinensis
1317 4760 1462 4819 vero,
1504 4764 1522 4796 ‹
1551 4748 1703 4815 exige
1743 4744 1811 4798 ab

255 4838 323 4874 eo
348 4823 436 4875 illa
466 4837 587 4891 quae
610 4817 852 4874 fraudem
880 4819 1259 4891 interceperat.
1292 4835 1313 4891 ι
1343 4817 1451 4870 Nos
1483 4832 1547 4870 ex
1578 4826 1812 4885 utroque

254 4893 444 4947 codice
468 4886 741 4945 meliorem
770 4890 1050 4946 lectionem
1090 4886 1461 4940 conﬁavimus.

332 4962 444 5032 (50)
470 4962 769 5019 Bobiensis.
807 4978 825 5011 ι
860 4960 1045 5032 exigit.
1080 4955 1333 5025 Nunquid
1368 4955 1643 5032 iniquitas.
1670 4973 1701 5032 _)

334 4967 423 5032 (50
470 4967 769 5019 Bobiensis.
807 4978 825 5011 ι
860 4967 1044 5027 exigit.
1080 4967 1333 5025 Nunquid
1368 4967 1643 5025 iniquitas.
1682 4973 1701 5005 ι

334 4967 444 5103 (fili
500 5032 636 5103 llinc
680 5029 1160 5103 patetVales‘ium
1194 5036 1339 5103 recte
1389 5028 1456 5081 ad
1514 5025 1811 5103 marginem

254 5097 580 5157 emendasse
606 5097 891 5157 Bobiensis
921 5101 1122 5156 codicis
1148 5098 1452 5161 lectionem,
1477 5110 1599 5167 quae.
1628 5097 1808 5163 habet,

263 5191 283 5223 ι
315 5173 577 5227 absentia.
618 5191 637 5223 ι

325 5242 446 5368 (ὃὶ)
474 5244 653 5297 Codex
688 5241 970 5298 Bobiensis
1013 5258 1031 5297 :

361 5330 487 5368 esus
524 5314 813 5368 beatiﬁcat.
851 5332 870 5366 ι

262 5332 286 5366 α
325 5314 487 5368 Jesus
524 5314 813 5369 beatiﬁcat.
851 5332 870 5366 ι

357 5384 448 5451 55)
479 5384 660 5437 Codex
687 5384 987 5449 Bobiensis,
1027 5400 1045 5433 ‹
1084 5379 1328 5436 saeculari
1356 5378 1681 5434 substantia.
1717 5398 1736 5431 ι

357 5456 445 5521 51)
477 5453 657 5519 Forte,
698 5474 716 5505 ι
758 5455 1031 5509 inﬂantur.
1067 5470 1086 5504 ι

356 5518 451 5583 55)
479 5518 661 5579 Codex
687 5525 989 5586 Bobiensis,
1020 5542 1038 5574 ι
1080 5521 1383 5575 humilitate
1412 5518 1680 5590 mitigant.
1722 5536 1742 5569 ι

356 5596 446 5667 56)
478 5596 658 5667 Codex
683 5595 1019 5657 Casinensis,
1048 5611 1067 5643 ι
1097 5591 1409 5667 alerentur,
1439 5600 1493 5644 et
1522 5602 1816 5661 pauperum

257 5662 368 5721 hoe
391 5662 491 5721 est.
523 5685 543 5718 ι
574 5664 855 5720 Bobiensis
882 5674 1083 5725 autem,
1120 5680 1138 5713 ι
1173 5662 1512 5724 oﬁeruntur;
1545 5670 1597 5715 et
1626 5674 1814 5728 parum

258 5736 370 5790 hoc
395 5746 498 5801 est,
531 5755 550 5788 ι
586 5752 707 5805 quae
740 5751 864 5789 vera
892 5746 973 5789 est
1008 5734 1170 5805 hujus
1196 5732 1297 5784 loci
1325 5730 1503 5785 lectio.

331 5806 448 5879 (57)
478 5804 656 5864 Codex
688 5806 988 5869 Bobiensis,
1027 5821 1044 5855 ι
1079 5804 1401 5857 inferuntur.
1436 5820 1454 5852 ι

1072 5259 1091 5293 t
1126 5238 1282 5307 Quod
1318 5252 1468 5309 ergo,
1510 5255 1529 5289 ι
1577 5245 1632 5292 et
1665 5252 1812 5302 mox,

1478 4023 1521 4054 ⁸³
1544 4021 1704 4075 Prov.
1742 4035 1876 4083 xxii,
1910 4017 1965 4071 2.
2040 4017 2087 4050 ⁸⁸
2130 4015 2318 4071 Matth.
2355 4034 2431 4085 γι,
2462 4017 2517 4071 5.

418 4095 606 4148 "Luc.
637 4111 750 4160 xiv,
775 4095 863 4150 55.
940 4096 983 4127 ⁸⁸
1014 4093 1202 4148 Matth.
1235 4084 1351 4158 vin,
1386 4094 1469 4149 10.
1545 4093 1588 4125 δ’
1624 4091 1814 4150 Matth.
1846 4106 1943 4152 xu,
1980 4087 2033 4144 8.
2109 4087 2337 4145 l“‘Mare.
2363 4084 2427 4155 ιι,
2454 4086 2539 4142 19.
2615 4084 2867 4141 l“Matth.
2901 4100 2997 4151 vn,
3038 4084 3124 4140 15.

1925 542 2076 585 num.
2118 527 2361 596 inquam,
2395 526 2479 582 his
2511 526 2603 597 qui
2631 537 2886 596 possunt;
2915 527 3004 579 sed
3031 526 3177 580 abuti
3212 525 3321 596 (61)
3348 526 3485 579 divi-

1922 617 2013 672 tiis
2041 618 2106 672 ad
2131 633 2266 687 opus
2286 617 2511 687 justitiae
2540 626 2699 686 atque
2732 615 3117 670 misericordia:
3147 630 3328 685 parem
3359 630 3485 684 gra-

1923 710 2050 764 tiam
2084 709 2274 763 tribuit
2302 724 2366 763 ac
2400 710 2444 764 si
2475 708 2742 763 universis
2768 708 2970 777 pariter
3011 707 3368 761 renuntietur.
3410 704 3483 759 De

1920 818 1986 857 eo
2031 810 2210 857 autem
2242 802 2387 871 quod
2420 802 2569 865 dicit,
2613 799 2946 855 destructum
2995 814 3114 853 esse
3156 798 3475 861 Sabhatum,

1920 910 2026 948 non
2054 895 2211 965 plane
2236 895 2534 961 destruxit;
2564 895 2679 964 ipse
2724 893 2868 948 enim
2915 890 3177 945 Dominus
3220 890 3330 961 (62)
3364 897 3485 943 erat

1923 983 2143 1040 Sabbati
2170 986 2246 1053 ”;
2293 997 2549 1057 tanquam
2579 986 2623 1040 si
2666 985 2850 1055 sponsi
2884 984 3007 1054 quis
3042 982 3352 1037 custodiens
3397 988 3482 1034 to-

1919 1092 2038 1131 rum
2066 1077 2349 1149 diligenter
2371 1088 2705 1133 exstructum
2734 1076 2866 1147 (65),
2883 1092 2911 1129 a
2935 1075 3084 1129 nullo
3104 1075 3209 1129 alio
3226 1082 3482 1129 extraneo

1919 1170 2102 1224 vexari
2157 1172 2242 1225 vel
2278 1171 2518 1242 contingi
2570 1171 2804 1240 patiatur
2855 1168 2990 1238 (61),
3037 1181 3321 1237 usquequo
3369 1167 3484 1237 ipse

1919 1274 2153 1329 Sponsus
2204 1260 2488 1326 adveniat;
2541 1270 2594 1316 et
2642 1276 2767 1316 cum
2814 1259 3122 1323 advenerit,
3168 1267 3340 1314 strato
3380 1274 3482 1314 suo

1918 1354 2060 1410 sicut
2088 1355 2309 1410 libuerit
2339 1365 2544 1421 utatur,
2573 1355 2657 1411 vel
2689 1356 2741 1410 hi
2777 1372 2913 1426 quos
2946 1354 3061 1425 ipse
3088 1371 3271 1410 secum
3303 1356 3483 1426 jusse-

1918 1448 1989 1501 rit
2018 1447 2260 1502 introire.
2293 1446 2684 1502 Testimonium
2712 1448 2873 1503 etiam
2914 1447 3060 1502 dedit
3086 1447 3170 1501 his
3202 1462 3322 1515 quae
3347 1447 3482 1502 dici-

1918 1556 2059 1603 mus,
2104 1541 2311 1596 cmlesti
2364 1556 2498 1596 voce
2547 1540 2660 1610 ipse
2706 1539 2966 1594 Dominus
3022 1538 3182 1594 Jesus
3230 1537 3480 1595 Christus

1916 1633 2101 1690 dicens
2148 1650 2161 1685 :
2214 1651 2232 1685 ι
2270 1632 2522 1703 Nunquid
2569 1633 2798 1703 potestis
2845 1632 2983 1687 ﬁlios
3019 1631 3205 1702 sponsi
3254 1630 3361 1701 (65)
3394 1630 3477 1685 fa-

1916 1740 2038 1780 cere
2071 1725 2338 1794 jejunare,
2380 1724 2554 1779 donec
2594 1740 2719 1780 cum
2767 1725 2897 1789 ipsis
2942 1734 3026 1780 est
3072 1739 3306 1794 sponsus
3332 1723 3416 1777 ὀἳ
3452 1741 3471 1775 ι

1851 1795 1889 1849 Β
1920 1815 2024 1871 Sed
2054 1814 2524 1871 circumeisionem
2569 1831 2677 1871 non
2722 1816 2940 1887 abiecit,
2980 1815 3111 1885 quin
3153 1817 3331 1886 potius
3366 1816 3481 1885 ipse

1916 1925 2014 1979 pro
2060 1908 2218 1964 nobis
2263 1909 2317 1962 in
2364 1910 2713 1979 semetipsum
2763 1925 2987 1965 causam
3044 1908 3478 1964 circumcisionis

1915 2002 2127 2071 excepit
2153 2000 2283 2071 (66),
2314 2000 2499 2055 labore
2525 2016 2623 2056 nos
2649 2001 2915 2067 relevans,
2936 2011 2988 2055 et
3013 2002 3120 2071 pati
3145 2017 3244 2056 nos
3275 2001 3479 2055 frustra

1914 2094 2121 2149 doloris
2150 2094 2354 2163 aliquid
2392 2109 2498 2149 non
2529 2094 2735 2148 sincns.
2765 2093 2905 2160 Quid
2929 2095 3342 2164 enim'prodest,
3374 2094 3482 2149 cir-

1915 2188 2243 2243 cumcidenti
2277 2203 2335 2242 se
2359 2187 2576 2257 quidem
2604 2195 2657 2241 et
2677 2188 2937 2242 adversus
2970 2190 3277 2257 proximum
3319 2202 3477 2242 suum

1914 2284 2150 2354 pessima
2187 2280 2485 2353 cogitanti?
2536 2278 2719 2334 Voluit
2748 2290 2926 2334 autem
2964 2280 3134 2350 magis
3162 2279 3482 2350 largissimae

1914 2375 2016 2429 viae
2068 2374 2244 2444 spatia
2309 2372 2696 2442 compendiosa
2751 2372 2910 2426 nobis
2980 2372 3196 2425 tramite
3253 2371 3482 2426 demon-

1916 2477 2089 2521 strare
2133 2466 2265 2537 (67),
2311 2479 2381 2519 ne
2421 2464 2558 2518 forte
2599 2479 2721 2517 cum
2760 2464 2917 2533 longa
2949 2464 3122 2533 spatia
3156 2463 3476 2528 circuimus,

1916 2566 2043 2612 ante
2095 2558 2253 2613 nobis
2293 2556 2409 2610 dies
2455 2555 2736 2609 claudatur
2778 2555 2831 2607 in
2874 2562 3116 2620 noctem;
3148 2563 3200 2608 et
3248 2552 3377 2608 dum
3412 2555 3480 2610 de

1916 2649 2052 2715 foris
2094 2650 2312 2719 quidem
2363 2648 2630 2719 splendidi
2666 2648 2978 2702 hominibus
3016 2662 3359 2717 apparemus,
3395 2648 3481 2701 in-

1917 2745 2185 2799 trinsecus
2222 2741 2365 2811 lupis
2405 2740 2691 2811 rapacibus
2737 2755 3115 2809 comparemur
3159 2742 3225 2805 ⁵⁸,
3258 2747 3351 2793 aut
3396 2756 3482 2794 se-

1917 2836 2121 2905 pulcris
2152 2832 2502 2889 conferamur
2549 2832 2813 2888 dealbatis
2858 2833 2924 2886 ⁸².
2975 2831 3144 2887 Multo
3185 2832 3329 2885 enim
3368 2830 3479 2901 (68)

1917 2928 2007 2982 ille
2042 2926 2170 2981 huic
2216 2924 2586 2997 praeferendus
2614 2933 2697 2978 est
2728 2924 2821 2993 qui
2848 2931 2993 2979 veste
3020 2922 3261 2992 squalida
3293 2938 3357 2976 ac
3388 2922 3482 2976 de-

1918 3020 2044 3075 trita
2076 3019 2464 3084 circumdatus,
2508 3018 2644 3071 nihil
2678 3017 2805 3070 mali
2850 3017 2903 3070 in
2932 3016 3093 3071 corde
3116 3031 3216 3071 suo
3254 3015 3480 3069 conclu-

1886 3130 1895 3143 τ
1921 3126 2041 3165 sum
2085 3110 2283 3164 retinet
2307 3109 2569 3163 adversus
2600 3107 2931 3176 proximum.
2961 3105 3157 3161 Cordis
3189 3106 3332 3159 enim
3368 3104 3479 3177 (69)

1922 3204 2267 3260 circumcisio
2294 3203 2409 3258 sola
2438 3203 2664 3256 salutem
2696 3200 2906 3255 confert
2938 3221 2949 3255 :
2992 3201 3373 3270 nihilpraestat
3401 3201 3480 3255 eis

1923 3297 2024 3351 ista
2055 3295 2312 3360 carnalis,
2332 3295 2439 3349 nisi
2472 3293 2611 3348 forte
2635 3293 2900 3362 spirituali
2926 3293 3340 3348 circumcisione
3362 3309 3482 3347 mu-

1922 3389 2163 3441 niantur.
2203 3387 2344 3441 Audi
2375 3386 2537 3439 etiam
2586 3385 2715 3455 quid
2762 3383 2893 3437 dicit
2928 3383 3204 3455 Scriptura
3241 3404 3255 3439 ε
3284 3403 3301 3436 ι
3333 3384 3481 3438 Beati

1922 3479 2125 3531 mundo
2158 3478 2340 3542 corde,
2375 3477 2502 3545 quia
2536 3476 2638 3545 ipsi
2684 3476 2853 3531 Deum
2898 3476 3152 3529 videbunt
3176 3478 3241 3531 ⁸³.
3274 3496 3292 3528 ›
3342 3475 3482 3542 Quid

1922 3582 2052 3637 ergo
2084 3567 2216 3620 mihi
2242 3581 2380 3635 Opus
2410 3577 2491 3619 est
2518 3565 2783 3629 laborare,
2809 3581 2932 3619 cum
2960 3566 3302 3634 cognoverim
3334 3580 3482 3619 com-

1920 3656 2113 3724 pendia
2172 3656 2271 3708 via:
2328 3653 2462 3724 (70),
2496 3653 2541 3707 si
2592 3669 2811 3721 possum
2862 3655 3096 3708 mundus
3128 3670 3247 3708 esse
3297 3654 3480 3719 corde,

1921 3745 2062 3798 sicut
2084 3751 2138 3797 et
2180 3743 2225 3797 si
2250 3743 2374 3811 quis
2412 3742 2700 3811 praevaleat
2730 3743 2783 3795 in
2818 3743 3031 3797 duobus
3072 3742 3339 3796 mandatis
3366 3757 3484 3795 ont-

1921 3849 2043 3887 nem
2084 3833 2251 3902 legem
2288 3833 2509 3902 implere
2540 3840 2593 3886 et
2618 3832 2997 3901 prophetas”?
3027 3831 3155 3886 Post
3201 3833 3313 3886 haec
3356 3847 3481 3885 vero

1922 3926 2103 3979 omnia
2127 3924 2315 3978 edocet
2338 3923 2704 3994 apostolorum
2732 3923 3002 3976 maximus
3018 3922 3236 3986 Paulus,
3257 3922 3438 3975 dicens
3462 3939 3478 3977 :

2592 4016 2638 4047 ⁸⁸
2686 4014 2846 4069 Rom.
2877 4030 2977 4078 xit,
3009 4014 3061 4068 5.
3100 4014 3143 4045 ⁸⁸
3176 4013 3340 4067 Marc.
3375 4031 3478 4085 χιι,

2615 4084 2867 4139 InMatth.
2901 4100 2997 4139 vn.
3038 4084 3124 4139 15.
3212 4086 3257 4117 ⁸³
3288 4083 3478 4139 Matth.

1992 4249 2107 4323 (58)
2137 4249 2282 4323 Idem
2327 4249 2517 4323 codex,
2558 4266 2578 4301 ‹
2616 4247 2685 4303 ab
2715 4247 2799 4303 his
2825 4244 3221 4312 tantummodo,
3248 4244 3342 4315 qui
3378 4245 3481 4299 ha-

1919 4321 2119 4377 bebant
2144 4321 2531 4390 suscipiebant.
2563 4336 2584 4370 ι

1992 4392 2103 4464 (59)
2142 4384 2501 4453 ldem'codex,
2533 4406 2554 4441 ι
2590 4401 2807 4442 omnem
2837 4386 3025 4455 Israel,
3053 4393 3113 4442 ut
3134 4387 3181 4441 si
3207 4384 3331 4456 quis
3363 4384 3481 4441 fne-

1840 4468 1890 4528 D
1915 4463 2009 4517 rit.
2051 4481 2070 4513 ι

1988 4531 2097 4604 (60)
2134 4530 2321 4604 Codex
2346 4528 2651 4604 Bobiensis,
2682 4546 2702 4579 ι
2733 4526 2883 4604 dicit.
2926 4544 2946 4577 ι

1988 4532 2077 4604 (60
2140 4532 2321 4585 Codex
2346 4532 2651 4591 Bobiensis,
2682 4546 2702 4579 ι
2733 4532 2883 4581 dicit.
2926 4544 2946 4577 ι

1983 4532 2097 4673 (ﬁt;
2132 4600 2415 4673 Bobiensis
2441 4600 2662 4673 codex.
2696 4614 2716 4648 ‹
2749 4598 2862 4673 _sed
2910 4604 2963 4673 et
3008 4595 3182 4653 abuti.
3219 4614 3239 4649 ι
3296 4597 3480 4663 Forte,

1916 4693 1935 4725 ς
1976 4667 2151 4729 sedet
2177 4671 2275 4734 uti,
2320 4687 2339 4721 ι
2372 4670 2476 4734 vel,
2508 4688 2525 4719 ι
2573 4668 2665 4724 sed
2690 4667 2854 4722 etiam
2890 4667 2990 4720 uti.
3034 4686 3054 4719 ›

1982 4741 2101 4811 (62)
2134 4740 2318 4794 Codex
2348 4739 2689 4811 Casinensis,
2732 4756 2750 4786 ι
2791 4737 3011 4811 Deus.)

1982 4806 2093 4883 (65)
2143 4812 2217 4883 Ita
2269 4810 2388 4865 eod.
2418 4807 2745 4871 Bobiensis;
2794 4821 2918 4860 nam
2959 4807 3271 4863 Casinensis
3320 4806 3479 4873 male,

1916 4901 1936 4935 ι
1975 4881 2264 4937 exstruxit.
2310 4898 2328 4931 ι

1982 4953 2093 5024 (61)
2139 4950 2282 5007 Idem
2332 4949 2525 5013 codex,
2561 4968 2579 5001 ι
2635 4948 2858 5019 patitur.
2916 4966 2937 5001 ι
2975 4946 3038 4999 Ει
3087 4962 3231 5013 mox,
3270 4966 3288 4998 ι
3346 4963 3485 5018 quos

1914 5040 2039 5080 86C"
2050 5039 2121 5077 m.
2159 5040 2177 5073 ι

1987 5094 2098 5164 (65)
2140 5091 2195 5146 ln
2230 5090 2419 5146 Graeco
2462 5098 2547 5144 est
2584 5087 3018 5164 utot_vu_pgo_£€wog,
3057 5104 3076 5137 ι
3112 5086 3232 5164 lilii”
3260 5087 3487 5145 thalami

1915 5159 2201 5232 sponsalia,
2255 5180 2274 5214 ι
2324 5177 2443 5226 seu,
2489 5171 2550 5215 ut
2573 5162 2736 5215 vertit
2768 5159 3031 5232 angata,_
3068 5175 3087 5208 ι
3111 5228 3120 5232 _
3143 5159 3234 5210 lilii
3266 5172 3484 5232 nupta-

1915 5227 2075 5299 rum;
2128 5254 2148 5305 ι
2186 5227 2308 5305 quae.
2335 5232 2606 5305 _meliores
2641 5238 2769 5285 sunt
2805 5227 2969 5305 hujus
3020 5227 3124 5282 loci
3170 5229 3477 5284 versiones.

1987 5306 2097 5375 (66)
2119 5300 2301 5375 Codex
2332 5302 2636 5375 Dobietisis,
2676 5319 2694 5351 ι
2732 5300 2989 5375 suscepit.
3030 5316 3049 5347 ι

1987 5367 2099 5446 (67)
2123 5374 2305 5446 Codex
2331 5371 2637 5436 Bobiensis,
2668 5388 2686 5421 ι
2723 5370 2822 5423 via:
2849 5367 3290 5437 compendiosum
3318 5367 3480 5422 nobis

1916 5443 2186 5499 tramitem
2218 5443 2612 5497 demonstrare.
2654 5459 2673 5491 ι

1989 5515 2098 5586 (68)
2131 5515 2278 5586 idem
2310 5511 2501 5586 codex,
2533 5529 2551 5561 ι
2592 5509 2821 5586 multum
2853 5508 3077 5586 enim.__r
3313 5544 3329 5561 .

1989 5516 2075 5586 (68
2136 5516 2278 5567 Idem
2310 5516 2501 5575 codex,
2533 5529 2551 5561 ι
2592 5516 2821 5565 multum
2853 5516 3023 5562 enim.
3058 5526 3077 5559 ι
3313 5544 3329 5561 ρ

1989 5516 2100 5657 (69)
2128 5585 2271 5636 Idem
2299 5583 2489 5657 codex,
2524 5581 2751 5657 «fordis
2780 5595 2930 5649 ergo.
2965 5598 2983 5630 ι
3114 5593 3265 5643 mox,
3296 5596 3315 5632 ι
3347 5575 3485 5635 nihil

1919 5649 2208 5729 praestante
2237 5652 2462 5729 carnali.
2504 5670 2521 5700 ι
2552 5649 2616 5703 Ει
2642 5650 2803 5713 infra,
2829 5668 2860 5729 ’ς
2911 5649 3209 5729 muniatur.
3248 5666 3267 5693 ς

1989 5724 2099 5801 (70)
2131 5722 2273 5778 Idem
2300 5722 2489 5789 codex,
2528 5745 2543 5774 ι
2580 5720 2962 5791 compendium
2991 5721 3112 5774 vite.
3159 5736 3178 5772 ι
