3998 7026
513 361 648 416 H99

1519 358 1700 415 ACTA
1743 350 2263 413 DISPUTATIONIS
2307 349 2365 404 S.
2399 342 2739 403 ARCHELAI

3596 326 3739 382 ἴδω

515 496 536 530 ι
589 481 697 533 Aut
729 478 1159 549 experimentum
1192 477 1304 550 (71)
1339 478 1584 549 quaritis
1616 479 1735 549 ejus
1765 478 1857 549 qui
1902 477 1957 531 in
1985 492 2073 532 me
2099 479 2147 537 Α
2172 471 2456 529 nisterium
2487 466 2699 529 mortis,
2725 465 2779 518 in
2800 459 2999 517 litteris
3023 457 3319 513 formatum
3353 452 3405 506 in

509 568 1029 638 loquitur.Christus
1064 569 1170 623 “‘7
1205 588 1224 621 ο
1260 569 1400 635 Quid
1418 567 2071 640 ergomihiOpusestcir-

510 660 845 714 cumcisione
876 657 1009 730 (72),
1042 674 1163 713 cum
1207 660 1411 729 possim
1453 668 1508 714 et
1548 660 1600 713 in
1629 660 1891 728 praeputio
1911 658 2073 728 justi-

512 751 662 804 tlcari
683 749 708 804 τ
733 748 800 803 Et
827 750 1085 819 scriptum
1119 759 1203 804 est
1233 766 1247 807 :
1288 769 1305 801 ι
1347 748 1404 803 Si
1438 750 1563 819 quis
1587 750 1944 804 circumcisus
1968 757 2070 814 est,

511 856 622 895 non
670 841 899 895 adducat
947 839 1309 908 praeputium;
1344 849 1437 893 ant
1473 839 1516 894 si
1549 840 1672 908 quis
1719 840 1773 893 in
1814 839 2073 910 praeputio

513 942 615 991 est.
648 948 752 986 non
780 930 1200 985 circumcidatur
1230 948 1246 986 :
1284 939 1574 1000 utrumque
1608 932 1753 985 enim
1796 932 1927 987 nihil
1970 940 2071 996 est,

515 1023 620 1077 nisi
650 1022 952 1077 observatio
991 1021 1365 1076 mandatorum
1404 1021 1493 1075 Dei
1513 1021 1562 1053 "
1584 1020 1715 1093 (75).
1741 1041 1758 1072 ι
1783 1021 1919 1075 Cum
1947 1035 2075 1089 ergo

516 1115 726 1168 nullum
758 1114 927 1183 possit
963 1113 1172 1167 salvare
1201 1112 1568 1179 circumcisio,
1606 1129 1710 1169 non
1746 1127 2075 1183 magnopere

516 1205 839 1276 requirenda
869 1212 984 1269 est;
1018 1205 1251 1258 maxime
1299 1218 1423 1257 cum
1457 1204 1504 1257 si
1533 1204 1656 1272 quis
1704 1202 1757 1259 in
1809 1201 2074 1272 praeputio

516 1303 741 1351 vocatus
774 1294 937 1348 fuerit
959 1304 1014 1349 et
1036 1293 1350 1349 circumcidi
1377 1294 1629 1358 voluerit,
1656 1292 1917 1347 continuo
1940 1307 2075 1361 prae-

516 1389 785 1443 varicator
815 1387 950 1457 legis
979 1386 1089 1458 (74)
1109 1385 1388 1441 eﬂiciatur.
1420 1385 1477 1439 Si
1510 1384 1656 1441 enim
1691 1382 2075 1446 circumcidor,

518 1486 572 1532 et
611 1476 864 1530 mandata
902 1475 1036 1545 legis
1078 1473 1344 1542 adimpleo
1394 1482 1455 1527 ut
1497 1472 1691 1528 salvari
1725 1472 1958 1541 possim;
1992 1471 2078 1523 in-

432 1612 439 1625 .
518 1565 874 1621 circumcisus
931 1572 985 1619 et
1042 1563 1097 1617 in
1146 1562 1407 1632 praeputio
1456 1562 1690 1631 positus,
1748 1560 1919 1614 multo
1963 1573 2081 1611 ma-

521 1658 611 1728 gis
674 1657 926 1711 mandata
975 1656 1288 1711 custodiens
1349 1654 1559 1709 habebo
1584 1654 1768 1708 vitam.
1803 1650 1861 1706 In
1887 1651 2080 1722 spiritu

521 1749 667 1803 enim
703 1746 1173 1801 circumcisionem
1213 1743 1393 1799 cordis
1444 1743 1647 1812 accepi,
1691 1756 1800 1796 non
1830 1742 1942 1811 jam
1992 1740 2080 1794 lit-

2177 564 2379 619 factum
2410 567 2494 615 est
2525 558 2580 612 in
2626 555 2815 627 gloria,
2849 552 2922 605 ita
2957 557 3016 603 ut
3048 562 3155 602 non
3185 549 3404 615 possent
3439 539 3534 593 ﬁlii
3571 538 3741 592 Israel

2176 653 2450 711 intendere
2498 650 2553 704 in
2602 647 2793 701 faciem
2827 640 2994 711 Moysi
3028 646 3243 708 propter
3272 632 3504 705 gloriam
3552 629 3743 683 vultus

2173 747 2293 818 ejus
2309 758 2429 814 qua:
2447 741 2690 796 aboletur
2712 738 2789 803 ⁸⁷;
2815 755 2832 786 ι
2856 742 2909 787 et
2930 732 3132 800 reliqua
3148 747 3161 783 :
3177 738 3352 782 tamen
3371 724 3608 795 gloriam
3624 736 3750 774 esse

2173 813 2465 894 confitetur
2495 833 2551 887 in
2590 831 2740 884 vultu
2775 826 2975 897 Moysi,
3007 821 3146 891 quod
3173 829 3255 875 est
3291 818 3532 872 amicum
3564 813 3749 866 nobis.

2176 930 2330 997 Quod
2381 928 2427 983 si
2472 918 2790 986 destruitur.
2834 928 2889 974 et
2928 917 3171 971 velamen
3220 912 3381 966 habet
3431 907 3549 977 (83)
3590 906 3751 959 lectio

2175 1023 2318 1092 ejus,
2365 1021 2467 1074 hoc
2495 1034 2582 1072 me
2633 1029 2745 1069 non
2792 1009 3098 1073 exacerbat,
3136 1019 3311 1074 neque
3344 1000 3670 1060 conturbat,
3704 997 3749 1051 si

2176 1088 2386 1167 tantum
2424 1110 2479 1162 in
2515 1123 2581 1163 eo
2631 1105 2803 1177 gloria
2832 1102 2920 1157 sit.
2955 1099 3138 1168 Neque
3177 1109 3307 1149 vero
3350 1091 3655 1161 omnigene
3696 1088 3751 1141 in

2176 1201 2570 1273 ignobilitatem
2623 1193 2733 1268 (84)
2770 1190 3051 1261 redigitur,
3083 1186 3224 1257 quod
3258 1185 3585 1273 destruetur
3619 1177 3749 1249 (85).

2176 1271 2313 1348 Cum
2347 1290 2491 1346 enim
2522 1288 2589 1343 de
2643 1284 2815 1357 gloria
2864 1282 3103 1351 disputat
3140 1276 3443 1345 Scriptura,
3478 1271 3662 1326 scisse
3699 1284 3755 1323 se

2176 1380 2510 1439 diﬂ‘crentias
2538 1376 2725 1447 gloriae
2767 1372 2876 1444 (86)
2913 1378 3139 1425 testatur
3170 1384 3185 1420 :
3218 1384 3238 1418 ι
3291 1365 3412 1417 Alia
3460 1362 3647 1419 enim,
3676 1360 3756 1412 in-

2177 1473 2316 1544 quit,
2335 1471 2503 1543 gloria
2528 1466 2638 1538 (87)
2656 1465 2807 1529 solis,
2826 1462 2930 1517 alia
2951 1460 3118 1532 gloria
3135 1458 3294 1520 lunze,
3309 1455 3413 1509 alia
3426 1452 3615 1544 gloria

2177 1539 2392 1627 larum;
2434 1560 2588 1616 stella
2621 1557 2765 1611 enim
2800 1570 2830 1608 a
2855 1553 3010 1607 stella
3040 1548 3217 1603 differt
3244 1548 3297 1601 in
3331 1544 3507 1614 gloria
3542 1542 3616 1594 ⁵⁸.
3654 1560 3674 1592 ι
3706 1539 3762 1595 Si

2179 1654 2324 1710 enim
2366 1651 2449 1706 sol
2493 1648 2752 1718 majorem
2803 1644 2963 1698 habet
2995 1640 3217 1711 gloriam
3254 1651 3418 1707 quam
3462 1635 3628 1698 luna,
3658 1646 3763 1684 non

2184 1746 2442 1803 continuo
2482 1744 2537 1797 in
2568 1738 2954 1811 ignobilitatem
2986 1736 3114 1789 luna
3154 1730 3437 1800 redigitur.
3485 1726 3573 1780 Ita
3624 1733 3683 1811 et
3717 1724 3762 1779 si

523 1848 653 1893 tera:
696 1838 807 1909 (75)
836 1852 932 1907 per
957 1845 1338 1900 atramentum,
1373 1835 1428 1888 in
1467 1849 1575 1904 quo
1605 1834 1725 1888 laus
1749 1847 1855 1887 non
1888 1847 1952 1885 ex
1983 1831 2079 1886 ho-

2190 1835 2447 1891 Dominus
2486 1844 2641 1886 meus
2680 1827 2839 1884 Jesus
2886 1825 3138 1882 Christus
3179 1820 3436 1891 praecellit
3477 1818 3536 1871 in
3595 1813 3767 1886 gloria

522 1924 782 1988 minibus,
804 1924 894 1978 sed
924 1938 990 1978 ex
1028 1921 1138 1978 Deo
1170 1933 1254 1980 est
1280 1923 1350 1978 ”.
1390 1920 1507 1977 Non
1539 1936 1668 1992 ergo
1707 1919 1974 1975 referatur
2014 1920 2082 1974 ad
2180 1927 2423 2000 Moysen,
2471 1934 2730 1995 tanquam
2780 1920 3042 1975 Dominus
3089 1915 3391 1973 famulum.
3426 1926 3544 1966 non
3583 1910 3771 1964 comi-

523 2031 611 2070 me
652 2015 1023 2085 hujuscemodi
1054 2014 1345 2070 incusatio.
1386 2012 1539 2068 Sicut
1562 2014 1706 2067 enim
1743 2012 1940 2082 aliquis
1969 2011 2081 2083 (76)
2184 2036 2295 2076 nuo
2319 2018 2619 2089 respuenda
2645 2027 2728 2072 es;
2750 2014 2919 2086 gloria
2942 2009 3113 2081 Moysi
3142 2026 3156 2061 :
3188 2008 3258 2061 ita
3280 2005 3430 2060 enim
3455 2015 3771 2071 possunt:

523 2106 676 2162 dives
734 2106 917 2160 multis
972 2106 1087 2160 auri
1132 2115 1301 2175 atque
1348 2105 1555 2176 argenti
1605 2104 1839 2169 lalenlis.
1899 2106 1974 2159 ita
2019 2113 2083 2159 ιιι
2187 2107 2503 2165 satisfacere
2528 2104 2888 2165 auditoribus,
2921 2100 3063 2156 sicut
3091 2106 3145 2153 et
3171 2095 3321 2150 verbi
3346 2095 3527 2164 ipsius
3563 2100 3765 2144 natura

526 2212 690 2252 omne
719 2195 831 2266 (77)
867 2197 1149 2252 domestici
1183 2213 1316 2252 usus
1339 2195 1702 2251 ministerium
1731 2211 1795 2251 ex
1828 2197 2086 2267 hujusce-

527 2286 674 2342 modi
704 2287 938 2343 metallis
962 2287 1155 2342 habeat
1178 2295 1464 2353 structum,
1491 2286 1546 2340 in
1569 2286 1721 2340 nullo
1740 2287 1887 2341 vasis
1908 2286 2086 2343 tictilis

527 2377 763 2447 speciem
797 2376 1059 2448 requirit;
1084 2376 1175 2432 sed
1201 2393 1309 2432 non
1339 2386 1623 2448 prapterea
1658 2377 1806 2450 ﬁguli
1831 2393 1969 2448 opus
1993 2387 2089 2433 aut

527 2484 619 2524 ars
665 2468 910 2524 llctilium
960 2467 1073 2540 (78)
1120 2480 1374 2522 vasorum
1409 2466 1478 2522 ab
1515 2481 1582 2521 eo
1611 2467 1922 2522 detestanda
1956 2477 2039 2523 est
2071 2485 2085 2522 :

529 2561 601 2616 ita
634 2561 795 2615 etiam
821 2576 919 2632 ego
949 2560 1118 2630 gratia
1164 2558 1257 2614 Dei
1282 2558 1431 2613 dives
1460 2557 1635 2614 factus
1700 2568 1754 2613 et
1779 2559 1960 2614 cordis
1985 2559 2091 2614 cir-

529 2652 916 2709 cumcisionem
948 2660 1270 2707 consecutus
1290 2650 1428 2721 (79),
1445 2664 1789 2721 nequaquam
1812 2651 2092 2707 vilissima:

531 2746 677 2801 illius
702 2743 1136 2800 circumcisionis
1160 2744 1398 2815 indigeo,
1416 2758 1517 2798 nec
1540 2750 1719 2797 tamen
1744 2742 1941 2797 malam
1964 2757 2087 2798 esse

531 2837 676 2894 dico.
704 2836 880 2891 Absit.
922 2834 1079 2903 Quod
1111 2835 1157 2890 si
1179 2835 1491 2907 diligentius
1526 2834 1593 2889 de
1621 2834 1706 2889 bis
1731 2833 1962 2889 voluerit
1992 2834 2093 2888 ali-

532 2928 655 2998 quis
683 2926 921 2992 edoceri,
949 2927 1184 2982 inveniet
1226 2927 1344 2981 haec
1390 2927 1445 2980 in
1480 2925 1592 2995 (80)
1635 2923 1875 2996 Epistola
1919 2924 2096 2996 prima

535 3020 777 3090 Apostoli
801 3019 1113 3089 plenissime
1134 3027 1360 3075 tractata
1388 3018 1521 3090 (8l).

605 3108 787 3163 XLIII.
816 3108 889 3164 De
929 3110 1230 3164 velamento
1262 3125 1390 3165 vero
1412 3108 1605 3181 Moysi,
1630 3115 1686 3164 et
1710 3107 1777 3163 de
1798 3106 2096 3164 ministerio

535 3199 748 3265 mortis,
781 3198 958 3253 dicam
987 3212 1237 3252 sermone
1263 3197 1604 3253 brevissimo.
1631 3194 1746 3251 Non
1771 3196 1916 3250 enim
1944 3196 2096 3253 valde

535 3288 672 3344 mihi
712 3289 824 3344 haec
872 3288 1150 3342 insinuare
1177 3286 1382 3356 aliquid
1423 3286 1683 3342 adversus
1718 3287 1889 3356 legem
1912 3286 2098 3343 viden-

536 3388 649 3437 tur.
680 3376 773 3435 Ait
797 3392 929 3450 ergo
953 3392 1133 3433 sermo
1154 3378 1467 3449 propositus
1493 3377 1604 3451 (82)
1640 3396 1654 3433 :
1687 3395 1707 3430 ι
1735 3376 1889 3444 Quod
1911 3377 1959 3433 si
1996 3377 2098 3433 mi-

608 3541 679 3575 W‘
708 3539 754 3596 II
774 3539 903 3597 Cor.
926 3556 1047 3608 xtn,
1073 3541 1127 3599 3.
1200 3540 1248 3575 ⁸⁸
1276 3540 1444 3599 lCor.
1479 3557 1577 3609 vn,
1614 3542 1701 3598 I8.
1774 3542 1822 3576 “
1848 3540 2007 3601 Rom.
2041 3559 2103 3612 ιι,
2139 3542 2227 3600 29.

538 3627 595 3678 ν,
636 3613 724 3667 II.

674 3825 727 3891 εὶ)
753 3825 897 3878 Idem
927 3826 1113 3891 codex,
1152 3844 1171 3878 ι
1205 3826 1573 3882 circumcisio.
1621 3845 1641 3877 ι

642 3894 733 3966 73)
773 3894 963 3966 Melius
1003 3894 1229 3966 Vulgata
1270 3895 1426 3966 juxta
1470 3896 1627 3951 ﬁdem
1654 3895 1825 3954 Graeci
1870 3907 2091 3953 textus:

669 3964 990 4020 irenmcisus
1036 3964 1231 4034 aliquis
1276 3964 1500 4021 vocatus
1544 3968 1666 4021 est?
1710 3985 1816 4022 non
1864 3969 2098 4023 adducat

544 4036 887 4106 praeputium.
924 4036 980 4089 In
1017 4035 1290 4160 grmputio
1337 4036 1534 4105 aliquis
1572 4049 1793 4092 vocatus
1842 4037 1962 4092 est?
1991 4054 2098 4092 non

546 4106 985 4160 circumcidatur.
1065 4105 1373 4160 ircumcisio
1402 4105 1538 4158 nihil
1569 4114 1671 4160 est.
1698 4117 1751 4160 et
1781 4109 2098 4160 nraeoutinm

546 4105 985 4177 circumcidatnr.
1017 4105 1373 4160 Circumcisio
1402 4105 1538 4177 nihil
1569 4114 1671 4169 est,
1698 4117 1751 4161 et
1781 4109 2099 4177 praeputium

548 4175 684 4230 nihil
712 4182 794 4228 est
826 4193 839 4228 :
870 4176 961 4229 sed
993 4176 1298 4229 observatio
1332 4174 1709 4230 mandatorum
1750 4174 1864 4231 Dei.
1891 4174 1921 4229 ⁷»

550 4242 731 4370 ιθ((34)
763 4244 942 4300 Codex
969 4244 1270 4311 Bobiensis,
1305 4262 1325 4296 ι
1359 4245 1675 4315 praedicator
1704 4246 1858 4318 legis,
1896 4266 1915 4299 ι
1952 4247 2095 4302 mala

661 4331 728 4367 I0.

661 4331 728 4367 I0.

622 4383 1095 4455 (75))Legendu_m
1122 4381 1370 4455 forsitan,
1404 4401 1436 4455 ε
1482 4383 1684 4446 littera,
1722 4404 1741 4437 ι
1768 4393 1847 4455 θυι
1875 4401 1997 4440 cum
2032 4385 2096 4441 D.

638 3753 725 3825 7t)
750 3753 896 3809 Idem
935 3755 1124 3824 codex,
1155 3774 1176 3808 ι
1215 3755 1422 3822 dicens,
1448 3756 1899 3825 experimentum.
1936 3776 1956 3810 ι

551 3752 668 4020 ,ἓ

550 4450 1363 4541 I’aulri’loco‘inA’IEinstolaAad.
1404 4450 1679 4511 Romanos
1712 4454 1779 4509 ad
1810 4472 1971 4526 quem
2000 4456 2101 4509 Ar—
2136 4486 2175 4541 ο

551 4524 774 4578 chelaus
804 4523 1047 4592 respicit.
1080 4523 1389 4577 concordet.

649 4593 735 4660 76)
763 4591 1236 4647 Male’Casinensis
1254 4595 1446 4660 codex,
1487 4612 1506 4646 ι
1537 4594 1696 4649 alius.
1731 4613 1752 4647 ι

648 4661 734 4732 77)
765 4661 1066 4732 Bobiensis,
1102 4681 1120 4713 ι
1155 4663 1369 4716 talentis
1408 4665 1661 4732 repletus,
1696 4666 1770 4719 ita
1798 4679 1977 4719 omne.
2009 4683 2029 4716 ι

647 4730 734 4805 78)
764 4732 955 4805 Codex“
993 4730 1292 4805 Bobiensis,
1332 4750 1352 4783 ι
1403 4730 1547 4802 figuli
1596 4751 1733 4805 opus
1781 4734 1982 4801 aufers,
2012 4743 2107 4789 aut

552 4800 821 4876 ﬁctilium.
861 4820 882 4854 δ
917 4800 1230 4876 Casiniensis
1259 4818 1406 4876 vero,
1438 4800 1586 4876 figuli
1620 4800 1757 4876 opus
1785 4814 1838 4860 et
1877 4800 1975 4860 ars
2014 4814 2109 4859 aut

552 4873 833 4948 ﬁctilium;
862 4889 881 4922 ι
916 4872 1008 4926 sed
1041 4872 1250 4948 videtur
1270 4872 1574 4943 legendum,
1604 4894 1624 4927 ι
1655 4872 1804 4948 liguli
1831 4891 1989 4945 opus,
2014 4883 2110 4929 aut

558 4958 650 4998 ars
673 4941 937 5006 fictilium,
968 4961 987 4993 ι
1022 4942 1099 4995 uti
1120 4941 1455 4999 editum’est.
1561 4941 1566 4943 ’
1697 4941 1723 4948 ⁷
1865 4941 1884 4945 ’
2020 4988 2027 4995 .

627 5011 740 5091 (79)
791 5010 970 5091 Codex
1018 5010 1324 5091 ligihiensis,
1359 5030 1378 5064 ‹
1435 5012 1587 5069 dives
1635 5013 1811 5070 factus
1857 5029 2000 5077 sum,
2053 5021 2109 5069 et

554 5081 736 5154 cordis
780 5081 1245 5154 circumcisionem
1292 5093 1638 5154 consecutus,
1681 5100 2042 5154 nequaquam.
2083 5103 2101 5135 ι

557 5152 625 5205 At
674 5150 1006 5212 Casinensis,
1060 5170 1077 5192 ι
1113 5150 1260 5203 dives
1311 5150 1486 5207 factus
1540 5163 1593 5208 et
1626 5150 2109 5209 'circumcisionem

557 5232 904 5284 consecutus,
937 5235 1037 5275 nec
1075 5235 1423 5290 queinquam.
1461 5241 1479 5273 ι
1513 5222 1622 5277 Nos
1665 5223 2015 5278 Casinensem
2044 5239 2112 5277 ex

559 5289 811 5345 Bobiensi
861 5290 1058 5363 partim
1096 5289 1498 5359 ’supplevimus,
1549 5295 1748 5362 partim
1799 5293 2110 5348 emendavi-

561 5376 701 5414 mus.

633 5429 744 5499 (80)
796 5427 1353 5502 Ερὶδιοιαηιρνὶηιαηι
1403 5431 1649 5502 intelligit
1697 5430 1991 5500 Epistolam
2046 5432 2111 5488 ad

564 5496 849 5573 Ilo'nianos'
873 5517 1033 5573 quam
1069 5496 1552 5573 ah_antiquissimis
1575 5496 1831 5557 Ecclesia:
1860 5504 2116 5573 tempori-

562 5569 666 5641 bus
700 5570 932 5641 primum
971 5570 1108 5624 inter
1130 5569 1572 5641 Pauli‘epistolas
1606 5574 1783 5627 locum
1836 5569 2112 5637 habuisse,

562 5637 737 5712 yelex
771 5639 1140 5712 hocArchelai
1161 5642 1290 5712 loco
1323 5637 1564 5711 apparet.
1598 5642 1729 5697 Vide
1761 5641 2116 5712 Epiphanium

565 5708 617 5763 in
650 5706 838 5782 haeresi
862 5709 949 5782 42,
979 5710 1069 5762 ubi
1094 5711 1306 5765 crimini
1336 5706 1493 5767 vertit
1514 5706 1963 5782 Marcioni,'quod
1994 5712 2119 5782 Epi-

566 5776 758 5837 Stolam
786 5782 851 5833 ad
884 5778 1158 5834 Romanos
1180 5790 1372 5851 quarto
1400 5783 1517 5839 loco
1545 5784 1683 5838 inter
1716 5776 1789 5838 D.
1806 5776 1955 5837 Pauli
1991 5776 2116 5859 Epi-

2183 2199 2469 2272 persuadet
2503 2196 2638 2269 (88),
2673 2211 2740 2251 ex
2795 2190 3113 2262 Scripturis,
3140 2202 3259 2258 qua:
3297 2186 3566 2248 dicimus,
3617 2183 3761 2237 allir-

2187 2301 2398 2348 mantes
2436 2290 2520 2345 vel
2573 2297 2717 2345 certe
2769 2286 2933 2341 etiam
2988 2280 3248 2350 exemplis
3300 2292 3363 2332 ea
3411 2273 3763 2330 manifestius

2190 2382 2627 2453 comprobantes.
2665 2379 2723 2434 Si
2751 2379 2873 2449 quis
2911 2377 3185 2431 lucernam
3221 2368 3541 2426 accenderit
3577 2375 3763 2431 noctu,

2188 2490 2310 2531 cum
2336 2475 2419 2529 sol
2448 2483 2602 2529 ortus
2637 2472 2820 2537 fuerit,
2851 2481 3021 2540 parvo
3052 2465 3287 2519 lucernae
3308 2463 3437 2533 igne
3474 2474 3593 2513 non
3628 2457 3764 2513 indi-

2189 2575 2295 2638 get,
2328 2575 2548 2637 propter
2571 2565 2911 2635 splendorem
2943 2559 3074 2616 solis
3104 2557 3303 2626 ubique
3335 2552 3645 2614 radiantis;
3671 2548 3763 2603 sed

2190 2672 2299 2711 non
2331 2656 2453 2710 ideo
2475 2655 2672 2725 abjecit
2706 2655 3005 2715 lucernam,
3032 2648 3197 2704 veluti
3235 2644 3576 2701 contrariam
3627 2641 3760 2705 soli;

2191 2748 2322 2818 quin
2363 2748 2543 2818 potius
2584 2755 2861 2815 comperto
2894 2744 3014 2815 ejus
3057 2757 3181 2803 usu,
3232 2739 3394 2793 etiam
3449 2735 3767 2805 diligentius

2193 2839 2430 2895 servavit
2468 2836 2605 2909 (89).
2638 2837 2943 2892 Custodivit
2984 2849 3112 2905 ergo
3140 2831 3400 2904 populum
3447 2828 3539 2882 lex
3595 2824 3764 2897 Moysi

2193 2939 2452 3001 tanquam
2476 2930 2718 2993 lucerna,
2751 2942 3037 2997 usquequo
3061 2925 3143 2980 sol
3170 2923 3327 2977 nobis
3356 2936 3524 2974 verus
3563 2918 3752 2972 Salva-

2196 3032 2281 3077 tor
2311 3032 2496 3077 noster
2544 3021 2799 3086 oriretur,
2825 3019 2967 3073 sicut
3010 3026 3063 3072 et
3090 3018 3166 3071 ait
3200 3034 3214 3069 :
3254 3034 3274 3065 ‹
3331 3011 3397 3066 Et
3432 3009 3763 3065 illuminabit

2196 3113 2445 3169 Christus
2489 3111 2557 3167 ⁸⁹.
2616 3129 2636 3164 ι
2685 3109 2788 3165 Sed
2833 3109 2978 3179 quod
3029 3108 3162 3163 dicit
3197 3125 3212 3160 :
3254 3123 3273 3157 ι
3309 3101 3595 3160 Obscurati
3631 3106 3762 3154 sunt

2198 3217 2388 3259 sensus
2438 3217 2651 3257 eorum.
2684 3199 2869 3271 Usque
2910 3200 2966 3254 in
3015 3197 3337 3252 hodiernum
3382 3192 3520 3247 enim
3573 3191 3761 3261 ipsum

2196 3292 2443 3347 velamen
2477 3298 2661 3346 manet
2688 3290 2743 3345 in
2775 3290 3004 3346 lectione
3039 3287 3150 3358 (90)
3170 3286 3367 3343 veteris
3392 3281 3758 3340 Testamenti.

2198 3378 2318 3435 Non
2368 3379 2639 3435 revelatur
2659 3420 2677 3450 ,
2728 3380 2857 3452 quia
2906 3380 2963 3435 in
3004 3378 3221 3435 Christo
3271 3370 3571 3433 destruitur
3623 3372 3760 3443 (91).

2328 3545 2371 3577 "
2403 3543 2444 3599 II
2477 3544 2604 3600 Cor.
2646 3561 2728 3610 ιιι,
2773 3544 2825 3600 7.
2898 3542 3134 3601 "lCor.
3160 3559 3249 3610 xv,
3281 3543 3370 3597 4i.
3470 3542 3519 3574 "
3559 3540 3757 3611 Ephes.

2197 3758 2365 3814 stolas
2396 3757 2757 3813 collocaverit.
2793 3755 2926 3811 Vide
2954 3757 3115 3811 etiam
3145 3771 3308 3825 supra
3336 3768 3459 3823 cap.
3495 3752 3593 3806 54.

2267 3827 2381 3899 (81)
2421 3827 2558 3883 Male
2581 3828 2785 3884 codicis
2818 3826 3121 3894 Bobiensis,
3153 3844 3173 3878 ι
3208 3826 3522 3896 plenissime
3547 3831 3766 3891 pertra-

2198 3907 2373 3954 ctans.
2416 3917 2435 3951 ι

2273 3967 2385 4039 (89.)
2415 3967 2551 4023 Male
2593 3968 2795 4039 codicis
2836 3965 3137 4034 Bobiensis,
3172 3983 3193 4017 ι
3226 3962 3592 4036 prepheticus.
3632 3979 3654 4011 ι
3691 3957 3769 4014 Et

2205 4053 2355 4095 mox.
2388 4056 2406 4089 ι
2443 4039 2635 4093 litteris
2666 4038 2958 4091 ﬁrmatum.
3007 4056 3025 4089 ι

2279 4107 2392 4177 (85)
2418 4107 2703 4177 Bobiensis
2732 4109 2920 4170 codex,
2956 4126 2974 4158 ι
3007 4107 3051 4162 si
3084 4104 3266 4159 habet.
3312 4121 3331 4154 ι

2273 4171 2382 4246 (84)
2419 4178 2593 4234 Codex
2622 4176 2900 4231 Bobiensis
2927 4184 2981 4231 et
3002 4177 3090 4231 hic
3119 4181 3431 4243 corruptam
3461 4171 3758 4246 lectionem

2199 4241 2449 4312 exhibet,
2512 4262 2731 4315 nempe,
2791 4264 2810 4297 ι
2870 4247 3071 4314 gloria;
3161 4241 3336 4314 neque
3399 4258 3560 4315 vero,
3617 4241 3769 4315 outni

2204 4332 2478 4388 generem
2511 4312 2806 4371 nobilitate.
2843 4312 3144 4372 {Valesius
3177 4312 3320 4370 recte
3339 4314 3619 4378 emendat,
3657 4331 3679 4362 ι
3714 4312 3779 4365 in

2202 4387 2617 4457 ignobilitatem.
2634 4406 2675 4457 3

2300 4456 2389 4520 85)
2417 4456 2599 4511 Codex
2630 4455 2931 4520 Bobiensia,
2966 4474 2985 4507 ι
3026 4454 3344 4509 destruitur.
3383 4472 3402 4504 ι

2297 4522 2386 4593 86)
2422 4526 2563 4581 Idem
2602 4527 2790 4591 codex,
2830 4545 2848 4576 ι
2886 4527 2994 4581 scis
3032 4540 3153 4579 esse
3183 4523 3511 4579 differentias
3545 4522 3770 4593 gloria;

2205 4594 2309 4651 alia
2335 4594 2476 4667 enim
2506 4596 2750 4667 gloria.)
2784 4594 2919 4650 Mala
2949 4595 3126 4667 lectio.

2279 4660 2661 4746 (87)_Vui'gat_a,
2702 4664 3154 4746 Irenreusnlilian,
3179 4679 3298 4733 cap.
3332 4662 3512 4746 Ἥξει
3542 4660 3773 4746 Cypria-

2207 4732 2312 4791 nus
2348 4732 2441 4791 Iih.
2477 4732 2556 4799 ιιῐ,
2593 4736 2808 4790 Testim.
2837 4738 2904 4789 ad
2928 4732 3381 4802 Quirinum,’cap.
3412 4733 3504 4796 58,
3545 4732 3770 4793 habent,

2213 4824 2233 4857 ι
2267 4806 2507 4870 claritas,
2543 4825 2575 4876 ιν
2596 4821 2693 4875 pro
2724 4825 2743 4856 ι
2780 4807 2972 4876 gloria.
3006 4824 3025 4857 ι
3062 4805 3164 4858 Sed
3197 4813 3463 4876 posti-enm
3508 4802 3773 4876 voxﬂph-

2208 4876 2322 4931 cuit
2345 4878 2505 4930 etiam
2538 4871 2870 4931 Tertullia'no
2898 4876 2968 4929 De
2989 4871 3421 4937 restari-(carnis,
3450 4887 3577 4941 cap.
3606 4871 3702 4925 52.

2281 4945 2390 5017 (88)
2414 4945 2945 5017 Bobiensis.¢natura
2966 4947 3351 5017 demonstrat.»
3367 4944 3515 5005 Mox,
3540 4960 3561 4993 ι
3588 4956 3773 4997 exem-

2210 5016 2323 5086 plis,
2354 5014 2714 5072 manifestius.
2757 5035 2775 5068 ι
2823 5015 2888 5070 Et
2915 5014 3075 5079 infra,
3116 5034 3136 5066 ι
3172 5015 3543 5086 δοιίειιοῑιιιεκ
3570 5032 3591 5064 ι

2284 5085 2395 5153 (89)
2429 5086 2484 5141 In
2517 5089 2700 5143 codice
2729 5086 3000 5151 Bobiensi,
3042 5104 3062 5136 ι
3097 5085 3351 5140 servabit.
3386 5103 3407 5137 ι
3441 5082 3583 5135 Male
3615 5081 3775 5137 Casi-

2210 5157 2394 5209 nensis
2432 5157 2622 5220 codex,
2658 5177 2676 5209 ι
2711 5158 3033 5210 observavit.
3077 5174 3094 5206 ι
3126 5154 3192 5207 Ει
3225 5153 3387 5218 infra,
3419 5171 3436 5203 ι
3472 5162 3770 5220 antequam

2212 5226 2461 5296 lucerna.
2488 5244 2509 5277 ι
2547 5226 2780 5281 Econtra
2825 5227 2975 5296 peior
3012 5227 3069 5280 in
3096 5225 3449 5296 sequentibus
3480 5220 3770 5296 Bobiensis

2212 5295 2418 5349 codicis
2453 5295 2631 5359 lectio,
2663 5298 2752 5349 ubi
2800 5292 2970 5350 sic'se
3015 5292 3194 5353 habet;
3230 5312 3249 5345 ι
3284 5295 3367 5347 sol
3406 5292 3570 5347 nobis
3608 5306 3773 5344 verus

2216 5365 2460 5418 Salvator
2498 5366 2724 5429 orietur,
2759 5366 2898 5421 sicut
2942 5366 3037 5430 ait,
3073 5374 3127 5419 et
3163 5363 3435 5419 illuminat
3475 5362 3581 5416 tibi
3617 5361 3772 5415 Chri-

2214 5444 2350 5489 stus.
2383 5434 2487 5504 Sed
2514 5435 2605 5504 qui
2637 5436 2787 5489 dicit.
2831 5455 2849 5487 ι

2286 5504 2397 5573 (90)
2426 5498 2606 5559 Cod—ex
2647 5503 2949 5567 Bobiensis,
2980 5514 3032 5559 et
3062 5502 3291 5573 Vulgata
3319 5504 3391 5557 ita
3436 5503 3645 5573 legunt,
3677 5498 3775 5554 sed

2216 5574 2269 5628 in
2296 5573 2577 5629 Casinensi
2600 5574 2849 5641 habetur,
2879 5594 2900 5626 ι
2930 5582 3073 5629 tenet
3099 5583 3152 5629 et
3176 5578 3228 5626 in
3264 5575 3513 5629 lectione.
3549 5591 3569 5623 ι

2286 5644 2398 5714 (91)
2428 5644 2604 5699 Codex
2626 5639 2960 5709 Casinensis,
2992 5663 3011 5696 ι
3036 5646 3380 5708 destruetur;
3415 5663 3434 5694 ι
3461 5642 3623 5696 lectio
3650 5639 3780 5694 Vul-

2218 5722 2353 5784 gata:
2383 5716 2673 5782 contraria,
2696 5732 2817 5784 quae
2837 5716 2996 5770 etiam
3022 5714 3202 5776 habet,
3236 5733 3253 5765 ι
3285 5731 3390 5768 non
3415 5715 3723 5768 revelatum
3751 5729 3781 5762 ο,

2220 5785 2504 5874 u’trobique
2530 5787 2684 5857 juxta
2721 5788 2875 5842 fidem
2906 5785 3075 5842 Graeci
3111 5794 3310 5841 textus.
