3996 6208
244 370 380 425 1501

1327 372 1471 427 CUM
1511 372 1788 427 MANETE
1827 372 2352 429 HAZRESIARCHA.

3332 372 3468 427 {502

246 491 432 560 Usque
483 489 541 543 in
579 489 898 543 hodiernum
949 489 1116 556 enim,
1161 505 1284 545 cum
1331 489 1530 561 legitur
1575 489 1812 562 Moyses,
1841 496 1886 550 A
1915 508 2064 557 cens,
2105 491 2348 546 velamen
2387 505 2505 544 esse
2529 491 2763 559 positum
2799 490 2850 543 in
2879 489 3106 545 lectione
3134 486 3343 544 Veteris
3367 487 3469 543 Te-

243 583 492 637 velamen
528 589 610 634 est
635 580 873 648 positum
905 595 1067 649 super
1096 595 1188 634 cor
1215 595 1426 636 eorum.
1463 581 1599 636 Cum
1626 592 1804 636 autem

243 686 546 728 conversus
599 669 761 726 fuerit
819 672 886 726 ad
941 671 1268 736 Dominum,
1325 672 1602 728 auferetur
1658 674 1805 727 vcla-

243 783 367 823 men
391 766 524 836 (92).
550 765 814 820 Dominus
837 775 1015 820 autem
1043 765 1274 836 Spiritus
1294 777 1376 821 est
1402 767 1466 822 ‘°.
1496 786 1515 819 ι
1532 766 1670 833 Quid
1694 768 1804 838 (95)

244 859 458 928 inquit?
483 856 662 926 Usque
686 858 739 910 in
765 858 1154 913 hodiernumne
1183 875 1420 929 praesens
1447 869 1532 915 est
1557 859 1808 931 Moyses?

244 966 353 1004 non
385 949 659 1011 dormivit,
689 964 795 1002 non
826 950 1106 1019 requievit,
1137 966 1246 1004 non
1285 951 1547 1005 abscessit
1585 967 1616 1006 e
1661 951 1811 1005 vita?

243 1042 528 1109 Quomodo
558 1042 611 1094 in
641 1042 957 1096 hodiernum
988 1043 1098 1113 (94)
1133 1043 1305 1098 dicit?
1346 1042 1450 1098 Sed
1479 1043 1686 1099 intuere
1715 1059 1808 1099 ve-

243 1135 444 1198 lamen,
475 1133 566 1186 ubi
607 1133 757 1194 dicit,
790 1133 1026 1202 positum
1080 1150 1242 1203 supra
1283 1149 1378 1190 cor
1407 1151 1617 1197 eorum,
1644 1136 1698 1189 in
1731 1137 1807 1190 le-

243 1228 424 1282 ctione
464 1241 675 1280 eorum.
725 1223 851 1278 Herc
889 1233 972 1279 est
1014 1224 1126 1295 (93)
1159 1241 1262 1279 vox
1312 1235 1433 1294 qua:
1459 1228 1636 1297 arguit
1667 1228 1807 1284 filios

243 1319 430 1384 Israel,
478 1319 715 1388 legentes
755 1316 973 1388 Moysen
1010 1327 1064 1372 et
1112 1333 1220 1371 nou
1272 1319 1663 1389 intelligentes,
1711 1336 1806 1375 ne-

241 1426 351 1481 que
393 1417 764 1465 eonvertentes
812 1425 871 1463 se
920 1409 986 1462 ad
1027 1406 1343 1472 Dominum;
1385 1411 1641 1479 quoniam
1692 1411 1806 1481 ipse

241 1513 347 1566 est,
379 1502 472 1570 qui
515 1516 546 1554 a
579 1499 762 1571 Moyse
813 1500 1166 1569 prophetatus
1208 1510 1286 1554 est
1330 1502 1533 1555 venire.
1572 1501 1686 1556 Hoc
1723 1512 1807 1556 est

242 1593 509 1656 velamen,
544 1592 692 1662 quod
738 1604 854 1646 erat
899 1591 1138 1660 positum
1180 1607 1342 1661 super
1376 1590 1568 1647 faciem
1613 1593 1803 1664 Moysi,

239 1685 385 1752 quod
441 1693 524 1737 est
591 1691 972 1737 testamentum
1037 1683 1156 1752 ejus
1233 1683 1316 1752 ⁶¹;
1387 1687 1462 1741 ait
1536 1689 1682 1742 enim
1747 1688 1801 1742 in

241 1777 356 1846 lege
379 1774 529 1846 (96):
569 1794 588 1825 ι
615 1773 733 1828 Νοη
764 1775 976 1830 deficiet
1026 1775 1277 1847 princeps
1323 1794 1390 1833 ex
1436 1777 1595 1844 Juda,
1627 1795 1804 1849 neque

240 1868 350 1922 dux
404 1866 472 1920 de
531 1865 830 1921 femoribus
884 1867 1000 1936 ejus
1032 1907 1046 1932 ,
1111 1883 1394 1938 usquequo
1450 1872 1631 1924 veniat
1690 1868 1803 1941 (97)

241 1958 402 2027 cujus
443 1964 526 2012 est
557 1956 703 2027 (98),
734 1966 788 2011 et
825 1957 938 2027 ipse
969 1957 1070 2012 erit
1109 1959 1441 2028 exspectatio
1464 1961 1702 2030 gentium
1736 1961 1800 2014 “.

237 2047 348 2115 Qui
387 2049 629 2118 alligabit
659 2047 767 2120 (99)
804 2051 869 2103 ad
891 2050 1054 2104 vitem
1083 2050 1288 2119 pullum
1323 2067 1506 2117 suum,
1535 2061 1587 2106 et
1615 2052 1679 2106 ad
1708 2067 1803 2121 op-

242 2142 434 2196 timam
483 2143 643 2197 vitem
681 2142 884 2211 pullum
918 2143 1085 2197 asinae
1134 2159 1264 2197 suaz.
1318 2142 1542 2198 Lavabit
1586 2145 1640 2197 in
1681 2145 1805 2198 vino

241 2229 438 2283 stolam
461 2245 640 2295 suam,
659 2229 788 2284 etin
812 2232 1074 2301 sanguine
1094 2248 1207 2286 uvm
1225 2232 1598 2286 indumentum
1618 2249 1798 2288 suum.

243 2321 448 2379 Suffusi
473 2323 616 2378 oculi
645 2324 721 2393 (1)
747 2323 866 2392 ejus
891 2339 921 2378 a
947 2325 1092 2388 vino,
1141 2333 1194 2378 et
1226 2325 1438 2380 candidi
1466 2325 1655 2380 dentes
1684 2327 1802 2396 ejus

240 2429 270 2465 ει
301 2412 458 2480 lacte,
518 2433 537 2466 ι
580 2423 634 2469 et
676 2415 902 2484 reliqua.
949 2414 1052 2481 Qui
1092 2417 1252 2470 etiam
1279 2426 1330 2470 et
1371 2418 1511 2472 unde
1545 2428 1803 2474 venturus

238 2512 384 2558 esset
422 2505 760 2574 designavit,
821 2505 1005 2559 dicens
1040 2524 1053 2559 :
1097 2524 1116 2557 ι
1160 2505 1482 2575 Prophetam
1514 2507 1667 2562 vobis
1704 2523 1801 2562 su-

238 2595 454 2650 scitabit
511 2595 769 2650 Dominus
818 2594 960 2650 Deus
1013 2612 1080 2650 ex
1125 2596 1380 2651 fratribus
1419 2597 1612 2652 vestris
1661 2598 1802 2652 sicut

239 2704 355 2753 me;
385 2689 558 2757 ipsum
582 2688 761 2742 audite
791 2688 888 2742 ⁸³.»
914 2686 978 2741 Et
998 2688 1212 2757 quidem
1237 2688 1361 2757 quia
1384 2704 1489 2742 non
1522 2688 1693 2758 possit
1714 2689 1800 2742 in-

239 2781 406 2850 telligi
464 2781 568 2836 hoc
602 2781 667 2834 de
709 2779 834 2834 Jesu
865 2778 1010 2833 Nave
1054 2780 1128 2849 (2)
1171 2781 1371 2834 dictum
1396 2795 1533 2843 esse,
1568 2779 1798 2834 manife-

236 2881 384 2926 stum
415 2881 515 2930 est.
561 2871 702 2925 Nihil
733 2873 874 2925 enim
926 2871 1087 2941 hujus
1120 2872 1547 2927 circumeisionis
1592 2873 1647 2925 in
1682 2873 1800 2941 ipso

239 2963 546 3028 invenitur;
593 2962 765 3017 adhuc
804 2963 947 3017 enim
981 2979 1046 3018 ex
1070 2961 1207 3017 Juda
1242 2979 1394 3031 reges
1426 2962 1642 3018 fuerunt
1675 2971 1798 3032 post

238 3057 442 3125 ipsum,
478 3063 532 3108 et
567 3053 685 3108 ideo
717 3054 891 3108 aliena
937 3054 1092 3122 longe
1124 3064 1206 3108 est
1236 3055 1303 3108 ab
1340 3069 1403 3108 eo
1431 3053 1542 3107 haec
1568 3054 1796 3123 prophe-

1913 584 2189 649 stamenti,
2235 593 2456 652 propter
2484 583 2626 653 quod
2653 583 2699 636 is
2725 582 2816 651 qui
2853 584 3146 651 appellatur
3168 583 3468 652 antiquitus

1915 674 2099 739 Israel,
2152 684 2429 742 exspectat
2474 679 2762 728 adventare
2787 671 3082 737 Christum,
3122 689 3228 726 non
3263 673 3466 727 intelli-

1909 777 2093 837 gentes
2121 766 2196 835 (4)
2237 767 2365 832 quia
2405 766 2716 820 defecerunt
2747 779 2809 817 ex
2838 762 2974 818 Juda
3002 765 3291 835 principes,
3324 777 3375 817 et
3397 781 3464 820 ex

1913 857 2208 912 femoribus
2233 857 2350 926 ejus
2387 857 2584 920 duces;
2623 855 2762 910 sicut
2793 870 2937 909 nunc
2976 855 3215 910 videmus
3250 859 3465 926 regibus

1909 963 2003 1002 eos
2045 949 2484 1019 principibusque
2528 946 2802 1015 subjectos
2849 946 2925 1015 (5)
2961 947 3157 1000 tributa
3201 951 3464 1016 pendere,

1909 1041 2056 1095 nulla
2089 1041 2192 1096 sibi
2225 1049 2486 1107 potestate
2513 1041 2594 1093 vel
2630 1039 2906 1108 judicandi
2939 1039 3018 1091 vel
3055 1041 3309 1109 puniendi
3332 1057 3466 1096 con-

1907 1149 2083 1200 cessa,
2133 1133 2276 1188 sicut
2305 1132 2471 1186 Judas
2517 1132 2704 1186 habuit
2730 1173 2744 1198 ,
2779 1132 2903 1200 quia
2951 1129 3188 1185 Thamar
3218 1133 3283 1200 “,
3317 1142 3470 1203 post-

1907 1239 2136 1294 eaquam
2184 1224 2658 1289 condemnaverat,
2709 1224 2882 1295 potuit
2909 1222 3224 1291 justiticare.
3277 1225 3379 1279 Sed
3412 1232 3470 1281 et

1905 1315 2158 1371 videbitis
2185 1314 2275 1386 .(6)
2317 1315 2482 1369 vitam
2514 1322 2746 1369 vestram
2775 1313 3094 1384 pendentem
3125 1323 3248 1368 ante
3278 1315 3467 1370 oculos

1906 1417 2116 1463 vestros
2145 1408 2212 1462 ".

1975 1499 2163 1554 XLIV.
2213 1498 2386 1554 Habet
2433 1497 2598 1553 etiam
2647 1497 2735 1554 hic
2780 1514 2958 1553 sermo
2987 1499 3249 1553 velamen.
3284 1496 3466 1568 Usque

1907 1592 1973 1646 ad
2017 1589 2283 1646 Herodem
2315 1591 2457 1645 enim
2493 1605 2560 1645 ex
2595 1598 2745 1658 parte
2785 1590 2964 1660 aliqua
3015 1605 3239 1660 regnum
3283 1598 3466 1644 tenere

1907 1681 2267 1748 videbantur;
2316 1682 2385 1736 ab
2415 1681 2663 1752 Augusto
2693 1692 2869 1736 autem
2901 1682 3075 1751 prima
3102 1683 3354 1751 ascriptio
3385 1680 3465 1751 (7)

1907 1774 1960 1828 in
1998 1774 2078 1826 eis
2113 1772 2254 1828 facta
2294 1784 2396 1839 est,
2454 1783 2506 1829 et
2557 1782 2834 1842 coeperunt
2883 1773 3081 1826 tributa
3127 1774 3379 1842 pendere,
3413 1758 3468 1827 et

1909 1879 2131 1920 censum
2159 1865 2306 1918 dare.
2345 1864 2420 1918 Ex
2460 1880 2567 1934 quo
2602 1863 3072 1919 autem‘Dominus
3100 1874 3285 1919 noster
3306 1863 3465 1920 Jesus

1905 1966 2115 2025 cceptus
2181 1966 2264 2012 est
2320 1959 2630 2027 prophetari
2686 1968 2848 2027 atque
2898 1958 3232 2027 exspectari,
3285 1972 3350 2011 ex
3401 1971 3468 2011 eo

1905 2047 2177 2117 principes
2222 2063 2288 2101 ex
2334 2046 2472 2101 Juda
2515 2063 2636 2103 esse
2664 2057 2945 2117 coeperunt
2980 2057 3034 2101 et
3060 2048 3225 2102 duces
3261 2046 3464 2116 populi,

1907 2138 2000 2208 qui
2055 2155 2272 2194 rursum
2321 2139 2634 2195 defecerunt
2686 2140 2740 2193 in
2782 2140 3014 2193 adventu
3048 2138 3124 2209 (8)
3166 2139 3468 2209 praesentiae

1905 2232 2044 2301 ejus.
2076 2232 2133 2286 Si
2164 2248 2291 2304 ergo
2323 2231 2600 2286 auferatur
2621 2233 2860 2287 velamen
2886 2233 3028 2302 quod
3053 2232 3104 2284 in
3125 2232 3214 2284 illa
3239 2231 3469 2286 lectione
3556 2262 3562 2270 ε

1904 2324 2138 2394 positum
2172 2334 2273 2391 est,
2305 2324 2602 2393 intelligent
2625 2324 2700 2394 (9)
2725 2323 2979 2378 virtutem
3007 2322 3462 2386 circumcisionis,

1905 2416 2179 2470 invenient
2220 2427 2273 2471 et
2312 2418 2709 2487 generationem
2741 2415 2860 2484 ejus
2888 2430 3046 2484 quem
3074 2413 3456 2482 prtedicamus,

1904 2517 1957 2562 et
2000 2523 2240 2572 erucem,
2274 2517 2328 2562 et
2371 2520 2707 2578 quaecunque
2736 2508 2801 2560 de
2841 2507 3071 2562 Domino
3097 2515 3284 2560 nostro
3315 2515 3464 2574 gesta

1905 2608 2052 2663 sunt,
2091 2599 2206 2669 ipsa
2240 2614 2360 2654 esse
2401 2616 2521 2669 quae
2569 2599 2635 2654 de
2679 2615 2745 2654 eo
2804 2598 3022 2653 fuerant
3070 2597 3343 2666 praedicta.
3401 2595 3465 2650 Et

1903 2691 2062 2745 velim
2108 2689 2326 2760 quidem
2365 2691 2430 2744 de
2465 2689 2760 2759 Scripturis
2799 2689 3071 2754 discutere
3097 2701 3463 2756 unumquem-

1906 2797 2012 2852 que
2053 2797 2358 2837 sermonem
2406 2781 2540 2853 (IO),
2594 2789 2647 2835 et
2695 2779 2977 2835 ostendere
3023 2788 3083 2832 ut
3115 2778 3338 2848 intelligi
3368 2777 3464 2838 ,di-

1905 2890 2070 2944 gnum
2099 2881 2200 2927 est.
2234 2871 2338 2926 Sed
2369 2872 2624 2942 quoniam
2660 2889 2804 2928 nunc
2833 2871 2976 2926 aliud
3003 2879 3085 2926 est
3115 2871 3258 2941 quod
3286 2878 3460 2941 urget,

1902 2967 1969 3022 de
2002 2967 2213 3020 vacanti
2244 2967 2353 3032 (11)
2387 2965 2540 3021 nobis
2580 2967 2680 3020 ista
2724 2965 3007 3031 dicenturf;
3055 2965 3168 3018 haec
3205 2963 3349 3017 enim
3381 2963 3462 3016 di-

1905 3055 2048 3109 xisse
2073 3070 2220 3108 nunc
2257 3053 2470 3121 sufﬁcit,
2523 3063 2583 3108 ut
2620 3054 2968 3108 ostendamus
3002 3068 3111 3107 non
3149 3054 3267 3108 sine
3295 3068 3462 3108 causa

237 3147 332 3200 tia.
387 3143 453 3199 Et
495 3145 598 3200 hoe
625 3154 706 3200 est
731 3147 975 3202 velamen
1009 3149 1086 3218 (5)
1113 3190 1126 3215 ,
1171 3146 1314 3217 quod
1338 3156 1420 3201 est
1455 3147 1509 3200 in
1541 3145 1792 3217 Moysen;
1823 3187 1865 3244 ϐ
1900 3150 2146 3203 velamen
2185 3147 2421 3217 positum
2453 3163 2614 3216 super
2646 3162 2738 3201 cor
2764 3145 3121 3217 quorumdam
3149 3146 3201 3199 in
3233 3146 3464 3200 lectione

235 3251 413 3305 neque
443 3236 607 3305 enim,
639 3237 782 3292 sicut
819 3237 1050 3294 fortasse
1075 3238 1241 3308 aliqui
1282 3237 1652 3308 imperitorum
1693 3253 1794 3306 pu-

237 3323 374 3394 tant,
424 3327 647 3382 linteum
679 3328 899 3397 aliquod
943 3339 1035 3384 aut
1076 3330 1230 3400 pellis
1269 3328 1403 3395 fuit,
1439 3345 1560 3399 quae
1588 3329 1795 3383 vultum

234 3419 354 3488 ejus
380 3421 632 3489 operiret.
671 3419 776 3474 Sed
802 3422 1094 3490 Apostolus
1124 3423 1409 3492 diligenter
1439 3422 1674 3477 ostendit
1705 3422 1794 3477 di-

306 3535 350 3566 ⁶⁰
384 3533 424 3588 II
451 3534 581 3608 Cor.
613 3551 694 3608 l_lI,
725 3535 812 3590 11.
889 3537 930 3567 ⁶¹
955 3535 1124 3590 Exod.
1150 3553 1335 3607 xxxiv,
1359 3539 1457 3604 33;
1488 3537 1533 3591 II
1568 3539 1695 3594 Cor.
1727 3555 1801 3608 ιιι,

1905 3541 1945 3595 5.
2023 3542 2067 3573 ⁶²
2091 3541 2226 3596 Gen.
2259 3555 2409 3608 χιιι,
2437 3538 2526 3596 10.
2601 3540 2647 3576 ⁸³
2671 3538 2827 3602 Deut.
2860 3553 3018 3605 xvm,
3061 3536 3144 3598 l8.

233 3620 461 3660 xxxvm.
537 3607 582 3644 ⁸⁵
623 3605 781 3661 Deut.
809 3621 1001 3674 xxvut,
1067 3608 1121 3661 9.

303 3725 415 3850 (92)
437 3725 619 3789 Codex
653 3726 955 3788 Bobiensis,
985 3745 1004 3778 ι
1040 3726 1203 3782 fuerit
1229 3727 1352 3808 quis
1381 3729 1445 3783 ad
1473 3727 1785 3797 Dominum,

331 3806 508 3850 eretur
537 3796 804 3850 velamen.
851 3816 868 3848 ι
910 3796 1136 3850 Vulgata
1167 3814 1308 3850 enim
1347 3799 1526 3850 habet.
1575 3817 1593 3848 ‹
1631 3798 1785 3850 aufe-

233 3796 804 3867 aufereturvelamen.
851 3816 868 3848 ι
910 3796 1136 3867 Vulgata
1167 3799 1308 3851 enim
1347 3799 1526 3861 habet,
1575 3817 1593 3848 ‹
1631 3796 1787 3855 θυΐεὲ

236 3877 406 3922 retur.
449 3887 466 3920 ι
505 3866 571 3919 At
604 3868 657 3919 in
692 3866 977 3921 Casinensi
1005 3866 1190 3921 eodice
1219 3877 1300 3921 est
1335 3886 1352 3918 ‹
1396 3867 1658 3922 aufertur.
1693 3888 1712 3922 ι

307 3935 416 4006 (95)
445 3936 783 4006 Casinensis,
814 3956 832 3988 ‹
867 3937 1032 4006 quod,
1075 3957 1092 3988 ι
1125 3937 1268 3990 mala
1296 3938 1475 3993 lectio.

306 4005 418 4070 (94)
448 4006 628 4065 Codex
663 4005 967 4074 Bobiensis,
1013 4026 1032 4058 α
1071 4007 1331 4063 abscessit
1361 4008 1509 4063 vita?
1584 4005 1791 4072 Quam-

223 4075 408 4131 obrem
421 4091 549 4146 ergo
572 4075 625 4128 in
653 4076 992 4146 hodiernum.
1034 4097 1053 4130 ι

309 4146 424 4216 (95)
461 4145 601 4199 Idem
633 4145 825 4213 codex,
862 4167 880 4197 ι
918 4163 1078 4216 supra
1105 4163 1199 4201 cor
1227 4162 1437 4204 eorum.
1466 4147 1589 4203 Haec
1627 4159 1729 4204 est.
1773 4165 1793 4201 ι

297 4215 414 4340 (196}
451 4215 590 4338 litem
621 4217 812 4280 codex,
851 4235 869 4268 ι
900 4215 1176 4284 δὶιθηίω,
1216 4217 1473 4289 intellige,
1505 4238 1523 4270 ›
1559 4231 1614 4274 et
1648 4235 1797 4288 mox,

335 4301 364 4335 e
412 4301 451 4339 _u
493 4301 542 4338 a.
583 4304 600 4337 ι

239 4305 259 4337 σ
297 4301 364 4336 ae
387 4301 542 4339 M108.
583 4304 600 4337 l

309 4354 420 4423 (97)
455 4354 634 4429 Qodex
667 4353 972 4429 Bobiensis,
1014 4373 1033 4407 ι
1082 4355 1147 4409 de
1193 4354 1396 4429 femore
1447 4359 1565 4429 ejus
1601 4375 1800 4429 usque-

235 4439 346 4495 quo
380 4425 700 4497 veniat,_qui
729 4434 832 4497 est.
868 4443 886 4476 ι
936 4427 1199 4479 (Σεθῑριηιιιι
1237 4429 1337 4480 ista
1377 4425 1538 4497 hujus
1569 4425 1801 4483 loci—in-

1907 3239 2116 3297 Veteris
2152 3239 2503 3295 Testamenti.
2552 3239 2871 3309 Quicunque
2913 3255 3043 3294 vero
3072 3240 3138 3293 ad
3171 3238 3460 3293 Dominum

1905 3339 2314 3395 convertuntur,
2359 3331 2427 3385 ab
2479 3331 2546 3385 iis
2589 3330 2830 3386 velamen
2871 3330 2982 3402 (12)
3019 3328 3280 3384 aufertur.
3332 3327 3464 3395 Quae

1906 3423 2090 3479 omnia
2123 3439 2287 3494 quam
2318 3425 2424 3477 vim
2459 3423 2694 3478 habeant
2726 3422 2782 3477 in
2827 3437 2968 3487 sese,
3019 3421 3106 3487 his
3154 3420 3246 3492 qui
3299 3435 3459 3476 sensu

3245 3536 3291 3569 “
3323 3534 3458 3592 Gen.

1899 3729 2180 3786 Bobiensis
2215 3746 2236 3778 ‹
2275 3727 2533 3786 alligavit.
2573 3746 2592 3780 ο

1974 3801 2051 3871 (1)
2085 3798 2263 3871 Codex
2295 3791 2596 3871 Bobiensis,
2632 3815 2670 3871 ‹Δ
2693 3797 2848 3852 effusi
2879 3793 3043 3871 oculi.
3081 3811 3100 3846 ι
3137 3791 3292 3871 Mox,
3317 3811 3336 3843 ο
3361 3794 3459 3871 qui

1902 3862 2069 3924 enini.
2103 3887 2122 3920 ι
2157 3866 2301 3932 Mox,
2345 3887 2363 3917 ‹
2396 3867 2716 3934 designavit,
2753 3866 3090 3935 prophetam.
3117 3883 3134 3915 ι
3165 3899 3235 3935 ,ε
3259 3863 3330 3914 De
3361 3862 3461 3935 hac

1903 3941 2133 3993 lectione
2175 3931 2294 3991 fuse
2323 3931 2562 4004 disputat
2587 3931 2822 3990 Grabius
2854 3931 2911 3989 in
2936 3934 3154 4004 dissert.
3198 3931 3273 3985 De
3297 3934 3459 4004 variis

1901 4010 2046 4063 vitiis
2090 4006 2240 4062 LXX
2274 4003 2531 4075 Interpp.,
2579 4005 2606 4076 §
2645 4007 2731 4069 19,
2769 4021 2891 4076 pag.
2914 4003 3042 4076 -56.Δ
3077 4003 3295 4076 Quoex
3341 4003 3460 4056 loco

1903 4079 2163 4133 nonnulla
2191 4072 2463 4144 excerpta
2491 4072 2734 4131 dedimus
2770 4072 2862 4130 'ad
2908 4073 3104 4127 Justini
3145 4072 3284 4144 Dial:
3342 4088 3460 4124 cum

1905 4149 2125 4218 Tryph.,
2162 4147 2189 4218 §
2215 4147 2302 4207 5‘2,
2334 4141 2466 4218 tom.
2494 4145 2512 4198 Ι
2545 4147 2704 4218 hujus
2726 4145 3000 4218 ΒξὺιὶοιΙιε3
3033 4159 3153 4212 pag.
3179 4141 3302 4196 507.

1975 4167 2010 4218 ’y
2048 4166 2125 4212 It.,
2162 4166 2189 4218 Β
2215 4166 2302 4207 az,
2335 4166 2464 4200 tum.
2494 4166 2512 4198 ι
2546 4166 2704 4215 unjus
2726 4166 3000 4206 numam”
3034 4166 3153 4212 pag.
3179 4166 3302 4196 θυι.

1975 4166 2049 4289 ὦ
2085 4221 2142 4272 In
2174 4217 2424 4289 Bobiensi
2457 4217 2634 4289 inepta
2665 4217 2824 4289 lectio
2851 4257 2865 4277 ,
2905 4233 2923 4265 ι
2955 4213 3128 4289 Mane.
3170 4230 3187 4262 ι
3229 4242 3298 4289 _—-
3322 4210 3459 4289 Cor-

1901 4282 2119 4358 ruptam
2145 4288 2428 4358 lectionem
2465 4304 2483 4336 ι
2517 4282 2733 4358 delcsu
2761 4285 2913 4358 Mane
2941 4284 3205 4358 Lviderat
3233 4282 3462 4358 jampri-

1903 4351 2024 4414 deiu
2058 4360 2112 4411 in
2148 4357 2428 4410 Valesiana
2479 4356 2712 4409 editione
2746 4357 2907 4423 hujus
2941 4351 3324 4423 Disputationis
3353 4351 3459 4404 Co-

1907 4430 2127 4483 telerius
2160 4430 2225 4481 ad
2257 4428 2515 4480 Barnaba:
2545 4425 2712 4494 Epist.
2747 4421 2865 4494 cap.
2905 4424 2992 4488 12,
3027 4421 3118 4477 ubi
3145 4423 3211 4476 de
3234 4421 3336 4475 hoc
3361 4437 3460 4476 n0-

234 4496 547 4574 terpretatio
590 4495 746 4574 longe
770 4495 984 4574 diversa
1013 4505 1096 4549 est
1122 4511 1152 4548 a
1191 4495 1527 4574 yulgata_._'et
1559 4501 1627 4574 ab
1655 4501 1801 4552 anti-
1832 4516 1876 4569 ι)
1906 4500 2051 4574 mine
2079 4512 2346 4574 promere
2371 4511 2473 4574 suo
2503 4496 2722 4574 disserit
2747 4496 2974 4574 erudite.

235 4564 518 4686 q)nioril_)u_s
549 4565 910 4629 versionibus,
943 4582 1078 4645 quas
1123 4564 1375 4620 exhibent
1406 4565 1819 4634 Tertullianus,-

287 4651 314 4686 e
348 4633 564 4686 Trtmt..
593 4650 709 4686 can.
741 4635 794 4686 9.
821 4644 874 4686 et
907 4636 1206 4686 Cvurtanus
1235 4647 1349 4686 adv.
1377 4635 1593 4686 Judmos
1634 4640 1727 4686 lib.
1755 4655 1793 4686 ι-

287 4651 314 4687 e
348 4633 564 4705 Trinit.,
593 4650 709 4703 cap.
741 4635 794 4698 9,
813 4644 874 4705 Aet
907 4633 1206 4705 (jyprianus
1235 4647 1349 4690 adv.
1377 4635 1593 4692 Judwos
1634 4640 1727 4692 lib.
1755 4655 1794 4703 ι,

233 4720 354 4772 cap,
385 4703 473 4757 21.
509 4704 610 4758 Sed
650 4720 748 4758 nec
798 4703 996 4758 Graeco
1027 4704 1165 4757 LXX
1211 4707 1437 4774 Interpr.
1492 4710 1657 4762 textui
1711 4724 1798 4762 re-

234 4775 482 4844 spondet,
516 4775 638 4828 licet
669 4789 776 4826 non
808 4791 911 4844 una
937 4791 1147 4844 semper
1176 4776 1245 4829 sit
1278 4776 1518 4844 ejusdem
1553 4778 1712 4832 lectio
1740 4779 1798 4832 in

233 4837 391 4897 codd.
433 4837 565 4904 mss.
603 4857 654 4898 et
682 4844 822 4913 apud
861 4837 1068 4900 Patres.
1100 4843 1231 4900 Vide
1257 4837 1526 4901 Nobilium
1554 4848 1611 4901 in
1651 4849 1800 4903 notis

232 4914 301 4966 ad
333 4930 454 4966 eum
488 4917 684 4967 locum.

307 4983 416 5053 (98)
453 4983 615 5051 Cujus
648 4993 745 5036 est.
772 4981 1064 5038 Prudentia
1088 4983 1308 5037 Marano
1336 4985 1454 5040 viro
1477 4986 1796 5042 doctissimo

237 5053 304 5105 ad
332 5052 530 5122 {nstitui
565 5054 718 5121 Apol.
749 5069 785 5117 ι,
827 5053 854 5124 §
896 5053 983 5114 5‘2,
1027 5055 1236 5107 videtur
1269 5061 1368 5109 hoc
1396 5072 1514 5110 esse
1543 5059 1798 5111 librario-

239 5138 361 5196 rum
417 5134 676 5196 erratum,
715 5139 813 5193 pro
865 5143 883 5196 t
955 5125 1060 5196 cui
1089 5124 1179 5192 jus
1223 5134 1323 5196 est.
1361 5145 1379 5176 ι
1410 5127 1541 5191 Quae
1577 5130 1794 5196 quidem

234 5192 396 5264 lectio
445 5194 690 5245 restituta
718 5192 958 5262 propius
992 5194 1065 5246 illi
1110 5195 1316 5264 accedit
1347 5213 1510 5264 quam
1544 5192 1798 5251 novimus

232 5262 405 5332 fuisse
465 5259 749 5316 veteribus
802 5259 1139 5332 usurpatam,
1199 5259 1242 5331 ᾧ
1292 5259 1598 5332 ἁπῖκειται,
1648 5286 1666 5318 ι
1709 5268 1800 5322 cui

233 5333 679 5402 repositumiest.
742 5351 760 5383 ›
835 5333 1044 5387 Videsis
1089 5346 1187 5388 hac
1238 5335 1303 5389 de
1362 5354 1418 5391 re
1467 5340 1534 5391 el.
1587 5337 1800 5392 Cotele-

231 5401 373 5456 rium
415 5403 482 5456 ad
525 5401 750 5471 Coustit.
799 5413 967 5475 apost.
1001 5405 1106 5475 lib:
1127 5420 1198 5470 vr,
1229 5422 1346 5475 cap.
1382 5408 1440 5460 11
1472 5408 1573 5462 sub
1595 5408 1751 5461 finem
1782 5425 1795 5459 :

229 5475 321 5548 qui
355 5480 622 5548 praeterea
650 5475 713 5526 ad
738 5474 1048 5548 earumdem
1069 5472 1248 5548 Const.
1273 5472 1362 5530 lib.
1385 5477 1642 5548 1,039.71,
1665 5493 1802 5546 pra:-

228 5544 376 5596 clare“
408 5558 626 5595 versum
658 5555 842 5598 censet
871 5545 956 5597 hic
981 5545 1248 5611 ejusmodi
1279 5548 1550 5602 Geneseos
1575 5544 1750 5599 locum
1783 5564 1800 5602 :

235 5628 257 5661 ‹
292 5611 396 5679 Qui
430 5613 779 5684 alligavitad
806 5615 966 5667 vitem
991 5614 1197 5683 pullum
1247 5631 1428 5684 suum,
1473 5628 1527 5672 et
1562 5617 1630 5669 ad
1660 5616 1802 5684 opti-

231 5696 373 5734 mam
404 5685 566 5737 vitem
601 5683 805 5752 pullum
837 5685 1001 5738 asina:
1035 5701 1164 5739 suae.

304 5752 415 5824 (99)
445 5753 625 5807 Codex
650 5753 986 5822 Casinensis,
1019 5774 1036 5806 α
1067 5757 1194 5824 quia
1225 5755 1506 5824 alligabit;
1537 5755 1628 5808 sed
1657 5755 1800 5810 hanc

232 5819 520 5889 lectionem
572 5839 641 5896 ex
669 5819 1013 5898 repetitione
1067 5819 1271 5896 vocalis
1313 5819 1368 5892 ἆ,
1417 5819 1590 5882 ortam
1644 5835 1794 5898 puto.

1974 4561 2262 4638 (5)7Codex
2295 4566 2648 4638 Casiuensis:
2683 4583 2700 4616 ι
2751 4564 2816 4618 ΕΙ.
2851 4567 2966 4620 haec
3003 4571 3086 4618 est
3126 4561 3392 4618 velamen.
3430 4579 3452 4614 ι

1899 4636 2159 4702 Ειῖίιῐιηι,
2193 4655 2211 4688 ‹
2250 4637 2332 4688 vel
2361 4636 2532 4704 pellis.
2568 4653 2586 4686 ι

1971 4707 2046 4778 (ιι)
2074 4709 2269 4778 Codch
2293 4705 2591 4778 Bobiensis,
2629 4724 2646 4778 φ
2682 4705 3004 4778 intelligens.
3047 4725 3066 4756 ι

2078 4777 2214 4830 Male
2237 4775 2517 4830 Bobiensis
2542 4776 2733 4842 codex,
2773 4796 2795 4836 ι,
2823 4777 3039 4846 regibus
3069 4789 3182 4840 eos,
3214 4771 3458 4842 regibus~

1899 4864 2014 4919 que
2034 4848 2324 4919 subjectos.
2357 4865 2375 4919 ξ

1971 4917 2046 4987 (6)
2069 4912 2252 4972 codex
2283 4915 2579 4987 Bobiensis
2599 4935 2617 4966 ‹
2644 4915 2975 4987 justificare.
3001 4913 3103 4987 sed
3135 4912 3407 4967 videbitis.
3433 4929 3455 4963 ι

1900 4986 2210 5043 CaSinensis
2239 5006 2257 5037 ι
2300 4986 2608 5055 justiticari.
2635 4987 2737 5040 Sed
2762 4995 2816 5040 et
2844 4986 3172 5055 videbitis.)

1975 5057 2050 5129 (7)
2083 5053 2365 5129 Bobiensis
2402 5059 2572 5129 codex
2605 5097 2620 5122 ,
2667 5076 2703 5129 ι-
2720 5056 3028 5129 abscriptio.
3067 5073 3084 5106 ›
3120 5053 3264 5120 Mox,
3295 5071 3313 5104 ί
3352 5067 3461 5108 εω-

1901 5126 2221 5197 ρειέυίιιίιυθ.
2258 5145 2277 5178 ι
2315 5126 2377 5180 Ει
2410 5128 2570 5191 iul'ra,
2619 5146 2637 5177 ι
2677 5127 2936 5180 Dominus
2969 5140 3140 5179 meus.
3177 5143 3196 5175 ›

1974 5199 2050 5266 (8)
2083 5197 2226 5251 Idem
2252 5198 2442 5262 codex,
2483 5217 2502 5249 ι
2543 5198 2595 5251 in
2631 5200 2940 5251 adventum.
2981 5214 2999 5246 ›

1975 5262 2050 5337 (9)
2081 5268 2225 5323 Idetn
2273 5269 2465 5335 codex,
2511 5286 2531 5321 ί
2577 5269 2899 5338 intelligens.
2945 5283 2963 5317 ι
2995 5265 3060 5319 Ει
3089 5262 3251 5328 infra,
3285 5280 3303 5313 ε
3346 5264 3458 5330 ipsa

1902 5354 2023 5410 qua:
2043 5339 2116 5410 Ade
2148 5355 2235 5394 eo.
2287 5357 2306 5390 ι

1975 5408 2085 5478 (10)
2132 5411 2190 5461 In
2243 5409 2427 5463 codice
2475 5407 2728 5462 Bobiensi
2777 5404 3000 5478 mutilus
3025 5405 3235 5478 Aestuhie
3260 5403 3454 5468 locus;

1904 5475 2074 5540 habet
2089 5481 2256 5541 enim,
2296 5497 2314 5528 ι
2357 5494 2685 5543 sermonem,
2723 5485 2779 5529 ut
2813 5475 3068 5544 intelligi,
3097 5475 3318 5543 dignum
3351 5482 3454 5528 est.

1903 5546 2114 5601 Dixisse
2150 5565 2292 5602 nunc
2323 5550 2566 5602 sullieit.)

1976 5618 2087 5688 (1·1)
2118 5617 2173 5669 In
2211 5617 2492 5672 Casinensi
2520 5626 2621 5688 est,
2654 5635 2686 5688 ε
2714 5617 2781 5670 de
2805 5616 3156 5682 vacantibus;
3205 5633 3226 5670 ι
3261 5617 3354 5672 sed
3380 5616 3456 5672 lea

1905 5686 2157 5758 gendum,
2193 5707 2220 5758 «γ
2235 5689 2302 5741 de
2333 5687 2561 5758 vacanti.
2601 5708 2619 5738 ι
2655 5686 2746 5740 Sic
2769 5700 2930 5758 supra
2953 5702 3072 5754 cap.
3101 5687 3191 5740 41.

1975 5758 2084 5830 (12)
2113 5757 2295 5814 Codex
2328 5757 2641 5824 Bobiensis,
2679 5776 2696 5809 ι
2737 5757 3118 5812 vclamentum.
3150 5777 3169 5808 ι
