3996 6208
607 273 742 330 1505

1616 285 1799 341 ACTA
1832 283 2353 343 DISPUTATIONIS
2387 283 2446 341 S.
2486 284 2828 342 ARCHELAI

3675 290 3704 344 1
3717 293 3833 346 50$

609 391 811 463 vigent,
842 396 1244 466 intelligendum
1275 404 1545 474 relinquo.
1583 403 1873 462 Veniamus
1899 408 2060 464 etiam
2094 407 2157 463 ad
2188 413 2232 469 Δ
2259 421 2387 475 qua.
2444 403 2521 458 lbi
2570 403 2779 477 Moyses
2825 405 2878 458 in
2917 404 3200 475 caliginem
3228 405 3339 474 (ἳδ)
3375 405 3610 461 “limum
3644 421 3837 476 εςιιει

608 482 760 539 lllum
793 503 1098 544 sermonem
1147 492 1334 564 Moysi,
1367 512 1474 565 quo
1502 496 1578 550 ait
1599 497 1710 568 (15)
1741 517 1754 551 :
1786 518 1802 550 ι
1841 498 2159 569 Prophetam

610 576 765 630 vobis
809 581 1094 635 suscitabit
1141 581 1399 638 Dominus
1431 585 1570 641 Deus
1611 597 1786 642 vester
1815 605 1880 644 ex
1909 589 2160 647 fratribus

607 665 824 730 vestris,
851 667 991 721 sicut
1014 671 1194 736 me“;
1225 692 1242 722 ι
1269 674 1322 726 1η
1341 690 1450 744 quo
1476 691 1722 745 magnam
1753 678 1904 732 video
1931 682 2161 750 prophe-

608 755 739 809 tiam
775 757 961 813 famuli
999 759 1190 832 Moysi,
1238 766 1459 820 scientis
1490 767 1601 840 (14)
1634 786 1756 825 eum
1787 773 1878 842 qui
1905 781 2160 829 venturus

608 858 772 914 esset,
825 852 1056 920 amplius
1105 869 1163 908 se
1205 855 1419 925 quidem
1463 861 1798 918 auctoritatis
1830 865 2157 929 habiturum,

611 939 809 993 similia
857 951 1035 998 tamen
1085 959 1205 1000 esse
1241 962 1548 1016 passurum,
1580 960 1633 1005 et
1670 954 1866 1008 similia
1911 955 2063 1026 signa
2097 971 2161 1012 ac

610 1031 851 1101 prodigia
897 1045 1266 1090 ostensurum.
1323 1036 1394 1092 lbi
1425 1038 1566 1094 enim
1599 1040 1808 1113 Moyses
1834 1053 1990 1100 natus
2026 1045 2091 1109 ",
2128 1062 2158 1100 a

611 1129 784 1175 matre
811 1138 908 1176 sua
940 1124 993 1177 in
1020 1125 1188 1180 thibin
1219 1126 1330 1198 (15)
1354 1129 1578 1198 positus,
1605 1133 1890 1203 exponitur
1921 1135 1986 1190 ad
2015 1135 2160 1206 ripas

608 1209 888 1268 ﬂuminis:
919 1213 1008 1270 hic
1045 1213 1306 1274 Dominus
1354 1231 1538 1276 noster
1568 1219 1725 1279 Jesus
1764 1223 2016 1282 Christus
2059 1243 2158 1282 na-

606 1309 694 1355 tus
717 1317 781 1356 ex
819 1314 990 1358 matre
1035 1320 1128 1359 sua
1159 1305 1326 1361 Maria
1356 1306 1464 1380 (16)
1495 1350 1509 1374 ,
1539 1326 1634 1380 per
1665 1313 1910 1382 angelum
1947 1313 2160 1385 fugatur

606 1391 660 1444 in
683 1390 973 1462 Egyptum
993 1395 1058 1448 ⁸⁸.
1077 1395 1152 1450 lbi
1175 1395 1389 1468 Moyses
1421 1397 1658 1456 educens
1679 1402 1932 1472 populum
1957 1403 2024 1458 de
2048 1420 2159 1460 me-

605 1481 697 1536 dio
725 1481 1106 1554 Egyptiorum
1135 1487 1202 1556 ⁸ο,
1239 1489 1497 1558 salvavit;
1533 1502 1587 1548 et
1617 1493 1702 1548 hic
1725 1491 1882 1549 Jesus
1903 1497 2157 1566 p0pulum

601 1570 668 1626 de
693 1574 869 1629 medio
897 1575 1292 1634 Pharisaaorum
1321 1583 1558 1640 educens
1583 1585 1651 1649 ",
1701 1596 1913 1642 :eternaa
1942 1590 2160 1644 tradidit

601 1664 786 1719 saluti.
843 1665 919 1720 lbi
966 1665 1176 1740 Moyses
1204 1687 1299 1740 per
1331 1675 1630 1729 orationem
1677 1686 1864 1746 petens
1895 1719 1910 1744 ,
1954 1695 1983 1734 e
2020 1680 2158 1736 cwlo

2263 496 2552 550 ferentium
2606 497 2723 551 sine
2765 505 2911 550 metu
2959 496 3183 551 incessit
3225 497 3304 564 ⁸³;
3338 506 3392 552 et
3430 498 3519 552 hic
3551 497 3836 555 Dominus

2261 587 2420 642 .lesus
2444 603 2567 642 cum
2591 587 2737 642 omni
2767 594 3026 658 potestate
3048 603 3210 656 super
3233 603 3403 658 aquas
3430 589 3749 643 ambulavit
3763 589 3832 644 ⁸⁸.

2261 683 2338 736 1ὺί
2369 681 2579 753 Moyses
2609 682 2889 752 imperavit
2915 681 3048 735 mari
3069 681 3151 746 ⁸⁸;
3179 689 3233 735 et
3263 681 3350 735 hic
3371 680 3642 737 Dominus
3666 681 3835 739 Jesus

2259 791 2381 829 cum
2409 783 2555 830 esset
2596 774 2650 829 in
2676 775 2813 828 mari
2848 773 2893 806 ⁸⁸
2925 773 3058 844 (24),
3088 788 3314 842 surgens
3340 774 3627 843 imperavit
3646 777 3836 831 ventis

2257 876 2312 921 et
2337 866 2493 921 mari.
2529 866 2606 921 lbi
2646 865 2858 938 Moyses
2887 881 3008 920 cum
3036 867 3440 935 impugnaretur
3469 866 3546 932 ⁸⁷,
3575 869 3832 922 extensis

2258 957 2510 1012 manibus
2537 957 2762 1012 certavit
2783 956 3042 1012 adversus
3065 955 3317 1020 Amalec;
3343 964 3396 1009 et
3435 955 3527 1010 hic
3553 954 3830 1010 Dominus

2259 1045 2416 1103 Jesus
2479 1048 2804 1118 impugnatis
2850 1047 3008 1102 nobis
3056 1057 3109 1101 et
3158 1046 3509 1115 pereuntibus
3564 1047 3828 1102 violentia

2257 1138 2475 1193 erratici
2525 1138 2748 1208 spiritus
2789 1137 2881 1207 qui
2929 1151 3074 1191 nunc
3110 1136 3161 1189 in
3191 1136 3352 1205 justis
3391 1135 3506 1207 (25)
3539 1148 3827 1206 operatur,

2257 1228 2496 1284 extensis
2545 1229 2601 1283 in
2646 1242 2805 1284 cruce
2846 1228 3119 1293 manibus,
3157 1227 3381 1281 salutem
3424 1227 3599 1282 dedit.
3641 1227 3828 1284 Sedet

2257 1320 2361 1373 alia
2413 1320 2583 1374 multa
2635 1327 2912 1389 praetereo,
2972 1318 3318 1372 dilectissime
3372 1318 3640 1386 Diodore,
3699 1320 3826 1374 dum

2258 1412 2457 1468 festino
2483 1413 2551 1467 ad
2584 1419 2637 1466 te
2667 1410 2908 1465 libellum
2948 1410 3060 1478 (26)
3103 1410 3246 1464 hunc
3274 1410 3535 1465 velociter
3589 1411 3824 1476 mittere,

2257 1519 2378 1572 qua:
2428 1511 2485 1558 tu
2527 1517 2627 1572 pro
2662 1510 2754 1556 tua
2801 1500 3085 1570 prudentia
3122 1500 3274 1556 facile
3305 1501 3504 1570 poteris
3543 1517 3824 1569 reparare.

2259 1590 2445 1646 Scribe
2493 1599 2671 1645 autem
2719 1589 2848 1644 mihi
2892 1605 3052 1644 omne
3091 1590 3234 1660 quod
3276 1600 3460 1659 postea
3502 1590 3626 1659 (27)
3660 1593 3828 1660 egerit

2259 1683 2582 1739 adversaria
2607 1683 2775 1754 partis
2808 1681 3073 1737 minister.
3105 1682 3430 1737 Incolumem
3466 1692 3525 1738 te
3554 1685 3752 1737 anima
3781 1695 3828 1740 et

602 1757 814 1825 accepit
857 1772 1048 1826 panem
1075 1776 1183 1829 quo
1207 1772 1450 1831 pasceret
1482 1745 1739 1836 populum
1775 1767 1828 1822 in
1859 1769 2155 1837 deserto";
2189 1745 2228 1798 Β
2260 1775 2449 1845 spiritu
2485 1745 2754 1830 custodiat
2791 1773 2929 1828 Deus
2964 1774 3304 1843 omnipotens
3325 1773 3459 1843 (28).

602 1847 694 1902 hic
726 1847 988 1905 Dominus
1032 1867 1184 1907 meus
1233 1854 1345 1924 (17)
1390 1853 1548 1912 Jesus
1598 1858 1792 1915 virtute
1848 1863 2061 1930 propria
2093 1880 2158 1917 ex

604 1939 848 2010 quinque
895 1943 1123 2010 panibus
1172 1945 1317 2002 viros
1360 1949 1599 2018 quinque
1645 1951 1810 2006 millia
1857 1953 2071 2008 satiavit
2105 1955 2158 2009 in

601 2026 815 2082 deserto
855 2029 926 2084 ⁷³.
973 2029 1051 2084 1ὺί
1083 2030 1291 2103 Moyses
1321 2049 1442 2089 cum
1468 2037 1804 2106 probaretur,
1853 2041 2062 2110 positus
2103 2045 2156 2097 in

602 2129 803 2184 monte,
819 2120 1082 2190 jejunavit
1106 2125 1456 2196 quadraginta
1476 2128 1591 2184 dies
1613 2130 1680 2196 ⁷³,
1709 2141 1763 2186 et
1788 2133 1874 2188 hic
1899 2134 2157 2190 Dominus

602 2225 756 2265 meus
788 2209 946 2268 Jesus
970 2229 999 2268 a
1031 2214 1220 2284 spiritu
1249 2232 1400 2272 aetus
1430 2220 1482 2273 in
1513 2221 1782 2276 desertum
1803 2223 1869 2290 ⁷⁸,
1896 2241 2018 2280 cum
2043 2235 2158 2281 ten-

605 2313 810 2359 taretur
841 2322 871 2360 a
909 2308 1154 2376 diabolo,
1189 2314 1542 2383 quadraginta
1583 2315 1773 2372 diebus
1803 2319 2048 2375 similiter
2077 2320 2158 2390 je-

598 2395 836 2464 junavit.
885 2397 959 2452 lbi
997 2399 1051 2453 in
1083 2410 1370 2470 conspectu
1398 2402 1586 2473 Moysi,
1635 2415 1849 2475 prepter
1873 2407 2156 2464 infidelita-

604 2496 709 2540 tem
736 2486 1036 2544 Pharaonis
1063 2493 1245 2545 omnia
1277 2491 1651 2564 Egyptiorum
1683 2497 2036 2567 primogenita
2063 2514 2156 2569 pe-

604 2576 810 2631 rierunt
843 2579 888 2609 "
915 2597 928 2644 ;
980 2591 1033 2634 et
1060 2581 1147 2636 hic
1171 2580 1297 2636 Jesu
1324 2593 1577 2639 nascente
1609 2584 1676 2651 ⁷⁸,
1709 2595 1926 2655 pr0pter
1964 2587 2150 2642 inlide-

603 2668 806 2721 litatem
858 2669 1086 2727 Herodis
1133 2687 1292 2728 omne
1323 2675 1678 2730 masculinum
1711 2675 1823 2746 (18)
1846 2677 2152 2734 Judzeorum

605 2759 784 2812 subito
807 2761 962 2829 perit.
997 2763 1071 2816 lbi
1100 2762 1310 2836 Moyses
1339 2776 1458 2820 orat
1485 2767 1530 2799 ⁷⁷
1551 2807 1565 2831 ,
1598 2776 1656 2821 ιιι
1684 2780 1936 2837 parcatur
1964 2786 1994 2825 a
2035 2771 2153 2841 pla-

604 2850 687 2920 gis
711 2849 978 2907 Pharaoni
1007 2869 1070 2909 ac
1096 2857 1294 2925 pepulo
1327 2857 1479 2926 ejus;
1514 2866 1566 2913 et
1595 2859 1682 2914 hic
1714 2859 1974 2917 Dominus
2002 2882 2019 2914 (
2057 2879 2155 2917 no-

606 2954 718 2996 ster
747 2942 903 3000 Jcsus
931 2955 1051 3000 orat
1077 2948 1338 3018 indulgeri
1368 2949 1652 3007 Phariszeis
1674 2994 1689 3020 ,
1717 2953 1902 3009 dicens
1929 2973 1942 3009 :
1975 2953 2152 3020 Pater,

606 3033 826 3102 ignosce
872 3037 971 3102 eis,
1030 3041 1286 3107 quoniam
1325 3042 1570 3096 nesciunt
1611 3045 1739 3113 quid
1791 3045 1988 3102 faciant
2022 3048 2087 3103 ⁷⁸.
2129 3069 2148 3102 i

605 3123 682 3175 lbi
706 3123 872 3194 Moysi
898 3129 1080 3181 vultus
1102 3130 1433 3198 resplenduit
1455 3133 1506 3184 in
1525 3133 1692 3201 gloria
1721 3136 1831 3206 (19)
1852 3138 2065 3195 Domini
2086 3143 2153 3208 "’,

605 3213 677 3266 ita
715 3223 773 3267 ut
811 3231 916 3270 non
955 3229 1174 3284 possent
1211 3220 1304 3272 lilii
1355 3218 1517 3274 Israel
1560 3223 1836 3280 intendere
1879 3227 1932 3280 in
1965 3227 2155 3283 faciem

605 3305 720 3372 ejus
753 3315 965 3372 propter
997 3307 1220 3376 gloriam
1251 3311 1428 3366 vultus
1456 3312 1603 3380 ejus;
1629 3322 1682 3368 et
1714 3315 1801 3370 hic
1825 3315 1980 3373 Jesus
2010 3318 2159 3374 Chri-

606 3405 722 3449 stus
757 3395 1018 3451 Dominus
1063 3399 1394 3468 resplenduit
1437 3401 1577 3457 sicut
1608 3404 1688 3458 sol
1713 3404 1794 3471 ⁸⁰,
1828 3416 1880 3460 et
1906 3407 2156 3478 discipuli

605 3488 722 3555 ejus
779 3505 885 3542 non
938 3499 1185 3559 poterant
1235 3493 1476 3561 aspicere
1524 3493 1636 3565 (20)
1699 3495 1753 3550 in
1802 3496 1991 3554 faciem
2037 3501 2158 3570 ejus

604 3591 824 3652 propter
868 3582 1095 3652 gloriam
1138 3583 1318 3639 vultus
1361 3585 1530 3654 ipsius
1558 3595 1611 3640 et
1641 3588 1964 3644 immensum
2000 3592 2160 3647 Iumi-

604 3669 691 3723 nis
721 3671 1084 3740 splendorem.
1140 3669 1217 3726 lbi
1265 3673 1475 3745 Moyses
1518 3692 1610 3732 eos
1660 3680 1752 3748 qui
1793 3681 2014 3735 vitulum
2051 3691 2160 3738 sta-

603 3769 819 3815 tuerant
861 3761 994 3834 (21),
1035 3765 1212 3835 gladio
1251 3765 1444 3835 dejecit
1467 3768 1546 3834 ⁸¹;
1581 3777 1634 3823 et
1666 3769 1754 3824 hic
1782 3769 2042 3828 Dominus
2072 3772 2159 3829 Je-

603 3867 698 3907 sus
741 3853 855 3908 ait:
891 3871 910 3904 (
953 3853 1082 3910 Veni
1112 3857 1347 3926 gladium
1396 3858 1608 3914 mittere
1652 3875 1814 3930 super
1852 3871 2079 3929 terram,
2105 3873 2159 3920 et

603 3945 843 4001 dividere
885 3947 1155 4004 hominem
1186 3967 1216 4005 a
1247 3951 1493 4021 proximo
1525 3968 1624 4008 suo
1644 3953 1689 3986 θ’
1727 3953 1862 4024 (22),
1905 3974 1924 4006 ι
1959 3967 2013 4010 et
2032 3957 2155 4012 reli-

2326 1864 2486 1920 XLV.
2523 1865 2753 1935 Accepta
2794 1866 2896 1920 hac
2925 1865 3152 1935 epistola
3184 1865 3469 1930 Diodorus,
3505 1875 3569 1921 et
3600 1868 3829 1923 collecto

2257 1966 2322 2006 ex
2350 1970 2413 2008 ea
2437 1969 2622 2020 sensu,
2673 1954 2913 2009 conﬂixit
2959 1954 3218 2010 adversus
3256 1953 3511 2022 Manen);
3551 1958 3634 2012 ita
3676 1969 3738 2012 ut
3767 1962 3827 2014 ab

2257 2046 2510 2100 omnibus
2552 2045 2975 2112 collaudaretur,
3025 2048 3168 2117 quod
3198 2047 3481 2119 diligenter
3514 2059 3575 2104 et
3608 2067 3827 2122 compe-

2229 2125 2427 2188 tenter
2467 2135 2777 2202 ostenderit,
2833 2136 3060 2190 duorum
3123 2134 3602 2193 Testamentorum
3674 2153 3828 2210 atque

2256 2228 2542 2297 utriusque
2585 2227 2719 2298 legis
2753 2227 2894 2282 inter
2926 2243 3044 2283 sese
3073 2229 3446 2298 cognationem
3474 2230 3600 2301 (29)
3631 2249 3649 2286 :
3681 2235 3823 2302 plura

2253 2321 2414 2375 etiam
2435 2333 2498 2373 ex
2523 2319 2807 2389 semetipso
2833 2321 3132 2386 inveniens,
3159 2320 3356 2390 objecit
3378 2322 3429 2375 ei
3457 2324 3646 2377 valida
3678 2326 3822 2380 valde

2253 2421 2308 2465 et
2339 2410 2496 2464 fortia
2522 2426 2619 2481 pro
2650 2411 2892 2465 veritate.
2929 2409 3211 2466 Conclusit
3248 2410 3406 2466 etiam
3441 2401 3820 2468 adversarium

2254 2502 2524 2559 Diodorus
2575 2519 2639 2558 ex
2690 2503 3001 2556 nominibus
3033 2502 3167 2572 (50),
3216 2504 3398 2560 dicens
3438 2505 3516 2558 ita
3571 2524 3587 2559 :
3633 2507 3822 2564 Dixisti

2253 2596 2360 2652 duo
2386 2611 2505 2651 esse
2539 2594 2886 2650 Testamenta
2905 2637 2921 2663 ,
2957 2597 3045 2651 die
3063 2612 3190 2667 ergo
3232 2599 3339 2651 duo
3363 2613 3485 2652 esse
3519 2611 3707 2653 vetera
3737 2612 3820 2656 aut

2252 2686 2360 2740 duo
2407 2686 2590 2741 nova?
2642 2684 2895 2755 Ejusdem
2959 2687 3102 2740 enim
3161 2690 3442 2758 temporis,
3499 2693 3589 2744 vel
3646 2694 3822 2761 potius

2252 2777 2590 2843 aeternitatis,
2639 2777 2747 2832 duo
2793 2777 2992 2832 asseris
3021 2792 3141 2832 esse
3190 2778 3468 2850 ingenita;
3510 2790 3570 2835 et
3619 2784 3667 2838 si
3719 2785 3820 2839 duo

2254 2877 2399 2933 sunt,
2428 2869 2537 2924 duo
2576 2876 2786 2938 oportet
2819 2877 2996 2922 vetera
3043 2869 3154 2939 (51)
3205 2877 3556 2935 testamenta,
3594 2882 3692 2927 aut
3721 2875 3820 2929 duo

2255 2975 2412 3014 nova.
2440 2958 2595 3024 Quod
2620 2959 2666 3014 si
2701 2959 2805 3014 hoc
2833 2973 2939 3013 non
2965 2959 3100 3015 dicis
3120 3001 3136 3026 ,
3167 2960 3257 3015 sed
3287 2977 3454 3015 unum
3485 2979 3615 3018 esse
3648 2975 3817 3031 vetus,

2183 3077 2224 3135 ο
2257 3057 2311 3103 et
2369 3048 2514 3102 aliud
2579 3063 2779 3104 novum
2823 3064 2838 3114 ;
2889 3063 3103 3104 rursum
3153 3065 3295 3105 unus
3357 3053 3652 3122 utriusque
3713 3056 3817 3125 (32)

2265 3149 2451 3194 auctor
2467 3139 2785 3205 ostenditur,
2805 3148 2858 3192 ct
2871 3139 2988 3208 ejus
3003 3154 3121 3194 esse
3145 3151 3320 3204 vetus,
3345 3143 3504 3211 cujus
3521 3157 3575 3197 et
3597 3160 3816 3210 novum,

2250 3231 2633 3299 consequentia
2680 3230 2794 3300 ipsa
2825 3233 3012 3287 edocet
3049 3232 3159 3303 (55)
3197 3249 3210 3284 :
3247 3234 3412 3287 veluti
3442 3235 3486 3288 si
3516 3237 3646 3304 quis
3677 3238 3816 3293 dicat

2250 3318 2630 3385 homini,Loca
2655 3321 2788 3375 mihi
2808 3322 2916 3394 (34)
2937 3333 3167 3379 veterem
3189 3325 3410 3379 domum
3430 3335 3615 3395 tuam;
3641 3344 3818 3385 nonne

2250 3424 2344 3481 per
2367 3411 2468 3467 hoc
2497 3411 2606 3484 (55)
2643 3413 2802 3468 etiam
2836 3430 2986 3470 nova:
3013 3417 3205 3472 domus
3235 3417 3517 3472 dominum
3544 3436 3672 3474 eum
3703 3437 3816 3477 esse

2251 3506 2599 3576 pronuntiat?
2625 3505 2733 3560 Aut
2761 3523 2978 3561 rursum
3008 3509 3052 3562 si
3075 3509 3219 3564 dicat
3256 3510 3328 3567 ei.
3361 3526 3561 3565 novam
3597 3513 3813 3568 domum

2252 3606 2398 3651 tuam
2433 3605 2625 3666 praesta
2665 3597 2831 3662 mihi;
2862 3613 3042 3653 nonne
3075 3600 3261 3653 eodem
3288 3601 3455 3654 verbo
3477 3602 3648 3657 etiam
3677 3614 3814 3659 vete-

2251 3705 2364 3744 rem
2401 3703 2524 3743 eum
2547 3689 2745 3744 habere
2770 3689 3061 3758 designat?
3091 3689 3292 3745 Deinde
3325 3692 3459 3746 illud
3482 3695 3646 3748 etiam
3687 3712 3808 3765 per-

2256 3781 2541 3834 videndum
2585 3789 2687 3846 est,
2750 3780 2875 3850 quia
2904 3795 2969 3835 ex
3020 3797 3129 3851 quo
3164 3782 3271 3836 duo
3317 3793 3466 3841 sunt.
3516 3785 3817 3855 ingenitam

2253 3871 2511 3925 habentes
2546 3882 2791 3924 naturam
2813 3909 2828 3933 ,
2859 3885 2924 3924 ex
2956 3884 3021 3924 eo
3048 3885 3270 3925 necesse
3307 3880 3390 3925 est
3420 3874 3575 3926 etiam
3604 3874 3815 3930 habere

2261 3975 2698 4031 unumquemque
2746 3961 2987 4030 ipsorum
3065 3970 3216 4017 vetus
3275 3961 3706 4033 Testamentum,
3763 3978 3821 4022 et

673 4066 737 4137 σε·
773 4058 926 4137 Deut.
976 4076 1130 4123 xvm,
1161 4061 1292 4137 _18._
1344 4064 1397 4137 "_
1441 4063 1606 4118 Exod.
1653 4081 1713 4120 ll.
1791 4066 1835 4137 f3
1857 4064 2251 4137 Matth.u,’13.
2328 4071 2372 4102 “
2400 4070 2569 4125 Exod.
2600 4086 2710 4124 xlv.
2785 4071 2832 4103 "°
2860 4070 3026 4126 Marc.
3063 4079 3183 4137 vm,
3240 4073 3326 4126 1'5.
3402 4074 3446 4104 "
3489 4074 3662 4130 Exod.
3707 4093 3816 4132 xu.

603 4127 648 4160 "
692 4127 878 4182 Matth.
937 4146 1045 4182 xlv.
1161 4131 1205 4162 ⁷³
1255 4131 1419 4186 Exod.
1476 4150 1658 4188 xxxsv.

602 4195 649 4228 ⁷⁸
682 4195 810 4253 Luc.
851 4216 1012 4261 xxiii.
1045 4200 1130 4254 51.
1207 4202 1252 4232 ⁷⁸
1288 4202 1454 4256 Exod.
1490 4218 1673 4268 xxxiv,
1701 4203 1789 4257 55.

1770 4134 1817 4170 78

1851 4135 2037 4190 Matth.
2087 4155 2159 4206 tv,
2211 4141 2268 4194 2.
2351 4141 2396 4172 ⁷⁸
2430 4141 2598 4193 Exod.
2648 4156 2744 4197 xtl.
2855 4141 2901 4171 ⁷⁸
2931 4135 3204 4206 Matth.tt,
3229 4143 3314 4196 16.
3387 4143 3434 4174 ⁷⁷

1863 4206 1907 4237 ³ο
1942 4206 2128 4265 Matth.
2166 4226 2294 4275 xvn,
2323 4211 2377 4264 2.
2452 4211 2494 4240 ⁸⁸
2543 4209 2710 4263 Exod.
2741 4226 2909 4262 xxxu.
2984 4213 3028 4242 θ’
3058 4210 3245 4266 Matth.
3277 4228 3330 4276 ι,
3369 4212 3458 4267 54.

2351 4141 2396 4172 ⁷⁸
2430 4141 2598 4193 Exod.
2648 4156 2744 4197 xtl.
2855 4141 2901 4171 ⁷⁸
2931 4140 3118 4194 Matth.
3146 4158 3204 4206 tt,
3229 4143 3314 4196 16.
3387 4143 3434 4174 ⁷⁷
3475 4143 3650 4198 Exod.
3698 4164 3808 4201 vui.

3572 4215 3619 4246 ⁸³
3643 4215 3812 4273 Exod.

603 4282 751 4331 xxiv,
788 4269 838 4322 in
872 4271 995 4324 liue.
1092 4269 1138 4301 ⁸⁸
1166 4269 1351 4326 Matth.
1380 4289 1486 4338 xtv,
1521 4274 1610 4327 25.
1686 4274 1730 4305 ⁸⁵
1758 4273 1926 4329 Exod.
1956 4292 2066 4332 xlv.
2139 4281 2185 4312 ⁸⁸
2222 4269 2410 4334 Matth.
2441 4295 2559 4344 VIII,
2604 4281 2692 4333 26.
2768 4281 2810 4311 ⁸⁷
2840 4280 3006 4334 Exod.
3034 4296 3163 4335 xvu.

677 4385 784 4457 (15)
818 4385 1003 4457 Codex
1034 4385 1346 4452 Bobiensis,
1389 4407 1408 4439 (
1442 4389 1582 4457 quod
1617 4390 1708 4443 ait.
1748 4407 1766 4440 ι

2333 4394 2444 4458 (25)
2475 4392 2654 4448 Codex
2680 4393 2984 4460 Bobiensis,
3027 4412 3046 4445 ι
3082 4395 3134 4448 in
3168 4395 3304 4450 istis.
3347 4415 3363 4447 ι

675 4451 787 4534 (μ)
812 4455 873 4534 in
903 4455 1180 4534 Casinensi
1202 4459 1386 4512 codice
1427 4451 1702 4534 seruiium,
1749 4477 1766 4511 ι
1801 4461 2150 4534 scientibus,»
2187 4451 2232 4505 D
2326 4451 2440 4534 (es)
2469 4461 2649 4534 Codex
2674 4451 2985 4527 Bobiensis,
3019 4482 3047 4534 «ί
3067 4466 3320 4520 velociter
3347 4466 3614 4521 libellum.
3659 4488 3680 4520 ι

606 4524 660 4576 in
699 4523 969 4596 Bobiensi,
1008 4542 1025 4575 ι
1051 4527 1313 4583 scientes:
1344 4546 1363 4579 ι
1391 4529 1481 4582 sed
1512 4527 1777 4592 Valesius,
1811 4547 1829 4580 (
1860 4523 2148 4596 εοίειιιίε,ἰ

604 4593 997 4671 emendandum
1019 4598 1284 4671 “censuit,
1341 4599 1498 4666 cujus
1553 4601 1831 4671 sententia:
1883 4593 2158 4671 astipulati

607 4663 990 4738 sumus._l_n_fr_a
1017 4663 1318 4738 Bobiensis,
1356 4686 1383 4738 (γ
1499 4669 1745 4738 amplius.
1791 4687 1808 4720 ι

677 4734 792 4812 (15)
817 4733 1032 4812 Thibis,
1059 4734 1228 4812 θῐὸὶς,⁸
1250 4737 1390 4812 apud
1418 4733 1691 4812 LXX_,'est
1724 4739 1921 4794 ﬁscella
1949 4741 2156 4812 scirpea

603 4807 656 4860 in
695 4803 942 4875 vulgata.
987 4803 1107 4858 Mox
1138 4803 1442 4872 Bobiensis,
1473 4829 1490 4859 ι
1523 4809 1716 4875 ripam.
1757 4830 1774 4862 ι

677 4874 790 4944 (16)
811 4874 995 4928 Codex
1024 4874 1331 4944 (Bobiensis,
1366 4895 1384 4927 (
1425 4874 1595 4932 matre
1630 4877 1813 4934 Maria.
1852 4897 1870 4930 ι

678 4943 788 5013 (17)
817 4943 997 4998 Codex
1017 4943 1317 5018 Bobiensis,
1351 4956 1457 5001 tam
1490 4949 1575 5001 hic
1605 4965 1764 5018 quam
1794 4948 1955 5015 infra,
1997 4966 2015 5000 (
2056 4948 2160 5004 Do-

609 5015 789 5068 minus
815 5023 1021 5070 nostcr.
1054 5032 1072 5066 ι
1109 5013 1228 5067 Mox
1253 5056 1267 5078 ,
1304 5035 1322 5066 ι
1355 5013 1636 5071 saturavit:

680 5083 786 5164 (l8)
819 5083 1048 5164 [demur
1088 5087 1408 5164 masculum.
1469 5087 1672 5164 )__MOX,
1711 5109 1729 5138 (
1762 5105 1857 5164 pro
1873 5089 2102 5164 populo.
2137 5106 2155 5138 ι

611 5152 776 5225 lnl'ra,
799 5152 1181 5225 ,t‘Pharisgeus,
1208 5153 1384 5208 Pater.
1417 5175 1434 5206 ι
1471 5156 1610 5219 Mox,
1650 5175 1666 5206 (
1708 5152 1834 5225 quid
1865 5152 2088 5212 faciunt.
2136 5177 2155 5209 ι

681 5224 790 5288 (19)
818 5222 1000 5278 Codex
1031 5223 1334 5288 Bobiensis,
1367 5243 1385 5274 (
1421 5227 1471 5278 in
1511 5222 1755 5293 gloriam.
1799 5247 1816 5279 ι

683 5294 793 5368 (20)
823 5293 963 5368 Idem
985 5335 1000 5360 ,
1030 5295 1371 5368 irespicere.
1413 5313 1430 5345 ι
1460 5294 1602 5368 Mox,
1631 5313 1649 5346 (
1681 5298 1860 5368 vultus
1890 5297 2027 5368 ejus.
2067 5319 2085 5352 ι

644 5383 648 5388 λ
684 5362 794 5431 (21)
831 5363 1007 5417 Codex
1034 5362 1336 5425 Bobiensis,
1375 5383 1393 5415 (
1428 5367 1654 5418 vitulum
1697 5362 1950 5422 fecerant.
1992 5387 2010 5420 ι

2331 4532 2441 4604 (27)
2474 4532 2640 4604 Idem,
2677 4535 2878 4604 «gmihi,
2906 4533 3244 4600 charissime,
3274 4537 3400 4604 quid
3434 4550 3655 4604 postea.
3698 4557 3718 4589 ι

2326 4602 2436 4672 (28)
2463 4603 2642 4656 Codex
2681 4602 3013 4664 Casinensis.
3054 4622 3072 4654 (
3112 4604 3253 4659 Deus
3276 4602 3544 4660 oninium.
3583 4626 3604 4659 ι

2323 4674 2429 4744 (29)
2455 4672 2590 4745 Male
2615 4673 2927 4745 Casiruensis
2953 4673 3141 4745 codex,
3162 4693 3179 4724 (
3206 4675 3339 4744 legis
3359 4676 3538 4730 inesse
3564 4678 3818 4745 cognitio-

2257 4741 2455 4798 nem.)
2490 4741 2623 4796 Male
2648 4753 2700 4796 et
2733 4743 2869 4795 inl‘ra
2894 4743 3194 4806 Bobiensis,
3236 4741 3531 4808 (veniens,
3561 4741 3807 4814 objecit.»

2260 4815 2462 4888 Scduet
2507 4814 2818 4867 Casinensis
2874 4828 2972 4882 pro
3032 4831 3050 4863 ι
3113 4814 3328 4882 objecit,
3380 4833 3399 4864 ι
3461 4817 3611 4870 male
3668 4818 3816 4888 balet

2262 4901 2280 4934 (
2318 4883 2546 4949 objecta.
2577 4901 2594 4933 ι

2327 4954 2435 5022 (50)
2484 4951 2725 5024 Ridicula
2768 4961 2849 5006 est
2881 4951 2968 5005 hic
2987 4949 3289 5024 Bobiensis
3317 4952 3524 5007 codicis
3552 4955 3740 5024 lectio,
3769 4957 3814 5010 in

2257 5038 2365 5091 quo
2396 5023 2680 5088 scribitur,
2718 5041 2735 5072 (
2776 5038 2841 5075 ex
2876 5022 3138 5088 navibus;
3193 5041 3213 5076 ι
3247 5033 3466 5076 econtra
3497 5022 3815 5081 Casinensis

2258 5108 2381 5146 mox
2412 5093 2592 5156 habet,
2630 5111 2648 5143 (
2677 5092 2858 5146 dicens
2895 5091 2965 5143 ita
2993 5092 3162 5157 dixit,
3201 5112 3219 5143 ι
3256 5094 3392 5145 mala
3419 5095 3614 5149 itidem
3644 5098 3812 5150 lectio.

2329 5161 2439 5230 (51)
2466 5163 2642 5216 Codex
2675 5161 2976 5226 Bobiensis,
3014 5180 3032 5212 (
3062 5171 3272 5230 oportet
3304 5174 3356 5216 et
3387 5174 3598 5218 vetera.
3631 5185 3650 5215 ι

2330 5231 2441 5306 (52)
2475 5233 2609 5306 Male
2629 5231 2961 5306 Casiniensis,
2996 5249 3014 5282 (
3049 5247 3239 5306 rursus
3255 5235 3434 5289 omnis
3457 5237 3768 5306 utriusque.
3794 5254 3811 5286 ι

2331 5302 2441 5372 (55)
2477 5303 2654 5356 Codex
2684 5302 3014 5367 Casineusis,
3048 5321 3065 5353 (
3105 5303 3320 5357 docent.
3359 5321 3378 5353 ι

2332 5371 2442 5441 (54)
2471 5372 2589 5426 llzec
2624 5384 2708 5426 cst
2734 5371 3012 5426 Bobiensis
3037 5373 3240 5428 codicis
3265 5375 3422 5428 lectio
3447 5392 3462 5440 ;
3487 5390 3622 5428 nam
3647 5377 3702 5430 in
3726 5375 3822 5431 Ca-

685 5432 793 5504 (22)
827 5433 1017 5488 Melius
1063 5432 1313 5502 Vulgata,
1331 5453 1371 5508 _(
1410 5437 1646 5508 separari
1675 5437 1944 5491 hominem
1973 5440 2162 5493 adver-
2263 5432 2464 5496 sine-nsi
2515 5451 2616 5502 est,
2672 5459 2689 5491 (
2747 5442 2949 5494 homini
2984 5443 3135 5497 diviti
3166 5443 3321 5508 mihi,
3375 5463 3393 5496 ι
3448 5432 3606 5500 nullo
3638 5462 3817 5502 sensu.

616 5518 709 5556 sus
731 5513 934 5574 patrem
963 5520 1155 5570 suum;
1189 5521 1211 5574 ιν
1248 5515 1300 5557 et
1331 5504 1552 5560 Tertull.
1579 5506 1836 5562 Adversus
1867 5509 2160 5574 Gnosticos,

617 5588 735 5640 cap.
766 5573 850 5635 10,
885 5591 903 5623 (
937 5574 1174 5628 dividere
1205 5573 1498 5641 hominem,
1537 5593 1554 5626 ι
1593 5587 1695 5630 etc.

835 5641 1118 5718 _B_obiensi_s
1151 5643 1340 5718 codex,
1373 5662 1390 5694 (
1434 5646 1484 5718 in
1512 5647 1756 5718 caligine.
1795 5667 1813 5700 ι

709 5709 800 5780 24)
834 5709 974 5766 Idem
999 5712 1187 5780 codex,
1225 5731 1243 5764 (
1276 5714 1328 5767 in
1362 5717 1501 5768 navi.
1541 5735 1558 5766 ι

2263 5512 2443 5573 Forte,
2484 5529 2502 5561 (
2535 5511 2742 5563 dimitte
2777 5512 2927 5564 mihi.
2969 5532 2987 5563 ι

2333 5580 2441 5658 (55)
2475 5580 2654 5633 Codex
2694 5579 2992 5650 Bobiensis,
3030 5603 3049 5636 (
3104 5598 3209 5638 non
3252 5599 3377 5655 per;
3430 5603 3448 5637 ο
3489 5586 3587 5641 sed
3625 5588 3684 5644 iu
3713 5602 3819 5658 seq.

2267 5651 2424 5705 habet
2454 5669 2470 5700 (
2503 5665 2700 5705 nonne.
2748 5670 2765 5700 ι
