3996 6208
228 287 253 339 ἵ
267 287 371 342 505

1313 288 1455 345 CUM
1492 289 1771 345 MANETE
1808 290 2335 352 HERESIARCHA.

3306 313 3440 372 L506

232 406 363 461 ﬁent
396 405 507 479 (56)
540 408 646 463 duo
679 417 854 464 vetera
891 410 1268 476 Testamenta;
1319 411 1362 465 si
1394 419 1571 467 tamen
1605 412 1793 468 ambos
1821 423 1867 475 Α
1898 424 1952 469 et
1983 432 2089 471 non
2122 418 2252 475 satis
2275 417 2675 489 Scripturarum
2712 427 3099 495 quastionibus
3130 434 3436 492 eruditum:

226 499 508 569 antiquos,
562 511 614 556 et
661 504 778 556 sine
820 502 973 557 initio
996 517 1117 557 esse
1139 502 1293 557 dicis.
1331 503 1438 574 Ego
1464 512 1641 558 autem
1678 519 1784 559 non

230 591 303 645 ita
336 592 538 656 didici,
574 609 747 662 neque
783 594 855 647 ita
897 594 1174 648 continent
1206 595 1515 664 Scriptura.
1554 595 1635 650 Tu
1658 610 1786 650 vero

227 681 323 751 qui
346 682 479 736 dicis
508 682 674 752 legem
711 682 876 755 Moysi
902 700 1021 739 esse
1048 685 1264 753 maligni
1288 686 1567 756 principis,
1605 695 1783 742 etnon

230 771 359 825 boni
393 771 487 825 Dei
516 813 530 834 ,
570 773 654 827 die
686 774 838 838 mihi,
870 773 961 842 qui
982 782 1135 827 erant
1158 774 1229 827 illi
1256 776 1345 843 qui
1375 776 1696 831 resistebant
1730 778 1783 831 in

226 860 421 915 faciem
458 860 646 931 Moysi,
700 862 944 917 Jamnem
979 865 1100 918 dico
1135 872 1185 919 et
1231 864 1563 920 Mambrem?
1615 866 1784 923 Omne

226 950 371 1004 enim
423 954 564 1020 quod
614 952 836 1019 resistit,
888 970 996 1007 non
1052 954 1368 1024 sibimetipsi
1414 958 1635 1023 resistit,
1689 959 1780 1013 sed

227 1040 342 1104 alii,
383 1052 476 1094 aut
506 1042 715 1097 meliori
746 1056 836 1098 aut
864 1044 1143 1111 deteriori,
1185 1044 1324 1100 sicut
1353 1046 1556 1101 Paulus
1583 1050 1782 1104 indicat

225 1130 293 1182 ad
313 1129 651 1184 Timotheum
676 1132 728 1185 in
746 1134 982 1188 secunda
998 1134 1233 1205 Epistola
1257 1151 1353 1190 sua
1372 1137 1613 1191 scribens
1633 1139 1739 1209 (37)
1763 1157 1775 1193 :

229 1235 252 1269 ε
292 1218 753 1284 Quemadmodum
800 1222 1017 1279 Jamnes
1062 1236 1114 1279 et
1153 1224 1420 1281 Mambres
1470 1227 1779 1282 restiterunt

225 1309 436 1382 Moysi,
475 1313 542 1367 ita
570 1322 623 1367 et
652 1312 740 1369 isti
776 1315 1088 1370 restiterunt
1118 1318 1351 1383 veritati,
1384 1318 1633 1375 homines
1665 1335 1782 1374 cor-

220 1403 371 1472 rupti
426 1415 620 1471 mente,
672 1408 884 1476 reprobi
927 1408 1068 1463 circa
1117 1409 1313 1477 tidem;
1350 1410 1443 1465 sed
1485 1412 1625 1467 ultra
1668 1428 1775 1468 non

221 1497 523 1565 proﬁcient.
578 1498 886 1569 [nsipientia
930 1503 1074 1556 enim
1130 1516 1315 1557 eorum
1367 1504 1615 1559 omnibus
1663 1505 1774 1575 (58)

221 1596 348 1639 nota
374 1595 474 1651 est,
507 1588 647 1641 sicut
683 1597 735 1641 et
768 1590 979 1644 illorum
1014 1590 1117 1645 fuit
1142 1592 1229 1645 δ”.
1259 1611 1277 1645 ι
1317 1590 1476 1648 Vides
1505 1594 1775 1663 quomodo

222 1675 468 1731 Jamnem
510 1688 563 1733 et
604 1678 895 1734 Mambrem
938 1682 1245 1737 hominibus
1278 1695 1554 1753 comparat
1591 1701 1776 1740 corru-

1886 508 2138 563 Archelai
2192 511 2335 565 enim
2382 513 2641 569 doctrinae
2692 516 2805 585 jam
2852 534 3166 591 perceperat
3199 538 3435 595 gustum.

1884 600 2018 655 Cum
2059 618 2187 673 ergo
2230 614 2284 659 et
2313 607 2484 661 turba:
2507 609 2885 665 convenissent
2905 614 2969 667 ad
2999 615 3218 671 solitum
3246 619 3438 689 dispu—

1885 694 2101 749 tationis
2150 697 2347 764 locum,
2399 708 2453 754 et
2491 700 2671 755 Manes
2698 700 2807 770 jam
2845 705 3005 758 verba
3033 705 3208 763 facere
3243 712 3440 780 cmpis-

1884 794 1982 851 set,
2029 787 2207 841 subito
2256 788 2308 842 in
2358 790 2533 844 medio
2574 806 2761 846 eorum
2812 796 3062 863 apparuit
3116 797 3436 865 Archelaus,

1882 890 1945 929 ac
1976 875 2266 932 Diodorum
2316 882 2667 950 complexus,
2713 893 2899 939 sancto
2935 888 3121 943 osculo
3163 891 3433 948 salutavit.

1880 964 2146 1024 Diodorus
2196 986 2344 1038 vero,
2407 981 2456 1026 et
2512 988 2702 1029 omnes
2773 976 2866 1044 qui
2910 990 3201 1047 praesentes
3258 994 3433 1049 erant,

1880 1058 2128 1113 almirati
2159 1071 2284 1116 sunt
2312 1078 2447 1132 Opus
2472 1065 2665 1121 divina
2695 1066 3050 1124 Providentia:
3071 1111 3085 1134 ,
3122 1079 3181 1125 ut
3220 1073 3273 1127 in
3299 1083 3435 1128 tem-

1877 1163 2007 1215 pore
2054 1150 2171 1219 ipso
2211 1154 2522 1209 adventaret
2568 1156 2867 1213 Archelaus
2911 1175 3020 1229 quo
3058 1164 3287 1230 quaestio
3319 1181 3435 1218 mo-

1876 1241 2117 1307 vebatur;
2149 1258 2208 1296 re
2236 1243 2377 1297 enim
2409 1260 2557 1311 vera,
2585 1248 2728 1316 quod
2761 1247 3033 1303 fatendum
3057 1260 3159 1316 est,
3183 1256 3337 1323 quasi
3367 1271 3431 1310 ex

1875 1340 2026 1399 parte
2054 1332 2234 1401 aliqua
2263 1335 2546 1405 religiosus
2571 1335 2834 1393 Diodorus
2863 1340 3211 1407 pertimuerat
3240 1344 3432 1396 conﬂi-

1876 1430 2042 1475 ctum.
2064 1422 2198 1476 Cum
2230 1433 2408 1479 autem
2443 1427 2663 1482 vidisset
2695 1427 3016 1483 Archelaum
3056 1431 3271 1494 Manes,
3315 1449 3434 1489 ces-

1874 1514 2012 1566 savit
2040 1513 2257 1582 quidem
2298 1517 2553 1571 continuo
2579 1517 2647 1570 ab
2669 1516 3039 1584 insultatione,
3064 1530 3115 1575 et
3142 1524 3434 1591 supercilio

1874 1615 1982 1655 non
2004 1617 2211 1671 parum.
2234 1603 2440 1672 dejecto
2463 1647 2477 1672 ,
2522 1599 2804 1661 manifeste
2830 1607 3223 1679 intelligebatur
3241 1651 3255 1675 ,
3286 1614 3431 1682 quod

1874 1694 2182 1748 conﬂictum
2209 1696 2364 1750 vellet
2388 1697 2639 1769 ell'ugere.
2664 1698 2947 1754 Multitudo
2970 1718 3100 1757 vero
3121 1704 3428 1760 auditorum

222 1770 331 1864 ptis
371 1780 554 1864 mente
589 1781 644 1864 et
702 1774 944 1842 reprohis
980 1774 1120 1864 circa
1153 1775 1344 1841 tidem;
1389 1775 1604 1847 Moysen
1647 1794 1774 1834 vero
1802 1758 1845 1813 Β
1874 1785 2159 1839 adventum
2187 1786 2455 1849 Archelai,
2487 1758 2633 1843 velut
2656 1791 2883 1860 apostoli
2915 1794 3279 1861 praesentiam,
3311 1758 3430 1864 cpi;

218 1861 477 1916 veritati?
524 1862 627 1916 Sed
656 1872 709 1916 et
739 1872 960 1919 sanctus
988 1863 1224 1920 Joannes
1253 1866 1521 1921 maximus
1546 1882 1775 1940 evange-

216 1953 465 2007 listarum
489 1954 582 2017 ait,
617 1956 843 2022 gratiam
873 1956 1042 2028 gratia
1080 1967 1351 2026 praestare,
1380 1968 1431 2014 et
1457 1959 1669 2014 differre
1691 1960 1770 2028 88;

218 2059 285 2097 ex
328 2044 656 2113 plenitudine
698 2046 839 2099 enim
894 2045 1022 2101 Jesu
1071 2048 1238 2117 legem
1288 2048 1457 2120 Moysi
1501 2050 1774 2120 accepisse

214 2149 318 2189 nos
353 2135 513 2201 dicit;
557 2136 718 2189 aliam
754 2146 933 2190 autem
970 2140 1194 2207 gratiam
1225 2154 1322 2208 pro
1352 2141 1440 2195 illa
1475 2141 1646 2211 gratia
1677 2152 1794 2211 per‘

209 2220 397 2277 Jesum
449 2223 723 2280 Christum
766 2240 887 2280 esse
940 2228 1258 2296 completam
1308 2228 1362 2281 in
1406 2228 1582 2281 nobis.
1615 2226 1769 2293 Quod

214 2314 507 2370 ostendens
537 2316 697 2369 etiam
723 2317 837 2385 ipse
864 2315 1127 2370 Dominus
1153 2328 1335 2371 uoster
1358 2315 1515 2372 Jesus
1546 2319 1722 2372 aiebat
1751 2336 1767 2374 :

222 2420 244 2453 ι
276 2400 392 2456 Non
440 2404 637 2472 putetis
680 2404 812 2474 ('59),
863 2404 989 2473 quia
1044 2419 1144 2470 ego
1198 2420 1294 2460 vos
1329 2405 1599 2459 accusabo
1627 2406 1769 2475 apud

215 2492 451 2548 Patrem.
477 2493 568 2549 Est
608 2494 701 2564 qui
734 2510 833 2549 vos
861 2504 1078 2550 accuset
1105 2494 1336 2565 Moyses,
1370 2495 1423 2549 in
1454 2511 1616 2565 quem
1655 2496 1766 2568 (40)

214 2597 313 2639 vos
337 2586 593 2654 speratis;
634 2584 679 2639 si
739 2585 881 2639 enim
926 2583 1216 2639 crederetis
1250 2583 1445 2655 Moysi,-
1479 2586 1767 2641 crederetis

212 2680 401 2749 utique
428 2688 481 2734 et
509 2679 641 2733 mihi
670 2677 817 2749 (4i);
847 2678 912 2732 de
939 2692 1024 2732 me
1054 2678 1197 2732 enim
1226 2677 1315 2732 ille
1346 2678 1579 2748 scripsit.
1613 2677 1768 2745 Quod

208 2772 261 2826 si
307 2772 500 2826 litteris
545 2771 688 2825 illius
720 2785 825 2824 non
850 2770 1087 2836 creditis,
1120 2768 1392 2840 quomodo
1422 2770 1601 2824 verbis
1632 2769 1767 2826 meis

210 2864 449 2918 credetis
477 2862 559 2915 3°?
600 2880 619 2913 ι
666 2861 801 2916 Sunt
829 2862 992 2916 etiam
1031 2862 1135 2915 alia
1170 2861 1336 2915 multa
1362 2875 1482 2931 qua:
1506 2861 1611 2916 dici
1642 2876 1768 2930 pos-

214 2962 339 3008 sent
385 2953 493 3023 (42)
536 2962 589 3008 et
632 2954 697 3008 de
736 2953 978 3023 apostolo
1006 2951 1195 3017 Paulo,
1231 2960 1286 3007 et
1325 2952 1390 3007 de
1422 2950 1762 3023 Evangeliis;

211 3060 280 3099 ex
308 3045 504 3115 quibus
532 3045 813 3100 ostendere
858 3059 1150 3114 possumus
1177 3053 1410 3099 veterem
1444 3043 1613 3114 legem
1656 3059 1763 3098 non

202 3151 334 3193 esse
371 3137 590 3192 alterius
624 3152 785 3205 quam
832 3135 1072 3203 Domini,
1117 3135 1273 3206 cujus
1295 3143 1379 3191 est
1411 3133 1622 3189 Novum
1657 3133 1762 3189 Te-

211 3239 567 3296 stamentum,
618 3245 738 3298 (ιὶιω
771 3245 869 3283 nos
905 3237 1273 3298 competenter
1296 3242 1566 3296 exponere
1589 3234 1643 3281 ει
1679 3242 1767 3297 ap-

214 3331 330 3377 tare
373 3322 619 3375 convenit
651 3322 785 3389 (45).
817 3318 934 3373 Jam
968 3336 1156 3389 vesper
1187 3321 1427 3390 impedit,
1472 3320 1588 3375 dies
1620 3320 1761 3375 enim

208 3414 517 3475 clauditur,
576 3420 630 3466 et
683 3412 841 3464 tinem
911 3425 1011 3465 nos
1066 3410 1374 3480 disputandi
1434 3410 1609 3465 facere
1666 3427 1764 3481 par

204 3514 332 3573 est;
379 3505 617 3560 crastino
644 3511 822 3557 autem
851 3501 1007 3556 nobis
1049 3500 1184 3570 (44),
1217 3502 1283 3555 de
1324 3502 1521 3571 quibus
1560 3503 1654 3556 tibi
1686 3504 1764 3557 vi-

203 3598 385 3662 detur,
422 3596 747 3667 quaestiones
778 3594 1097 3649 habeantur.
1126 3590 1194 3645 Et
1241 3592 1327 3646 his
1364 3593 1521 3648 dictis
1560 3594 1764 3650 disces-

209 3698 396 3745 serunt
430 3689 564 3761 (45),

279 3781 461 3838 XLVI.
515 3782 651 3837 Cum
695 3788 875 3835 autem
909 3794 1070 3834 mane
1116 3776 1316 3832 factum
1369 3784 1533 3842 esset,
1582 3775 1761 3831 subito

208 3874 516 3928 adventavit
557 3872 852 3927 Archelaus
899 3871 965 3925 ad
1015 3869 1295 3925 castellum
1368 3868 1473 3922 hoc
1535 3868 1590 3921 in
1650 3883 1759 3938 quo

209 3965 521 4019 morabatur
546 3964 831 4029 Diodorus,
875 3963 1191 4033 priusquam
1218 3960 1440 4014 omnino
1465 3960 1756 4029 quisquam

204 4057 277 4110 ad
300 4057 571 4127 publicum
611 4057 940 4127 procederet.
978 4054 1160 4109 Manes
1187 4068 1317 4108 vero
1342 4052 1595 4123 ignorans
1624 4066 1759 4121 prae-

205 4158 413 4204 sentem
460 4164 578 4204 esse
609 4148 929 4203 Archelaum
959 4187 973 4213 ,
1036 4160 1253 4200 rursum
1305 4143 1597 4198 Diodorum
1632 4157 1758 4212 pro-

205 4241 433 4295 vocabat
454 4241 520 4295 ad
547 4240 819 4310 publicum
842 4277 857 4302 ,
891 4246 950 4292 ut
974 4252 1095 4293 curn
1128 4252 1193 4291 eo
1217 4234 1580 4305 disputatione
1618 4248 1755 4289 con-

207 4334 483 4397 tenderet,
533 4333 719 4387 volens
775 4348 897 4386 eum
951 4331 1129 4385 verbis
1177 4328 1523 4399 opprimere,
1571 4342 1638 4382 ex
1690 4342 1755 4383 eo

1790 3104 1832 3159 Ο

1874 1888 2003 1931 nata
2032 1886 2133 1945 est,
2162 1893 2259 1947 pro
2282 1893 2347 1933 eo
2370 1881 2513 1949 quod
2541 1881 2606 1935 ad
2631 1883 2778 1937 verbi
2811 1882 3175 1939 defensionem
3203 1894 3307 1939 tam
3333 1903 3430 1955 pa-

1873 1977 2024 2023 ratus
2056 1976 2104 2021 et
2134 1980 2240 2023 tam
2271 1980 2553 2040 promptus
2602 1972 2905 2027 exsisteret.
2940 1972 3005 2026 Et
3044 1988 3165 2027 cum
3209 1975 3428 2030 dextera

1871 2058 2143 2113 silentium
2181 2062 2515 2129 poposcisset
2545 2078 2573 2114 a
2600 2064 2801 2132 popqu
2832 2064 3119 2134 (tumultus
3148 2065 3289 2119 enim
3320 2083 3427 2121 non

1872 2151 2163 2205 mediocris
2195 2152 2530 2222 exstiterat),
2565 2153 2668 2207 hoc
2700 2154 2859 2208 modo
2892 2156 3052 2225 C(Bpit
3083 2156 3380 2211 Archelaus
3412 2174 3426 2211 :

1870 2241 2102 2297 Tametsi
2122 2244 2483 2311 prudentiam,
2517 2245 2739 2315 gloriam
2766 2247 2926 2301 etiam
2957 2257 3265 2302 nostrorum
3291 2266 3427 2303 non-

1868 2334 2000 2388 nulli
2030 2334 2263 2388 assecuti
2294 2343 2461 2390 sunt:
2510 2344 2687 2390 tamen
2732 2336 2836 2391 hoc
2883 2353 2975 2391 vos
3016 2338 3277 2406 deprecor
3306 2378 3319 2402 ,
3365 2349 3425 2392 ut

1867 2439 2052 2479 eorum
2087 2438 2207 2491 qua:
2235 2432 2358 2478 ante
2382 2439 2467 2478 me
2498 2425 2641 2478 dicta
2674 2433 2820 2486 sunt,
2852 2425 3220 2480 testimonium
3248 2441 3425 2481 reser-

1868 2515 2022 2568 vetis.
2065 2514 2190 2567 Scio
2224 2516 2366 2568 enim
2400 2522 2453 2569 et
2478 2525 2656 2569 certus
2692 2531 2847 2578 sum,
2897 2515 3119 2581 fratres,
3165 2517 3422 2587 quoniam

1870 2601 2102 2657 Diodoro
2136 2603 2244 2674 (46)
2274 2620 2378 2657 non
2406 2620 2505 2674 pro
2538 2605 2709 2673 ipsius
2741 2606 3168 2675 impossibilitate
3206 2623 3425 2662 succes-

1867 2696 1950 2761 si;
1986 2695 2077 2749 sed
2112 2695 2367 2765 quoniam
2400 2696 2560 2751 istum
2588 2713 2687 2767 ego
2718 2699 2841 2751 novi
2877 2707 3022 2763 tunc,
3062 2714 3184 2752 cum
3216 2700 3280 2752 ad
3323 2700 3424 2754 loci

1866 2787 1968 2839 mei
1994 2795 2170 2855 partes
2199 2786 2476 2855 improbus
2502 2788 2845 2851 advenisset,
2881 2787 3116 2842 Marceili
3150 2789 3249 2841 viri
3297 2788 3423 2842 illu-

1866 2876 1994 2932 stris
2025 2876 2195 2945 gratia
2225 2876 2358 2946 (47),
2396 2877 2583 2932 volens
2612 2892 2734 2931 eum
2763 2877 3029 2932 divertere
3058 2894 3087 2932 a
3113 2887 3296 2932 nostra
3327 2879 3424 2931 do—

1865 2967 2038 3022 ctrina
2071 2976 2122 3021 et
2150 2982 2179 3021 a
2210 2968 2336 3026 tide.
2366 2968 2632 3030 videlicet,
2663 2982 2771 3036 quo
2802 2968 3089 3037 impietatis
3115 2967 3276 3036 hujus
3309 2968 3424 3020 ido-

1865 3074 1999 3114 nens
2046 3058 2343 3113 elliceretur
2379 3066 2652 3124 assertor;
2688 3065 2741 3111 et
2786 3067 2964 3112 tamen
3012 3058 3264 3113 omnibus
3308 3058 3421 3113 suis

1866 3150 2045 3205 verbis
2074 3150 2128 3203 in
2161 3148 2311 3204 nulio
2339 3164 2460 3203 eum
2492 3149 2755 3204 divertere
2788 3156 2840 3202 et
2868 3164 3086 3203 movere
3115 3148 3413 3219 praevaluit.

1866 3239 2072 3296 Similis
2102 3241 2245 3296 enim
2276 3241 2526 3294 inventus
2576 3250 2656 3295 est
2709 3240 3151 3309 religiosissimus
3189 3237 3421 3295 Mareelo

1862 3334 1948 3389 lus
1975 3343 2139 3403 petra:
2159 3334 2226 3397 9°,
2250 3332 2305 3386 in
2331 3346 2436 3401 qua
2462 3332 2721 3386 aediﬁcata
2750 3341 2833 3385 est
2860 3330 3055 3385 domus
3076 3329 3417 3385 solidissimis

1861 3422 2257 3485 fundamentis;
2289 3432 2343 3475 et
2379 3437 2500 3475 cum
2528 3420 2891 3475 descendisset
2917 3419 3117 3490 pluvia,
3152 3430 3202 3473 et
3230 3418 3419 3473 irruis-

1861 3515 1983 3561 sent
2007 3508 2225 3560 ﬂumina
2256 3522 2320 3561 ac
2343 3507 2505 3573 venti,
2531 3514 2585 3561 et
2610 3506 2892 3562 illisissent
2920 3508 2971 3560 in
2996 3507 3216 3561 domum
3246 3508 3416 3569 illam,

1858 3598 2110 3665 perstitit;
2140 3597 2356 3651 fundata
2395 3598 2537 3652 enim
2575 3606 2691 3651 erat
2715 3597 3058 3652 solidissimis
3088 3606 3141 3651 et
3164 3596 3419 3650 immobi-

1857 3687 2001 3743 libus
2030 3666 2397 3742 fundamentis
2433 3706 2447 3742 :
2489 3686 2617 3743 huic
2656 3697 2837 3741 autem
2883 3688 2977 3756 qui
3020 3702 3258 3756 praesens
3305 3699 3409 3757 est,

1858 3775 2135 3831 infamiam
2167 3776 2348 3847 patius
2372 3777 2551 3830 intulit
2572 3785 2798 3830 conatus
2830 3777 2961 3844 ipse,
2983 3792 3145 3846 quam
3176 3777 3408 3836 laudem.

1856 3866 1972 3923 Non
1996 3876 2175 3921 autem
2202 3866 2333 3920 mihi
2368 3865 2520 3920 venia
2551 3866 2746 3934 dignus
2775 3866 2985 3920 videtur
3011 3867 3104 3935 qui
3136 3867 3416 3936 ignorave-

1855 3958 1948 4023 rit,
1979 3958 2120 4027 quod
2168 3956 2409 4011 futurum
2449 3966 2560 4021 est;
2599 3956 2880 4024 oportebat
2927 3955 3070 4010 enim
3110 3973 3233 4011 eum
3274 3974 3411 4026 prte-

1855 4065 2098 4114 noscere,
2148 4050 2237 4117 qui
2284 4056 2412 4103 sunt
2453 4047 2654 4118 proprii
2695 4047 2818 4114 sui;
2873 4047 3137 4116 siquidem
3181 4046 3413 4119 Spiritus

1854 4140 2119 4195 Paracleti
2161 4139 2366 4193 habitat
2409 4139 2463 4192 in
2497 4152 2584 4193 eo.
2632 4138 2735 4193 Sed
2789 4138 3045 4207 quoniam
3094 4140 3412 4210 ignorantia:

1855 4231 2089 4290 tenebris
2119 4232 2423 4286 obcaecatus
2445 4240 2546 4295 est,
2577 4231 2628 4284 in
2651 4244 2847 4284 vanum
2878 4230 3139 4296 cucurrit,
3162 4245 3283 4285 cum
3310 4231 3410 4287 iter

1855 4323 2057 4379 faceret
2083 4323 2150 4376 ad
2173 4320 2505 4387 Marcellum,
2536 4331 2589 4376 et
2613 4320 2805 4376 similis
2835 4319 3010 4375 facere
3040 4321 3152 4392 (48)
3182 4323 3412 4377 astrolo-

204 4424 349 4495 quod
398 4422 706 4477 advertebat
746 4437 869 4478 eum
925 4420 1197 4475 hominem
1249 4433 1370 4474 esse
1419 4416 1715 4487 simplicem
1736 4456 1751 4481 ,
1785 4436 1832 4496 ο
1856 4430 1943 4485 go,
1974 4411 2300 4469 describenti
2321 4412 2535 4482 quidem
2570 4412 2829 4479 cmlestia,
2857 4412 3124 4484 ignoranti
3144 4429 3270 4468 vero
3290 4430 3410 4484 qua:

276 4562 340 4595 "‘
374 4560 417 4614 ll
443 4559 582 4615 Tim.
612 4574 691 4621 ut,
714 4556 841 4623 8,9.
916 4555 960 4587 ⁸⁸
990 4552 1147 4610 Joan.
1179 4569 1218 4619 ι,
1245 4551 1329 4606 16.
1405 4550 1449 4582 ⁸⁸
1477 4547 1635 4603 Joan.
1662 4566 1711 4615 v,
1733 4548 1765 4602 4

1867 4549 1913 4604 7.
1989 4548 2035 4579 ’°
2063 4545 2249 4601 Matth.
2282 4561 2376 4612 vn,
2414 4545 2503 4598 24.

276 4698 384 4772 ('56)
425 4697 630 4772 Hoc__in
669 4698 789 4752 loco
822 4696 1014 4749 lacuna
1045 4702 1129 4772 est
1165 4691 1218 4745 in
1250 4688 1503 4772 Bobiensi
1534 4687 1739 4772 codice,

203 4772 259 4826 in
283 4760 400 4840 ‘qu'o
443 4769 726 4840 scribitur,
772 4785 792 4819 ι
830 4781 894 4820 ex
928 4779 1037 4834 quo
1066 4764 1173 4817 duo
1218 4770 1343 4815 sunt
1378 4760 1613 4840 ingenita
1647 4760 1747 4840 ha-

204 4827 391 4910 bentes
436 4849 684 4893 naturam
706 4827 963 4910 'ipsoruni
978 4839 1397 4910 testamentum,
1434 4836 1487 4882 et
1535 4827 1682 4894 ﬁent,
1721 4848 1739 4880 ι

200 4921 307 4967 etc.
339 4909 586 4964 Valesius
611 4924 675 4980 ex
716 4901 930 4980 ingenio
976 4905 1050 4957 ita
1092 4901 1422 4980 emendavit,
1477 4915 1495 4948 ι
1546 4913 1611 4980 ex
1638 4914 1747 4980 quo

202 4983 312 5036 duo
333 4990 458 5033 sunt
480 4979 737 5048 ingenita,
778 4978 979 5030 habent
1008 4989 1073 5048 ex
1100 4982 1298 5048 natura
1318 4977 1557 5048 ipsorum
1582 4977 1747 5048 testa-

199 5058 464 5106 mentum.
505 5037 668 5102 »"Sed
710 5037 888 5118 ipsum
921 5045 1061 5100 male
1096 5037 1394 5112 conjecisse
1435 5037 1748 5094 Casinensis

196 5120 375 5192 codex
404 5119 663 5192 ostenditi
704 5186 718 5192 _
742 5185 754 5192 Α
861 5185 873 5192 _
1014 5183 1026 5192 _
1197 5181 1209 5192 υ

294 5188 385 5259 57)
417 5186 598 5259 Codex
614 5185 927 5259 _Bohiens_is,
966 5201 984 5235 ι
1014 5183 1083 5259 i_ta
1106 5181 1367 5259 scribens.
1411 5198 1433 5259 ξ
1531 5248 1542 5259 ,

294 5189 362 5243 57
417 5188 598 5244 Codex
628 5188 927 5250 Bobiensis,
966 5201 984 5235 ι
1014 5188 1083 5237 ita
1106 5188 1367 5237 scribens.
1411 5198 1430 5231 ι

272 5188 387 5382 £58}
408 5257 587 5312 Codex
612 5256 929 5311 Bobiensis:
962 5273 979 5304 ε
1015 5251 1319 5323 lnsipientia
1350 5251 1493 5305 enim
1529 5246 1744 5327 illorum

272 5331 349 5382 ani
377 5337 493 5382 esta
525 5328 628 5381 erit
659 5327 910 5379 omnibus
930 5363 943 5382 .
980 5324 1151 5382 sicut,
1205 5340 1223 5372 ι
1250 5331 1378 5382 etc.,
1410 5319 1551 5382 quod
1576 5332 1744 5382 magis

199 5319 493 5385 manifesta
525 5328 628 5381 erit
659 5327 910 5379 omnibus
930 5363 943 5385 ,
980 5319 1151 5386 sicut,
1205 5340 1223 5372 ι
1250 5331 1378 5387 etc.,
1410 5319 1551 5390 quod
1576 5319 1746 5386 magis

199 5402 269 5455 ad
307 5400 544 5466 Vulgata:
575 5397 853 5451 lectionem
896 5394 1116 5466 accedit.
1345 5460 1355 5466 _
1637 5455 1649 5466 .

273 5468 383 5542 (59)
406 5460 588 5525 Codex
613 5466 891 5523 Bobiensis
919 5483 930 5517 :
974 5482 991 5515 ι
1023 5462 1137 5515 Non
1168 5460 1421 5531 potestis;
1459 5474 1479 5507 ι
1510 5460 1744 5526 pessima

196 5539 381 5595 lectio.
1054 5601 1071 5605 _
1085 5600 1101 5605 _
1588 5595 1601 5605 ,
1676 5593 1706 5605 _,

273 5610 378 5680 (40)
406 5606 718 5665 Casinensis
750 5605 917 5663 codex
948 5622 960 5657 :
1003 5622 1021 5654 ι
1054 5600 1283 5675 Moyses,
1308 5613 1500 5670 quem;
1538 5616 1556 5648 ›
1588 5595 1746 5651 lectio

200 5681 507 5751 rejicienda.

1918 4686 2029 4758 (Μ)
2056 4684 2237 4758 Codex
2266 4683 2571 4758 Bobiensis,
2603 4700 2622 4734 ‹
2659 4683 2878 4739 creditis
2910 4680 3103 4754 Moysi,
3132 4683 3406 4739 erederitis

1847 4754 2035 4813 utique
2075 4755 2256 4809 forsan
2291 4763 2343 4807 et
2378 4754 2528 4807 mihi.
2562 4773 2581 4805 υ

1921 4779 1927 4812 ι
1968 4774 2035 4811 ue
2075 4774 2256 4809 Iorsan
2291 4774 2343 4807 ει
2378 4774 2528 4807 ΙΙΙΙΙΙΙ.
2562 4774 2581 4805 ι

1921 4774 2031 4896 (Ἒὲ)
2065 4826 2249 4880 Codex
2270 4822 2603 4890 Casinensis,
2636 4841 2655 4874 ι
2688 4821 2793 4876 alia
2822 4821 2972 4891 plura
2997 4820 3133 4890 jam,
3158 4836 3277 4890 quae
3297 4821 3405 4877 diei

1887 4899 2077 4950 ossint.
2122 4914 2140 4947 ι

1849 4913 2260 5038 ροῗῗὲῗῖὶᾎᾱει
2304 4961 2606 5038 Bobiensis,
2645 4980 2664 5013 ι
2696 4974 2964 5038 exponere
3005 4970 3058 5038 e_t
3090 4975 3120 5013 a
3156 4957 3316 5015 Patre
3349 4972 3407 5015 ut

1851 5030 2130 5099 convenit;
2170 5053 2187 5085 ι
2224 5048 2345 5103 qua:
2375 5032 2537 5087 verba
2560 5048 2681 5087 cum
2708 5031 2926 5103 nullum
2951 5030 3148 5083 habere
3185 5044 3403 5103 sensum

1853 5107 2077 5161 vidisset
2099 5100 2389 5169 Valesius”
2414 5118 2681 5173 exponere
2705 5111 2759 5156 et
2783 5100 2990 5173 aperire
3021 5107 3077 5151 ut
3096 5101 3364 5160 convenit,
3381 5119 3400 5151 ι

1852 5177 2245 5231 emendandum
2272 5188 2393 5229 esse
2426 5171 2664 5244 putavit;
2693 5181 2744 5226 et
2771 5171 2987 5239 quidem
3022 5183 3129 5223 non
3160 5179 3321 5235 recte,
3346 5178 3405 5223 ut

1852 5262 1939 5319 exp
1958 5244 2245 5319 _Casi_ne_nsi
2269 5244 2472 5319 _co_d_ice
2506 5250 2755 5319 apparet.
3028 5309 3043 5319 ‘
3065 5308 3076 5319 .

1921 5316 2034 5385 (M)
2063 5315 2245 5385 Codex
2269 5309 2683 5385 Bobiensis'rjon
2714 5321 2876 5385 recte,
2908 5327 2927 5361 ι
2957 5309 3132 5363 vobis.
3166 5325 3187 5359 ι

1923 5379 2032 5459 μᾷ)
2062 5383 2176 5459 Huc
2208 5384 2564 5459 usqueedidit
2591 5379 2857 5459 Yalesius.
2878 5447 2933 5459 Μ

1921 5446 2029 5522 (46)
2064 5458 2116 5509 In
2142 5446 2324 5536 codice
2353 5450 2627 5506 Casinensi
2651 5459 2785 5509 erat,
2821 5469 2838 5500 ε
2876 5447 3165 5514 Diodorus,
3196 5464 3217 5499 ι
3252 5446 3403 5504 nullo

1852 5538 2036 5579 sensu.

1920 5593 2031 5661 (47)
2060 5589 2196 5661 Male
2230 5590 2573 5651 Casinensis,
2607 5607 2625 5639 ι
2670 5589 2765 5644 viri
2802 5590 2855 5644 in
2888 5588 3021 5659 legis
3045 5586 3233 5659 gratia.
3273 5604 3292 5639 ι

1920 5660 2028 5732 (ι8)
2065 5660 2242 5728 Forte,
2287 5680 2304 5714 ι
2344 5661 2515 5717 lactus
2539 5668 2636 5715 est.
2680 5679 2698 5710 ι
