3998 7026
536 312 541 321 ’
638 293 769 350 I507

1636 286 1822 343 ACTA
1858 284 2381 343 DISPUTATIONIS
2417 285 2477 342 S.
2511 284 2857 357 ARQHELAI

630 431 744 471 sua:
776 410 963 468 domui
996 418 1277 484 geruntur.
1318 407 1423 464 Sed
1450 422 1518 463 ne
1541 407 1727 463 videar
1759 425 1854 478 per
1883 409 1996 465 haec
2018 408 2180 463 verba
2210 413 2253 470 Α
2281 405 2533 477 Nunquid
2553 419 2604 463 te
2634 408 2945 463 advocatum
2968 423 3211 463 meorum
3233 407 3450 463 adhibui
3496 422 3832 473 sermonum,

630 506 848 559 differre
881 503 1254 574 quaestionem,
1280 499 1392 570 jam
1421 498 1630 566 sileam;
1665 500 1732 554 de
1769 500 1835 554 iis
1878 514 2002 554 vero
2044 499 2184 553 dabo

629 596 733 666 ipsi
767 604 1117 666 potestatem,
1164 599 1345 646 sumat
1376 591 1737 661 quodcunque
1779 591 1892 644 vult
1936 590 2184 661 proposi-

629 688 794 743 tionis
828 696 881 742 et
906 682 1218 755 quaestionis
1253 682 1487 736 initium.
1516 680 1626 737 Vos
1650 682 2040 745 tantummodo,
2078 681 2185 737 sic-

633 789 695 834 ut
733 779 979 847 superius
1028 776 1162 840 dixi,
1195 774 1831 842 indeclinabilesjudices
1862 789 1982 829 esse
2038 790 2185 844 quae-

632 885 722 933 so,
758 878 815 923 ut
842 883 965 922 vera
995 867 1195 921 dicenti
1216 867 1477 920 honorem
1499 881 1684 920 verum
1713 866 2053 936 palmamque
2075 876 2185 920 tra-

629 955 788 1010 datis.

700 1045 906 1100 XLVII.
933 1044 1086 1101 Tune
1129 1044 1334 1110 Manes,
1364 1045 1578 1101 silentio
1623 1045 1691 1100 ab
1715 1044 1967 1100 omnibus
2005 1043 2183 1111 facto,

627 1139 703 1192 ita
735 1154 962 1194 exorsus
991 1148 1071 1193 est
1097 1157 1111 1192 :
1139 1137 1216 1191 Tn
1244 1152 1480 1207 quoque,
1513 1138 1795 1202 Archelao,
1826 1137 1962 1191 bene
2003 1152 2089 1191 me
2119 1137 2186 1191 de

627 1229 737 1283 Deo
766 1230 1103 1290 sentientem,
1141 1229 1468 1299 dignamque
1506 1229 1812 1298 opinionem
1861 1229 1927 1284 de
1968 1227 2184 1283 Christo

626 1321 971 1384 retinentem,
997 1319 1177 1374 verbis
1205 1320 1604 1375 molestissimis
1625 1318 1902 1385 Obtundis,
1930 1319 2053 1374 licet
2081 1320 2185 1373 tale

628 1413 695 1467 sit
723 1411 1093 1480 apostolorum
1128 1427 1299 1482 genus
1323 1452 1339 1478 ,
1386 1412 1598 1481 patiens
1638 1422 1692 1465 et
1737 1410 1915 1465 ferens
1957 1411 2141 1466 omnia
2166 1450 2182 1474 ,

626 1501 843 1556 etiamsi
875 1516 969 1556 eos
1002 1501 1264 1557 conviciis
1290 1500 1413 1571 quis
1447 1510 1540 1555 aut
1572 1500 1873 1555 maledictis
1900 1500 2182 1554 obtrectet.

630 1589 688 1644 Si
732 1592 981 1662 persequi
1027 1591 1294 1657 volueris,
1333 1602 1555 1661 paratus
1603 1608 1763 1659 sum;
1798 1600 1851 1647 et
1894 1591 1941 1646 si
1984 1590 2184 1646 inferre

629 1685 914 1754 supplicia,
934 1700 1041 1738 non
1071 1683 1355 1755 refugiam.
1382 1682 1438 1738 Si
1462 1685 1624 1739 etiam
1646 1683 1946 1738 interﬁcere
1968 1698 2055 1739 me
2076 1684 2179 1748 vis,

630 1749 750 1831 non
765 1749 1079 1840 reformido;
1114 1749 1266 1829 illuvm
1305 1775 1449 1829 enim
1497 1775 1674 1830 solum
1719 1784 1931 1845 oportet
1967 1775 2180 1843 timere,
2212 1749 2256 1805 Β

627 1869 722 1940 qui
765 1878 943 1938 potest
983 1868 1224 1923 animam
1273 1877 1327 1923 et
1370 1882 1568 1937 corpus
1609 1868 1830 1938 perdere
1876 1866 1931 1922 in
1977 1868 2181 1938 gehen-

627 1976 755 2015 nam
785 1962 854 2013 ἰ.
887 1960 1175 2014 Archelaus
1202 1960 1344 2014 dixit
1366 1975 1387 2013 :
1433 1959 1589 2014 Absit
1607 1974 1637 2014 a
1662 1975 1767 2015 me.
1792 1958 1911 2014 Non
1940 1969 2022 2016 est
2048 1962 2183 2016 mihi

625 2052 732 2106 tale
760 2051 1119 2121 propositum.
1151 2050 1293 2118 Quid
1321 2052 1465 2106 enim
1496 2067 1785 2122 perpessus
1808 2068 1867 2107 es
1902 2068 1935 2108 a
1968 2068 2076 2118 me,
2097 2054 2182 2110 vel

625 2159 656 2197 a
689 2145 927 2210 nostris,
967 2152 1024 2199 et
1048 2144 1266 2214 quidem
1296 2159 1422 2200 cum
1460 2144 1790 2201 obtrectares
1829 2153 1992 2215 atque
2038 2146 2183 2216 inju-
2230 2170 2235 2177 -

625 2235 765 2290 riam
794 2235 1090 2305 irrogares,
1121 2244 1179 2290 et
1211 2251 1337 2291 eum
1365 2236 1677 2292 detraheres
1701 2236 1769 2293 de
1808 2237 2047 2307 paternis
2078 2253 2181 2294 no-

625 2326 757 2382 stris
787 2328 1191 2394 traditionibus,
1222 2337 1278 2383 et
1302 2344 1424 2383 cum
1452 2329 1614 2384 velles
1645 2328 1858 2384 animas
1896 2330 2178 2385 hominum

624 2416 762 2473 bene
786 2418 1061 2474 institutas
1091 2434 1156 2475 ac
1182 2420 1424 2489 diligenti
1448 2420 1660 2475 cautela
1686 2430 1926 2477 servatas
1968 2423 2209 2477 intertiw

624 2525 771 2577 cere,
794 2512 993 2582 quibus
1017 2512 1201 2581 utique
1222 2511 1495 2582 repensari
1522 2527 1628 2566 non
1660 2524 1885 2582 possunt
1913 2514 2181 2571 universae

626 2603 815 2657 mundi
846 2603 1074 2658 divitize?
1096 2601 1479 2658 Verumtamen
1509 2596 1727 2673 propter
1750 2605 1890 2672 quod
1919 2609 2177 2670 assumis,

626 2707 661 2747 o
694 2692 1025 2747 Maniehzee?
1066 2689 1205 2757 Quid
1233 2698 1315 2746 est
1347 2691 1489 2761 quod
1530 2690 1770 2745 indicas?
1811 2690 1942 2757 Quae
1987 2692 2179 2749 salutis

625 2786 779 2856 signa
809 2785 876 2839 ad
904 2799 1009 2839 nos
1039 2782 1254 2838 deferas
1281 2782 1468 2838 dicito.
1513 2781 1813 2838 Verborum
1857 2784 1999 2838 enim
2036 2782 2179 2838 nuda

620 2877 845 2949 jactatio
869 2893 976 2932 non
1010 2877 1206 2947 poterit
1233 2876 1483 2946 praesenti
1524 2876 1851 2931 multitudini
1900 2875 2180 2933 satisface-

625 2986 708 3034 re,
737 2979 795 3025 ut
814 2979 1109 3041 agnoscant
1133 2969 1228 3039 qui
1262 2978 1509 3024 nostrum
1536 2970 1738 3024 rectius
1771 2969 1978 3023 obtinet
2004 2970 2180 3024 scien-

626 3065 755 3116 tiam
787 3063 1050 3117 veritatis.
1078 3060 1153 3117 De
1175 3077 1283 3132 quo
1302 3075 1433 3131 ergo
1452 3061 1534 3117 vis
1555 3076 1654 3115 nos
1680 3060 1855 3130 capite
1879 3061 2177 3129 disputare,
2209 3100 2251 3157 ο

623 3155 727 3208 hoc
746 3154 898 3223 prius
917 3154 1101 3216 dicito,
1118 3168 1241 3207 cum
1268 3154 1417 3222 prius
1435 3151 1644 3207 dicendi
1669 3152 1940 3221 acceperis
1957 3151 2185 3207 faculta-

620 3254 751 3299 tem.
787 3245 965 3298 Manes
986 3244 1122 3297 dixit
1139 3259 1157 3297 :
1177 3243 1233 3297 Si
1263 3259 1371 3297 non
1403 3243 1597 3297 iterum
1617 3245 1701 3298 his
1717 3258 1839 3311 quae
1866 3259 1898 3297 a
1921 3243 2079 3298 nobis
2099 3257 2184 3297 re-

621 3344 705 3389 cte
720 3336 993 3398 dicuntur,
1012 3332 1297 3387 inﬁdeliter
1312 3333 1543 3399 resistis,
1567 3333 1766 3399 dicam;
1789 3333 1835 3387 si
1856 3341 2035 3388 autem
2058 3333 2182 3388 talis

618 3425 861 3491 exsistis,
884 3425 1097 3495 qualem
1128 3434 1179 3480 te
1207 3424 1357 3495 prius
1379 3426 1547 3490 sensi,
1570 3424 1747 3480 dicam
1769 3426 2029 3481 adversus
2051 3424 2181 3481 Dio-

621 3516 813 3572 dorum
836 3558 851 3581 ,
898 3515 1177 3571 declinans
1222 3517 1650 3586 inquietudinem
1687 3526 1856 3573 tuam.
1892 3518 2182 3573 Archelaus

622 3609 756 3664 dixit
780 3626 799 3664 :
825 3608 1052 3664 Praedixi
1074 3609 1211 3680 jam,
1238 3610 1382 3679 quod
1411 3610 1689 3665 abutimur
1713 3610 1975 3666 inanitate
1996 3612 2185 3668 verbo-

622 3716 764 3755 rum.
784 3700 839 3756 Si
857 3702 977 3772 quis
995 3708 1237 3756 nostrdm
1262 3700 1375 3773 (49)
1391 3701 1643 3757 resistere
1664 3700 1949 3757 inﬁdeliter
1975 3703 2183 3758 inveni-

621 3801 734 3860 tur,
752 3793 1026 3863 judicibus
1048 3794 1162 3848 haec
1178 3793 1427 3863 permitte
1437 3792 1763 3863 discernere;
1777 3803 1832 3850 tu
1854 3805 2032 3851 autem
2052 3794 2182 3865 quid

621 3899 857 3948 asseras,
888 3884 1073 3940 dicito.
1102 3883 1282 3939 Manes
1316 3885 1454 3939 dixit
1484 3900 1503 3939 :
1525 3885 1584 3939 Si
1611 3900 1722 3940 non
1750 3886 1945 3940 iterum
1976 3885 2181 3941 resistis

624 3978 713 4033 bis
736 3993 856 4047 quae
885 3993 914 4031 a
940 3993 1026 4032 me
1052 3977 1248 4032 iterum
1283 3987 1428 4033 recte
1457 3977 1733 4043 dicuntur,
1768 3978 2043 4049 incipiam.
2075 3977 2180 4031 Ar-

622 4070 832 4126 chelaus
858 4071 992 4125 dixit
1024 4086 1042 4124 :
1069 4069 1125 4124 Si
1157 4086 1263 4125 non
1297 4071 1402 4125 hoc
1429 4079 1532 4137 est,
1566 4070 1612 4126 si
1640 4085 1747 4125 non
1780 4070 1907 4123 illud
1934 4111 1948 4135 ,
2000 4085 2179 4124 sermo

619 4172 703 4219 est
730 4163 964 4218 hominis
995 4163 1312 4232 ignorantis.
1347 4162 1569 4233 Ignoras
1602 4178 1730 4233 ergo
1760 4164 1904 4231 quod
1936 4162 2179 4216 futurum

619 4264 723 4308 est.
742 4255 846 4308 Sed
875 4256 978 4310 hoc
997 4256 1141 4324 quod
1174 4253 1412 4309 futurum
1438 4254 1539 4319 ais,
1565 4253 1817 4309 resistere
1842 4268 1928 4308 me
1952 4261 2046 4306 aut
2071 4267 2179 4306 non

620 4345 891 4409 resistere,
921 4349 973 4400 in
1008 4362 1127 4399 mea
1154 4357 1234 4401 est
1264 4354 1544 4415 potestate.
1581 4344 1862 4411 Quomodo
1892 4359 2021 4414 ergo
2067 4351 2179 4397 stac

2284 507 2345 552 ut
2376 499 2536 553 etiam
2564 497 2678 568 (5|)
2713 514 2841 552 meae
2871 498 3103 553 scientiae
3127 498 3531 567 intelligentiam
3559 498 3833 568 disponas;

2283 591 2483 660 quippe
2514 589 2608 659 qui
2642 590 2855 659 propria
2886 589 3172 659 explanare
3201 605 3305 643 non
3334 590 3537 653 valeas,
3566 593 3832 659 quomodo

2282 682 2455 736 aliena
2491 681 2692 750 poteris
2737 681 3032 750 explicare?
3082 681 3234 746 Quod
3276 681 3320 733 si
3367 680 3571 733 victum
3626 680 3739 747 jam
3786 697 3836 735 se

2282 771 2564 840 proﬁtetur
2589 768 2875 832 Diodorus,
2908 779 3034 823 tunc
3070 770 3199 823 mihi
3226 777 3628 823 tecunrsermo
3666 784 3836 823 move-

2282 863 2448 917 bitur.
2479 861 2536 916 Si
2569 871 2747 917 autem
2780 871 2887 916 stat
2914 863 3020 926 ille,
3053 871 3105 914 et
3149 870 3232 915 est
3272 861 3502 915 idoneus
3550 860 3623 913 ad
3665 862 3837 915 dicea-

2283 953 2439 1018 dum,
2467 953 2649 1009 desine
2677 962 2756 1017 tu,
2782 963 2835 1008 et
2865 954 2973 1008 noli
3003 952 3311 1022 perturbare
3349 952 3721 1006 substantiam
3757 969 3836 1006 re-

2282 1047 2479 1102 ritatis.
2516 1045 2587 1101 Es
2611 1047 2753 1101 enim
2783 1046 2899 1101 ovis
2921 1046 3115 1111 aliena,
3143 1045 3387 1099 eﬁicicris
3426 1054 3618 1098 tamen
3668 1056 3835 1113 postea

2284 1138 2338 1192 in
2362 1152 2587 1192 numero
2616 1137 2854 1207 ejusdem
2894 1137 3102 1206 gregis,
3143 1138 3279 1211 sicut
3299 1153 3403 1190 vox
3436 1133 3571 1189 Iesu
3606 1135 3719 1205 (5‘2)
3755 1152 3835 1190 os-

2246 1227 2252 1232 ’
2284 1229 2471 1296 tendit,
2502 1229 2618 1299 ejus
2645 1230 2735 1299 qui
2766 1229 3013 1299 apparuit
3039 1228 3250 1297 quidem
3282 1230 3337 1283 in
3369 1228 3620 1283 hominis
3658 1230 3832 1295 specie,

2283 1336 2385 1375 nec
2409 1329 2589 1374 tamen
2614 1319 2716 1374 fuit
2750 1321 2932 1374 homo.
2974 1320 3260 1374 Archelaus
3302 1321 3446 1373 dixit
3495 1336 3516 1373 :
3564 1318 3714 1388 Ergo
3744 1334 3834 1373 non

2283 1421 2442 1481 putas
2479 1427 2601 1467 eum
2642 1428 2709 1467 ex
2745 1411 2911 1466 Maria
2959 1410 3177 1482 Virgine
3220 1413 3378 1467 esse?
3431 1413 3633 1468 Manes
3679 1412 3830 1465 dixit:

2282 1503 2439 1558 Absit
2486 1512 2545 1558 ut
2586 1502 2872 1557 Dominum
2916 1511 3159 1557 nostrum
3191 1501 3374 1557 Jesum
3416 1502 3718 1557 Christum
3762 1518 3831 1572 per

2283 1596 2551 1651 naturalia
2601 1596 2845 1665 pudenda
2893 1595 3137 1650 mulieris
3186 1596 3541 1651 descendisse
3600 1600 3831 1651 confitear

2285 1689 2433 1760 (55)!
2470 1689 2586 1758 ipse
2614 1689 2754 1743 enim
2781 1687 3145 1743 testimonium
3184 1687 3314 1754 dat,
3360 1688 3496 1757 quia
3538 1688 3618 1742 de
3652 1689 3834 1744 sinibu

2282 1779 2462 1835 Patris
2486 1778 2762 1835 descendit
2792 1779 2876 1844 ";
2909 1786 2966 1833 et
3003 1795 3019 1831 :
3064 1794 3084 1829 α
3133 1775 3236 1843 Qui
3264 1793 3351 1832 me
3380 1778 3583 1848 recipit
3607 1818 3626 1843 ,
3675 1780 3836 1848 recpit

2283 1886 2407 1929 eum
2443 1870 2539 1941 qui
2574 1885 2660 1925 me
2689 1869 2838 1925 misit
2857 1870 2938 1939 ⁹⁸;
2978 1889 2998 1923 ι
3034 1879 3127 1926 et:
3156 1890 3176 1924 ι
3210 1865 3326 1925 Non
3352 1870 3481 1925 veni
3531 1870 3727 1926 facere
3765 1888 3837 1925 vo-

2280 1964 2540 2019 luntatem
2584 1977 2784 2028 meam,
2816 1962 2911 2018 sed
2952 1962 3070 2033 ejus
3114 1964 3206 2033 qui
3243 1963 3392 2018 misit
3424 1978 3517 2018 me
3541 1965 3633 2027 ";
3680 1983 3702 2015 ι
3742 1972 3791 2017 et
3823 1982 3836 2017 :

2288 2074 2309 2109 ι
2339 2054 2459 2110 Non
2485 2070 2606 2111 sum
2639 2056 2843 2110 missus
2873 2054 2978 2110 nisi
3007 2055 3074 2109 ad
3108 2069 3236 2111 oves
3259 2056 3499 2125 perditas
3536 2056 3748 2111 domus
3776 2055 3839 2111 is.

2282 2146 2395 2202 rael
2420 2146 2487 2201 ’⁸.
2530 2165 2548 2198 ι
2579 2145 2718 2201 Sunt
2740 2155 2795 2201 et
2817 2146 2924 2200 alia
2950 2145 3230 2201 innumera
3251 2147 3569 2201 testimonia
3601 2147 3839 2216 hujusce-

2282 2239 2451 2303 modi,
2484 2255 2605 2309 quae
2635 2240 2873 2296 indicant
2898 2255 3022 2295 eum
3053 2239 3283 2306 venisse,
3315 2248 3370 2295 et
3396 2255 3512 2294 non
3536 2248 3738 2295 natum
3766 2255 3839 2294 es-

2283 2347 2363 2388 se.
2401 2332 2553 2398 Quod
2587 2331 2633 2387 si
2665 2332 2935 2401 potentior
2965 2334 3057 2388 illo
3085 2349 3164 2396 es,
3195 2342 3247 2387 et
3292 2332 3471 2402 magis
3515 2333 3667 2387 scire
3701 2343 3837 2402 potes

2281 2422 2426 2493 quod
2452 2438 2636 2479 verum
2668 2433 2772 2490 est,
2801 2424 3073 2493 quomodo
3100 2423 3210 2493 jam
3257 2424 3335 2478 illi
3381 2423 3713 2479 credimus?
3744 2425 3837 2476 Ar-

2280 2513 2495 2568 chelaus
2536 2513 2671 2567 dixit
2715 2530 2732 2567 :
2768 2512 2952 2584 Neque
2996 2515 3089 2568 illo
3120 2515 3389 2584 potentior
3439 2530 3568 2571 sum
3594 2552 3615 2581 ,
3664 2530 3842 2571 servm

2280 2606 2426 2660 enim
2458 2620 2601 2670 sum,
2635 2615 2689 2660 et
2710 2621 2880 2677 neque
2903 2607 3123 2675 aequalis
3146 2606 3360 2661 Domini
3401 2608 3512 2662 mei
3558 2623 3682 2663 esse
3722 2623 3840 2678 pos-

2283 2712 2423 2764 sum;
2450 2713 2551 2769 ego
2575 2700 2717 2754 enim
2739 2715 2858 2754 sum
2891 2700 3095 2754 inutilis
3119 2715 3335 2766 servus,
3385 2700 3686 2755 verborum
3731 2699 3843 2770 ejus

2281 2786 2604 2858 discipulus,
2635 2789 2858 2843 credens
2885 2789 2969 2844 his
3012 2804 3132 2858 quas
3159 2790 3229 2844 ab
3260 2789 3379 2859 ipso
3412 2790 3563 2844 dicta
3591 2799 3721 2844 sunt
3744 2831 3761 2855 ,
3795 2801 3842 2842 et

2283 2878 2397 2933 haec
2427 2879 2822 2933 indeclinabilia
2852 2893 2972 2934 esse
2998 2880 3275 2934 conﬁrmo.
3308 2877 3494 2933 Manes
3522 2881 3666 2933 dixit
3710 2896 3731 2933 :
3759 2878 3840 2933 Si-

2283 2969 2427 3024 milis
2456 2969 2534 3023 tui
2567 2970 2807 3039 quidam,
2834 2984 2957 3023 eum
2986 2969 3036 3023 ei
3058 2968 3349 3039 aliquando
3377 2970 3615 3024 dixisset
3644 2990 3658 3024 :
3686 2990 3707 3021 ι
3738 2969 3849 3023 [av

2284 3057 2363 3111 ria
2390 3068 2562 3112 mater
2592 3065 2704 3124 tua,
2743 3066 2797 3112 et
2821 3055 3017 3112 fratres
3057 3058 3134 3112 tui
3181 3057 3313 3113 foris
3348 3068 3492 3113 stant
3531 3060 3617 3124 ",
3667 3078 3688 3111 ι
3740 3075 3840 3114 non

2282 3149 2508 3203 libenter
2533 3149 2823 3215 accipiens,
2854 3165 2976 3205 eum
3005 3150 3099 3219 qui
3146 3150 3355 3205 dixerat
3394 3151 3725 3221 increpavit,
3774 3153 3845 3206 di-

2280 3253 2447 3294 cens:
2478 3258 2497 3290 ‹
2530 3237 2659 3304 Quae
2688 3248 2771 3293 est
2811 3250 2983 3294 mater
3015 3255 3130 3295 mea
3153 3281 3169 3305 ,
3212 3250 3307 3295 aut
3349 3242 3434 3312 qui
3463 3251 3597 3295 sunt
3640 3241 3842 3297 fratres

2281 3328 2427 3383 mei?
2473 3346 2492 3380 ι
2554 3328 2620 3382 Et
2666 3329 2902 3385 oStendit
2943 3346 3037 3386 eos
3081 3332 3175 3401 qui
3228 3330 3461 3387 facerent
3500 3335 3840 3389 voluntatem

2280 3433 2458 3484 suam,
2493 3427 2546 3473 et
2571 3428 2774 3474 matres
2803 3419 2906 3474 sibi
2926 3435 3046 3475 esse
3073 3430 3126 3475 et
3154 3419 3347 3477 fratres
3378 3440 3392 3475 :
3418 3422 3501 3476 sin
3540 3432 3732 3478 autem
3766 3427 3838 3479 vis

2279 3509 2460 3565 dicere
2490 3519 2717 3564 matrem
2748 3511 2918 3581 ipsius
2947 3510 3194 3575 Mariam,
3226 3529 3332 3568 non
3359 3522 3444 3568 est
3480 3514 3581 3568 tibi
3611 3517 3731 3571 sine
3754 3532 3838 3585 pe-

2280 3601 2473 3669 riculo;
2499 3602 2618 3657 sine
2640 3603 2805 3657 dubio
2823 3604 2966 3658 enim
2997 3605 3158 3658 etiam
3177 3604 3370 3661 fratres
3399 3594 3562 3662 ex'ea
3587 3610 3834 3665 habuisse

2281 3704 2633 3750 monstratur.
2663 3694 2729 3749 Et
2756 3696 3041 3751 dieutrum
3066 3698 3133 3754 de
3157 3697 3358 3768 Joseph
3406 3703 3652 3770 generati
3694 3712 3827 3767 sunt,

2281 3796 2375 3842 aut
2404 3802 2470 3842 ex
2497 3788 2685 3843 eodem
2713 3787 2917 3859 Spiritu
2942 3792 3172 3846 sancto?
3202 3789 3344 3862 Ergo
3365 3801 3421 3846 et
3451 3794 3652 3848 multos
3682 3793 3831 3849 Chri-

2280 3888 2414 3944 stos,
2449 3880 2496 3935 si
2524 3896 2587 3936 ex
2619 3882 2805 3936 eodem
2843 3879 3045 3951 Spiritu
3079 3892 3266 3939 sancto
3290 3896 3575 3955 generatos
3606 3887 3829 3949 dixeris,

2280 3972 2590 4028 habuimus.
2620 3972 2773 4040 Quod
2807 3975 2922 4047 (5d)
2948 3976 2993 4032 si
3024 3991 3131 4031 non
3161 3991 3229 4030 ex
3258 3977 3451 4031 eodem
3482 3977 3703 4047 Spiritu,
3742 3979 3830 4034 sed

2278 4072 2459 4119 tamen
2485 4066 2686 4121 dixeris
2709 4083 2832 4122 eum
2865 4068 3058 4123 fratres
3081 4069 3367 4135 habuisse;
3402 4070 3522 4125 sine
3552 4072 3719 4125 dubio
3755 4073 3831 4126 in-

2278 4154 2625 4224 telligendum
2647 4163 2747 4217 est,
2780 4155 2908 4224 quia
2936 4166 3059 4225 post
3089 4155 3346 4226 Spiritum
3374 4196 3390 4221 ,
3433 4169 3559 4227 post
3591 4158 3828 4218 Gabriel.

2280 4246 2521 4313 nupserit
2541 4243 2740 4315 Ioseph
2761 4243 2923 4317 Virgo
2949 4247 3273 4311 castissima,
3298 4258 3349 4301 et
3367 4247 3721 4304 immaculata
3744 4248 3831 4305 Be-

2278 4335 2444 4391 clesia
2476 4336 2607 4406 (55).
2636 4336 2790 4404 Quod
2819 4338 2865 4392 si
2892 4339 3051 4393 etiam
3081 4340 3182 4393 hoc
3206 4340 3501 4393 absurdum
3540 4353 3628 4396 eet
3665 4342 3829 4395 omni-

619 4435 696 4492 bit
720 4438 1006 4491 sermoille
1039 4438 1267 4492 duarum
1309 4438 1584 4501 arborum,
1612 4438 1665 4490 in
1696 4451 1804 4506 quo
1847 4436 1967 4490 ﬁdis
2015 4434 2175 4490 veluti

2281 4443 2373 4492 no,
2415 4443 2535 4483 eam
2567 4430 2806 4498 quolibet
2846 4433 3008 4487 modo
3050 4432 3409 4487 concubuisse
3437 4449 3565 4489 cum
3612 4435 3825 4505 Josepb,

620 4538 775 4613 scito
799 4528 1134 4584 ﬁrmissinm?
1168 4531 1224 4585 Si
1251 4530 1393 4584 enim
1417 4529 1699 4583 contraria:
1719 4528 1886 4597 partis
1911 4542 2012 4597 ego
2033 4541 2176 4592 sum,

618 4618 892 4687 quomodo
924 4618 1279 4672 obedientiam
1312 4634 1485 4672 meam
1514 4617 1779 4687 requiris?
1806 4615 1958 4682 Quod
1986 4616 2030 4671 si
2054 4617 2180 4670 obe-

618 4709 833 4765 dientize
866 4710 918 4763 in
962 4708 1049 4763 me
1081 4718 1161 4764 est
1203 4724 1387 4775 mens,
1428 4709 1701 4777 quomodo
1740 4708 2074 4777 pertimescis
2110 4724 2178 4762 ne

616 4804 903 4860 resistam?
941 4804 1036 4856 Ais
1064 4802 1207 4857 enim
1242 4803 1368 4871 quia
1412 4802 1611 4856 malum
1650 4818 1864 4871 semper
1900 4811 2177 4873 permanet

618 4896 841 4956 malum,
884 4906 937 4948 et
966 4895 1164 4948 bonum
1215 4909 1426 4963 semper
1456 4904 1734 4963 permanet
1777 4895 2014 4958 bonum,
2061 4893 2168 4946 vim

615 4986 763 5041 verbi
807 4987 960 5041 istius
1002 4987 1217 5056 penitus
1266 4987 1520 5056 ignorans
1562 4986 1697 5056 (50).
1742 4986 1923 5040 Manes
1965 4986 2100 5040 dixit
2152 4999 2171 5038 :

686 5101 728 5132 ⁹¹
756 5099 940 5154 Matth.
990 5116 1042 5164 x,
1080 5099 1171 5154 28.

614 5172 661 5205 “
684 5169 871 5224 Matth.
903 5187 997 5231 xu,
1026 5171 1115 5224 47.

684 5265 795 5335 (49)
825 5265 1136 5321 Casinensis
1158 5264 1347 5330 codex,
1388 5284 1408 5316 ι
1448 5272 1782 5319 nostrorum.
1818 5282 1837 5317 ι

683 5336 793 5407 (50)
826 5336 878 5407 In
910 5336 1208 5407 Casiniensi,
1243 5354 1260 5385 ι
1295 5337 1520 5402 ignorat.
1558 5353 1577 5386 ι

685 5404 795 5473 (51)
832 5406 886 5459 In
914 5406 1098 5461 codice
1118 5406 1399 5461 Casinensi
1425 5415 1528 5470 est,
1565 5423 1583 5455 ι
1617 5417 1710 5460 aut
1736 5405 1916 5471 etiam,
1952 5422 1971 5456 ι
2009 5404 2169 5460 lectio

613 5475 988 5541 improbanda.

685 5546 794 5616 (52)
827 5546 1159 5616 Casineiisis,
1200 5565 1218 5597 ι
1247 5546 1385 5601 sicut
1416 5561 1513 5601 vos
1535 5544 1714 5602 Jesns.
1748 5566 1766 5599 ι

646 5614 795 5694 ..(55)
826 5615 880 5670 In
906 5616 1397 5694 codice_Casinensi
1424 5625 1528 5687 est,
1562 5634 1581 5670 ι
1614 5618 1918 5687 conﬁtetur,
1950 5636 1971 5671 ι
2004 5615 2168 5674 libra-

613 5688 680 5737 rii
707 5698 907 5752 errore,
938 5695 998 5739 ut
1026 5688 1202 5754 palam
1234 5697 1336 5743 est.

1281 5099 1325 5132 "
1369 5098 1525 5154 Joan.
1570 5116 1608 5166 ι,
1663 5099 1730 5153 18
1781 5116 1862 5166 ιιι,
1898 5100 1985 5155 15.

2094 5096 2139 5131 οι
2167 5096 2352 5152 Matth.
2406 5104 2461 5160 ς,
2508 5092 2596 5181 to.

2277 4519 2365 4573 die
2405 4534 2471 4572 an
2507 4518 2701 4574 fratres
2747 4521 3015 4575 habuerit.
3070 4520 3451 4591 Nunquidnam
3493 4526 3664 4578 etiam
3709 4541 3829 4580 mte-

2276 4610 2411 4665 chiae
2438 4610 2487 4665 ei
2515 4609 2721 4666 crimen
2750 4612 3019 4682 impingis,
3061 4628 3093 4668 o
3131 4614 3549 4683 prudentissime
3590 4615 3829 4672 Marcelle

2276 4700 2413 4773 (56)?
2437 4700 2589 4766 Quod
2621 4702 2664 4756 si
2692 4701 2884 4757 horum
2923 4702 3057 4755 nihil
3104 4704 3352 4757 convenit
3396 4705 3829 4761 incontaminatz

2275 4789 2509 4862 Virgini,
2539 4794 2681 4848 unde
2707 4793 2757 4846 ei
2793 4793 2959 4848 fuisse
2987 4792 3182 4848 fratres
3212 4796 3458 4849 astrues?
3484 4795 3645 4863 Quod
3670 4800 3718 4853 si
3742 4797 3827 4852 fta-

2278 4892 2386 4940 tres
2405 4888 2451 4940 ei
2471 4885 2639 4940 fuisse
2655 4901 2758 4938 non
2774 4893 2922 4953 potes
2938 4887 3179 4951 edocere,
3195 4889 3464 4953 quomodo
3480 4887 3651 4943 Maria
3670 4900 3826 4944 mater

2276 4978 2395 5046 ejus
2414 4976 2540 5043 erit,
2560 4976 2701 5031 sicut
2725 4976 2800 5028 ait
2823 4976 2910 5029 ille
2932 4976 3023 5044 qui
3050 4976 3284 5030 scribere
3305 4992 3472 5031 ausus
3491 4988 3578 5033 est
3608 4998 3624 5033 :
3654 4999 3676 5031 ι
3705 4979 3824 5035 Ecce

2706 5092 2752 5125 “
2785 5091 2940 5146 Joan.
2977 5107 3056 5155 vi,
3106 5092 3196 5147 38.
3306 5094 3351 5125 "
3378 5092 3573 5150 Matth.
3625 5113 3720 5163 xv,
3744 5099 3824 5153 ει.

2350 5261 2461 5330 (54)
2500 5260 2559 5312 In
2594 5257 2898 5330 Casinensi,
2938 5275 2956 5307 ι
2991 5257 3227 5330 dixerint
3257 5257 3575 5315 habuimus.
3606 5260 3768 5329 Quid.
3802 5280 3821 5313 ι

2275 5328 2377 5385 Sed
2411 5330 2567 5382 obvia
2600 5339 2680 5383 est
2716 5329 2873 5394 hujus
2908 5329 3004 5380 loci
3033 5328 3357 5382 elllcltdallo.

2346 5400 2456 5469 (55)
2485 5397 2595 5452 Vox
2633 5418 2652 5448 ι
2694 5398 2953 5461 Ecclesia,
2978 5416 3022 5469 γι
3056 5398 3264 5469 videtur
3299 5410 3738 5465 supervacanea.
3778 5411 3827 5455 et

2273 5468 2600 5542 perlibrarii
2631 5483 2869 5542 errorem
2904 5468 3133 5538 adjecta.
3157 5468 3313 5522 Certe
3336 5471 3456 5523 sine
3486 5472 3607 5541 ipsa
3628 5474 3828 5542 integer

2274 5538 2357 5595 est
2386 5538 2543 5607 hujus
2580 5538 2681 5592 loci
2708 5554 2918 5592 svnsus.

2347 5610 2460 5679 (56)
2498 5609 2692 5686 bishis
2722 5607 3110 5686 verbiscglligi
3137 5622 3298 5686 posse
3321 5609 3574 5686 videtur,
3606 5610 3829 5686 Πετρά-

2276 5677 2388 5734 lum
2419 5695 2541 5735 cum
2568 5678 2832 5734 Archelao
2859 5682 2924 5732 ad
2951 5677 3169 5735 Diodori
3198 5681 3481 5736 castellum
3511 5684 3755 5738 venisse.
