3996 6208
213 231 218 235 ’
292 263 436 319 4509

1375 270 1520 329 CUM
1557 271 1841 329 MANETE
1878 272 2407 330 HERESIARCHA.

3360 277 3501 332 I5l0

291 394 468 438 mater
494 393 608 449 tua,
635 394 690 440 et
716 384 909 442 fratres
935 386 1011 441 tui
1039 385 1171 444 foris
1201 391 1378 446 stant?
1412 412 1429 444 ι
1458 392 1610 460 Quod
1642 394 1853 450 etiamsi
1881 400 1929 458 Α
1956 396 2105 450 nium
2130 397 2431 451 auditorum
2451 404 2592 452 esset
2614 395 2836 461 intenta,
2858 410 2965 452 non
2984 393 3502 468 opportuneingres-

289 475 380 530 Ille
413 493 580 531 ausus
609 487 690 532 est
720 479 920 546 dicere,
954 479 1047 536 illo
1077 482 1192 552 ipso
1231 485 1499 553 potentior
1533 497 1627 542 aut
1677 490 1850 559 major

285 580 406 622 esse
439 583 598 621 nemo
644 578 852 637 potest,
901 571 992 641 qui
1026 575 1259 629 ostendit
1300 577 1456 632 nobis
1503 590 1726 634 matrem
1757 590 1850 636 aut

288 653 484 709 fratres
515 672 666 721 suos;
692 660 783 711 sed
820 668 872 712 ct
897 659 1112 715 Davidis
1140 677 1258 718 esse
1292 665 1405 734 (57)
1448 682 1556 721 non
1595 668 1849 735 dignatur

288 747 474 800 audire
500 748 565 801 '7.
609 747 899 816 Apostolus
943 750 1131 806 Petrus
1173 752 1560 822 discipulorum
1605 759 1845 812 omnium

287 837 750 892 eminentissimus
793 850 919 895 tunc
958 858 1250 912 agnoscere
1295 861 1415 899 eum
1462 850 1670 916 potuit,
1721 865 1845 905 cum

287 927 484 996 singuli
523 930 804 996 Opiniones
832 947 961 985 suas
993 950 1129 1002 quas
1164 937 1228 990 de
1251 938 1366 1005 ipso
1393 939 1680 1005 habebant,
1721 958 1845 1010 pro-

289 1029 516 1082 merent,
546 1019 620 1071 ait
656 1038 668 1072 :
705 1039 722 1070 ‹
767 1020 845 1074 Τιι
880 1038 938 1078 es
972 1023 1222 1080 Christus
1253 1026 1419 1083 Filius
1445 1028 1536 1083 Dei
1565 1033 1668 1083 vivi
1704 1032 1768 1093 ’3;
1793 1041 1844 1087 et

285 1117 465 1161 statim
500 1110 769 1164 beatificat
801 1115 1153 1175 eum,dicens
1188 1135 1200 1168 :
1237 1135 1255 1167 ί
1288 1116 1552 1184 Quoniam
1594 1123 1844 1176 revelavit

284 1199 380 1252 tibi
413 1197 574 1253 Pater
598 1218 750 1256 meus
789 1205 1046 1260 caelestis.
1092 1225 1110 1257 ι
1155 1205 1284 1261 Vide
1328 1220 1528 1278 quanta
1576 1212 1644 1266 sit
1688 1214 1842 1267 diﬂe-

283 1295 456 1346 rentia
509 1309 694 1349 eorum
741 1311 861 1365 quae
895 1298 963 1352 ab
992 1297 1118 1354 Jesu
1169 1301 1307 1355 dicta
1365 1311 1512 1356 sunt.
1568 1302 1647 1357 Illi
1698 1306 1840 1360 enim

282 1385 378 1453 qui
405 1384 612 1440 dixerat
646 1406 658 1440 :
701 1406 719 1438 ι
757 1389 894 1444 Ecce
923 1404 1092 1445 mater
1123 1401 1211 1447 tua
1240 1393 1369 1449 foris
1397 1406 1520 1463 stat,
1555 1416 1572 1448 ι
1619 1413 1842 1469 respon-

279 1474 361 1527 dit
396 1492 409 1527 :
448 1493 466 1525 ‹
512 1475 638 1540 Quae
667 1478 798 1531 mihi
833 1489 915 1534 est
945 1491 1137 1548 mater,
1179 1493 1271 1538 aut
1304 1484 1538 1542 fratres?
1578 1507 1596 1539 ›
1639 1489 1699 1543 Ei
1745 1506 1841 1546 au-

283 1570 386 1615 tem
419 1565 509 1632 qui
549 1564 684 1620 dixit
719 1586 730 1621 :
766 1586 785 1618 ‹
826 1567 904 1623 Τιι
937 1587 994 1626 es
1029 1573 1280 1629 Christus
1304 1575 1472 1632 Filius
1503 1578 1596 1633 Dei
1630 1582 1771 1647 vivi,
1815 1601 1833 1634 ι

281 1651 665 1740 beatitudinem
707 1659 1239 1735 benedictionemquc
1266 1670 1517 1722 restituit.
1547 1669 1602 1724 Si
1624 1686 1751 1742 ergo
1774 1673 1840 1726 dc

1953 502 2046 542 sus
2088 488 2172 543 hic
2213 487 2436 542 nuntius
2483 487 2549 541 de
2595 499 2764 542 matre
2806 487 2922 557 ejus
2967 489 3250 559 suggessit,
3286 503 3349 542 ac
3391 486 3502 540 fra-

1953 578 2143 633 tribus.
2206 578 2370 648 Quidj
2391 579 2573 633 enim?
2616 577 2876 633 Debuitue
2914 580 3073 632 etiam
3132 579 3277 650 (58),
3327 578 3498 646 teipso

1944 665 2236 735 jndicante,
2254 668 2622 738 derelinquere
2638 682 2731 722 eos
2748 683 2884 736 quos
2905 669 3125 722 curabat
3147 678 3198 722 et
3218 683 3355 738 quos
3375 683 3468 720 eru
3483 694 3500 708 -

1946 758 2143 823 diebat,
2177 769 2229 811 et
2261 774 2383 812 cum
2421 769 2591 812 matre
2621 773 2684 812 ac
2712 756 2974 812 fratribus
3007 759 3276 828 colloqui?
3305 755 3494 811 Nonne

1945 850 2199 904 continuo
2227 850 2292 904 de
2319 850 2419 904 hoc
2446 850 2563 920 ipso
2596 850 2944 904 detraheres?
2974 850 3107 904 Cum
3135 851 3276 904 enim
3306 864 3495 918 pecca-

1943 939 2012 994 tis
2034 948 2260 994 onustos
2289 949 2340 993 et
2366 948 2611 1008 gravatos
2639 939 2705 993 ad
2731 939 3111 1009 discipulatum
3137 939 3330 1007 delegit
3359 939 3493 991 duo-

1943 1028 2114 1082 decim
2157 1045 2388 1082 numcro
2417 1029 2527 1098 (59)
2565 1045 2699 1098 quos
2741 1041 2793 1083 ct
2835 1031 3103 1098 apostolos
3153 1030 3490 1092 nominavit,

1941 1119 2122 1173 dicens
2151 1122 2228 1174 eis
2265 1139 2277 1173 :
2315 1119 2617 1190 Rclinquite
2655 1131 2878 1174 matrem
2906 1131 2956 1174 et
2993 1131 3199 1189 patrem
3231 1123 3250 1152 ¹
3274 1163 3287 1186 ,
3324 1130 3380 1174 ut
3408 1134 3495 1172 me

1940 1207 2086 1277 digni
2112 1207 2434 1276 efﬁciamiui,
2481 1220 2539 1262 ut
2583 1211 2720 1263 ultra
2756 1227 2861 1264 non
2908 1212 3074 1280 possit
3117 1212 3195 1267 eis
3234 1213 3494 1266 memoria

1939 1301 2105 1369 patris
2130 1309 2223 1354 aut
2245 1301 2430 1356 matris
2458 1302 2736 1356 robustum
2766 1312 2952 1372 pectus
2981 1304 3269 1357 inflectere.
3302 1303 3360 1357 Et
3392 1305 3492 1358 ite-

1939 1404 2058 1442 rum
2084 1389 2294 1444 volcntc
2327 1391 2432 1444 alio
2463 1393 2696 1460 quodam
2743 1393 2920 1447 dicere
2951 1393 2999 1447 ei
3035 1411 3048 1448 :
3083 1393 3206 1460 lbo,
3239 1403 3293 1448 et
3339 1410 3495 1464 sepe-

1938 1477 2064 1531 liam
2111 1488 2315 1548 patrem
2346 1495 2546 1546 meum,
2577 1482 2691 1536 ait:
2727 1501 2745 1532 ι
2805 1482 3022 1538 Dimitte
3065 1495 3307 1540 mortuos
3339 1501 3494 1554 sepe-

1936 1566 2033 1620 lire
2060 1578 2302 1624 mortuos
2333 1585 2460 1624 suos
2488 1584 2528 1624 υ.
2567 1590 2585 1622 ι
2617 1570 2826 1626 Intuere
2856 1589 2984 1643 ergo
3006 1575 3276 1643 quomodo
3306 1574 3490 1629 Domi-

1937 1674 2040 1712 nus
2075 1673 2227 1714 meus
2247 1658 2406 1714 Jcsus
2437 1660 2503 1714 ad
2535 1664 2835 1718 necessaria
2884 1664 2994 1735 (60)
3034 1666 3329 1734 discipulos
3361 1668 3491 1722 auli-

282 1727 451 1798 L'laria
485 1747 565 1801 vis
598 1762 718 1804 esse
746 1766 869 1805 eum
900 1765 1107 1822 natum,
1145 1759 1400 1812 mentitur
1435 1761 1546 1830 ipse
1588 1778 1707 1816 cum
1734 1763 1827 1819 Pe-

1936 1747 2078 1811 ficat,
2109 1756 2159 1801 et
2183 1764 2280 1817 pro
2305 1750 2510 1804 meritis
2537 1751 2823 1820 unicuique
2845 1762 3028 1806 saneta
3052 1753 3212 1806 verba
3242 1754 3492 1808 commit-

278 1842 367 1890 tro
399 1854 412 1889 :
445 1837 488 1890 si
523 1847 700 1894 autem
729 1857 912 1898 verum
947 1846 1076 1900 dic:t
1115 1846 1343 1917 Petrus,
1387 1853 1504 1906 sine
1546 1854 1710 1908 dubio
1748 1857 1836 1911 ille

280 1923 427 1994 prior
455 1925 662 1982 fefellit.
693 1929 844 1998 Quod
877 1934 921 1988 si
947 1934 1094 2003 prior
1121 1936 1325 2006 fefellit,
1360 1956 1578 1998 causam
1617 1945 1683 1999 ad
1707 1947 1838 2001 scri-

279 2025 486 2085 ptorem
515 2019 806 2090 rejicienda
854 2035 956 2080 est.
1007 2025 1180 2082 Unum
1217 2029 1378 2099 igitur
1420 2034 1693 2091 Christum
1734 2053 1836 2095 nos

278 2106 482 2160 scimus
524 2123 645 2164 esse
696 2113 991 2168 secundum
1029 2120 1330 2186 apostolum
1369 2121 1633 2192 Paulum,
1675 2128 1832 2197 cujus

279 2200 501 2255 vocibus
539 2203 809 2261 credimus
840 2211 1266 2268 consonantibus
1293 2213 1552 2273 duntaxat
1578 2219 1830 2278 adventui

274 2290 413 2360 ejus.

349 2383 580 2441 XLVIII.
608 2385 703 2443 llis
756 2389 954 2445 auditis
989 2393 1158 2449 turba:
1181 2407 1438 2465 permotae
1473 2411 1620 2466 sunt,
1666 2405 1826 2460 veluti

275 2477 536 2532 rationem
583 2480 824 2535 veritatis
865 2484 1264 2542 continentibus
1291 2531 1306 2555 ,
1352 2498 1404 2544 et
1453 2492 1718 2551 Archelao
1751 2499 1828 2553 nil

275 2571 506 2626 habente
528 2573 669 2641 quod
698 2574 780 2627 his
804 2586 982 2643 posset
1003 2592 1302 2648 opponere;
1332 2583 1432 2637 hoc
1459 2586 1603 2640 enim
1635 2587 1832 2644 indica-

274 2664 348 2716 vit
372 2665 632 2717 tumultus
658 2666 748 2732 qui
778 2667 917 2720 inter
949 2684 1040 2722 eos
1071 2681 1288 2726 exortus
1321 2672 1535 2742 fuerat;
1580 2679 1672 2732 sed
1705 2695 1830 2734 cum

275 2755 564 2810 multitudo
611 2761 1037 2829 conquievisset,
1077 2763 1372 2824 Archelaus
1406 2770 1508 2825 hoc
1545 2773 1705 2826 modo
1745 2789 1830 2828 re-

276 2846 491 2912 spondit
545 2866 556 2901 :
595 2846 737 2904 Voce
776 2852 989 2921 quidem
1045 2854 1254 2911 Domini
1306 2861 1475 2914 nostri
1513 2861 1641 2918 Jesu
1673 2863 1830 2918 Chri-

275 2936 344 2988 sti
379 2935 558 2990 nullus
594 2942 783 3006 poterit
815 2957 934 2996 esse
967 2946 1232 3011 potentior
1254 2989 1269 3014 ,
1318 2950 1363 3003 si
1407 2965 1580 3020 neque
1629 2969 1826 3008 nomen

274 3024 490 3093 aliquod
519 3029 721 3097 ecquale
751 3033 798 3085 ei
823 3048 942 3087 esse
981 3035 1250 3090 invenitur
1284 3056 1297 3091 :
1349 3057 1366 3090 ι
1427 3039 1654 3110 Propter
1679 3044 1822 3112 quod

273 3114 414 3172 Deus
447 3135 566 3173 eum
591 3123 860 3189 exultavit,
893 3135 947 3180 et
973 3127 1190 3182 donavit
1221 3130 1295 3184 illi
1331 3147 1526 3188 nomen
1557 3134 1702 3204 quod
1741 3146 1824 3191 est

271 3223 432 3278 super
463 3226 619 3266 omne
650 3230 844 3270 nomen
877 3218 944 3284 99;
988 3237 1007 3270 ι
1055 3237 1228 3292 neque
1264 3226 1319 3277 in
1348 3227 1658 3282 testimonio
1703 3230 1824 3298 quis

269 3301 492 3366 aequalis
521 3303 568 3356 ci
605 3320 724 3358 eSse
757 3309 947 3374 poterit
982 3327 996 3362 ;
1025 3321 1078 3364 et
1111 3313 1233 3368 ideo
1273 3331 1370 3386 ego
1403 3319 1550 3372 vocis
1577 3319 1694 3387 ejus
1729 3321 1824 3375 tibi

269 3391 574 3446 testimonia
633 3396 929 3465 proferam,
992 3405 1222 3471 primum
1260 3409 1474 3476 quidem
1521 3411 1824 3469 dissolvens

268 3479 382 3536 lucc
407 3501 528 3553 qua:
561 3500 590 3538 a
623 3495 673 3540 te
699 3487 837 3541 dicta
865 3501 1009 3557 sunt,
1046 3496 1117 3547 uti
1151 3512 1218 3549 ne
1251 3497 1420 3561 dicas,
1443 3503 1699 3563 quoniam
1726 3519 1825 3558 nec

269 3576 370 3630 sibi
415 3578 516 3646 ipsi
553 3591 891 3649 consonant,
925 3595 981 3638 ut
1010 3596 1090 3640 est
1135 3589 1228 3642 tibi
1271 3593 1606 3648 consuetudo
1643 3595 1824 3649 dicen-

267 3668 342 3722 di.
375 3669 468 3724 Ais
498 3671 640 3726 enim
680 3675 806 3743 quia
836 3691 957 3730 eum
989 3680 1080 3748 qui
1117 3683 1453 3737 nuntiaverat
1482 3685 1529 3738 ei
1556 3687 1620 3740 de
1653 3697 1823 3744 matre

266 3771 359 3815 aut
377 3763 442 3816 de
471 3761 747 3832 fratribus,
773 3768 1124 3838 increpaverit
1147 3771 1326 3840 Jesus,
1351 3778 1506 3845 quasi
1525 3776 1816 3848 fallentem,

269 3856 560 3908 secundum
589 3858 641 3911 id
675 3861 816 3927 quod
853 3866 1174 3932 scriptorem
1206 3865 1409 3922 fefellit.
1443 3867 1627 3939 Neque
1656 3874 1701 3927 is
1727 3875 1817 3942 qui

269 3950 608 4005 annuntiavit
636 3953 684 4007 ei
717 3955 783 4008 dc
813 3966 983 4010 matre
1012 3966 1064 4012 et
1100 3961 1355 4015 fratribus
1387 3963 1690 4033 increpatus
1714 3977 1816 4033 est,

266 4054 438 4112 neque
459 4041 649 4098 Petrus
680 4060 842 4116 supra
878 4048 1026 4102 illum
1054 4051 1202 4106 solus
1223 4053 1558 4110 beatificatus
1581 4067 1696 4124 est;
1724 4059 1818 4113 sed

266 4139 490 4203 uterque
519 4135 586 4188 ah
611 4151 675 4189 eo
710 4138 926 4208 dignam
962 4144 1369 4211 responsionem
1404 4147 1618 4216 pr0pria
1653 4150 1818 4203 inter-

265 4227 540 4292 rogatione
571 4231 838 4296 percepit,
881 4232 1018 4287 sicut
1049 4234 1100 4287 in
1142 4242 1596 4308 consequentibus
1639 4257 1817 4297 sermo

267 4316 605 4370 monstrabit.
653 4318 785 4370 Cum
813 4322 933 4388 quis
979 4326 1234 4390 parvulus
1279 4337 1398 4393 cst,
1437 4331 1632 4396 cogitat
1677 4332 1817 4384 sicut

1933 1839 2014 1892 tit.
2043 1837 2119 1894 Ita
2151 1847 2203 1893 et
2232 1839 2286 1893 in
2323 1855 2387 1895 eo
2429 1851 2669 1912 tempore
2703 1858 2811 1913 quo
2853 1843 3162 1912 importune
3199 1845 3489 1898 annuntia-

1929 1939 2078 1984 verat
2106 1930 2323 2002 quidam
2361 1933 2409 1986 ei
2455 1933 2522 1986 de
2572 1943 2765 1998 matre,
2808 1949 2915 1989 non
2965 1933 3340 2004 complectitur
3389 1952 3489 2006 pro

1931 2023 2121 2078 matris
2158 2024 2443 2093 praesentia
2489 2024 2778 2080 Paternum
2828 2027 3098 2096 praeterire
3144 2038 3488 2098 pmceptum.

1935 2111 2001 2169 Ut
2031 2125 2210 2168 autem
2256 2116 2348 2170 tibi
2378 2117 2656 2191 ostendam
2701 2118 2810 2172 haec
2840 2117 2912 2172 ita
2960 2133 3081 2173 esse
3104 2159 3118 2184 ,
3153 2117 3345 2174 Petrus
3391 2121 3492 2175 ali-

1929 2205 2164 2276 quando,
2195 2221 2319 2263 cnm
2346 2206 2456 2277 jam
2485 2207 2930 2263 beatilicatiouem
2965 2208 3154 2265 fuisset
3185 2211 3252 2264 ab
3274 2226 3338 2264 eo
3360 2227 3490 2266 con-

1929 2307 2168 2364 secutus,
2201 2299 2275 2354 ait
2304 2301 2370 2354 ad
2403 2300 2587 2354 Jesum
2620 2322 2631 2356 :
2670 2320 2688 2354 ι
2739 2300 3008 2370 Propitius
3035 2301 3172 2366 esto,
3222 2302 3444 2358 Domine
3467 2343 3485 2370 ,

1928 2401 2035 2441 non
2063 2389 2161 2443 erit
2198 2389 2291 2443 tibi
2318 2391 2460 2444 istud
2493 2390 2533 2457 δ,
2573 2409 2590 2442 ι
2624 2408 2746 2446 cum
2782 2393 3006 2448 dixisset
3033 2394 3080 2448 ei
3128 2393 3319 2459 Jesus,
3358 2395 3487 2463 quia

1929 2487 2197 2546 oporteret
2227 2480 2337 2550 (61)
2373 2480 2566 2534 Filium
2600 2483 2838 2538 hominis
2884 2485 3172 2539 ascendere
3207 2484 3484 2556 Jerosoly-

1929 2581 2094 2632 mam,
2125 2575 2179 2621 et
2210 2569 2405 2632 occidi,
2441 2578 2494 2622 et
2516 2571 2669 2623 tertia
2701 2571 2786 2625 die
2813 2587 3112 2642 resurgere;
3148 2573 3485 2640 respondens

1927 2658 2002 2710 ait
2033 2655 2190 2711 Petro
2215 2675 2227 2711 :
2259 2676 2276 2708 ‹
2303 2657 2448 2713 Vade
2468 2670 2630 2726 retro,
2661 2661 2884 2728 Sataua,
2915 2663 3041 2732 quia
3070 2679 3174 2717 non
3201 2665 3345 2734 sapis
3365 2680 3485 2734 qua:

1927 2745 2022 2800 Dei
2053 2757 2198 2810 sunt,
2231 2750 2321 2804 sed
2349 2766 2470 2819 quae
2497 2752 2771 2806 hominum
2820 2763 2967 2808 sunt.
3008 2773 3026 2806 ι
3066 2755 3328 2820 Quoniam
3357 2772 3486 2826 ergo

1926 2838 2206 2894 existimas
2249 2840 2398 2892 ἰΙΙιιηι
2431 2841 2523 2910 qui
2569 2842 2618 2896 ei
2667 2843 2732 2898 de
2765 2853 2937 2898 matre
2985 2846 3387 2900 renuntiaverat
3430 2857 3485 2901 et

1926 2927 2202 2993 fratribus,
2237 2932 2572 3001 increpatum
2598 2948 2717 2989 esse
2747 2935 2815 2990 ab
2837 2935 2993 3003 Jesu;
3024 2939 3184 2993 istutu
3225 2955 3351 2995 vero
3388 2941 3482 3011 qui

1930 3048 2088 3115 paulo
2120 3058 2243 3103 ante
2280 3049 2490 3104 dixerat
2523 3069 2536 3105 :
2575 3070 2594 3103 ι
2631 3051 2711 3106 Τιι
2741 3070 2800 3110 es
2827 3055 2997 3112 Filius
3025 3057 3113 3114 Dei
3143 3060 3270 3128 vivi,
3303 3080 3320 3112 ι
3356 3061 3483 3116 bea-

1925 3139 2208 3194 titudinem
2245 3150 2617 3208 consecutum;
2664 3145 2784 3199 vide
2813 3149 2938 3215 quia
2972 3151 3143 3220 magis
3186 3152 3330 3208 hunc
3368 3154 3482 3226 (62)

1923 3232 2157 3301 praetulit
2185 3229 2362 3296 Jesus,
2397 3233 2487 3286 cui
2514 3242 2567 3288 et
2599 3235 2914 3294 clementius
2952 3250 3004 3294 ct
3029 3257 3150 3296 cum
3205 3245 3358 3299 venia
3389 3261 3481 3301 re-

1924 3338 2180 3392 sponsum
2211 3323 2339 3377 dare
2365 3323 2618 3394 dignatas
2650 3336 2770 3394 est;
2817 3328 2972 3384 Petro
2999 3347 3126 3388 vero
3169 3344 3290 3403 post
3335 3337 3481 3392 illam

1923 3413 2348 3468 benedictionem
2376 3417 2587 3471 nullum
2618 3417 2730 3481 jam
2772 3421 2941 3475 veniae
2981 3422 3205 3494 largitur
3243 3425 3480 3495 titulum,

1923 3520 2021 3574 pro
2047 3523 2112 3560 eo
2139 3509 2279 3576 quod
2316 3519 2565 3565 naturam
2600 3510 2675 3564 rei
2716 3511 2816 3565 sibi
2853 3514 3008 3569 dictat
3049 3507 3161 3571 (non
3197 3519 3482 3590 diligenter

1922 3596 2232 3651 adverterit.
2265 3599 2415 3652 Illius
2438 3599 2580 3652 enim
2617 3599 2790 3653 nuntii
2822 3616 2971 3655 error
3001 3608 3242 3676 responsi
3273 3612 3483 3666 ratione

1922 3685 2226 3753 corrigitur;
2255 3687 2417 3754 hujus
2433 3703 2560 3741 vero
2577 3689 2797 3743 tarditas
2812 3690 3110 3750 intellectus
3122 3698 3383 3752 acerbiori
3406 3700 3484 3752 in-

1921 3777 2226 3847 crepatione
2247 3777 2553 3832 damnatur.
2586 3777 2662 3831 Ex
2695 3795 2802 3848 quo
2831 3781 3105 3837 advertere
3139 3795 3308 3852 potes,
3333 3790 3480 3857 quod

1921 3865 2179 3924 Dominus
2211 3868 2365 3923 Jesus
2392 3869 2873 3938 interrogationum
2934 3872 3036 3925 sibi
3077 3880 3479 3944 opportunitate

1920 3968 2151 4021 servata,
2180 3962 2398 4030 dignqu
2428 3969 2639 4030 promat
2662 3961 2886 4029 singulis
2907 3975 3375 4035 opportunumque
3399 3986 3477 4025 re-

1919 4067 2199 4120 sponsum.
2233 4053 2383 4118 Quod
2413 4053 2479 4118 si,
2515 4064 2570 4106 ut
2594 4054 2694 4118 ais,
2734 4070 2800 4108 ex
2829 4069 2894 4109 eo
2927 4057 3072 4123 quod
3111 4074 3292 4112 verum
3322 4061 3473 4116 dixe-

1919 4155 2022 4208 rat,
2048 4143 2236 4200 P.-trus
2269 4146 2624 4208 beatificatur,
2649 4156 2701 4200 et
2730 4163 2827 4215 pro
2855 4162 2919 4201 co
2943 4150 3083 4217 quod
3108 4150 3311 4218 fefellit,
3337 4172 3477 4210 nun-

1918 4235 2024 4288 tius
2062 4237 2146 4290 ille
2188 4239 2468 4306 culpatur;
2519 4238 2606 4290 dic
2649 4238 2778 4291 mihi
2831 4254 3000 4308 quare
3043 4257 3162 4294 cum
3202 4243 3476 4302 daemones

1917 4341 2040 4379 eum
2073 4328 2476 4390 confiterentur,
2511 4329 2750 4383 dicentes
2787 4348 2798 4383 :
2840 4350 2858 4381 ‹
2906 4330 3118 4387 Scimus
3150 4344 3215 4399 te,
3270 4340 3360 4406 qui
3400 4341 3477 4395 sis

267 4406 542 4474 parvulus,
582 4408 721 4476 sapit
751 4417 807 4461 ut
833 4413 1090 4478 parvolus
1121 4417 1158 4480 ¹;
1193 4433 1312 4469 cum
1345 4430 1521 4472 autem
1551 4421 1816 4489 perlectus

1929 4416 2030 4484 [65)
2069 4429 2288 4470 sanctus
2320 4417 2461 4472 Deus
2483 4418 2525 4483 ⁵,
2559 4437 2578 4468 ι
2614 4419 2904 4486 increpavit
2939 4439 3050 4485 eos,
3077 4433 3129 4476 et
3163 4425 3319 4480 silere
3362 4427 3474 4499 (64)

270 4493 432 4548 fuerit
465 4498 563 4558 vir,
598 4499 945 4552 destruentur
971 4517 1031 4554 ca
1057 4519 1176 4571 qua:
1205 4517 1330 4559 sunt
1370 4510 1594 4575 parvuli,
1631 4510 1678 4562 id
1709 4519 1808 4573 cst,

262 4586 386 4640 dum
421 4587 485 4640 ad
527 4589 705 4657 priora
743 4607 800 4645 se
838 4595 958 4661 quis
1003 4597 1272 4660 extendit,
1317 4599 1663 4655 obliviscetur
1699 4621 1818 4671 quae

261 4689 380 4746 post
409 4694 466 4732 se
495 4689 638 4733 sunt.
679 4680 826 4736 Unde
859 4683 1084 4738 Domino
1113 4698 1297 4741 nostro
1323 4687 1447 4744 Jesu
1476 4691 1696 4746 Christo
1727 4696 1821 4748 do-

261 4776 430 4834 cente,
457 4783 505 4825 ct
528 4783 750 4826 curante
782 4774 1075 4830 humanum
1104 4795 1293 4846 genus,
1320 4781 1394 4833 uti
1429 4799 1494 4836 ne
1518 4785 1678 4838 simul
1708 4802 1820 4840 om-

260 4861 348 4914 nia
380 4863 704 4930 deperireut,
727 4882 956 4936 cumque
980 4866 1032 4919 in
1068 4868 1262 4922 talibus
1288 4871 1480 4926 studiis
1515 4889 1665 4929 meus
1697 4891 1816 4930 om-

328 4975 597 5047 "__illatth.
650 4995 806 5041 xxiii,
843 4981 930 5033 ΔΞ.
1007 4981 1052 5012 9°
1087 4980 1275 5036 Matth.
1313 5000 1420 5047 xvi,
1459 4985 1544 5040 16.

261 5058 335 5110 Ix,
365 5045 453 5099 59.
529 5046 549 5076 ⁸
588 5047 775 5102 Matth.
806 5067 914 5115 xvi,
948 5050 1038 5106 22.
1116 5052 1136 5082 ⁸
1170 5051 1298 5107 Luc.
1329 5045 1516 5119 ινίόιι.

333 5135 775 5204 (57)Casincnsis
807 5143 995 5202 codex,
1035 5162 1053 5193 ι
1095 5141 1258 5197 David
1289 5143 1458 5200 Jessc.
1514 5167 1532 5200 ι

257 5201 443 5327 M(|58)|
481 5206 546 5286 In.
587 5209 770 5265 codice
814 5201 1113 5275 Casinénsi,
1152 5232 1169 5264 ι
1227 5213 1416 5270 Debuit
1449 5228 1501 5272 et
1547 5219 1731 5275 etiam.
1791 5240 1811 5276 ι

315 5294 340 5323 :t
369 5291 395 5326 ιι
450 5288 603 5327 t'clm.

315 5277 395 5326 ala
433 5277 603 5329 It'clit).

330 5344 442 5426 (69)
483 5344 747 5426 lu_codice
785 5350 1065 5426 Casinensi
1119 5357 1524 5422 corruptissime
1569 5359 1762 5426 legitur
1796 5378 1810 5413 :

263 5433 282 5492 ς
324 5414 457 5466 Cum
477 5418 621 5492 enim
660 5424 889 5486 peccatis
920 5423 1092 5476 bonus
1119 5433 1170 5476 et
1198 5414 1451 5491 gravatus
1480 5429 1544 5480 ad
1574 5414 1813 5492 discipu-

257 5485 424 5565 latuin
457 5485 930 5566 tliligirilnoilccim
965 5485 1261 5566 numero?»
1292 5495 1398 5550 Nos
1426 5509 1682 5564 ("tantum
1715 5485 1808 5566 per

259 5555 601 5631 conjecturas
629 5558 796 5631 licuit,
830 5562 990 5629 hujus
1019 5562 1120 5616 loci
1164 5566 1353 5619 menda
1380 5555 1726 5631 sustulimus;
1753 5579 1805 5622 et

257 5623 495 5708 fortasse
522 5628 683 5708 paulo
716 5640 838 5698 post
874 5623 994 5701 pro,
1036 5651 1055 5684 ι
1093 5634 1276 5692 dicens
1303 5637 1404 5704 eis,
1452 5657 1472 5690 ι
1517 5623 1800 5708 legendum

254 5702 355 5761 est,
394 5713 413 5746 ι
446 5696 754 5753 όὶχὶιεὶε.’›

1623 4988 1666 5019 ⁹⁹
1699 4988 1896 5061 Philip.
1922 5006 1980 5053 Il,
2008 4987 2062 5042 9.

1918 4508 2193 4575 przecepit?
2213 4507 2322 4560 Cur
2345 4524 2447 4562 non
2463 4509 2748 4578 (siquidem
2769 4512 3138 4567 confitentium
3163 4531 3218 4570 se
3243 4521 3479 4574 testimo-

1917 4599 2022 4651 niis
2053 4598 2367 4666 delectatur)
2403 4601 2564 4652 etiam
2601 4601 2951 4666 istos,'sicut
2976 4603 3193 4660 Petrum
3233 4623 3356 4662 vera
3388 4611 3476 4664 di-

1919 4698 2151 4754 centem,
2189 4690 2653 4745 benedictionibus
2687 4707 3060 4751 remuneratus
3085 4700 3199 4751 est?
3231 4699 3383 4766 Quod
3427 4703 3475 4757 si

1917 4781 2019 4834 hoc
2043 4781 2338 4834 absurdum
2365 4790 2468 4843 est,
2503 4783 2822 4852 relinquitur
2849 4795 2908 4838 ut
2928 4803 3024 4855 pro
3057 4789 3193 4855 loco,
3220 4807 3314 4858 pro
3338 4800 3476 4848 tem-

1917 4887 2068 4941 pore,
2096 4886 2190 4939 pro
2219 4873 2486 4938 personis,
2512 4889 2611 4942 pro
2634 4880 2813 4940 rebus,
2840 4894 2937 4946 pro
2960 4880 3316 4938 accidentium
3338 4887 3475 4941 salu-

2141 4985 2355 5042 'lCor.
2383 5004 2502 5052 xut,
2533 4991 2620 5046 ll.
2696 4994 2716 5024 ³
2745 4992 2932 5048 Matth.
2997 5012 3052 5061 κ,
3109 4998 3195 5052 57.
3275 5001 3296 5031 ³
3339 5001 3470 5058 Luc.

1989 5145 2098 5216 (60)
2129 5144 2184 5198 In
2215 5147 2402 5200 eodem
2432 5149 2638 5212 codice,
2676 5168 2694 5204 ς
2725 5151 2788 5205 ad
2826 5156 3204 5212 necessariam.
3239 5177 3258 5211 ι

1984 5218 2096 5299 (6-1.)
2122 5216 2182 5299 Iln
2210 5220 2618 5299 eodein‘codice,
2653 5238 2670 5270 ‹
2709 5232 2936 5290 oportet,
2967 5243 2985 5277 ι
3013 5244 3170 5283 secus
3192 5237 3354 5299 atque
3376 5231 3476 5289 ha-

1913 5286 1999 5342 bet
2037 5286 2256 5355 Vulgata
2293 5289 2478 5340 editio.

1982 5357 2093 5424 (6'29
2129 5358 2183 5408 In
2215 5361 2398 5410 codice
2432 5357 2710 5412 Casincnsi
2737 5370 2835 5423 est,
2870 5379 2889 5411 ‹
2932 5364 3076 5420 huic.
3113 5385 3132 5418 ι

1982 5427 2091 5490 (65)
2125 5425 2178 5476 lu
2217 5429 2412 5500 codice
2435 5428 2747 5500 Casiucusi._
2772 5447 2789 5478 ‹
2837 5433 2959 5498 quis
2989 5452 3066 5489 es.
3106 5457 3124 5488 ι
3169 5437 3271 5494 Sed
3304 5441 3472 5500 libra-

1910 5495 1974 5547 rii
2005 5510 2157 5547 error
2183 5497 2338 5550 nobis
2371 5499 2482 5549 visa
2521 5507 2601 5548 est
2625 5497 2708 5548 illa
2736 5495 2913 5554 lectio.

1983 5564 2172 5642 (βιῃιη
2200 5568 2386 5618 eodem
2414 5567 2597 5618 codice
2625 5577 2708 5620 est
2744 5587 2763 5619 ι
2797 5571 2979 5642 sinire.
3012 5594 3030 5626 ι
3059 5575 3160 5632 Sed
3191 5598 3208 5630 ι
3233 5581 3411 5642 silere.
3443 5603 3463 5636 ι

1911 5635 2012 5714 legi
2039 5634 2232 5687 debere
2262 5651 2362 5722 pos
2391 5651 2542 5722 sacer
2565 5645 2744 5722 textus
2773 5640 2979 5701 edocet.
3013 5644 3144 5705 Vide
3170 5634 3347 5708 tamen
3369 5634 3467 5722 an,

1915 5727 1935 5764 ι
1971 5705 2167 5771 sinere,
2211 5721 2230 5754 ι
2262 5704 2544 5775 legendum
2574 5707 2661 5762 sit.
