3996 6208
570 321 700 377 45η

1583 322 1762 378 ACTA
1801 320 2329 380 DlSPUTATlONlS
2367 321 2426 379 S.
2470 320 2811 376 ARCHELAI

3657 325 3798 380 1512

568 452 639 506 te,
666 457 727 497 ea
749 457 869 512 qua:
891 439 1029 496 dicta
1052 451 1178 496 sunt
1201 441 1579 513 intelligamus,
1601 442 1675 496 uti
1696 458 1763 497 ne
1782 451 1980 498 temere
2004 459 2126 513 pro-
2154 452 2198 506 Α
2222 441 2454 511 judicer.
2485 440 2638 508 Quod
2672 442 2719 497 si
2753 456 2856 496 non
2886 440 3148 511 judicium
3176 441 3300 507 erit,
3336 439 3534 498 frustra
3560 441 3671 497 erit
3695 443 3799 498 ob-

568 535 900 595 nuntiantes,
952 533 1113 604 digna
1156 535 1481 588 coercitione
1535 532 1813 599 feriamur,
1864 543 1918 588 et
1969 543 2028 588 ut
2074 542 2127 589 te

567 627 739 696 magis
771 641 835 680 ac
875 627 1046 695 magis
1075 627 1350 691 edoceam,
1381 627 1550 680 multo
1579 625 1812 696 amplius
1841 626 1988 680 illum
2034 625 2127 695 qui

566 719 632 773 de
661 730 828 773 matre
857 718 1214 785 nuntiaverat,
1246 721 1567 775 honoratum
1593 737 1606 772 :
1638 729 1693 774 tu
1725 728 1903 774 autem
1929 718 2128 774 oblitus

567 809 643 863 rei
671 825 790 878 quae
818 810 971 864 nobis
1003 811 1276 879 proposita
1311 820 1415 874 est,
1453 811 1505 864 in
1533 810 1676 865 aliud
1718 825 2016 865 conversus
2046 825 2124 865 es.

565 899 701 953 Audi
742 915 869 969 ergo
919 900 1184 968 breviter;
1235 903 1280 957 si
1329 902 1475 956 enim
1528 901 1764 956 volueris
1819 901 2129 973 diligentius

567 991 762 1046 intueri
790 1009 909 1062 qua:
941 993 1082 1047 dicta
1126 1005 1282 1060 sunt,
1331 995 1671 1051 inveniemus
1716 995 1770 1048 in
1823 995 1914 1048 illo
1952 995 2129 1064 priore

564 1082 789 1136 multam
842 1082 1125 1138 Dominum
1175 1083 1359 1139 Jesnm
1411 1086 1711 1140 ostendisse
1755 1085 2127 1150 clementiam,

567 1174 726 1243 idque
752 1176 1191 1230 convenientibus
1214 1186 1264 1230 te
1291 1178 1552 1246 exemplis
1575 1178 1848 1232 edoceam.
1872 1173 1984 1230 Rex
2009 1176 2133 1245 qui-

565 1264 722 1331 dam,
749 1282 871 1320 cum
920 1267 1180 1322 adversus
1226 1267 1434 1320 hostem
1475 1266 1828 1336 processisset
1865 1275 2127 1328 armatus,

563 1368 617 1412 et
644 1360 904 1426 cogitaret
936 1368 1096 1428 atque
1128 1359 1439 1427 disponeret
1462 1359 1917 1428 quemadmodum
1951 1366 2132 1428 posset

564 1465 782 1503 manum
827 1451 928 1504 sibi
976 1451 1225 1505 hostilem
1265 1459 1425 1520 atque
1464 1451 1751 1504 barbaram
1805 1450 2128 1520 subjugare;

562 1558 797 1612 cumque
831 1543 884 1596 in
912 1544 1078 1597 multa
1109 1551 1253 1598 esset
1281 1559 1409 1598 cura
1435 1552 1488 1597 et
1517 1544 1879 1598 sollicitudine
1926 1543 2134 1598 consti-

562 1645 732 1696 tutus,
771 1637 824 1688 in
859 1636 1034 1689 medio
1081 1635 1516 1689 adversariorum
1563 1638 1794 1706 positus,
1837 1653 1901 1691 ac
1947 1645 2132 1706 postea

557 1730 668 1800 jam
699 1730 941 1798 captivos
973 1745 1066 1783 eos
1098 1738 1281 1784 tenere
1322 1730 1609 1799 incipiens,
1636 1731 1860 1800 jamjam
1895 1730 1984 1784 illa
2017 1729 2130 1783 sol-

2228 535 2462 588 servatio
2492 534 2866 589 mandatorum
2899 533 3014 598 Dei,
3047 534 3231 588 nullus
3259 535 3601 589 abstinentiae
3640 535 3804 590 locus

2227 634 2347 679 est:
2379 644 2397 675 ι
2428 623 2816 680 Manducemus
2841 634 2895 680 et
2921 626 3190 692 bibamus,
3235 641 3356 681 cras
3402 626 3547 680 enim
3598 627 3798 681 morie-

2227 717 2402 770 mur‘.
2427 735 2445 768 ι
2468 715 2592 772 Hec
2607 726 2784 771 autem
2802 719 2980 772 omnia
2997 718 3296 784 connectis,
3311 734 3513 790 negans
3525 719 3678 790 quod
3694 718 3811 790 (66)

2227 807 2294 860 de
2316 806 2478 860 Maria
2511 814 2670 860 natus
2692 816 2807 873 est;
2837 807 2882 862 si
2905 807 3047 862 enim
3077 807 3363 864 confessus
3393 809 3569 864 fueris
3591 826 3726 864 eum
3750 811 3830 864 de‘

2228 898 2396 953 Maria
2427 909 2638 962 natum,
2661 909 2713 954 et
2744 899 2927 970 passio
2958 900 3324 970 subsequatur
3354 915 3587 955 necesse
3609 911 3724 968 est,
3766 914 3818 957 et

2229 989 2536 1058 passionem
2568 990 2918 1054 resurrectio,
2941 999 2996 1045 et
3024 992 3480 1047 resurrectionem
3508 991 3815 1061 judicium,

2229 1085 2283 1133 et
2315 1079 2462 1133 salva
2490 1077 2646 1134 nobis
2671 1088 2828 1134 erunt
2863 1078 3159 1150 Scriptura:
3184 1090 3472 1151 pracepta.
3518 1078 3642 1134 Non
3688 1095 3818 1151 ergo

2225 1169 2337 1239 jam
2377 1186 2512 1224 vana
2541 1180 2623 1225 est
2651 1172 2901 1242 questio,
2957 1171 3053 1228 sed
3104 1173 3336 1242 plurima
3377 1173 3435 1226 in
3480 1173 3590 1227 hoc
3625 1175 3817 1230 verbo.

2232 1262 2385 1314 Sicut
2415 1262 2558 1314 enim
2593 1261 2771 1316 omnis
2799 1261 2885 1316 lex
2922 1271 2976 1317 et
3009 1263 3303 1332 prOphetite
3342 1263 3394 1317 in
3431 1264 3659 1318 duobus
3709 1280 3815 1318 ser-

2231 1353 2482 1408 monibus
2511 1363 2779 1418 constant,
2831 1355 2906 1410 ita
2955 1356 3116 1410 etiam
3149 1366 3332 1412 nostra
3379 1357 3563 1411 omnis
3601 1373 3736 1427 spes
3769 1359 3816 1412 in

2231 1447 2400 1502 beatae
2426 1445 2606 1501 Mariae
2633 1457 2791 1517 partu
2823 1463 3088 1517 suspensa
3120 1459 3234 1514 est;
3279 1458 3333 1504 et
3370 1449 3494 1504 ideo
3545 1453 3819 1521 responde

2233 1540 2368 1594 mihi
2395 1539 2462 1594 ad
2499 1541 2709 1611 singula
2736 1556 2857 1610 quae
2879 1551 2930 1596 te
2958 1541 3322 1612 interrogabo.
3351 1545 3649 1609 Quomodo
3680 1546 3817 1615 abji-

2233 1632 2441 1688 ciemus
2471 1641 2650 1688 tantas
2677 1643 2730 1688 et
2765 1634 2899 1688 tales
2926 1633 3169 1703 Apostoli
3207 1650 3387 1701 voces,
3419 1650 3545 1705 qua:
3587 1637 3819 1692 dicunt:

2242 1741 2260 1775 ‹
2293 1725 2428 1778 Cum
2462 1734 2638 1802 autem
2670 1724 2773 1778 fuit
2804 1725 2897 1780 Dei
2923 1727 3176 1781 voluntas
3210 1727 3263 1780 in
3301 1727 3458 1782 nobis
3484 1728 3628 1798 (67),
3683 1731 3820 1785 misit

563 1821 785 1874 licitudo
821 1821 1144 1886 immineret,
1177 1821 1634 1890 quemadmodum
1685 1837 1778 1876 eos
1822 1821 1913 1890 qui
1945 1836 2130 1875 secum
2163 1788 2204 1844 Β
2233 1815 2429 1870 Filium
2481 1832 2640 1871 suum
2695 1816 2896 1871 factum
2948 1833 3013 1872 ex
3055 1819 3284 1872 muliere
3324 1819 3364 1872 ⁷.
3399 1839 3417 1870 ι
3449 1819 3516 1872 Et
3573 1822 3820 1880 iterum:

562 1911 969 1977 laboraverant,
1023 1927 1085 1965 ac
1137 1912 1348 1980 pondus
1410 1913 1532 1967 belli
1587 1913 1946 1968 toleraverant
1986 1911 2129 1982 (65),

562 2013 912 2071 procuraret,
954 2004 1173 2072 quidam
1208 2004 1255 2057 ei
1293 2005 1516 2060 nuntius
1564 2007 1906 2076 importunus
1943 2020 2133 2059 occur-

561 2109 708 2156 rens,
739 2093 805 2147 de
845 2093 1006 2146 rebus
1040 2093 1358 2149 domesticis
1389 2111 1677 2164 suggerere
1717 2096 1898 2164 aliqua
1945 2095 2129 2164 ctepit.

561 2188 630 2240 At
660 2187 746 2240 ille
784 2185 1084 2239 admiratus
1125 2194 1205 2239 est
1248 2185 1528 2241 audaciam
1560 2197 1724 2256 atque
1761 2186 2131 2256 importunam

561 2279 982 2348 suggestionem,
1018 2285 1070 2332 et
1097 2278 1261 2331 morti
1295 2278 1506 2333 tradere
1537 2277 1918 2348 hujuscemodi
1955 2277 2134 2332 homi-

561 2387 684 2426 nem
719 2370 1016 2442 cogitabat;
1054 2371 1199 2439 qnod
1237 2371 1339 2425 nisi
1378 2371 1445 2425 de
1477 2371 1818 2428 charissimis
1851 2371 2132 2427 affectibus

559 2464 684 2519 talis
735 2471 957 2518 nuntius
986 2462 1304 2525 exstitisset.
1347 2477 1412 2517 eo
1457 2463 1602 2532 quod
1654 2463 1956 2519 incolumes
2012 2476 2134 2518 esse

560 2555 683 2622 hos,
710 2566 761 2611 et
789 2567 932 2612 recte
960 2574 1023 2612 ac
1052 2572 1307 2628 prospere
1340 2565 1561 2627 agentes
1587 2555 1771 2610 omnia
1808 2557 2132 2620 nuntiasset,

559 2645 783 2716 dignum
815 2648 1064 2716 protinus
1096 2649 1269 2718 potuit
1301 2649 1582 2717 excepisse
1621 2647 1966 2718 supplicium.
2003 2645 2134 2713 Quae

556 2737 702 2792 enim
731 2749 846 2794 erat
875 2755 1005 2795 cura
1037 2741 1142 2794 alia
1177 2741 1342 2812 regis,
1388 2739 1515 2794 belli
1557 2739 1824 2793 duntaxat
1867 2747 2131 2808 tempore,

559 2829 663 2884 nisi
689 2832 1097 2900 provincialium
1136 2833 1306 2895 salus,
1349 2832 1455 2887 nisi
1493 2831 1784 2901 dispositio
1826 2832 1900 2886 rei
1935 2831 2134 2886 milita-

557 2921 671 2976 ris?
704 2923 776 2977 Ita
803 2933 855 2977 et
884 2923 1112 2979 Domino
1146 2940 1267 2979 meo
1303 2923 1433 2978 Jesu
1474 2922 1694 2979 Christo
1735 2923 1997 2994 pugnanti
2033 2921 2134 2976 ad-

554 3027 772 3069 versum
799 3016 1082 3084 passiones
1109 3031 1230 3086 quae
1275 3015 1544 3085 profunda
1595 3016 1864 3069 viscerum
1910 3014 2134 3069 obsede-

556 3113 698 3169 rant,
731 3116 784 3159 et
822 3122 1023 3161 curans
1051 3122 1146 3162 eos
1171 3107 1262 3177 qui
1293 3107 1464 3160 multo
1492 3114 1732 3174 tempore
1767 3105 1933 3159 variis
1978 3103 2131 3157 inlir-
2158 3131 2200 3190 ο

556 3198 836 3252 mitatibns
877 3198 1087 3253 fuerant
1131 3199 1386 3264 devincti,
1431 3207 1485 3252 et
1527 3198 1786 3250 inclinato
1821 3198 1973 3252 omni
2005 3197 2128 3252 nisu

555 3303 654 3358 pro
688 3290 861 3342 salute
889 3289 1294 3353 universitatis;
1329 3289 1416 3342 ille
1439 3288 1664 3343 nuntius
1694 3287 2001 3356 importune
2029 3288 2130 3342 ad-

555 3381 778 3434 veniens
801 3379 867 3434 de
894 3390 1065 3434 matre
1102 3391 1154 3433 et
1199 3378 1458 3434 fratribus
1505 3378 1796 3432 nuntiavit.
1844 3377 1910 3433 Et
1953 3380 2128 3450 potuit

551 3471 768 3542 quidem
801 3471 1033 3526 similem
1066 3470 1247 3537 Petro,
1291 3479 1386 3524 aut
1417 3471 1578 3525 etiam
1620 3470 1926 3541 graviorem
1972 3488 2128 3527 acce-

549 3563 698 3633 pisse
727 3563 1082 3630 sententiam;
1115 3562 1208 3617 sed
1236 3561 1427 3617 matris
1446 3571 1502 3618 et
1524 3560 1754 3617 fratrum
1793 3563 2124 3619 intellectum

549 3667 747 3710 nomen
785 3654 1125 3708 clementiam
1157 3654 1492 3724 provocavit.

619 3744 809 3806 XLIX,
853 3746 958 3800 Sed
985 3758 1038 3801 et
1071 3745 1306 3816 amplius
1338 3746 1518 3802 adhuc
1545 3747 1800 3803 omnibus
1842 3745 2126 3802 ostendere

549 3839 732 3909 cupio,
762 3847 822 3893 ut
849 3848 1148 3910 agnoscant
1174 3840 1435 3904 universi,
1469 3841 1702 3896 assertio
1737 3849 1828 3895 tua
1859 3850 2122 3910 quantum

550 3930 848 4000 impietatis
859 3931 1115 3986 obtineat.
1137 3930 1194 3985 Si
1214 3931 1382 3998 enim,
1402 3931 1700 3987 secundum
1720 3933 1866 4003 quod
1885 3941 1941 3987 tu
1963 3932 2120 3997 dicis,

548 4037 658 4078 non
683 4032 768 4079 est
791 4033 972 4091 natus,
1006 4024 1126 4078 sine
1153 4023 1320 4078 dubio
1347 4038 1446 4079 nec
1478 4039 1675 4094 passus
1699 4033 1816 4091 est;
1844 4025 1955 4094 pati
1975 4024 2120 4078 enim

547 4115 640 4185 qui
671 4125 831 4172 natus
860 4132 966 4172 non
999 4128 1103 4182 est,
1134 4117 1470 4188 impossibile
1501 4129 1604 4172 est.
1638 4117 1792 4184 Quod
1825 4116 1870 4171 si
1905 4133 2012 4172 non
2038 4125 2123 4172 est

547 4221 763 4276 passus,
801 4212 983 4264 crucis
1024 4225 1220 4265 nomen
1253 4209 1522 4265 aufertur.
1566 4209 1740 4264 Cruce
1787 4217 1970 4263 autem
2011 4224 2118 4263 non

545 4311 817 4372 suscepta,
858 4318 957 4358 nec
979 4302 1138 4360 Jesus
1167 4320 1234 4360 ex
1270 4303 1502 4359 mortuis
1527 4302 1846 4358 resurrexit.
1888 4301 2043 4369 Quod
2073 4303 2119 4358 si

542 4392 701 4451 Jesus
731 4411 798 4451 ex
826 4396 1056 4452 mortuis
1080 4411 1190 4450 non
1233 4395 1557 4462 resurrexit,
1605 4409 1706 4449 nec
1748 4393 1947 4464 aliquis
1977 4393 2118 4449 alius

2237 1925 2256 1958 ι
2286 1905 2492 1962 Pascha
2546 1917 2789 1964 nostrum
2844 1911 3152 1966 immolatus
3195 1921 3278 1966 est
3331 1913 3590 1968 Christus
3615 1913 3662 1966 ⁸.
3699 1934 3719 1965 ι
3763 1914 3820 1970 Et

2231 2000 2356 2068 quia
2388 2016 2407 2050 ι
2440 1998 2582 2054 Deus
2627 2009 2680 2054 et
2721 2001 3010 2056 Dominum
3059 2005 3381 2072 suscitavit,
3434 2016 3490 2060 et
3545 2025 3656 2063 nos
3703 2024 3818 2062 cum

2232 2089 2325 2144 illo
2352 2089 2462 2160 (68)
2499 2092 2783 2147 suscitabit
2831 2109 2926 2162 per
2971 2095 3225 2150 virtutem
3277 2114 3431 2152 suam
3455 2101 3498 2153 '.
3537 2119 3556 2150 ι
3597 2100 3670 2155 Et
3724 2103 3817 2156 alia

2231 2181 2400 2236 multa
2445 2182 2531 2238 his
2577 2184 2776 2239 similia
2810 2186 2952 2241 dicta
3000 2197 3159 2254 sunt,
3197 2198 3258 2242 nt
3287 2201 3371 2245 cst
3403 2191 3541 2246 illud
3572 2211 3587 2247 :
3623 2212 3644 2244 ‹
3680 2193 3817 2259 Quo-

2232 2275 2394 2329 modo
2415 2275 2601 2330 dicunt
2630 2277 2849 2346 quidam
2887 2279 2940 2332 in
2976 2280 3127 2334 vobis
3158 2280 3293 2351 (69),
3324 2284 3451 2352 quia
3480 2288 3818 2342 resurrectio

2233 2374 2570 2420 mortuorum
2599 2383 2704 2422 non
2738 2370 2856 2424 est?
2901 2368 2957 2424 Si
3000 2371 3143 2425 enim
3197 2376 3536 2430 resurrectio
3577 2388 3817 2432 mortuo-

2233 2471 2351 2509 rum
2387 2472 2495 2511 non
2542 2467 2656 2523 est,
2706 2475 2806 2514 nec
2855 2460 3104 2516 Christus
3144 2466 3463 2520 resurrexit.
3527 2465 3591 2520 Si
3644 2481 3816 2523 autem

2230 2543 2484 2603 Christus
2509 2563 2618 2602 non
2650 2551 2968 2613 resurrexit,
3006 2552 3185 2607 inanis
3221 2565 3304 2608 est
3335 2570 3466 2624 ergo
3501 2558 3814 2624 praedicatio

2231 2648 2440 2693 nostra.
2475 2637 2818 2695 lnveniemur
2842 2643 3003 2697 etiam
3030 2643 3152 2699 falsi
3187 2654 3355 2701 testes
3384 2647 3506 2715 Dei,
3535 2652 3634 2720 qui
3676 2653 3820 2704 testi-

2233 2729 2475 2783 monium
2529 2731 2902 2800 perhibuimus
2940 2733 3203 2788 adversus
3237 2734 3429 2802 Deum,
3469 2738 3609 2808 quia
3645 2741 3821 2794 susci-

2231 2823 2428 2887 taverit
2470 2821 2782 2891 Christum,
2813 2839 2977 2892 quem
3022 2840 3131 2880 non
3185 2829 3493 2883 suscitavit.
3539 2830 3819 2902 Siquidem

2233 2917 2435 2972 mortui
2462 2932 2570 2972 non
2612 2927 2924 2989 resurgunt,
2970 2933 3070 2974 nec
3105 2919 3359 2977 Christus
3393 2929 3734 2984 resurrexit.
3772 2930 3820 2986 Si

2233 3021 2413 3067 autem
2443 3011 2695 3067 Christus
2745 3027 2849 3065 non
2888 3014 3216 3080 resurrexit,
3247 3031 3389 3070 vana
3431 3029 3521 3073 est
3565 3021 3708 3077 fides
3734 3040 3819 3078 ve-

2235 3115 2378 3169 stra;
2414 3103 2590 3158 adhuc
2622 3103 2755 3158 estis
2799 3103 2853 3157 in
2896 3105 3134 3174 peccatis
3181 3108 3398 3163 vestris.
3435 3108 3588 3182 Ergo
3631 3124 3689 3169 et
3733 3117 3818 3186 qui

2231 3194 2568 3249 dormierunt
2611 3195 2665 3248 in
2697 3194 2939 3262 Christo,
2987 3198 3286 3267 perierunt.
3341 3199 3399 3255 Si
3451 3204 3508 3258 in
3565 3206 3676 3263 hac
3719 3210 3815 3263 vita

2231 3287 2609 3341 tantummodo
2653 3301 2935 3356 speramus
2981 3289 3036 3342 in
3078 3288 3324 3359 Christo,
3381 3295 3816 3355 miserabiliores

2229 3394 2421 3433 sumus
2459 3378 2713 3434 omnibus
2744 3379 3079 3436 hominibus.
3126 3381 3282 3438 Nunc
3332 3397 3523 3441 autem
3569 3389 3818 3446 Christus

2227 3470 2529 3524 resurrexit
2554 3486 2584 3524 a
2615 3472 2870 3535 mortuis,
2912 3471 3128 3526 initium
3183 3475 3580 3535 dormientium
3611 3481 3691 3545 ἐς
3725 3504 3742 3534 ›
3774 3495 3819 3538 et

2227 3561 2454 3632 reliqua.
2486 3562 2642 3629 Quis,
2676 3579 2823 3635 rogo,
2845 3574 2953 3619 tam
2988 3569 3310 3623 temerarius
3336 3571 3714 3640 etimpudens
3741 3578 3818 3629 in-

2227 3654 2462 3720 venitur,
2495 3656 2588 3724 qui
2619 3654 2738 3710 istis
2766 3659 3130 3712 sacrosanctis
3162 3659 3388 3716 vocibus
3430 3663 3546 3734 (70)
3577 3681 3692 3719 non
3725 3684 3813 3721 ac-

2225 3747 2533 3801 commodet
2580 3747 2773 3811 fidem,
2826 3747 2879 3801 in
2921 3749 3122 3818 quibus
3170 3752 3317 3806 nulla
3363 3763 3450 3807 est
3500 3756 3809 3822 distinctio,

2226 3839 2370 3892 nulla
2400 3837 2697 3892 dubitatio?
2729 3838 3014 3906 Quisnam,
3049 3857 3255 3912 qumso,
3283 3845 3448 3899 etiam
3478 3859 3550 3908 te,
3583 3863 3617 3901 ο
3646 3852 3813 3904 stulte

2223 3930 2442 3996 Galata,
2486 3929 2808 3998 fascinavit,
2853 3934 2996 3989 sicut
3040 3946 3094 3990 et
3137 3937 3278 4003 illos,
3337 3955 3355 3988 ι
3403 3955 3631 4008 quorum
3676 3954 3811 3996 ante

2223 4022 2413 4077 oculos
2457 4019 2616 4078 Jesus
2647 4021 2901 4079 Christus
2952 4028 3250 4097 rescriptus
3297 4040 3382 4084 est
3429 4030 3545 4102 (7|)
3586 4034 3809 4087 crucifi-

2224 4131 2328 4170 xus
2352 4114 2438 4169 "7
2468 4133 2486 4167 ι
2520 4113 2674 4186 Unde
2706 4117 2942 4173 arbitror
2975 4119 3221 4176 sufficere
3250 4122 3363 4178 haec
3397 4125 3718 4181 testimonia
3743 4128 3810 4181 ad

2221 4208 2591 4263 ostensionem
2623 4208 2814 4276 iudicii
2859 4219 2914 4264 et
2954 4213 3374 4269 resurrectionis
3410 4225 3462 4269 et
3501 4219 3804 4285 passionis,

2220 4301 2422 4370 quibus
2438 4309 2835 4370 consequenter
2853 4309 2906 4356 et
2923 4304 3128 4372 pariter
3143 4320 3209 4360 ex
3231 4303 3398 4360 Maria
3420 4318 3619 4376 partus
3634 4321 3810 4365 esten.

2221 4394 2387 4448 ditur.
2418 4393 2558 4460 Quid
2587 4397 2758 4461 enim,
2789 4397 2834 4451 si
2866 4406 2923 4450 tu
2963 4397 3105 4452 nolis
3137 4399 3502 4467 asquiescere,
3553 4403 3656 4456 sed
3698 4404 3808 4456 evi-

545 4495 808 4559 resurget.
853 4487 1008 4554 Quod
1055 4488 1102 4543 si
1157 4490 1340 4544 nullus
1389 4496 1658 4558 resurget,
1705 4502 1804 4542 nec
1851 4487 2118 4557 judicium
2156 4473 2196 4527 D
2225 4487 2544 4542 dentissime
2587 4486 2870 4558 Scriptura
2908 4488 3246 4559 proclamet?
3288 4487 3678 4547 Verumtamen
3729 4496 3805 4547 in-

540 4580 664 4634 erit.
699 4578 920 4635 Certum
949 4588 1033 4635 est
1063 4581 1228 4648 enim,
1256 4581 1380 4650 quia
1419 4581 1466 4635 si
1510 4594 1617 4634 non
1667 4594 1972 4651 resurgam,
2021 4596 2121 4636 nec

613 4762 634 4793 ⁶
673 4761 690 4814 l
717 4762 841 4818 Cor.
872 4779 960 4827 xv,
988 4761 1076 4816 52.

1174 4763 1194 4794 ⁷
1233 4763 1408 4820 Galat.
1444 4781 1517 4832 IV,
1547 4765 1601 4822 4.
1694 4766 1716 4798 ⁸
1756 4764 1776 4820 l
1808 4765 1936 4821 Cor.
1967 4783 2023 4832 v,
2063 4766 2118 4821 7.

614 4976 727 5046 (65)
766 4977 827 5030 ln
859 4976 1042 5052 codice
1069 4977 1372 5052 Casinensi,
1403 4997 1421 5030 ι
1449 4993 1514 5035 ac
1544 4977 1758 5052 pondus
1797 4978 1994 5052 bellico
2027 4986 2108 5052 to-

542 5045 799 5130 lerarant‘.
833 5063 853 5098 ›
883 5045 1450 5130 liosemendavimus,
1478 5045 1561 5130 ξιξ
1574 5050 1787 5130 pondus
1816 5050 1939 5102 belli
1963 5048 2108 5128 _tole-

541 5125 814 5172 raverant.
846 5133 864 5168 ι
897 5115 1152 5188 Fortasse,
1167 5125 1358 5188 tamen
1392 5119 1544 5174 rudis
1573 5115 1839 5188 interpres
1871 5118 2106 5188 scripse-

540 5197 647 5251 rat,
678 5205 698 5237 ‹
729 5201 794 5242 ac
819 5187 1031 5257 pondus
1057 5187 1178 5241 belli
1205 5189 1693 5244 contoleraverant.
1720 5187 1750 5240 ’i

611 5258 724 5324 (66)
763 5256 839 5311 Ita
869 5258 1152 5327 legendum
1185 5259 1391 5324 censui,
1443 5259 1567 5312 licet
1614 5259 1670 5314 in
1713 5258 1902 5314 codice
1941 5256 2100 5313 Casi-

541 5327 703 5400 nensi
731 5328 1020 5400 scribatur,
1048 5328 1307 5400 chnegatis
1342 5329 1394 5383 id
1424 5329 1590 5400 quod.
1614 5347 1643 5400 ν»

612 5397 737 5469 (67),
764 5397 989 5469 Vulgata
1020 5397 1193 5469 editio
1231 5398 1419 5454 Graeco
1442 5397 1625 5454 'textui
1654 5415 1898 5456 consona
1942 5397 2100 5469 legit:

545 5483 569 5518 ι
595 5467 662 5521 Αι
689 5466 778 5520 ubi
799 5466 1577 5541 _venit_plenitudo_temporis;
1615 5490 1633 5522 ι
1664 5486 1894 5541 eamque
1915 5466 2105 5524 lectio-

697 5538 926 5606 prohant
969 5536 1222 5608 lrenaeus,
1265 5536 1651 5607 Tertullianns,
1690 5536 1996 5612 Cyprianus
2053 5548 2106 5594 et

616 5673 725 5799 (ϐψ
761 5672 959 5742 Verba,
991 5696 1010 5730 ι
1043 5693 1167 5733 cum
1195 5678 1312 5743 illo,
1343 5701 1362 5734 ι
1395 5697 1503 5737 non
1535 5682 1735 5738 habent
1771 5681 1978 5746 Graeca,
2009 5696 2103 5736 ne-

621 5759 652 5799 e
725 5745 922 5799 ulaata.
960 5763 1133 5799 neaue
1161 5750 1396 5799 Irenmns
1437 5753 1531 5799 lib.
1574 5770 1605 5799 ν
1644 5753 1897 5799 Aduersus
1945 5755 2099 5799 Inzr“

544 5759 652 5819 que
677 5745 922 5819 Vqlgata,
960 5763 1133 5816 neque
1161 5750 1396 5809 frenatus
1437 5753 1531 5807 lib.
1574 5770 1605 5807 v
1644 5753 1897 5809 Adversus
1945 5745 2099 5814 lien,

2227 4580 2510 4650 termgabo
2539 4588 2590 4634 te
2617 4598 2630 4633 :
2661 4588 2716 4635 tu
2749 4590 2930 4636 autem
2957 4579 3091 4635 mihi
3137 4583 3421 4652 responde.
3454 4581 3702 4650 Quando
3725 4585 3806 4640 Je-

2229 4767 2262 4822 ⁹,
2293 4766 2313 4819 1
2342 4765 2470 4820 Cor.
2511 4781 2584 4834 vi,
2614 4765 2702 4821 14.
2813 4767 2881 4834 ,ίο
2920 4765 2938 4819 l
2968 4765 3097 4823 Cor.
3127 4784 3217 4834 xv,
3247 4767 3430 4824 12-20.
3553 4772 3596 4804 ²¹
3630 4774 3801 4831 Galat.

2813 4767 2881 4836 _‘°
2920 4765 2938 4819 l
2968 4764 3097 4823 Cor.
3127 4784 3217 4835 xv,
3247 4767 3430 4824 12-20.

2217 4993 2336 5047 cap.
2370 4976 2404 5031 6
2427 4986 2480 5032 et
2503 4977 2555 5042 7,
2580 4992 2755 5047 neque
2786 4976 3152 5034 Tertulliauus
3176 4978 3268 5032 lib.
3293 4995 3324 5032 v
3367 4979 3629 5036 adversus
3661 4985 3802 5039 Har-

2216 5049 2584 5124 ciorrem,_cap.
2617 5047 2669 5124 Ζ,
2701 5063 2876 5124 neque
2903 5049 2954 5101 in
2990 5049 3127 5124 libro
3153 5048 3230 5102 De
3249 5051 3534 5124 pudicitia,
3559 5069 3691 5124 cap.
3720 5059 3799 5111 16.

2292 5119 2402 5188 (69)
2441 5119 2498 5170 1η
2535 5117 2720 5173 codice
2752 5118 3034 5173 Casinensi
3061 5128 3164 5182 est,
3199 5137 3217 5168 r
3250 5121 3303 5188 in
3341 5121 3525 5187 nobis,
3563 5143 3581 5176 ι
3631 5117 3688 5181 et
3725 5130 3799 5180 in-

2217 5186 2571 5262 fra,‘«_vana
2616 5197 2701 5262 est
2746 5188 2879 5262 fides
2945 5200 3146 5243 nostra.
3182 5207 3200 5239 ι
3237 5187 3339 5244 Sed
3393 5186 3647 5262 Vulgata:
3698 5199 3800 5252 lec-

2215 5259 2293 5312 tio
2333 5257 2460 5312 huic
2507 5257 2861 5327 praeferenda,
2903 5269 3088 5326 utpote
3125 5274 3246 5328 quae
3281 5275 3348 5313 ex
3393 5257 3610 5318 librarii
3662 5274 3799 5322 osci-

2216 5329 2386 5382 tantia
2416 5329 2662 5382 videatur
2698 5340 2907 5384 exorta.
2951 5329 3182 5382 lrenaaus
3234 5345 3472 5399 quoque,
3500 5332 3795 5391 Tertullia-

2209 5415 2332 5474 nus_,
2344 5400 2654 5474 Cyprianus
2671 5399 2870 5474 aliique
2884 5399 3126 5474 Vulgata:
3142 5400 3426 5474 lectionem
3457 5419 3791 5474 sequumur,

2279 5470 2390 5539 (70)
2435 5471 2490 5522 In
2521 5472 2708 5525 eodem
2741 5471 2928 5525 codice
2959 5471 3176 5539 legitur,
3219 5488 3237 5520 ι
3268 5472 3362 5540 qui
3396 5470 3563 5528 istam
3606 5494 3798 5533 sacro-

2209 5550 2455 5594 sanctam
2496 5541 2759 5604 vocibus,
2795 5561 2813 5593 »
2851 5554 2981 5608 etc.,
3025 5541 3267 5608 librarii,
3306 5551 3364 5596 ut
3401 5545 3673 5614 arbitror,
3709 5565 3795 5604 er-

2209 5625 2348 5663 I'OI'C.

2278 5679 2389 5746 (7t)
2428 5678 2669 5752 Vulgata:
2707 5684 2958 5740 editionis
2992 5684 3183 5739 melior
3227 5682 3415 5749 lectio,
3471 5701 3492 5736 α
3536 5691 3792 5757 prmscri-

2207 5759 2330 5817 plus
2355 5761 2456 5805 est.
2491 5770 2508 5802 ι
