1999 3513
174 112 243 142 1513

721 110 793 138 CUM
811 110 952 139 MANETE
971 110 1236 139 HERESIARCHA.

1713 111 1779 139 1511

173 187 221 207 sus
232 178 265 205 de
285 175 390 204 Joanne
404 175 587 203 testimonium
611 174 673 207 dat,
696 178 722 201 et
745 174 868 205 dicebat.
889 175 951 209 quia
967 176 989 204 Α
1003 181 1032 200 re
1048 181 1108 200 esse
1127 172 1261 207 opinaris,
1288 172 1314 199 id
1328 175 1369 199 est
1391 172 1436 207 qui
1466 180 1530 200 caro
1551 176 1579 200 et
1602 172 1714 206 sanguis
1736 174 1783 200 sit.

175 235 184 250 ι
200 224 285 258 major
299 223 325 250 in
343 222 413 249 natis
429 222 572 249 mulierum
595 221 684 248 nullus
709 221 827 248 surrexit
848 219 952 248 Joanne

173 270 308 306 Baptista;
321 269 368 304 qui
387 273 474 295 autem
498 268 587 294 minor
600 271 641 294 est
662 267 687 294 in
704 264 789 300 regno
808 267 950 298 calorum,

172 317 260 352 major
274 320 315 344 est
329 315 376 343 illo
387 315 423 348 ¹³;
440 323 449 340 ι
464 313 508 341 dic
529 313 594 340 mihi
611 320 664 348 qua
686 312 791 339 ratione
805 312 889 346 major
906 311 951 337 illo

172 363 253 391 estin
269 368 352 396 regno
372 360 519 389 cmlorum?
539 358 666 394 Nunquid
688 357 767 385 Jesus
788 357 876 384 minor
893 362 952 384 erat

172 409 275 436 Joanne
286 408 313 435 in
327 414 410 442 regno
420 406 568 434 cmlorum?
582 405 656 437 Dico,
669 403 815 438 absit(72).
831 403 877 431 Dic
888 411 952 439 ergo

173 456 199 482 in
213 462 278 490 quo,
299 457 329 480 ut
341 453 382 480 vel
397 458 422 480 te
437 453 525 487 ipsum
542 458 670 486 superare
688 450 797 484 possis?
818 449 882 476 Sine
897 449 952 476 du-

173 501 217 528 bio
227 500 320 529 minor
335 503 392 527 erat
406 498 509 525 Joanne
523 497 603 525 Jesus
619 497 688 523 inter
702 500 781 523 natos
795 495 949 527 mulierum;

173 547 200 574 in
215 554 298 582 regno
310 549 400 573 autem
416 544 545 572 ccelorum
560 543 648 577 major
663 542 710 569 illo
731 546 797 568 erat.
822 541 870 568 Die
886 541 951 567 mihi

174 593 239 621 illud
255 592 348 624 etiam,
367 599 383 618 ο
402 590 563 622 Manichaae;
581 590 603 617 si
618 589 658 616 ais
671 588 809 616 Christum
823 595 877 614 non
892 594 952 614 esse

173 649 206 667 ex
215 639 298 668 Maria
308 643 413 671 natum,
426 637 472 665 sed
481 636 639 671 apparuisse
648 634 756 669 quidem
768 633 950 665 uthominem,

172 694 234 713 cum
248 686 330 713 homo
343 692 397 712 non
413 688 493 715 esset,
510 686 654 718 prtestante
668 682 719 708 hoc
737 685 764 708 et
784 684 878 715 agente
897 679 952 706 vir-

173 736 228 759 tute
240 739 301 767 qua:
318 731 344 759 in
360 731 420 765 ipso
430 734 487 762 est;
499 729 542 756 dic
555 728 633 761 mihi,
648 735 729 762 super
740 734 820 761 quem
834 725 952 760 Spiritus

171 787 283 810 sanctus
304 782 374 809 sicut
398 780 523 808 columba
544 777 780 810 descendit?Quis
799 781 839 804 est
858 777 950 807 etiam,

172 829 218 864 qui
232 828 385 863 baptizatur
398 835 413 854 a
426 825 546 854 Joanne?
562 825 590 852 Si
607 823 743 859 perfectus
753 827 821 854 erat,
837 823 858 849 si
868 822 952 849 Filius

172 878 240 907 enat,
255 874 278 902 si
296 874 383 901 virtus
399 877 474 906 erat,
492 880 546 900 non
568 875 674 907 poterat
690 870 806 905 Spiritus
828 868 950 903 ingredi,

172 921 242 947 sicut
254 926 302 946 nec
313 926 423 954 regnum
435 922 522 952 potest
534 916 635 952 ingredi
652 915 719 942 intra
731 921 853 948 regnum.
867 912 952 947 Cujus

172 971 260 993 autem
274 965 299 992 ei
322 964 429 992 coalitus
449 964 547 990 emissa
574 969 625 988 vox
652 960 834 988 testimonium
857 958 953 986 detulit

172 1013 282 1040 dicens:
298 1021 308 1038 ί
325 1011 374 1038 llic
389 1015 430 1038 est
446 1009 530 1036 Filius
543 1016 621 1036 meus
636 1008 761 1039 dilectus,
773 1007 800 1033 in
816 1013 869 1040 quo
885 1005 953 1032 bene

172 1059 320 1094 complacui
334 1058 373 1085 ¹³ἳ
387 1067 396 1083 ι
414 1057 459 1084 Dic
473 1064 532 1091 age,
558 1055 623 1082 nihil
648 1054 808 1084 remoreris;
824 1053 886 1087 quis
909 1051 952 1078 ille

172 1109 223 1138 est,
235 1104 280 1139 qui
297 1108 372 1139 parat
385 1103 443 1130 [nec
458 1101 568 1133 omnia;
591 1100 637 1134 qui
660 1099 715 1134 agit
735 1097 879 1124 universa?
902 1097 953 1123 lte-

172 1150 292 1184 sponde:
308 1150 379 1176 itane
391 1147 585 1182 blasphemiam
598 1153 646 1180 pro
667 1144 770 1171 ratione
785 1143 954 1177 impudenter

172 1201 282 1236 allegas,
294 1205 321 1228 et
332 1200 432 1227 inferre
444 1198 553 1226 conaris
566 1197 642 1233 (75)?

206 1269 238 1298 L.
256 1268 347 1296 Manes
359 1267 428 1294 dixit
442 1274 451 1293 :
464 1265 548 1294 Nemo
559 1265 668 1301 quidem
683 1265 729 1299 qui
741 1263 884 1291 adversum
896 1262 954 1289 haec

171 1323 233 1351 quze
248 1323 264 1342 a
280 1320 306 1342 te
321 1314 391 1341 dicta
407 1317 480 1346 sunt,
497 1312 658 1347 respondere
682 1310 809 1346 potuerit,
829 1308 954 1343 blasphe-

172 1362 235 1389 mia:
258 1361 359 1388 crimen
378 1360 505 1392 incurrit,
527 1359 592 1394 quin
616 1358 705 1392 potius
725 1360 767 1384 est
785 1355 858 1382 omni
877 1354 954 1381 laude

172 1407 358 1442 dignissimus.
371 1407 483 1441 Oportet
492 1405 563 1432 enim
575 1404 703 1431 artificem
715 1403 796 1429 rebus
810 1397 955 1436 propositis

174 1452 351 1488 responsione
368 1451 510 1486 diligenter
534 1454 636 1485 aptata,
659 1447 802 1475 manifesta
827 1445 954 1473 omnibus

173 1508 204 1527 ca
223 1499 256 1527 de
272 1499 369 1535 quibus
383 1499 514 1534 quaeritur
533 1498 575 1524 Vel
595 1497 745 1529 dubitatur,
762 1494 913 1526 ostendere,
928 1497 954 1520 et

174 1547 290 1574 maxime
311 1546 411 1573 idiotis.
433 1544 467 1572 Et
488 1544 617 1579 quoniam
637 1543 685 1569 tibi
703 1542 834 1569 doctrinae
856 1544 954 1567 nostra:

174 1600 226 1620 nun
239 1592 326 1627 placet
336 1591 416 1623 ratio,
429 1595 557 1625 tanquam
571 1588 667 1616 artifex
681 1588 778 1620 bonus,
789 1587 869 1614 etiam
884 1586 954 1612 hanc

179 1639 244 1666 mihi
259 1638 435 1673 qumstioncm
451 1634 644 1662 rationabiliter
656 1633 773 1660 exsolve.
797 1631 861 1658 Milli
882 1630 954 1657 enim

175 1684 247 1718 pium
256 1683 363 1709 videtnr
372 1681 470 1711 dicere,
480 1679 551 1714 quod
567 1679 633 1705 nihil
644 1679 748 1713 eguerit
760 1678 844 1704 Filius
858 1677 916 1708 Dei,
927 1677 955 1704 in

180 1737 211 1756 co
221 1728 294 1764 quod
308 1727 440 1754 adventus
457 1725 515 1760 ejus
530 1729 690 1759 procuratur
702 1724 734 1750 ad
750 1729 851 1756 terras;
868 1730 956 1758 neque

180 1786 247 1813 opus
254 1777 377 1805 habuerit
385 1775 520 1805 columba.
530 1782 617 1808 neque
626 1773 795 1808 baptismate,
803 1780 890 1807 neque
899 1780 957 1799 ma-

177 1820 316 1859 tre,neque
325 1823 462 1854 fratribus,
472 1822 586 1849 fortasse
593 1828 679 1855 neque
687 1824 772 1854 patre,
779 1819 824 1854 qui
832 1819 856 1845 ei
864 1827 945 1846 secun

179 1872 241 1898 dum
250 1877 274 1897 te
281 1869 448 1905 fuitJoscph;
462 1869 508 1896 sed
521 1872 592 1895 totus
604 1867 648 1894 ille
659 1867 715 1901 ipse
722 1866 898 1897 descendens,
913 1873 957 1893 se-

177 1918 322 1952 metipsum
337 1917 364 1943 in
382 1923 544 1951 quocunque
554 1913 639 1941 voluit
652 1912 855 1940 transformavit
869 1912 895 1939 in
907 1913 957 1939 ho-

178 1963 288 1994 minem,
301 1969 334 1989 co
347 1966 426 1996 pacto
440 1968 493 1996 quo
505 1960 605 1987 Paulus
618 1959 694 1989 dicit,
705 1958 769 1994 quia
785 1967 793 1984 l
811 1958 903 1985 habitu
915 1965 957 1985 re-

177 2016 269 2046 pertus
285 2016 325 2038 est
340 2015 369 2037 ut
386 2010 468 2037 homo
480 2010 512 2037 “.
532 2019 541 2035 ι
554 2009 639 2044 Cujus
654 2009 734 2044 igitur
760 2009 799 2036 rei
814 2008 958 2044 indiguerit

178 2058 202 2084 is
216 2057 261 2092 qni
275 2057 448 2091 semetipsum
465 2056 492 2082 in
505 2055 596 2082 omnia
610 2055 820 2087 transformarit,
835 2055 955 2082 ostende.

177 2104 291 2137 Quando
307 2103 378 2131 enim
393 2103 486 2135 voluit,
499 2103 571 2129 hunc
595 2102 731 2129 hominem
747 2109 854 2129 rursum
867 2106 958 2129 trans-

178 2149 303 2178 formavit
313 2149 339 2175 in
358 2148 474 2183 speciem
489 2148 555 2175 solis
571 2155 601 2174 ac
610 2146 810 2180 vultum.Quod
825 2147 848 2174 si
862 2154 958 2174 rursus

1002 218 1117 246 Necesse
1130 224 1172 245 cst
1188 226 1268 253 ergo,
1289 223 1315 245 et
1339 218 1479 252 Spiritum,
1496 218 1542 253 qui
1564 218 1635 246 sicut
1656 218 1784 246 columba

1003 265 1125 299 apparuit
1139 265 1171 297 ¹⁸,
1187 273 1240 291 non
1254 264 1326 291 aliud
1342 272 1400 292 esse
1415 272 1495 298 quam
1511 265 1660 292 naturalem
1675 265 1767 292 colum
1778 279 1785 283 -

1003 310 1079 342 bam;
1096 310 1163 337 sicut
1179 310 1254 336 homo
1276 310 1347 337 enim
1364 310 1465 336 dictum
1483 315 1533 342 est,
1553 315 1579 337 et
1594 311 1663 337 sicut
1681 310 1785 337 colum~

1003 355 1045 388 ba,
1066 360 1092 382 et
1114 355 1295 390 quodcunque
1317 355 1423 390 opinari
1448 358 1535 389 potest
1556 355 1589 382 de
1610 363 1642 382 eo
1657 363 1783 382 sermone

1002 402 1074 436 quod
1104 402 1204 429 dictum
1228 406 1285 434 est,
1310 402 1376 428 sicut
1399 401 1491 432 homo,
1509 401 1560 428 hac
1580 401 1705 435 opinione
1727 401 1782 436 (74)

1002 447 1113 482 concipe
1128 448 1208 474 etiam
1223 447 1256 474 de
1275 455 1317 480 eo,
1333 447 1404 479 quod
1420 447 1520 474 dictum
1535 451 1586 477 est,
1600 447 1668 474 sicut
1684 447 1784 474 calum-

1002 493 1050 525 ba;
1067 501 1176 520 necesse
1190 497 1232 520 cst
1248 498 1275 520 et
1289 493 1345 520 haec
1362 493 1499 527 aequaliter
1514 493 1643 527 recipere,
1659 493 1695 520 ita
1710 494 1784 521 enim

1003 539 1030 565 in
1046 538 1192 574 Scripturis
1208 546 1267 573 quae
1284 539 1318 566 de
1336 546 1367 566 eo
1384 539 1482 574 scripta
1503 544 1584 571 sunt,
1599 539 1782 567 inveniuntur.

1004 585 1146 612 Archelaus
1160 585 1227 613 dixit
1239 594 1248 612 .'
1266 584 1341 613 Sicut
1356 585 1402 612 tibi
1421 585 1477 620 ipse
1488 593 1541 611 non
1553 590 1639 619 potes,
1654 590 1784 620 tanquam

1003 630 1092 658 bonus
1107 630 1214 662 artifex.
1233 638 1319 665 neque
1335 638 1384 665 ego
1401 630 1448 657 tibi
1468 630 1537 657 hanc
1552 630 1728 665 quaestionem
1741 632 1784 658 di-

1003 677 1116 711 ligenter
1130 681 1247 711 aptatam
1262 676 1461 704 manifestarem
1476 682 1556 712 atque
1573 677 1715 706 manifeste
1727 679 1784 707 dis-

1004 723 1134 750 solverem
1148 723 1215 758 (7-3),
1233 723 1282 750 nisi
1299 728 1406 758 propter
1422 724 1471 751 hos
1485 724 1531 758 qui
1548 724 1680 752 assistunt
1692 730 1718 752 et
1737 726 1785 760 qui

1004 776 1054 796 nos
1074 770 1205 796 audiunt:
1227 775 1254 797 et
1279 770 1349 803 ideo,
1374 770 1442 798 sicut
1460 772 1603 804 convenit,
1627 773 1785 807 quaestionis

1005 815 1086 849 hujus
1104 823 1211 851 quoque
1225 823 1357 851 exponam
1374 817 1515 844 rationem.
1533 816 1593 844 Tibi
1609 819 1717 853 quidem
1730 828 1784 847 non

1004 861 1108 888 videtur
1125 863 1167 897 pie
1184 863 1247 893 dici,
1263 867 1376 890 matrem
1394 864 1521 891 habuisse
1543 863 1634 892 Jesum
1659 865 1784 899 Mariam,

1004 912 1031 934 ct
1045 908 1145 942 reliqua
1157 916 1216 942 qure
1228 916 1299 935 nunc
1311 914 1470 943 prosccutus
1481 917 1520 941 es,
1535 918 1594 944 qua:
1607 911 1714 945 quidem
1727 919 1786 938 om-

1003 954 1048 980 nia
1074 958 1193 988 repetere
1220 954 1407 988 perhorresco.
1433 954 1569 982 Interdum
1592 955 1702 990 quidam
1725 957 1786 991 cogi

1004 1000 1073 1027 solet
1087 1000 1182 1027 artifex
1205 1005 1314 1035 propter
1338 1001 1498 1035 imperitiam
1524 1001 1675 1029 resistentis
1697 1003 1787 1030 dicere

1004 1051 1031 1074 et
1047 1047 1136 1074 facere
1150 1055 1181 1074 ea
1196 1055 1256 1082 qua-
1270 1052 1376 1082 tempus
1392 1052 1515 1081 recusat;
1530 1052 1557 1075 et
1570 1048 1631 1076 ideo
1644 1049 1705 1083 quia
1719 1049 1787 1076 mihi

1003 1099 1045 1121 est
1059 1094 1130 1121 illata
1146 1094 1294 1121 necessitas
1310 1099 1419 1129 propter
1432 1099 1591 1129 praesentem
1613 1096 1729 1129 turbam,
1752 1098 1785 1124 ad

1004 1147 1034 1166 ea
1049 1148 1107 1174 qu.e
1123 1147 1137 1166 a
1154 1144 1178 1167 te
1193 1147 1246 1166 non
1263 1144 1335 1166 recte
1356 1140 1428 1167 dicta
1454 1144 1533 1173 sunt,
1559 1141 1653 1175 paucis
1671 1150 1786 1177 respon-

1003 1186 1081 1212 deam
1095 1185 1161 1219 (76).
1186 1185 1233 1213 Dic
1245 1193 1310 1220 ergo
1326 1185 1391 1211 mihi
1425 1185 1448 1212 si
1466 1184 1558 1213 Jesum
1585 1186 1723 1214 hominem
1739 1195 1783 1214 na.

1005 1231 1126 1258 turaliter
1144 1231 1242 1259 factum
1261 1231 1472 1259 intellexerimus
1484 1239 1517 1259 ex
1532 1231 1626 1265 Maria,
1642 1233 1786 1262 habentem

1004 1285 1113 1304 carnem
1141 1282 1167 1304 et
1188 1278 1348 1312 sanguinem
1366 1278 1595 1312 intellexerimus;
1611 1287 1722 1308 necesse
1745 1286 1787 1308 est

1004 1324 1084 1350 etiam
1103 1322 1233 1357 Spiritum
1259 1328 1381 1351 sanctum
1404 1332 1494 1351 veram
1518 1325 1670 1352 columbam
1691 1325 1786 1360 fuisse,

1004 1373 1031 1396 et
1046 1377 1098 1396 non
1115 1369 1250 1404 spiritum.
1265 1371 1297 1398 Et
1313 1371 1450 1406 quomodo
1465 1372 1563 1406 poterit
1583 1379 1645 1399 vera
1662 1372 1786 1400 columba

1005 1412 1098 1442 verum
1118 1415 1254 1443 hominem
1272 1416 1384 1452 ingredi,
1409 1422 1489 1452 atque
1512 1417 1539 1444 in
1563 1425 1595 1444 eo
1614 1419 1787 1452 permanere?

1006 1469 1071 1489 caro
1088 1462 1160 1488 enim
1177 1469 1286 1489 carnem
1311 1463 1413 1498 ingredi
1437 1471 1491 1490 non
1508 1468 1596 1498 potest
1610 1473 1617 1491 :
1634 1465 1681 1492 sed
1702 1465 1787 1497 magis
1829 1463 1835 1485 ὲ

1006 1509 1028 1536 si
1050 1508 1141 1536 Jesum
1164 1509 1299 1536 hominem
1316 1516 1408 1535 verum
1431 1509 1619 1540 contlteamur.
1640 1518 1702 1536 eum
1723 1518 1787 1538 vero

1006 1555 1052 1589 qui
1065 1555 1173 1587 dicitur,
1189 1555 1260 1582 sicut
1271 1555 1406 1586 columba,
1422 1554 1551 1589 Spiritum
1565 1560 1700 1588 sanctum,
1713 1556 1786 1584 salva

1005 1605 1045 1628 est
1062 1601 1139 1627 nobis
1154 1601 1222 1627 ratio
1236 1601 1261 1627 in
1276 1605 1400 1635 utraque.
1416 1600 1533 1635 Spiritus
1549 1601 1620 1628 enim
1638 1603 1786 1629 secundum

1006 1651 1107 1674 rectam
1127 1647 1257 1674 rationem
1277 1646 1380 1673 habitat
1400 1646 1426 1673 in
1451 1647 1569 1677 homine.
1592 1652 1618 1674 ct
1640 1647 1787 1681 descendit,

1006 1697 1033 1719 ct
1045 1698 1198 1726 permanet;
1217 1697 1243 1720 et
1258 1690 1442 1727 competenter
1460 1693 1510 1720 hoc
1530 1698 1556 1721 et
1579 1693 1678 1721 factum
1698 1699 1749 1725 est.
1764 1699 1790 1722 ct

1007 1739 1036 1764 tit
1052 1746 1168 1772 semper,
1185 1739 1256 1765 sicut
1270 1744 1297 1765 tu
1313 1743 1337 1766 te
1353 1739 1442 1773 ipsum
1457 1744 1519 1767 ante
1536 1740 1587 1767 hoc
1602 1745 1708 1775 tempus
1723 1749 1788 1775 pro-

1007 1783 1125 1810 ﬁtebaris
1140 1791 1199 1810 esse
1212 1783 1380 1811 Paracletum
1397 1783 1455 1814 Dei,
1476 1789 1505 1811 ut
1528 1785 1615 1812 dicam
1637 1780 1714 1818 silex,
1734 1795 1788 1814 non

1007 1828 1087 1855 homo
1098 1828 1166 1863 (77),
1182 1829 1227 1863 qui
1244 1828 1397 1863 frequenter
1408 1829 1575 1857 Oblivisceris
1589 1838 1619 1857 ea
1634 1839 1694 1865 qua:
1708 1832 1787 1860 dicis.

1008 1873 1137 1908 Spiritum
1146 1874 1217 1901 enim
1225 1874 1329 1901 venisse
1337 1882 1418 1909 super
1426 1879 1451 1901 te
1459 1875 1561 1906 dixisti,
1570 1884 1649 1910 quem
1658 1878 1789 1911 promise»

1007 1924 1050 1946 rat
1060 1919 1139 1946 Jesus
1157 1918 1209 1955 [se]
1220 1926 1280 1946 esse
1295 1919 1442 1946 missurum
1457 1928 1464 1946 :
1477 1925 1504 1947 et
1519 1921 1589 1948 unde
1604 1922 1655 1949 nisi
1673 1922 1706 1949 de
1717 1924 1800 1950 cteio-r

1007 1965 1170 1993 descendat?
1186 1965 1220 1992 Et
1235 1965 1257 1992 si
1270 1965 1408 1992 descendit
1426 1965 1542 1999 Spiritus
1553 1974 1634 2001 super
1651 1967 1791 1997 hominem

1008 2011 1118 2046 dignum
1133 2018 1172 2042 se,
1185 2018 1266 2045 super
1277 2015 1302 2038 te
1317 2015 1407 2038 autem
1424 2018 1504 2050 veras.
1517 2011 1658 2040 columbas
1677 2003 1790 2050 desecti;

1008 2021 1118 2046 mgnum
1133 2021 1172 2042 SC,
1185 2021 1266 2045 super
1277 2021 1302 2038 ω
1317 2021 1407 2038 autem
1424 2021 1504 2050 veras.
1517 2021 1658 2040 ωιυτιιυζιδ
1677 2021 1774 2040 OCSCCIJ

1008 2057 1081 2084 disse
1105 2056 1274 2083 seruiendum
1296 2061 1347 2088 est,
1375 2061 1405 2083 ut
1429 2060 1453 2083 te
1477 2057 1674 2084 columbarium
1700 2021 1791 2098 potiui

1008 2102 1096 2129 furem
1123 2102 1300 2136 accipiamus,
1316 2102 1428 2129 insidias
1441 2102 1482 2129 eis
1496 2110 1528 2130 ac
1549 2102 1659 2138 laqueos
1677 2103 1787 2146 mulier?

1009 2153 1080 2181 tem;
1096 2148 1193 2183 dignus
1208 2148 1279 2175 enim
1291 2155 1331 2181 es,
1345 2148 1391 2183 qui
1405 2148 1493 2176 verbis
1510 2148 1632 2176 ridiculis
1650 2148 1788 2183 illudaris;

178 2194 487 2230 resistis,mihi[autem]
496 2194 762 2222 rectedicentilidcm
772 2193 956 2220 nolisaccom-
973 2199 1058 2229 nego
1082 2199 1172 2222 tamen
1197 2201 1297 2229 parco.
1319 2202 1353 2221 ne
1376 2195 1516 2222 auditores
1537 2196 1628 2223 videar
1655 2186 1790 2228 offcndefe

178 2243 305 2275 modare,
330 2241 393 2268 audi
418 2241 600 2268 definitionem
622 2244 696 2267 tuam
720 2241 746 2267 in
764 2248 817 2274 qua
843 2245 909 2267 stas.
927 2239 956 2267 Si

178 2289 250 2316 enim
264 2287 400 2315 hominem
416 2294 477 2314 eum
491 2286 677 2313 tantunnnodo
691 2293 724 2313 ex
740 2285 823 2313 Maria
842 2294 902 2313 esse
915 2286 958 2313 di-

178 2335 228 2366 cis,
243 2334 309 2362 etin
325 2333 485 2368 baptismate
499 2332 627 2367 Spiritum
644 2331 796 2367 percepisse
809 2341 815 2358 :
828 2340 893 2367 ergo
909 2340 957 2367 per

180 2378 327 2413 profectum
343 2377 428 2405 Filius
442 2377 584 2408 videbitur.
602 2382 628 2404 et
643 2384 695 2403 non
710 2384 757 2411 per
773 2381 907 2404 naturam.
928 2377 956 2404 Si

181 2429 269 2450 tamen
286 2422 333 2449 tibi
349 2422 493 2449 concedam
511 2422 609 2453 dicere,
632 2421 780 2449 secundum
804 2421 955 2456 profectum

180 2476 241 2496 esse
256 2468 365 2501 Filium,
379 2468 456 2503 quasi
470 2468 604 2495 hominem
620 2467 737 2501 factum;
757 2467 893 2495 hominem
913 2476 958 2495 ve-

216 2528 237 2543 "
257 2526 350 2554 Matth.
363 2534 402 2557 xl.
417 2526 458 2553 ll.
497 2525 518 2541 ¹³
528 2524 621 2552 Matth.
635 2533 676 2557 in,
690 2525 732 2552 i7.

217 2582 271 2617 (72)
292 2581 353 2608 llaec
367 2580 460 2617 verba.
477 2589 486 2605 ε
502 2581 562 2608 dico
581 2581 692 2617 absitd
708 2581 758 2608 nisi
782 2582 907 2608 mendum
923 2581 959 2607 sit

182 2619 208 2644 in
222 2616 326 2647 codice,
341 2616 464 2642 videntur
480 2620 606 2651 tanquam
620 2625 652 2644 ex
668 2616 780 2644 Manetis
794 2624 909 2651 persona
924 2616 959 2642 ab

182 2651 313 2678 Archelao
326 2650 439 2685 prolata.

218 2686 273 2720 (75)
295 2684 360 2712 uate
375 2686 401 2711 in
416 2685 507 2712 codice
523 2684 675 2719 Casinensi,
689 2696 699 2713 ς
714 2686 830 2714 coneris.
849 2695 858 2712 ι

218 2720 274 2762 (Ἱό)
343 2720 434 2747 codice
451 2721 591 2749 Casinensi
612 2723 749 2754 scribitur,
767 2731 775 2747 ι
793 2722 862 2748 sicut
879 2721 960 2748 homo

185 2765 216 2784 ac
229 2763 364 2784 001111οη8.
380 2765 388 2781 Ι

221 2791 276 2826 (75)
297 2791 385 2819 Codex
402 2791 557 2819 Casinensis
577 2793 612 2819 ita
629 2793 701 2827 legit,
723 2801 731 2817 ι
747 2793 816 2819 hanc
836 2792 962 2826 qumstio-

187 2834 247 2853 nem
260 2827 407 2860 dilligenter
418 2832 508 2861 aptare
518 2832 571 2854 tam
588 2827 799 2860 manifestat-em,
812 2833 893 2862 atque
906 2834 963 2853 ma-

288 2876 420 2907 ιἈτηοι..
442 2877 499 2908 Gn.
524 2877 564 2908 X.

772 2525 793 2540 “
807 2524 906 2560 Philip.
923 2534 954 2559 ll,
969 2525 994 2553 7.

1010 2240 1067 2267 haec
1087 2240 1198 2273 dicens,
1224 2245 1250 2267 et
1273 2241 1390 2267 maxime
1414 2241 1478 2276 quia
1502 2246 1598 2276 pneter
1621 2247 1788 2277 propostnm

1009 2294 1109 2317 meum.
1135 2286 1161 2313 in
1186 2291 1211 2313 te
1234 2286 1354 2322 ingerere
1379 2294 1438 2321 quae
1459 2288 1588 2315 merearis
1610 2289 1714 2316 audire.
1738 2280 1789 2316 Sed

1011 2332 1118 2359 redeam
1134 2332 1166 2359 ad
1184 2339 1250 2359 rem.
1264 2331 1367 2359 Memor
1385 2340 1445 2360 sum
1460 2334 1531 2360 enim
1546 2334 1790 2368 transformatimiis

1010 2381 1072 2408 tuae,
1084 2384 1136 2411 qua
1152 2377 1231 2410 dicis,
1244 2378 1308 2412 quia
1324 2377 1395 2405 Deus
1415 2378 1649 2407 transformaverit
1662 2388 1691 2407 se
1704 2381 1729 2406 in
1742 2375 1792 2408 ho-

1010 2423 1126 2454 minem.
1148 2423 1189 2450 vel
1216 2423 1242 2450 in
1266 2424 1368 2457 solem,
1391 2432 1423 2451 cx
1450 2425 1502 2452 hoc
1530 2426 1623 2453 volens
1650 2427 1793 2454 ostendere

1009 2467 1101 2496 Jesum
1118 2472 1240 2496 nostrum
1259 2469 1352 2497 habitu
1373 2470 1431 2497 solo
1445 2475 1471 2497 et
1485 2471 1542 2497 visu
1558 2470 1657 2498 factum
1670 2480 1729 2499 esse
1744 2472 1793 2498 ho-

1051 2526 1073 2542 "
1092 2525 1186 2554 Matth.
1206 2534 1246 2558 In,
1271 2526 1314 2554 t6.

1012 2581 1108 2609 nifeste
1127 2582 1314 2610 dissolverem.
1330 2592 1339 2608 ι
1366 2582 1417 2610 Sed
1442 2590 1473 2609 ex
1500 2582 1613 2610 Manetis
1639 2584 1792 2618 interroga-

1012 2618 1093 2648 tione,
1108 2619 1152 2644 cui
1176 2619 1326 2646 Archelaus
1349 2618 1508 2651 respondet,
1531 2626 1582 2646 nos
1604 2619 1677 2646 hunc
1702 2621 1791 2646 locum

1012 2653 1190 2679 restituimus.

1046 2688 1101 2722 (τῦ)
1115 2697 1132 2723 γε
1148 2687 1345 2722 Respondeam,
1358 2698 1367 2713 ›
1384 2695 1441 2723 pro,
1458 2698 1466 2714 ι
1483 2689 1652 2723 respondebo
1667 2699 1672 2716 :
1692 2699 1701 2717 ι
1714 2688 1791 2717 sicin

1014 2722 1143 2758 cap:}8.r
1155 2732 1163 2747 ι
1180 2725 1320 2755 edoceam,
1338 2734 1346 2749 ι
1363 2722 1421 2758 pro.
1438 2734 1446 2748 ι
1460 2722 1589 2752 edocebo.
1606 2734 1615 2749 ι

1049 2756 1105 2791 (77)
1126 2757 1290 2790 Casinensis,
1307 2767 1316 2783 ι
1333 2756 1370 2785 υ(
1383 2759 1470 2786 dicam
1493 2760 1576 2786 dilere
1599 2767 1653 2786 non
1673 2760 1762 2788 homo.
1776 2772 1784 2787 ι

1016 2791 1129 2818 Videant
1144 2793 1251 2824 eruditi,
1267 2801 1300 2820 an
1316 2799 1389 2822 recte
1403 2794 1572 2821 emendatum
1592 2796 1639 2823 sit.

1600 2880 1638 2907 as

261 3332 273 3352 ἰι

25 3100 1973 3513 _
