3996 6208
1897 91 1912 122 \

509 318 645 376 1515
1489 319 1675 375 ACTA
1713 316 2242 376 DISPUTATIONIS
2287 318 2344 372 S.
2416 317 2756 374 ARCHELAI
3590 324 3728 380 isto

503 437 702 491 minem
735 433 921 504 :quod
956 432 1096 488 absit
1132 433 1200 488 ab
1235 449 1560 509 unoquoque
1593 437 1826 492 ﬁdelium
1851 437 2048 493 dicere.
2080 441 2126 499 Α
2153 436 2320 506 poris,
2356 436 2635 506 cooperire
2677 444 2730 491 te
2780 446 2831 491 et
2877 437 3213 495 circumdare
3244 449 3453 510 potest;
3493 450 3552 498 tu
3593 460 3731 501 vero

505 528 628 584 llaec
662 525 904 596 alioquin
935 524 1230 580 secundum
1267 536 1317 581 te
1349 528 1414 581 ad
1456 527 1729 581 somnium
1778 528 1934 583 nobis
1978 543 2064 582 re—
2164 544 2312 593 eum,
2340 529 2445 583 etsi.
2471 529 2893 596 conculcavcris,
2930 529 3066 584 nihil
3094 530 3262 586 laedis.
3297 532 3560 592 Dominus
3594 554 3727 593 vero

502 622 664 674 deant
695 618 970 683 universa,
1019 625 1072 673 et
1097 618 1326 688 ﬁguras;
1360 633 1466 672 non
1510 619 1688 673 solum
1739 628 1938 685 autem,
1971 619 2064 674 sed
2163 635 2317 674 meus
2347 618 2524 686 Jesus,
2564 618 2610 674 si
2658 627 2837 674 tentus
2871 630 2974 687 est,
3013 629 3073 675 ut
3104 621 3266 677 homo
3305 623 3374 679 ab
3412 624 3729 684 hominibus

502 711 767 765 adventus
809 723 1004 765 nomen
1053 709 1349 776 delebitur;
1387 719 1595 780 poterat
1634 711 1779 765 enim
1829 712 1884 765 in
1926 711 2064 766 cm’lo
2163 719 2340 766 tentus
2361 719 2462 765 est.
2498 708 2554 764 Si
2581 725 2690 765 non
2722 720 2807 766 est
2839 711 3021 780 homo,
3053 727 3154 769 nec
3184 722 3364 770 tentus
3390 725 3492 771 est.
3527 716 3588 772 Si
3612 736 3725 775 non

500 801 713 870 positus
737 799 916 856 facere
952 815 1072 870 qua:
1110 801 1371 866 voluerat,
1400 799 1446 854 si
1486 798 1744 868 Spiritum
1772 814 1893 853 eum
1918 814 2060 862 esse,
2162 814 2244 857 est
2273 811 2469 869 tentus,
2516 817 2615 857 nec
2650 817 2844 872 passus
2882 815 2997 869 est,
3036 819 3136 860 nec
3175 804 3476 875 baptizatus
3518 819 3623 865 est.
3665 811 3729 866 Si

500 903 690 948 etnon
720 893 1014 958 hominem,
1048 893 1214 948 dices.
1264 891 1370 946 Sed
1408 907 1516 946 non
1556 893 1628 946 ita
1666 901 1769 956 est,
1803 892 2062 962 quoniam
2162 896 2252 950 ille
2290 909 2398 950 non
2431 904 2515 950 est
2555 893 2877 966 baptizatus,
2919 911 3094 966 neque
3139 900 3426 970 quisquam
3472 912 3726 958 nostrum

507 1005 524 1038 ι
557 983 1643 1056 exinanivitsemetipsum,formam'servi
1667 986 1938 1056 accipiens
1960 987 2056 1052 ";i
2161 987 2462 1057 baptizatus
2493 997 2593 1043 est.
2633 986 2904 1058 Baptisma
2933 997 3111 1045 autem
3143 990 3189 1046 si
3220 1005 3326 1045 non
3351 1001 3458 1059 est,
3491 1009 3593 1048 nec
3619 996 3727 1049 erit

500 1079 622 1134 dico
653 1087 832 1134 autem
861 1079 926 1133 de
957 1094 1043 1145 eo,
1087 1079 1177 1148 qui
1227 1094 1292 1133 ex
1341 1077 1505 1132 Maria
1553 1077 1727 1133 factus
1765 1077 2058 1134 est'homo.
2161 1079 2408 1134 remissio
2430 1079 2913 1150 peccatorum;sed
2943 1080 2997 1162 in
3022 1081 3137 1136 suis
3159 1083 3394 1151 peccatis
3419 1088 3723 1154 unusquis-

501 1172 641 1238 Quid
676 1171 862 1224 enim?
887 1186 992 1225 non
1021 1179 1328 1240 poteramus
1352 1180 1404 1225 et
1429 1186 1529 1226 nos
1573 1171 1742 1224 multo
1769 1169 1981 1226 facilius
2009 1179 2062 1226 et
2159 1185 2265 1240 que
2312 1171 2589 1225 morietur.
2625 1169 2808 1224 Manes
2843 1170 3022 1224 dixit:
3046 1169 3187 1242 Ergo
3209 1171 3476 1242 baptisma
3499 1185 3724 1246 propter

499 1263 662 1316 latius
695 1263 796 1317 ista
833 1262 1104 1316 narrare?
1127 1262 1227 1316 Sed
1261 1248 1490 1317 absit'ut
1516 1277 1545 1316 a
1578 1261 1802 1317 veritate
1827 1263 2061 1318 decline-
2161 1262 2532 1316 remissionem
2582 1272 2924 1331 peccatorum
2973 1261 3166 1318 datur?
3203 1263 3489 1318 Archelaus
3539 1268 3678 1321 dixit
3700 1285 3721 1323 :

499 1363 621 1402 mus
659 1349 768 1403 iota
811 1364 1002 1416 unum,
1044 1357 1137 1403 aut
1179 1366 1344 1404 unum
1390 1351 1617 1420 apicem.
1651 1350 1746 1405 Est
1783 1352 1928 1406 enim
1966 1353 2059 1422 qui
2160 1349 2355 1404 Etiam.
2393 1351 2572 1406 Manes
2615 1352 2749 1404 dixit
2775 1368 2793 1405 :
2837 1351 2978 1423 Ergo
3008 1354 3250 1423 peccavit
3279 1354 3554 1423 Christus,
3591 1359 3723 1428 quia

497 1439 562 1494 de
591 1439 755 1494 Maria
782 1450 941 1496 natus
971 1450 1053 1495 est
1087 1440 1278 1508 Filius,
1311 1441 1404 1510 qui
1438 1450 1607 1495 totum
1655 1443 1758 1497 hoc
1800 1458 1908 1512 quo
1944 1443 2056 1513 (78)
2157 1441 2462 1512 baptizatus
2493 1443 2612 1498 est?
2642 1443 2929 1498 Archelaus
2960 1446 3096 1499 dixit
3121 1461 3140 1499 :
3164 1445 3344 1514 Absit;
3375 1447 3508 1518 quin
3537 1451 3726 1519 potius

498 1547 753 1602 magnum
792 1541 874 1586 est
914 1531 1085 1586 voluit
1117 1530 1356 1601 perferre
1400 1541 1692 1597 certamen,
1741 1529 1921 1586 Jesus.
1960 1530 2059 1588 Hic
2156 1548 2255 1602 pro
2287 1534 2441 1590 nobis
2472 1544 2752 1605 peccatum
2791 1536 2966 1592 factus
3003 1548 3106 1601 est,
3153 1546 3338 1593 nostra
3373 1549 3599 1608 peccata
3625 1557 3723 1596 su-

495 1631 579 1677 cst
603 1623 851 1680 Christus
879 1623 994 1690 Dei,
1045 1623 1138 1694 qui
1180 1622 1454 1679 descendit
1497 1638 1660 1693 super
1689 1638 1813 1678 eum
1856 1624 1948 1693 qui
1991 1624 2057 1678 de
2157 1625 2393 1695 scipiens
2415 1627 2493 1694 '°;
2517 1637 2735 1698 propter
2756 1628 2868 1700 (80)
2901 1629 3046 1699 quod
3077 1645 3145 1685 ex
3170 1629 3394 1685 muliere
3424 1640 3717 1697 natusest,

494 1717 662 1772 Maria
709 1725 810 1774 est.
859 1715 1013 1782 Quod
1063 1717 1108 1772 si
1158 1731 1266 1770 non
1319 1715 1494 1770 credis
1547 1731 1720 1785 neque
1768 1715 1885 1770 voci
1938 1731 2057 1786 quae
2090 1781 2126 1792 _
2155 1724 2208 1769 et
2246 1725 2461 1786 propter
2489 1719 2632 1787 quod
2663 1719 2730 1773 ad
2762 1719 3024 1791 baptisma
3059 1719 3226 1788 venit,
3250 1728 3310 1774 ut
3345 1721 3506 1791 hujus
3545 1725 3724 1792 partis

494 1810 708 1866 coalitus
734 1781 1023 1876 factaiest,
1063 1809 1409 1864 temerarium
1446 1781 1661 1879 aliquod
1713 1811 1825 1879 ipse
1857 1781 2057 1880 produ—
2087 1781 2128 1832 Β
2157 1781 2455 1875 perciperet
2481 1781 2931 1877 puriﬁcationem,
2963 1819 3024 1864 ut
3065 1781 3325 1880 Spiritum
3351 1781 3446 1881 quvi
3481 1781 3719 1895 descen:

494 1903 605 1968 cis;
640 1911 715 1966 et,
752 1903 799 1956 si
847 1901 1070 1966 dixeris,
1123 1916 1282 1955 nemo
1331 1901 1533 1956 credet.
1580 1900 1771 1955 Statim
1817 1902 1960 1955 enim
2002 1901 2056 1954 in
2155 1896 2306 1951 derat
2335 1897 2389 1950 in
2431 1898 2610 1968 specie
2640 1900 2929 1968 columbae,
2965 1916 3162 1971 corpus
3191 1901 3335 1972 quod
3375 1911 3720 1973 susceperat,

492 1995 765 2049 desertum
788 2009 819 2047 a
841 1993 1031 2064 spiritu
1057 1993 1248 2048 ductus
1287 2002 1370 2048 est
1409 1991 1586 2057 Jesus,
1615 2003 1672 2048 ut
1698 2001 1998 2048 tentaretur
2025 2009 2055 2047 a
2153 1997 2366 2057 portare
2393 1990 2582 2058 possit.

491 2085 726 2152 diabolo,
767 2101 928 2156 quem
958 2101 1080 2140 cum
1115 2083 1364 2140 diabolus
1408 2085 1698 2155 ignoraret,
1729 2085 1938 2140 dicebat
1963 2084 2010 2138 ei
2039 2102 2051 2136 :
2224 2080 2310 2136 LI.
2349 2081 2474 2139 Haec
2519 2100 2640 2140 cum
2671 2085 2895 2142 dixisset
2918 2085 3238 2154 Archelaus,
3263 2087 3544 2143 admirata:
3585 2099 3718 2146 sunt

497 2198 516 2230 ι
549 2177 606 2232 Si
643 2177 813 2233 Filius
855 2193 914 2233 es
961 2176 1056 2231 Dei
1107 2178 1168 2232 ’⁷.
1212 2196 1230 2228 ι
1277 2176 1562 2246 lgnorabat
1617 2186 1797 2232 autem
1841 2188 2054 2249 propter
2153 2174 2325 2228 turbae
2349 2175 2629 2231 veritatem
2661 2177 2916 2232 doctrina;
2941 2178 3085 2248 ejus,
3113 2187 3166 2233 et
3196 2179 3384 2234 laudes
3412 2179 3461 2234 ei
3490 2180 3720 2235 immen-

491 2269 620 2338 quid
655 2269 932 2340 genuisset
967 2267 1161 2322 Filium
1197 2269 1312 2334 Dei,
1343 2270 1435 2338 qui
1469 2270 1793 2338 praedicabat
1826 2287 2049 2340 regnum
2153 2280 2241 2320 sas
2271 2280 2396 2320 cum
2425 2267 2755 2323 clamoribus
2789 2267 3170 2330 reddiderunt;
3209 2269 3280 2323 ita
3318 2279 3377 2325 ut
3403 2272 3556 2325 omni
3601 2282 3715 2326 stu—

493 2361 778 2424 etelorum,
807 2361 954 2432 quod
977 2369 1096 2415 erat
1124 2360 1236 2429 (79)
1262 2359 1628 2414 habitaculum
1653 2376 1928 2431 magnum,
1953 2377 2050 2417 nec
2152 2355 2244 2410 dio
2274 2370 2600 2412 conarentur
2625 2399 2640 2424 ,
2692 2368 2746 2414 ct
2781 2359 2892 2430 (81)
2948 2360 3083 2414 ultra
3133 2361 3182 2414 ei
3230 2377 3335 2416 non
3365 2363 3615 2418 sinerent
3647 2365 3713 2418 ad

490 2452 558 2505 ab
591 2452 700 2506 ullo
746 2451 853 2506 alio
893 2451 1071 2521 parari
1121 2452 1429 2521 potuisset:
1463 2451 1605 2505 unde
1649 2450 1838 2506 aﬂixus
1877 2453 2044 2519 cruci,
2152 2447 2367 2516 propria
2422 2462 2660 2501 remeare
2711 2465 2723 2500 ε
2782 2455 2836 2501 et
2881 2456 3011 2503 tunc
3052 2449 3270 2518 Quidem
3314 2449 3709 2506 discesserunt.

489 2559 613 2598 cum
645 2542 1128 2598 resurrexisset'ab
1159 2541 1367 2606 inferis,
1418 2551 1729 2612 assumptus
1778 2551 1861 2598 est
1897 2543 2043 2609 illuc,
2149 2537 2344 2592 908188
2378 2553 2522 2599 VGFO.
2555 2539 2892 2608 congregatis
2916 2539 3332 2604 BiSiAPCbCIaUS
3359 2543 3712 2612 vaIIiescere

383 2695 398 2708 υ
490 2633 579 2688 ubi
612 2633 860 2688 Christus
886 2631 1058 2688 Filius
1097 2631 1188 2686 Dei
1216 2632 1502 2703 regnabat;
1538 2642 1597 2686 ut
1633 2649 1754 2688 cum
1778 2633 2044 2704 judicium
2149 2630 2273 2696 sibi,
2309 2640 2469 2701 atque
2493 2630 2680 2684 audire
2722 2631 2944 2684 verbum
2972 2631 3270 2686 suadebat:
3297 2648 3404 2687 non
3427 2634 3576 2688 enim
3609 2636 3710 2689 soli

489 2725 685 2780 habere
709 2725 952 2794 coeperit,
996 2725 1051 2778 hi
1099 2725 1192 2794 qui
1243 2725 1626 2794 ignoraverunt
1657 2742 1801 2794 eum,
1831 2727 2047 2782 videant
2146 2721 2236 2792 qui
2262 2737 2384 2776 cum
2421 2720 2654 2775 Diodoro
2678 2730 2852 2786 erant,
2883 2719 3175 2775 audiebant
3199 2737 3322 2776 cum
3344 2765 3358 2788 ,
3392 2724 3487 2779 sed
3518 2740 3713 2781 omnes

487 2835 647 2888 quem
679 2819 1188 2888 compunxerunt“.
1215 2817 1284 2873 Ut
1309 2827 1485 2873 autem
1514 2819 1724 2884 credas,
1744 2834 1865 2875 cum
1890 2820 2045 2875 disci-
2144 2815 2454 2884 quicunque
2487 2827 2554 2867 ex
2583 2811 2860 2881 provincia
2895 2811 3013 2880 ejus
3057 2813 3280 2868 aderant
3324 2823 3490 2884 atque
3522 2832 3591 2871 ex
3632 2819 3710 2870 vi-

485 2910 600 2978 puli
630 2909 748 2978 ejus
777 2924 870 2978 per
910 2924 1110 2962 annum
1158 2909 1424 2978 integrum
1463 2918 1780 2964 manserunt
1804 2925 1925 2966 cum
1955 2925 2039 2978 eo,
2143 2906 2281 2961 cinis
2325 2904 2494 2970 locis;
2545 2903 2795 2974 factoque
2826 2903 3076 2968 silentio,
3112 2905 3216 2960 hoc
3257 2907 3421 2961 modo
3453 2909 3524 2963 de
3552 2908 3712 2964 Mane

486 3015 654 3068 quare
693 3001 874 3054 nullus
911 3000 1152 3069 ipsorum
1183 3001 1422 3069 .procidit
1459 3017 1620 3072 super
1648 3002 1837 3058 faciem
1863 3019 2038 3070 suam,
2145 2998 2324 3052 dicere
2353 3011 2630 3066 aggressus
2660 3005 2774 3051 est:
2797 2993 3040 3061 Qualiter
3067 3010 3124 3050 se
3141 2995 3355 3065 quidem
3374 2997 3584 3053 habeat
3609 3015 3711 3054 no-

486 3093 628 3145 sicut
671 3093 832 3160 paulo
883 3101 1008 3146 ante
1058 3093 1296 3156 dicebas,
1347 3093 1439 3148 sed
1486 3095 1538 3147 in
1583 3109 1688 3148 una
1735 3098 1864 3152 liora
1913 3097 2002 3151 illa
2024 3139 2037 3162 ,
2071 3123 2112 3179 Ο
2146 3094 2258 3142 stra
2291 3085 2534 3140 doctrina
2569 3085 2832 3150 audistis,
2863 3094 2915 3140 et
2950 3085 3069 3140 lidei
3105 3095 3300 3140 nostrae
3330 3089 3706 3157 experimenta

485 3183 702 3253 quando
733 3184 876 3237 sicut
917 3184 998 3238 sol
1043 3183 1368 3252 resplenduit
1421 3187 1599 3240 vultus
1656 3187 1808 3255 ejus?
1859 3187 2046 3243 Nonne
2082 3176 2109 3179 ⁷
2146 3177 2418 3246 εωρίειίε;
2474 3185 2639 3244 Prom
2681 3176 2831 3245 Ροιυί
2861 3177 3005 3230 enim
3037 3177 3332 3247 intelligere
3361 3178 3703 3250 scripturas.

484 3283 702 3346 propter
744 3275 1109 3329 habitaculum
1161 3275 1322 3338 illud,
1365 3275 1509 3344 quod
1557 3293 1625 3330 ex
1659 3277 1826 3332 Maria
1871 3279 2044 3333 fuerat
2141 3283 2326 3322 00mm
2359 3267 2610 3321 omnibus
2649 3267 2802 3322 V'Obis
2829 3269 3074 3338 θΧΡοευί·
3127 3268 3228 3324 Sed
3257 3287 3400 3325 nunc
3432 3275 3706 3342 paucissi-

483 3368 771 3422 eti‘ectum?
803 3366 953 3421 Sicut
983 3367 1124 3420 enim
1154 3365 1415 3420 Paracleti
1449 3371 1656 3437 pondus
1691 3370 1870 3424 nullus
1901 3371 2041 3424 alius
2141 3373 2225 3412 me
2257 3357 2370 3427 (8⁸2)
2404 3357 2582 3412 dicere
2615 3357 2880 3412 νοιθηῑθῖη
2907 3359 3183 3428 δεῖνι-θεον.
3240 3369 3300 3414 ιη
3324 3377 3448 3415 cum
3481 3365 3705 3419 εῖὶεηιίο

482 3456 965 3521 νειυίι-ειιειιηετθ,
999 3456 1103 3510 nisi
1140 3455 1240 3509 soli
1274 3455 1545 3525 discipuli,
1579 3467 1634 3513 et
1674 3457 1873 3514 Paulus
1915 3461 2041 3515 hea-
2139 3449 2482 3515 audiatiswt
2504 3450 2830 3519 agnoscatis.
2865 3451 2956 3520 qui
2984 3451 3052 3505 sil
3081 3460 3135 3505 et
3164 3453 3304 3506 unde
3327 3462 3378 3506 et
3416 3455 3598 3523 qualis
3630 3458 3704 3512 sit

482 3560 600 3616 tus;
635 3550 707 3603 ita
733 3549 893 3603 etiam
927 3548 1188 3618 Spiritum
1229 3549 1324 3618 qui
1366 3550 1432 3604 de
1473 3551 1628 3606 Ctelis
1667 3550 2036 3620 descenderat,

2139 3539 2241 3594 iste
2265 3580 2280 3604 ,
2333 3540 2426 3611 qui
2473 3540 2723 3605 advenit,
2754 3542 2894 3596 sicut
2943 3541 3176 3596 Sisinius
3204 3544 3422 3613 quidam
3455 3562 3603 3602 unus
3632 3562 3699 3602 cx

482 3656 576 3710 per
615 3655 775 3710 quem
823 3654 926 3693 vox
968 3639 1196 3694 Paterna
1244 3649 1472 3694 testatur
1510 3640 1736 3695 dicens;
1773 3660 1788 3692 ι
1825 3640 1922 3696 Hic
1957 3653 2040 3698 es;
2137 3633 2428 3688 comitibus
2478 3633 2596 3702 ejus
2639 3633 2894 3688 indicavit
2921 3633 3074 3700 mihi,
3102 3649 3261 3703 quem
3290 3635 3452 3690 etiam
3481 3638 3597 3707 (85)
3629 3641 3699 3692 ad

480 3732 652 3786 Filius
687 3745 841 3786 meus
873 3731 1100 3786 dilectus
1125 3733 1188 3797 ",
1220 3748 1238 3783 ι
1282 3731 1461 3787 nullus
1490 3733 1626 3788 alius
1661 3743 1876 3802 portare
1903 3751 2038 3804 prte-
2138 3724 2508 3779 ῑθειίηὶυυίιηη
2556 3741 2744 3782 eorum
2778 3741 2898 3795 qua?
2923 3742 2950 3780 ³
2985 3742 3069 3782 me
3097 3727 3360 3793 dicemur.
3410 3730 3454 3783 Si
3497 3731 3694 3798 Placet.

479 3825 671 3890 valuit,
703 3824 809 3878 nisi
853 3825 943 3893 qui
988 3839 1054 3877 ex
1103 3823 1266 3877 Maria
1299 3833 1460 3879 natus
1502 3834 1603 3887 est,
1647 3840 1810 3894 super
1849 3842 2036 3881 omnes
2135 3831 2329 3871 vocare
2356 3825 2574 3886 paratus
2608 3833 2748 3873 sum.
2793 3817 2898 3872 Sed
2923 3835 2992 3874 ne
3019 3821 3134 3890 ipse
3155 3821 3371 3890 quidem
3398 3821 3579 3876 dicere
3611 3838 3673 3876 re

479 3925 697 3972 sanctos
717 3915 895 3972 Jesus.
923 3916 1027 3971 Sed
1055 3926 1107 3970 et
1129 3917 1195 3971 ad
1223 3917 1335 3970 haec
1359 3932 1480 3986 qua:
1505 3917 1721 3985 objicio,
1747 3919 2030 3988 responde.

2137 3908 2348 3962 cusavit
2374 3909 2486 3979 (84)
2515 3909 2699 3963 eadem
2737 3925 2858 3979 qua:
2883 3926 2981 3965 nos
3001 3913 3258 3978 dicimus,
3290 3921 3550 3982 praesente
3571 3911 3687 3965 Ma-

481 4009 540 4063 Si
570 4009 753 4063 habitu
781 4024 903 4064 eum
938 4018 992 4064 et
1021 4007 1200 4078 specie
1229 4009 1365 4063 dicis
1405 4024 1525 4063 esse
1568 4010 1860 4077 hominem,
1896 4026 2032 4078 quo-
2135 4015 2229 4065 n9;
2287 3999 2514 4055 credidit
2567 4000 2710 4055 enim
2750 4001 3013 4056 dOCil'iniB
3062 4012 3260 4058 ηοεῑΐαέ
3302 4005 3678 4073 supradictus.

478 4099 640 4152 modo
673 4098 859 4152 abhis
884 4097 978 4167 qui
1007 4112 1073 4168 ex
1102 4097 1218 4152 viro
1243 4107 1296 4150 et
1318 4098 1542 4151 muliere
1572 4098 1685 4152 nati
1720 4108 1864 4162 sunt,
1894 4097 2033 4152 Pha-
2133 4093 2272 4148 sicut
2301 4102 2354 4146 et
2383 4093 2522 4162 apud
2555 4108 2641 4147 me
2669 4093 2807 4148 alius
2833 4093 3015 4150 Turbo
3046 4096 3282 4149 nomine.
3331 4095 3684 4166 Quteeunque

476 4190 671 4257 risaais,
703 4189 874 4244 teneri
906 4189 1100 4258 potuit,
1133 4197 1187 4242 et
1216 4188 1282 4242 ad
1307 4188 1571 4257 judicium
1602 4189 1872 4258 protrahi;
1904 4205 2024 4244 cuni
2132 4200 2260 4254 ergo
2307 4184 2594 4240 contestati
2626 4195 2752 4240 sunt
2781 4186 2934 4254 mihi,
2968 4186 3060 4241 sed
3100 4197 3154 4242 et
3172 4201 3240 4242 ea
3282 4203 3404 4258 quae
3443 4204 3549 4243 nos
3584 4188 3694 4259 ipsi

477 4280 755 4350 spirituale
785 4294 979 4349 corpus
1005 4295 1034 4333 a
1061 4280 1425 4334 crassioribus
1458 4280 1776 4349 corporibus
1802 4296 1908 4334 non
1939 4297 2029 4334 va-
2131 4276 2578 4345 deprehendimus
2612 4277 2666 4331 in
2693 4277 2795 4332 hoc
2827 4279 2963 4342 viro,
2995 4294 3102 4333 non
3133 4278 3326 4333 faciam
3350 4279 3519 4334 latere
3547 4295 3692 4335 (ξοη-

476 4372 582 4425 leat
608 4371 1027 4442 comprehendi?
1055 4370 1210 4438 Quod
1251 4371 1297 4426 si
1339 4372 1505 4426 habes
1545 4371 1746 4442 aliquid
1775 4373 1918 4442 quod
1961 4374 2028 4426 ad
2133 4368 2408 4422 scientiam
2443 4377 2698 4422 vestram.
2735 4366 2888 4423 Tunc
2912 4385 3038 4423 vero
3059 4369 3231 4423 turbae
3251 4384 3314 4424 eo
3335 4369 3570 4439 amplius
3604 4371 3693 4423 in-

473 4463 697 4518 verbum
728 4472 887 4532 atque
908 4463 974 4517 ad
1003 4463 1339 4533 propositum
1368 4463 1715 4533 respondeas,
1759 4465 1852 4534 qui
1888 4481 2027 4518 nun-
2055 4465 2104 4523 D
2130 4461 2324 4525 citataz,
2358 4468 2691 4529 congregata;
2716 4468 2842 4514 sunt
2870 4461 2934 4514 ad
2970 4459 3295 4514 audiendum
3316 4460 3646 4514 Archelaum
3671 4481 3688 4527 ;

474 4571 634 4624 quam
690 4554 756 4608 ad
801 4557 1074 4624 proposita
1104 4554 1453 4624 respondisti,
1496 4569 1673 4625 perge,
1711 4571 1929 4625 qumso,
1969 4565 2024 4611 et
2127 4560 2321 4612 etenim
2353 4573 2415 4612 ea
2441 4573 2560 4627 qua:
2585 4557 2651 4611 ab
2675 4571 2740 4612 eo
2765 4557 3098 4620 dicebantur,
3117 4555 3401 4624 plurimam
3423 4555 3507 4610 eis
3531 4555 3692 4610 oble-

475 4648 731 4717 pugillum
763 4646 978 4716 plenum
1010 4647 1142 4701 solis
1175 4647 1306 4700 mihi
1333 4647 1482 4711 aﬂ‘er,
1521 4657 1614 4700 aut
1645 4649 1882 4702 modium
1910 4651 2023 4718 ple-
2128 4649 2416 4703 ctationem
2445 4649 2784 4718 prabebant;
2819 4656 3034 4717 propter
3064 4645 3209 4716 quod
3236 4653 3290 4699 et
3313 4647 3559 4701 certatim
3585 4649 3693 4701 ad-

472 4737 642 4792 num?
669 4735 784 4805 Ipse
811 4749 936 4790 vero
965 4735 1044 4790 sol
1075 4750 1173 4806 pro
1201 4751 1266 4790 eo
1301 4736 1443 4805 quod
1473 4737 1769 4793 subtilioris
1795 4749 1879 4794 est
1900 4755 2021 4794 cor-
2128 4741 2479 4795 hortabantur
2507 4755 2630 4794 eum
2657 4740 2835 4794 dicere
2859 4753 3192 4809 quaecunque
3222 4737 3398 4802 vellet,
3417 4753 3694 4809 quascun-

544 4901 585 4929 "
623 4897 819 4969 Philip.
858 4914 914 4964 ll,
948 4899 997 4951 7.
1076 4899 1117 4930 ¹⁷
1155 4898 1342 4954 Matth.
1393 4917 1465 4966 iv,
1521 4902 1572 4956 1.
1678 4903 1720 4934 ’⁸
1755 4902 1949 4958 Joann.
1993 4922 2080 4959 nx
2105 4949 2118 4973 ,

1875 4921 1949 4958 ιιι.
1993 4922 2118 4973 nx,
2157 4906 2259 4960 -57,
2357 4908 2398 4939 η
2451 4905 2636 4960 Matth.
2672 4921 2752 4970 Ill,
2793 4905 2878 4960 17.
2983 4906 3027 4936 ⁸⁸
3068 4904 3108 4958 ll
3133 4905 3260 4960 Cor.
3287 4919 3338 4968 v,
3363 4903 3453 4956 21.

535 5059 648 5136 (ῖξ)
687 5059 866 5136 forte,
897 5061 1106 5136 «quod.
1142 5081 1160 5112 ι
1195 5091 1198 5094 ~
1430 5133 1440 5136 _
1675 5132 1685 5136 Α
1973 5134 1980 5136 Α
2157 5133 2166 5136 Α
2195 5064 2319 5136 (8i);
2350 5063 2413 5119 Et
2443 5065 2531 5118 hic
2559 5063 2842 5134 particula,
2882 5071 3010 5136 cet,
3047 5082 3064 5114 ι
3097 5063 3246 5136 deest
3277 5061 3549 5136 incedice
3574 5062 3692 5119 Ca-

539 5128 650 5198 (79)
690 5128 891 5204 Locum
931 5128 1074 5204 hunc
1107 5138 1290 5185 nostra
1322 5133 1632 5204 conjectura
1673 5132 1744 5186 ita
1776 5134 2014 5204 correxi-
2125 5128 2328 5189 sin'eiisi
2350 5176 2363 5199 ,
2395 5128 2763 5204 quam'tamen
2793 5133 3054 5188 orationis
3077 5135 3244 5188 series
3272 5132 3550 5188 evidenter
3581 5151 3689 5189 ex-

462 5216 610 5262 nius,
646 5209 703 5272 ut
732 5200 925 5272 aliquis
954 5200 1077 5272 inde
1103 5215 1296 5256 sensus
1324 5200 1635 5272 eliceretur;
1671 5218 1794 5256 nam
1823 5204 1877 5256 in
1905 5203 1978 5257 Ca
1997 5233 2012 5244 -
2119 5205 2311 5272 poscit.

461 5269 930 5341 sinensisrcodicis
954 5271 1180 5341 lectione
1210 5286 1401 5341 magna
1427 5271 1727 5326 obscuritas
1751 5287 1814 5325 ex
1850 5273 2013 5327 libra-
2119 5269 2136 5272 ’
2188 5273 2298 5341 (8'2)
2339 5271 2523 5332 Forte,
2558 5291 2576 5323 ‹
2614 5271 2960 5341 paucissima.
3000 5291 3018 5322 ι

462 5341 526 5414 rii
558 5340 832 5395 erroribus
863 5350 1082 5407 exorta;
1111 5340 1197 5414 _sic
1225 5339 1367 5397 enim
1407 5342 1666 5414 se_rl_i_abet
1693 5361 1707 5414 ς
1744 5361 1773 5414 «ν
1793 5345 2014 5414 lgnora-
2189 5339 2299 5413 (83)
2333 5341 2514 5414 Codex
2541 5339 2850 5396 Casiuensis
2877 5341 3026 5414 nullo
3055 5339 3412 5414 sensu‘habet
3431 5357 3451 5414 τ.
3479 5358 3501 5391 ς
3546 5340 3688 5414 Sisi-

461 5410 558 5482 bat
585 5418 764 5463 autem
793 5420 1008 5482 propter
1033 5412 1126 5480 qui
1154 5414 1426 5482 genuisset
1458 5411 1650 5466 Filium
1689 5413 1781 5467 Dei
1814 5409 2011 5482 przedi-
2122 5409 2248 5467 nius
2277 5409 2495 5482 quidam
2526 5427 2624 5465 vos
2654 5427 2716 5466 ex
2752 5411 3040 5466 comitibus
3075 5411 3193 5474 eius
3223 5409 3485 5465 indicavit
3519 5412 3681 5477 mihi,

460 5480 1184 5554 cabat_regiium_'cml_tirum,
1210 5484 1301 5553 qui
1330 5491 1463 5547 erat,
1497 5501 1529 5554 »ί
1547 5492 1650 5537 etc.
1815 5480 1830 5482 ’

1027 5480 1184 5554 irum,
1210 5484 1301 5553 qui
1330 5491 1463 5547 erat,
1497 5492 1650 5554 iietc.
1815 5480 1830 5482 ’
2117 5500 2236 5554 qua»
2259 5480 2416 5554 etiam
2454 5501 2482 5554 »ν
2503 5492 2605 5536 etc.

539 5548 651 5616 (80)
690 5547 746 5602 In
773 5552 955 5606 codice
986 5547 1291 5618 Casinensi,
1313 5567 1422 5622 quo
1452 5553 1533 5607 usi
1565 5568 1752 5607 sumus
1773 5595 1788 5619 ,
1823 5557 2014 5609 adver-

2133 5547 2150 5554 ’
2188 5554 2298 5622 (84)
2339 5552 2402 5604 Ει
2435 5553 2522 5606 hic
2559 5551 2963 5622 emendavimus
3003 5549 3561 5622 codicisiCasinensis
3597 5550 3681 5604 le—

464 5620 614 5674 h'ium
668 5630 946 5691 «propter
1002 5640 1019 5671 ι
1069 5620 1423 5689 desiderat—ur,
1474 5625 1565 5678 sed
1625 5624 1755 5678 illud
1801 5625 2007 5679 librarii
2119 5620 2371 5685 ctiOnem,
2405 5623 2477 5676 ita
2507 5637 2564 5675 sc
2597 5621 2914 5677 habentem:
2951 5639 2967 5673 ι
3003 5622 3115 5691 ipse
3137 5621 3351 5690 quidem
3380 5635 3465 5674 me
3490 5621 3681 5676 dicere

463 5688 750 5812 oscitqntia
798 5691 1055 5746 omissum
1091 5692 1257 5749 fuisse
1287 5688 1562 5763 sequentia
1611 5695 1752 5750 clare
1795 5696 2012 5751 demon-
2119 5695 2406 5758 recusavit,
2435 5711 2451 5743 ι
2488 5701 2586 5745 etc.

463 5774 612 5812 strati
642 5798 656 5812 .

463 5774 656 5819 Sll’illll.
