3996 6208
328 361 468 419 1517

1427 365 1572 422 (ΖοΜ
1602 365 1880 421 ΜΑΝΕἸἙ
1921 366 2452 422 ΠᾹΞΒΕΒΙΑΒΕΙΙΔ.

3415 367 3554 423 1518

329 499 440 554 que
489 484 746 548 sentiret;
791 491 1007 552 paratos
1054 498 1112 538 se
1160 482 1294 539 esse
1326 483 1393 537 ad
1444 484 1793 543 audiendum.
1846 495 1899 539 et
1927 491 1971 546 Α
2001 495 2058 539 ut
2100 495 2153 539 et
2192 485 2285 539 alii
2313 500 2501 538 omnes
2556 484 2720 553 hujus
2769 485 3038 554 dogmatis
3081 493 3423 540 sectatores:
3459 482 3554 555 qui

329 587 507 643 usque
551 571 618 625 ad
664 585 947 639 vesperum
982 586 1316 640 permanere,
1349 573 1512 626 etiam
1542 572 1786 628 accensis
1812 574 1888 627 lu-

330 667 591 729 minibus,
628 665 1068 734 pollicebantur:
1103 681 1333 736 quorum
1379 666 1723 720 animositate
1753 667 1890 721 inci-

329 767 474 812 tatus
528 756 830 811 Archelaus
879 771 1000 811 cum
1035 757 1183 812 omni
1225 756 1421 811 ﬁducia
1449 756 1628 811 dicere
1665 771 1892 812 exorsus

328 856 413 903 est
447 867 460 900 ε
492 846 607 900 Viri
667 844 894 907 fratres.
960 847 1266 917 superiores
1315 847 1530 916 quidem
1564 862 1758 903 causas
1797 846 1893 902 Do-

267 1003 272 1014 .
331 939 465 993 mini
499 939 606 993 mei
637 936 764 992 Jesu
798 938 1054 1003 audistis;
1106 937 1230 993 dico
1276 947 1455 993 autem
1499 952 1626 1002 eas,
1673 954 1794 1008 qua:
1825 952 1891 992 ex

334 1031 450 1098 lege
473 1037 529 1082 et
558 1028 840 1098 prophetis
866 1028 1213 1098 iudicantur;
1250 1027 1533 1082 inferiores
1567 1043 1694 1083 vero
1714 1028 1894 1082 Domi—

337 1120 393 1173 ni
427 1120 535 1172 mei
562 1116 690 1173 Jesu
722 1117 922 1173 Christi
981 1117 1280 1172 Salvatoris
1322 1117 1492 1172 nostri
1529 1134 1632 1171 non
1679 1117 1895 1186 ignora-

337 1213 426 1266 tis.
459 1209 564 1264 Sed
594 1210 722 1280 quid
755 1209 948 1278 plura?
994 1209 1255 1278 Appellati
1286 1223 1476 1263 sumus
1505 1223 1570 1262 ex
1600 1206 1894 1261 Salvatoris

339 1301 608 1356 desiderio
629 1300 947 1364 Christiani,
977 1301 1118 1354 sicut
1144 1301 1429 1354 universus
1457 1299 1605 1352 orbis
1629 1307 1893 1353 terrarum

340 1392 709 1446 te5timonium
737 1391 1002 1460 perhibet,
1033 1399 1194 1460 atque
1231 1389 1460 1460 apostoli
1486 1388 1744 1452 edocent;
1801 1387 1896 1442 sed

343 1492 394 1536 et
428 1482 664 1552 optimus
697 1482 1024 1536 architectus
1051 1481 1188 1550 ejus,
1220 1480 1626 1536 fundamentum
1658 1481 1770 1553 (85)
1799 1495 1896 1534 no-

341 1583 536 1638 strum,
569 1572 621 1626 id
650 1580 734 1626 est
759 1570 1042 1632 Ecclesiae,
1086 1570 1288 1626 Paulus
1318 1573 1498 1641 posuit
1525 1573 1564 1602 ἰ
1589 1614 1603 1637 ,
1642 1582 1695 1626 et
1725 1572 1893 1642 legem

339 1660 594 1727 tradidit,
630 1661 893 1715 ordinatis
918 1661 1029 1731 (86)
1057 1662 1342 1734 ministris,
1376 1673 1430 1718 et
1471 1664 1817 1736 presbyteris,
1845 1676 1898 1722 et

342 1753 614 1822 episcopis
639 1753 691 1806 iu
717 1767 779 1807 ea
801 1793 817 1818 ,
857 1752 1170 1808 describens
1217 1769 1311 1824 per
1338 1755 1450 1809 loca
1478 1757 1686 1826 singula
1708 1798 1722 1820 ,
1759 1775 1897 1827 quo-

343 1845 504 1898 modo
531 1853 585 1898 et
611 1844 844 1913 qualiter
872 1853 1117 1914 oporteat
1150 1846 1436 1902 ministros
1461 1847 1550 1903 Dei
1575 1890 1588 1909 ,
1634 1850 1821 1919 quales
1845 1861 1897 1904 ct

347 1936 580 2006 qualiter
609 1936 726 1991 ﬁeri
758 1937 1117 2007 presbyteros,
1167 1939 1460 2008 qualesque
1507 1955 1628 1995 esse
1672 1941 1898 1996 debeant

343 2027 436 2098 qui
481 2027 850 2097 episcopatum
882 2026 1222 2093 desiderant;
1278 2044 1399 2098 qua:
1429 2031 1609 2084 omnia
1641 2031 1774 2086 bene
1800 2048 1898 2086 no-

349 2118 433 2173 bis
465 2128 517 2174 et
545 2127 687 2174 recte
709 2118 987 2188 disposita,
1022 2133 1195 2188 usque
1224 2120 1277 2174 in
1311 2121 1649 2185 hodiernum,
1698 2117 1896 2178 statum

349 2225 509 2264 suum
539 2211 854 2265 custodiunt
879 2219 980 2273 ,Iet
1006 2221 1284 2280 permanet
1316 2212 1458 2282 apud
1489 2227 1588 2268 nos
1619 2213 1780 2282 hujus
1814 2230 1900 2269 re-

343 2303 482 2371 gula!
513 2303 816 2371 disciplina.
852 2301 1013 2358 lstius
1043 2317 1171 2358 vero
1201 2304 1294 2372 qui
1324 2320 1466 2360 nunc
1493 2306 1650 2361 nobis
1677 2321 1742 2360 ex
1765 2304 1896 2360 Per-

344 2409 530 2449 sarum
563 2395 837 2464 provincia
881 2393 1158 2459 ebullivit,
1207 2393 1388 2450 Manes
1418 2396 1657 2459 nomine,
1706 2396 1898 2450 adver-

345 2504 466 2543 sum
514 2504 674 2558 quem
720 2487 852 2541 mihi
893 2486 1186 2556 disputatio
1221 2488 1332 2556 jam
1363 2488 1601 2542 secundo
1632 2497 1897 2542 commota

343 2591 446 2647 est,
480 2597 649 2652 genus
680 2579 834 2634 vobis
865 2581 1061 2645 dicam,
1115 2589 1167 2633 ct
1195 2589 1403 2645 totum;
1460 2580 1551 2634 sed
1578 2589 1630 2634 et
1658 2579 1898 2635 doctrina

344 2673 464 2742 ejus
496 2674 637 2728 unde
664 2672 974 2737 descendat,
1005 2671 1334 2726 lucidissime
1356 2671 1760 2726 demonstrabo.
1797 2673 1899 2727 Iste

345 2783 453 2820 non
484 2778 569 2820 est
601 2767 808 2836 primus
837 2774 1025 2819 auctor
1059 2764 1430 2834 hujuscemodi
1473 2764 1765 2830 doctrinae,
1801 2779 1901 2818 nec

353 2860 538 2923 solus;
576 2858 667 2913 sed
692 2858 906 2927 quidam
931 2872 996 2911 ex
1029 2854 1270 2926 Scythia,
1301 2855 1628 2926 Seythianus
1659 2854 1769 2925 (87)
1799 2871 1898 2909 no-

352 2950 518 3014 mine,
556 2941 937 3018 apostolorum'
953 2956 1191 3015 tempore
1215 2947 1316 3001 fuit
1345 2956 1503 3002 secta:
1531 2947 1693 3016 hujus
1715 2956 1900 3001 auctor

352 3050 403 3094 et
429 3041 698 3110 princeps,
731 3040 872 3095 sicut
903 3049 955 3094 et
981 3039 1200 3092 fuerunt
1227 3048 1281 3092 et
1313 3039 1467 3092 multi
1501 3038 1590 3092 alii
1621 3047 1897 3107 apostatze,

349 3131 440 3201 qui
470 3130 734 3200 primatus
765 3131 868 3185 sibi
899 3131 1172 3185 vindicare
1203 3132 1501 3201 cupientes,
1525 3129 1659 3185 falsa
1683 3146 1779 3200 pro
1805 3146 1898 3186 ve-
1928 3161 1970 3218 ο

348 3224 423 3279 ris
457 3225 897 3294 conscripserunt
948 3223 1098 3294 (88),
1151 3223 1508 3294 simpliciores
1553 3238 1798 3293 quosque
1831 3223 1898 3278 ad

349 3328 501 3367 suam
549 3313 823 3368 libidinem
859 3322 1254 3384 pervertentes;
1304 3329 1535 3384 quorum
1580 3315 1796 3367 nomina
1847 3320 1901 3367 et

347 3405 597 3474 perﬁdias
642 3405 822 3459 dicere
865 3420 1012 3459 nunc
1050 3413 1261 3474 tempus
1303 3421 1411 3460 non
1443 3405 1590 3460 sinit.
1653 3405 1751 3462 llic
1779 3420 1904 3476 ergo

353 3491 680 3563 Scythianus
720 3491 1032 3546 dualitatem
1085 3492 1246 3547 istam
1283 3494 1574 3548 introducit
1614 3494 1724 3564 (89)
1777 3511 1905 3549 con-

348 3583 568 3638 trariam
606 3583 745 3650 sibi;
789 3583 932 3653 quod
976 3583 1090 3651 ipse
1127 3599 1154 3637 a
1184 3583 1486 3652 Pythagora
1507 3586 1764 3655 suscepit,
1796 3586 1902 3641 sic-

417 3697 461 3728 “
490 3692 743 3755 lCor.m.
766 3695 851 3750 to.

419 3809 531 3881 (85)
570 3809 751 3883 Codex
788 3810 1104 3883 Casinensis
1135 3829 1147 3864 :
1191 3831 1208 3862 σ
1242 3811 1346 3866 Sed
1377 3821 1430 3867 et
1457 3813 1691 3883 optimos
1728 3815 1904 3868 archi-

353 3879 523 3934 tectos
573 3881 622 3934 ei
672 3879 1116 3951 fundamentum,
1159 3901 1176 3933 ι
1207 3883 1364 3951 cujus
1409 3879 1748 3938 manifestam
1780 3899 1903 3940 coro

351 3952 653 4020 ruptionem
686 3950 895 4004 modica
925 3953 1224 4006 mutatione
1255 3950 1594 4007 sustulimus.

422 4019 533 4092 (86)
573 4019 748 4092 Locus
777 4023 1048 4092 notandus
1077 4021 1142 4075 de
1173 4023 1487 4092 hierarchite
1522 4023 1905 4080 ecclesiasticae

351 4090 540 4148 ordine
557 4090 624 4143 ab
643 4091 903 4163 apostolis
929 4091 1196 4146 instituto.
1233 4091 1528 4162 Episcopos
1553 4103 1753 4155 autem,
1784 4110 1905 4163 pre-

351 4165 608 4233 sbyteros
628 4171 681 4233 et
714 4161 1017 4233 ministros_
1045 4169 1252 4216 tantum
1285 4161 1858 4220 nctnittat'At'clielaus
1885 4184 1898 4231 ;

350 4230 490 4301 t‘lu'od
539 4230 950 4301 ministrorum,
1005 4231 1107 4285 hoc
1151 4240 1235 4286 est
1288 4233 1638 4287 diaconorum
1689 4235 1905 4290 nomine

353 4299 538 4355 munes
594 4299 734 4354 infra
783 4302 1211 4371 presbyteratum
1266 4303 1480 4357 ordines
1539 4305 1900 4371 antiquissimi

352 4371 539 4426 Patres
589 4371 1046 4438 comprehendere
1097 4373 1478 4426 consueverint
1513 4391 1525 4426 :
1555 4375 1626 4427 ita
1655 4371 1902 4429 Clemens

347 4439 865 4512 Alexandrinuslib.
900 4457 952 4494 γι
979 4438 1323 4512 Sit-amatum,
1363 4457 1479 4512 pag.
1519 4442 1654 4509 667;
1688 4444 1900 4498 Tertul-

1991 591 2178 630 omnes
2228 576 2542 631 dualitatem
2593 575 2908 639 defendunt,
2940 577 3274 631 declinantes
3301 575 3552 645 Scriptu-

1992 683 2066 721 ra:
2093 667 2234 719 viam
2261 667 2556 731 directam;
2594 666 2685 721 sed
2719 681 2824 719 non
2857 667 2910 719 in
2939 668 3170 736 amplius
3201 669 3501 738 proficient.

2068 757 2176 812 LII.
2221 756 2412 812 Nullus
2443 771 2619 812 tamen
2653 759 2724 812 ita
2749 759 3086 828 impudenter
3112 759 3389 828 praevaluit
3412 759 3550 814 sicut

1994 852 2094 905 iste
2125 849 2472 922 Scytbianus.
2531 851 2850 905 Inimicitias
2879 851 3023 904 enim
3075 853 3211 904 inter
3241 851 3378 906 duos
3405 852 3556 920 inge-

1994 942 2140 996 nilos
2183 942 2519 1005 introduxit,
2573 953 2627 997 et
2677 944 2858 996 omnia
2908 945 3020 996 bare
3062 958 3182 1012 qua:
3211 956 3553 1012 consequun-

1993 1042 2081 1086 tur
2111 1032 2225 1101 (90)
2263 1033 2634 1103 hujuscemodi
2671 1032 3044 1086 assertionem.
3075 1031 3284 1102 Quique
3311 1031 3554 1102 Scythia-

1996 1139 2100 1178 nus
2133 1123 2247 1192 ipse
2272 1139 2333 1177 ex
2367 1138 2563 1194 genere
2614 1123 3009 1176 Saracenorum
3046 1123 3165 1187 fuit,
3205 1131 3258 1176 et
3287 1123 3554 1191 captivam

1995 1215 2287 1284 quamdam
2336 1215 2543 1283 accepit
2592 1228 2814 1268 uxorem
2848 1215 2915 1268 de
2943 1215 3219 1280 superiore
3261 1211 3552 1278 Thebaide,

1993 1321 2116 1376 quae
2143 1320 2265 1361 eum
2295 1307 2467 1360 suasit
2498 1305 2740 1360 habitare
2773 1307 2824 1358 in
2849 1304 3078 1376 Egypto
3108 1306 3278 1376 magis
3311 1321 3472 1372 quam
3499 1306 3552 1360 in

1995 1398 2245 1452 desertis.
2313 1397 2488 1467 Atque
2511 1398 2717 1452 utinam
2754 1413 3030 1467 nunquam
3064 1413 3184 1451 eutn
3215 1398 3303 1451 illa
3336 1399 3557 1462 provin-

1995 1487 2077 1540 cia
2107 1488 2461 1558 suscepisset,
2499 1489 2555 1541 in
2599 1501 2704 1556 qua
2750 1499 2872 1538 cum
2922 1497 3048 1536 cum
3095 1483 3395 1551 habitaret,
3431 1502 3556 1543 cum

1999 1578 2376 1649 Egyptiorum
2401 1577 2718 1648 sapientiam
2753 1577 3030 1632 didicisset
3056 1575 3202 1646 (9i);
3238 1587 3352 1632 erat
3385 1579 3554 1642 enim,

1998 1679 2057 1722 ut
2083 1669 2227 1740 quod
2256 1683 2441 1722 verum
2466 1677 2549 1722 est
2574 1667 2823 1721 dicamus
2844 1707 2858 1730 ,
2893 1666 3046 1721 valde
3080 1668 3229 1720 dives
3258 1665 3473 1735 ingenio
3503 1673 3559 1720 et

1999 1763 2210 1834 opibus,
2242 1762 2382 1818 sicut
2417 1761 2469 1815 bi
2494 1761 2588 1830 qui
2626 1759 2867 1814 sciebant
2899 1773 3044 1821 eum,
3085 1773 3180 1826 per
3214 1755 3554 1810 traditionem

1931 1827 1973 1882 Β
1999 1827 2157 1910 nobis
2199 1827 2420 1924 quoque
2469 1827 2740 1907 testificati
2788 1860 2934 1903 sunt.
3002 1847 3334 1917 Discipulum
3377 1856 3555 1901 autem

1999 1947 2188 2002 habuit
2234 1944 2555 2016 quemdam,
2609 1943 2824 2002 nomine
2855 1940 3241 2008 Tcrebintbum
3277 1939 3419 2008 (9‘2),
3464 1939 3558 2010 qui

1999 2039 2215 2108 scripsit
2241 2038 2290 2091 ei
2315 2044 2550 2106 quatuor
2579 2033 2781 2095 libros;
2808 2047 2874 2087 es
2907 2033 3108 2102 quibus
3137 2046 3304 2086 unum
3339 2029 3558 2100 quidem

1996 2130 2286 2200 appellavit
2339 2127 2731 2197 Mysteriorum,
2781 2125 2945 2178 alium
2993 2139 3120 2178 vero
3171 2121 3558 2192 Cupitulorum,

1999 2225 2215 2278 tertium
2240 2232 2418 2276 autem
2445 2218 2820 2288 Evangelium;
2842 2225 2894 2270 ct
2915 2215 3269 2269 novissimum
3293 2212 3559 2276 omnium,

2004 2314 2324 2368 Thesaurum
2361 2309 2646 2381 appellavit
2678 2327 2691 2362 :
2734 2317 2787 2362 et
2825 2315 2980 2361 erant
3023 2306 3071 2359 ei
3107 2304 3193 2358 isti
3225 2313 3459 2374 quatuor
3492 2301 3559 2357 li-

1998 2405 2112 2471 bri,
2166 2415 2220 2459 ct
2264 2419 2405 2457 unus
2447 2399 2748 2470 discipulus
2776 2397 2992 2452 nomine
3033 2395 3393 2450 Terebinthus
3421 2394 3557 2465 (93).

1999 2497 2135 2562 Quia
2167 2510 2294 2566 ergo
2321 2493 2655 2563 aliquantum
2682 2489 2938 2559 temporis
2962 2503 3144 2542 secum
3166 2486 3253 2541 isti
3278 2485 3438 2540 ambo
3462 2487 3550 2540 de.-

1999 2597 2280 2643 creverant
2311 2586 2413 2640 soli
2447 2584 2729 2649 habitare;
2777 2581 2982 2652 placuit
3011 2578 3306 2651 Scytbiano
3350 2577 3558 2632 discur-

1999 2692 2118 2731 rere
2145 2673 2197 2729 in
2223 2674 2482 2739 Judzeam,
2521 2683 2580 2726 ut
2607 2672 2679 2727 ibi
2709 2669 3128 2740 congrederetur
3160 2684 3282 2723 cum
3303 2667 3560 2721 omnibus

2000 2769 2310 2837 quicunque
2358 2766 2428 2820 ibi
2472 2764 2792 2819 videbantur
2816 2779 2935 2818 esse
2963 2761 3211 2816 doctores
3247 2780 3258 2814 :
3295 2768 3347 2814 et
3377 2775 3548 2828 perve~

2000 2858 2081 2910 nit
2105 2871 2229 2910 eum
2257 2855 2518 2908 continuo
2549 2853 2659 2907 vita
2694 2851 2936 2922 defungi,
2967 2867 3065 2906 nec
3095 2850 3336 2920 potuisse
3357 2848 3558 2918 aliquid

2002 2963 2338 3017 promovere.
2387 2944 2480 3000 Ille
2505 2959 2632 2998 vero
2663 2943 2964 3012 discipulus
2991 2943 3084 3012 qui
3121 2958 3244 2996 cum
3279 2956 3344 2996 eo
3388 2939 3560 2994 fuerat

2001 3048 2373 3103 conversatus,
2423 3037 2475 3090 in
2518 3035 2698 3106 fugam
2735 3050 2924 3089 versus
2957 3040 3040 3087 est
3071 3032 3213 3102 (94),
3245 3039 3298 3086 et
3329 3029 3558 3100 Babylo-

2001 3129 2147 3184 niam
2177 3126 2325 3200 petiit
2352 3169 2366 3194 ,
2415 3141 2536 3196 qua:
2580 3140 2726 3180 nunc
2757 3123 3032 3194 provincia
3062 3122 3290 3176 habetur
3325 3132 3355 3170 τι
3382 3116 3562 3174 Persis

2003 3220 2144 3290 (95),
2178 3233 2404 3290 quaeque
2428 3218 2580 3272 abest
2604 3232 2748 3271 nunc
2777 3231 2807 3269 a
2839 3215 2973 3269 locis
3000 3213 3196 3268 nostris
3224 3212 3417 3266 itinere
3441 3211 3560 3266 dic-

2003 3330 2124 3370 rum
2153 3322 2205 3369 et
2233 3311 2472 3366 noctium
2505 3309 2673 3364 ferme
2699 3323 2792 3363 sex
2820 3323 2836 3359 ε
2873 3319 2982 3376 quo
3017 3319 3140 3360 cum
3185 3303 3440 3370 venisset,
3474 3311 3558 3358 ta-

2003 3407 2108 3461 lem
2158 3406 2224 3458 de
2276 3418 2333 3457 se
2383 3401 2581 3456 famam
2637 3397 2966 3469 pervulgavit
3021 3395 3134 3465 ipse
3181 3393 3562 3462 Terebinthus,

2003 3498 2188 3553 dicens
2220 3494 2368 3548 omni
2399 3508 2456 3547 se
2482 3491 2744 3561 sapientia
2781 3487 3152 3559 Aigyptiorum
3183 3487 3478 3557 repletum,
3509 3495 3560 3541 et

2004 3586 2184 3641 vocari
2211 3601 2316 3638 non
2329 3584 2440 3653 jam
2460 3580 2866 3643 Terebiutbum,
2890 3578 2982 3633 sed
3006 3578 3170 3632 aliutn
3190 3577 3301 3648 (96)
3324 3576 3561 3633 Buddatn

2005 3812 2124 3866 Vat.
2149 3851 2164 3876 ,
2217 3828 2235 3860 ι
2286 3809 2339 3862 in
2380 3821 2485 3876 qua
2517 3819 2639 3859 cum
2668 3801 2968 3876 habitaret,
3017 3812 3068 3855 et
3102 3799 3499 3876 Egyptiorum.
3539 3819 3557 3849 ι

2004 3883 2126 3936 Mox
2153 3871 2312 3943 ibid.,
2349 3895 2366 3928 t
2399 3871 2580 3931 testati
2618 3883 2764 3936 sunt,
2808 3891 2826 3924 ι
2867 3874 2963 3943 pro
2999 3890 3015 3920 α
3055 3871 3558 3943 trstillcati_sunt.__t

2075 3950 2185 4020 (92)
2225 3939 2407 4020 Ethic
2437 3939 2880 4020 manifestus__est
2905 3941 3290 4020 libr_a_rii_error
3325 3940 3376 3992 in
3406 3939 3562 3994 codi-

2005 4010 2414 4080 ceCaSinensi,
2453 4018 2505 4069 in
2536 4030 2642 4084 quo
2669 4013 2922 4069 scribitur
2954 4031 2973 4084 ε
3009 4010 3341 4084 Tel-bouem;
3381 4028 3399 4060 υ
3439 4025 3562 4062 nam

2003 4091 2238 4162 Cyrillus
2265 4081 2781 4162 llierosolytinitanus
2809 4082 3147 4162 catechesif,
3176 4091 3228 4162 et_
3374 4095 3565 4135 omnes

2005 4150 2291 4234 Τέρόιγοογ
2335 4177 2380 4234 __t
2418 4150 2802 4234 'l‘ct7liintltttttt,
2838 4172 2869 4234 »ν
2898 4167 2990 4234 seu
3018 4171 3044 4232 μ
3080 4150 3557 4234 Τᾳιςρὺίηιιιυηιξ.»

2007 4220 2284 4304 Sc'ythiani
2318 4228 2639 4297 discipulum
2673 4224 2896 4278 faciunt.
2929 4221 3068 4288 Quin
3095 4231 3148 4275 et
3175 4222 3226 4275 in
3259 4235 3411 4342 se.th
3441 4220 3562 4274 ubi-

2007 4320 2110 4342 nun
2143 4322 2160 4342 ι
2199 4300 2528 4342 Τρι-ρνριιιιις
2568 4317 2584 4342 ι
2621 4295 2896 4342 scribitur-
2936 4292 3089 4342 ()uod
3114 4307 3242 4342 vero
3270 4302 3343 4342 att
3416 4292 3562 4342 rebe-

2005 4292 2110 4372 qtte
2143 4322 2160 4353 ε
2199 4292 2528 4372 Τετεεειιιὶιβ
2568 4317 2584 4348 ι
2621 4295 2896 4372 scribitur.
2936 4292 3095 4372 Quod
3114 4293 3343 4372 vcroait
3366 4292 3567 4345 Arche-

2006 4362 2144 4436 laus,
2173 4372 2317 4425 hunc
2340 4369 2632 4439 Scythiano
2659 4365 2954 4439 scripsisse
2973 4371 3206 4439 quatuor
3235 4362 3400 4439 libros
3425 4376 3565 4431 quos

2007 4432 2272 4502 recenset,
2304 4432 2634 4494 contrarium
2669 4432 2957 4505 cstCyrilli
2989 4448 3112 4505 mox
3146 4432 3344 4485 laudati
3377 4446 3565 4485 narra-

351 4511 547 4576 lianus,
575 4508 651 4563 De
683 4511 960 4581 baptismo,
993 4509 1109 4580 ca’p.
1141 4511 1241 4572 t7;
1287 4504 1754 4581 0rigéxes,hoinil.
1782 4514 1816 4566 2
1847 4516 1898 4567 in
1931 4511 1975 4565 D
2005 4515 2163 4576 tioni,
2189 4513 2435 4580 aliisque,
2462 4509 2551 4577 qui
2583 4504 2934 4581 S_cyt_hi_auum
2963 4504 3136 4581 solum
3158 4517 3348 4581 eorum
3378 4509 3565 4555 aucto-

347 4581 546 4662 .lerctn.
579 4593 633 4634 et
661 4582 714 4634 in
753 4580 988 4636 Mattbaei
1031 4597 1150 4651 cap.
1196 4583 1294 4648 t9,
1344 4580 1465 4653 pag.
1498 4583 1630 4649 565,
1677 4592 1732 4638 et
1773 4585 1898 4638 alibi

371 4667 572 4705 taSSlm.

349 4667 672 4792 νδῗξῐῖῐῖορυί
695 4739 720 4792 γι
744 4718 1073 4792 Scythianus
1097 4739 1116 4772 ι
1147 4721 1287 4790 apud
1311 4735 1497 4775 omnes
1531 4721 1665 4777 alios
1695 4735 1900 4779 veteres

349 4793 440 4859 qui
468 4794 532 4844 de
562 4791 982 4846 Manichaeorum
1015 4792 1202 4845 interest
1238 4801 1553 4855 tractarunt,
1581 4793 1897 4860 appellatur,

350 4872 458 4932 tam
496 4861 581 4914 hic
605 4900 620 4922 ,
655 4875 817 4930 quam
849 4861 904 4914 in
928 4862 1283 4932 sequentibus
1325 4876 1352 4913 a
1385 4863 1544 4914 veteri
1591 4862 1897 4932 interprete.

355 4951 372 4980 ι
405 4931 697 4985 Scutianus
728 4949 745 4981 ι
777 4940 830 4984 et
871 4950 889 4982 ι
921 4930 1251 4985 Excutianus
1281 4949 1299 4979 ι
1337 4940 1592 4995 vocatur,
1639 4930 1744 4986 nisi
1777 4935 1898 4987 ubi-

350 5017 454 5068 que
489 5001 722 5068 imperiti
752 5001 957 5055 librarii
988 5001 1059 5055 sit
1085 5016 1252 5054 error.
1296 4999 1352 5053 In
1376 5001 1562 5055 codice
1590 5014 1767 5056 autem
1796 5019 1898 5058 ms.

353 5070 517 5141 ltegio
546 5071 908 5125 Alexandrino
933 5070 1050 5125 Vat.
1080 5071 1274 5134 legitur
1310 5089 1322 5123 :
1363 5089 1380 5120 ι
1419 5069 1672 5141 Quidam,
1696 5072 1893 5127 Stutia-

352 5140 456 5195 nus
488 5141 724 5204 nomine,
754 5143 848 5210 qui
872 5141 1260 5210 apostolorum,
1292 5159 1310 5192 ι
1338 5150 1442 5196 etc.
1483 5140 1571 5196 Sic
1597 5142 1734 5196 infra
1766 5160 1903 5198 scm-

349 5226 446 5279 per
477 5229 497 5261 ι
527 5210 832 5264 Stutianum
871 5230 889 5261 ι
931 5219 1104 5265 vocat.

423 5279 535 5353 (88)
575 5280 706 5334 Cod.
760 5279 1164 5352 Regius-Alex.
1214 5278 1358 5345 Vat.,
1412 5301 1430 5333 ι
1471 5281 1605 5338 falsa
1634 5298 1731 5353 pro
1759 5284 1901 5338 veris

348 5352 708 5406 confixerunt.
746 5369 764 5402 ι

443 5419 534 5490 89)
572 5419 753 5475 Codex
779 5420 1110 5486 Casinensis,
1146 5441 1165 5473 ι
1196 5422 1511 5478 introduxit.
1551 5443 1569 5474 ι

443 5489 535 5564 90)
577 5492 635 5564 In
680 5491 865 5546 eodem
895 5491 1098 5557 codice,
1153 5510 1171 5543 ι
1207 5507 1327 5561 qua:
1354 5509 1477 5549 eum
1509 5503 1834 5564 sequuntur.
1878 5514 1894 5544 ι

346 5560 486 5614 Mala
514 5560 692 5614 lectio.

419 5633 534 5699 (9t)
576 5629 956 5704 ﬂicrnonnulla
985 5635 1173 5690 deesse
1203 5635 1377 5704 palam
1404 5644 1502 5690 est.
1554 5632 1716 5689 Forte
1736 5652 1812 5704 ,Νι
1849 5634 1903 5687 in

348 5718 453 5770 qua
490 5717 612 5755 cum
645 5703 736 5775 diu
776 5703 1060 5770 habitaret,
1091 5703 1412 5775 depravatus
1439 5715 1706 5775 esthutn
1740 5703 1906 5775 Aﬂgy-

351 5775 583 5840 ptiorutn
611 5773 932 5844 sapientiam
956 5775 1245 5830 didicisset.
1282 5774 1510 5830 D—COtl.
1542 5774 1694 5845 Rt'g.,
1727 5773 1902 5842 Alei},

2002 4599 2114 4640 rem
2145 4570 2568 4653 agnoséutit.'—_-
2600 4570 2743 4653 Cod;
2766 4574 2920 4653 lleg.,
2955 4573 3129 4653 Alex"
3158 4570 3298 4653 Vah,
3333 4590 3350 4622 ι
3381 4587 3566 4641 quem-

2001 4644 2301 4719 datn,'qui
2345 4649 2580 4716 scripsit.
2623 4665 2640 4698 ι
2708 4644 2875 4700 Paulo
2919 4651 3073 4714 post,
3134 4664 3149 4693 α
3185 4645 3398 4698 tertium
3433 4657 3564 4695 vero

2002 4721 2371 4792 Evangelium.
2415 4737 2430 4770 ι

2075 4779 2185 4862 (95)
2224 4790 2405 4862 Codex
2451 4785 2580 4855 Reg.
2615 4785 2773 4862 Alex.
2809 4781 2930 4838 Vat.
2956 4827 2970 4848 ,
3025 4803 3044 4835 ι
3080 4783 3298 4862 nomine
3329 4779 3566 4862 Tcrybef

2003 4853 2178 4918 netis:
2225 4859 2361 4914 Cum
2407 4853 2541 4926 ergo
2580 4858 2914 4926 aliquantum
2966 4853 3224 4926 temporis
3257 4867 3440 4906 secum
3475 4853 3562 4904 isti

2004 4934 2164 4987 ambo
2191 4924 2550 4984 decrevissent
2573 4970 2586 4992 ,
2639 4924 2739 4980 Sf)“
2768 4925 2972 4994 placuit
2996 4924 3245 4978 Stutiano
3273 4936 3564 4994 (εξςυηοιυ

2003 5005 2057 5058 in
2106 5001 2368 5056 Judaeam.
2421 5017 2438 5049 ι
2493 4990 2584 5051 Sic
2633 4990 2784 5050 intra
2816 4996 3013 5064 ubique
3064 5001 3219 5046 vocat
3271 5011 3287 5042 ι
3323 4990 3562 5063 Terybe-

2003 5089 2183 5128 neum.
2224 5091 2243 5122 ι

2075 5143 2184 5212 (9-5)
2226 5140 2367 5194 Idem
2396 5138 2559 5213 code}
2587 5177 2602 5199 ,
2641 5155 2658 5188 ι
2689 5136 2778 5192 ille
2812 5151 2937 5191 vero
2966 5133 3263 5213 discipulus
3308 5129 3563 5184 omnibus

2004 5203 2491 5283 quaecunqueejus
2519 5209 2755 5283 fuerant,
2776 5206 3135 5283 congregatis,
3157 5206 3208 5256 in
3239 5203 3562 5283 l'ugain'ver-

2005 5271 2100 5338 sus
2134 5271 2290 5337 est.'i
2350 5271 2501 5342 Mox,
2542 5298 2560 5330 ι
2582 5329 2585 5332 ,
2610 5271 2906 5347 ριόνίιιοὶτί
2929 5271 3256 5347 habitatura
3291 5271 3501 5347 Persis,
3535 5289 3555 5321 ι

2003 5369 2102 5418 pro
2132 5372 2149 5403 ε
2184 5352 2428 5406 habetur.
2469 5369 2486 5400 ι
2529 5342 2777 5417 Ει’ρ;ιιιιο
2804 5356 2943 5415 post,
2982 5363 2999 5394 ι
3033 5343 3212 5398 vocari
3253 5361 3271 5393 ι
3302 5342 3416 5412 jam
3451 5357 3561 5395 non

2005 5422 2396 5484 Terybeneum,
2424 5420 2514 5474 sed
2540 5419 2799 5471 Buddam.
2835 5435 2854 5469 ι

2077 5479 2188 5560 (95)
2226 5489 2362 5545 Nota
2384 5479 2665 5560 quousque
2686 5487 3102 5560 extenderentur
3129 5481 3340 5552 imperii
3355 5479 3564 5560 Itoma-

2007 5563 2060 5616 ni
2086 5553 2288 5615 limites
2317 5576 2382 5615 eo
2402 5553 2686 5629 tempore,
2736 5571 2844 5625 quo
2873 5557 3168 5612 Archelaus
3199 5570 3322 5608 cum
3355 5553 3564 5606 Manete

2005 5631 2320 5704 disputavit.
3032 5698 3062 5704 ,,
3173 5694 3249 5704 ...
3322 5692 3332 5704 .

2077 5694 2186 5770 (96)
2224 5699 2354 5754 Mite
2381 5704 2473 5758 hic
2498 5715 2618 5757 sese
2644 5697 2842 5770 exserit
2861 5697 3067 5770 librarii
3096 5695 3187 5766 qui
3215 5694 3564 5770 casinensctn

2010 5757 2246 5829 codicem
2281 5757 2556 5836 exaravit,
2584 5769 2896 5835 oscitantia;
2938 5757 3153 5838 scripsit
3191 5768 3332 5820 enim
3355 5805 3370 5828 ,
3421 5782 3436 5811 ι
3473 5757 3566 5814 sed
