3998 7026
528 331 668 389 1Ξν19

1526 337 1707 394 ACTA
1752 333 2274 394 DISPUTATIONIS
2313 335 2371 390 S.
2413 331 2752 390 ABCHELAI

3618 336 3645 392 1
3656 336 3759 394 5Ξο

526 446 769 517 nomine,
822 448 1037 520 sibique
1082 447 1184 505 hoc
1226 461 1422 504 nomen
1458 448 1805 518 impositum;
1851 464 1917 504 ex
1963 465 2097 520 qua-
2123 457 2168 513 Α
2197 445 2481 501 nisterium
2509 446 2697 511 voluit,
2727 454 2780 500 et
2811 443 3144 514 comparavit
3175 444 3281 501 sibi
3302 459 3531 517 puerum
3554 447 3637 522 (4)
3660 465 3758 504 an.

527 541 653 596 dam
693 551 874 597 autem
923 540 1133 612 virgine
1159 550 1347 596 natum
1399 555 1543 604 esse,
1596 540 1759 596 simul
1799 550 1852 596 et
1895 541 1964 595 ab
1993 558 2089 595 an-

531 633 650 701 gelo
681 631 795 702 (97)
829 631 885 685 in
915 631 1191 686 montibus
1217 631 1534 686 enutritum.
1576 629 1779 686 Parcus
1812 646 1941 686 vero
1964 631 2090 701 qui-

526 722 656 775 dam
697 722 961 792 propheta
1009 721 1142 794 (98),
1189 732 1243 778 et
1265 721 1546 778 Labdacus
1573 721 1781 778 Mithrae
1810 723 1971 785 ﬁlius,
2003 739 2089 777 aro

530 811 731 880 guebat
760 827 884 867 eum
916 814 1205 879 mendacii,
1239 822 1437 869 etverat
1461 814 1539 869 eis
1568 814 1808 884 quotidie
1846 816 2087 869 animas-:1

527 905 871 973 exaggeratio
897 904 965 960 de
992 905 1311 975 hujusmodi
1338 906 1571 977 negotio.
1606 905 1711 961 Sed
1736 906 1867 977 quid
1893 908 2043 978 plura
2067 907 2089 960 ?

529 994 677 1050 Licet
707 994 1043 1066 frequentius
1079 997 1477 1068 objurgaretur,
1501 1007 1677 1052 tamen
1702 998 1986 1053 nuntiabat
2006 998 2087 1054 eis

530 1101 651 1154 quae
673 1095 798 1141 ante
827 1088 1085 1142 saeculum
1109 1097 1308 1151 essent,
1343 1097 1393 1142 et
1430 1088 1497 1143 de
1528 1088 1757 1158 sphaera,
1800 1100 1854 1143 et
1875 1088 2086 1143 duobus

529 1177 924 1246 luminarihus;
981 1181 1073 1234 sed
1124 1188 1341 1250 etquo,
1376 1189 1429 1233 et
1456 1181 1728 1249 quomodo
1756 1181 1949 1235 animae
1974 1179 2087 1235 dis-

524 1270 721 1324 cedant
749 1272 860 1343 (99)
887 1312 903 1336 ,
946 1280 1001 1326 et
1029 1273 1262 1343 qualiter
1291 1273 1484 1327 iterum
1517 1282 1856 1328 revertantur
1881 1273 1935 1327 in
1968 1288 2086 1328 cor-

529 1375 682 1430 pora,
719 1372 772 1417 et
800 1364 904 1418 alia
932 1365 1103 1419 multa
1130 1363 1526 1434 hujuscemodi,
1557 1374 1610 1419 et
1634 1365 1830 1419 horum
1860 1365 2085 1436 nequio-

524 1466 620 1517 ra,
654 1451 704 1506 id
733 1461 817 1508 est
848 1454 1048 1508 bellum
1099 1453 1210 1509 Deo
1261 1465 1590 1509 commotum
1636 1470 1755 1511 esse
1795 1456 1848 1510 in
1881 1457 2082 1526 princi-

523 1541 650 1609 piis,
688 1551 746 1597 ut
771 1543 885 1613 ipse
909 1544 1169 1615 propheta
1195 1545 1526 1601 crederetur.
1588 1545 1694 1601 Pro
1727 1547 1926 1617 quibus
1951 1549 2081 1604 dum

524 1644 863 1704 argueretur,
898 1635 965 1690 ad
996 1634 1214 1690 viduam
1245 1638 1535 1707 quamdam
1567 1640 1793 1695 secessit
1821 1655 1942 1695 cum
1967 1642 2080 1698 suis

522 1737 759 1793 quatuor
807 1725 964 1781 libris
988 1766 1003 1792 ,
1038 1728 1188 1783 nullo
1222 1728 1422 1784 ibidem
1472 1730 1740 1802 discipulo
1790 1733 2077 1805 acquisita,

2194 553 2389 592 norum
2416 537 2588 594 ferme
2608 548 2836 608 septem,
2871 536 3182 592 Corbicium
3210 537 3287 609 (5)
3311 539 3562 605 nomine,
3590 556 3756 610 quem

2191 630 2373 685 statim
2404 630 2723 685 manumisit
2753 644 2817 684 ac
2844 629 3039 685 litteris
3069 629 3322 684 erudivit.
3377 628 3591 700 Quique
3627 646 3755 687 cum

2189 723 2472 779 duodecim
2522 739 2789 778 annorum
2837 730 2983 779 esset
3020 722 3278 789 eil‘ectus,
3324 738 3461 778 anus
3487 724 3577 777 illa
3608 724 3755 779 diem

2190 814 2345 881 obiit,
2364 814 2578 884 ipsique
2608 813 2685 883 (6)
2714 814 2967 870 universa
2991 813 3129 868 bona
3154 829 3252 868 sua
3279 814 3521 880 tradidit,
3550 825 3604 868 et
3628 831 3753 869 cum

2188 904 2397 959 caeteris
2443 905 2669 974 reliquis
2716 902 2820 975 (7),
2877 903 3041 958 etiam
3088 912 3323 972 quatuor
3371 902 3497 958 illos
3543 904 3753 958 libellos

2187 1006 2327 1064 quos
2349 991 2675 1067 Scythianus
2698 996 3010 1067 scripserat,
3036 1010 3141 1049 non
3168 994 3460 1049 multorum
3491 1010 3747 1049 versuum

2187 1087 2448 1155 singulos.
2487 1084 2639 1142 Tunc
2663 1102 2792 1156 ergo
2816 1086 3118 1151 Corbicius,
3144 1086 3352 1154 sepulta
3382 1085 3628 1149 domina,
3650 1086 3748 1140 bo-

2188 1176 2274 1230 nis
2322 1176 2425 1231 sibi
2472 1177 2744 1233 derelictis
2774 1176 3027 1231 omnibus
3054 1176 3132 1230 uti
3165 1177 3363 1245 carpit,
3406 1183 3464 1229 et
3493 1176 3742 1245 migravit

2184 1267 2251 1321 ad
2299 1268 2535 1323 medimn
2585 1269 2819 1323 civitatis
2863 1269 3044 1323 locum
3094 1267 3147 1320 in
3194 1282 3304 1337 quo
3350 1268 3608 1321 manebat
3648 1282 3743 1322 rex

2183 1355 2506 1426 Persarum;
2542 1369 2596 1414 et
2619 1367 2954 1414 commutato
2999 1359 3104 1414 sibi
3136 1358 3374 1422 nomine,
3407 1359 3623 1414 lienem
3658 1373 3743 1414 se-

2183 1449 2469 1519 metipsum
2508 1465 2604 1519 pro
2626 1450 2876 1507 Corbicio
2902 1451 3220 1521 appellavit;
3254 1465 3353 1505 nec
3379 1449 3621 1515 Martem,
3652 1454 3743 1506 sed

2181 1538 2400 1607 Manes;
2428 1540 2715 1596 Persarum
2748 1543 2893 1597 enim
2944 1543 3126 1612 lingua
3171 1541 3264 1596 tali
3300 1543 3469 1596 utitur
3501 1543 3745 1597 declina-

2183 1633 2350 1690 tione.
2398 1632 2633 1689 Eﬂ‘ectus
2680 1634 2843 1701 igitur
2888 1650 3020 1705 puer
3043 1634 3133 1689 ille
3158 1649 3421 1689 annorum
3453 1650 3627 1704 prope
3654 1649 3741 1688 se—

2184 1725 2401 1795 xaginta
2427 1725 2504 1795 (8)
2527 1766 2542 1790 ,
2592 1727 2836 1781 eruditus
2860 1726 3156 1782 secundum
3195 1728 3497 1782 doctrinam
3528 1743 3656 1797 quae
3686 1726 3741 1781 in

519 1826 714 1888 praeter
745 1832 912 1873 anum
958 1818 1129 1874 solam
1175 1833 1295 1888 quae
1335 1821 1455 1890 eius
1499 1823 1766 1893 particeps
1808 1824 1947 1880 facta
1974 1832 2066 1881 est.

2180 1816 2315 1871 locis
2354 1817 2459 1872 illis
2492 1826 2576 1873 est
2598 1859 2613 1884 ,
2664 1827 2719 1872 et
2744 1833 2894 1888 paene
2924 1818 3152 1873 dixerim
3204 1834 3614 1888 superomnem
3642 1819 3742 1872 ho-

523 1906 674 1963 Tunc
736 1909 812 1979 (l)
855 1909 1049 1965 deinde
1095 1924 1254 1965 mane
1310 1913 1487 1981 primo
1532 1915 1775 1970 ascendit
1819 1917 2077 1972 solarium

518 2000 789 2068 quoddam
823 2001 1123 2066 excelsum,
1158 2002 1249 2057 ubi
1277 2005 1496 2060 nomina
1526 2008 1771 2076 quaadam
1799 2012 1961 2080 erepit
1994 2011 2078 2065 in-

516 2104 746 2156 vocare,
795 2107 917 2161 quae
956 2092 1113 2147 nobis
1138 2091 1322 2149 Turbo
1356 2095 1523 2164 dixit,
1558 2099 1704 2154 solos
1731 2109 1933 2170 septem
1969 2102 2078 2158 ele-

516 2189 635 2235 ctos
682 2181 955 2237 didicisse.
1014 2181 1151 2238 Cum
1194 2199 1324 2256 ergo
1370 2187 1705 2245 ascendisset
1732 2191 1869 2247 ritus
1894 2194 2076 2250 nescio

512 2269 711 2339 cujus,
746 2269 830 2325 vel
874 2271 1086 2328 artiﬁcii
1121 2276 1327 2347 gratia;
1382 2278 1532 2335 solus
1584 2290 1766 2338 autem
1809 2285 2072 2352 ascendit,

513 2373 583 2412 ne
609 2358 733 2413 inde
761 2360 830 2415 ab
863 2361 1045 2433 aliquo
1079 2365 1328 2421 convinci
1356 2378 1542 2439 posset
1566 2369 1678 2441 (2),
1712 2373 1858 2443 quod
1890 2374 1935 2429 si
1963 2374 2075 2430 dis-

512 2452 825 2509 simulasset
861 2455 945 2510 vel
992 2471 1094 2527 pro
1134 2458 1306 2514 nihilo
1351 2461 1617 2531 duxisset,
1647 2464 1918 2536 cegitabat
1958 2483 2072 2524 sea

514 2543 657 2597 veris
683 2543 1021 2615 principibus
1049 2549 1226 2617 poenis
1255 2565 1376 2607 esse
1405 2554 1701 2611 subditum.
1740 2554 1865 2614 Haec
1890 2573 1956 2614 eo
1979 2574 2071 2615 co-

510 2635 712 2704 gitante
740 2634 817 2706 (3)
840 2676 857 2703 ,
904 2637 1246 2708 justissimus
1291 2642 1432 2700 Deus
1463 2645 1565 2701 sub
1608 2655 1783 2705 terras
1818 2664 1943 2705 eum
1972 2649 2060 2707 de-

512 2726 656 2780 trudi
704 2742 801 2797 per
849 2728 1097 2800 spiritum
1143 2732 1343 2802 jubet:
1378 2745 1431 2792 et
1457 2738 1717 2794 continuo
1748 2740 1815 2796 de
1857 2757 2071 2798 summo

510 2818 791 2889 deiectus,
842 2824 1093 2881 exanime
1128 2841 1328 2899 corpus
1380 2829 1634 2885 deorsum
1679 2834 2069 2905 praecipitatum

507 2921 611 2976 est,
646 2913 792 2982 quod
824 2929 963 2972 anus
990 2916 1082 2972 illa
1113 2919 1333 2976 miserta
1364 2962 1380 2989 ,
1414 2923 1697 2980 collectum
1731 2925 1864 2983 locis
1896 2928 2069 2986 solitis

508 3005 739 3075 sepeliit.

2180 1908 2419 1976 minem;
2461 1910 2771 1980 diligentius
2802 1919 2977 1965 tamen
3010 1910 3124 1965 hac
3151 1909 3363 1973 didicit,
3391 1927 3513 1981 quae
3542 1910 3601 1965 in
3632 1912 3741 1967 illis

2183 2010 2417 2070 quatuor
2443 2000 2636 2055 libellis
2653 2002 3099 2057 continebantur:
3127 2001 3411 2071 acquisivit
3434 2002 3595 2056 etiam
3620 2003 3740 2058 dis-

2177 2090 2385 2159 cipulos
2438 2098 2545 2145 tres
2575 2090 2652 2162 (9)
2673 2134 2687 2157 ,
2722 2106 2955 2161 quorum
2986 2093 3205 2147 nomina
3250 2102 3376 2148 sunt
3403 2094 3516 2148 haec
3544 2112 3561 2147 :
3584 2091 3739 2149 Tho-

2176 2197 2329 2248 mas,
2361 2181 2542 2236 Addas
2571 2190 2627 2236 et
2657 2180 2905 2237 Hermas.
2960 2182 3113 2237 Tunc
3151 2185 3382 2238 assumit
3423 2184 3544 2239 illos
3581 2186 3738 2240 libel-

2175 2272 2277 2338 los,
2310 2282 2365 2328 et
2392 2272 2650 2328 transfert
2676 2290 2790 2336 eos,
2822 2274 2894 2329 ita
2919 2283 2979 2328 ut
3007 2276 3176 2329 multa
3201 2274 3312 2345 (10)
3350 2277 3456 2331 alia
3482 2292 3515 2331 a
3543 2288 3738 2332 semet-

2176 2370 2295 2438 ipso
2323 2371 2584 2426 insereret
2604 2372 2704 2438 eis,
2737 2386 2857 2441 quae
2878 2372 3111 2426 anilibus
3132 2371 3328 2427 fabulis
3356 2373 3559 2428 similia
3584 2385 3730 2429 sunt.

2174 2461 2415 2519 Habebat
2445 2479 2574 2536 ergo
2601 2474 2712 2521 tres
2756 2465 2892 2521 istos
2932 2466 3226 2535 discipulos
3274 2467 3523 2522 conscios
3557 2470 3730 2523 malo-

2173 2570 2293 2608 rum
2324 2570 2580 2620 suorum;
2619 2570 2816 2610 nomen
2846 2570 2974 2610 vero
3003 2556 3197 2610 libellis
3228 2558 3509 2626 proprium
3553 2559 3725 2613 ascri-

2173 2646 2268 2710 bit,
2303 2646 2502 2715 prioris
2528 2646 2749 2700 nomine
2771 2646 2968 2710 deleto,
3003 2655 3255 2716 tanquam
3284 2648 3329 2701 si
3352 2664 3450 2703 eos
3482 2650 3633 2704 solus
3659 2666 3728 2704 ex

2170 2738 2461 2807 semetipso
2484 2738 2890 2808 conscripserit.
2950 2736 3101 2793 Tunc
3130 2739 3303 2794 visum
3328 2750 3412 2796 est
3436 2740 3487 2795 ei
3517 2743 3727 2797 mittere

2168 2829 2463 2899 discipulos
2510 2846 2638 2886 suos
2678 2845 2800 2884 cum
2852 2828 2936 2885 his
2963 2845 3084 2899 qua:
3113 2832 3512 2901 conscripserat
3555 2833 3613 2887 in
3656 2834 3726 2887 li-

2167 2920 2346 2988 bellis,
2375 2924 2442 2976 ad
2473 2922 2751 2993 superiora
2789 2921 2934 2976 illius
2956 2922 3247 2991 provincia:
3272 2923 3411 2988 loca,
3439 2934 3497 2979 et
3526 2940 3617 2994 per
3644 2926 3731 2980 dt-

2167 3028 2353 3068 versas
2379 3012 2625 3067 civitates
2650 3022 2704 3067 ct
2734 3013 2884 3069 vicos
2905 3054 2921 3080 ,
2969 3023 3028 3068 ut
3054 3014 3276 3069 haberet
3304 3016 3516 3086 aliquos
3545 3033 3607 3071 se
3632 3034 3724 3072 se-

580 3097 709 3153 Llll.
752 3099 906 3157 Tunc
953 3102 1134 3158 omnia
1182 3103 1272 3160 illa
1322 3121 1443 3176 qua:
1493 3123 1677 3163 secum
1720 3109 1787 3166 de
1830 3109 2064 3185 Egypto

2168 3116 2429 3175 quentes;
2482 3111 2536 3159 et
2580 3105 2818 3160 Thomas
2843 3105 3061 3175 quidem
3098 3115 3280 3175 partes
3308 3106 3519 3179 Egypti
3546 3110 3722 3165 voluit

508 3191 835 3258 pertulerat,
866 3204 1183 3250 manserunt
1206 3199 1345 3265 apud
1375 3213 1531 3266 eam;
1566 3210 1619 3254 et
1643 3202 1823 3272 gavisa
1855 3214 1937 3259 est
1959 3206 2066 3259 val-

2168 3210 2464 3266 occupare,
2505 3196 2685 3251 Addas
2736 3211 2864 3251 vero
2897 3194 3126 3267 Scythiae
3154 3197 3302 3267 (ll),
3354 3199 3493 3254 solus
3526 3209 3715 3255 autem

507 3280 575 3334 de
603 3280 669 3335 de
695 3290 866 3335 morte
907 3280 1048 3349 ejus,
1086 3282 1287 3351 duplici
1317 3298 1480 3339 causa
1508 3304 1521 3340 :
1550 3287 1748 3356 primo,
1776 3291 1923 3358 quod
1953 3306 2062 3346 non

505 3371 736 3427 libenter
761 3372 1025 3442 aspiceret
1051 3382 1193 3429 artes
1219 3375 1391 3443 illius;
1415 3378 1674 3445 secundo,
1698 3394 1799 3450 pro
1827 3381 1913 3438 his
1943 3399 2063 3453 qua:

506 3463 573 3518 de
601 3464 910 3519 haereditate
939 3463 1114 3519 fuerat
1141 3477 1465 3536 consecuta;
1500 3480 1619 3525 erat
1656 3473 1799 3527 enim
1828 3475 2060 3531 multum

506 3555 685 3625 pretii.
723 3554 855 3623 Quae
880 3570 1003 3613 cum
1032 3556 1146 3613 sola
1173 3568 1336 3627 esset,
1370 3560 1571 3617 habere
1599 3562 1832 3634 aiiquem
1864 3567 1933 3623 ad
1961 3571 2062 3624 mi-

502 3734 655 3811 aliud
694 3736 989 3811 cujusdam
1013 3739 1283 3811 nomine;_
1307 3757 1326 3791 ι
1380 3739 1660 3811 legendum
1698 3751 1878 3798 autem
1915 3760 2056 3811 esse,

509 3823 528 3887 ι
566 3805 657 3886 sed
671 3804 853 3887 illium
883 3804 1378 3887 Budda'mnomine,
1413 3804 1647 3887 {Cyrilli
1678 3804 2060 3887 Hierosolymi;

498 3875 634 3939 lani,
666 3875 948 3947 Epiphanii
984 3890 1038 3933 et
1070 3879 1299 3934 aliorum
1329 3875 1668 3937 narrationes
1703 3884 1878 3953 palam
1908 3875 2059 3941 evin-

501 3955 650 3999 cunt.

572 4015 687 4095 (εξ-1)
724 4015 857 4095 Cod.
891 4014 1049 4095 Reg.2
1075 4017 1254 4082 Alex.,
1290 4017 1434 4095 Vat.,
1465 4036 1578 4095 «se
1600 4022 2052 4095 essesimulabat,

498 4085 881 4157 etab_angelo.
939 4085 1122 4143 {Mox
1152 4104 1300 4154 vero,
1348 4108 1367 4142 ι
1414 4091 1698 4146 Lahdacus
1726 4091 1883 4147 Metri
1915 4085 2055 4152 filius

501 4164 615 4226 (pro
648 4155 971 4226 Mithrae)....
1001 4158 1239 4226 quotidie
1268 4162 1401 4215 satis
1445 4162 1689 4217 animosa
1733 4164 1960 4219 certatio
1989 4167 2054 4222 de

501 4225 817 4297 hujusmodi
847 4229 1082 4297 negotio.
1124 4246 1142 4279 ι

570 4295 693 4373 (98)-
723 4296 798 4373 De
825 4295 1222 4373 his'Persarum
1251 4297 1793 4373 sacerdotibus,_vide
1822 4301 2054 4373 Epipha-

497 4365 735 4486 tftliutn’in
766 4366 868 4421 hac
890 4369 1078 4425 hwrcsi
1104 4385 1251 4423 num.
1277 4369 1331 4433 ὅ.
1359 4379 1412 4424 et
1436 4386 1537 4427 nos
1562 4373 1615 4426 in
1634 4365 2051 4429 Manichaeorum

555 4446 763 4486 tuorta.

555 4446 763 4490 tstorta.

567 4504 679 4577 (9‘9)
720 4505 849 4562 Cod.
883 4505 1013 4577 Reg.
1044 4507 1193 4577 Alex.
1234 4506 1378 4570 Vat.,
1424 4527 1443 4562 ι
1481 4519 1534 4566 et
1564 4510 1631 4567 de
1654 4511 1866 4568 duobus
1899 4514 2053 4570 lumi-

496 4574 665 4648 nariis
712 4574 988 4648 mysteria:
1055 4576 1156 4632 Sed
1185 4587 1239 4633 et
1265 4580 1538 4648 quomodo
1590 4582 1782 4645 animae
1809 4585 2051 4641 discede-

496 4645 645 4700 bant.
682 4663 704 4713 ι
739 4645 804 4698 Ει
831 4662 976 4713 mox,
1013 4665 1031 4698 ι
1064 4645 1487 4704 revertebantur.
1524 4669 1543 4703 ι

565 4715 641 4783 (l)
679 4712 738 4770 In
762 4716 948 4791 codice
980 4717 1262 4773 Casinensi
1293 4721 1579 4786 sm'ibilur,
1621 4738 1640 4772 ι
1678 4720 1862 4791 Nunc;
1901 4744 1920 4777 ι
1955 4726 2048 4781 sed

498 4802 515 4834 ι
548 4794 726 4862 tunc.»
762 4785 1043 4862 legendum
1071 4803 1189 4862 esse
1221 4804 1324 4862 non
1352 4791 1588 4862 ambigo.

564 4854 645 4936 (2)
677 4853 857 4937 codex
891 4856 1204 4937 Qasinensis
1227 4859 1408 4937 habet,
1461 4879 1479 4911 ι
1501 4853 1569 4916 ut
1599 4861 1721 4918 inde
1748 4866 1816 4919 ab
1865 4867 2048 4937 aliquo

491 4924 739 4980 convinci
785 4928 974 4995 possit.
1013 4946 1030 4979 ι
1084 4927 1404 4985 Contrarius
1449 4938 1629 4986 tamen
1662 4949 1855 4990 sensus
1884 4924 2046 4995 quem

487 4995 881 5072 expressimus,
896 4998 1071 5051 verior
1089 5007 1201 5072 est;
1224 5014 1357 5072 nam
1387 5000 1439 5054 id
1462 5002 1566 5056 sibi
1592 5004 1707 5059 vult
1726 4995 2043 5072 Archelaus,

491 5063 757 5143 llianetem
788 5068 962 5143 solum
987 5108 1001 5134 ,
1049 5063 1329 5143 cujusdam
1376 5072 1633 5143 praestigii
1661 5088 1857 5142 causa,
1903 5063 2046 5131 sola;

488 5134 629 5187 rium
662 5137 990 5203 ascendisse,
1022 5153 1089 5193 ne
1114 5134 1147 5192 a
1174 5136 1344 5192 Pareo
1368 5134 1422 5193 et
1446 5134 1697 5196 Labdaco
1724 5134 1933 5200 Mithrae
1958 5163 2045 5201 sa-

488 5204 798 5284 cerdotibus
846 5207 899 5261 id
927 5207 1118 5284 egisse
1151 5208 1526 5284 deprehensus
1543 5251 1571 5284 ,_
1607 5211 1813 5284 debitas
1836 5224 2044 5284 ‘pmnas

490 5271 780 5353 gersarum
828 5279 946 5353 regi
978 5271 1436 5353 persolve-ret.__-
1462 5271 1595 5335 Cod.
1646 5280 1778 5353 Reg.
1805 5324 1820 5351 ,
1855 5271 2039 5353 'Alex.,

488 5339 636 5420 Vati,
680 5363 713 5420 ε
732 5339 1088 5420 εξοςιιῖιίιξιιι
1115 5349 1272 5420 ne_ab
1296 5349 1496 5420 aliquo.
1530 5370 1550 5403 ι

559 5415 634 5485 (5)
674 5416 805 5490 C_od.
836 5416 967 5490 Reg.
1000 5419 1152 5474 Alex.
1189 5418 1309 5474 Vat.
1332 5462 1345 5485 ,
1387 5415 1413 5472 'c
1449 5422 1624 5490 ptenis
1657 5437 1778 5479 esse
1807 5426 2042 5481 subden-

487 5482 634 5569 dum.
700 5486 824 5569 llaec
848 5482 943 5569 illo
966 5491 1256 5569 cogitante.
1294 5510 1311 5544 ι
1334 5482 1511 5569 ἰξθυξιρ
1528 5506 1685 5569 post,
1721 5512 1740 5546 ι
1778 5496 1845 5551 de
1880 5495 2042 5569 Egy-

484 5562 578 5638 pto
596 5556 950 5638 protulerant.
984 5579 1002 5612 )
1036 5556 1101 5614 Et
1123 5577 1270 5629 mox,
1293 5581 1312 5614 ι
1345 5556 1549 5632 duplici
1569 5579 1636 5638 ex
1663 5556 1895 5622 causa...
1920 5556 2041 5638 quae

487 5625 801 5709 haereditate
822 5628 996 5709 iuerat
1015 5625 1306 5687 consecuta
1337 5652 1349 5687 :
1384 5625 1501 5688 erat
1520 5635 1662 5689 enim
1688 5640 1918 5693 multum
1936 5625 2038 5709 pe-

483 5697 858 5765 cunizeavida.
892 5698 1024 5764 Quae
1050 5716 1195 5765 cum,
1235 5721 1253 5755 ι
1283 5713 1385 5758 etc.

556 5763 631 5836 (ι)
670 5764 813 5821 idem
849 5763 1014 5824 codex
1037 5812 1050 5836 ,
1088 5790 1106 5822 ι
1154 5763 1461 5842 puerulum.
1506 5794 1526 5829 ›
1584 5776 1741 5848 Mox,
1794 5798 1813 5833 ι
1850 5795 2037 5851 quem-

2166 3286 2389 3342 Hermas
2412 3286 2647 3343 residere
2672 3303 2797 3342 cum
2824 3302 2891 3343 eo
2911 3287 3091 3357 elegit.
3115 3288 3252 3343 Cum
3272 3305 3401 3360 ergo
3427 3291 3500 3344 illi
3522 3300 3719 3348 essent

2162 3375 2406 3449 proieoti,
2455 3378 2598 3449 regis
2639 3378 2783 3434 [ilius
2829 3379 3144 3449 aegritudine
3185 3382 3420 3452 quadam
3464 3392 3717 3453 arreptus

2161 3480 2273 3537 est;
2303 3485 2462 3540 quem
2486 3486 2580 3526 rex
2605 3470 2786 3526 curari
2811 3471 3147 3539 desiderans,
3173 3474 3407 3529 edictum
3436 3478 3721 3547 proposuit

2161 3562 2217 3617 in
2246 3563 2356 3617 vita
2397 3561 2543 3635 (12),
2596 3562 2644 3619 si
2685 3563 2809 3634 quis
2849 3578 2973 3618 eum
3006 3579 3199 3621 curare
3235 3567 3440 3636 possit,
3475 3569 3719 3639 accipere

2159 3756 2265 3812 que
2295 3742 2497 3796 statim.
2533 3759 2553 3793 ι
2586 3739 2653 3795 Et
2683 3741 2843 3811 paulo
2865 3751 3006 3811 post,
3042 3759 3062 3793 ι
3102 3741 3205 3808 Qui
3231 3757 3376 3797 cum.
3408 3761 3429 3794 ι

2229 3812 2305 3879 (5)
2350 3830 2369 3862 ι
2405 3811 2731 3883 (lubricumL
2756 3831 2775 3863 ι
2812 3812 3131 3883 Κούὸρικον,
3166 3813 3339 3875 hunc,
3372 3828 3481 3867 non
3517 3831 3539 3865 ι
3573 3812 3715 3870 Cor-

2157 3853 2380 3945 biciiuulm,
2473 3890 2668 3953 voc_ant
2694 3853 2944 3953 (lyrinus,
2963 3853 3396 3953 r'l'lpiphauius'et
3423 3885 3531 3937 alii.

2231 3953 2308 4024 (6)
2331 3951 2525 4024 Codex
2556 3949 2687 4020 Reg.
2714 3949 2877 4024 Alex.
2897 3949 3057 4017 Vat.)
3081 3949 3096 3953 ⁷
3121 3971 3140 4003 ι
3176 3968 3312 4024 anus
3344 3953 3435 4007 die
3480 3955 3563 4009 illa
3594 3969 3707 4024 qua

2156 4022 2308 4084 obiit,
2328 4022 2556 4093 ipsique,
2582 4040 2601 4072 ι
2623 4030 2724 4093 etc.
2760 4021 2903 4086 MOx,
2939 4040 2957 4072 ι
2982 4024 3190 4077 caeteris
3212 4023 3479 4093 reliquiis.
3517 4045 3536 4076 ι
3566 4021 3708 4079 Pau-

2155 4093 2343 4161 cisque
2390 4091 2717 4162 interjectis,
2773 4110 2794 4144 ι
2842 4093 2896 4147 in
2936 4107 3044 4163 qua
3087 4091 3347 4147 manebat
3390 4110 3489 4149 rex
3516 4093 3713 4151 Persa-

2155 4178 2299 4216 rum.
2351 4179 2371 4212 ι

2227 4233 2305 4307 (ἶ)
2344 4230 2503 4307 _Forte
2541 4254 2558 4282 ι
2584 4230 2846 4307 reliquiis.
2880 4250 2907 4307 ι
2950 4236 2989 4307 '_
3102 4230 3106 4232 ⁷
3139 4305 3147 4307 ᾗ
3199 4278 3207 4287 .
3268 4302 3301 4307 __
3436 4300 3441 4307 ρ

2226 4302 2302 4373 (8)
2344 4303 2418 4358 lla
2450 4303 2843 4375 constanter_in
2869 4303 3153 4360 Casinensi
3186 4302 3372 4361 codice
3412 4302 3712 4375 scribitur;

2153 4370 2343 4428 vereor
2375 4371 2551 4425 tamen
2583 4387 2651 4425 ne
2678 4371 2730 4424 in
2758 4370 2861 4426 hoc
2889 4390 3156 4430 annorum
3184 4389 3412 4430 numero
3450 4370 3713 4432 menduni

2082 4477 2126 4533 D
2156 4439 2703 4533 ἓίέῖῖέῖθθέξὲῗέ
2723 4440 2882 4533 1³]Ῡὲ
2912 4443 3088 4533 Vili"-
3116 4442 3406 4533 (Erremus
3432 4457 3514 4501 ⁸⁸⁸
3544 4448 3715 4518 ίὲίιυτ

2154 4514 2407 4587 puer-ille
2433 4516 2697 4587 annorum
2711 4526 2898 4587 prope,
2912 4517 3266 4587 septuaginta.
3300 4536 3319 4569 ι

2223 4584 2298 4656 (9)
2340 4583 2488 4656 Idem
2512 4581 2679 4636 codex
2706 4581 2838 4653 Reg.
2872 4581 3024 4643 Alex.
3048 4629 3063 4651 ,
3105 4581 3142 4637 ἰ
3185 4586 3238 4640 in
3290 4584 3428 4641 locis
3468 4585 3577 4641 illis
3602 4597 3709 4654 est,

2150 4652 2288 4722 pene
2322 4652 2548 4725 dixerim
2597 4666 2758 4720 super
2789 4652 3001 4725 omnem
3043 4656 3317 4711 hominem
3346 4656 3658 4725 diligentius
3690 4652 3707 4713 ἐ

2150 4732 2331 4801 tamen
2360 4722 2546 4801 didicit
2567 4735 2639 4801 ea.
2659 4736 2780 4801 quae
2807 4723 2869 4801 in_
2889 4728 3123 4801 quatuor
3155 4726 3270 4801 illis
3299 4722 3496 4801 libellis
3525 4729 3711 4783 couti-

2150 4795 2435 4867 neb_a_ntu_r.
2472 4792 2963 4867 Acquisivit-etiam
2994 4798 3109 4867 ipse
3137 4797 3453 4867 discipulos.
3497 4816 3517 4850 ι

2220 4864 2330 4934 (10)
2370 4862 2427 4935 in
2471 4863 2656 4935 eodem
2704 4862 3032 4935 c9d.7Vat.,'
3075 4886 3093 4919 ι
3131 4878 3190 4921 ut
3226 4862 3543 4922 transferret
3585 4883 3710 4935 eos,

2149 4931 2311 5007 itaut
2336 4934 2436 4987 alia
2465 4933 2699 5005 multa.)
2726 4931 2893 4990 Paulo
2921 4931 3062 5005 post,
3098 4946 3117 4988 ι
3144 4953 3211 4991 ex
3226 4938 3534 5007 semetipso
3563 4931 3709 4994 seri;

2146 5006 2337 5072 pserit,
2373 5023 2391 5056 ι
2425 5017 2526 5073 pro
2554 5007 3006 5075 «conscripserit.
3048 5026 3069 5060 ι

2217 5075 2263 5145 (l
2280 5076 2325 5145 l)
2340 5075 2494 5149 idem
2514 5073 2740 5149 codex,‘_¢
2762 5073 2942 5149 partes
2959 5076 3333 5149 Egyptiorum
3346 5077 3517 5132 voluit
3537 5092 3710 5133 occu-

2146 5143 2507 5213 pare.'Abdas
2534 5158 2664 5197 vero
2696 5143 2888 5213 Syriae.
2922 5166 2941 5199 ι

2216 5215 2346 5290 (12)-
2368 5213 2673 5290 Legendum
2724 5213 2986 5290 fortasse,
3027 5236 3047 5269 ι
3082 5217 3337 5290 inritans.
3376 5238 3396 5273 ι
3423 5249 3494 5259 --
3520 5218 3707 5290 Atque

2144 5284 2617 5360 hanc_lectionem
2663 5285 2947 5360 conﬁrmat
2987 5289 3153 5343 codex
3192 5288 3322 5360 Reg.
3372 5293 3527 5346 Alex.
3579 5284 3700 5345 V'at.

2143 5355 2265 5431 Mox
2297 5356 2349 5409 in
2376 5355 2563 5431 eodem
2590 5355 2735 5431 cod.,
2762 5374 2780 5406 ι
2812 5371 3002 5431 cu_rare
3031 5369 3231 5428 posset,
3249 5355 3551 5431 accederet,
3571 5378 3704 5431 pra:-

2144 5427 2250 5501 tuio
2283 5426 2462 5501 multo
2500 5427 2795 5494 proposito.
2859 5424 3011 5501 'l‘unc
3031 5424 3162 5501 iste,
3198 5424 3341 5487 sicut
3365 5430 3442 5485 illi
3471 5424 3699 5501 quicu-

2142 5496 2291 5571 hum,
2321 5494 2466 5571 quod
2490 5507 2805 5571 nominest
2845 5497 2993 5561 aleae,
3019 5494 3203 5556 ludere
3226 5502 3421 5565 solent,
3460 5494 3703 5571 praesen-

2141 5568 2271 5641 tiam
2305 5570 2389 5622 sui
2416 5566 2631 5621 exhibet
2682 5565 2884 5641 Manes.
2918 5587 2936 5620 ι
2999 5571 3102 5641 ista
3129 5586 3255 5626 vera
3282 5581 3366 5626 est
3397 5565 3563 5641 hujus
3589 5572 3698 5626 loci

2141 5637 2318 5701 lectio,
2364 5650 2524 5706 quam
2550 5649 2671 5708 nos
2703 5638 3177 5708 subodoravimus,
3212 5651 3273 5699 ut
3302 5643 3359 5698 in
3387 5637 3593 5698 nostris
3625 5643 3700 5697 ad

2139 5708 2285 5764 hunc
2311 5707 2487 5763 locum
2523 5706 2664 5761 notis
2692 5706 2863 5762 videri
2892 5719 3088 5779 potest.
