3996 6208
313 283 446 338 152i

1391 290 1534 346 CUM
1572 290 1851 345 ΜΑΝΕΤΕ
1897 289 2427 345 ΗᾹΞΒΕΞΙΑΚΕΙΙΑ.

3381 295 3403 348 1
3417 295 3518 350 522

318 405 629 471 pra-mium,
657 406 827 459 multo
853 405 1154 475 proposito.
1184 406 1321 463 Tum
1358 409 1477 474 iste,
1508 410 1645 465 sicut
1676 412 1748 465 illi
1776 412 1867 481 qui
1896 426 1939 481 Α
1972 412 2124 465 libris
2152 410 2263 481 (22)
2285 452 2298 474 ,
2348 413 2489 466 sicut
2532 411 2695 465 etiam
2721 412 2979 467 adversus
3011 428 3095 467 me
3127 413 3408 482 disputans
3438 414 3516 467 fe-

308 494 531 560 cibum,
582 498 725 565 quod
767 512 963 551 nomen
1006 508 1088 554 est
1134 502 1237 555 tale
1284 502 1499 556 eludere
1530 504 1638 573 (15)
1671 505 1862 568 solent,

312 587 656 652 praesentiam
700 603 856 641 suam
897 587 1081 645 Manes
1119 592 1333 646 exhibet
1370 593 1511 663 apud
1536 610 1748 663 regem,
1782 595 1863 648 di-

309 691 439 731 cens
489 692 547 731 se
584 694 704 733 esse
734 696 959 750 puerum
986 695 1296 739 curaturum
1333 703 1345 739 :
1375 702 1495 754 quae
1536 702 1655 740 cum
1685 688 1868 741 audis-

309 774 391 820 set
418 768 528 834 (14)
557 784 671 833 rex,
721 773 956 842 suscepit
981 790 1103 827 eum
1132 791 1254 830 cum
1284 775 1564 844 obsequio,
1595 793 1656 832 ac
1700 779 1867 831 liben-

311 869 392 912 ter
424 859 628 914 habuit.
692 859 887 917 Verum
923 880 989 919 ne
1033 866 1201 919 multa
1246 867 1517 920 narrando
1558 883 1677 935 qum
1706 869 1868 937 gessit

311 952 527 1005 taedium
574 953 912 1011 auditoribus
944 956 1173 1011 inferam
1195 998 1209 1022 ,
1264 967 1511 1011 mortuus
1543 969 1623 1011 est
1650 974 1783 1027 puer
1814 959 1866 1011 in

313 1044 561 1098 manibus
606 1044 758 1112 ejus,
796 1048 880 1101 vel
920 1049 1099 1116 potius
1141 1048 1458 1103 exstinctus.
1510 1048 1781 1103 Tunc'rex
1813 1050 1865 1102 in

312 1150 577 1189 carcerem
608 1135 821 1191 detrudi
856 1139 1012 1206 jubet
1033 1138 1265 1203 Manent,
1287 1150 1340 1193 et
1370 1138 1495 1193 ferri
1536 1142 1734 1195 talento
1758 1141 1865 1211 (15)

313 1226 549 1280 onerari.
608 1226 686 1278 Illi
724 1243 851 1281 vero
878 1230 985 1283 duo
1028 1231 1277 1299 discipuli
1308 1230 1424 1298 ejus
1461 1231 1553 1298 qui
1599 1232 1749 1285 missi
1780 1231 1865 1285 fu-

314 1327 469 1372 erant
508 1318 573 1370 ad
610 1317 910 1373 docendum
942 1336 1035 1389 per
1066 1321 1307 1390 singulas
1355 1321 1615 1383 civitates,
1661 1337 1868 1390 quazre-

315 1408 509 1461 bantur
545 1409 609 1461 ad
643 1424 879 1477 pmnam.
918 1410 1128 1481 Quique
1151 1411 1415 1485 fugientes
1440 1412 1561 1466 licet
1590 1428 1865 1481 nunquam

314 1507 599 1552 cessarunt
630 1499 857 1553 alienam
886 1500 997 1570 (16)
1023 1501 1162 1556 hanc
1182 1510 1234 1556 et
1258 1502 1324 1555 ab
1346 1502 1679 1556 Antichristo
1707 1503 1870 1572 inspi-

313 1597 512 1655 ratam,
546 1606 640 1658 per
668 1591 784 1646 loca
819 1592 1029 1661 singula
1060 1593 1300 1649 inserere
1331 1594 1653 1649 doctrinam.

385 1681 517 1735 LlV.
559 1682 687 1737 Post
717 1685 829 1737 haec
854 1684 919 1737 ad
949 1685 1263 1755 magistrum
1296 1701 1450 1739 suum
1484 1687 1743 1751 redeunt,
1779 1701 1861 1740 re-

1966 503 2059 566 cit,
2096 502 2447 557 assertionem
2474 517 2625 557 suam
2655 500 2922 570 proferre,
2950 504 3193 572 quaedam
3229 504 3280 557 in
3310 505 3392 559 his
3423 520 3517 558 ac-

1966 609 2164 649 cusans
2190 633 2202 654 .
2241 593 2485 663 quaedam
2519 603 2829 663 permutans
2856 632 2869 656 ,
2906 595 3021 647 solo
3059 593 3257 649 Christi
3301 596 3519 650 nomine

1967 688 2208 754 adjecto;
2264 702 2424 765 quem
2457 701 2515 739 se
2543 685 2747 740 ideirco
2775 686 3048 755 suscipere
3100 687 3407 750 simulavit,
3460 696 3519 741 ut

1967 792 2061 844 per
2108 777 2356 831 civitates
2404 777 2640 847 singulas
2680 786 2923 832 sanctum
2955 788 3008 832 et
3050 778 3288 832 divinum
3321 794 3516 832 nomen

1967 865 2248 919 audientes
2285 865 2486 920 Christi
2515 907 2527 930 ,
2578 866 2798 920 minime
2825 874 3170 921 exsecrantes
3196 882 3288 921 eos
3308 909 3320 933 ,
3356 868 3518 921 disci-

1967 955 2125 1023 pulos
2150 956 2306 1010 istius
2351 972 2456 1010 non
2493 956 2795 1025 fatigarent.
2853 957 3191 1012 lnvenientes
3224 969 3398 1012 autem
3425 974 3519 1011 vo-

1966 1060 2083 1097 cem
2118 1046 2279 1099 etiam
2316 1047 2383 1101 de
2408 1046 2687 1102 Paracleto
2714 1048 2945 1117 positam
2979 1048 3031 1103 in
3067 1049 3359 1118 Scripturis
3386 1048 3517 1119 (2'5),

1968 1137 2314 1206 semetipsum
2342 1154 2460 1193 esse
2497 1140 2761 1209 subjecit;
2798 1142 2889 1210 qui
2922 1156 3027 1195 non
3059 1141 3259 1211 legerat
3298 1142 3524 1211 diligen-

1968 1236 2066 1291 ter,
2093 1229 2215 1297 quia
2242 1228 2551 1283 Paracletus
2573 1231 2682 1298 jam
2713 1240 2844 1287 tunc
2873 1232 3126 1297 venisset,
3152 1249 3271 1286 cum
3294 1233 3521 1301 apostoli

1968 1318 2143 1373 adlmc
2176 1329 2361 1374 essent
2384 1336 2545 1390 super
2576 1330 2793 1375 terram.
2855 1321 2949 1377 His
2976 1337 3103 1391 ergo
3128 1331 3233 1376 tam
3266 1324 3521 1379 scelerate

1968 1412 2317 1478 compositis,
2374 1412 2541 1466 mittit
2568 1424 2621 1467 et
2646 1415 2939 1482 discipulos
2973 1430 3099 1469 suos
3135 1415 3519 1483 prtedicaturos

1968 1499 2230 1570 intrepide
2256 1505 2407 1557 lictos
2440 1505 2829 1575 simulatasque
2868 1521 3078 1560 errores
3099 1550 3112 1572 ,
3144 1515 3194 1559 et
3226 1522 3393 1560 novas
3418 1507 3514 1559 fal-

1968 1608 2165 1661 sasque
2196 1608 2357 1649 voces
2390 1597 2803 1651 annuntiaturos
2834 1613 2928 1666 per
2954 1599 3069 1650 loca
3095 1598 3322 1668 singula.
3367 1596 3519 1663 Quod

1968 1700 2091 1738 cum
2122 1700 2213 1739 rex
2245 1685 2533 1741 Persarum
2561 1690 2919 1757 cognovisset,
2967 1689 3141 1759 dignis
3166 1704 3286 1743 eum
3319 1691 3521 1758 suppli-

314 1772 549 1828 ferentes
584 1790 703 1842 qua:
725 1774 804 1829 eis
826 1774 1164 1842 acciderant;
1216 1777 1439 1830 audiunt
1464 1777 1624 1831 etiam
1655 1794 1715 1830 ea
1749 1794 1868 1846 quze
1900 1775 1938 1828 Β
1970 1778 2068 1831 ciis
2102 1778 2329 1833 subdere
2356 1789 2528 1849 parat.
2584 1780 2701 1847 Quo
2728 1781 2910 1836 Manes
2950 1782 3164 1849 agnito,
3214 1782 3520 1835 admonitus

315 1866 368 1919 in
394 1866 508 1933 ipso
532 1868 727 1920 collata
756 1876 880 1920 sunt
905 1868 1067 1922 mala.
1104 1868 1431 1923 Accedentes
1459 1884 1605 1937 ergo,
1634 1877 1691 1922 ut
1716 1868 1864 1923 dice-

271 1938 436 2010 rbam
468 1958 599 2027 (17),
638 1958 702 2011 ad
730 1974 853 2011 eum
880 1960 985 2021 sui,
1020 1968 1071 2013 et
1094 1968 1437 2029 suggerentes
1464 1960 1511 2012 ei
1546 1960 1715 2013 dehis
1747 1975 1864 2013 nia-

312 2045 380 2100 lis
426 2062 543 2114 qua:
594 2062 687 2114 per
728 2047 842 2102 loca
894 2049 1104 2118 singula
1153 2047 1512 2117 patiebantur,
1565 2050 1631 2103 de
1663 2050 1867 2119 reliquo

313 2137 552 2190 converti
588 2137 699 2208 (18)
729 2154 786 2193 se
809 2139 1005 2194 debere
1031 2140 1095 2193 ad
1128 2140 1352 2194 salutem
1384 2141 1680 2195 suadebant
1709 2158 1721 2193 :
1748 2156 1867 2209 per-

312 2228 604 2282 timuerant
631 2229 807 2293 enim,
853 2239 1099 2284 verentes
1125 2246 1191 2284 ne
1221 2230 1346 2300 quid
1378 2232 1478 2285 sibi
1510 2248 1573 2284 ex
1599 2231 1682 2285 his
1709 2232 1867 2285 malis

309 2335 430 2389 qua:
452 2320 526 2371 illi
554 2319 943 2386 inferebantur,
970 2321 1247 2375 accederet
1274 2321 1406 2392 (l9).
1442 2323 1506 2376 At
1530 2324 1616 2376 ille
1635 2323 1865 2379 suadens

311 2425 405 2463 eos
438 2410 569 2464 nihil
600 2411 793 2475 vereri,
826 2412 891 2465 ad
921 2412 1218 2466 orationem
1250 2414 1544 2482 consurgit.
1588 2414 1740 2468 Tunc
1773 2415 1866 2469 de-

315 2502 439 2557 inde
458 2502 611 2571 jubet
630 2544 646 2569 ,
681 2503 733 2555 in
762 2518 978 2558 carcere
1008 2503 1213 2572 positus
1234 2544 1247 2568 ,
1280 2504 1410 2572 legis
1435 2504 1863 2559 Christianorum

310 2591 479 2645 libros
501 2592 841 2661 comparari;
892 2592 1045 2647 v-alde
1073 2594 1214 2647 enim
1258 2594 1311 2647 hi
1341 2595 1432 2663 qui
1467 2594 1617 2649 missi
1653 2594 1865 2649 fuerant

311 2682 379 2734 ab
411 2696 475 2735 eo
518 2697 613 2750 per
658 2682 896 2749 singulas
925 2684 1192 2749 civitates,
1231 2684 1299 2737 ab
1338 2684 1589 2738 omnibus
1636 2685 1865 2739 homini-

312 2773 415 2827 bus
458 2773 813 2827 exsccrationi
864 2774 1217 2840 habebantur,
1264 2775 1496 2828 maxime
1544 2777 1681 2845 apud
1728 2792 1864 2844 quos

312 2862 745 2919 Christianorum
806 2881 1000 2921 nomen
1052 2867 1379 2921 venerationi
1436 2876 1573 2921 erat.
1638 2867 1863 2938 Snmpto

318 2969 444 3025 ergo
470 2956 800 3026 aliquantulo
834 2960 952 3012 auri
988 2958 1149 3013 modo
1172 3000 1185 3024 ,
1235 2959 1483 3013 abierunt
1511 2960 1577 3015 ad
1605 2960 1720 3015 loca
1750 2961 1860 3030 (20)

311 3048 365 3102 in
394 3049 590 3117 quibus
616 3049 1047 3105 Christianorum
1075 3052 1196 3105 libri
1218 3052 1857 3123 conscribebantur(21);

308 3150 361 3195 et
387 3140 701 3197 simulantes
729 3157 787 3196 se
823 3143 1042 3198 nuntios
1071 3158 1191 3198 esse
1212 3142 1573 3209 Christianos,
1598 3144 1862 3211 rogabant

310 3231 550 3302 praastari
600 3234 702 3287 sibi
738 3234 904 3289 libros
951 3234 1018 3289 ad
1059 3234 1479 3304 comparandum
1530 3253 1544 3288 :
1590 3244 1663 3300 et,
1710 3246 1863 3289 utne

307 3323 477 3379 multa
502 3324 677 3377 dicam
699 3364 714 3389 ,
749 3334 1067 3393 comparant
1110 3328 1393 3382 universos
1428 3327 1595 3381 libros
1622 3326 1863 3395 Scriptu-

306 3426 490 3464 rarum
542 3420 844 3465 nostrarum
867 3449 881 3473 .
931 3423 985 3466 et
1028 3414 1276 3468 deferunt
1307 3418 1370 3469 ad
1412 3432 1536 3471 cum
1564 3417 1617 3470 in
1651 3434 1863 3472 carcere

308 3502 682 3556 constitutum.
745 3501 953 3567 Quibus
996 3503 1084 3557 ille
1121 3506 1392 3574 acceptis,
1439 3507 1603 3559 homo
1654 3516 1864 3561 astutus

306 3596 471 3663 cmpit
494 3594 548 3647 in
586 3595 785 3648 nostris
814 3594 964 3649 libris
997 3596 1310 3649 occasiones
1344 3596 1614 3664 inquirere
1638 3596 1865 3650 dualita-

308 3683 377 3738 tis
421 3699 566 3749 suae,
602 3698 701 3737 nec
733 3698 843 3738 suae
874 3683 1125 3752 quidem,
1160 3685 1251 3739 sed
1282 3684 1556 3755 Scythiani
1577 3727 1591 3750 ,
1640 3687 1731 3756 qni
1764 3688 1864 3741 hoc

310 3783 436 3831 ante
485 3775 778 3847 plurimum
824 3776 1082 3846 temporis
1126 3776 1454 3847 protulerat;
1496 3787 1548 3831 et
1578 3777 1631 3830 in
1666 3780 1865 3834 nostris

382 3955 491 4026 (15)
532 3953 709 4010 Locus
764 3955 918 4009 valde
974 3964 1280 4025 corruptus.
1342 3954 1501 4010 Forte
1552 3956 1860 4026 legendum,

314 4044 333 4079 ι
367 4027 457 4094 qui
487 4027 700 4096 cybum,
730 4028 871 4093 quod
903 4036 1215 4096 nomen‘est
1241 4026 1355 4090 tali,
1387 4027 1587 4080 ludere.
1622 4044 1642 4079 ι

250 4144 255 4147 χ
382 4092 490 4165 (14)
520 4092 659 4150 Cod.
712 4092 843 4165 Reg.
888 4096 1040 4149 Alex.
1086 4092 1203 4150 Vat.
1264 4115 1281 4147 ι
1321 4096 1473 4163 Quod
1514 4112 1637 4151 cum
1682 4097 1867 4151 audis-

308 4176 409 4231 set,
446 4184 465 4216 ι
503 4182 599 4236 pro
638 4186 656 4217 ‹
692 4182 830 4236 quae.
877 4184 895 4217 ι
953 4166 1111 4231 Mox,
1169 4186 1187 4217 ι
1230 4168 1499 4221 narrando
1545 4184 1667 4236 qua:
1716 4176 1863 4237 gesta

308 4244 453 4289 sunt.
489 4256 507 4287 ι

377 4306 487 4377 (15)
525 4305 638 4359 Hoc
660 4315 761 4369 est,
785 4305 1017 4360 vinculis
1044 4304 1253 4371 ferreis,
1280 4306 1348 4359 ab
1377 4320 1561 4360 eorum
1586 4307 1821 4377 pondere
1847 4326 1860 4361 :

306 4391 431 4429 nam
463 4377 716 4429 τάλαντον
750 4378 1015 4439 interdum
1042 4386 1124 4430 est
1150 4377 1377 4445 pondus.

336 4456 339 4463 ·
375 4446 485 4515 (16)
520 4446 655 4500 Cod.
689 4446 818 4515 Reg.
846 4447 1011 4517 Alex.
1035 4443 1182 4507 Vat.,
1223 4465 1241 4497 ι
1279 4448 1401 4501 licet
1429 4462 1705 4517 nunquam
1740 4463 1853 4501 ces-
1890 4443 1932 4496 D

304 4527 487 4570 sarent
529 4517 779 4571 alienam.
819 4536 835 4566 ι
889 4516 1055 4569 Paulo
1105 4524 1256 4584 post.
1301 4535 1319 4566 ‹
1362 4519 1491 4583 quid
1542 4518 1619 4571 eis
1650 4518 1859 4572 accide-

303 4588 443 4652 rint,
481 4606 498 4637 ι
530 4588 642 4652 lege
672 4606 688 4637 ι
732 4586 1003 4639 acciderit.
1043 4605 1060 4637 ι
1124 4585 1244 4639 Mox
1273 4600 1432 4649 vero,
1476 4606 1494 4636 ‹
1530 4586 1861 4641 Accedentcs

301 4673 448 4725 ergo,
479 4667 539 4711 ut
564 4656 807 4722 decebat,
844 4656 909 4709 ad
933 4671 1054 4709 eum
1088 4657 1207 4719 sui,
1241 4665 1295 4709 et
1323 4666 1669 4726 suggerentes
1698 4660 1781 4711 sui
1810 4660 1857 4711 ei

303 4728 369 4780 de
396 4728 499 4781 his.
538 4747 556 4779 ι

373 4797 481 4865 (17)
518 4796 573 4849 ln
589 4794 1091 4861 codiceCasinensi,
1122 4814 1141 4848 ι
1176 4806 1233 4850 ut
1257 4795 1537 4860 dicebant;
1568 4814 1585 4847 ι
1631 4813 1728 4850 nos
1759 4798 1859 4851 levi

303 4868 619 4930 mutatione,
675 4884 693 4917 ι
729 4868 992 4926 dicebam.
1031 4886 1049 4917 ι
1089 4866 1481 4919 ernendandum
1525 4870 1855 4921 censuimus.

304 4934 407 4989 Sed
434 4946 486 4990 et
509 4939 771 5003 fortasse,
812 4955 829 4987 ι
863 4947 922 4989 ut
952 4936 1210 5001 decebat,
1254 4955 1272 4986 ι
1309 4936 1629 5005 legendum;
1669 4940 1858 4992 melior

309 5014 487 5057 tamen
518 5007 629 5060 visa
653 5016 733 5060 est
763 5007 911 5075 prior
940 5007 1116 5061 lectio.

376 5075 486 5143 (18)
526 5078 583 5129 lu
632 5074 819 5130 eodem
866 5078 1084 5139 codice,
1137 5094 1154 5127 ‹
1185 5074 1469 5140 conventi,
1509 5094 1527 5127 ι
1562 5077 1854 5141 scribitur;

304 5144 400 5216 sed
454 5163 473 5195 ς
508 5149 767 5211 converti,
815 5166 834 5198 ι
876 5148 1158 5216 legendum
1206 5162 1345 5212 esse,
1394 5162 1515 5215 qua:
1556 5157 1858 5216 sequuntur

304 5215 466 5274 clare.
498 5226 551 5268 ut
584 5217 837 5281 arbitror,
871 5215 1120 5270 innuunt.

375 5284 484 5358 (19)
525 5284 717 5358 Forte,
770 5287 1102 5358 (accideret.
1142 5305 1160 5337 ι
1200 5317 1261 5327 —
1295 5285 1472 5357 Atque
1515 5287 1588 5341 ita
1634 5288 1851 5358 quidem

303 5368 405 5407 ms.
440 5353 566 5421 Heg.
599 5356 749 5408 Alex.
780 5355 897 5409 Vat.

375 5422 486 5494 (20)
524 5423 655 5479 Cod.
702 5442 803 5480 ms.
850 5426 980 5497 Reg.
1020 5426 1171 5481 Alex.
1204 5425 1323 5480 Vat.
1385 5444 1403 5478 ‹
1437 5427 1501 5480 ad
1532 5426 1619 5479 illa
1651 5426 1787 5480 loca.
1830 5446 1852 5477 ι

301 5493 445 5559 Mox,
488 5510 603 5564 «_se
633 5497 863 5549 novitios
915 5493 1033 5550 c'sse
1083 5496 1440 5561 Christianos,
1480 5515 1498 5547 ι
1534 5510 1629 5564 pro
1660 5514 1677 5546 α
1710 5512 1851 5548 nun-

301 5564 425 5618 tios.
464 5584 482 5615 ι
519 5562 687 5617 Paulo
714 5576 852 5633 pOSt,
891 5584 909 5616 ι
940 5576 994 5620 et
1034 5581 1100 5620 ne
1124 5569 1289 5620 multa
1317 5562 1583 5620 dicam...
1620 5574 1669 5618 et
1708 5566 1849 5619 refe-

300 5646 422 5688 runt
451 5635 516 5688 ad
542 5650 686 5687 eum.
727 5654 743 5685 ι

373 5704 484 5774 (21)
526 5703 687 5760 Vides
724 5713 783 5759 ut
828 5705 1008 5758 arcani
1044 5705 1383 5776 disciplinam
1432 5708 1484 5763 in
1521 5704 1853 5764 occultandi:

1968 1867 2020 1919 in
2052 1868 2281 1932 somnis,
2317 1869 2533 1939 elapsus
2563 1871 2627 1924 de
2652 1886 2886 1935 carcere,
2922 1872 2973 1925 in
3001 1872 3178 1942 fugam
3202 1886 3389 1926 versus
3418 1880 3517 1935 est,

1967 1972 2101 2010 auro
2148 1957 2385 2025 plurimo
2427 1960 2743 2014 custodibus
2779 1961 3080 2029 corruptis;
3130 1969 3182 2015 et
3225 1961 3422 2015 mansit
3467 1962 3517 2013 in

1966 2050 2187 2103 castello
2240 2050 2544 2104 Arabionis.
2611 2051 2762 2105 Unde
2804 2054 3053 2121 scriptam
3098 2054 3377 2121 epistolam
3429 2068 3525 2123 per

1967 2138 2275 2193 Turbonem
2324 2140 2391 2193 ad
2435 2139 2743 2195 Marcellum
2793 2152 3035 2195 nostrum
3086 2144 3269 2209 misit,
3321 2144 3373 2197 in
3414 2158 3521 2212 qua

1967 2232 2289 2299 significavit
2336 2247 2394 2285 se
2436 2247 2557 2287 esse
2601 2242 2904 2288 venturum.
2951 2233 3068 2299 Quo
3116 2251 3237 2289 eum
3291 2237 3524 2291 venis3ct

1966 2320 2101 2391 (24),
2138 2319 2241 2374 fuit
2265 2320 2425 2375 nobis
2472 2330 2743 2375 certamen
2776 2323 2899 2384 tale,
2932 2324 3091 2393 quale
3113 2335 3166 2378 et
3192 2326 3279 2379 hic
3310 2326 3521 2379 vidistis

1963 2420 2017 2462 et
2057 2410 2286 2465 audistis
2318 2450 2331 2473 ,
2365 2410 2417 2464 in
2450 2426 2557 2480 quo
2580 2450 2593 2474 ,
2632 2421 2792 2481 prout
2832 2413 3106 2481 potuimus
3132 2455 3145 2479 ,
3184 2414 3525 2468 ostendimus

1963 2514 2085 2553 eum
2114 2500 2657 2571 pseudoprophetam.
2724 2500 2825 2554 Sed
2857 2510 3037 2555 custos
3086 2502 3301 2571 quidem
3334 2515 3519 2555 carce-

1966 2592 2063 2657 ris,
2096 2592 2187 2661 qui
2210 2607 2333 2647 eum
2364 2592 2665 2657 dimiserat,
2720 2592 2939 2661 punitus
2964 2602 3075 2657 est;
3122 2608 3215 2646 rex
3241 2608 3368 2646 vero
3394 2609 3519 2647 eum

1964 2684 2165 2753 requiri
2207 2684 2405 2753 jussit,
2450 2693 2505 2737 et
2548 2684 2601 2738 in
2634 2685 3044 2754 quibuseunque
3088 2684 3219 2739 locis
3249 2693 3519 2754 repertum

1968 2776 2353 2843 comprehendi
2382 2775 2515 2844 (25).
2580 2773 2704 2829 Haec
2728 2792 2849 2829 cum
2879 2791 2977 2844 ego
3001 2773 3387 2843 cognovissem,
3426 2792 3522 2829 ne-

1963 2867 2254 2920 cessarium
2285 2866 2383 2920 fuit
2408 2882 2493 2921 me
2514 2867 2674 2921 etiam
2698 2868 2849 2921 vobis
2876 2868 3130 2932 indicare,
3147 2868 3271 2936 quia
3290 2868 3521 2937 requiri-

1964 2967 2049 3011 tur
2074 2958 2175 3012 iste
2196 2973 2224 3012 a
2250 2974 2372 3027 rege
2402 2957 2686 3012 Persarum
2715 2975 2885 3027 usque
2922 2960 2972 3012 in
3003 2959 3320 3013 hodiernum
3351 2961 3514 3013 diem.

2040 3048 2147 3102 LV.
2190 3048 2283 3104 llis
2314 3049 2532 3115 auditis,
2565 3049 2733 3103 turba:
2760 3050 3011 3103 volebant
3033 3049 3241 3104 Manem
3272 3066 3519 3121 compre-

1892 3110 1934 3166 C
1970 3141 2199 3195 hensum
2235 3140 2446 3195 tradere
2468 3140 2717 3209 potestati
2750 3140 3103 3193 barbarorum
3139 3141 3229 3211 qui
3253 3149 3405 3197 erant
3435 3144 3516 3196 vi-

1964 3231 2071 3285 cini
2107 3232 2244 3285 ultra
2281 3232 2567 3302 Strangam
2600 3232 2709 3303 (26)
2743 3231 2960 3285 fluvium
2994 3232 3128 3301 (2'7),
3182 3234 3435 3301 quoniam
3467 3243 3520 3287 et

1966 3330 2089 3376 ante
2114 3331 2323 3390 tempus
2346 3330 2606 3375 venerant
2630 3320 2848 3391 quidam
2871 3322 2935 3375 ad
2964 3322 3342 3390 requirendum
3371 3338 3516 3387 eum,

1964 3430 2069 3484 quo
2094 3429 2361 3482 nusquam
2397 3422 2628 3480 reperto,
2650 3414 3038 3478 discesserant;
3074 3422 3190 3466 erat
3221 3414 3363 3467 enim
3393 3423 3521 3468 tunc

1966 3506 2088 3575 fuga
2120 3505 2466 3559 constitutus.
2502 3503 2635 3557 Cum
2675 3521 2801 3574 ergo
2835 3506 2947 3559 lnee
2979 3507 3046 3557 ita
3072 3505 3367 3559 Archelaus
3392 3520 3517 3573 pro-

1964 3598 2207 3659 didisset,
2244 3596 2501 3649 continuo
2526 3611 2584 3649 se
2615 3596 2666 3648 in
2696 3596 2873 3664 fugam
2906 3597 3051 3649 dedit
3076 3596 3276 3661 Manes,
3309 3606 3362 3650 et
3387 3612 3516 3649 cva-

1965 3688 2090 3742 dere
2116 3688 2308 3756 potuit,
2340 3688 2468 3739 dum
2505 3702 2663 3739 nemo
2689 3703 2810 3739 cuin
2844 3688 3239 3756 insequeretur.
3291 3686 3392 3741 Sed
3424 3704 3520 3755 po-

1965 3778 2143 3847 pulus,
2178 3793 2299 3833 cum
2323 3777 2567 3831 Archelai
2603 3793 2762 3847 quem
2791 3778 3015 3831 libenter
3042 3779 3346 3843 audiebant,
3376 3782 3515 3834 rela~

1967 3957 2087 4011 fidei
2108 3956 2378 4025 mysteriis
2401 3955 2527 4009 olim
2560 3954 2913 4009 custodierint
2932 3952 3246 4025 Christiani,
3265 3962 3515 4025 etquan—

1964 4038 2019 4080 to
2044 4024 2354 4081 curaverint
2394 4026 2601 4084 studio,
2650 4042 2714 4077 ne
2758 4033 3113 4078 sacrosanctae
3141 4024 3272 4092 legis
3298 4024 3415 4077 libri
3449 4026 3517 4078 ad

1965 4098 2246 4167 gentilium
2279 4111 2470 4167 manus
2501 4095 2857 4163 pervenirent,
2884 4094 3043 4147 etiam
3076 4103 3363 4167 antequam
3389 4093 3517 4149 Dio-

1966 4164 2178 4222 cletiani
2206 4165 2506 4236 persecutio
2530 4174 2715 4236 exorta
2743 4174 2905 4236 esset,
2940 4179 3001 4217 ac
3032 4164 3339 4218 traditionis
3371 4168 3515 4236 peri-

1965 4239 2145 4292 culum
2178 4234 2499 4290 immineret.
2552 4234 2811 4288 Praeterea
2849 4235 2971 4286 hinc
2993 4243 3231 4301 apparet,
3263 4250 3369 4287 non
3396 4235 3517 4287 ubi~

1965 4323 2071 4376 que
2096 4307 2188 4361 sed
2220 4306 2381 4360 certis
2406 4305 2727 4374 quibusdam
2758 4306 2807 4356 in
2836 4304 2966 4357 locis
2988 4303 3419 4357 Christianorum
3444 4304 3514 4356 li-

1967 4380 2092 4431 bros
2125 4376 2279 4429 vendi
2308 4378 2670 4429 consuevisse.

2031 4448 2143 4517 (22)
2186 4446 2324 4517 idem
2354 4446 2472 4517 cod.
2512 4443 2707 4517 Vat.,_«
2737 4452 2788 4497 et
2812 4460 2874 4495 cx
2902 4442 3300 4517 nostrislibris.
3330 4460 3347 4493 ι

2034 4512 2144 4586 (25)
2185 4516 2240 4569 In
2268 4516 2453 4586 eodem
2484 4515 2601 4568 cod.
2635 4513 2751 4567 Vat.
2775 4555 2789 4576 ,
2831 4532 2849 4564 ‹
2885 4512 3175 4586 discipulos
3218 4512 3372 4586 istius
3404 4526 3517 4565 non

1964 4581 2249 4657 fugarent._
2290 4584 2570 4657 Invenietis
2603 4594 2799 4657 autem
2831 4584 2992 4657 etiam
3021 4584 3088 4657 de
3112 4581 3388 4657 Pat‘acleto
3416 4597 3515 4651 po-

1965 4653 2125 4712 sit'um
2149 4658 2199 4709 in
2222 4654 2533 4723 Scripturis.
2563 4674 2579 4704 ι
2599 4653 2740 4717 Mox,
2771 4671 2789 4703 ι
2815 4654 2981 4708 mittit
3002 4653 3294 4722 discipulos
3314 4668 3461 4716 suos,
3486 4670 3506 4703 ι

1962 4729 2080 4782 sine
2108 4726 2419 4794 particula}
2455 4734 2525 4778 et.
2559 4742 2579 4775 ι

2033 4792 2144 4868 (21)
2178 4795 2311 4868 Cod.
2368 4793 2497 4865 Reg.
2543 4794 2694 4849 Alex.
2742 4792 2859 4868 Vat.
2912 4813 2929 4844 ι
2960 4792 3077 4868 Quo
3106 4808 3226 4845 cum
3265 4792 3511 4868 advenis-

1962 4863 2059 4921 set.
2096 4863 2133 4917 .‘
2183 4864 2350 4918 Paulo
2384 4863 2522 4933 poSt,
2561 4883 2578 4913 ι
2615 4864 3158 4933 pseudo-prophetam
3189 4877 3307 4916 esse
3334 4863 3508 4915 mani-

1962 4939 2113 4992 feste.
2153 4935 2275 4989 Sed.
2316 4955 2333 4986 >

2034 5008 2145 5074 (25)
2185 5006 2321 5058 Idem
2352 5007 2470 5058 cod.
2505 5025 2522 5056 ‹
2562 5005 2612 5058 in
2638 5003 3049 5074 quibuseunque
3074 5001 3204 5055 locis
3238 5008 3507 5074 repertum

1962 5070 2298 5132 ostendimus
2341 5070 2742 5143 comprehendi.
2781 5091 2801 5126 ι
2856 5070 3129 5135 Fortasse,
3164 5090 3181 5121 ι
3214 5070 3508 5124 otl'endere-

1960 5158 2069 5210 tur,
2097 5146 2497 5213 comprehendi.
2537 5164 2553 5196 ν

2031 5218 2142 5283 (26)
2183 5209 2239 5268 In
2266 5216 2450 5270 eodem
2477 5215 2602 5269 cod.
2631 5213 2774 5279 Vat.,
2807 5230 2825 5263 ι
2854 5212 3104 5283 potestati
3126 5209 3513 5283 barbarorum,

1959 5278 2048 5356 qui
2078 5278 2232 5341 erant
2256 5286 2416 5339 vicini
2447 5286 2582 5356 ultra
2606 5278 3117 5356 Stracum’fluvium.
3150 5298 3168 5331 ι
3193 5278 3335 5341 Mox,
3370 5297 3388 5329 ι
3417 5294 3508 5332 ve-

1958 5350 2151 5410 nerant
2176 5357 2392 5425 quidam
2419 5355 2694 5407 hominum
2722 5353 2786 5404 ad
2815 5350 3193 5420 requirendum
3215 5364 3369 5415 eum;
3399 5364 3507 5418 quo

1959 5442 2225 5493 nusquam
2263 5433 2471 5493 reperto
2503 5425 2893 5493 discesserunt.
2921 5438 2941 5493 ε

2029 5489 2140 5561 (27)
2182 5490 2247 5547 Ει
2274 5489 2361 5548 hic
2388 5494 2663 5564 prwcisius
2682 5490 2897 5564 imperii
2923 5489 3147 5541 Romani
3179 5489 3356 5553 limes,
3384 5490 3506 5564 qui-

1959 5560 2081 5619 nam
2111 5564 2361 5619 Archelai
2389 5560 2565 5618 }etate
2598 5571 2649 5615 et
2682 5560 2858 5615 Probo
2883 5560 3177 5629 imperante
3202 5568 3377 5623 esset,
3412 5560 3511 5614 de-

1959 5636 2219 5705 signatur.
