3998 7026
326 5308 332 5316 .
427 5267 548 5323 hius
579 5269 612 5322 li

443 261 580 322 itas
1435 263 1616 317 ACTA
1652 257 2172 318 DlSPUTATlONlS
2213 256 2271 311 s.
2311 257 2650 313 meum.“
3504 256 3645 310 isset
3707 215 3731 238 ’

441 383 587 437 tione
619 388 890 436 teneretur
918 378 1053 450 (ΞΒ),
1085 378 1303 448 quidam
1335 387 1512 435 tamen
1541 380 1726 435 crebre
1757 378 1986 435 insecuti
2014 383 2063 440 Α
2087 392 2177 432 sas
2200 375 2358 430 etiam
2387 373 2648 430 Basilides
2673 374 2888 445 quidam
2919 373 3194 444 antiquior
3219 373 3351 442 (33),
3384 387 3491 425 non
3526 373 3645 426 lun-

441 483 572 529 sunt
598 482 719 546 post
743 488 886 527 eum.
949 471 1052 526 Sed
1079 472 1165 526 ille
1192 473 1307 526 vias
1337 473 1536 542 quibus
1562 481 1801 538 venerat,
1837 487 1988 540 repe—
2091 483 2154 537 ge
2194 477 2314 535 post
2356 475 2666 520 nostrorum
2716 465 3086 536 apostolorum
3131 472 3407 532 tempora;
3452 462 3544 531 qui
3589 472 3645 515 et

449 581 560 620 τευδ
584 605 600 630 ,
634 567 863 619 transito
894 563 1057 618 lluvio
1093 563 1160 617 ad
1185 564 1468 618 Arabionis
1493 564 1770 619 castellum
1810 563 1986 631 rediit,
2089 560 2204 628 ipse
2237 573 2360 612 cum
2391 567 2536 613 esset
2565 566 2836 621 versutus,
2868 565 2921 612 et
2948 555 3168 610 vidisset
3213 554 3358 624 quod
3391 569 3454 607 eo
3501 564 3641 607 tem-

443 658 533 712 ubi
564 665 749 726 postea
777 655 1229 724 comprehensus,
1264 653 1476 709 oblatus
1501 664 1582 711 est
1605 657 1747 726 regi;
1791 656 1990 726 quique
2089 666 2218 720 pore
2257 649 2367 720 jam
2417 658 2599 705 essent
2649 650 2830 705 omnia
2861 657 3234 719 pmoccupata
3260 687 3275 710 ,
3324 646 3641 700 dualitatem

439 748 672 817 plurima
738 747 996 802 adversus
1061 763 1183 801 eum
1252 747 1617 817 indignatione
1665 757 1992 813 commotus,
2090 744 2248 799 istam
2278 742 2450 798 voluit
2477 741 2766 808 afﬁrmare,
2795 757 2917 812 quze
2935 740 3094 796 etiam
3120 740 3260 810 apud
3288 739 3642 810 Scythianum

439 839 576 893 duas
600 847 800 893 mortes
831 838 884 891 in
919 853 1044 892 eum
1079 837 1354 894 vindicare
1396 839 1639 909 cupiens,
1675 854 1836 892 unam
1871 838 1987 905 lilii,
2088 844 2221 888 erat.
2290 831 2532 902 Denique
2580 847 2703 886 cum
2749 831 2882 885 nihil
2923 830 3169 895 haberet,
3203 829 3344 900 quod
3375 837 3644 883 assereret

439 931 664 986 alteram
699 929 1010 994 carcerarii,
1057 929 1222 999 jussit
1249 945 1371 984 eum
1399 939 1522 984 ante
1551 939 1759 998 portam
1801 929 1990 984 civita—
2089 929 2406 999 proprium,
2455 928 2578 982 aliis
2621 927 2780 982 dictis
2814 925 2924 996 (54)
2969 923 3248 996 proposuit
3290 921 3637 977 adversariis.

439 1024 509 1078 tis
537 1024 869 1078 excoriatum
904 1022 1195 1091 suspendi;
1242 1031 1295 1076 et
1322 1022 1511 1092 pellem
1551 1023 1702 1092 ejus,
1755 1023 1988 1078 medica-
2089 1017 2156 1072 Et
2180 1033 2370 1072 omnes
2408 1018 2524 1087 ejus
2563 1017 2684 1072 libri
2715 1016 2946 1072 dillicilia
2989 1015 3230 1085 quaedam
3264 1022 3316 1068 et
3343 1012 3639 1083 asperrima

439 1115 635 1168 mentis
685 1113 935 1170 infectam
963 1154 978 1180 ,
1040 1112 1248 1178 inﬂari;
1301 1129 1490 1169 carnes
1525 1130 1652 1168 vero
1683 1115 1989 1170 volucribus
2089 1108 2386 1164 continent.
2441 1106 2630 1163 Exstat
2663 1115 2842 1162 tamen
2869 1106 3059 1161 tertius
3087 1105 3328 1159 decimus
3359 1103 3497 1157 liber
3528 1113 3637 1156 tra-

437 1203 556 1257 dari
596 1204 760 1273 jussit
806 1204 937 1273 (‘19).
998 1201 1206 1269 Quibus
1251 1212 1434 1274 postea
1475 1204 1670 1274 agnitis
1695 1204 1988 1258 Archelaus
2089 1211 2330 1256 etatuum
2361 1199 2502 1270 ejus,
2526 1200 2681 1270 cujus
2709 1199 2920 1254 initium
2946 1198 3051 1253 tale
3078 1204 3198 1251 est:
3240 1214 3259 1247 ‹
3287 1193 3530 1249 Tertium
3555 1194 3640 1247 de-

439 1294 636 1362 adjecit
673 1309 735 1347 ea
766 1295 934 1363 priori
983 1295 1376 1364 disceptationi,
1416 1305 1475 1349 ut
1498 1294 1750 1349 omnibus
1776 1295 1987 1350 innote-
2089 1294 2288 1348 cimum
2330 1293 2488 1347 nobis
2525 1300 2850 1348 tractatuum
2881 1289 3241 1346 scribentibus
3277 1287 3511 1350 librum,
3547 1300 3640 1339 ne-

440 1394 634 1449 sceret,
668 1386 807 1439 sicut
831 1399 952 1456 ego,
985 1386 1078 1455 qui
1117 1385 1368 1455 inscripsi
1417 1385 1472 1438 in
1512 1385 1786 1454 prioribus
1820 1401 1988 1454 cxpo-
2089 1387 2385 1444 cessarium
2439 1400 2744 1442 sermonem
2797 1384 3122 1451 uberemque
3166 1381 3417 1435 salutaris
3457 1391 3644 1433 sermo

440 1477 546 1530 sui.
605 1476 958 1546 Congregatis
988 1477 1150 1546 igitur
1179 1477 1432 1533 omnibus
1472 1477 1791 1534 Christianis
1816 1518 1830 1541 ,
1860 1477 1988 1532 ferri
2090 1482 2384 1550 praestarit.
2422 1500 2441 1532 ι
2499 1478 2602 1534 Per
2625 1481 2904 1548 parvulam
2934 1474 3116 1530 divitis
3139 1515 3154 1538 ,
3186 1483 3238 1529 et
3262 1472 3514 1542 pauperis
3543 1486 3643 1525 na-

439 1567 698 1622 adversus
735 1583 857 1620 eum
891 1568 1212 1623 sententiam
1259 1570 1478 1639 placuit,
1512 1571 1676 1625 veluti
1719 1571 1988 1642 epilogum
2090 1583 2264 1628 turam
2300 1573 2414 1628 sine
2447 1571 2663 1636 radice,
2694 1579 2743 1624 et
2773 1569 2889 1623 sine
2912 1567 3031 1622 loco
3054 1565 3214 1620 rebus
3257 1563 3643 1633 supervenien—

438 1659 726 1728 quemdam
782 1659 942 1714 morti
993 1660 1109 1728 ejus
1154 1661 1266 1732 (50)
1301 1662 1756 1725 transmittentes,
1795 1677 1989 1718 conso-
2022 1719 2057 1732 λ
2089 1673 2216 1730 tem,
2251 1662 2394 1717 unde
2423 1659 2766 1732 pullulaverit
2811 1658 3028 1712 indicat.
3098 1654 3210 1711 Hoc
3241 1664 3416 1709 autem
3462 1654 3639 1710 solum

441 1760 660 1805 nantem
710 1751 934 1820 reliquis
978 1752 1100 1806 vitae
1127 1719 1517 1823 ejus’negotiis.
1573 1753 1790 1809 Addidit
1825 1755 1984 1809 etiam
2019 1719 2060 1773 Β
2088 1719 2247 1827 caput
2275 1756 2411 1811 liber
2425 1719 2697 1810 .continet.
2758 1750 2948 1806 Nonne
2976 1749 3217 1805 continet
3239 1758 3292 1804 et
3316 1748 3487 1802 alium
3519 1763 3638 1802 ser-

438 1845 542 1898 hoc
559 1843 856 1900 Archelaus
882 1845 1066 1900 dicens
1097 1863 1112 1899 :
1139 1843 1247 1898 Viri
1279 1845 1495 1911 fratres,
1518 1861 1584 1899 ne
1604 1848 1726 1916 quis
1749 1856 1984 1902 vestrum
2087 1862 2324 1912 monem,
2347 1854 2402 1900 ct
2426 1845 2569 1900 sicut
2597 1843 2798 1913 opinati
2832 1851 2959 1898 sunt
2987 1840 3230 1911 quidam,
3253 1853 3430 1893 nonne
3449 1853 3642 1892 omnes

438 1934 746 1989 incredulus
786 1935 856 1990 sit
889 1935 972 1990 his
1000 1951 1120 2004 quae
1147 1951 1175 1989 a
1229 1952 1314 1990 me
1357 1937 1495 1992 dicta
1541 1947 1669 1992 sunt
1716 1959 1729 1991 ;
1781 1939 1833 1992 id
1907 1947 1989 1993 cst
2087 1938 2428 1994 offendemini
2463 1938 2579 2007 ipso
2605 1937 2766 2000 libro,
2794 1934 2952 2004 cujus
2978 1933 3190 1988 initium
3222 1939 3339 1986 erat
3370 1929 3502 1983 hoc?
3529 1928 3635 1983 Sed
3693 1939 3720 1958 “

436 2024 578 2092 quod
623 2041 729 2078 non
764 2025 879 2094 ipse
911 2027 1118 2095 primus
1166 2037 1356 2081 auctor
1402 2027 1646 2082 scelerati
1685 2028 1846 2098 hujus
1892 2029 1987 2083 do-
2087 2033 2152 2087 ad
2180 2046 2292 2087 rem
2326 2030 2536 2085 rediens
2562 2029 2844 2094 Basilides,
2874 2025 3167 2096 interjectis
3193 2024 3313 2094 plus
3346 2023 3520 2076 minus
3548 2023 3637 2076 vel

436 2115 630 2183 gmatis
681 2117 948 2172 exstiterit
999 2117 1211 2183 Manes;
1268 2119 1359 2174 sed
1411 2126 1653 2184 tantum,
1700 2121 1844 2188 quod
1893 2136 1988 2190 per
2086 2126 2396 2197 quingentis
2441 2124 2687 2180 versibus
2721 2123 2798 2178 ait
2838 2141 2851 2176 :
2894 2140 2913 2173 ι
2947 2119 3141 2176 Desine
3182 2119 3248 2172 ab
3293 2116 3440 2171 inani
3467 2124 3519 2170 et
3541 2129 3638 2170 cu-

436 2207 613 2274 ipsum
663 2207 934 2276 aliquibus
971 2216 1124 2262 teme
1169 2209 1410 2277 partibus
1456 2208 1858 2266 manifestatum
1895 2213 1982 2267 sit.
2087 2217 2228 2270 riosa
2260 2215 2517 2270 varietate
2547 2233 2560 2268 :
2607 2212 2949 2283 requiramus
2975 2217 3155 2264 autem
3183 2208 3352 2278 magis
3376 2247 3390 2268 ,
3418 2221 3538 2278 qua:
3572 2204 3640 2258 dc

437 2297 542 2351 Sed
579 2313 684 2352 non
716 2299 896 2352 statim
927 2298 973 2353 is
1000 2300 1091 2368 qui
1134 2299 1334 2368 aliquid
1380 2315 1704 2369 quocunque
1736 2312 1986 2371 portave-
2087 2306 2242 2360 bonis
2291 2314 2344 2360 et
2390 2304 2547 2359 malis
2596 2303 2759 2358 etiam
2802 2300 3015 2355 barbari
3056 2297 3453 2369 inquisieruut,
3501 2303 3555 2348 ct
3583 2294 3636 2346 in

436 2389 526 2453 rit,
555 2400 745 2446 auctor
772 2390 891 2460 ejus
910 2392 1179 2461 putandus
1195 2404 1297 2455 est,
1327 2395 1417 2446 sed
1446 2394 1537 2463 qui
1563 2394 1847 2450 invenerit.
1878 2397 1988 2452 Sic—
2086 2414 2222 2467 quas
2255 2397 2538 2467 opiniones
2571 2395 2636 2450 de
2663 2395 2748 2450 his
2773 2392 3023 2449 omnibus
3071 2397 3449 2460 pervenerunt.
3511 2385 3637 2452 Qui-

437 2492 497 2535 ut
529 2485 671 2536 enim
715 2485 1040 2552 gubernator
1083 2494 1356 2554 acceptam
1407 2501 1598 2540 navem
1642 2502 1803 2557 quam
1849 2489 1986 2544 alius
2086 2492 2210 2544 dam
2236 2489 2380 2544 enim
2409 2488 2601 2542 horum
2627 2487 2898 2550 dixerunt,
2921 2482 3073 2538 initia
3096 2480 3338 2535 omnium
3365 2478 3475 2533 duo
3496 2493 3632 2540 esse,

434 2575 582 2641 fecit,
615 2578 679 2630 ad
708 2594 1046 2648 quaecunque
1076 2579 1192 2633 loca
1223 2579 1450 2632 voluerit
1490 2581 1782 2648 perducere
1805 2624 1821 2644 ,
1855 2583 1985 2637 alie—
2087 2582 2283 2650 quibus
2313 2580 2455 2634 bona
2480 2588 2534 2634 et
2568 2579 2709 2632 mala
2758 2576 3192 2636 associaverunt,
3245 2569 3364 2640 ipsa
3396 2569 3633 2624 dicentes

437 2683 540 2722 nus
569 2679 649 2723 est
680 2678 857 2724 tamen
905 2670 1052 2724 omni
1097 2685 1290 2739 genere
1331 2685 1360 2724 a
1401 2673 1801 2727 constructione
1828 2673 1984 2742 ejus;
2087 2674 2239 2728 initia
2270 2688 2390 2728 esse
2434 2680 2488 2727 et
2532 2669 2799 2740 ingenita,
2842 2667 2896 2722 id
2935 2675 3017 2722 est
3056 2666 3108 2719 in
3145 2663 3428 2736 principiis
3462 2662 3630 2717 lucem

435 2757 510 2811 ita
536 2758 916 2828 intelligendus
942 2769 1023 2813 est
1043 2770 1096 2814 et
1118 2759 1217 2813 iste
1245 2779 1258 2814 :
1288 2775 1393 2813 non
1418 2761 1563 2813 enim
1589 2776 1655 2814 ex
1684 2761 1838 2817 initio
1862 2763 1985 2817 huic
2088 2765 2254 2820 fuisse
2275 2806 2291 2831 ,
2322 2780 2384 2819 ac
2415 2763 2662 2818 tenebras
2685 2802 2700 2825 ,
2737 2776 2856 2832 quae
2879 2775 2946 2814 ex
2974 2757 3274 2828 semetipsis
3299 2765 3496 2821 erant,
3527 2769 3631 2808 non

434 2847 512 2901 rei
549 2847 663 2918 ipse
695 2849 955 2918 originem
991 2849 1168 2913 dedit;
1207 2849 1295 2903 sed
1319 2863 1382 2903 ea
1403 2857 1610 2903 tantum
1635 2850 1745 2920 (3i)
1771 2868 1890 2921 qua:
1919 2854 1986 2908 ab
2086 2873 2204 2928 qua:
2247 2871 2369 2912 esse
2417 2855 2752 2910 dicebantur.
2814 2850 2939 2906 Haec
2989 2865 3110 2906 cum
3160 2848 3298 2918 apud
3349 2847 3634 2915 semetipsa

433 2941 528 2996 illo
555 2940 769 2995 fuerant
799 2942 1034 3007 inventa,
1068 2957 1163 3011 per
1189 2958 1247 2996 se
1275 2940 1464 2996 detulit
1500 2941 1838 3009 hominibus‘,
1877 2945 1982 2998 sic-
2085 2958 2300 3013 essent,
2335 2947 2608 3018 propriam
2639 2943 3058 3013 unumquodque
3091 2955 3275 2996 eorum
3309 2939 3475 2992 vitam
3507 2953 3633 3007 age-

436 3042 497 3085 nt
537 3035 700 3088 certis
746 3033 1067 3089 testimoniis
1123 3042 1308 3088 notum
1353 3042 1435 3086 est
1466 3051 1478 3085 :
1509 3033 1706 3101 quibus
1747 3037 1986 3105 proposi-
2013 3051 2054 3108 (ς
2087 3041 2208 3105 bat,
2255 3054 2417 3110 quam
2447 3039 2640 3103 vellet,
2690 3047 2742 3090 et
2766 3035 2942 3105 qualis
2986 3033 3091 3090 sibi
3134 3039 3459 3100 competeret
3482 3028 3631 3097 (55);

432 3133 548 3180 tum
600 3133 683 3178 est
718 3125 870 3181 vobis
920 3125 1196 3179 ostendere
1217 3166 1230 3188 ,
1281 3141 1386 3179 non
1440 3140 1505 3178 ex
1535 3125 1689 3180 Mane
1717 3127 1978 3196 originem
2087 3130 2339 3184 omnibus
2369 3129 2512 3184 enim
2543 3127 2777 3181 amicum
2809 3133 2926 3189 est,
2952 3121 3094 3193 quod
3121 3129 3204 3175 est
3229 3117 3500 3190 proprium
3525 3157 3540 3180 ,
3575 3124 3630 3169 et

434 3215 560 3269 mali
590 3215 752 3284 hujus
785 3231 1032 3269 manasse
1070 3216 1214 3285 (33);
1251 3215 1341 3269 sed
1369 3217 1439 3268 ab
1467 3217 1592 3279 alio,
1614 3227 1668 3270 et
1693 3228 1816 3272 ante
1843 3220 1981 3272 mul-
2088 3221 2220 3276 nihil
2265 3221 2366 3276 sibi
2396 3221 2570 3288 ipsum
2610 3219 2810 3272 malum
2855 3216 3085 3271 videtur.
3139 3211 3424 3280 Postquam
3447 3215 3625 3261 autem

433 3314 547 3359 tum
582 3306 840 3373 temporis
873 3321 901 3358 a
931 3305 1160 3359 barbaro
1187 3306 1417 3373 quodam
1469 3319 1678 3372 exorta,
1727 3309 1780 3362 in
1820 3311 1984 3364 silen-
2088 3311 2154 3365 ad
2196 3311 2512 3365 alterutrum
2550 3307 2879 3379 agnitionem
2915 3315 3143 3374 uterque
3166 3301 3440 3372 pervenit,
3467 3307 3520 3352 et
3549 3306 3632 3351 te-

432 3396 509 3450 tio
539 3396 748 3462 habita;
784 3395 851 3450 ab
878 3397 981 3452 isto
1012 3411 1138 3452 vero
1166 3397 1343 3466 ignote
1374 3397 1591 3452 latentia
1614 3440 1629 3464 ,
1658 3401 1820 3454 veluti
1854 3417 1980 3470 pro--
2088 3402 2265 3457 nebrae
2292 3401 2660 3470 contemplata:
2685 3412 2811 3454 sunt
2838 3398 3006 3453 lucem
3039 3393 3152 3465 (56)
3174 3433 3190 3457 ,
3229 3401 3483 3462 tanquam
3511 3403 3631 3442 me-

432 3490 550 3560 pria
579 3489 698 3559 ejus
730 3504 848 3547 esse
877 3491 1081 3560 prolata
1109 3530 1124 3554 ,
1172 3489 1348 3546 deleto
1393 3494 1776 3560 conscriptoris
1805 3494 1976 3559 titulo,
2089 3493 2239 3548 lioris
2272 3493 2348 3548 rei
2381 3499 2594 3561 sumpta
2620 3487 3056 3560 concupiscentia
3076 3524 3092 3551 ,
3135 3482 3544 3540 insectabantur
3573 3494 3636 3535 ea

432 3582 573 3637 sicut
613 3584 865 3652 superius
889 3586 1136 3654 exposui.
1197 3585 1321 3644 Fuit
1345 3589 1662 3659 praedicator
1687 3587 1830 3657 apud
1855 3586 1986 3640 Per-
2089 3586 2449 3642 commisceri.
2497 3602 2517 3636 ι

1658 3723 1707 3777 Ν
1710 3723 1925 3778 onuulla
1964 3724 2186 3792 fortasse
2221 3725 2426 3780 desunt.

504 3871 615 3943 (28)
651 3873 782 3949 Cod.
810 3874 1121 3949 lteg._Alex.
1154 3875 1280 3949 Vat.
1296 3894 1369 3949 ,με
1393 3877 1527 3949 dum
1557 3892 1784 3949 neeum
1835 3878 1982 3933 inse-
2091 3877 2408 3949 praedicasse
2447 3879 2608 3934 dicat.
2667 3878 2808 3934 Fieri
2852 3879 2997 3935 enim
3042 3885 3328 3949 potestgut
3379 3875 3635 3949 Basilides

431 3953 691 4066 ﬂueretur
724 3946 768 3998 is
801 3945 1052 4014 populus,
1079 3954 1133 4000 et
1158 3946 1402 4000 Archelai
1441 3962 1598 4016 quem
1636 3947 1862 4002 libenter
1883 3965 1982 4002 au-
2091 3945 2414 4004 Alexandria
2438 3949 2732 4019 digressus,
2764 3949 2956 4004 Persas
2990 3945 3205 4018 quoque
3239 3946 3504 4000 haereticis
3532 3945 3627 4000 do—

469 4013 666 4066 iebant.
686 4015 944 4066 relatione
965 4024 1290 4066 tenerentur.
1318 4036 1338 4066 )
1371 4016 1492 4066 Mox
1528 4036 1545 4066 ι
1580 4017 1797 4066 crebro.
1832 4038 1850 4066 ι
1887 4035 1984 4066 nm
2092 4020 2359 4066 gmatibus
2390 4018 2605 4066 inﬁcere
2653 4027 2934 4066 tentasset-
2997 4017 3139 4066 Sane
3185 4015 3435 4066 Basilidis
3465 4014 3627 4066 Persae

469 4013 944 4089 iehant,rela_tione
965 4024 1290 4071 tenerentur.
1318 4036 1338 4068 ι
1371 4013 1493 4071 Mo'x
1528 4036 1545 4068 ι
1580 4017 1797 4079 crebro,
1832 4038 1850 4068 ι
1887 4035 1984 4086 pro
2092 4020 2359 4089 gmatibus
2389 4013 2605 4073 inficere
2653 4013 2934 4073 tentasset.
2997 4013 3139 4072 Sane
3185 4015 3445 4089 Basilidis
3465 4014 3634 4089 Persae

435 4084 699 4165 rere‘bre.‘
737 4104 755 4135 ι
780 4084 1112 4165 Paulo-post,
1155 4103 1173 4136 ‹
1209 4095 1754 4165 veneratLrepetans,
1806 4083 1987 4165 traits-
2091 4083 2272 4153 nulla,
2299 4089 2672 4165 quodsciam,
2712 4089 3087 4165 apudveteres
3127 4087 3348 4165 meptio.
3398 4083 3641 4165 _§cripsit

434 4153 510 4232 ito
575 4152 750 4232 ﬂuvio.
776 4152 1099 4210 Adrabionis
1144 4155 1318 4209 rediit.
1356 4175 1374 4206 ι
1432 4152 1564 4209 Vide
1605 4171 1670 4208 an
1700 4156 1986 4226 legendum
2035 4195 2048 4208 .
2092 4152 2270 4232 autem
2298 4152 2554 4232 Basilides
2593 4152 2986 4232 Alexandrinus
3014 4158 3179 4232 libros
3312 4156 3366 4209 in
3397 4152 3641 4232 Evange-

433 4223 874 4304 sitlznrepedans.
917 4242 934 4276 ι
956 4293 1006 4304 η
1230 4293 1243 4304 _
1353 4293 1385 4304 η
1509 4295 1524 4304 _
1595 4294 1606 4304 .
1637 4293 1649 4304 .
1912 4295 1926 4304 _
2093 4227 2246 4289 lium,
2281 4229 2466 4282 eodem
2491 4227 2735 4304 Eusebio
2750 4237 2900 4291 teste,
2936 4227 3029 4304 qui
3059 4242 3165 4304 non
3189 4225 3278 4304 alii
3304 4240 3424 4304 esse
3456 4223 3644 4278 viden-

465 4361 476 4372 .
506 4291 622 4372 (29)
660 4293 716 4346 ln
749 4293 1059 4372 his_verbi_s,
1102 4313 1130 4372 ί⁵
1159 4293 1608 4372 volucribusdari
1629 4293 1812 4372 jussit,
1841 4316 1859 4346 ι
1895 4295 1989 4350 de-
2026 4334 2030 4336 -
2092 4305 2180 4372 tur
2206 4313 2235 4350 a
2266 4307 2590 4372 tractatuum
2620 4297 2770 4351 libris
2791 4339 2805 4361 ,
2847 4291 3546 4372 quos_laudat_Archelaus_.
3589 4304 3644 4348 et

432 4363 563 4415 sinit
603 4363 968 4436 apographum
1003 4363 1623 4436 Regio—Alexandrinum,
1647 4363 1985 4428 Vaticanum,
2093 4367 2162 4421 ab
2185 4367 2470 4436 exegeticis
2492 4367 2617 4430 illis,
2651 4384 2717 4421 ex
2743 4363 2972 4436 quorum
3003 4367 3141 4420 libro
3160 4367 3228 4420 ‘23
3250 4364 3492 4436 quaedam
3519 4365 3633 4436 loca

431 4443 681 4498 excerpta
713 4433 956 4502 quaedam
991 4449 1055 4487 ex
1095 4434 1240 4486 Actis
1280 4434 1652 4502 disputationis
1685 4435 1925 4489 Archelai
1958 4451 1988 4488 a
2020 4497 2055 4502 _
2095 4436 2256 4491 refert
2283 4432 2531 4492 Clemens
2555 4432 2950 4491 Alexandrinus
2979 4435 3307 4490 Stromatutn
3335 4434 3426 4486 lib.
3456 4433 3510 4486 4.
3556 4432 3638 4485 An

430 4515 549 4581 cap.
581 4497 644 4582 εδει
679 4497 746 4555 ad
773 4503 842 4556 55
871 4503 1183 4567 continens;
1219 4497 1866 4582 unde'v'arias_lectiones
1895 4505 1988 4559 de-
2020 4497 2066 4553 Ι)
2093 4505 2653 4582 autem_Evangelium
2693 4507 2842 4582 illud
2861 4507 2917 4582 in_
2943 4506 3091 4582 quod
3113 4504 3374 4582 Basilides
3403 4503 3642 4582 scripsit,

431 4573 769 4645 scripsimus,
803 4587 1032 4642 quarum
1057 4588 1156 4642 ope
1193 4573 1438 4642 quadam
1472 4575 1720 4628 Archelai
1760 4576 1876 4630 loca
1912 4591 1990 4630 re-
2095 4573 2651 4645 apostolorunresset,
2680 4590 2746 4645 an
2777 4577 2922 4630 aliud
2951 4573 3094 4644 quod
3121 4590 3220 4645 suo
3242 4580 3414 4645 marte
3437 4573 3646 4645 conlin-

429 4640 749 4716 s‘iii'l'.“‘_‘."'°
821 4640 835 4642 ⁷
1068 4640 1109 4716 ί
1173 4713 1183 4716 _
1212 4640 1224 4642 “
2081 4640 2176 4711 xit,
2209 4646 2365 4714 cujus
2395 4646 2641 4702 meminit
2670 4644 2927 4716 Origenes
2957 4640 3149 4716 hnmJ
3186 4644 3238 4696 in
3267 4641 3492 4716 Lucam,
3524 4641 3645 4716 llic-

653 4709 834 4787 Eof‘er
871 4711 1280 4787 ¹,¹η⁰[ῑί³,θ.ἱυεο,
1313 4731 1332 4764 ³
1511 4785 1520 4787 ,
1609 4786 1612 4787 ν
2080 4709 2339 4787 ronymus
2371 4716 2422 4787 in
2455 4716 2684 4787 prologo
2724 4709 2948 4787 suorum
2977 4713 3362 4787 Commentzin
3391 4710 3645 4787 Marthae-

651 4780 788 4863 lllale
810 4780 1336 4863 codexgasineusis,
1378 4803 1396 4835 ι
1431 4785 1524 4863 sed
1547 4786 1730 4863 etiam.
1771 4805 1788 4836 ι
1908 4855 1942 4863 η
2081 4780 2201 4851 um,‘
2216 4795 2269 4839 et
2293 4780 2692 4863 Atnbr'osius'in
2719 4786 2942 4856 prologo
2975 4785 3029 4838 in
3072 4782 3418 4854 Evangelium
3451 4781 3634 4844 Luem,

461 4920 471 4930 .
499 4849 610 4932 (5})
647 4851 758 4932 Aut
785 4851 918 4932 nihil
952 4851 1127 4932 video,
1161 4863 1254 4908 aut
1277 4856 1346 4932 ita
1377 4855 1692 4932 corrigenda
1718 4866 1800 4910 est
1825 4855 1977 4910 codi-
2081 4849 2210 4932 non_
2224 4855 2355 4932 satis
2379 4855 2581 4923 liquido
2610 4849 2839 4932 constat.

426 4920 505 4992 eis
535 4919 850 4992 Casinensis
891 4921 1084 4986 lectio,
1129 4939 1250 4992 qua:
1295 4927 1377 4979 sic
1419 4940 1477 4978 se
1508 4919 1684 4989 liabet,
1720 4944 1738 4976 ι
1776 4942 1880 4981 non
1913 4942 1979 4980 ex
2157 4924 2270 4992 (54)
2311 4919 2492 4986 Forte,
2531 4943 2548 4975 r
2584 4926 2812 4979 aliorum
2841 4925 3004 4979 dicta.
3044 4943 3060 4974 ι

427 4988 617 5074 Mane-ri
647 4990 1064 5074 origin‘emumali
1096 4988 1258 5072 hujus
1286 4995 1470 5074 Manes
1491 5009 1628 5049 esse.
1671 4988 1689 5046 ὸ
1811 5067 1821 5074 _
2157 4988 2269 5066 (55)
2309 4994 2364 5048 In
2391 4995 2575 5050 codice
2620 4995 2924 5058 Casinensi,
2974 5013 2991 5043 ι
3027 5005 3081 5046 et
3105 4992 3293 5063 quales
3324 4990 3394 5044 ibi
3420 5004 3646 5059 compe-

497 5059 610 5129 (3‘5)
653 5059 764 5133 Etsi
797 5061 1085 5133 Basilidem
1131 5059 1222 5130 qui
1253 5066 1414 5132 paulo
1455 5074 1574 5132 post
1618 5067 1979 5133 apostolorum
2083 5059 2280 5121 terent.
2332 5084 2349 5116 ι

424 5138 672 5204 tempora
696 5131 942 5204 haeresim
988 5129 1205 5204 docuit,
1235 5129 1668 5204 Alexandrinum
1699 5134 1866 5204 fuisse
1886 5173 1900 5195 ,
1931 5144 1985 5186 et
2155 5133 2266 5204 (36)
2305 5133 2577 5189 Tenebras
2621 5133 2889 5189 desiderio
2908 5203 2914 5204 ί
2933 5133 3069 5204 lucis
3107 5129 3463 5204 adipiscenda:
3488 5138 3644 5182 actas

427 5200 480 5274 in
511 5197 742 5274 Egypto
773 5201 988 5274 scholas
1019 5202 1220 5274 erroris
1242 5203 1787 5274 aperuissegestetur
1817 5203 1983 5257 Euse-
2087 5197 2258 5259 fuisse
2304 5203 2496 5274 Manes
2515 5219 2730 5274 quoque
2751 5203 2945 5258 asserit
2971 5203 3023 5254 in
3056 5216 3174 5274 cap.
3199 5197 3273 5252 ⁷15
3317 5199 3479 5274 hujus
3508 5213 3644 5274 ope-

511 5216 742 5323 mgﬂpto
773 5216 988 5258 scnoras
1019 5216 1220 5256 erroris
1242 5218 1536 5272 aperuisse.
1561 5216 1787 5258 testetur
1817 5216 1983 5257 buse-
2087 5216 2254 5259 fuisse
2305 5216 2488 5258 manes
2515 5219 2730 5274 quoque
2751 5216 2945 5258 asserit
2971 5219 3023 5254 In
3056 5216 3174 5269 cap.
3206 5216 3273 5252 ω
3317 5216 3479 5266 nujus
3511 5216 3644 5264 ope-

506 5285 548 5348 !3
579 5269 612 5348 [ί
656 5307 673 5348 :
701 5286 764 5348 “’_
787 5269 990 5348 ίδιονο
1022 5272 1310 5327 εεείεδίαδε-
1324 5315 1345 5348 ,ν
1362 5288 1491 5348 Δ0³1).
1519 5273 1550 5324 7
1570 5291 1611 5348 ;_
1632 5274 1983 5348 nihilominus
2089 5275 2184 5348 ris,
2210 5283 2262 5328 et
2292 5273 2651 5348 apud_'l_‘itur_n_
2671 5273 3004 5348 Bostrensem
3035 5271 3280 5325 adversus
3318 5267 3645 5323 Manichcos

426 5339 520 5406 qui
552 5340 621 5420 ab
642 5339 908 5394 Archelao
939 5352 1288 5420 memoratur,
1323 5339 1554 5420 idemne
1576 5341 1835 5420 Basilides
1863 5343 1985 5420 Ale—
2089 5344 2179 5398 lib.
2208 5357 2245 5411 ι,
2281 5339 2398 5416 pag.
2430 5344 2498 5398 47
2525 5344 2777 5401 editionis
2805 5342 3126 5399 Casiniante.

427 5408 729 5464 xandrinus
760 5426 881 5466 esse
913 5411 1120 5466 videtur
1140 5454 1154 5478 ,
1187 5408 1310 5468 licet
1345 5414 1485 5484 apud
1516 5410 1708 5469 Persas
1734 5413 1980 5469 haeresim
2234 5408 2240 5411 ⁷
2281 5408 2296 5415 ’
2353 5408 2378 5416 ’
3611 5430 3656 5444 -
