3996 6208
252 424 3041 459 *ᾲᾷᾉ--ΜΙ--α-Ὴ-Ψ-
3053 448 3429 459 -ι--ι--α-ῄ

1542 448 1895 458 ————.—.—-

1364 597 1544 639 CIBCA
1596 598 1816 639 ANNUM
1869 596 2095 639 DOMINI
2138 596 2320 641 CCXC.

1050 775 1219 954 S.
1346 770 2591 984 PAMPHILUS

313 1089 902 1180 ECCLESL/E
998 1087 1789 1179 CAESARIENSIS
1859 1090 2551 1185 PRESBYTER
2641 1096 2791 1186 ET
2862 1097 3356 1187 MARTYR

1554 1454 2145 1568 NOTITIA

1101 1668 1384 1733 (Genuam,
1404 1677 1500 1723 Vel.
1530 1675 1671 1722 Patr.
1720 1672 1965 1734 Bibliotlt.,
1992 1681 2025 1724 t.
2068 1674 2149 1736 IV,
2178 1676 2395 1740 Proleg.,
2417 1692 2465 1740 p.
2492 1675 2580 1740 ιιι.)

238 1972 280 2026 1.
308 1973 434 2038 Quis
464 1981 513 2025 et
537 1980 761 2045 quantus
802 1973 884 2045 pir
931 1970 1243 2040 Pamphilus
1267 2014 1282 2039 ,
1317 1969 1484 2025 Pierii
1505 1971 1845 2026 Alexandrini
1870 1971 2173 2041 discipulus.
2210 1971 2456 2027 Ecclesiae
2485 1973 2823 2029 Caesariensis
2868 1976 3132 2045 presbyter
3169 1986 3219 2031 et
3268 1994 3429 2031 orna-

306 2053 554 2095 mentum.
590 2042 927 2095 Beatissimus
950 2052 1169 2111 martyr.

242 2109 307 2165 Il.
340 2112 937 2187 Sacrorunilitterarum
962 2109 1396 2169 studiosissimus.
1424 2112 1758 2168 Bibliotheca:
1784 2110 2124 2168 Caesariensis
2151 2112 2409 2167 conditor.
2442 2114 2522 2166 An
2546 2114 2748 2184 aliquid
2781 2115 2978 2184 proprii
3013 2117 3179 2184 operis
3209 2118 3429 2187 scripse-

306 2183 392 2235 rit.
428 2181 636 2235 Eusebii
668 2181 808 2235 locus
832 2198 1100 2250 expensus.

236 2250 322 2323 ιιι.
353 2251 626 2319 Expositio
656 2253 890 2323 capitum
932 2253 1162 2307 Actuum
1196 2254 1581 2322 apostolorum,
1608 2270 1731 2305 num
1761 2251 2011 2307 Euthalio
2041 2254 2367 2307 ascribenda.
2410 2252 2686 2323 Pamphilo
2710 2258 2986 2309 asseritur.

236 2320 551 2394 lY._An¢tor
570 2321 1039 2394 quoqueOrigcnis
1070 2320 1399 2391 Apologetici
1430 2340 1491 2376 ex
1516 2333 1740 2394 veterum
1774 2325 2083 2377 testimoniis
2120 2324 2281 2391 fuisse
2304 2320 2619 2394 perhibetur.

240 2388 299 2444 ν.
324 2390 404 2462 Eo
429 2392 484 2462 in
506 2388 653 2459 opere
674 2388 1001 2462 potissimum
1030 2388 1313 2457 praeclarus
1344 2395 1632 2447 divinitatis
1662 2392 1856 2447 Christi
1884 2388 2313 2447 assertor-beatus
2339 2405 2540 2462 martyr
2563 2395 2943 2461 comprobatur.
2974 2393 3278 2461 Interpretis
3314 2393 3419 2446 Rn-

300 2460 539 2534 [inifides
568 2463 846 2534 astruitur.
874 2461 1173 2534 Novissima
1201 2463 1431 2530 ejusdem
1453 2463 1782 2534 Apologetici
1806 2463 2070 2518 luculenta
2098 2463 2257 2517 editio
2295 2460 2609 2518 Parisiensis
2648 2460 2932 2518 exhibetur.
2983 2460 3127 2519 Acta,
3152 2465 3412 2533 passionis

301 2528 359 2585 S.
388 2531 652 2600 Pamphili
674 2546 735 2584 ea:
762 2549 857 2585 ms.
888 2530 1117 2586 Mediceo
1147 2528 1492 2601 adjiciuntur.

214 2692 215 2695 η
298 2648 339 2698 Ι.
368 2645 678 2715 Pamphilus
724 2655 881 2717 gente
929 2648 1235 2704 Phtenicius
1285 2664 1352 2703 ex
1406 2649 1774 2721 Berytensium
1804 2658 1849 2714 Α
1879 2660 1936 2704 ιιι
1970 2666 2088 2705 eam
2126 2649 2328 2704 medias
2358 2649 2499 2703 inter
2522 2648 2811 2720 Egyptum
2859 2656 2912 2703 et
2950 2647 3289 2703 Antiochiam
3325 2647 3424 2700 Ec-

232 2738 381 2802 orbe,
413 2740 575 2793 nobili
592 2754 783 2807 genere
813 2750 998 2807 ortus,
1028 2741 1254 2796 illustris
1275 2758 1490 2812 quoque
1534 2742 1634 2797 fuit
1658 2759 1776 2796 mu-

232 2832 451 2886 neribus
482 2832 535 2885 in
569 2833 739 2902 patria
772 2834 985 2903 publice
1015 2834 1181 2903 gestis
1214 2834 1309 2904 (l).
1338 2832 1534 2887 Verum
1570 2834 1772 2888 relictis

231 2926 579 2980 sazcularibus
604 2927 767 2993 curis,
825 2926 1205 2981 Alexandriam
1259 2942 1319 2982 se
1371 2927 1642 2991 contulit;
1685 2926 1773 2980 ubi

232 3015 466 3072 Pierium
497 3020 637 3075 illius
670 3019 921 3075 Ecclesia:
971 3020 1343 3090 presbyterum
1369 3058 1384 3080 ,
1429 3020 1604 3072 virum
1654 3021 1773 3073 exi-

232 3108 422 3175 mium,
446 3110 499 3163 in
529 3126 804 3166 sacrarum
837 3111 1136 3165 litterarum
1169 3111 1347 3166 studio
1376 3112 1647 3165 doctorem
1678 3111 1772 3164 ha-

230 3200 364 3267 buit,
392 3211 452 3256 ut
470 3203 894 3259 scribitPhotius
920 3204 1017 3273 (2).
1050 3203 1308 3274 Deinceps
1330 3218 1456 3258 vero
1476 3203 1772 3258 Caesaream

230 3288 523 3347 Palaestina:
555 3296 902 3358 contendens,
935 3304 1094 3364 atque
1116 3295 1184 3349 ad
1208 3293 1524 3365 presbyterii
1546 3294 1769 3365 gradum

229 3389 464 3443 evectus,
496 3380 843 3436 Caesariensis
869 3381 1121 3437 Ecclesiae
1136 3394 1512 3438 ornamentum
1535 3382 1771 3447 exstitit;

229 3470 407 3539 ibique
431 3471 663 3527 maxime
713 3472 998 3537 inclaruit,
1054 3487 1162 3541 quo
1190 3484 1428 3542 tempore
1460 3475 1771 3528 cathedram

230 3559 376 3614 illam
403 3561 760 3632 episc0palem
806 3573 926 3632 post
957 3562 1323 3617 Theotecnum
1366 3564 1579 3618 tenebat
1626 3564 1763 3633 Aga-

228 3649 369 3715 pius.
418 3646 603 3721 Virum
658 3650 1075 3705 disertissimum
1128 3651 1481 3721 moribusque
1514 3668 1578 3707 ac
1608 3653 1771 3722 gestis

226 3756 350 3794 vere
382 3741 783 3810 philosophum,
810 3742 1230 3813 ὲλλογιμώτατον
1257 3742 1403 3813 αὐτῷ
1424 3759 1482 3795 τε
1509 3743 1609 3814 βίῳ
1629 3743 1773 3812 φιλό-

229 3849 388 3902 σοφον
440 3833 612 3905 ἀληθῆ
644 3873 660 3898 ,
707 3833 1044 3904 Pamphilum
1100 3846 1345 3891 nostrum
1407 3846 1561 3891 vocat
1606 3836 1773 3891 Euse-

226 3925 348 3979 hius
378 3924 453 3995 (5)
487 3942 499 3979 :
534 3925 624 3994 qui
663 3926 824 3980 etiam
862 3927 1070 3996 singula
1108 3942 1229 3996 quae
1252 3929 1317 3982 ad
1347 3929 1490 3984 illius
1524 3928 1691 3982 vitam
1720 3938 1773 3982 et

227 4015 291 4068 ad
317 4015 555 4069 scholam
601 4016 668 4070 ab
700 4017 887 4071 eodem
938 4018 1235 4072 institutam
1272 4019 1573 4087 pertinent;
1623 4018 1768 4072 varia

1878 2741 2069 2795 clesias
2106 2742 2160 2795 in
2200 2756 2538 2797 communem
2563 2757 2721 2795 usum
2748 2741 3012 2810 recepisse
3042 2749 3263 2794 testctur
3294 2756 3427 2794 san-

1879 2840 1997 2884 ctus
2020 2829 2376 2901 Hieronymus
2408 2831 2503 2899 (5).
2547 2830 2806 2885 Mittimus
2847 2833 3005 2884 etiam
3036 2846 3154 2899 qua:
3185 2831 3249 2884 de
3308 2832 3422 2900 ipso

1874 2922 2156 2992 Pamphilo
2188 2922 2327 2976 idem
2356 2922 2544 2977 doctor
2576 2923 2842 2977 maximus
2872 2931 2994 2991 post
3021 2921 3307 2976 Eusebium
3344 2924 3419 2993 (0)

1876 3015 2000 3068 alibi
2027 3023 2240 3068 enarrat
2269 3014 2346 3085 (7)
2378 3032 2391 3068 :
2430 3012 2579 3066 illum
2611 3013 2893 3079 videlicet,
2948 3030 3065 3066 cum
3098 3012 3418 3067 Demetrium

1875 3105 2187 3160 Phalereum
2251 3113 2300 3159 et
2364 3104 2705 3158 Pisistratum
2760 3104 2815 3157 in
2876 3121 3039 3159 sacra:
3102 3104 3421 3159 bibliotheca:

1873 3200 2050 3255 studio
2092 3198 2239 3253 vellet
2285 3214 2489 3269 requare
2516 3239 2530 3263 ,
2566 3197 2915 3266 imaginesque
2959 3198 3279 3267 ingeniorum
3307 3214 3423 3267 qua:

1875 3309 1994 3346 vera
2018 3303 2136 3345 sunt
2166 3300 2215 3343 et
2242 3301 2439 3345 (eterna
2473 3299 2828 3353 monumenta,
2871 3298 2978 3342 toto
3016 3288 3135 3341 orbe
3158 3289 3419 3358 perquire-

1876 3394 1972 3449 ret,
2003 3394 2123 3437 tunc
2158 3372 2235 3437 uel
2279 3383 2502 3435 maxime
2535 3381 2774 3452 Origenis
2796 3380 2956 3435 libros
2984 3381 3268 3451 impensius
3299 3396 3421 3449 pro-

1874 3485 2123 3539 secutum,
2157 3474 2467 3529 Ca'sariensi
2502 3472 2746 3527 Ecclesia:
2777 3473 3083 3536 dedicasse;
3134 3483 3419 3541 praeterea-

1875 3581 1979 3633 que
2002 3565 2076 3632 (8)
2102 3564 2473 3618 Cwsariensem
2508 3562 2867 3615 bibliothecam
2896 3561 3272 3615 studiosissime
3299 3577 3422 3614 con-

1874 3657 2076 3725 fecisse.

1943 3747 2008 3800 Et
2037 3747 2151 3800 haec
2173 3746 2387 3815 quidem
2418 3745 2559 3800 beati
2593 3744 2842 3815 martyris
2881 3743 3122 3798 studium
3155 3743 3207 3795 in
3249 3742 3419 3796 sacris

1873 3838 2162 3910 praesertim
2182 3838 2375 3892 litteris
2395 3836 2701 3891 excolendis
2718 3836 2848 3889 satis
2866 3835 3116 3905 produnt.
3138 3832 3254 3901 Ipse
3270 3848 3415 3897 vero,

1873 3926 2322 3999 inquitEusebius
2343 3928 2482 3997 apud
2500 3926 2882 3997 Hieronymum
2908 3925 3004 3995 (9),
3031 3926 3228 3995 proprii
3251 3927 3419 3995 operis

1874 4021 2005 4076 nihil
2032 4020 2239 4074 omnino
2261 4021 2490 4090 scripsit,
2519 4020 2746 4088 exceptis
2770 4016 3019 4086 Epistolis
3040 4034 3167 4088 quas
3192 4018 3259 4071 ad
3285 4020 3418 4070 ami-

224 4123 440 4178 qnoque
465 4108 866 4164 confessionum
890 4111 1185 4164 certamina
1213 4111 1603 4180 persecutionis
1633 4120 1769 4165 tem-
1804 4131 1845 4185 Β
1876 4130 1960 4167 cos
2000 4112 2135 4182 forte
2158 4113 2428 4166 mittebat:
2454 4113 2506 4165 in
2539 4122 2741 4164 tantum
2757 4128 2809 4164 se
2823 4112 3117 4165 humilitate
3138 4111 3413 4179 dejecerat.

225 4214 355 4268 pore
388 4200 455 4255 ab
476 4216 537 4255 eo
576 4202 832 4267 tolerata;
874 4218 937 4257 ac
990 4212 1262 4271 postremo
1292 4206 1610 4276 martyrium
1664 4222 1773 4276 quo

226 4302 516 4348 coronatus
555 4304 659 4359 cst,
707 4296 962 4365 peculiari
1023 4312 1183 4366 opere
1235 4299 1548 4368 complexus
1604 4300 1771 4354 fuisse

224 4386 535 4453 perhibetur
563 4406 576 4440 :
606 4388 748 4456 quod
775 4396 951 4443 tamen
988 4388 1324 4444 intercidisse
1351 4430 1365 4453 ,
1410 4391 1532 4459 jure
1580 4392 1769 4445 dolen-

224 4478 374 4530 dum.
393 4474 589 4531 Passus
616 4488 691 4532 est
726 4478 976 4534 Ctesarete
999 4480 1300 4535 Palmstina:
1313 4482 1406 4535 sub
1422 4483 1772 4551 persecutione

226 4566 528 4634 Maximini,
553 4578 685 4623 teste
710 4567 1032 4641 Hieronymo
1061 4570 1136 4641 (4)
1160 4612 1175 4637 ,
1214 4587 1355 4626 anno
1384 4572 1485 4626 309
1532 4572 1767 4627 ineunte.

293 4659 356 4713 ll.
386 4660 466 4714 Ad
494 4672 837 4715 monumenta
863 4677 988 4717 vero
1020 4664 1319 4718 litterarum
1340 4662 1604 4734 Pamphili
1624 4666 1769 4733 quod

222 4754 429 4818 attinet,
455 4755 594 4808 nulla
619 4755 705 4809 hic
727 4755 925 4809 mentio
946 4756 1011 4809 de
1036 4756 1295 4810 Lxxvirali
1333 4756 1586 4821 editione,
1608 4773 1770 4826 quam

221 4854 443 4897 sanctus
477 4853 677 4914 martyr
700 4860 805 4898 una
834 4860 957 4899 cum
990 4845 1218 4900 Eusebio
1244 4846 1562 4915 descripsit,
1613 4858 1772 4917 prout

224 4936 293 4989 ab
313 4932 540 5005 Origene
568 4935 839 4990 asteriscis
863 4938 1104 5005 suppleta
1121 4936 1398 5006 obelisque
1422 4938 1631 4992 confixa
1657 4938 1771 4993 fue-

244 5035 352 5078 lunt
383 5044 394 5079 :
424 5042 543 5096 qua:
575 5026 788 5095 quidem
831 5024 1015 5086 editio,
1048 5031 1203 5094 Vulgo
1234 5028 1523 5082 Palccstina
1563 5046 1770 5083 nuncu-

245 5117 351 5169 ιιαιι
377 5158 391 5181 ,
429 5133 598 5185 usque
632 5118 764 5171 adeo
815 5115 1163 5185 comprobata
1203 5120 1369 5176 fuisse
1399 5124 1726 5190 comperitur
1750 5161 1766 5186 ,

420 5321 543 5409 Σίρι
568 5334 691 5409 inir.
726 5334 840 5386 Act.
871 5332 1099 5409 passuri.
1132 5331 1386 5404 Pamph.,
1426 5336 1489 5409 §§
1519 5339 1551 5393 5
1583 5350 1633 5394 et
1666 5342 1714 5395 7.

410 5388 550 5474 Iiibl.
582 5406 691 5455 cod.
723 5420 829 5469 (ιιι,
863 5388 979 5473 pag.
1002 5402 1126 5457 ‘299.

302 5462 377 5545 (sy
416 5461 703 5545 tranant.
736 5461 827 5526 lib:
863 5461 960 5533 ἰηιῖ
994 5474 1224 5545 (Ἀρί-52.

305 5533 383 5610 (ᾖ)
414 5531 490 5610 Pe
516 5534 609 5610 vjr.
649 5540 836 5596 illustr.
859 5584 873 5606 ,
908 5531 1024 5610 cap.
1056 5531 1142 5595 75.

309 5603 385 5680 εξ)
412 5602 567 5680 grief.
595 5607 643 5660 in
676 5612 765 5665 lih.
794 5602 1024 5680 Paralip.

302 5672 378 5743 (6)
406 5673 545 5729 Hist.
570 5680 687 5733 eccl.
719 5683 809 5736 lib.
836 5699 887 5736 vr
909 5724 923 5751 ,
955 5672 1071 5753 cap.
1099 5683 1188 5739 32.

1874 4205 2091 4259 Interim
2119 4214 2298 4258 tamen
2334 4203 2643 4273 hujusmodi
2689 4202 2928 4273 episcopi
2957 4202 3305 4258 Caesariensis
3335 4212 3415 4256 tc-

1876 4297 2186 4353 stimonium
2249 4296 2383 4349 nihil
2438 4295 2698 4364 impedit,
2759 4294 3051 4363 quominus
3105 4292 3416 4363 Pamphilus

1873 4389 2130 4458 opuscula
2156 4389 2262 4443 duo
2286 4404 2407 4457 qua:
2443 4387 2619 4442 adhuc
2646 4394 2906 4457 superant
2941 4387 3224 4457 scripsisse
3249 4429 3263 4452 ,
3300 4385 3413 4440 Ex-

1871 4483 2177 4550 positionem
2214 4480 2467 4534 nimirum
2501 4480 2727 4548 capitum
2779 4480 3006 4533 Actuum
3064 4478 3415 4547 apostolorum

1871 4583 1920 4627 et
1956 4572 2192 4641 Origenis
2242 4570 2629 4640 Apologeticum
2655 4611 2669 4635 ,
2719 4570 2912 4623 merito
2940 4569 3295 4623 existimetur.
3331 4569 3416 4622 Si-

1871 4666 2108 4731 quidem,
2139 4672 2198 4719 ut
2226 4666 2390 4734 probe
2412 4663 2679 4734 perspexit
2710 4663 3110 4718 eruditissimus
3156 4662 3415 4718 Fontani-

1873 4756 1995 4808 nius
2027 4754 2160 4824 (l0),
2194 4752 2457 4808 Eusebius
2496 4762 2640 4807 certe
2686 4767 2794 4805 non
2846 4751 3027 4818 dixit,
3074 4750 3412 4820 Pamphilum

1872 4847 2003 4900 nihil
2021 4849 2205 4915 operis,
2228 4848 2319 4902 sed
2336 4846 2464 4901 nihil
2480 4845 2865 4914 rnornuoperis
2889 4846 3095 4898 omnino
3109 4843 3376 4911 scripsisse
3394 4860 3411 4895 :

1874 4942 1975 5008 vel,
2012 4942 2057 4996 si
2085 4941 2274 5007 mavis,
2315 4940 2431 5010 ipso
2457 4937 2782 5008 Hieronymo
2808 4938 3111 5006 interprete,
3130 4936 3259 4988 nihil
3284 4949 3411 4989 rno-

1870 5049 1972 5086 ριιιιι
1994 5034 2271 5103 quidquam
2295 5031 2581 5084 condidisse
2604 5045 2879 5085 scnuoms.
2900 5028 3061 5097 Atqui
3083 5027 3227 5096 prius
3277 5042 3413 5094 opu-

1870 5124 2079 5176 sculum
2126 5121 2472 5177 conscribcns
2504 5120 2831 5191 Pamphilus,
2862 5118 2994 5172 nihil
3027 5118 3223 5186 proprii
3245 5117 3413 5185 operis

1944 5344 2019 5414 (7)
2042 5343 2284 5405 Hierom,
2302 5344 2459 5414 epist.
2478 5343 2565 5407 34,
2591 5342 2659 5396 al.
2685 5341 2890 5414 Μελεά
2908 5338 3164 5403 Marcell.,
3183 5354 3333 5392 num.
3359 5339 3410 5395 l.

1943 5411 2014 5483 (8)
2043 5414 2117 5483 lil.
2154 5414 2229 5466 De
2260 5411 2354 5466 vir.
2392 5413 2612 5483 illustr.,
2647 5426 2763 5479 cap.
2787 5411 2837 5462 5.

1941 5477 2014 5551 (9)
2044 5482 2152 5548 ld.,
2185 5484 2275 5551 lib.
2312 5498 2327 5535 ι
2403 5482 2621 5550 Apolog.
2672 5477 2837 5533 contr.
2884 5477 3057 5546 Ruﬁn.
3083 5520 3098 5544 ,
3150 5495 3301 5535 num.
3332 5479 3368 5535 0
3396 5520 3409 5541 ,

1871 5550 2013 5622 Opp.
2038 5561 2164 5622 ton).
2194 5550 2256 5615 ll,
2288 5567 2408 5619 pag.
2442 5551 2563 5622 465.

1940 5616 2045 5693 (10)
2086 5620 2225 5676 Hist.
2257 5616 2416 5676 li'tte'r.
2449 5620 2625 5692 Aquil.
2668 5620 2758 5676 lib.
2789 5635 2840 5683 ν,
2870 5632 2985 5688 cap.
3008 5616 3185 5689 5,§5,
3207 5636 3256 5688 p.
3285 5619 3407 5673 250.
