3998 7026
567 271 697 327 1531

1777 273 1834 328 S.
1875 272 2196 328 PAMPlllLl
2235 272 2587 329 MARTYRIS

3650 277 3676 332 1
3686 279 3779 334 532

567 389 807 460 protulit,
838 405 939 446 nec
967 390 1261 461 quidquam
1308 390 1552 446 condidit
1593 393 1793 460 proprii
1821 394 2076 447 sermonis
2104 408 2123 446 :
2156 397 2199 452 Α
2228 390 2380 458 Acta,
2423 401 2581 461 atque
2608 391 2662 446 in
2698 392 3004 448 melioribus
3036 390 3170 449 Novi
3197 391 3531 448 Testameuti
3581 394 3786 451 editio-

565 481 696 536 illud
711 480 855 535 enim
881 483 1144 537 duntaxat
1161 497 1226 536 ex
1251 483 1480 538 summis
1496 497 1675 537 rerum
1701 483 1968 552 capitibus
1992 498 2128 553 quas

566 576 619 629 in
633 575 931 644 apostolica
953 574 1178 628 historia
1192 574 1353 628 tradit
1369 584 1587 630 sanctus
1610 574 1967 644 Lucas,~patet
1981 575 2048 629 ab
2063 590 2127 629 eo

565 673 900 721 contextum.
929 663 1116 735 Neque
1161 680 1324 734 porro
1352 666 1622 734 posterius
1660 666 1953 735 Quidquam
2001 681 2125 734 pro-

564 759 668 826 prii
689 756 860 825 operis
879 756 992 811 sive
1012 755 1264 809 sermonis
1287 755 1481 809 habere
1497 756 1824 825 comperitur
1844 746 1862 808 Ξ
1881 756 2126 824 quando-

567 848 808 918 quidem,
851 857 912 902 ut
947 849 1023 901 ait
1067 847 1149 900 vir
1177 846 1273 911 cl.,
1327 847 1513 902 beatus
1542 855 1745 916 martyr
1787 855 1973 901 contra
2009 861 2126 900 ma-

565 941 672 994 lam
705 937 1009 993 doctrinam
1045 935 1270 1006 Origeni
1302 935 1560 1004 objectam
1585 977 1599 1001 ,
1633 950 1814 988 veram
1847 934 1969 1004 ejus
2021 935 2123 989 do-

564 1028 793 1083 ctrinam
830 1026 963 1094 ipsis
981 1023 1321 1095 Origenianis
1341 1024 1518 1078 verbis
1532 1037 1844 1092 expressam
1865 1023 2118 1092 opponit;

566 1130 628 1175 ut
673 1133 739 1172 ex
784 1117 1068 1185 utriusque
1119 1125 1308 1170 mutuo
1356 1115 1561 1170 collata:
1613 1113 1931 1169 discrimine
1978 1117 2122 1172 clare

562 1212 862 1272 evincatur,
904 1209 1148 1279 Origenis
1177 1208 1374 1276 scripta
1405 1207 1473 1261 ab
1503 1207 1771 1261 haereticis
1793 1205 1964 1262 fuisse
1993 1223 2118 1262 cor-

564 1314 720 1376 rupta
753 1322 766 1368 ;
823 1319 946 1357 cum
980 1303 1117 1356 lianc
1165 1314 1330 1355 unam
1369 1300 1725 1368 quaestionem
1777 1307 2068 1368 pertractet
2100 1341 2116 1367 ,

566 1399 838 1452 fuerintne
861 1394 1104 1464 Origenis
1136 1393 1256 1446 libri
1290 1392 1548 1461 corrupti,
1582 1406 1788 1446 necne:
1821 1393 1966 1462 quod
1989 1409 2120 1448 sane

564 1508 672 1546 non
705 1500 784 1548 cst
815 1488 1012 1558 proprii
1051 1487 1218 1555 operis
1254 1484 1456 1552 aliquid
1484 1483 1735 1538 condere.

637 1579 720 1634 Ill.
754 1579 848 1634 llis
881 1587 1057 1632 autem
1109 1576 1298 1645 positis
1332 1577 1398 1630 ad
1453 1585 1747 1645 utrumque
1795 1573 2116 1645 opusculum

2231 483 2390 538 nibus
2417 482 2633 538 Roberti
2661 481 2932 552 Stephani,
2963 482 3186 538 Joannis
3216 481 3434 538 llenrici
3465 476 3713 538 Boecleri
3736 501 3784 542 et

2228 572 2452 630 Joannis
2485 573 2632 628 Millii
2663 590 2677 638 ;
2716 589 2918 628 necnon
2966 575 3019 628 in
3049 573 3285 629 Danielis
3315 573 3526 628 lleinsii
3557 576 3633 627 ad
3671 573 3784 630 No-

2227 682 2344 721 vum
2392 665 2773 719 Testamentum
2794 665 3265 720 exercitationibus.
3291 662 3417 719 Haec
3438 664 3734 721 Fabricius
3772 710 3784 726 .

2225 758 2315 826 qui
2340 766 2392 811 et
2415 757 2530 827 ipse
2561 757 2597 810 l.
2632 773 2680 812 c.
2709 757 2846 810 hanc
2889 754 3153 824 Pamphili
3199 752 3602 823 Expositionem
3659 772 3779 810 cum

2226 847 2542 902 Euthaliana
2575 848 2820 902 collatam
2851 847 2987 918 typis
3016 846 3379 901 excudendam
3400 847 3589 901 denuo
3621 863 3780 901 cura.

2226 941 2317 993 vit.
2350 939 2483 1005 Quae
2518 955 2643 994 cum
2669 940 2741 993 ita
2771 953 2828 994 se
2853 938 3104 1003 habeant,
3147 938 3578 993 existimaverim
3630 943 3780 1009 equi-

2223 1031 2341 1085 dem
2403 1030 2794 1086 Wetsthenium
2830 1029 3007 1084 minus
3035 1030 3278 1084 consulte
3301 1046 3473 1084 unum
3509 1031 3776 1099 ejusmodi

2222 1123 2406 1192 opella:
2433 1133 2700 1178 auctorem
2735 1121 3040 1176 Euthalium
3083 1137 3374 1191 agnoscere
3402 1123 3523 1191 (15)
3558 1140 3578 1187 ;
3635 1125 3773 1178 nullo

2223 1229 2351 1268 sane
2383 1224 2700 1286 argumento
2729 1215 2861 1270 satis
2889 1215 3066 1280 tirmo,
3102 1230 3208 1284 quo
3264 1215 3316 1268 in
3344 1231 3505 1269 suam
3551 1226 3771 1272 senten-

2222 1306 2346 1359 tiam
2380 1322 2480 1361 nos
2508 1306 2798 1376 pertrabat,
2827 1305 2880 1360 iu
2911 1305 3144 1360 medium
3175 1305 3425 1359 adducto.

2289 1396 2377 1451 IV.
2415 1397 2485 1452 De
2513 1398 2682 1452 altero
2709 1406 2886 1451 autem
2918 1394 3182 1465 Pamphili
3227 1397 3516 1465 opusculo,
3570 1397 3776 1451 scilicet

2223 1488 2461 1557 Origem's
2490 1489 2843 1558 Apologetico,
2875 1503 2981 1541 non
3021 1499 3104 1542 est
3134 1487 3406 1541 enimvero
3461 1504 3564 1540 cur
3619 1491 3774 1542 verba

2219 1577 2479 1634 faciamus
2512 1598 2525 1632 :
2559 1579 2697 1633 hanc
2715 1579 2855 1632 enim
2877 1578 3206 1647 provinciam
3225 1592 3409 1647 cepere
3447 1577 3770 1644 jamdudum

565 1671 847 1742 Pamphilo
872 1667 1243 1731 astruendum,
1270 1666 1335 1721 de
1361 1667 1540 1736 priore
1565 1667 1784 1736 quidem
1814 1667 1894 1722 sic
1936 1665 2119 1736 prolo-
2153 1741 2176 1742 ἡ
2220 1671 2357 1725 inter
2399 1669 2727 1723 recentiores
2779 1668 2880 1721 viri
2911 1668 3211 1722 doctissimi
3239 1707 3254 1729 ,
3290 1665 3518 1722 lluetius
3561 1670 3622 1722 in
3671 1671 3773 1738 pri-

565 1741 750 1833 quitur
785 1761 1132 1817 doctissimus
1162 1759 1600 1814 Montfauconius
1631 1802 1647 1826 ,
1701 1761 1792 1830 qui
1824 1775 1889 1814 ex
1926 1757 2116 1814 codice
2149 1741 2190 1796 Β
2220 1758 2323 1812 mis
2353 1757 2465 1828 (14)
2491 1798 2506 1824 ,
2535 1756 2914 1811 Tillemontius
2962 1755 3072 1826 (15)
3129 1765 3181 1809 et
3211 1755 3568 1812 Fontaninius
3620 1759 3771 1826 (l6);

565 1853 1055 1909 Coislinianoiilud
1112 1852 1321 1921 primus
1380 1851 1436 1904 in
1490 1851 1686 1920 vulgus
1736 1852 1912 1907 emisit
1952 1853 2113 1924 (ll);

571 1965 591 1997 ι
639 1944 1032 2012 Expositionem
1061 1943 1291 2012 capitum
1323 1943 1549 1996 Actuum
1579 1943 1936 2012 apostolorum
1993 1959 2116 2000 esse

567 2052 689 2091 vere
707 2035 1262 2105 Pamphili'martyris
1285 2073 1300 2099 ,
1346 2049 1452 2088 non
1483 2036 1736 2104 estquod
1783 2035 2111 2091 dubitemus.

563 2127 696 2184 Nam
731 2130 784 2180 in
811 2142 875 2181 eo
896 2124 1005 2180 fere
1027 2134 1190 2179 totam
1215 2134 1425 2179 aetatem
1449 2126 1702 2182 contrivit
1724 2136 1941 2182 sanctus
1967 2143 2116 2182 mar-

565 2232 650 2292 tyr
671 2259 686 2283 ,
723 2227 782 2273 ut
817 2217 1108 2288 Scriptura:
1139 2233 1307 2272 sacrm
1333 2217 1500 2272 libros
1528 2235 1694 2274 manu
1719 2236 1814 2276 sua
1838 2220 2114 2276 describe-

564 2322 665 2375 ret,
699 2319 917 2365 ornaret
947 2309 1114 2364 titulis
1142 2319 1307 2378 atque
1335 2309 1578 2376 scholiis',
1613 2321 1674 2365 ut
1720 2312 1877 2366 docet
1921 2310 2115 2366 Hiero-

565 2418 781 2474 nymus,
823 2399 898 2454 De
925 2400 1266 2470 scriptoribus
1311 2400 1704 2456 ecclesiasticis.
1752 2400 1956 2456 indicat
1986 2401 2114 2456 item

565 2501 694 2549 nota
715 2492 916 2547 codicis
957 2490 1069 2544 RR.
1109 2489 1224 2556 ,PP.
1262 2488 1592 2546 Jesuitarum
1622 2533 1635 2554 ,
1683 2491 1775 2562 qui
1825 2492 2115 2562 pr0phelas

563 2600 751 2641 omnes
782 2585 1036 2639 continet.
1071 2584 1506 2639 Asseritdemum
1531 2583 1889 2653 calligraphus
1913 2583 2115 2640 codicis

563 2675 920 2731 vetustissimi
953 2673 1116 2746 hujus
1146 2675 1488 2730 bibliothecae
1516 2674 1931 2747 (Coislinianm)
1960 2692 2112 2731 num.

564 2766 693 2832 202,
724 2765 816 2835 qui
840 2765 904 2820 ad
935 2766 1133 2822 calcem
1160 2765 1522 2836 Epistolarum
1562 2767 1618 2822 S.
1651 2767 1802 2822 Pauli
1833 2768 1909 2822 ait
1950 2783 2008 2823 se
2049 2769 2116 2822 il-

567 2858 678 2910 lum
709 2855 885 2928 ipsum
914 2858 1154 2913 codicem
1183 2857 1477 2912 contulisse
1500 2857 1553 2910 in
1594 2857 1914 2912 bibliOtheca
1939 2857 2118 2912 Caesa-

568 2951 736 3008 riensi
762 2968 884 3006 cum
923 2951 1030 3004 alio
1056 2949 1242 3005 codice
1287 2949 1381 3019 qui
1429 2949 1601 3019 ipsius
1651 2948 1916 3018 Pamphili
1951 2965 2115 3004 manu

565 3051 822 3097 exaratus
871 3041 1065 3095 fuerat.
1099 3039 1177 3094 Ad
1208 3039 1322 3094 lucc
1356 3054 1482 3093 vero
1520 3039 1884 3109 calligraplius
1939 3040 2026 3096 ille
2062 3041 2114 3094 in

568 3143 696 3188 nota
720 3149 838 3201 sua,
858 3131 1041 3188 eadem
1070 3130 1321 3201 loquendi
1347 3130 1576 3185 formula
1598 3146 1764 3201 eaque
1784 3147 1889 3186 non
1911 3132 2115 3202 vulgari

568 3223 757 3289 utitur,
779 3223 870 3293 qui
909 3223 1060 3276 initio
1091 3221 1334 3290 opusculi
1393 3219 1750 3290 Pamphiliaui
1781 3231 2072 3290 usurpatur
2100 3237 2114 3286 ;

566 3315 846 3378 nimirum,
884 3316 1009 3386 παρ’
1032 3308 1106 3368 ὧν
1129 3313 1376 3366 ἁπάντων
1395 3312 1595 3383 τόλμης
1620 3312 1941 3383 συγγνώμην
1963 3314 2113 3378 αἰτῶ,

566 3405 698 3476 εὐχῇ
728 3408 792 3476 τῇ
820 3406 957 3477 ὑπὲρ
989 3407 1142 3476 ἡμῶν
1165 3405 1261 3476 τὴν
1289 3403 1698 3475 συμπεριφορὰν
1727 3403 2075 3474 κομιζόμενος
2099 3421 2112 3434 ο

565 3513 686 3568 qua:
722 3497 882 3551 verba
905 3497 1017 3567 ipse
1041 3512 1103 3550 ex
1132 3495 1413 3564 Pamphilo
1440 3495 1584 3550 haud
1637 3493 1798 3548 dubie
1840 3503 2116 3548 mutuatus

565 3593 669 3640 est.
727 3582 876 3639 lianc
920 3593 1098 3639 autem
1151 3583 1568 3654 Expositionem,
1609 3591 1721 3637 tum
1771 3582 1838 3638 ob
1883 3583 2117 3639 auctoris

567 3679 894 3734 sanctissimi
933 3677 1375 3746 celeberrimique
1403 3691 1596 3731 nomen
1628 3716 1642 3739 ,
1695 3684 1806 3730 tum
1833 3675 1960 3745 quia
2009 3691 2116 3732 non

566 3767 745 3824 fructu
771 3786 961 3827 vacare
984 3781 1218 3841 putatur,
1241 3769 1327 3822 hic
1356 3768 1513 3823 edere
1542 3769 1715 3823 visum
1747 3777 1847 3823 est.
1891 3787 1908 3821 ι

640 3861 788 3916 llanc
809 3878 936 3916 vero
958 3861 1171 3914 ἔκθεσιν
1195 3859 1391 3915 saeculo
1417 3859 1694 3928 superiore
1714 3859 1990 3914 desinente
2016 3859 2116 3914 sub

569 3952 806 4006 Euthalii
835 3952 1111 4006 Sulcensis
1140 3949 1376 4020 episcopi
1410 3949 1630 4004 nomine
1658 3949 1984 4004 edideratcl.
2017 3947 2118 4010 Za-

569 4044 792 4113 cagnius
825 4043 878 4096 in
910 4041 1222 4096 collectione
1252 4038 1705 4093 Monumentorum
1723 4048 1970 4108 veterum,
1993 4054 2111 4108 pag.

567 4134 690 4189 423.
723 4133 1034 4203 lpsetamen
1066 4129 1369 4192 Euthalius,
1397 4145 1520 4198 pag.
1543 4127 1646 4182 515
1668 4169 1683 4195 ,
1723 4128 1919 4181 diserte
1947 4135 2114 4181 testa-

569 4236 676 4292 tur,
711 4235 768 4280 ut
790 4225 1040 4280 observat
1065 4221 1342 4276 Fabricius
1367 4220 1478 4288 (12)
1503 4261 1518 4284 ,
1562 4234 1619 4274 se
1648 4233 1807 4272 usum
1836 4217 2115 4273 codicibus

567 4334 601 4374 θ
615 4316 930 4373 Caesariensi
948 4315 1460 4382 bibliotlieca,quam
1480 4310 1536 4363 S.
1555 4309 1864 4378 Pamphilus
1885 4308 2113 4378 primum

2218 1864 2388 1918 nuper
2418 1864 2545 1903 vero
2562 1849 2697 1904 satis
2723 1863 2953 1918 operose
2985 1858 3286 1916 postremus
3315 1847 3772 1919 Origenianorum

2215 1941 2387 1996 editor
2414 1938 2740 1996 Parisiensis
2775 1939 2909 2011 (17).
2939 1937 3139 1994 Verum
3167 1953 3235 1994 ne
3264 1939 3440 1995 oﬂicio
3470 1951 3660 1996 nostro
3682 1959 3776 2012 pe-

2216 2034 2361 2088 nitus
2390 2032 2579 2088 deesse
2607 2031 2923 2096 videamur,
2971 2031 3060 2086 hic
3086 2040 3291 2087 veteres
3325 2040 3528 2086 tantum
3553 2043 3612 2087 et
3636 2033 3777 2103 'qui-

2215 2126 2336 2181 dem
2368 2126 2668 2196 praecipuos
2695 2139 3124 2180 commemorare
3179 2139 3354 2194 opene
3398 2128 3630 2194 pretium
3667 2128 3772 2180 du-

2216 2216 2415 2282 cimus,
2437 2216 2531 2286 qui
2555 2215 2928 2285 Origenianum
2959 2215 3347 2285 Apologeticum
3367 2215 3523 2270 beato
3546 2220 3770 2288 martyri

2215 2307 2515 2363 asseruisse
2544 2316 2863 2362 noscuntur.
2894 2305 3039 2361 Inter
3061 2323 3156 2361 eos
3173 2321 3302 2360 vero
3332 2308 3544 2377 primus
3574 2323 3766 2364 occur-

2216 2397 2285 2451 rit
2306 2395 2573 2452 Eusebius
2609 2395 2756 2468 (l8);
2807 2412 2966 2467 quem
3022 2397 3263 2466 sequitur
3314 2406 3532 2452 sanctus
3587 2397 3768 2453 Hiero~

2217 2502 2410 2558 nymus
2432 2525 2447 2550 ,
2492 2486 2572 2540 sic
2606 2486 2855 2556 inquiens
2897 2486 3007 2557 (19)
3041 2506 3053 2541 :
3109 2485 3330 2558 Scripsit
3366 2488 3763 2560 (Pamphilus)

2217 2589 2496 2648 antequam
2529 2577 2784 2634 Eusebius
2806 2578 3144 2633 Ctesariensis
3171 2620 3186 2644 ,
3225 2581 3623 2650 Apologcticum
3670 2597 3764 2649 pro

2221 2668 2458 2738 Origene.
2501 2668 2694 2724 Verum
2728 2669 2924 2724 Doctor
2955 2671 3219 2726 maximus
3239 2711 3254 2734 ,
3281 2681 3492 2726 mutata
3517 2671 3766 2740 deinceps

2217 2761 2483 2813 sententia
2508 2801 2523 2825 ,
2579 2759 2633 2813 in
2665 2759 2992 2829 assignando
3033 2759 3341 2830 scriptionis
3368 2770 3590 2815 auctore
3620 2760 3762 2813 varia

2217 2849 2493 2904 disseruit.
2528 2848 2801 2903 Socratem
2839 2847 2951 2917 (20)
2978 2848 3309 2916 praeterimus
3332 2858 3385 2901 et
3405 2846 3762 2916 Nicephorum

2219 2942 2330 3014 (21)
2360 2943 2604 3011 aliosque
2635 2940 2903 3011 sequioris
2933 2942 3029 2994 aevi
3063 2941 3354 3010 scriptores
3382 2982 3397 3005 ,
3452 2941 3546 3010 qui
3598 2939 3765 2993 Euse-

2220 3033 2366 3087 bium
2408 3033 2727 3102 plerumque
2755 3031 3004 3085 assectati
3033 3030 3202 3085 fuisse
3228 3029 3496 3085 videntur.
3539 3031 3608 3084 At
3651 3045 3761 3082 non

2218 3121 2645 3179 cstomittendus
2677 3119 2922 3184 Photius,
2947 3120 3038 3190 qui
3065 3119 3166 3173 sibi
3194 3118 3360 3173 lectos
3391 3132 3506 3172 esse
3527 3126 3758 3170 testatur

2218 3214 2329 3286 (22)
2356 3211 2620 3282 Pamphili
2655 3212 2904 3282 martyris
2938 3220 2992 3265 et
3035 3209 3253 3265 Eusebii
3285 3225 3377 3278 pro
3415 3207 3636 3276 Origene
3680 3209 3755 3261 li-

2216 3305 2342 3359 bros
2370 3319 2502 3370 sex;
2534 3303 2802 3373 simulque
2822 3301 2978 3356 docet
2997 3300 3360 3372 Pamphilum,
3397 3315 3514 3354 cum
3544 3301 3758 3356 detine-

2215 3400 2363 3446 retur
2395 3392 2446 3445 in
2477 3406 2716 3459 carcere,
2749 3390 2985 3460 quinque
3014 3391 3219 3460 priores
3250 3391 3562 3460 Apologetici
3608 3391 3758 3445 illius

2215 3481 2399 3546 libros,
2430 3490 2690 3550 praesente
2715 3480 2876 3534 etiam
2902 3479 3155 3546 Eusebio,
3172 3480 3478 3534 elaborasse
3501 3499 3517 3545 ;
3547 3489 3760 3534 sextum

2217 3586 2364 3637 vero,
2396 3581 2515 3641 post
2546 3571 2810 3641 Pamphili
2843 3571 3162 3642 martyrium
3187 3611 3201 3635 ,
3235 3571 3402 3626 fuisse
3430 3569 3500 3623 ab
3529 3569 3762 3625 Eusebio

2215 3664 2537 3719 absolutum.
2564 3659 2662 3717 Ὦν
2693 3667 2743 3720 ot
2773 3663 2868 3734 μὲν
2922 3663 3080 3716 πέντε
3126 3662 3391 3733 Παμφίλῳ
3416 3662 3478 3714 τὸ
3501 3662 3761 3734 δεσμοτή-

2219 3773 2327 3828 ριον
2348 3755 2598 3821 οἰκοῦντι,
2631 3756 3000 3828 συμπαρόντος
3026 3756 3116 3807 καὶ
3140 3753 3417 3816 Εὐσεὸιου,
3441 3753 3765 3826 ἐξεπονήθη-

2217 3864 2343 3901 σανο
2372 3850 2402 3901 ὁ
2430 3848 2486 3901 δὲ
2517 3848 2670 3912 ἕκτος
2694 3889 2709 3913 ,
2754 3847 2873 3902 ἐπεὶ
2903 3849 2930 3899 6
2966 3847 3170 3916 μάρτυς
3204 3844 3344 3914 ξίφει
3369 3844 3463 3897 τοῦ
3497 3844 3590 3915 ζῇν
3617 3847 3760 3899 ἁποο

2214 3937 2381 4008 χθεὶς,
2413 3938 2632 3992 ἀνέλυσε
2663 3939 2798 4009 πρὸς
2819 3937 2876 3990 ὃν
2914 3936 3092 3989 ἐπόθει
3128 3935 3278 3998 Θεὸν,
3309 3935 3547 4004 Εὑσεϐίῳ
3569 3935 3757 3989 lembis

2213 4029 2578 4103 ἀπαρτίζεται.
2614 4027 2738 4084 Haec
2769 4028 2902 4082 satis
2930 4041 3110 4081 sunto.
3149 4024 3250 4091 Qui
3280 4040 3406 4080 vero
3459 4025 3607 4094 plura
3641 4025 3750 4080 hoc

2214 4119 2280 4174 de
2305 4135 2466 4190 opere
2490 4121 2631 4176 scire
2652 4120 2868 4185 studet,
2914 4119 3201 4188 scriptores
3244 4132 3310 4172 ex
3369 4118 3760 4173 recentioribus

2215 4211 2376 4264 modo
2399 4210 2642 4265 laudatos
2663 4209 2838 4264 adeat.

2283 4299 2347 4354 ν.
2369 4300 2473 4356 Sed
2493 4316 2656 4356 unum
2674 4301 2848 4355 adhuc
2863 4299 3123 4354 hactenus
3140 4298 3299 4354 dictis
3321 4297 3590 4353 addidisse
3601 4298 3763 4367 juve-

571 4423 766 4477 magno
815 4407 990 4462 studio
1023 4404 1314 4469 instruxit;
1352 4401 1616 4456 Eusebius
1667 4399 1856 4454 deinde
1889 4399 2113 4470 ejusque
2145 4407 2186 4462 ι)
2215 4391 2284 4446 rit
2312 4410 2326 4458 ;
2359 4406 2468 4459 quo
2498 4392 2754 4445 nimirum
2782 4399 3010 4457 constet.
3042 4399 3101 4443 ut
3133 4389 3232 4444 viri
3259 4389 3554 4444 doctissimi
3576 4390 3763 4445 verbis

570 4511 910 4553 successores
942 4493 1180 4564 episcopi
1231 4491 1590 4546 Cmsarienses
1628 4498 1912 4544 servarunt
1958 4504 2120 4543 auxe-

572 4597 824 4657 runtque.
860 4585 996 4640 Hinc
1037 4587 1217 4654 itaque
1255 4583 1572 4638 divisionem
1624 4580 1858 4650 capitum
1904 4581 2115 4650 qualem

572 4681 631 4734 ὃ.
682 4677 992 4748 Pamphilus
1037 4677 1357 4746 digesserat,
1389 4674 1549 4730 etiam
1579 4688 1642 4727 ex
1678 4672 1784 4730 illis
1839 4680 2116 4727 mutuatus

569 4784 710 4829 esse.
742 4767 1129 4822 versiculorum
1169 4782 1300 4820 vero
1332 4766 1554 4834 ipsemet
1596 4761 1876 4816 Euthalius
1932 4761 2117 4830 utique

572 4859 844 4915 addidisse
858 4859 1084 4913 videtur.
1103 4857 1291 4912 Exstat
1304 4871 1465 4926 porro
1485 4855 1669 4909 eadem
1685 4853 1893 4915 ἔκθεσις
1917 4851 2118 4919 absque

572 4951 789 5006 iiomiue
820 4951 1056 5006 auctoris
1101 4957 1224 5004 ante
1252 4946 1670 5003 commentarios
1692 4943 2004 4999 (Ecumcnii
2062 4943 2114 4995 in

645 5106 753 5174 (11)
782 5106 918 5160 Bibl.
947 5104 1147 5174 δοθείη
1181 5118 1298 5172 pag.
1338 5101 1422 5154 78.

645 5168 754 5243 (12)
782 5178 860 5229 Ad
893 5175 1027 5245 Opp.
1064 5168 1272 5245 Hippol:
1301 5179 1435 5245 Eun.
1474 5168 1538 5245 l’l,
1571 5183 1688 5236 pag.
1717 5168 1837 5222 209.

787 5236 1086 5327 Prolegom.
1111 5236 1180 5298 ad
1209 5241 1272 5296 N.
1301 5240 1446 5294 Test.
1478 5238 1570 5294 Gr.
1593 5277 1609 5300 ,
1651 5254 1804 5307 pagg.
1846 5236 1913 5291 15
1933 5245 1985 5290 ct
2014 5236 2078 5290 76
2097 5279 2110 5303 ,

573 5314 1090 5461 ωξῗρῑῖὀὲπξςωξίαη.
1121 5384 1215 5438 lib.
1244 5397 1316 5461 ll_,'
1335 5397 1455 5450 cap.
1481 5378 1604 5461 §_,m§
1641 5379 1878 5461 lti,‘pag_.
1918 5376 2038 5430 190.

574 5447 1026 5592 Ριιςξὶῗξὶκέῦιοίτ.
1054 5493 1068 5517 ,
1117 5465 1246 5507 ιοω.
1276 5451 1351 5517 γ,
1384 5447 1434 5520 p.
1481 5447 1603 5513 750,
1659 5457 1770 5504 not.
1822 5447 1881 5500 11
1920 5463 2013 5501 sur
2054 5447 2109 5502 S.

646 5586 755 5660 (lii)
794 5593 930 5647 "ist.
965 5595 1126 5648 litter.
1163 5594 1360 5664 Aquit.
1385 5593 1482 5664 lib.
1515 5608 1564 5654 v,
1597 5607 1712 5658 cap.
1742 5589 1791 5654 1,
1827 5586 1887 5660 §§
1921 5589 1952 5643 5
1985 5598 2035 5645 ct
2060 5587 2112 5655 6,

572 5677 624 5722 et
660 5681 772 5734 rup.
803 5664 854 5726 5,
896 5664 924 5736 δ
957 5665 1008 5730 '5,
1038 5679 1191 5736 pagg.
1223 5662 1356 5730 £08,
1388 5662 1509 5726 251,
1555 5677 1701 5730 seqq.

2217 4491 2339 4536 utar
2375 4483 2510 4553 (25),
2548 4491 2795 4538 sanctum
2819 4491 3106 4552 martyrem
3131 4481 3185 4534 in
3221 4479 3457 4549 Origenis
3495 4480 3760 4549 Apologe-

2216 4577 2315 4627 tico
2339 4574 2650 4630 adornando
2672 4574 2985 4644 praeclarum
3014 4587 3126 4626 suae
3144 4572 3197 4626 in
3230 4570 3506 4626 Christum
3539 4572 3762 4640 pietatis

2215 4673 2620 4720 monumentum
2678 4663 2976 4733 reliquisse.
3013 4661 3148 4716 Dum
3189 4661 3330 4717 enim
3364 4661 3450 4714 ille
3477 4661 3528 4714 in
3564 4663 3620 4715 id
3661 4677 3761 4730 po.

2216 4755 2484 4810 tissimum
2524 4755 2803 4820 incumbit,
2829 4763 2886 4808 ut
2907 4755 2974 4808 ab
2997 4753 3186 4808 haeresi
3216 4751 3414 4806 Ariaua
3456 4752 3760 4807 immunem

2213 4848 2544 4902 demonstret
2574 4845 2857 4916 Origeuem
2882 4885 2897 4909 ,
2942 4855 3105 4914 atque
3137 4845 3316 4898 animo
3364 4845 3436 4898 ita
3473 4859 3761 4914 compara-

2214 4946 2318 5001 tus,
2349 4937 2608 5007 quidquid
2638 4937 2846 5007 uspiam
2870 4938 2936 4993 de
2970 4935 3107 4990 Filio
3141 4935 3232 4989 Dei
3260 4935 3614 4990 Adamantius
3669 4936 3758 4989 lu-

2283 5093 2421 5217 (1⁸7)1
2435 5094 2644 5218 Olrg'gen.
2668 5093 2796 5160 Opp.
2827 5099 2956 5143 tom.
2981 5087 3066 5154 IV,
3098 5090 3150 5142 in
3171 5088 3390 5144 admon.
3413 5088 3479 5142 ad
3510 5091 3746 5159 Apolom

2283 5181 2366 5218 ea.
2431 5195 2455 5204 —
2530 5203 2545 5218 .

2249 5183 2366 5218 Μαι.
2399 5183 2545 5218 1-10.

2213 5181 2366 5234 pagg.
2399 5181 2545 5218 1-10.

2283 5234 2393 5301 (18)
2427 5234 2566 5287 llist.
2589 5231 2711 5301 eccl.
2737 5229 2828 5282 lib.
2864 5245 2915 5282 vr
2939 5267 2954 5291 ,
2989 5243 3114 5301 cap.
3141 5227 3230 5281 55.

2311 5297 2389 5371 19)
2418 5302 2492 5354 De
2525 5302 2617 5354 rir.
2649 5300 2842 5371 illustr.
2871 5338 2884 5362 ,
2911 5314 3026 5368 cap.
3054 5297 3136 5353 75.

2282 5367 2396 5443 (20⁷)
2423 5372 2564 5443 !_l_ist.
2597 5369 2721 5443 eccl_.
2750 5371 2850 5443 lib.
2881 5385 2938 5422 Ill
2958 5408 2972 5432 ,
3003 5384 3127 5443 cap.

2305 5437 2392 5509 21)
2424 5440 2566 5494 Hist.
2595 5440 2719 5492 eccl.
2750 5439 2841 5492 lib.
2869 5455 2900 5490 Χ
2920 5477 2934 5500 ,
2959 5453 3073 5505 cap.

2303 5507 2393 5578 22)
2418 5510 2556 5564 Bibl.
2583 5509 2700 5563 cod.
2733 5525 2893 5562 cxvm
2921 5549 2936 5572 ,
2968 5507 3239 5579 νειμ-295.
3519 5566 3578 5579 η,
3637 5563 3658 5579 ,
3691 5565 3719 5579 ,.

2282 5563 2670 5678 (25ἑεξιαναηη
2705 5579 2774 5633 De
2796 5563 2952 5632 divin.
2968 5563 3122 5631 ’.1.”(3.
3159 5575 3249 5632 lib.
3287 5589 3356 5638 iv,
3387 5566 3606 5638 cap.24,
3635 5563 3664 5636 ᾗ
3690 5565 3748 5627 5.

2215 5651 2332 5723 pag.
2368 5651 2487 5705 551.
