  <div class='ocr_page' id='page_1' title='image "/cluster/home/n/w/nwhite01/storage/ocr_20150623/10/hvd.32044073501330/786.png"; bbox 0 0 1998 3104; ppageno 0'>
   <div class='ocr_carea' id='block_1_1' title="bbox 145 148 215 176">
    <p class='ocr_par' dir='ltr' id='par_1_1' title="bbox 145 148 215 176">
     <span class='ocr_line' id='line_1_1' title="bbox 145 148 215 176; baseline 0.014 -1"><span class='ocrx_word' id='word_1_1' title='bbox 145 148 159 175; x_wconf 73' lang='grc' dir='ltr'>ί</span> <span class='ocrx_word' id='word_1_2' title='bbox 164 148 215 176; x_wconf 79' lang='lat'><strong>553</strong></span> 
     </span>
    </p>
   </div>
   <div class='ocr_carea' id='block_1_2' title="bbox 899 147 1000 175">
    <p class='ocr_par' dir='ltr' id='par_1_2' title="bbox 899 147 1000 175">
     <span class='ocr_line' id='line_1_2' title="bbox 899 147 1000 175; baseline 0.01 -1"><span class='ocrx_word' id='word_1_3' title='bbox 899 147 1000 175; x_wconf 81' lang='lat' dir='ltr'><strong>ACTA.</strong></span> 
     </span>
    </p>
   </div>
   <div class='ocr_carea' id='block_1_3' title="bbox 1685 150 1750 178">
    <p class='ocr_par' dir='ltr' id='par_1_3' title="bbox 1685 150 1750 178">
     <span class='ocr_line' id='line_1_3' title="bbox 1685 150 1750 178; baseline 0.031 -2"><span class='ocrx_word' id='word_1_4' title='bbox 1685 150 1750 178; x_wconf 67' lang='grc'><strong>1554</strong></span> 
     </span>
    </p>
   </div>
   <div class='ocr_carea' id='block_1_4' title="bbox 143 189 1748 245">
    <p class='ocr_par' dir='ltr' id='par_1_4' title="bbox 143 189 1748 245">
     <span class='ocr_line' id='line_1_4' title="bbox 143 189 1748 245; baseline 0.004 -13"><span class='ocrx_word' id='word_1_5' title='bbox 143 189 330 234; x_wconf 75' lang='lat' dir='ltr'><strong>rulentissime</strong></span> <span class='ocrx_word' id='word_1_6' title='bbox 356 205 457 239; x_wconf 88' lang='lat' dir='ltr'><strong>docuit,</strong></span> <span class='ocrx_word' id='word_1_7' title='bbox 473 206 584 234; x_wconf 82' lang='lat' dir='ltr'><strong>sedulus</strong></span> <span class='ocrx_word' id='word_1_8' title='bbox 597 205 709 241; x_wconf 79' lang='lat' dir='ltr'><strong>colligit,</strong></span> <span class='ocrx_word' id='word_1_9' title='bbox 729 205 848 240; x_wconf 89' lang='lat' dir='ltr'><strong>illudque</strong></span> <span class='ocrx_word' id='word_1_10' title='bbox 863 204 922 240; x_wconf 86' lang='lat' dir='ltr'><strong>ejus</strong></span> <span class='ocrx_word' id='word_1_11' title='bbox 936 208 959 235; x_wconf 77' lang='grc' dir='ltr'>Α</span> <span class='ocrx_word' id='word_1_12' title='bbox 973 213 1001 233; x_wconf 90' lang='lat' dir='ltr'><strong>se</strong></span> <span class='ocrx_word' id='word_1_13' title='bbox 1015 205 1093 234; x_wconf 63' lang='lat' dir='ltr'><strong>laesos</strong></span> <span class='ocrx_word' id='word_1_14' title='bbox 1102 211 1196 241; x_wconf 90' lang='lat' dir='ltr'><strong>putant</strong></span> <span class='ocrx_word' id='word_1_15' title='bbox 1208 206 1243 233; x_wconf 87' lang='lat' dir='ltr'><strong>ab</strong></span> <span class='ocrx_word' id='word_1_16' title='bbox 1256 213 1289 234; x_wconf 87' lang='lat' dir='ltr'><strong>eo</strong></span> <span class='ocrx_word' id='word_1_17' title='bbox 1303 206 1349 241; x_wconf 87' lang='lat' dir='ltr'><strong>qui</strong></span> <span class='ocrx_word' id='word_1_18' title='bbox 1367 206 1401 234; x_wconf 84' lang='lat' dir='ltr'><strong>de</strong></span> <span class='ocrx_word' id='word_1_19' title='bbox 1423 207 1535 242; x_wconf 76' lang='lat' dir='ltr'><strong>Origene</strong></span> <span class='ocrx_word' id='word_1_20' title='bbox 1567 217 1621 237; x_wconf 92' lang='lat' dir='ltr'><strong>non</strong></span> <span class='ocrx_word' id='word_1_21' title='bbox 1647 210 1748 245; x_wconf 85' lang='lat' dir='ltr'><strong>aliquid</strong></span> 
     </span>
    </p>
   </div>
   <div class='ocr_carea' id='block_1_5' title="bbox 144 250 921 287">
    <p class='ocr_par' dir='ltr' id='par_1_5' title="bbox 144 250 921 287">
     <span class='ocr_line' id='line_1_5' title="bbox 144 250 921 287; baseline -0.001 -9"><span class='ocrx_word' id='word_1_22' title='bbox 144 251 370 279; x_wconf 82' lang='lat' dir='ltr'><strong>obtrectatoribus</strong></span> <span class='ocrx_word' id='word_1_23' title='bbox 385 252 498 287; x_wconf 81' lang='lat' dir='ltr'><strong>objicit;</strong></span> <span class='ocrx_word' id='word_1_24' title='bbox 516 252 581 286; x_wconf 91' lang='lat' dir='ltr'><strong>quid</strong></span> <span class='ocrx_word' id='word_1_25' title='bbox 605 252 662 286; x_wconf 90' lang='lat' dir='ltr'><strong>ipse</strong></span> <span class='ocrx_word' id='word_1_26' title='bbox 686 259 793 286; x_wconf 82' lang='lat' dir='ltr'><strong>quoque</strong></span> <span class='ocrx_word' id='word_1_27' title='bbox 816 250 849 278; x_wconf 91' lang='lat' dir='ltr'><strong>de</strong></span> <span class='ocrx_word' id='word_1_28' title='bbox 871 251 921 278; x_wconf 86' lang='lat' dir='ltr'><strong>hoc</strong></span> 
     </span>
    </p>
   </div>
   <div class='ocr_carea' id='block_1_6' title="bbox 143 296 921 332">
    <p class='ocr_par' dir='ltr' id='par_1_6' title="bbox 143 296 921 332">
     <span class='ocr_line' id='line_1_6' title="bbox 143 296 921 332; baseline -0.003 -8"><span class='ocrx_word' id='word_1_29' title='bbox 143 297 281 332; x_wconf 64' lang='lat' dir='ltr'><strong>praecipuo</strong></span> <span class='ocrx_word' id='word_1_30' title='bbox 296 296 436 324; x_wconf 63' lang='lat' dir='ltr'><strong>catholica:</strong></span> <span class='ocrx_word' id='word_1_31' title='bbox 456 297 577 325; x_wconf 88' lang='lat' dir='ltr'><strong>veritatis</strong></span> <span class='ocrx_word' id='word_1_32' title='bbox 589 297 676 332; x_wconf 83' lang='lat' dir='ltr'><strong>capite</strong></span> <span class='ocrx_word' id='word_1_33' title='bbox 691 297 822 329; x_wconf 89' lang='lat' dir='ltr'><strong>sentiret,</strong></span> <span class='ocrx_word' id='word_1_34' title='bbox 843 296 921 331; x_wconf 84' lang='lat' dir='ltr'><strong>plane</strong></span> 
     </span>
    </p>
   </div>
   <div class='ocr_carea' id='block_1_7' title="bbox 142 342 398 378">
    <p class='ocr_par' dir='ltr' id='par_1_7' title="bbox 142 342 398 378">
     <span class='ocr_line' id='line_1_7' title="bbox 142 342 398 378; baseline 0 -8"><span class='ocrx_word' id='word_1_35' title='bbox 142 347 311 378; x_wconf 90' lang='lat' dir='ltr'><strong>compertum</strong></span> <span class='ocrx_word' id='word_1_36' title='bbox 325 342 398 370; x_wconf 81' lang='lat' dir='ltr'><strong>fecit.</strong></span> 
     </span>
    </p>
   </div>
   <div class='ocr_carea' id='block_1_8' title="bbox 177 387 922 424">
    <p class='ocr_par' dir='ltr' id='par_1_8' title="bbox 177 387 922 424">
     <span class='ocr_line' id='line_1_8' title="bbox 177 387 922 424; baseline 0 -10"><span class='ocrx_word' id='word_1_37' title='bbox 177 387 272 422; x_wconf 80' lang='lat' dir='ltr'><strong>Neque</strong></span> <span class='ocrx_word' id='word_1_38' title='bbox 291 387 344 415; x_wconf 89' lang='lat' dir='ltr'><strong>ulla</strong></span> <span class='ocrx_word' id='word_1_39' title='bbox 361 388 481 420; x_wconf 91' lang='lat' dir='ltr'><strong>demum,</strong></span> <span class='ocrx_word' id='word_1_40' title='bbox 496 388 583 424; x_wconf 77' lang='lat' dir='ltr'><strong>pergit</strong></span> <span class='ocrx_word' id='word_1_41' title='bbox 598 388 640 415; x_wconf 90' lang='lat' dir='ltr'><strong>vir</strong></span> <span class='ocrx_word' id='word_1_42' title='bbox 653 388 688 415; x_wconf 90' lang='lat' dir='ltr'><strong>cl.</strong></span> <span class='ocrx_word' id='word_1_43' title='bbox 700 409 708 421; x_wconf 95' lang='lat'><strong>,</strong></span> <span class='ocrx_word' id='word_1_44' title='bbox 731 388 850 424; x_wconf 77' lang='lat' dir='ltr'><strong>legitima</strong></span> <span class='ocrx_word' id='word_1_45' title='bbox 875 396 922 416; x_wconf 91' lang='lat' dir='ltr'><strong>su-</strong></span> 
     </span>
    </p>
   </div>
   <div class='ocr_carea' id='block_1_9' title="bbox 143 433 921 468">
    <p class='ocr_par' dir='ltr' id='par_1_9' title="bbox 143 433 921 468">
     <span class='ocr_line' id='line_1_9' title="bbox 143 433 921 468; baseline 0.001 -9"><span class='ocrx_word' id='word_1_46' title='bbox 143 433 228 468; x_wconf 82' lang='lat' dir='ltr'><strong>spicio</strong></span> <span class='ocrx_word' id='word_1_47' title='bbox 240 433 326 460; x_wconf 88' lang='lat' dir='ltr'><strong>estde</strong></span> <span class='ocrx_word' id='word_1_48' title='bbox 349 433 400 460; x_wconf 78' lang='lat' dir='ltr'><strong>(ide</strong></span> <span class='ocrx_word' id='word_1_49' title='bbox 417 433 518 467; x_wconf 82' lang='lat' dir='ltr'><strong>Ruﬁni,</strong></span> <span class='ocrx_word' id='word_1_50' title='bbox 532 434 577 468; x_wconf 90' lang='lat' dir='ltr'><strong>qui</strong></span> <span class='ocrx_word' id='word_1_51' title='bbox 594 434 666 461; x_wconf 90' lang='lat' dir='ltr'><strong>hunc</strong></span> <span class='ocrx_word' id='word_1_52' title='bbox 678 433 869 468; x_wconf 81' lang='lat' dir='ltr'><strong>Apologeticum</strong></span> <span class='ocrx_word' id='word_1_53' title='bbox 893 433 921 460; x_wconf 95' lang='lat' dir='ltr'><strong>in</strong></span> 
     </span>
    </p>
   </div>
   <div class='ocr_carea' id='block_1_10' title="bbox 142 478 922 514">
    <p class='ocr_par' dir='ltr' id='par_1_10' title="bbox 142 478 922 514">
     <span class='ocr_line' id='line_1_10' title="bbox 142 478 922 514; baseline -0.001 -8"><span class='ocrx_word' id='word_1_54' title='bbox 142 478 269 506; x_wconf 87' lang='lat' dir='ltr'><strong>Latinum</strong></span> <span class='ocrx_word' id='word_1_55' title='bbox 282 479 428 506; x_wconf 85' lang='lat' dir='ltr'><strong>transtulit.</strong></span> <span class='ocrx_word' id='word_1_56' title='bbox 446 479 585 514; x_wconf 89' lang='lat' dir='ltr'><strong>Siquidem</strong></span> <span class='ocrx_word' id='word_1_57' title='bbox 596 478 742 513; x_wconf 89' lang='lat' dir='ltr'><strong>quominus</strong></span> <span class='ocrx_word' id='word_1_58' title='bbox 758 478 785 505; x_wconf 94' lang='lat' dir='ltr'><strong>in</strong></span> <span class='ocrx_word' id='word_1_59' title='bbox 796 486 828 505; x_wconf 89' lang='lat' dir='ltr'><strong>eo</strong></span> <span class='ocrx_word' id='word_1_60' title='bbox 841 485 922 512; x_wconf 87' lang='lat' dir='ltr'><strong>opere</strong></span> 
     </span>
    </p>
   </div>
   <div class='ocr_carea' id='block_1_11' title="bbox 143 524 922 559">
    <p class='ocr_par' dir='ltr' id='par_1_11' title="bbox 143 524 922 559">
     <span class='ocr_line' id='line_1_11' title="bbox 143 524 922 559; baseline 0 -8"><span class='ocrx_word' id='word_1_61' title='bbox 143 525 248 552; x_wconf 86' lang='lat' dir='ltr'><strong>Latinis</strong></span> <span class='ocrx_word' id='word_1_62' title='bbox 264 524 360 552; x_wconf 86' lang='lat' dir='ltr'><strong>litteris</strong></span> <span class='ocrx_word' id='word_1_63' title='bbox 385 524 521 553; x_wconf 88' lang='lat' dir='ltr'><strong>reddendo</strong></span> <span class='ocrx_word' id='word_1_64' title='bbox 543 524 570 551; x_wconf 94' lang='lat' dir='ltr'><strong>id</strong></span> <span class='ocrx_word' id='word_1_65' title='bbox 589 525 720 559; x_wconf 87' lang='lat' dir='ltr'><strong>interpres</strong></span> <span class='ocrx_word' id='word_1_66' title='bbox 744 524 922 552; x_wconf 78' lang='lat' dir='ltr'><strong>committeret</strong></span> 
     </span>
    </p>
   </div>
   <div class='ocr_carea' id='block_1_12' title="bbox 142 570 922 606">
    <p class='ocr_par' dir='ltr' id='par_1_12' title="bbox 142 570 922 606">
     <span class='ocr_line' id='line_1_12' title="bbox 142 570 922 606; baseline -0.001 -9"><span class='ocrx_word' id='word_1_67' title='bbox 142 571 214 606; x_wconf 90' lang='lat' dir='ltr'><strong>quod</strong></span> <span class='ocrx_word' id='word_1_68' title='bbox 227 570 254 597; x_wconf 95' lang='lat' dir='ltr'><strong>in</strong></span> <span class='ocrx_word' id='word_1_69' title='bbox 269 571 330 598; x_wconf 88' lang='lat' dir='ltr'><strong>aliis</strong></span> <span class='ocrx_word' id='word_1_70' title='bbox 340 571 472 605; x_wconf 89' lang='lat' dir='ltr'><strong>ejusmodi</strong></span> <span class='ocrx_word' id='word_1_71' title='bbox 488 570 724 598; x_wconf 81' lang='lat' dir='ltr'><strong>lucubrationibus</strong></span> <span class='ocrx_word' id='word_1_72' title='bbox 743 570 795 597; x_wconf 91' lang='lat' dir='ltr'><strong>sibi</strong></span> <span class='ocrx_word' id='word_1_73' title='bbox 813 570 922 597; x_wconf 83' lang='lat' dir='ltr'><strong>licuisse</strong></span> 
     </span>
    </p>
   </div>
   <div class='ocr_carea' id='block_1_13' title="bbox 142 614 922 650">
    <p class='ocr_par' dir='ltr' id='par_1_13' title="bbox 142 614 922 650">
     <span class='ocr_line' id='line_1_13' title="bbox 142 614 922 650; baseline -0.001 -8"><span class='ocrx_word' id='word_1_74' title='bbox 142 615 318 648; x_wconf 81' lang='lat' dir='ltr'><strong>existimavit,</strong></span> <span class='ocrx_word' id='word_1_75' title='bbox 334 615 468 643; x_wconf 83' lang='lat' dir='ltr'><strong>deterrere</strong></span> <span class='ocrx_word' id='word_1_76' title='bbox 483 620 554 643; x_wconf 89' lang='lat' dir='ltr'><strong>certe</strong></span> <span class='ocrx_word' id='word_1_77' title='bbox 566 616 655 650; x_wconf 89' lang='lat' dir='ltr'><strong>ipsum</strong></span> <span class='ocrx_word' id='word_1_78' title='bbox 677 614 768 643; x_wconf 86' lang='lat' dir='ltr'><strong>debuit</strong></span> <span class='ocrx_word' id='word_1_79' title='bbox 788 619 876 642; x_wconf 89' lang='lat' dir='ltr'><strong>metus</strong></span> <span class='ocrx_word' id='word_1_80' title='bbox 887 614 922 642; x_wconf 86' lang='lat' dir='ltr'><strong>ab</strong></span> 
     </span>
    </p>
   </div>
   <div class='ocr_carea' id='block_1_14' title="bbox 143 660 921 697">
    <p class='ocr_par' dir='ltr' id='par_1_14' title="bbox 143 660 921 697">
     <span class='ocr_line' id='line_1_14' title="bbox 143 660 921 697; baseline 0 -10"><span class='ocrx_word' id='word_1_81' title='bbox 143 660 268 696; x_wconf 75' lang='lat' dir='ltr'><strong>Origenis</strong></span> <span class='ocrx_word' id='word_1_82' title='bbox 280 660 444 688; x_wconf 83' lang='lat' dir='ltr'><strong>adversariis</strong></span> <span class='ocrx_word' id='word_1_83' title='bbox 461 662 586 696; x_wconf 70' lang='lat' dir='ltr'><strong>injectus,</strong></span> <span class='ocrx_word' id='word_1_84' title='bbox 599 661 698 697; x_wconf 88' lang='lat' dir='ltr'><strong>quibus</strong></span> <span class='ocrx_word' id='word_1_85' title='bbox 708 661 878 689; x_wconf 84' lang='lat' dir='ltr'><strong>stomachum</strong></span> <span class='ocrx_word' id='word_1_86' title='bbox 891 668 921 688; x_wconf 91' lang='lat' dir='ltr'><strong>se</strong></span> 
     </span>
    </p>
   </div>
   <div class='ocr_carea' id='block_1_15' title="bbox 143 705 921 742">
    <p class='ocr_par' dir='ltr' id='par_1_15' title="bbox 143 705 921 742">
     <span class='ocr_line' id='line_1_15' title="bbox 143 705 921 742; baseline 0 -9"><span class='ocrx_word' id='word_1_87' title='bbox 143 705 278 734; x_wconf 80' lang='lat' dir='ltr'><strong>facturum</strong></span> <span class='ocrx_word' id='word_1_88' title='bbox 291 706 408 739; x_wconf 81' lang='lat' dir='ltr'><strong>videbat,</strong></span> <span class='ocrx_word' id='word_1_89' title='bbox 434 707 558 742; x_wconf 82' lang='lat' dir='ltr'><strong>quamvis</strong></span> <span class='ocrx_word' id='word_1_90' title='bbox 572 714 626 734; x_wconf 94' lang='lat' dir='ltr'><strong>non</strong></span> <span class='ocrx_word' id='word_1_91' title='bbox 643 714 723 734; x_wconf 91' lang='lat' dir='ltr'><strong>suum</strong></span> <span class='ocrx_word' id='word_1_92' title='bbox 739 727 747 739; x_wconf 92' lang='lat'><strong>,</strong></span> <span class='ocrx_word' id='word_1_93' title='bbox 772 706 819 734; x_wconf 89' lang='lat' dir='ltr'><strong>sed</strong></span> <span class='ocrx_word' id='word_1_94' title='bbox 834 706 921 734; x_wconf 78' lang='lat' dir='ltr'><strong>sancti</strong></span> 
     </span>
    </p>
   </div>
   <div class='ocr_carea' id='block_1_16' title="bbox 143 751 920 787">
    <p class='ocr_par' dir='ltr' id='par_1_16' title="bbox 143 751 920 787">
     <span class='ocr_line' id='line_1_16' title="bbox 143 751 920 787; baseline 0 -8"><span class='ocrx_word' id='word_1_95' title='bbox 143 751 275 787; x_wconf 82' lang='lat' dir='ltr'><strong>Pamphili</strong></span> <span class='ocrx_word' id='word_1_96' title='bbox 298 752 331 779; x_wconf 90' lang='lat' dir='ltr'><strong>de</strong></span> <span class='ocrx_word' id='word_1_97' title='bbox 357 752 471 787; x_wconf 77' lang='lat' dir='ltr'><strong>Origene</strong></span> <span class='ocrx_word' id='word_1_98' title='bbox 483 752 615 787; x_wconf 87' lang='lat' dir='ltr'><strong>judicium</strong></span> <span class='ocrx_word' id='word_1_99' title='bbox 651 752 803 787; x_wconf 82' lang='lat' dir='ltr'><strong>proferret:</strong></span> <span class='ocrx_word' id='word_1_100' title='bbox 819 757 920 787; x_wconf 90' lang='lat' dir='ltr'><strong>quanto</strong></span> 
     </span>
    </p>
   </div>
   <div class='ocr_carea' id='block_1_17' title="bbox 143 796 921 834">
    <p class='ocr_par' dir='ltr' id='par_1_17' title="bbox 143 796 921 834">
     <span class='ocr_line' id='line_1_17' title="bbox 143 796 921 834; baseline 0.001 -10"><span class='ocrx_word' id='word_1_101' title='bbox 143 797 231 832; x_wconf 75' lang='lat' dir='ltr'><strong>magis</strong></span> <span class='ocrx_word' id='word_1_102' title='bbox 245 796 268 824; x_wconf 89' lang='lat' dir='ltr'><strong>si</strong></span> <span class='ocrx_word' id='word_1_103' title='bbox 282 797 347 831; x_wconf 88' lang='lat' dir='ltr'><strong>quid</strong></span> <span class='ocrx_word' id='word_1_104' title='bbox 361 797 419 832; x_wconf 88' lang='lat' dir='ltr'><strong>ipse</strong></span> <span class='ocrx_word' id='word_1_105' title='bbox 435 797 605 832; x_wconf 88' lang='lat' dir='ltr'><strong>inseruisset,</strong></span> <span class='ocrx_word' id='word_1_106' title='bbox 619 799 690 833; x_wconf 88' lang='lat' dir='ltr'><strong>quod</strong></span> <span class='ocrx_word' id='word_1_107' title='bbox 707 806 795 834; x_wconf 79' lang='lat' dir='ltr'><strong>neque</strong></span> <span class='ocrx_word' id='word_1_108' title='bbox 818 799 852 826; x_wconf 84' lang='lat' dir='ltr'><strong>ab</strong></span> <span class='ocrx_word' id='word_1_109' title='bbox 862 798 921 825; x_wconf 90' lang='lat' dir='ltr'><strong>Ori-</strong></span> 
     </span>
    </p>
   </div>
   <div class='ocr_carea' id='block_1_18' title="bbox 143 842 919 880">
    <p class='ocr_par' dir='ltr' id='par_1_18' title="bbox 143 842 919 880">
     <span class='ocr_line' id='line_1_18' title="bbox 143 842 919 880; baseline 0.004 -11"><span class='ocrx_word' id='word_1_110' title='bbox 143 849 211 878; x_wconf 82' lang='lat' dir='ltr'><strong>gene</strong></span> <span class='ocrx_word' id='word_1_111' title='bbox 220 842 350 878; x_wconf 84' lang='lat' dir='ltr'><strong>scripturn</strong></span> <span class='ocrx_word' id='word_1_112' title='bbox 364 863 371 876; x_wconf 97' lang='lat'><strong>,</strong></span> <span class='ocrx_word' id='word_1_113' title='bbox 386 851 474 879; x_wconf 89' lang='lat' dir='ltr'><strong>neque</strong></span> <span class='ocrx_word' id='word_1_114' title='bbox 492 852 508 871; x_wconf 88' lang='lat' dir='ltr'><strong>a</strong></span> <span class='ocrx_word' id='word_1_115' title='bbox 523 848 616 872; x_wconf 85' lang='lat' dir='ltr'><strong>sancto</strong></span> <span class='ocrx_word' id='word_1_116' title='bbox 636 844 777 880; x_wconf 89' lang='lat' dir='ltr'><strong>Pamphilo</strong></span> <span class='ocrx_word' id='word_1_117' title='bbox 794 844 919 878; x_wconf 89' lang='lat' dir='ltr'><strong>relatum,</strong></span> 
     </span>
    </p>
   </div>
   <div class='ocr_carea' id='block_1_19' title="bbox 142 889 553 925">
    <p class='ocr_par' dir='ltr' id='par_1_19' title="bbox 142 889 553 925">
     <span class='ocr_line' id='line_1_19' title="bbox 142 889 553 925; baseline 0 -9"><span class='ocrx_word' id='word_1_118' title='bbox 142 889 229 917; x_wconf 92' lang='lat' dir='ltr'><strong>evinci</strong></span> <span class='ocrx_word' id='word_1_119' title='bbox 243 889 388 924; x_wconf 84' lang='lat' dir='ltr'><strong>aliquando</strong></span> <span class='ocrx_word' id='word_1_120' title='bbox 402 890 553 925; x_wconf 85' lang='lat' dir='ltr'><strong>potuisset?</strong></span> 
     </span>
    </p>
   </div>
   <div class='ocr_carea' id='block_1_20' title="bbox 177 934 917 970">
    <p class='ocr_par' dir='ltr' id='par_1_20' title="bbox 177 934 917 970">
     <span class='ocr_line' id='line_1_20' title="bbox 177 934 917 970; baseline 0 -8"><span class='ocrx_word' id='word_1_121' title='bbox 177 934 255 968; x_wconf 85' lang='lat' dir='ltr'><strong>Quod</strong></span> <span class='ocrx_word' id='word_1_122' title='bbox 272 935 381 969; x_wconf 86' lang='lat' dir='ltr'><strong>quidem</strong></span> <span class='ocrx_word' id='word_1_123' title='bbox 392 943 427 963; x_wconf 66' lang='lat' dir='ltr'><strong>es</strong></span> <span class='ocrx_word' id='word_1_124' title='bbox 442 936 518 963; x_wconf 89' lang='lat' dir='ltr'><strong>initio</strong></span> <span class='ocrx_word' id='word_1_125' title='bbox 534 934 699 970; x_wconf 65' lang='lat' dir='ltr'><strong>prmiationis</strong></span> <span class='ocrx_word' id='word_1_126' title='bbox 714 935 861 962; x_wconf 78' lang='lat' dir='ltr'><strong>Rutinianae</strong></span> <span class='ocrx_word' id='word_1_127' title='bbox 885 935 917 961; x_wconf 89' lang='lat' dir='ltr'><strong>li-</strong></span> 
     </span>
    </p>
   </div>
   <div class='ocr_carea' id='block_1_21' title="bbox 142 980 918 1017">
    <p class='ocr_par' dir='ltr' id='par_1_21' title="bbox 142 980 918 1017">
     <span class='ocr_line' id='line_1_21' title="bbox 142 980 918 1017; baseline 0.003 -10"><span class='ocrx_word' id='word_1_128' title='bbox 142 980 225 1015; x_wconf 84' lang='lat' dir='ltr'><strong>quido</strong></span> <span class='ocrx_word' id='word_1_129' title='bbox 238 985 353 1008; x_wconf 88' lang='lat' dir='ltr'><strong>constat.</strong></span> <span class='ocrx_word' id='word_1_130' title='bbox 375 980 420 1008; x_wconf 90' lang='lat' dir='ltr'><strong>Sic</strong></span> <span class='ocrx_word' id='word_1_131' title='bbox 441 981 514 1008; x_wconf 90' lang='lat' dir='ltr'><strong>enim</strong></span> <span class='ocrx_word' id='word_1_132' title='bbox 533 981 665 1017; x_wconf 86' lang='lat' dir='ltr'><strong>interpres</strong></span> <span class='ocrx_word' id='word_1_133' title='bbox 688 980 834 1008; x_wconf 82' lang='lat' dir='ltr'><strong>Macarium</strong></span> <span class='ocrx_word' id='word_1_134' title='bbox 853 981 918 1009; x_wconf 92' lang='lat' dir='ltr'><strong>allo-</strong></span> 
     </span>
    </p>
   </div>
   <div class='ocr_carea' id='block_1_22' title="bbox 144 1026 918 1063">
    <p class='ocr_par' dir='ltr' id='par_1_22' title="bbox 144 1026 918 1063">
     <span class='ocr_line' id='line_1_22' title="bbox 144 1026 918 1063; baseline 0.001 -10"><span class='ocrx_word' id='word_1_135' title='bbox 144 1030 223 1054; x_wconf 87' lang='lat' dir='ltr'><strong>cutus</strong></span> <span class='ocrx_word' id='word_1_136' title='bbox 238 1036 245 1054; x_wconf 87' lang='lat'><strong>:</strong></span> <span class='ocrx_word' id='word_1_137' title='bbox 260 1036 269 1053; x_wconf 74' lang='grc'><strong>(</strong></span> <span class='ocrx_word' id='word_1_138' title='bbox 287 1026 408 1062; x_wconf 76' lang='lat' dir='ltr'><strong>lnjungis</strong></span> <span class='ocrx_word' id='word_1_139' title='bbox 420 1027 487 1054; x_wconf 91' lang='lat' dir='ltr'><strong>mihi</strong></span> <span class='ocrx_word' id='word_1_140' title='bbox 502 1035 574 1061; x_wconf 88' lang='lat' dir='ltr'><strong>rem,</strong></span> <span class='ocrx_word' id='word_1_141' title='bbox 596 1027 693 1062; x_wconf 89' lang='lat' dir='ltr'><strong>inquit,</strong></span> <span class='ocrx_word' id='word_1_142' title='bbox 708 1035 768 1062; x_wconf 64' lang='lat' dir='ltr'><strong>quae</strong></span> <span class='ocrx_word' id='word_1_143' title='bbox 781 1027 827 1054; x_wconf 90' lang='lat' dir='ltr'><strong>tibi</strong></span> <span class='ocrx_word' id='word_1_144' title='bbox 843 1028 918 1063; x_wconf 73' lang='lat' dir='ltr'><strong>agni-</strong></span> 
     </span>
    </p>
   </div>
   <div class='ocr_carea' id='block_1_23' title="bbox 142 1072 917 1108">
    <p class='ocr_par' dir='ltr' id='par_1_23' title="bbox 142 1072 917 1108">
     <span class='ocr_line' id='line_1_23' title="bbox 142 1072 917 1108; baseline 0.003 -9"><span class='ocrx_word' id='word_1_145' title='bbox 142 1076 177 1100; x_wconf 73' lang='lat' dir='ltr'><strong>ta:</strong></span> <span class='ocrx_word' id='word_1_146' title='bbox 189 1072 312 1100; x_wconf 84' lang='lat' dir='ltr'><strong>veritatis</strong></span> <span class='ocrx_word' id='word_1_147' title='bbox 324 1072 437 1108; x_wconf 83' lang='lat' dir='ltr'><strong>gratiam</strong></span> <span class='ocrx_word' id='word_1_148' title='bbox 455 1072 576 1100; x_wconf 82' lang='lat' dir='ltr'><strong>conferat</strong></span> <span class='ocrx_word' id='word_1_149' title='bbox 594 1082 600 1100; x_wconf 95' lang='lat'>:</span> <span class='ocrx_word' id='word_1_150' title='bbox 618 1073 685 1100; x_wconf 91' lang='lat' dir='ltr'><strong>mihi</strong></span> <span class='ocrx_word' id='word_1_151' title='bbox 696 1077 785 1100; x_wconf 86' lang='lat' dir='ltr'><strong>tamen</strong></span> <span class='ocrx_word' id='word_1_152' title='bbox 797 1080 849 1100; x_wconf 93' lang='lat' dir='ltr'><strong>non</strong></span> <span class='ocrx_word' id='word_1_153' title='bbox 867 1073 917 1101; x_wconf 94' lang='lat' dir='ltr'><strong>du-</strong></span> 
     </span>
    </p>
   </div>
   <div class='ocr_carea' id='block_1_24' title="bbox 143 1116 915 1153">
    <p class='ocr_par' dir='ltr' id='par_1_24' title="bbox 143 1116 915 1153">
     <span class='ocr_line' id='line_1_24' title="bbox 143 1116 915 1153; baseline 0.001 -9"><span class='ocrx_word' id='word_1_154' title='bbox 143 1117 199 1145; x_wconf 87' lang='lat' dir='ltr'><strong>bito</strong></span> <span class='ocrx_word' id='word_1_155' title='bbox 214 1116 280 1152; x_wconf 86' lang='lat' dir='ltr'><strong>quin</strong></span> <span class='ocrx_word' id='word_1_156' title='bbox 294 1117 423 1145; x_wconf 81' lang='lat' dir='ltr'><strong>otl‘ensam</strong></span> <span class='ocrx_word' id='word_1_157' title='bbox 440 1118 584 1145; x_wconf 76' lang='lat' dir='ltr'><strong>maximam</strong></span> <span class='ocrx_word' id='word_1_158' title='bbox 598 1123 734 1153; x_wconf 87' lang='lat' dir='ltr'><strong>comparet</strong></span> <span class='ocrx_word' id='word_1_159' title='bbox 749 1125 842 1145; x_wconf 91' lang='lat' dir='ltr'><strong>eorum</strong></span> <span class='ocrx_word' id='word_1_160' title='bbox 869 1118 915 1153; x_wconf 89' lang='lat' dir='ltr'><strong>qui</strong></span> 
     </span>
    </p>
   </div>
   <div class='ocr_carea' id='block_1_25' title="bbox 934 881 957 910">
    <p class='ocr_par' dir='ltr' id='par_1_25' title="bbox 934 881 957 910">
     <span class='ocr_line' id='line_1_25' title="bbox 934 881 957 910; baseline 0 0"><span class='ocrx_word' id='word_1_161' title='bbox 934 881 957 910; x_wconf 83' lang='lat' dir='ltr'><strong>B</strong></span> 
     </span>
    </p>
   </div>
   <div class='ocr_carea' id='block_1_26' title="bbox 973 251 1748 287">
    <p class='ocr_par' dir='ltr' id='par_1_26' title="bbox 973 251 1748 287">
     <span class='ocr_line' id='line_1_26' title="bbox 973 251 1748 287; baseline 0.006 -9"><span class='ocrx_word' id='word_1_162' title='bbox 973 251 1041 278; x_wconf 88' lang='lat' dir='ltr'><strong>male</strong></span> <span class='ocrx_word' id='word_1_163' title='bbox 1054 253 1178 280; x_wconf 74' lang='lat' dir='ltr'><strong>senserit.</strong></span> <span class='ocrx_word' id='word_1_164' title='bbox 1197 252 1228 279; x_wconf 86' lang='lat' dir='ltr'><strong>Et</strong></span> <span class='ocrx_word' id='word_1_165' title='bbox 1241 253 1364 287; x_wconf 85' lang='lat' dir='ltr'><strong>quamvis</strong></span> <span class='ocrx_word' id='word_1_166' title='bbox 1380 260 1433 280; x_wconf 94' lang='lat' dir='ltr'><strong>non</strong></span> <span class='ocrx_word' id='word_1_167' title='bbox 1446 261 1533 281; x_wconf 83' lang='lat' dir='ltr'><strong>meam</strong></span> <span class='ocrx_word' id='word_1_168' title='bbox 1549 255 1582 282; x_wconf 81' lang='lat' dir='ltr'><strong>de.</strong></span> <span class='ocrx_word' id='word_1_169' title='bbox 1596 264 1628 283; x_wconf 92' lang='lat' dir='ltr'><strong>eo</strong></span> <span class='ocrx_word' id='word_1_170' title='bbox 1641 261 1748 283; x_wconf 85' lang='lat' dir='ltr'><strong>senten-</strong></span> 
     </span>
    </p>
   </div>
   <div class='ocr_carea' id='block_1_27' title="bbox 971 298 1748 335">
    <p class='ocr_par' dir='ltr' id='par_1_27' title="bbox 971 298 1748 335">
     <span class='ocr_line' id='line_1_27' title="bbox 971 298 1748 335; baseline 0.006 -11"><span class='ocrx_word' id='word_1_171' title='bbox 971 298 1045 329; x_wconf 80' lang='lat' dir='ltr'><strong>tiam,</strong></span> <span class='ocrx_word' id='word_1_172' title='bbox 1061 298 1106 325; x_wconf 86' lang='lat' dir='ltr'><strong>sed</strong></span> <span class='ocrx_word' id='word_1_173' title='bbox 1118 299 1203 325; x_wconf 83' lang='lat' dir='ltr'><strong>sancti</strong></span> <span class='ocrx_word' id='word_1_174' title='bbox 1215 298 1344 334; x_wconf 46' lang='lat' dir='ltr'><strong>‘martyris</strong></span> <span class='ocrx_word' id='word_1_175' title='bbox 1365 298 1495 333; x_wconf 86' lang='lat' dir='ltr'><strong>Pamphili</strong></span> <span class='ocrx_word' id='word_1_176' title='bbox 1520 301 1671 329; x_wconf 87' lang='lat' dir='ltr'><strong>sciscitatus</strong></span> <span class='ocrx_word' id='word_1_177' title='bbox 1688 302 1726 330; x_wconf 84' lang='lat' dir='ltr'><strong>sis</strong></span> <span class='ocrx_word' id='word_1_178' title='bbox 1739 322 1748 335; x_wconf 91' lang='lat'><strong>,</strong></span> 
     </span>
    </p>
   </div>
   <div class='ocr_carea' id='block_1_28' title="bbox 971 343 1748 380">
    <p class='ocr_par' dir='ltr' id='par_1_28' title="bbox 971 343 1748 380">
     <span class='ocr_line' id='line_1_28' title="bbox 971 343 1748 380; baseline 0.008 -11"><span class='ocrx_word' id='word_1_179' title='bbox 971 347 997 370; x_wconf 92' lang='lat' dir='ltr'><strong>et</strong></span> <span class='ocrx_word' id='word_1_180' title='bbox 1014 343 1110 370; x_wconf 86' lang='lat' dir='ltr'><strong>librum</strong></span> <span class='ocrx_word' id='word_1_181' title='bbox 1127 344 1197 378; x_wconf 89' lang='lat' dir='ltr'><strong>ejus,</strong></span> <span class='ocrx_word' id='word_1_182' title='bbox 1214 352 1293 379; x_wconf 88' lang='lat' dir='ltr'><strong>quem</strong></span> <span class='ocrx_word' id='word_1_183' title='bbox 1309 352 1358 379; x_wconf 90' lang='lat' dir='ltr'><strong>pro</strong></span> <span class='ocrx_word' id='word_1_184' title='bbox 1383 344 1499 380; x_wconf 76' lang='lat' dir='ltr'><strong>Origene</strong></span> <span class='ocrx_word' id='word_1_185' title='bbox 1521 346 1548 373; x_wconf 91' lang='lat' dir='ltr'><strong>in</strong></span> <span class='ocrx_word' id='word_1_186' title='bbox 1563 346 1656 374; x_wconf 61' lang='lat' dir='ltr'><strong>Graeco</strong></span> <span class='ocrx_word' id='word_1_187' title='bbox 1680 348 1748 375; x_wconf 84' lang='lat' dir='ltr'><strong>scri-</strong></span> 
     </span>
    </p>
   </div>
   <div class='ocr_carea' id='block_1_29' title="bbox 970 388 1747 426">
    <p class='ocr_par' dir='ltr' id='par_1_29' title="bbox 970 388 1747 426">
     <span class='ocr_line' id='line_1_29' title="bbox 970 388 1747 426; baseline 0.008 -11"><span class='ocrx_word' id='word_1_188' title='bbox 970 388 1056 423; x_wconf 90' lang='lat' dir='ltr'><strong>psisse</strong></span> <span class='ocrx_word' id='word_1_189' title='bbox 1071 389 1186 417; x_wconf 85' lang='lat' dir='ltr'><strong>traditur</strong></span> <span class='ocrx_word' id='word_1_190' title='bbox 1197 411 1204 423; x_wconf 93' lang='lat'><strong>,</strong></span> <span class='ocrx_word' id='word_1_191' title='bbox 1228 391 1367 418; x_wconf 83' lang='lat' dir='ltr'><strong>transferri</strong></span> <span class='ocrx_word' id='word_1_192' title='bbox 1391 391 1437 418; x_wconf 91' lang='lat' dir='ltr'><strong>tibi</strong></span> <span class='ocrx_word' id='word_1_193' title='bbox 1454 393 1610 426; x_wconf 86' lang='lat' dir='ltr'><strong>poposceris</strong></span> <span class='ocrx_word' id='word_1_194' title='bbox 1632 394 1659 420; x_wconf 94' lang='lat' dir='ltr'><strong>in</strong></span> <span class='ocrx_word' id='word_1_195' title='bbox 1672 394 1747 420; x_wconf 84' lang='lat' dir='ltr'><strong>Lati-</strong></span> 
     </span>
    </p>
   </div>
   <div class='ocr_carea' id='block_1_30' title="bbox 971 434 1747 471">
    <p class='ocr_par' dir='ltr' id='par_1_30' title="bbox 971 434 1747 471">
     <span class='ocr_line' id='line_1_30' title="bbox 971 434 1747 471; baseline 0.006 -11"><span class='ocrx_word' id='word_1_196' title='bbox 971 441 1053 466; x_wconf 84' lang='lat' dir='ltr'><strong>num;</strong></span> <span class='ocrx_word' id='word_1_197' title='bbox 1069 438 1159 461; x_wconf 89' lang='lat' dir='ltr'><strong>tamen</strong></span> <span class='ocrx_word' id='word_1_198' title='bbox 1172 442 1225 461; x_wconf 92' lang='lat' dir='ltr'><strong>non</strong></span> <span class='ocrx_word' id='word_1_199' title='bbox 1243 435 1337 461; x_wconf 91' lang='lat' dir='ltr'><strong>dubito</strong></span> <span class='ocrx_word' id='word_1_200' title='bbox 1350 434 1465 469; x_wconf 82' lang='lat' dir='ltr'><strong>futuros,</strong></span> <span class='ocrx_word' id='word_1_201' title='bbox 1479 437 1525 471; x_wconf 85' lang='lat' dir='ltr'><strong>qui</strong></span> <span class='ocrx_word' id='word_1_202' title='bbox 1539 442 1565 463; x_wconf 91' lang='lat' dir='ltr'><strong>et</strong></span> <span class='ocrx_word' id='word_1_203' title='bbox 1578 437 1604 463; x_wconf 92' lang='lat' dir='ltr'><strong>in</strong></span> <span class='ocrx_word' id='word_1_204' title='bbox 1619 445 1651 464; x_wconf 92' lang='lat' dir='ltr'><strong>eo</strong></span> <span class='ocrx_word' id='word_1_205' title='bbox 1668 438 1747 465; x_wconf 75' lang='lat' dir='ltr'><strong>laesos</strong></span> 
     </span>
    </p>
   </div>
   <div class='ocr_carea' id='block_1_31' title="bbox 970 480 1747 515">
    <p class='ocr_par' dir='ltr' id='par_1_31' title="bbox 970 480 1747 515">
     <span class='ocr_line' id='line_1_31' title="bbox 970 480 1747 515; baseline 0.004 -9"><span class='ocrx_word' id='word_1_206' title='bbox 970 486 999 507; x_wconf 89' lang='lat' dir='ltr'><strong>se</strong></span> <span class='ocrx_word' id='word_1_207' title='bbox 1011 484 1113 514; x_wconf 88' lang='lat' dir='ltr'><strong>putent,</strong></span> <span class='ocrx_word' id='word_1_208' title='bbox 1127 480 1148 506; x_wconf 91' lang='lat' dir='ltr'><strong>si</strong></span> <span class='ocrx_word' id='word_1_209' title='bbox 1164 488 1214 507; x_wconf 90' lang='lat' dir='ltr'><strong>nos</strong></span> <span class='ocrx_word' id='word_1_210' title='bbox 1228 480 1327 515; x_wconf 91' lang='lat' dir='ltr'><strong>aliquid</strong></span> <span class='ocrx_word' id='word_1_211' title='bbox 1345 488 1394 515; x_wconf 86' lang='lat' dir='ltr'><strong>pro</strong></span> <span class='ocrx_word' id='word_1_212' title='bbox 1408 488 1441 508; x_wconf 90' lang='lat' dir='ltr'><strong>eo</strong></span> <span class='ocrx_word' id='word_1_213' title='bbox 1455 481 1497 508; x_wconf 90' lang='lat' dir='ltr'><strong>vel</strong></span> <span class='ocrx_word' id='word_1_214' title='bbox 1511 481 1598 509; x_wconf 90' lang='lat' dir='ltr'><strong>alieno</strong></span> <span class='ocrx_word' id='word_1_215' title='bbox 1624 489 1747 510; x_wconf 88' lang='lat' dir='ltr'><strong>sermone</strong></span> 
     </span>
    </p>
   </div>
   <div class='ocr_carea' id='block_1_32' title="bbox 970 523 1747 559">
    <p class='ocr_par' dir='ltr' id='par_1_32' title="bbox 970 523 1747 559">
     <span class='ocr_line' id='line_1_32' title="bbox 970 523 1747 559; baseline 0.003 -9"><span class='ocrx_word' id='word_1_216' title='bbox 970 524 1103 551; x_wconf 88' lang='lat' dir='ltr'><strong>dicamus.</strong></span> <span class='ocrx_word' id='word_1_217' title='bbox 1124 534 1133 550; x_wconf 80' lang='grc' dir='ltr'><strong>ι</strong></span> <span class='ocrx_word' id='word_1_218' title='bbox 1148 523 1234 551; x_wconf 87' lang='lat' dir='ltr'><strong>Tanta</strong></span> <span class='ocrx_word' id='word_1_219' title='bbox 1251 532 1331 559; x_wconf 87' lang='lat' dir='ltr'><strong>porro</strong></span> <span class='ocrx_word' id='word_1_220' title='bbox 1346 525 1454 557; x_wconf 88' lang='lat' dir='ltr'><strong>cautio,</strong></span> <span class='ocrx_word' id='word_1_221' title='bbox 1470 529 1500 552; x_wconf 92' lang='lat' dir='ltr'><strong>ut</strong></span> <span class='ocrx_word' id='word_1_222' title='bbox 1510 533 1572 552; x_wconf 91' lang='lat' dir='ltr'><strong>cum</strong></span> <span class='ocrx_word' id='word_1_223' title='bbox 1594 525 1653 552; x_wconf 91' lang='lat' dir='ltr'><strong>viro</strong></span> <span class='ocrx_word' id='word_1_224' title='bbox 1669 525 1747 552; x_wconf 84' lang='lat' dir='ltr'><strong>docto</strong></span> 
     </span>
    </p>
   </div>
   <div class='ocr_carea' id='block_1_33' title="bbox 969 570 1748 606">
    <p class='ocr_par' dir='ltr' id='par_1_33' title="bbox 969 570 1748 606">
     <span class='ocr_line' id='line_1_33' title="bbox 969 570 1748 606; baseline 0.003 -10"><span class='ocrx_word' id='word_1_225' title='bbox 969 570 1175 604; x_wconf 85' lang='lat' dir='ltr'><strong>concludamus,</strong></span> <span class='ocrx_word' id='word_1_226' title='bbox 1190 570 1280 598; x_wconf 72' lang='lat' dir='ltr'><strong>nimiae</strong></span> <span class='ocrx_word' id='word_1_227' title='bbox 1291 570 1406 598; x_wconf 73' lang='lat' dir='ltr'><strong>licentiae</strong></span> <span class='ocrx_word' id='word_1_228' title='bbox 1419 571 1602 606; x_wconf 88' lang='lat' dir='ltr'><strong>suspicionem</strong></span> <span class='ocrx_word' id='word_1_229' title='bbox 1627 578 1682 598; x_wconf 93' lang='lat' dir='ltr'><strong>non</strong></span> <span class='ocrx_word' id='word_1_230' title='bbox 1698 578 1748 606; x_wconf 87' lang='lat' dir='ltr'><strong>pa-</strong></span> 
     </span>
    </p>
   </div>
   <div class='ocr_carea' id='block_1_34' title="bbox 970 616 1748 651">
    <p class='ocr_par' dir='ltr' id='par_1_34' title="bbox 970 616 1748 651">
     <span class='ocr_line' id='line_1_34' title="bbox 970 616 1748 651; baseline 0.001 -9"><span class='ocrx_word' id='word_1_231' title='bbox 970 616 1044 648; x_wconf 90' lang='lat' dir='ltr'><strong>titur,</strong></span> <span class='ocrx_word' id='word_1_232' title='bbox 1056 624 1105 644; x_wconf 92' lang='lat' dir='ltr'><strong>nec</strong></span> <span class='ocrx_word' id='word_1_233' title='bbox 1117 616 1207 643; x_wconf 79' lang='lat' dir='ltr'><strong>Ruﬁni</strong></span> <span class='ocrx_word' id='word_1_234' title='bbox 1220 624 1318 644; x_wconf 88' lang='lat' dir='ltr'><strong>nomen</strong></span> <span class='ocrx_word' id='word_1_235' title='bbox 1341 616 1374 644; x_wconf 92' lang='lat' dir='ltr'><strong>de</strong></span> <span class='ocrx_word' id='word_1_236' title='bbox 1390 616 1606 644; x_wconf 89' lang='lat' dir='ltr'><strong>testimoniorum</strong></span> <span class='ocrx_word' id='word_1_237' title='bbox 1629 616 1748 651; x_wconf 78' lang='lat' dir='ltr'><strong>pondere</strong></span> 
     </span>
    </p>
   </div>
   <div class='ocr_carea' id='block_1_35' title="bbox 970 661 1745 696">
    <p class='ocr_par' dir='ltr' id='par_1_35' title="bbox 970 661 1745 696">
     <span class='ocr_line' id='line_1_35' title="bbox 970 661 1745 696; baseline -0.001 -7"><span class='ocrx_word' id='word_1_238' title='bbox 970 662 1070 696; x_wconf 91' lang='lat' dir='ltr'><strong>aliquid</strong></span> <span class='ocrx_word' id='word_1_239' title='bbox 1090 661 1231 689; x_wconf 90' lang='lat' dir='ltr'><strong>detrahere</strong></span> <span class='ocrx_word' id='word_1_240' title='bbox 1244 662 1307 696; x_wconf 92' lang='lat' dir='ltr'><strong>jure</strong></span> <span class='ocrx_word' id='word_1_241' title='bbox 1319 662 1408 690; x_wconf 88' lang='lat' dir='ltr'><strong>debet.</strong></span> <span class='ocrx_word' id='word_1_242' title='bbox 1421 661 1487 688; x_wconf 89' lang='lat' dir='ltr'><strong>lllud</strong></span> <span class='ocrx_word' id='word_1_243' title='bbox 1503 669 1611 696; x_wconf 90' lang='lat' dir='ltr'><strong>quoque</strong></span> <span class='ocrx_word' id='word_1_244' title='bbox 1631 661 1745 693; x_wconf 83' lang='lat' dir='ltr'><strong>accedit,</strong></span> 
     </span>
    </p>
   </div>
   <div class='ocr_carea' id='block_1_36' title="bbox 970 707 1746 743">
    <p class='ocr_par' dir='ltr' id='par_1_36' title="bbox 970 707 1746 743">
     <span class='ocr_line' id='line_1_36' title="bbox 970 707 1746 743; baseline -0.001 -8"><span class='ocrx_word' id='word_1_245' title='bbox 970 708 1042 743; x_wconf 88' lang='lat' dir='ltr'><strong>quod</strong></span> <span class='ocrx_word' id='word_1_246' title='bbox 1058 716 1090 735; x_wconf 75' lang='lat' dir='ltr'><strong>ex</strong></span> <span class='ocrx_word' id='word_1_247' title='bbox 1105 708 1209 735; x_wconf 86' lang='lat' dir='ltr'><strong>laciniis</strong></span> <span class='ocrx_word' id='word_1_248' title='bbox 1224 707 1323 735; x_wconf 77' lang='lat' dir='ltr'><strong>Graecis</strong></span> <span class='ocrx_word' id='word_1_249' title='bbox 1334 707 1513 743; x_wconf 78' lang='lat' dir='ltr'><strong>Origenianis,</strong></span> <span class='ocrx_word' id='word_1_250' title='bbox 1526 707 1583 734; x_wconf 84' lang='lat' dir='ltr'><strong>suis</strong></span> <span class='ocrx_word' id='word_1_251' title='bbox 1593 707 1746 742; x_wconf 88' lang='lat' dir='ltr'><strong>quibusque</strong></span> 
     </span>
    </p>
   </div>
   <div class='ocr_carea' id='block_1_37' title="bbox 969 753 1747 788">
    <p class='ocr_par' dir='ltr' id='par_1_37' title="bbox 969 753 1747 788">
     <span class='ocr_line' id='line_1_37' title="bbox 969 753 1747 788; baseline -0.001 -8"><span class='ocrx_word' id='word_1_252' title='bbox 969 754 1038 781; x_wconf 90' lang='lat' dir='ltr'><strong>locis</strong></span> <span class='ocrx_word' id='word_1_253' title='bbox 1051 753 1172 785; x_wconf 77' lang='lat' dir='ltr'><strong>intextis,</strong></span> <span class='ocrx_word' id='word_1_254' title='bbox 1191 753 1224 780; x_wconf 86' lang='lat' dir='ltr'><strong>de</strong></span> <span class='ocrx_word' id='word_1_255' title='bbox 1235 753 1346 788; x_wconf 85' lang='lat' dir='ltr'><strong>reliquis</strong></span> <span class='ocrx_word' id='word_1_256' title='bbox 1360 754 1440 780; x_wconf 88' lang='lat' dir='ltr'><strong>etiant</strong></span> <span class='ocrx_word' id='word_1_257' title='bbox 1459 753 1502 780; x_wconf 90' lang='lat' dir='ltr'><strong>ubi</strong></span> <span class='ocrx_word' id='word_1_258' title='bbox 1517 761 1576 780; x_wconf 91' lang='lat' dir='ltr'><strong>esse</strong></span> <span class='ocrx_word' id='word_1_259' title='bbox 1588 753 1695 784; x_wconf 89' lang='lat' dir='ltr'><strong>desunt,</strong></span> <span class='ocrx_word' id='word_1_260' title='bbox 1708 753 1747 779; x_wconf 88' lang='lat' dir='ltr'><strong>in-</strong></span> 
     </span>
    </p>
   </div>
   <div class='ocr_carea' id='block_1_38' title="bbox 971 798 1746 834">
    <p class='ocr_par' dir='ltr' id='par_1_38' title="bbox 971 798 1746 834">
     <span class='ocr_line' id='line_1_38' title="bbox 971 798 1746 834; baseline 0 -8"><span class='ocrx_word' id='word_1_261' title='bbox 971 799 1097 834; x_wconf 88' lang='lat' dir='ltr'><strong>terpretis</strong></span> <span class='ocrx_word' id='word_1_262' title='bbox 1109 799 1175 826; x_wconf 81' lang='lat' dir='ltr'><strong>ﬁdes</strong></span> <span class='ocrx_word' id='word_1_263' title='bbox 1201 798 1321 826; x_wconf 82' lang='lat' dir='ltr'><strong>fulcitur.</strong></span> <span class='ocrx_word' id='word_1_264' title='bbox 1347 799 1478 826; x_wconf 67' lang='lat' dir='ltr'><strong>Caeterum</strong></span> <span class='ocrx_word' id='word_1_265' title='bbox 1505 807 1634 833; x_wconf 85' lang='lat' dir='ltr'><strong>nuperam</strong></span> <span class='ocrx_word' id='word_1_266' title='bbox 1665 798 1746 833; x_wconf 85' lang='lat' dir='ltr'><strong>hujus</strong></span> 
     </span>
    </p>
   </div>
   <div class='ocr_carea' id='block_1_39' title="bbox 973 845 1743 881">
    <p class='ocr_par' dir='ltr' id='par_1_39' title="bbox 973 845 1743 881">
     <span class='ocr_line' id='line_1_39' title="bbox 973 845 1743 881; baseline 0 -9"><span class='ocrx_word' id='word_1_267' title='bbox 973 845 1129 881; x_wconf 78' lang='lat' dir='ltr'><strong>Apologetici</strong></span> <span class='ocrx_word' id='word_1_268' title='bbox 1144 845 1210 873; x_wconf 88' lang='lat' dir='ltr'><strong>satis</strong></span> <span class='ocrx_word' id='word_1_269' title='bbox 1225 845 1387 873; x_wconf 85' lang='lat' dir='ltr'><strong>luculentam</strong></span> <span class='ocrx_word' id='word_1_270' title='bbox 1401 846 1546 873; x_wconf 89' lang='lat' dir='ltr'><strong>editionem</strong></span> <span class='ocrx_word' id='word_1_271' title='bbox 1564 845 1743 872; x_wconf 87' lang='lat' dir='ltr'><strong>Parisiensem</strong></span> 
     </span>
    </p>
   </div>
   <div class='ocr_carea' id='block_1_40' title="bbox 971 891 1433 926">
    <p class='ocr_par' dir='ltr' id='par_1_40' title="bbox 971 891 1433 926">
     <span class='ocr_line' id='line_1_40' title="bbox 971 891 1433 926; baseline 0.002 -8"><span class='ocrx_word' id='word_1_272' title='bbox 971 891 1041 926; x_wconf 84' lang='lat' dir='ltr'><strong>typis</strong></span> <span class='ocrx_word' id='word_1_273' title='bbox 1053 891 1254 926; x_wconf 75' lang='lat' dir='ltr'><strong>exprimendam</strong></span> <span class='ocrx_word' id='word_1_274' title='bbox 1270 891 1433 919; x_wconf 86' lang='lat' dir='ltr'><strong>curavimus.</strong></span> 
     </span>
    </p>
   </div>
   <div class='ocr_carea' id='block_1_41' title="bbox 1005 936 1744 972">
    <p class='ocr_par' dir='ltr' id='par_1_41' title="bbox 1005 936 1744 972">
     <span class='ocr_line' id='line_1_41' title="bbox 1005 936 1744 972; baseline -0.003 -8"><span class='ocrx_word' id='word_1_275' title='bbox 1005 937 1053 964; x_wconf 86' lang='lat' dir='ltr'><strong>His</strong></span> <span class='ocrx_word' id='word_1_276' title='bbox 1066 944 1147 971; x_wconf 82' lang='lat' dir='ltr'><strong>porro</strong></span> <span class='ocrx_word' id='word_1_277' title='bbox 1160 936 1190 963; x_wconf 82' lang='grc' dir='ltr'><strong>Β.</strong></span> <span class='ocrx_word' id='word_1_278' title='bbox 1202 937 1334 972; x_wconf 85' lang='lat' dir='ltr'><strong>Pamphili</strong></span> <span class='ocrx_word' id='word_1_279' title='bbox 1357 937 1483 972; x_wconf 85' lang='lat' dir='ltr'><strong>operibus</strong></span> <span class='ocrx_word' id='word_1_280' title='bbox 1497 958 1504 969; x_wconf 83' lang='lat'><strong>,</strong></span> <span class='ocrx_word' id='word_1_281' title='bbox 1532 937 1598 963; x_wconf 83' lang='lat' dir='ltr'><strong>Acta</strong></span> <span class='ocrx_word' id='word_1_282' title='bbox 1613 936 1744 971; x_wconf 72' lang='lat' dir='ltr'><strong>passionis</strong></span> 
     </span>
    </p>
   </div>
   <div class='ocr_carea' id='block_1_42' title="bbox 970 981 1746 1017">
    <p class='ocr_par' dir='ltr' id='par_1_42' title="bbox 970 981 1746 1017">
     <span class='ocr_line' id='line_1_42' title="bbox 970 981 1746 1017; baseline -0.001 -8"><span class='ocrx_word' id='word_1_283' title='bbox 970 981 1092 1017; x_wconf 86' lang='lat' dir='ltr'><strong>ejusdem</strong></span> <span class='ocrx_word' id='word_1_284' title='bbox 1107 981 1256 1016; x_wconf 89' lang='lat' dir='ltr'><strong>adjecimus</strong></span> <span class='ocrx_word' id='word_1_285' title='bbox 1267 1002 1275 1014; x_wconf 95' lang='lat'><strong>,</strong></span> <span class='ocrx_word' id='word_1_286' title='bbox 1292 990 1325 1008; x_wconf 85' lang='lat' dir='ltr'><strong>ex</strong></span> <span class='ocrx_word' id='word_1_287' title='bbox 1338 982 1415 1008; x_wconf 89' lang='lat' dir='ltr'><strong>libris</strong></span> <span class='ocrx_word' id='word_1_288' title='bbox 1440 981 1547 1008; x_wconf 83' lang='lat' dir='ltr'><strong>Eusebii</strong></span> <span class='ocrx_word' id='word_1_289' title='bbox 1572 981 1746 1009; x_wconf 74' lang='lat' dir='ltr'><strong>Caesariensis</strong></span> 
     </span>
    </p>
   </div>
   <div class='ocr_carea' id='block_1_43' title="bbox 969 1027 1744 1063">
    <p class='ocr_par' dir='ltr' id='par_1_43' title="bbox 969 1027 1744 1063">
     <span class='ocr_line' id='line_1_43' title="bbox 969 1027 1744 1063; baseline 0.001 -8"><span class='ocrx_word' id='word_1_290' title='bbox 969 1028 1121 1062; x_wconf 82' lang='lat' dir='ltr'><strong>desumpta,</strong></span> <span class='ocrx_word' id='word_1_291' title='bbox 1137 1035 1197 1062; x_wconf 66' lang='lat' dir='ltr'><strong>qua:</strong></span> <span class='ocrx_word' id='word_1_292' title='bbox 1209 1028 1382 1055; x_wconf 84' lang='lat' dir='ltr'><strong>doctissimus</strong></span> <span class='ocrx_word' id='word_1_293' title='bbox 1394 1027 1677 1063; x_wconf 77' lang='lat' dir='ltr'><strong>Papebrochiusjuxta</strong></span> <span class='ocrx_word' id='word_1_294' title='bbox 1691 1036 1744 1056; x_wconf 85' lang='lat' dir='ltr'><strong>ms.</strong></span> 
     </span>
    </p>
   </div>
   <div class='ocr_carea' id='block_1_44' title="bbox 969 1073 1670 1109">
    <p class='ocr_par' dir='ltr' id='par_1_44' title="bbox 969 1073 1670 1109">
     <span class='ocr_line' id='line_1_44' title="bbox 969 1073 1670 1109; baseline 0 -9"><span class='ocrx_word' id='word_1_295' title='bbox 969 1073 1115 1101; x_wconf 87' lang='lat' dir='ltr'><strong>Mediecum</strong></span> <span class='ocrx_word' id='word_1_296' title='bbox 1128 1073 1199 1108; x_wconf 79' lang='lat' dir='ltr'><strong>regis</strong></span> <span class='ocrx_word' id='word_1_297' title='bbox 1218 1073 1442 1101; x_wconf 85' lang='lat' dir='ltr'><strong>Christianissimi</strong></span> <span class='ocrx_word' id='word_1_298' title='bbox 1456 1073 1588 1108; x_wconf 80' lang='lat' dir='ltr'><strong>evulgavit</strong></span> <span class='ocrx_word' id='word_1_299' title='bbox 1604 1073 1670 1109; x_wconf 57' lang='grc' dir='ltr'><strong>(Ἃ),</strong></span> 
     </span>
    </p>
   </div>
   <div class='ocr_carea' id='block_1_45' title="bbox 400 1321 1485 1379">
    <p class='ocr_par' dir='ltr' id='par_1_45' title="bbox 400 1321 1485 1379">
     <span class='ocr_line' id='line_1_45' title="bbox 400 1321 1485 1379; baseline -0.001 0"><span class='ocrx_word' id='word_1_300' title='bbox 400 1323 589 1379; x_wconf 87' lang='lat' dir='ltr'><strong>ACTA</strong></span> <span class='ocrx_word' id='word_1_301' title='bbox 632 1322 1000 1379; x_wconf 87' lang='lat' dir='ltr'><strong>PASSIONIS</strong></span> <span class='ocrx_word' id='word_1_302' title='bbox 1043 1321 1100 1379; x_wconf 88' lang='lat' dir='ltr'><strong>S.</strong></span> <span class='ocrx_word' id='word_1_303' title='bbox 1149 1322 1485 1379; x_wconf 85' lang='lat' dir='ltr'><strong>PAMPHILI</strong></span> 
     </span>
    </p>
   </div>
   <div class='ocr_carea' id='block_1_46' title="bbox 794 1440 1098 1485">
    <p class='ocr_par' dir='ltr' id='par_1_46' title="bbox 794 1440 1098 1485">
     <span class='ocr_line' id='line_1_46' title="bbox 794 1440 1098 1485; baseline 0 0"><span class='ocrx_word' id='word_1_304' title='bbox 794 1440 1098 1485; x_wconf 78' lang='lat' dir='ltr'><strong>MARTYRIS</strong></span> 
     </span>
    </p>
   </div>
   <div class='ocr_carea' id='block_1_47' title="bbox 1195 1449 1209 1460">
    <p class='ocr_par' dir='ltr' id='par_1_47' title="bbox 1195 1449 1209 1460">
     <span class='ocr_line' id='line_1_47' title="bbox 1195 1449 1209 1460; baseline 0 0"><span class='ocrx_word' id='word_1_305' title='bbox 1195 1449 1209 1460; x_wconf 70' lang='grc' dir='ltr'><strong>υ·</strong></span> 
     </span>
    </p>
   </div>
   <div class='ocr_carea' id='block_1_48' title="bbox 171 1535 1717 1577">
    <p class='ocr_par' dir='ltr' id='par_1_48' title="bbox 171 1535 1717 1577">
     <span class='ocr_line' id='line_1_48' title="bbox 171 1535 1717 1577; baseline -0.001 -7"><span class='ocrx_word' id='word_1_306' title='bbox 171 1540 223 1570; x_wconf 73' lang='lat' dir='ltr'><strong>E1:</strong></span> <span class='ocrx_word' id='word_1_307' title='bbox 251 1538 341 1570; x_wconf 72' lang='lat' dir='ltr'><strong>libris</strong></span> <span class='ocrx_word' id='word_1_308' title='bbox 355 1538 481 1570; x_wconf 77' lang='lat' dir='ltr'><strong>Eusebii</strong></span> <span class='ocrx_word' id='word_1_309' title='bbox 498 1538 695 1570; x_wconf 63' lang='lat' dir='ltr'><strong>Caesariensis</strong></span> <span class='ocrx_word' id='word_1_310' title='bbox 709 1538 744 1568; x_wconf 82' lang='lat' dir='ltr'><strong>de</strong></span> <span class='ocrx_word' id='word_1_311' title='bbox 758 1536 846 1568; x_wconf 78' lang='lat' dir='ltr'><strong>illius</strong></span> <span class='ocrx_word' id='word_1_312' title='bbox 863 1537 942 1573; x_wconf 80' lang='lat' dir='ltr'><strong>Vita,</strong></span> <span class='ocrx_word' id='word_1_313' title='bbox 953 1536 1054 1577; x_wconf 74' lang='lat' dir='ltr'><strong>juxta</strong></span> <span class='ocrx_word' id='word_1_314' title='bbox 1067 1545 1123 1567; x_wconf 80' lang='lat' dir='ltr'><strong>ms.</strong></span> <span class='ocrx_word' id='word_1_315' title='bbox 1146 1535 1316 1567; x_wconf 78' lang='lat' dir='ltr'><strong>Mediceum</strong></span> <span class='ocrx_word' id='word_1_316' title='bbox 1343 1536 1424 1574; x_wconf 78' lang='lat' dir='ltr'><strong>regis</strong></span> <span class='ocrx_word' id='word_1_317' title='bbox 1450 1535 1717 1569; x_wconf 76' lang='lat' dir='ltr'><strong>Christianissimi.</strong></span> 
     </span>
    </p>
   </div>
   <div class='ocr_carea' id='block_1_49' title="bbox 828 1695 1067 1727">
    <p class='ocr_par' dir='ltr' id='par_1_49' title="bbox 828 1695 1067 1727">
     <span class='ocr_line' id='line_1_49' title="bbox 828 1695 1067 1727; baseline 0.008 -3"><span class='ocrx_word' id='word_1_318' title='bbox 828 1696 926 1727; x_wconf 83' lang='lat' dir='ltr'><strong>PARS</strong></span> <span class='ocrx_word' id='word_1_319' title='bbox 946 1695 1067 1727; x_wconf 77' lang='lat' dir='ltr'><strong>PRIOR</strong></span> 
     </span>
    </p>
   </div>
   <div class='ocr_carea' id='block_1_50' title="bbox 261 1775 1621 1812">
    <p class='ocr_par' dir='ltr' id='par_1_50' title="bbox 261 1775 1621 1812">
     <span class='ocr_line' id='line_1_50' title="bbox 261 1775 1621 1812; baseline -0.001 -9"><span class='ocrx_word' id='word_1_320' title='bbox 261 1775 385 1804; x_wconf 84' lang='lat' dir='ltr'><strong>Omnium</strong></span> <span class='ocrx_word' id='word_1_321' title='bbox 397 1776 534 1803; x_wconf 80' lang='lat' dir='ltr'><strong>duodecim</strong></span> <span class='ocrx_word' id='word_1_322' title='bbox 551 1776 596 1811; x_wconf 85' lang='lat' dir='ltr'><strong>qui</strong></span> <span class='ocrx_word' id='word_1_323' title='bbox 622 1784 681 1802; x_wconf 87' lang='lat' dir='ltr'><strong>cum</strong></span> <span class='ocrx_word' id='word_1_324' title='bbox 704 1776 759 1811; x_wconf 74' lang='lat' dir='ltr'><strong>ipsa</strong></span> <span class='ocrx_word' id='word_1_325' title='bbox 774 1776 847 1810; x_wconf 75' lang='lat' dir='ltr'><strong>passi</strong></span> <span class='ocrx_word' id='word_1_326' title='bbox 864 1780 936 1810; x_wconf 74' lang='lat' dir='ltr'><strong>sunt,</strong></span> <span class='ocrx_word' id='word_1_327' title='bbox 951 1782 1029 1812; x_wconf 78' lang='lat' dir='ltr'><strong>atque</strong></span> <span class='ocrx_word' id='word_1_328' title='bbox 1043 1777 1071 1803; x_wconf 86' lang='lat' dir='ltr'><strong>in</strong></span> <span class='ocrx_word' id='word_1_329' title='bbox 1083 1777 1175 1811; x_wconf 72' lang='lat' dir='ltr'><strong>primis</strong></span> <span class='ocrx_word' id='word_1_330' title='bbox 1189 1775 1321 1810; x_wconf 77' lang='lat' dir='ltr'><strong>Pamphili</strong></span> <span class='ocrx_word' id='word_1_331' title='bbox 1335 1775 1424 1802; x_wconf 73' lang='lat' dir='ltr'><strong>laudet</strong></span> <span class='ocrx_word' id='word_1_332' title='bbox 1438 1775 1621 1808; x_wconf 71' lang='lat' dir='ltr'><strong>complectens.</strong></span> 
     </span>
    </p>
   </div>
   <div class='ocr_carea' id='block_1_51' title="bbox 172 1860 951 1899">
    <p class='ocr_par' dir='ltr' id='par_1_51' title="bbox 172 1860 951 1899">
     <span class='ocr_line' id='line_1_51' title="bbox 172 1860 951 1899; baseline -0.004 -9"><span class='ocrx_word' id='word_1_333' title='bbox 172 1864 211 1890; x_wconf 78' lang='lat' dir='ltr'><strong>A’.</strong></span> <span class='ocrx_word' id='word_1_334' title='bbox 220 1862 321 1899; x_wconf 78' lang='grc' dir='ltr'><strong>Καιρὸς</strong></span> <span class='ocrx_word' id='word_1_335' title='bbox 331 1862 362 1898; x_wconf 84' lang='grc' dir='ltr'><strong>δὴ</strong></span> <span class='ocrx_word' id='word_1_336' title='bbox 370 1862 447 1889; x_wconf 85' lang='grc' dir='ltr'><strong>καλεί</strong></span> <span class='ocrx_word' id='word_1_337' title='bbox 458 1861 524 1897; x_wconf 81' lang='grc' dir='ltr'>πρὸς</span> <span class='ocrx_word' id='word_1_338' title='bbox 535 1861 601 1887; x_wconf 76' lang='grc' dir='ltr'><strong>πᾶσι</strong></span> <span class='ocrx_word' id='word_1_339' title='bbox 615 1861 644 1887; x_wconf 84' lang='grc' dir='ltr'><strong>τὸ</strong></span> <span class='ocrx_word' id='word_1_340' title='bbox 656 1860 727 1895; x_wconf 86' lang='grc' dir='ltr'><strong>μέγα</strong></span> <span class='ocrx_word' id='word_1_341' title='bbox 739 1861 785 1887; x_wconf 75' lang='grc' dir='ltr'><strong>καὶ</strong></span> <span class='ocrx_word' id='word_1_342' title='bbox 792 1861 917 1897; x_wconf 80' lang='grc' dir='ltr'><strong>περιὸόη-</strong></span> <span class='ocrx_word' id='word_1_343' title='bbox 929 1863 951 1892; x_wconf 85' lang='lat' dir='ltr'><strong>C.</strong></span> 
     </span>
    </p>
   </div>
   <div class='ocr_carea' id='block_1_52' title="bbox 138 1903 920 1943">
    <p class='ocr_par' dir='ltr' id='par_1_52' title="bbox 138 1903 920 1943">
     <span class='ocr_line' id='line_1_52' title="bbox 138 1903 920 1943; baseline -0.005 -8"><span class='ocrx_word' id='word_1_344' title='bbox 138 1916 182 1935; x_wconf 73' lang='grc' dir='ltr'><strong>¹ιον</strong></span> <span class='ocrx_word' id='word_1_345' title='bbox 189 1907 366 1943; x_wconf 79' lang='grc' dir='ltr'><strong>ἁνιστορῆσαι</strong></span> <span class='ocrx_word' id='word_1_346' title='bbox 379 1906 490 1942; x_wconf 79' lang='grc' dir='ltr'><strong>θέατρον</strong></span> <span class='ocrx_word' id='word_1_347' title='bbox 514 1904 655 1940; x_wconf 79' lang='grc' dir='ltr'><strong>Παμφίλου</strong></span> <span class='ocrx_word' id='word_1_348' title='bbox 669 1904 715 1931; x_wconf 79' lang='grc' dir='ltr'><strong>τοῦ</strong></span> <span class='ocrx_word' id='word_1_349' title='bbox 729 1903 920 1941; x_wconf 81' lang='grc' dir='ltr'><strong>ἀγίου’μάρτυ-</strong></span> 
     </span>
    </p>
   </div>
   <div class='ocr_carea' id='block_1_53' title="bbox 140 1950 918 1989">
    <p class='ocr_par' dir='ltr' id='par_1_53' title="bbox 140 1950 918 1989">
     <span class='ocr_line' id='line_1_53' title="bbox 140 1950 918 1989; baseline -0.004 -9"><span class='ocrx_word' id='word_1_350' title='bbox 140 1962 183 1989; x_wconf 78' lang='grc' dir='ltr'><strong>ρος</strong></span> <span class='ocrx_word' id='word_1_351' title='bbox 190 1954 235 1980; x_wconf 69' lang='grc' dir='ltr'><strong>καὶ</strong></span> <span class='ocrx_word' id='word_1_352' title='bbox 240 1953 293 1980; x_wconf 81' lang='grc' dir='ltr'><strong>τῶν</strong></span> <span class='ocrx_word' id='word_1_353' title='bbox 300 1952 347 1979; x_wconf 76' lang='grc' dir='ltr'><strong>σὺν</strong></span> <span class='ocrx_word' id='word_1_354' title='bbox 354 1951 427 1987; x_wconf 81' lang='grc' dir='ltr'><strong>αὐτῷ</strong></span> <span class='ocrx_word' id='word_1_355' title='bbox 433 1950 628 1978; x_wconf 77' lang='grc' dir='ltr'><strong>τελειωθέντων</strong></span> <span class='ocrx_word' id='word_1_356' title='bbox 640 1950 796 1986; x_wconf 77' lang='grc' dir='ltr'><strong>θαυμασίων</strong></span> <span class='ocrx_word' id='word_1_357' title='bbox 803 1951 918 1987; x_wconf 82' lang='grc' dir='ltr'><strong>ἀνδρῶν,</strong></span> 
     </span>
    </p>
   </div>
   <div class='ocr_carea' id='block_1_54' title="bbox 138 1996 916 2034">
    <p class='ocr_par' dir='ltr' id='par_1_54' title="bbox 138 1996 916 2034">
     <span class='ocr_line' id='line_1_54' title="bbox 138 1996 916 2034; baseline -0.004 -8"><span class='ocrx_word' id='word_1_358' title='bbox 138 1999 184 2026; x_wconf 75' lang='grc' dir='ltr'><strong>καὶ</strong></span> <span class='ocrx_word' id='word_1_359' title='bbox 210 1998 394 2034; x_wconf 77' lang='grc' dir='ltr'><strong>πολυτρόπους</strong></span> <span class='ocrx_word' id='word_1_360' title='bbox 411 1996 550 2028; x_wconf 76' lang='grc' dir='ltr'><strong>εὐσεϐείας</strong></span> <span class='ocrx_word' id='word_1_361' title='bbox 577 1996 673 2028; x_wconf 75' lang='grc' dir='ltr'><strong>ἄθλους</strong></span> <span class='ocrx_word' id='word_1_362' title='bbox 697 1996 916 2032; x_wconf 75' lang='grc' dir='ltr'><strong>ὲπιδεδεγμένων.</strong></span> 
     </span>
    </p>
   </div>
   <div class='ocr_carea' id='block_1_55' title="bbox 138 2041 918 2078">
    <p class='ocr_par' dir='ltr' id='par_1_55' title="bbox 138 2041 918 2078">
     <span class='ocr_line' id='line_1_55' title="bbox 138 2041 918 2078; baseline -0.003 -7"><span class='ocrx_word' id='word_1_363' title='bbox 138 2044 274 2071; x_wconf 80' lang='grc' dir='ltr'><strong>Πλείστων</strong></span> <span class='ocrx_word' id='word_1_364' title='bbox 302 2042 367 2078; x_wconf 81' lang='grc' dir='ltr'><strong>γοῦν</strong></span> <span class='ocrx_word' id='word_1_365' title='bbox 395 2043 464 2069; x_wconf 81' lang='grc' dir='ltr'><strong>ὅσων</strong></span> <span class='ocrx_word' id='word_1_366' title='bbox 491 2041 561 2069; x_wconf 75' lang='grc' dir='ltr'><strong>κατὰ</strong></span> <span class='ocrx_word' id='word_1_367' title='bbox 588 2042 633 2069; x_wconf 78' lang='grc' dir='ltr'><strong>τὸν</strong></span> <span class='ocrx_word' id='word_1_368' title='bbox 659 2043 839 2077; x_wconf 72' lang='grc' dir='ltr'><strong>ἐγνωσμένον</strong></span> <span class='ocrx_word' id='word_1_369' title='bbox 853 2044 918 2078; x_wconf 82' lang='grc' dir='ltr'><strong>ἡμῖν</strong></span> 
     </span>
    </p>
   </div>
   <div class='ocr_carea' id='block_1_56' title="bbox 137 2085 918 2126">
    <p class='ocr_par' dir='ltr' id='par_1_56' title="bbox 137 2085 918 2126">
     <span class='ocr_line' id='line_1_56' title="bbox 137 2085 918 2126; baseline -0.004 -8"><span class='ocrx_word' id='word_1_370' title='bbox 137 2090 269 2126; x_wconf 82' lang='grc' dir='ltr'><strong>διωγμὸν,</strong></span> <span class='ocrx_word' id='word_1_371' title='bbox 289 2089 499 2125; x_wconf 82' lang='grc' dir='ltr'><strong>ἀνδρισαμὲνων,</strong></span> <span class='ocrx_word' id='word_1_372' title='bbox 523 2089 568 2115; x_wconf 80' lang='grc' dir='ltr'><strong>τὸν</strong></span> <span class='ocrx_word' id='word_1_373' title='bbox 587 2089 649 2124; x_wconf 76' lang='grc' dir='ltr'><strong>περὶ</strong></span> <span class='ocrx_word' id='word_1_374' title='bbox 668 2085 705 2115; x_wconf 82' lang='grc' dir='ltr'><strong>ὧν</strong></span> <span class='ocrx_word' id='word_1_375' title='bbox 727 2089 741 2115; x_wconf 85' lang='grc' dir='ltr'>ό</span> <span class='ocrx_word' id='word_1_376' title='bbox 760 2089 836 2124; x_wconf 82' lang='grc' dir='ltr'>λόγος</span> <span class='ocrx_word' id='word_1_377' title='bbox 849 2088 918 2122; x_wconf 80' lang='grc' dir='ltr'><strong>ἀγῶ-</strong></span> 
     </span>
    </p>
   </div>
   <div class='ocr_carea' id='block_1_57' title="bbox 138 2136 917 2173">
    <p class='ocr_par' dir='ltr' id='par_1_57' title="bbox 138 2136 917 2173">
     <span class='ocr_line' id='line_1_57' title="bbox 138 2136 917 2173; baseline -0.001 -8"><span class='ocrx_word' id='word_1_378' title='bbox 138 2147 171 2166; x_wconf 90' lang='grc' dir='ltr'><strong>να</strong></span> <span class='ocrx_word' id='word_1_379' title='bbox 194 2136 386 2168; x_wconf 73' lang='grc' dir='ltr'><strong>σπανιώτατον,</strong></span> <span class='ocrx_word' id='word_1_380' title='bbox 407 2136 437 2163; x_wconf 82' lang='grc' dir='ltr'><strong>ὃν</strong></span> <span class='ocrx_word' id='word_1_381' title='bbox 461 2137 541 2172; x_wconf 79' lang='grc' dir='ltr'>ἡμεῖς</span> <span class='ocrx_word' id='word_1_382' title='bbox 565 2136 697 2172; x_wconf 69' lang='grc' dir='ltr'><strong>ἔγνωμεν,</strong></span> <span class='ocrx_word' id='word_1_383' title='bbox 726 2138 917 2173; x_wconf 76' lang='grc' dir='ltr'><strong>ἱστορήσαμεν,</strong></span> 
     </span>
    </p>
   </div>
   <div class='ocr_carea' id='block_1_58' title="bbox 137 2179 919 2218">
    <p class='ocr_par' dir='ltr' id='par_1_58' title="bbox 137 2179 919 2218">
     <span class='ocr_line' id='line_1_58' title="bbox 137 2179 919 2218; baseline -0.005 -8"><span class='ocrx_word' id='word_1_384' title='bbox 137 2182 242 2218; x_wconf 80' lang='grc' dir='ltr'><strong>ἀθρόως</strong></span> <span class='ocrx_word' id='word_1_385' title='bbox 259 2183 286 2209; x_wconf 85' lang='grc' dir='ltr'><strong>ὲν</strong></span> <span class='ocrx_word' id='word_1_386' title='bbox 303 2181 376 2217; x_wconf 80' lang='grc' dir='ltr'><strong>αὐτῷ</strong></span> <span class='ocrx_word' id='word_1_387' title='bbox 398 2182 452 2207; x_wconf 80' lang='grc' dir='ltr'><strong>πᾶν</strong></span> <span class='ocrx_word' id='word_1_388' title='bbox 470 2179 537 2212; x_wconf 73' lang='grc' dir='ltr'>εἶδος</span> <span class='ocrx_word' id='word_1_389' title='bbox 552 2180 662 2215; x_wconf 80' lang='grc' dir='ltr'><strong>ἠ)ικιῶν</strong></span> <span class='ocrx_word' id='word_1_390' title='bbox 675 2189 705 2207; x_wconf 86' lang='grc' dir='ltr'><strong>τε</strong></span> <span class='ocrx_word' id='word_1_391' title='bbox 723 2180 857 2216; x_wconf 80' lang='grc' dir='ltr'><strong>σώματος,</strong></span> <span class='ocrx_word' id='word_1_392' title='bbox 872 2180 919 2207; x_wconf 79' lang='grc' dir='ltr'><strong>καὶ</strong></span> 
     </span>
    </p>
   </div>
   <div class='ocr_carea' id='block_1_59' title="bbox 136 2225 918 2263">
    <p class='ocr_par' dir='ltr' id='par_1_59' title="bbox 136 2225 918 2263">
     <span class='ocr_line' id='line_1_59' title="bbox 136 2225 918 2263; baseline -0.004 -8"><span class='ocrx_word' id='word_1_393' title='bbox 136 2228 229 2263; x_wconf 80' lang='grc' dir='ltr'><strong>ψυχῶν</strong></span> <span class='ocrx_word' id='word_1_394' title='bbox 249 2227 370 2262; x_wconf 74' lang='grc' dir='ltr'><strong>ἀγωγῆς,</strong></span> <span class='ocrx_word' id='word_1_395' title='bbox 394 2226 452 2261; x_wconf 79' lang='grc' dir='ltr'><strong>βίου</strong></span> <span class='ocrx_word' id='word_1_396' title='bbox 476 2234 506 2252; x_wconf 86' lang='grc' dir='ltr'><strong>τε</strong></span> <span class='ocrx_word' id='word_1_397' title='bbox 533 2226 580 2252; x_wconf 75' lang='grc' dir='ltr'><strong>καὶ</strong></span> <span class='ocrx_word' id='word_1_398' title='bbox 600 2225 770 2261; x_wconf 83' lang='grc' dir='ltr'><strong>ἀναστροφῆς</strong></span> <span class='ocrx_word' id='word_1_399' title='bbox 792 2225 918 2261; x_wconf 67' lang='grc' dir='ltr'><strong>διαφόρου</strong></span> 
     </span>
    </p>
   </div>
   <div class='ocr_carea' id='block_1_60' title="bbox 137 2271 918 2310">
    <p class='ocr_par' dir='ltr' id='par_1_60' title="bbox 137 2271 918 2310">
     <span class='ocr_line' id='line_1_60' title="bbox 137 2271 918 2310; baseline -0.005 -9"><span class='ocrx_word' id='word_1_400' title='bbox 137 2274 339 2310; x_wconf 78' lang='grc' dir='ltr'><strong>περιειληφότα,</strong></span> <span class='ocrx_word' id='word_1_401' title='bbox 356 2272 478 2308; x_wconf 77' lang='grc' dir='ltr'><strong>βασάνων</strong></span> <span class='ocrx_word' id='word_1_402' title='bbox 495 2281 525 2298; x_wconf 81' lang='grc' dir='ltr'><strong>τε</strong></span> <span class='ocrx_word' id='word_1_403' title='bbox 544 2271 673 2303; x_wconf 80' lang='grc' dir='ltr'><strong>ποικίλοις</strong></span> <span class='ocrx_word' id='word_1_404' title='bbox 695 2272 786 2303; x_wconf 72' lang='grc' dir='ltr'><strong>εἴδεσι,</strong></span> <span class='ocrx_word' id='word_1_405' title='bbox 804 2272 918 2303; x_wconf 81' lang='grc' dir='ltr'><strong>καὶτοῖς</strong></span> 
     </span>
    </p>
   </div>
   <div class='ocr_carea' id='block_1_61' title="bbox 137 2317 919 2354">
    <p class='ocr_par' dir='ltr' id='par_1_61' title="bbox 137 2317 919 2354">
     <span class='ocr_line' id='line_1_61' title="bbox 137 2317 919 2354; baseline -0.008 -6"><span class='ocrx_word' id='word_1_406' title='bbox 137 2320 207 2348; x_wconf 82' lang='grc' dir='ltr'><strong>κατὰ</strong></span> <span class='ocrx_word' id='word_1_407' title='bbox 226 2320 256 2347; x_wconf 81' lang='grc' dir='ltr'><strong>τὸ</strong></span> <span class='ocrx_word' id='word_1_408' title='bbox 271 2319 371 2346; x_wconf 77' lang='grc' dir='ltr'><strong>τέλειον</strong></span> <span class='ocrx_word' id='word_1_409' title='bbox 390 2317 536 2354; x_wconf 81' lang='grc' dir='ltr'><strong>μαρτύριον</strong></span> <span class='ocrx_word' id='word_1_410' title='bbox 553 2317 759 2353; x_wconf 78' lang='grc' dir='ltr'><strong>ὲνηλλαγμένοις</strong></span> <span class='ocrx_word' id='word_1_411' title='bbox 778 2317 919 2351; x_wconf 79' lang='grc' dir='ltr'><strong>στεφάνοις</strong></span> 
     </span>
    </p>
   </div>
   <div class='ocr_carea' id='block_1_62' title="bbox 136 2361 917 2402">
    <p class='ocr_par' dir='ltr' id='par_1_62' title="bbox 136 2361 917 2402">
     <span class='ocr_line' id='line_1_62' title="bbox 136 2361 917 2402; baseline -0.006 -9"><span class='ocrx_word' id='word_1_412' title='bbox 136 2366 309 2402; x_wconf 82' lang='grc' dir='ltr'><strong>κεκοσμένον.</strong></span> <span class='ocrx_word' id='word_1_413' title='bbox 327 2365 414 2396; x_wconf 82' lang='grc' dir='ltr'><strong>Νέους</strong></span> <span class='ocrx_word' id='word_1_414' title='bbox 429 2372 458 2391; x_wconf 81' lang='grc' dir='ltr'><strong>τε</strong></span> <span class='ocrx_word' id='word_1_415' title='bbox 475 2364 527 2399; x_wconf 81' lang='grc' dir='ltr'><strong>γὰρ</strong></span> <span class='ocrx_word' id='word_1_416' title='bbox 542 2361 576 2399; x_wconf 82' lang='grc' dir='ltr'><strong>ἦν</strong></span> <span class='ocrx_word' id='word_1_417' title='bbox 592 2363 665 2394; x_wconf 71' lang='grc' dir='ltr'><strong>ἰδεῖν,</strong></span> <span class='ocrx_word' id='word_1_418' title='bbox 679 2363 725 2389; x_wconf 74' lang='grc' dir='ltr'><strong>καὶ</strong></span> <span class='ocrx_word' id='word_1_419' title='bbox 741 2362 838 2398; x_wconf 85' lang='grc' dir='ltr'>κομιδῇ</span> <span class='ocrx_word' id='word_1_420' title='bbox 855 2363 917 2389; x_wconf 82' lang='grc' dir='ltr'><strong>παῖ-</strong></span> 
     </span>
    </p>
   </div>
   <div class='ocr_carea' id='block_1_63' title="bbox 136 2408 918 2444">
    <p class='ocr_par' dir='ltr' id='par_1_63' title="bbox 136 2408 918 2444">
     <span class='ocr_line' id='line_1_63' title="bbox 136 2408 918 2444; baseline -0.005 -6"><span class='ocrx_word' id='word_1_421' title='bbox 136 2413 183 2444; x_wconf 85' lang='grc' dir='ltr'><strong>δας</strong></span> <span class='ocrx_word' id='word_1_422' title='bbox 204 2411 258 2437; x_wconf 78' lang='grc' dir='ltr'><strong>τῶν</strong></span> <span class='ocrx_word' id='word_1_423' title='bbox 274 2411 322 2437; x_wconf 80' lang='grc' dir='ltr'><strong>σὺν</strong></span> <span class='ocrx_word' id='word_1_424' title='bbox 337 2410 427 2442; x_wconf 71' lang='grc' dir='ltr'><strong>αὐτοῖς</strong></span> <span class='ocrx_word' id='word_1_425' title='bbox 442 2409 596 2444; x_wconf 77' lang='grc' dir='ltr'><strong>Αἰγυπτίων</strong></span> <span class='ocrx_word' id='word_1_426' title='bbox 614 2409 699 2441; x_wconf 73' lang='grc' dir='ltr'><strong>τινὰς,</strong></span> <span class='ocrx_word' id='word_1_427' title='bbox 716 2408 793 2444; x_wconf 82' lang='grc' dir='ltr'><strong>ἡμῶν</strong></span> <span class='ocrx_word' id='word_1_428' title='bbox 808 2409 871 2440; x_wconf 74' lang='grc' dir='ltr'><strong>τοὺς</strong></span> <span class='ocrx_word' id='word_1_429' title='bbox 890 2408 918 2434; x_wconf 81' lang='grc' dir='ltr'><strong>δὲ</strong></span> 
     </span>
    </p>
   </div>
   <div class='ocr_carea' id='block_1_64' title="bbox 137 2452 917 2493">
    <p class='ocr_par' dir='ltr' id='par_1_64' title="bbox 137 2452 917 2493">
     <span class='ocr_line' id='line_1_64' title="bbox 137 2452 917 2493; baseline -0.005 -9"><span class='ocrx_word' id='word_1_430' title='bbox 137 2458 231 2489; x_wconf 75' lang='grc' dir='ltr'>ἄλλους</span> <span class='ocrx_word' id='word_1_431' title='bbox 243 2457 313 2493; x_wconf 78' lang='grc' dir='ltr'><strong>(μεθ’</strong></span> <span class='ocrx_word' id='word_1_432' title='bbox 328 2454 364 2483; x_wconf 80' lang='grc' dir='ltr'><strong>ὧν</strong></span> <span class='ocrx_word' id='word_1_433' title='bbox 379 2457 426 2483; x_wconf 71' lang='grc' dir='ltr'><strong>καὶ</strong></span> <span class='ocrx_word' id='word_1_434' title='bbox 442 2457 456 2482; x_wconf 84' lang='grc' dir='ltr'><strong>ὁ</strong></span> <span class='ocrx_word' id='word_1_435' title='bbox 470 2454 622 2491; x_wconf 82' lang='grc' dir='ltr'><strong>Πορφύριος</strong></span> <span class='ocrx_word' id='word_1_436' title='bbox 633 2453 681 2490; x_wconf 84' lang='grc' dir='ltr'><strong>ἦν)</strong></span> <span class='ocrx_word' id='word_1_437' title='bbox 696 2454 829 2490; x_wconf 78' lang='grc' dir='ltr'><strong>ἀκμαίους</strong></span> <span class='ocrx_word' id='word_1_438' title='bbox 841 2463 870 2480; x_wconf 82' lang='grc' dir='ltr'><strong>τε</strong></span> <span class='ocrx_word' id='word_1_439' title='bbox 885 2452 917 2481; x_wconf 80' lang='grc' dir='ltr'><strong>αὖ</strong></span> 
     </span>
    </p>
   </div>
   <div class='ocr_carea' id='block_1_65' title="bbox 139 2498 917 2537">
    <p class='ocr_par' dir='ltr' id='par_1_65' title="bbox 139 2498 917 2537">
     <span class='ocr_line' id='line_1_65' title="bbox 139 2498 917 2537; baseline -0.005 -9"><span class='ocrx_word' id='word_1_440' title='bbox 139 2501 244 2537; x_wconf 81' lang='grc' dir='ltr'><strong>σώματί</strong></span> <span class='ocrx_word' id='word_1_441' title='bbox 254 2510 282 2528; x_wconf 82' lang='grc' dir='ltr'><strong>τε</strong></span> <span class='ocrx_word' id='word_1_442' title='bbox 294 2501 361 2537; x_wconf 78' lang='grc' dir='ltr'><strong>ὁμοῦ</strong></span> <span class='ocrx_word' id='word_1_443' title='bbox 373 2502 420 2527; x_wconf 76' lang='grc' dir='ltr'><strong>καὶ</strong></span> <span class='ocrx_word' id='word_1_444' title='bbox 431 2501 569 2536; x_wconf 86' lang='grc' dir='ltr'><strong>φρονήσει,</strong></span> <span class='ocrx_word' id='word_1_445' title='bbox 587 2499 649 2531; x_wconf 78' lang='grc' dir='ltr'><strong>τοὺς</strong></span> <span class='ocrx_word' id='word_1_446' title='bbox 665 2499 735 2534; x_wconf 71' lang='grc' dir='ltr'>ἀμφὶ</span> <span class='ocrx_word' id='word_1_447' title='bbox 751 2499 780 2525; x_wconf 82' lang='grc' dir='ltr'><strong>τὸ</strong></span> <span class='ocrx_word' id='word_1_448' title='bbox 797 2498 917 2525; x_wconf 82' lang='grc' dir='ltr'><strong>ποθεινόν</strong></span> 
     </span>
    </p>
   </div>
   <div class='ocr_carea' id='block_1_66' title="bbox 140 2544 917 2583">
    <p class='ocr_par' dir='ltr' id='par_1_66' title="bbox 140 2544 917 2583">
     <span class='ocr_line' id='line_1_66' title="bbox 140 2544 917 2583; baseline -0.005 -9"><span class='ocrx_word' id='word_1_449' title='bbox 140 2556 186 2583; x_wconf 88' lang='grc' dir='ltr'><strong>μοι</strong></span> <span class='ocrx_word' id='word_1_450' title='bbox 205 2547 299 2582; x_wconf 74' lang='grc' dir='ltr'><strong>ὄνομα,</strong></span> <span class='ocrx_word' id='word_1_451' title='bbox 314 2547 418 2574; x_wconf 77' lang='grc' dir='ltr'><strong>καὶτὸν</strong></span> <span class='ocrx_word' id='word_1_452' title='bbox 438 2548 581 2582; x_wconf 80' lang='grc' dir='ltr'><strong>ἰαμνήτην</strong></span> <span class='ocrx_word' id='word_1_453' title='bbox 604 2545 718 2576; x_wconf 81' lang='grc' dir='ltr'><strong>Παῦλον,</strong></span> <span class='ocrx_word' id='word_1_454' title='bbox 739 2544 866 2571; x_wconf 82' lang='grc' dir='ltr'><strong>Σέλευκόν</strong></span> <span class='ocrx_word' id='word_1_455' title='bbox 887 2553 917 2571; x_wconf 85' lang='grc' dir='ltr'><strong>τε</strong></span> 
     </span>
    </p>
   </div>
   <div class='ocr_carea' id='block_1_67' title="bbox 138 2590 917 2627">
    <p class='ocr_par' dir='ltr' id='par_1_67' title="bbox 138 2590 917 2627">
     <span class='ocr_line' id='line_1_67' title="bbox 138 2590 917 2627; baseline -0.005 -8"><span class='ocrx_word' id='word_1_456' title='bbox 138 2593 186 2620; x_wconf 75' lang='grc' dir='ltr'><strong>καὶ</strong></span> <span class='ocrx_word' id='word_1_457' title='bbox 205 2592 355 2624; x_wconf 79' lang='grc' dir='ltr'><strong>Ἵουλιανὺν,</strong></span> <span class='ocrx_word' id='word_1_458' title='bbox 381 2592 464 2627; x_wconf 77' lang='grc' dir='ltr'><strong>ἄμφω</strong></span> <span class='ocrx_word' id='word_1_459' title='bbox 484 2592 532 2627; x_wconf 79' lang='grc' dir='ltr'><strong>τῆς</strong></span> <span class='ocrx_word' id='word_1_460' title='bbox 550 2590 739 2617; x_wconf 82' lang='grc' dir='ltr'><strong>Καππαδοκῶν</strong></span> <span class='ocrx_word' id='word_1_461' title='bbox 755 2590 804 2625; x_wconf 86' lang='grc' dir='ltr'><strong>γῆς</strong></span> <span class='ocrx_word' id='word_1_462' title='bbox 823 2590 917 2626; x_wconf 85' lang='grc' dir='ltr'><strong>ὡρμη-</strong></span> 
     </span>
    </p>
   </div>
   <div class='ocr_carea' id='block_1_68' title="bbox 139 2634 918 2674">
    <p class='ocr_par' dir='ltr' id='par_1_68' title="bbox 139 2634 918 2674">
     <span class='ocr_line' id='line_1_68' title="bbox 139 2634 918 2674; baseline -0.003 -11"><span class='ocrx_word' id='word_1_463' title='bbox 139 2637 235 2674; x_wconf 75' lang='grc' dir='ltr'><strong>μένους</strong></span> <span class='ocrx_word' id='word_1_464' title='bbox 247 2645 254 2651; x_wconf 91' lang='grc'><strong>·</strong></span> <span class='ocrx_word' id='word_1_465' title='bbox 274 2634 343 2672; x_wconf 85' lang='grc' dir='ltr'><strong>ἦσαν</strong></span> <span class='ocrx_word' id='word_1_466' title='bbox 356 2637 384 2663; x_wconf 78' lang='grc' dir='ltr'><strong>δὲ</strong></span> <span class='ocrx_word' id='word_1_467' title='bbox 393 2638 421 2664; x_wconf 85' lang='grc' dir='ltr'><strong>ὲν</strong></span> <span class='ocrx_word' id='word_1_468' title='bbox 434 2637 524 2668; x_wconf 82' lang='grc' dir='ltr'><strong>αὺτοῖς</strong></span> <span class='ocrx_word' id='word_1_469' title='bbox 538 2637 584 2662; x_wconf 77' lang='grc' dir='ltr'><strong>καὶ</strong></span> <span class='ocrx_word' id='word_1_470' title='bbox 600 2636 658 2670; x_wconf 77' lang='grc' dir='ltr'><strong>ἱερᾷ</strong></span> <span class='ocrx_word' id='word_1_471' title='bbox 673 2635 761 2670; x_wconf 81' lang='grc' dir='ltr'><strong>πολιᾷ,</strong></span> <span class='ocrx_word' id='word_1_472' title='bbox 777 2634 918 2670; x_wconf 82' lang='grc' dir='ltr'><strong>βαθυτάτῳ</strong></span> 
     </span>
    </p>
   </div>
   <div class='ocr_carea' id='block_1_69' title="bbox 136 2681 916 2719">
    <p class='ocr_par' dir='ltr' id='par_1_69' title="bbox 136 2681 916 2719">
     <span class='ocr_line' id='line_1_69' title="bbox 136 2681 916 2719; baseline -0.003 -9"><span class='ocrx_word' id='word_1_473' title='bbox 136 2692 169 2718; x_wconf 80' lang='grc' dir='ltr'><strong>γε</strong></span> <span class='ocrx_word' id='word_1_474' title='bbox 186 2683 258 2719; x_wconf 82' lang='grc' dir='ltr'><strong>γήρᾳ</strong></span> <span class='ocrx_word' id='word_1_475' title='bbox 275 2683 486 2719; x_wconf 82' lang='grc' dir='ltr'><strong>πεπυκασμένοι,</strong></span> <span class='ocrx_word' id='word_1_476' title='bbox 507 2681 612 2718; x_wconf 78' lang='grc' dir='ltr'><strong>Οὐάλης</strong></span> <span class='ocrx_word' id='word_1_477' title='bbox 625 2682 745 2713; x_wconf 80' lang='grc' dir='ltr'><strong>διάκονος</strong></span> <span class='ocrx_word' id='word_1_478' title='bbox 768 2682 816 2716; x_wconf 82' lang='grc' dir='ltr'><strong>τῆς</strong></span> <span class='ocrx_word' id='word_1_479' title='bbox 838 2682 916 2717; x_wconf 84' lang='grc' dir='ltr'><strong>Ἰερο-</strong></span> 
     </span>
    </p>
   </div>
   <div class='ocr_carea' id='block_1_70' title="bbox 933 2534 954 2561">
    <p class='ocr_par' dir='ltr' id='par_1_70' title="bbox 933 2534 954 2561">
     <span class='ocr_line' id='line_1_70' title="bbox 933 2534 954 2561; baseline 0 0"><span class='ocrx_word' id='word_1_480' title='bbox 933 2534 954 2561; x_wconf 94' lang='lat' dir='ltr'><strong>D</strong></span> 
     </span>
    </p>
   </div>
   <div class='ocr_carea' id='block_1_71' title="bbox 174 2769 732 2806">
    <p class='ocr_par' dir='ltr' id='par_1_71' title="bbox 174 2769 732 2806">
     <span class='ocr_line' id='line_1_71' title="bbox 174 2769 732 2806; baseline -0.005 -8"><span class='ocrx_word' id='word_1_481' title='bbox 174 2771 231 2806; x_wconf 70' lang='lat' dir='ltr'><strong>(2t)</strong></span> <span class='ocrx_word' id='word_1_482' title='bbox 249 2772 314 2798; x_wconf 77' lang='lat' dir='ltr'><strong>Acta</strong></span> <span class='ocrx_word' id='word_1_483' title='bbox 329 2770 378 2798; x_wconf 84' lang='lat' dir='ltr'><strong>SS.</strong></span> <span class='ocrx_word' id='word_1_484' title='bbox 390 2792 396 2802; x_wconf 90' lang='lat'><strong>,</strong></span> <span class='ocrx_word' id='word_1_485' title='bbox 410 2770 472 2798; x_wconf 82' lang='lat' dir='ltr'><strong>Jun.</strong></span> <span class='ocrx_word' id='word_1_486' title='bbox 486 2775 504 2797; x_wconf 91' lang='lat' dir='ltr'><strong>t.</strong></span> <span class='ocrx_word' id='word_1_487' title='bbox 519 2770 539 2800; x_wconf 86' lang='grc' dir='ltr'><strong>ἰ,</strong></span> <span class='ocrx_word' id='word_1_488' title='bbox 555 2778 581 2804; x_wconf 91' lang='lat' dir='ltr'><strong>p.</strong></span> <span class='ocrx_word' id='word_1_489' title='bbox 599 2769 643 2801; x_wconf 68' lang='grc' dir='ltr'><strong>ει,</strong></span> <span class='ocrx_word' id='word_1_490' title='bbox 656 2777 732 2804; x_wconf 83' lang='lat' dir='ltr'><strong>seqq.</strong></span> 
     </span>
    </p>
   </div>
   <div class='ocr_carea' id='block_1_72' title="bbox 174 2803 915 2841">
    <p class='ocr_par' dir='ltr' id='par_1_72' title="bbox 174 2803 915 2841">
     <span class='ocr_line' id='line_1_72' title="bbox 174 2803 915 2841; baseline -0.005 -8"><span class='ocrx_word' id='word_1_491' title='bbox 174 2803 232 2841; x_wconf 73' lang='grc'>(25)</span> <span class='ocrx_word' id='word_1_492' title='bbox 252 2805 348 2834; x_wconf 84' lang='lat' dir='ltr'><strong>Procul</strong></span> <span class='ocrx_word' id='word_1_493' title='bbox 373 2807 407 2833; x_wconf 85' lang='lat' dir='ltr'><strong>ab</strong></span> <span class='ocrx_word' id='word_1_494' title='bbox 431 2803 654 2841; x_wconf 26' lang='lat' dir='ltr'><strong>auctoris’ntente</strong></span> <span class='ocrx_word' id='word_1_495' title='bbox 676 2803 809 2831; x_wconf 74' lang='lat' dir='ltr'><strong>aberravit</strong></span> <span class='ocrx_word' id='word_1_496' title='bbox 833 2803 915 2841; x_wconf 81' lang='lat' dir='ltr'><strong>inter-</strong></span> 
     </span>
    </p>
   </div>
   <div class='ocr_carea' id='block_1_73' title="bbox 139 2839 914 2876">
    <p class='ocr_par' dir='ltr' id='par_1_73' title="bbox 139 2839 914 2876">
     <span class='ocr_line' id='line_1_73' title="bbox 139 2839 914 2876; baseline -0.003 -9"><span class='ocrx_word' id='word_1_497' title='bbox 139 2839 309 2876; x_wconf 22' lang='lat' dir='ltr'><strong>pres,’apud</strong></span> <span class='ocrx_word' id='word_1_498' title='bbox 329 2841 506 2876; x_wconf 82' lang='lat' dir='ltr'><strong>Lipotnanutn</strong></span> <span class='ocrx_word' id='word_1_499' title='bbox 521 2845 558 2867; x_wconf 63' lang='lat' dir='ltr'><strong>et</strong></span> <span class='ocrx_word' id='word_1_500' title='bbox 583 2840 703 2876; x_wconf 69' lang='lat' dir='ltr'><strong>sarium,</strong></span> <span class='ocrx_word' id='word_1_501' title='bbox 732 2847 793 2876; x_wconf 84' lang='lat' dir='ltr'><strong>cum</strong></span> <span class='ocrx_word' id='word_1_502' title='bbox 813 2839 914 2865; x_wconf 85' lang='lat' dir='ltr'><strong>vertit:</strong></span> 
     </span>
    </p>
   </div>
   <div class='ocr_carea' id='block_1_74' title="bbox 140 2874 916 2911">
    <p class='ocr_par' dir='ltr' id='par_1_74' title="bbox 140 2874 916 2911">
     <span class='ocr_line' id='line_1_74' title="bbox 140 2874 916 2911; baseline -0.004 -7"><span class='ocrx_word' id='word_1_503' title='bbox 140 2874 320 2904; x_wconf 47' lang='lat' dir='ltr'><strong>&#39;Adolcsrenm</strong></span> <span class='ocrx_word' id='word_1_504' title='bbox 337 2874 477 2911; x_wconf 50' lang='lat' dir='ltr'><strong>et&#39;pueros,</strong></span> <span class='ocrx_word' id='word_1_505' title='bbox 493 2880 567 2910; x_wconf 73' lang='lat' dir='ltr'><strong>atque</strong></span> <span class='ocrx_word' id='word_1_506' title='bbox 581 2875 644 2902; x_wconf 71' lang='lat' dir='ltr'><strong>adeo</strong></span> <span class='ocrx_word' id='word_1_507' title='bbox 660 2874 735 2909; x_wconf 81' lang='lat' dir='ltr'><strong>plane</strong></span> <span class='ocrx_word' id='word_1_508' title='bbox 749 2874 872 2909; x_wconf 69' lang='lat' dir='ltr'><strong>infantes,</strong></span> <span class='ocrx_word' id='word_1_509' title='bbox 885 2882 916 2901; x_wconf 76' lang='lat' dir='ltr'><strong>ea;</strong></span> 
     </span>
    </p>
   </div>
   <div class='ocr_carea' id='block_1_75' title="bbox 1002 1859 1744 1896">
    <p class='ocr_par' dir='ltr' id='par_1_75' title="bbox 1002 1859 1744 1896">
     <span class='ocr_line' id='line_1_75' title="bbox 1002 1859 1744 1896; baseline 0 -8"><span class='ocrx_word' id='word_1_510' title='bbox 1002 1861 1023 1888; x_wconf 87' lang='lat' dir='ltr'><strong>l.</strong></span> <span class='ocrx_word' id='word_1_511' title='bbox 1041 1861 1160 1896; x_wconf 85' lang='lat' dir='ltr'><strong>Tempus</strong></span> <span class='ocrx_word' id='word_1_512' title='bbox 1176 1867 1249 1888; x_wconf 93' lang='lat' dir='ltr'><strong>nunc</strong></span> <span class='ocrx_word' id='word_1_513' title='bbox 1275 1864 1366 1887; x_wconf 87' lang='lat' dir='ltr'><strong>monet</strong></span> <span class='ocrx_word' id='word_1_514' title='bbox 1385 1866 1477 1887; x_wconf 90' lang='lat' dir='ltr'><strong>coram</strong></span> <span class='ocrx_word' id='word_1_515' title='bbox 1493 1859 1620 1887; x_wconf 87' lang='lat' dir='ltr'><strong>omnibus</strong></span> <span class='ocrx_word' id='word_1_516' title='bbox 1635 1860 1744 1894; x_wconf 84' lang='lat' dir='ltr'><strong>aperire</strong></span> 
     </span>
    </p>
   </div>
   <div class='ocr_carea' id='block_1_76' title="bbox 968 1904 1743 1940">
    <p class='ocr_par' dir='ltr' id='par_1_76' title="bbox 968 1904 1743 1940">
     <span class='ocr_line' id='line_1_76' title="bbox 968 1904 1743 1940; baseline -0.005 -5"><span class='ocrx_word' id='word_1_517' title='bbox 968 1907 1104 1935; x_wconf 85' lang='lat' dir='ltr'><strong>theatrum</strong></span> <span class='ocrx_word' id='word_1_518' title='bbox 1129 1913 1258 1940; x_wconf 81' lang='lat' dir='ltr'><strong>magnum</strong></span> <span class='ocrx_word' id='word_1_519' title='bbox 1286 1904 1357 1932; x_wconf 81' lang='lat' dir='ltr'><strong>istud</strong></span> <span class='ocrx_word' id='word_1_520' title='bbox 1378 1912 1411 1931; x_wconf 91' lang='lat' dir='ltr'><strong>ac</strong></span> <span class='ocrx_word' id='word_1_521' title='bbox 1431 1904 1637 1932; x_wconf 87' lang='lat' dir='ltr'><strong>celeberrimum</strong></span> <span class='ocrx_word' id='word_1_522' title='bbox 1656 1905 1743 1933; x_wconf 86' lang='lat' dir='ltr'><strong>sancti</strong></span> 
     </span>
    </p>
   </div>
   <div class='ocr_carea' id='block_1_77' title="bbox 968 1949 1742 1987">
    <p class='ocr_par' dir='ltr' id='par_1_77' title="bbox 968 1949 1742 1987">
     <span class='ocr_line' id='line_1_77' title="bbox 968 1949 1742 1987; baseline -0.004 -8"><span class='ocrx_word' id='word_1_523' title='bbox 968 1951 1094 1987; x_wconf 86' lang='lat' dir='ltr'><strong>martyris</strong></span> <span class='ocrx_word' id='word_1_524' title='bbox 1121 1950 1270 1985; x_wconf 79' lang='lat' dir='ltr'><strong>Pamphili,</strong></span> <span class='ocrx_word' id='word_1_525' title='bbox 1286 1953 1312 1977; x_wconf 89' lang='lat' dir='ltr'><strong>et</strong></span> <span class='ocrx_word' id='word_1_526' title='bbox 1327 1956 1420 1977; x_wconf 90' lang='lat' dir='ltr'><strong>eorum</strong></span> <span class='ocrx_word' id='word_1_527' title='bbox 1445 1950 1491 1984; x_wconf 92' lang='lat' dir='ltr'><strong>qui</strong></span> <span class='ocrx_word' id='word_1_528' title='bbox 1504 1957 1566 1976; x_wconf 88' lang='lat' dir='ltr'><strong>cum</strong></span> <span class='ocrx_word' id='word_1_529' title='bbox 1587 1949 1645 1984; x_wconf 85' lang='lat' dir='ltr'><strong>ipso</strong></span> <span class='ocrx_word' id='word_1_530' title='bbox 1659 1949 1742 1977; x_wconf 89' lang='lat' dir='ltr'><strong>vitam</strong></span> 
     </span>
    </p>
   </div>
   <div class='ocr_carea' id='block_1_78' title="bbox 969 1995 1744 2031">
    <p class='ocr_par' dir='ltr' id='par_1_78' title="bbox 969 1995 1744 2031">
     <span class='ocr_line' id='line_1_78' title="bbox 969 1995 1744 2031; baseline -0.005 -5"><span class='ocrx_word' id='word_1_531' title='bbox 969 1999 1113 2026; x_wconf 87' lang='lat' dir='ltr'><strong>ﬁniverunt</strong></span> <span class='ocrx_word' id='word_1_532' title='bbox 1128 1996 1328 2024; x_wconf 87' lang='lat' dir='ltr'><strong>admirabilium</strong></span> <span class='ocrx_word' id='word_1_533' title='bbox 1352 1997 1484 2029; x_wconf 89' lang='lat' dir='ltr'><strong>virorum,</strong></span> <span class='ocrx_word' id='word_1_534' title='bbox 1500 2000 1526 2023; x_wconf 88' lang='lat' dir='ltr'><strong>et</strong></span> <span class='ocrx_word' id='word_1_535' title='bbox 1542 2003 1589 2031; x_wconf 88' lang='lat' dir='ltr'><strong>per</strong></span> <span class='ocrx_word' id='word_1_536' title='bbox 1606 1995 1679 2023; x_wconf 89' lang='lat' dir='ltr'><strong>varia</strong></span> <span class='ocrx_word' id='word_1_537' title='bbox 1694 2003 1744 2031; x_wconf 82' lang='lat' dir='ltr'><strong>pro</strong></span> 
     </span>
    </p>
   </div>
   <div class='ocr_carea' id='block_1_79' title="bbox 967 2041 1743 2080">
    <p class='ocr_par' dir='ltr' id='par_1_79' title="bbox 967 2041 1743 2080">
     <span class='ocr_line' id='line_1_79' title="bbox 967 2041 1743 2080; baseline -0.005 -7"><span class='ocrx_word' id='word_1_538' title='bbox 967 2045 1066 2080; x_wconf 87' lang='lat' dir='ltr'><strong>pietate</strong></span> <span class='ocrx_word' id='word_1_539' title='bbox 1091 2043 1239 2072; x_wconf 88' lang='lat' dir='ltr'><strong>certamina</strong></span> <span class='ocrx_word' id='word_1_540' title='bbox 1265 2042 1525 2070; x_wconf 88' lang='lat' dir='ltr'><strong>circumductorum.</strong></span> <span class='ocrx_word' id='word_1_541' title='bbox 1554 2042 1659 2070; x_wconf 87' lang='lat' dir='ltr'><strong>Etenim</strong></span> <span class='ocrx_word' id='word_1_542' title='bbox 1682 2041 1743 2070; x_wconf 86' lang='lat' dir='ltr'><strong>licet</strong></span> 
     </span>
    </p>
   </div>
   <div class='ocr_carea' id='block_1_80' title="bbox 968 2088 1743 2125">
    <p class='ocr_par' dir='ltr' id='par_1_80' title="bbox 968 2088 1743 2125">
     <span class='ocr_line' id='line_1_80' title="bbox 968 2088 1743 2125; baseline -0.003 -8"><span class='ocrx_word' id='word_1_543' title='bbox 968 2089 1076 2125; x_wconf 84' lang='lat' dir='ltr'><strong>plurimi</strong></span> <span class='ocrx_word' id='word_1_544' title='bbox 1090 2097 1124 2117; x_wconf 81' lang='lat' dir='ltr'><strong>ex</strong></span> <span class='ocrx_word' id='word_1_545' title='bbox 1140 2089 1229 2122; x_wconf 90' lang='lat' dir='ltr'><strong>nobis,</strong></span> <span class='ocrx_word' id='word_1_546' title='bbox 1245 2093 1363 2124; x_wconf 91' lang='lat' dir='ltr'><strong>tempore</strong></span> <span class='ocrx_word' id='word_1_547' title='bbox 1375 2088 1574 2121; x_wconf 86' lang='lat' dir='ltr'><strong>persecutionis</strong></span> <span class='ocrx_word' id='word_1_548' title='bbox 1588 2093 1681 2116; x_wconf 88' lang='lat' dir='ltr'><strong>contra</strong></span> <span class='ocrx_word' id='word_1_549' title='bbox 1693 2096 1743 2117; x_wconf 84' lang='lat' dir='ltr'><strong>nos</strong></span> 
     </span>
    </p>
   </div>
   <div class='ocr_carea' id='block_1_81' title="bbox 968 2132 1743 2170">
    <p class='ocr_par' dir='ltr' id='par_1_81' title="bbox 968 2132 1743 2170">
     <span class='ocr_line' id='line_1_81' title="bbox 968 2132 1743 2170; baseline -0.004 -8"><span class='ocrx_word' id='word_1_550' title='bbox 968 2135 1119 2170; x_wconf 65' lang='lat' dir='ltr'><strong>publicatae,</strong></span> <span class='ocrx_word' id='word_1_551' title='bbox 1135 2138 1244 2161; x_wconf 87' lang='lat' dir='ltr'><strong>strenue</strong></span> <span class='ocrx_word' id='word_1_552' title='bbox 1258 2141 1317 2161; x_wconf 87' lang='lat' dir='ltr'><strong>sese</strong></span> <span class='ocrx_word' id='word_1_553' title='bbox 1330 2133 1480 2168; x_wconf 78' lang='lat' dir='ltr'><strong>gesserint;</strong></span> <span class='ocrx_word' id='word_1_554' title='bbox 1496 2133 1594 2159; x_wconf 91' lang='lat' dir='ltr'><strong>horum</strong></span> <span class='ocrx_word' id='word_1_555' title='bbox 1608 2137 1697 2160; x_wconf 89' lang='lat' dir='ltr'><strong>tamen</strong></span> <span class='ocrx_word' id='word_1_556' title='bbox 1709 2132 1743 2159; x_wconf 77' lang='lat' dir='ltr'><strong>de</strong></span> 
     </span>
    </p>
   </div>
   <div class='ocr_carea' id='block_1_82' title="bbox 967 2176 1742 2215">
    <p class='ocr_par' dir='ltr' id='par_1_82' title="bbox 967 2176 1742 2215">
     <span class='ocr_line' id='line_1_82' title="bbox 967 2176 1742 2215; baseline -0.001 -8"><span class='ocrx_word' id='word_1_557' title='bbox 967 2180 1065 2215; x_wconf 86' lang='lat' dir='ltr'><strong>quibus</strong></span> <span class='ocrx_word' id='word_1_558' title='bbox 1080 2188 1152 2207; x_wconf 92' lang='lat' dir='ltr'><strong>nunc</strong></span> <span class='ocrx_word' id='word_1_559' title='bbox 1164 2187 1254 2207; x_wconf 86' lang='lat' dir='ltr'><strong>sermo</strong></span> <span class='ocrx_word' id='word_1_560' title='bbox 1271 2183 1322 2211; x_wconf 90' lang='lat' dir='ltr'><strong>est,</strong></span> <span class='ocrx_word' id='word_1_561' title='bbox 1337 2176 1507 2206; x_wconf 88' lang='lat' dir='ltr'><strong>rarissimum</strong></span> <span class='ocrx_word' id='word_1_562' title='bbox 1522 2185 1636 2214; x_wconf 78' lang='lat' dir='ltr'><strong>agonem</strong></span> <span class='ocrx_word' id='word_1_563' title='bbox 1651 2178 1742 2206; x_wconf 88' lang='lat' dir='ltr'><strong>nobis-</strong></span> 
     </span>
    </p>
   </div>
   <div class='ocr_carea' id='block_1_83' title="bbox 968 2224 1743 2261">
    <p class='ocr_par' dir='ltr' id='par_1_83' title="bbox 968 2224 1743 2261">
     <span class='ocr_line' id='line_1_83' title="bbox 968 2224 1743 2261; baseline -0.005 -7"><span class='ocrx_word' id='word_1_564' title='bbox 968 2234 1020 2261; x_wconf 91' lang='lat' dir='ltr'><strong>que</strong></span> <span class='ocrx_word' id='word_1_565' title='bbox 1040 2226 1187 2261; x_wconf 75' lang='lat' dir='ltr'><strong>cognitum,</strong></span> <span class='ocrx_word' id='word_1_566' title='bbox 1204 2225 1263 2253; x_wconf 90' lang='lat' dir='ltr'><strong>ideo</strong></span> <span class='ocrx_word' id='word_1_567' title='bbox 1279 2225 1368 2260; x_wconf 90' lang='lat' dir='ltr'><strong>potius</strong></span> <span class='ocrx_word' id='word_1_568' title='bbox 1383 2224 1563 2259; x_wconf 87' lang='lat' dir='ltr'><strong>scripsimus;</strong></span> <span class='ocrx_word' id='word_1_569' title='bbox 1581 2224 1645 2259; x_wconf 86' lang='lat' dir='ltr'><strong>quia</strong></span> <span class='ocrx_word' id='word_1_570' title='bbox 1668 2224 1695 2251; x_wconf 95' lang='lat' dir='ltr'><strong>in</strong></span> <span class='ocrx_word' id='word_1_571' title='bbox 1710 2231 1743 2251; x_wconf 92' lang='lat' dir='ltr'><strong>eo</strong></span> 
     </span>
    </p>
   </div>
   <div class='ocr_carea' id='block_1_84' title="bbox 968 2270 1744 2306">
    <p class='ocr_par' dir='ltr' id='par_1_84' title="bbox 968 2270 1744 2306">
     <span class='ocr_line' id='line_1_84' title="bbox 968 2270 1744 2306; baseline -0.004 -7"><span class='ocrx_word' id='word_1_572' title='bbox 968 2272 1057 2300; x_wconf 82' lang='lat' dir='ltr'><strong>statim</strong></span> <span class='ocrx_word' id='word_1_573' title='bbox 1074 2271 1222 2306; x_wconf 86' lang='lat' dir='ltr'><strong>apparebit,</strong></span> <span class='ocrx_word' id='word_1_574' title='bbox 1238 2271 1311 2298; x_wconf 91' lang='lat' dir='ltr'><strong>velut</strong></span> <span class='ocrx_word' id='word_1_575' title='bbox 1325 2270 1376 2298; x_wconf 93' lang='lat' dir='ltr'><strong>sub</strong></span> <span class='ocrx_word' id='word_1_576' title='bbox 1392 2277 1447 2297; x_wconf 93' lang='lat' dir='ltr'><strong>uno</strong></span> <span class='ocrx_word' id='word_1_577' title='bbox 1463 2273 1590 2305; x_wconf 85' lang='lat' dir='ltr'><strong>aspectu,</strong></span> <span class='ocrx_word' id='word_1_578' title='bbox 1604 2277 1684 2296; x_wconf 93' lang='lat' dir='ltr'><strong>omne</strong></span> <span class='ocrx_word' id='word_1_579' title='bbox 1697 2276 1744 2304; x_wconf 75' lang='lat' dir='ltr'><strong>ge-</strong></span> 
     </span>
    </p>
   </div>
   <div class='ocr_carea' id='block_1_85' title="bbox 968 2313 1742 2350">
    <p class='ocr_par' dir='ltr' id='par_1_85' title="bbox 968 2313 1742 2350">
     <span class='ocr_line' id='line_1_85' title="bbox 968 2313 1742 2350; baseline -0.006 -6"><span class='ocrx_word' id='word_1_580' title='bbox 968 2325 1018 2344; x_wconf 91' lang='lat' dir='ltr'><strong>nus</strong></span> <span class='ocrx_word' id='word_1_581' title='bbox 1034 2322 1089 2343; x_wconf 90' lang='lat' dir='ltr'><strong>tum</strong></span> <span class='ocrx_word' id='word_1_582' title='bbox 1103 2316 1189 2343; x_wconf 67' lang='lat' dir='ltr'><strong>aetatis</strong></span> <span class='ocrx_word' id='word_1_583' title='bbox 1205 2322 1350 2350; x_wconf 67' lang='lat' dir='ltr'><strong>corporeae,</strong></span> <span class='ocrx_word' id='word_1_584' title='bbox 1368 2319 1424 2341; x_wconf 88' lang='lat' dir='ltr'><strong>tttm</strong></span> <span class='ocrx_word' id='word_1_585' title='bbox 1441 2313 1591 2349; x_wconf 85' lang='lat' dir='ltr'><strong>spiritualis</strong></span> <span class='ocrx_word' id='word_1_586' title='bbox 1606 2313 1742 2340; x_wconf 91' lang='lat' dir='ltr'><strong>conditio-</strong></span> 
     </span>
    </p>
   </div>
   <div class='ocr_carea' id='block_1_86' title="bbox 968 2359 1743 2396">
    <p class='ocr_par' dir='ltr' id='par_1_86' title="bbox 968 2359 1743 2396">
     <span class='ocr_line' id='line_1_86' title="bbox 968 2359 1743 2396; baseline -0.006 -6"><span class='ocrx_word' id='word_1_587' title='bbox 968 2362 1019 2396; x_wconf 85' lang='lat' dir='ltr'><strong>nis,</strong></span> <span class='ocrx_word' id='word_1_588' title='bbox 1037 2362 1152 2396; x_wconf 71' lang='lat' dir='ltr'><strong>vitrcque</strong></span> <span class='ocrx_word' id='word_1_589' title='bbox 1173 2365 1200 2389; x_wconf 88' lang='lat' dir='ltr'><strong>et</strong></span> <span class='ocrx_word' id='word_1_590' title='bbox 1221 2361 1372 2389; x_wconf 88' lang='lat' dir='ltr'><strong>studiorum</strong></span> <span class='ocrx_word' id='word_1_591' title='bbox 1395 2360 1539 2387; x_wconf 85' lang='lat' dir='ltr'><strong>diversitas</strong></span> <span class='ocrx_word' id='word_1_592' title='bbox 1562 2367 1678 2394; x_wconf 77' lang='lat' dir='ltr'><strong>magna,</strong></span> <span class='ocrx_word' id='word_1_593' title='bbox 1697 2359 1743 2385; x_wconf 84' lang='lat' dir='ltr'><strong>sed</strong></span> 
     </span>
    </p>
   </div>
   <div class='ocr_carea' id='block_1_87' title="bbox 968 2404 1744 2442">
    <p class='ocr_par' dir='ltr' id='par_1_87' title="bbox 968 2404 1744 2442">
     <span class='ocr_line' id='line_1_87' title="bbox 968 2404 1744 2442; baseline -0.005 -7"><span class='ocrx_word' id='word_1_594' title='bbox 968 2408 1100 2442; x_wconf 89' lang='lat' dir='ltr'><strong>imprimis</strong></span> <span class='ocrx_word' id='word_1_595' title='bbox 1113 2407 1228 2434; x_wconf 88' lang='lat' dir='ltr'><strong>varietas</strong></span> <span class='ocrx_word' id='word_1_596' title='bbox 1245 2410 1440 2433; x_wconf 89' lang='lat' dir='ltr'><strong>tormentorum</strong></span> <span class='ocrx_word' id='word_1_597' title='bbox 1451 2410 1535 2440; x_wconf 88' lang='lat' dir='ltr'><strong>atque</strong></span> <span class='ocrx_word' id='word_1_598' title='bbox 1545 2404 1641 2432; x_wconf 81' lang='lat' dir='ltr'><strong>exinde</strong></span> <span class='ocrx_word' id='word_1_599' title='bbox 1651 2411 1744 2431; x_wconf 89' lang='lat' dir='ltr'><strong>secun-</strong></span> 
     </span>
    </p>
   </div>
   <div class='ocr_carea' id='block_1_88' title="bbox 966 2451 1743 2489">
    <p class='ocr_par' dir='ltr' id='par_1_88' title="bbox 966 2451 1743 2489">
     <span class='ocr_line' id='line_1_88' title="bbox 966 2451 1743 2489; baseline -0.004 -9"><span class='ocrx_word' id='word_1_600' title='bbox 966 2454 1029 2481; x_wconf 93' lang='lat' dir='ltr'><strong>dum</strong></span> <span class='ocrx_word' id='word_1_601' title='bbox 1054 2453 1176 2489; x_wconf 88' lang='lat' dir='ltr'><strong>martyrii</strong></span> <span class='ocrx_word' id='word_1_602' title='bbox 1199 2453 1331 2488; x_wconf 85' lang='lat' dir='ltr'><strong>cujusque</strong></span> <span class='ocrx_word' id='word_1_603' title='bbox 1353 2451 1614 2480; x_wconf 91' lang='lat' dir='ltr'><strong>consummationem</strong></span> <span class='ocrx_word' id='word_1_604' title='bbox 1636 2454 1743 2485; x_wconf 84' lang='lat' dir='ltr'><strong>parata-</strong></span> 
     </span>
    </p>
   </div>
   <div class='ocr_carea' id='block_1_89' title="bbox 968 2494 1741 2534">
    <p class='ocr_par' dir='ltr' id='par_1_89' title="bbox 968 2494 1741 2534">
     <span class='ocr_line' id='line_1_89' title="bbox 968 2494 1741 2534; baseline -0.006 -8"><span class='ocrx_word' id='word_1_605' title='bbox 968 2507 1027 2527; x_wconf 91' lang='lat' dir='ltr'><strong>rum</strong></span> <span class='ocrx_word' id='word_1_606' title='bbox 1043 2499 1141 2534; x_wconf 90' lang='lat' dir='ltr'><strong>cuique</strong></span> <span class='ocrx_word' id='word_1_607' title='bbox 1154 2506 1326 2533; x_wconf 84' lang='lat' dir='ltr'><strong>coronarum.</strong></span> <span class='ocrx_word' id='word_1_608' title='bbox 1342 2496 1410 2524; x_wconf 83' lang='lat' dir='ltr'><strong>Nam</strong></span> <span class='ocrx_word' id='word_1_609' title='bbox 1422 2497 1515 2533; x_wconf 70' lang='lat' dir='ltr'><strong>videre</strong></span> <span class='ocrx_word' id='word_1_610' title='bbox 1529 2500 1587 2523; x_wconf 86' lang='lat' dir='ltr'><strong>erat</strong></span> <span class='ocrx_word' id='word_1_611' title='bbox 1610 2494 1741 2530; x_wconf 85' lang='lat' dir='ltr'><strong>quosdam</strong></span> 
     </span>
    </p>
   </div>
   <div class='ocr_carea' id='block_1_90' title="bbox 969 2540 1744 2581">
    <p class='ocr_par' dir='ltr' id='par_1_90' title="bbox 969 2540 1744 2581">
     <span class='ocr_line' id='line_1_90' title="bbox 969 2540 1744 2581; baseline -0.006 -9"><span class='ocrx_word' id='word_1_612' title='bbox 969 2553 1062 2573; x_wconf 89' lang='lat' dir='ltr'><strong>eorum</strong></span> <span class='ocrx_word' id='word_1_613' title='bbox 1076 2546 1122 2581; x_wconf 91' lang='lat' dir='ltr'><strong>qui</strong></span> <span class='ocrx_word' id='word_1_614' title='bbox 1136 2546 1205 2573; x_wconf 89' lang='lat' dir='ltr'><strong>inter</strong></span> <span class='ocrx_word' id='word_1_615' title='bbox 1215 2545 1289 2580; x_wconf 86' lang='lat' dir='ltr'><strong>ipsos</strong></span> <span class='ocrx_word' id='word_1_616' title='bbox 1299 2549 1377 2572; x_wconf 88' lang='lat' dir='ltr'><strong>erant</strong></span> <span class='ocrx_word' id='word_1_617' title='bbox 1389 2543 1574 2578; x_wconf 63' lang='lat' dir='ltr'><strong>Egyptiorum</strong></span> <span class='ocrx_word' id='word_1_618' title='bbox 1589 2541 1643 2576; x_wconf 72' lang='lat'><strong>(25)</strong></span> <span class='ocrx_word' id='word_1_619' title='bbox 1652 2540 1744 2575; x_wconf 88' lang='lat' dir='ltr'><strong>junio-</strong></span> 
     </span>
    </p>
   </div>
   <div class='ocr_carea' id='block_1_91' title="bbox 971 2590 1742 2627">
    <p class='ocr_par' dir='ltr' id='par_1_91' title="bbox 971 2590 1742 2627">
     <span class='ocr_line' id='line_1_91' title="bbox 971 2590 1742 2627; baseline -0.009 -8"><span class='ocrx_word' id='word_1_620' title='bbox 971 2600 1013 2620; x_wconf 88' lang='lat' dir='ltr'><strong>res</strong></span> <span class='ocrx_word' id='word_1_621' title='bbox 1030 2596 1110 2627; x_wconf 82' lang='lat' dir='ltr'><strong>atque</strong></span> <span class='ocrx_word' id='word_1_622' title='bbox 1134 2591 1244 2619; x_wconf 90' lang='lat' dir='ltr'><strong>omnino</strong></span> <span class='ocrx_word' id='word_1_623' title='bbox 1258 2598 1375 2626; x_wconf 90' lang='lat' dir='ltr'><strong>pueros;</strong></span> <span class='ocrx_word' id='word_1_624' title='bbox 1393 2590 1460 2617; x_wconf 86' lang='lat' dir='ltr'><strong>alios</strong></span> <span class='ocrx_word' id='word_1_625' title='bbox 1475 2592 1565 2615; x_wconf 88' lang='lat' dir='ltr'><strong>autem</strong></span> <span class='ocrx_word' id='word_1_626' title='bbox 1588 2591 1742 2614; x_wconf 87' lang='lat' dir='ltr'><strong>nostrorum</strong></span> 
     </span>
    </p>
   </div>
   <div class='ocr_carea' id='block_1_92' title="bbox 971 2630 1744 2672">
    <p class='ocr_par' dir='ltr' id='par_1_92' title="bbox 971 2630 1744 2672">
     <span class='ocr_line' id='line_1_92' title="bbox 971 2630 1744 2672; baseline -0.012 -7"><span class='ocrx_word' id='word_1_627' title='bbox 971 2638 1011 2671; x_wconf 64' lang='lat' dir='ltr'><strong>(in</strong></span> <span class='ocrx_word' id='word_1_628' title='bbox 1037 2637 1137 2672; x_wconf 89' lang='lat' dir='ltr'><strong>quibus</strong></span> <span class='ocrx_word' id='word_1_629' title='bbox 1162 2637 1242 2664; x_wconf 86' lang='lat' dir='ltr'><strong>etiam</strong></span> <span class='ocrx_word' id='word_1_630' title='bbox 1265 2635 1431 2671; x_wconf 83' lang='lat' dir='ltr'><strong>Porphyrius</strong></span> <span class='ocrx_word' id='word_1_631' title='bbox 1456 2633 1523 2666; x_wconf 88' lang='lat' dir='ltr'><strong>erat)</strong></span> <span class='ocrx_word' id='word_1_632' title='bbox 1540 2631 1641 2658; x_wconf 88' lang='lat' dir='ltr'><strong>viribus</strong></span> <span class='ocrx_word' id='word_1_633' title='bbox 1664 2630 1744 2658; x_wconf 81' lang='lat' dir='ltr'><strong>simul</strong></span> 
     </span>
    </p>
   </div>
   <div class='ocr_carea' id='block_1_93' title="bbox 970 2677 1744 2717">
    <p class='ocr_par' dir='ltr' id='par_1_93' title="bbox 970 2677 1744 2717">
     <span class='ocr_line' id='line_1_93' title="bbox 970 2677 1744 2717; baseline -0.01 -7"><span class='ocrx_word' id='word_1_634' title='bbox 970 2683 1092 2717; x_wconf 87' lang='lat' dir='ltr'><strong>corporis</strong></span> <span class='ocrx_word' id='word_1_635' title='bbox 1115 2682 1197 2710; x_wconf 86' lang='lat' dir='ltr'><strong>simul</strong></span> <span class='ocrx_word' id='word_1_636' title='bbox 1216 2686 1243 2709; x_wconf 84' lang='lat' dir='ltr'><strong>ct</strong></span> <span class='ocrx_word' id='word_1_637' title='bbox 1260 2681 1342 2709; x_wconf 89' lang='lat' dir='ltr'><strong>animi</strong></span> <span class='ocrx_word' id='word_1_638' title='bbox 1368 2678 1508 2714; x_wconf 89' lang='lat' dir='ltr'><strong>prudentia</strong></span> <span class='ocrx_word' id='word_1_639' title='bbox 1535 2677 1674 2708; x_wconf 87' lang='lat' dir='ltr'><strong>robustos;</strong></span> <span class='ocrx_word' id='word_1_640' title='bbox 1698 2683 1744 2703; x_wconf 78' lang='lat' dir='ltr'><strong>eos</strong></span> 
     </span>
    </p>
   </div>
   <div class='ocr_carea' id='block_1_94' title="bbox 969 2765 1743 2805">
    <p class='ocr_par' dir='ltr' id='par_1_94' title="bbox 969 2765 1743 2805">
     <span class='ocr_line' id='line_1_94' title="bbox 969 2765 1743 2805; baseline -0.012 -7"><span class='ocrx_word' id='word_1_641' title='bbox 969 2772 1002 2798; x_wconf 77' lang='lat' dir='ltr'><strong>iis</strong></span> <span class='ocrx_word' id='word_1_642' title='bbox 1018 2771 1062 2805; x_wconf 83' lang='lat' dir='ltr'><strong>qui</strong></span> <span class='ocrx_word' id='word_1_643' title='bbox 1078 2775 1151 2797; x_wconf 82' lang='lat' dir='ltr'><strong>erant</strong></span> <span class='ocrx_word' id='word_1_644' title='bbox 1165 2777 1223 2805; x_wconf 79' lang='lat' dir='ltr'><strong>cum</strong></span> <span class='ocrx_word' id='word_1_645' title='bbox 1238 2769 1302 2805; x_wconf 73' lang='lat' dir='ltr'><strong>ipsis</strong></span> <span class='ocrx_word' id='word_1_646' title='bbox 1316 2767 1450 2805; x_wconf 75' lang='lat' dir='ltr'><strong>(fortassis</strong></span> <span class='ocrx_word' id='word_1_647' title='bbox 1466 2766 1600 2805; x_wconf 65' lang='lat' dir='ltr'><strong>Egyptiis</strong></span> <span class='ocrx_word' id='word_1_648' title='bbox 1613 2765 1743 2798; x_wconf 69' lang='lat' dir='ltr'><strong>interpres</strong></span> 
     </span>
    </p>
   </div>
   <div class='ocr_carea' id='block_1_95' title="bbox 971 2802 1743 2840">
    <p class='ocr_par' dir='ltr' id='par_1_95' title="bbox 971 2802 1743 2840">
     <span class='ocr_line' id='line_1_95' title="bbox 971 2802 1743 2840; baseline -0.012 -7"><span class='ocrx_word' id='word_1_649' title='bbox 971 2802 1127 2840; x_wconf 77' lang='lat' dir='ltr'><strong>scripserat,</strong></span> <span class='ocrx_word' id='word_1_650' title='bbox 1149 2805 1187 2832; x_wconf 93' lang='lat' dir='ltr'><strong>uti</strong></span> <span class='ocrx_word' id='word_1_651' title='bbox 1208 2803 1332 2840; x_wconf 79' lang='lat' dir='ltr'><strong>debebat)</strong></span> <span class='ocrx_word' id='word_1_652' title='bbox 1349 2802 1415 2840; x_wconf 65' lang='lat' dir='ltr'><strong>qlia:</strong></span> <span class='ocrx_word' id='word_1_653' title='bbox 1433 2806 1528 2840; x_wconf 29' lang='lat' dir='ltr'><strong>autem.</strong></span> <span class='ocrx_word' id='word_1_654' title='bbox 1545 2802 1743 2840; x_wconf 70' lang='lat' dir='ltr'><strong>pttbcarcntrs...</strong></span> 
     </span>
    </p>
   </div>
   <div class='ocr_carea' id='block_1_96' title="bbox 971 2836 1631 2877">
    <p class='ocr_par' dir='ltr' id='par_1_96' title="bbox 971 2836 1631 2877">
     <span class='ocr_line' id='line_1_96' title="bbox 971 2836 1631 2877; baseline -0.012 -9"><span class='ocrx_word' id='word_1_655' title='bbox 971 2836 1059 2877; x_wconf 56' lang='lat' dir='ltr'><strong>nem&#39;pe</strong></span> <span class='ocrx_word' id='word_1_656' title='bbox 1074 2841 1136 2867; x_wconf 87' lang='lat' dir='ltr'><strong>mihi</strong></span> <span class='ocrx_word' id='word_1_657' title='bbox 1152 2839 1334 2867; x_wconf 70' lang='lat' dir='ltr'><strong>charissimam</strong></span> <span class='ocrx_word' id='word_1_658' title='bbox 1349 2837 1489 2864; x_wconf 72' lang='lat' dir='ltr'><strong>Jamm’tem</strong></span> <span class='ocrx_word' id='word_1_659' title='bbox 1508 2836 1631 2863; x_wconf 73' lang='lat' dir='ltr'><strong>Paulum.</strong></span> 
     </span>
    </p>
   </div>
   <div class='ocr_carea' id='block_1_97' title="bbox 1661 2839 1998 3012">
    <p class='ocr_par' dir='ltr' id='par_1_97' title="bbox 1661 2839 1998 3012">
     <span class='ocr_line' id='line_1_97' title="bbox 1661 2839 1998 3012; baseline -0.003 -61"><span class='ocrx_word' id='word_1_660' title='bbox 1661 2918 1911 3012; x_wconf 51' lang='grc' dir='ltr'><em>Λ</em></span> <span class='ocrx_word' id='word_1_661' title='bbox 1996 2852 1998 2950; x_wconf 59' lang='grc'><strong>1</strong></span> 
     </span>
    </p>
   </div>
  </div>
