3998 7026
505 326 642 384 1535

1679 309 1736 364 ὃ.
1777 302 2094 362 PAMPHILI
2135 298 2482 357 MARTYRlS

3565 277 3588 331 ι
3601 278 3708 332 ἒιῦθ

504 441 710 498 scilicet
723 435 813 508 qui
843 450 966 490 enm
988 429 1336 488 dilectissimo
1369 441 1487 483 meo
1508 425 1882 491 censebantur,
1900 422 2050 477 Jam-

2170 415 2454 489 τολυμιτῶν
2497 407 2832 481 Ἐκκλησίας,
2870 404 2964 458 καὶ
2993 403 3023 455 ὁ
3056 399 3288 470 τοῦνομα
3327 392 3709 465 ἐπαληθεύσας

505 535 666 589 uitem
681 529 791 602 (26}
804 525 1049 588 Paulum,
1073 521 1462 588 Seleucumque
1479 515 1835 602 etJulianum,
1857 515 2043 570 ambos

2148 508 2449 572 Θεόδουλος.

504 577 983 692 ἔληξσὶιρέὰοοιιω
1017 577 1233 683 regione
1264 577 1392 667 huc.
1413 594 1684 666 advectos.
1720 609 1886 663 Erant
1910 609 2072 662 etiam
2100 605 2240 659 inter
2270 603 2390 656 illos
2422 597 2641 670 quidam
2691 606 2844 649 sacra
2876 588 3072 692 canitie
3118 592 3170 641 et
3203 579 3474 692 profunda
3525 577 3709 692 ornats-iii

505 672 807 779 senectiiie;
845 711 1039 766 Valens
1068 723 1278 777 nempe,
1299 704 1548 760 Ecclesiae
1578 703 2072 773 Hierosolymorum
2119 700 2397 760 diaconus,
2432 703 2486 749 et
2511 705 2708 748 nomen
2735 701 2894 744 suum
2917 682 3197 738 verificans
3212 675 3556 779 ‘Theodulus-
3569 672 3710 779 (91a).

573 809 637 864 ll.
678 807 802 862 Hac
829 819 956 875 ergo
985 805 1122 857 inter
1148 817 1242 857 eos
1263 809 1377 854 erat
1401 807 1614 853 aetatum
1651 798 1880 852 varietas
1907 815 1920 851 :
1951 801 2045 856 sed

2215 796 2288 848 B'.
2316 789 2546 860 Τοιαύτη
2576 786 2671 858 μὲν
2699 779 2789 838 οὖν
2814 782 2874 834 ὲν
2903 779 3081 839 αὐτοῖς
3111 777 3146 848 η
3172 773 3277 828 τῶν
3294 771 3525 844 ἡλικιῶν
3540 767 3710 835 ὲτύγο

504 909 561 955 et
605 898 801 953 mentis
831 895 1211 950 exercitatione
1254 889 1748 959 distinguebantur,
1799 903 1921 942 cum
1955 889 2047 942 alii

2170 904 2276 958 [ανε
2313 882 2567 938 ποικιλίω
2588 876 2772 950 ψυχῶν
2794 875 2850 928 δὲ
2867 872 3102 941 ἀγωγαῖς
3123 867 3523 959 διηλλάττοντο,
3540 863 3592 916 οῖ
3616 861 3711 959 μεν

507 989 752 1044 rudiores
775 995 976 1050 essent,
1010 992 1193 1051 utpote
1221 980 1392 1051 pueri,
1420 978 1734 1047 simpliciori
1768 979 1943 1032 adhuc
1967 979 2050 1032 in-

505 1082 718 1137 tellectu
750 1087 979 1138 utentes.
1016 1076 1103 1130 alii
1133 1076 1244 1144 jam
1281 1071 1563 1125 formatam
1596 1085 1658 1124 ac
1697 1069 1924 1124 solidam
1957 1071 2053 1124 ha-

509 1175 698 1229 berent
725 1171 932 1225 vivendi
963 1170 1427 1224 consuetudinem.
1457 1168 1595 1234 Quin
1616 1168 1779 1221 etiam
1812 1165 2051 1220 invenie-

509 1266 704 1320 bantur
753 1263 893 1316 inter
922 1261 1040 1315 illos
1077 1261 1214 1314 haud
1254 1260 1514 1330 inexperti
1552 1259 1855 1312 divinarum
1889 1255 2054 1311 disci-

508 1353 796 1422 plinarum.
857 1348 1120 1404 Omnibus
1169 1357 1348 1403 tamen
1403 1363 1554 1418 aeque
1605 1347 1888 1423 eougenita
1941 1353 2056 1399 erat

508 1444 774 1498 excellens
811 1443 1055 1512 quaedam
1103 1451 1262 1511 atque
1289 1441 1483 1495 virtute
1533 1439 1665 1494 fulta
1709 1439 1878 1494 animi
1911 1437 2056 1492 forti-

508 1537 657 1590 tudo.
690 1533 807 1588 Prae
835 1533 1086 1588 omnibus
1117 1543 1318 1598 autem,
1345 1542 1600 1602 tanquam
1625 1547 1730 1601 pra:
1757 1530 2056 1584 scintillan-

507 1627 654 1681 tibus
682 1625 845 1680 astris
876 1625 1143 1679 luminare
1181 1623 1376 1692 majus,
1410 1624 1678 1678 emicabat
1713 1639 1901 1678 eorum
1939 1638 2054 1676 me—

508 1719 633 1774 dius
675 1718 928 1772 dominus
977 1733 1163 1785 meus;
1199 1733 1297 1772 nec
1341 1717 1484 1771 enim
1521 1717 1749 1787 amplius
1798 1716 1880 1772 fas
1922 1717 2052 1770 mihi

509 1822 592 1866 est
642 1810 878 1865 sodalem
931 1810 1198 1878 appellare
1250 1809 1361 1879 (28)
1410 1810 1776 1864 venerandum
1828 1825 1891 1864 ac
1935 1825 2058 1863 vere

512 1902 884 1957 beatissimum
950 1900 1312 1970 Pamphilum.
1385 1900 1593 1955 Etenim
1651 1900 2058 1971 disciplinarum

513 1993 802 2064 gentilibus
835 1993 1244 2055 aestimatarum,
1275 1992 1520 2062 peritiam
1557 1993 1700 2047 haud
1735 1993 2060 2048 mediocrem

515 2093 856 2148 consecutus,
894 2085 946 2137 in
975 2085 1172 2140 divinis
1195 2085 1537 2155 dogmatibus
1560 2101 1624 2139 ac
1652 2085 1866 2140 coalitus
1895 2084 2064 2154 inspi-

514 2176 648 2230 ratis
701 2175 1015 2245 Scripturis,
1045 2177 1286 2229 omnium
1340 2176 1433 2244 qui
1482 2191 1664 2230 secum
1708 2175 2065 2231 versabantur

516 2269 812 2338 (audacter,
859 2269 952 2323 sed
996 2279 1173 2322 tamen
1205 2285 1326 2322 vere
1343 2268 1510 2337 dico,)
1545 2269 1835 2338 apparebat
1880 2284 2066 2324 versa-

516 2363 650 2428 tior;
685 2362 904 2431 insuper
948 2371 1124 2415 autem
1158 2361 1388 2431 pollebat
1425 2361 1776 2431 praerogativa
1837 2361 2066 2430 propria:

517 2455 744 2518 scilicet,
770 2463 861 2508 aut
908 2454 1085 2523 potius
1118 2468 1149 2506 a
1181 2451 1288 2506 Deo
1315 2453 1547 2516 donatas,
1593 2453 1959 2523 intelligentia
2001 2467 2066 2506 ac

518 2545 814 2614 sapientiae.

586 2634 674 2688 Ill.
704 2635 792 2689 Sic
820 2633 995 2703 quoad
1019 2633 1256 2688 animam
1281 2634 1591 2690 constitutis
1617 2633 1864 2705 singulis,
1893 2632 2067 2703 major

520 2726 698 2781 adhuc
730 2725 1028 2781 differentia
1073 2735 1188 2780 erat
1214 2725 1603 2781 conditionum.
1636 2725 1769 2780 Nam
1813 2723 2068 2795 Pamphi-

519 2820 604 2872 lus
628 2816 881 2886 quidem,
912 2815 1076 2870 nobili
1113 2816 1408 2870 secundum
1455 2831 1671 2871 carnem
1711 2830 1904 2885 genere
1945 2829 2066 2884 pro-

519 2919 735 2981 gnatus,
783 2909 944 2962 etiam
986 2907 1268 2977 pnesignis
1302 2921 1418 2962 erat
1455 2898 1771 2962 muneﬁbus
1814 2907 1867 2960 in
1897 2907 2068 2978 patria

521 3000 732 3071 publice
767 2998 969 3071 gestis;
1020 2995 1276 3051 Seleucus
1299 3011 1446 3061 vero,
1482 2995 1766 3066 przecipuis
1795 2995 1850 3049 in
1878 2994 2069 3049 militia

2153 956 2573 1050 ίδιωτικώτερον,
2607 969 2694 1028 οἷα
2726 970 2939 1031 παῖδες,
2971 966 3063 1020 καὶ
3103 961 3466 1032 ἁπλούστερον
3501 957 3584 1050 ἔτι

2151 1072 2273 1127 νοῦν
2293 1046 2597 1140 φοροῦντες,
2615 1065 2664 1118 οἱ
2693 1063 2750 1116 δέ
2774 1061 2868 1115 καὶ
2894 1058 3033 1112 πάνυ
3057 1054 3304 1126 στιϐαρὸν
3330 1054 3422 1106 καὶ
3454 1046 3713 1140 ἐμϐριθές

2155 1137 2476 1232 κεκτημένοι
2507 1157 2569 1211 τδ
2599 1153 2754 1228 ἦθος*
2786 1149 2923 1222 ἦσαν
2953 1149 3010 1202 δὲ
3041 1150 3098 1202 ἐν
3129 1147 3309 1208 αὐτοῖς
3338 1141 3434 1196 καὶ
3465 1143 3585 1232 τοῖς

2159 1228 2690 1326 ἱερῶσμαθημάτων
2731 1245 2830 1300 οὐκ
2856 1240 3296 1326 ἀνεπιστήμονεςγ
3345 1228 3714 1326 συγγῖνῶςξὲ

2156 1313 2663 1410 ἅπασινὺπερφυὴς
2691 1336 2783 1390 καὶ
2804 1333 3050 1402 ἐνάρετος
3081 1330 3115 1399 ἡ
3142 1324 3326 1397 ἀνδρία
3351 1321 3589 1392 προσῆν.
3619 1313 3719 1372 Οἷα

2155 1434 2210 1488 δέ
2232 1451 2312 1496 τις
2332 1434 2388 1485 ἐν
2411 1427 2818 1484 ἀποστίλϐουσιν
2850 1424 3064 1492 ἄστροις
3096 1414 3439 1490 ἡμεροφανὴς
3465 1410 3719 1481 φωστὴρ.

2159 1525 2216 1576 ἐν
2260 1524 2441 1594 μέσοις
2477 1521 2760 1592 διέπρεπεν
2793 1513 3173 1584 ἐξαστράπτων
3205 1509 3234 1561 ὁ
3265 1507 3394 1578 ἐμὸς
3449 1502 3725 1594 δεσπότης

2162 1591 2271 1687 (ού
2291 1614 2397 1686 γὰρ
2440 1591 2651 1682 ἑταῖρον
2683 1607 2991 1680 προσειπεῖν
3023 1602 3102 1655 ἔτι
3149 1616 3238 1671 μοι
3275 1598 3433 1667 θέμις
3469 1593 3565 1647 τὸν
3581 1591 3724 1687 ⁸θεσ-

2161 1681 2343 1760 πέσιον
2368 1681 2464 1758 καὶ
2495 1681 2757 1775 μακάριον
2788 1699 2862 1761 ὡς
2886 1694 3097 1767 ἀληθῶς
3123 1687 3450 1761 Πάμφιλον)’
3471 1681 3723 1743 παιδείας

2160 1799 2266 1870 γὰρ
2294 1790 2444 1860 οὗτος
2479 1796 2576 1864 τῆς
2619 1792 2746 1864 παρ’
2782 1789 3001 1858 Ἕλλησι
3043 1780 3458 1854 θαυμαζομένης
3501 1777 3563 1870 ού
3631 1791 3724 1870 με-

2160 1865 2322 1962 τρίως
2357 1885 2518 1960 ἦπτο,
2554 1885 2654 1954 τῆς
2684 1901 2743 1936 τε
2775 1881 2913 1936 κατὰ
2940 1879 3008 1932 τὰ
3045 1876 3163 1930 θεῖα
3203 1874 3448 1942 δόγματα
3477 1869 3573 1922 καὶ

2161 1958 2546 2040 θεοπνεύὴστους
2592 1975 2813 2047 Γραφάς
2847 1972 2931 2044 (εί
2967 1970 3072 2040 χρῆ
3113 1985 3165 2020 τι
3199 1962 3546 2036 θρασύτερον,
3581 1958 3724 2027 πλὴν

2161 2071 2373 2144 ἀληθὲς,
2399 2070 2610 2140 εἰπεῖν),
2637 2069 2712 2130 ὡς
2738 2066 3012 2133 οὐδέτερον
3036 2062 3148 2132 ἔχοι
3173 2077 3254 2121 τις
3273 2057 3438 2127 φάναι
3459 2056 3561 2106 τῶν
3586 2053 3721 2105 κατ’

2163 2163 2343 2227 αὑτὸν,
2377 2162 2534 2231 ἡχετο
2559 2177 2572 2189 ·
2612 2156 2791 2229 μεῖζον
2821 2157 2878 2208 δὲ
2916 2153 3117 2207 τούτων
3149 2150 3345 2218 ἐκέκτη
3381 2148 3445 2202 τὸ
3490 2144 3719 2199 πλεονὲ-

2163 2251 2370 2328 κτημα,
2390 2251 2485 2322 τὴν
2508 2247 2736 2314 οἴκοθεν,
2769 2245 2964 2318 μᾶλλον
2992 2245 3050 2298 δὲ
3093 2241 3275 2295 θεόθεν
3307 2237 3456 2307 αύτῷ
3489 2234 3729 2309 δεδωρη-

2170 2346 2337 2418 μένην
2371 2342 2582 2395 σύνεσίν
2613 2358 2670 2393 τε
2703 2341 2796 2394 καὶ
2830 2337 3038 2407 σοφίαν.

2234 2631 2308 2683 1".
2332 2627 2442 2680 Καὶ
2469 2626 2537 2680 τά
2566 2623 2662 2696 μὲν
2690 2623 2814 2693 περὶ
2834 2620 3008 2692 ψυχὴν
3029 2616 3198 2680 οὕτως
3227 2609 3368 2684 εἶχον
3401 2613 3454 2664 οἱ
3484 2611 3680 2671 πάντες
3701 2625 3718 2638 ο

2169 2719 2280 2790 βίου
2313 2718 2368 2770 δέ
2396 2713 2549 2778 αὖθις
2576 2713 2671 2766 καὶ
2711 2709 3050 2782 ἀναστροφῆς
3077 2706 3300 2775 πλείστη
3333 2721 3415 2765 τις
3448 2705 3505 2754 ἐν
3545 2702 3725 2761 αὐτοῖς

2168 2811 2376 2881 ὑπῆρχε
2407 2806 2695 2876 διαλλαγηο
2730 2803 2821 2856 τοῦ
2857 2803 2952 2873 μὲν
2982 2799 3262 2870 Παμφίλου
3295 2794 3356 2859 ἐξ
3389 2790 3726 2860 εὐπατριδῶν

2169 2903 2491 2970 κατάγοντος
2509 2897 2648 2952 κατὰ
2668 2897 2844 2967 σάρκα
2865 2895 3037 2963 γένος,
3059 2892 3337 2961 ἐπισήμως
3363 2905 3422 2940 τε
3448 2888 3568 2947 ταῖς
3588 2884 3727 2937 κατά

2169 2995 2266 3067 τὴν
2304 2992 2534 3064 πατρίδα
2566 2990 2853 3052 πολιτείαις
2885 2986 3290 3058 διαπρέψαντος,
3326 2980 3418 3034 τοῦ
3448 2981 3506 3033 δὲ
3538 2977 3728 3031 Σελεύ-

521 3091 820 3147 honoribus
847 3088 1015 3143 fuerat
1047 3087 1364 3152 decoratus,
1397 3103 1518 3143 cum
1549 3089 1639 3142 alii
1670 3087 1861 3142 media:
1899 3086 2065 3141 ferme

2171 3104 2264 3141 κου
2298 3088 2415 3148 ταῖς
2449 3083 2587 3138 κατά
2622 3083 2719 3153 τὴν
2747 3079 3030 3152 στρατείαν
3071 3075 3247 3141 ἀξίαις
3291 3072 3726 3146 περιφανέστατα

521 3181 846 3237 conditionis
875 3188 1078 3236 essent.
1112 3178 1216 3235 Sed
1245 3195 1417 3248 neque
1446 3181 1500 3232 in
1533 3179 1702 3234 choro
1729 3179 1834 3232 isto
1875 3178 2069 3233 servile

522 3289 690 3343 genus
727 3249 929 3335 deerat,
963 3286 1083 3324 cum
1115 3286 1180 3324 ex
1222 3271 1590 3338 proconsulari
1627 3270 1832 3323 familia
1878 3269 2071 3339 adjun-

523 3372 645 3418 ctus
685 3363 766 3417 eis
808 3361 974 3416 fuerit
1020 3376 1210 3416 servus
1248 3360 1598 3431 Porphyrius,
1643 3361 1821 3429 specie
1849 3361 2068 3430 quidem

523 3466 680 3510 tenus
716 3454 976 3524 Pamphili
1018 3453 1364 3523 mancipium,
1416 3453 1593 3521 reipsa
1647 3461 1827 3506 autem
1870 3452 2004 3506 nihil
2038 3469 2068 3506 a

522 3546 711 3612 fratre,
748 3555 842 3600 aut
868 3546 1048 3615 potius
1074 3545 1184 3599 lilio
1216 3544 1446 3615 genuino
1474 3544 1807 3613 discrepans,
1847 3552 1902 3598 et
1940 3560 2070 3599 nus-

523 3650 686 3704 quam
736 3650 765 3688 a
815 3634 1019 3689 domini
1066 3634 1151 3688 sui
1200 3632 1498 3687 imitatione
1543 3633 1819 3688 deficiens.
1865 3631 2069 3703 Ecquid

525 3727 723 3796 porro?
755 3725 813 3780 Si
850 3726 974 3795 quis
1004 3725 1219 3788 dixerit,
1262 3723 1406 3793 ipsos
1449 3738 1662 3778 omnem
1694 3725 2073 3780 ecclesiasticae

524 3820 886 3875 ordinationis
936 3819 1165 3875 formam
1194 3833 1416 3872 numero
1448 3831 1547 3872 suo
1581 3818 1894 3888 complexos
1928 3834 2069 3883 esse,

523 3911 663 3968 nihil
691 3920 839 3965 extra
862 3911 1142 3966 veritatem
1165 3909 1387 3968 dixerit:
1413 3922 1535 3962 cum
1561 3909 1877 3979 presbyterii
1906 3909 2075 3980 digni-

525 4011 635 4058 tate
666 4011 890 4056 ornatus
925 4000 1086 4055 fuerit
1123 3996 1472 4067 Pamphilus,
1516 4000 1584 4055 ad
1615 4000 1840 4070 gradum
1887 4000 2073 4055 diaco-

526 4106 686 4150 natus
713 4103 931 4148 evectus
968 4091 1179 4156 Valens,
1211 4092 1300 4146 alii
1351 4092 1608 4148 lectorum
1654 4106 1880 4146 munere
1922 4091 2074 4160 fungi

524 4198 708 4238 coram
759 4184 914 4252 plebe
959 4191 1338 4248 consuessent;
1397 4181 1653 4237 Seleucus
1701 4192 1854 4243 vero,
1909 4183 2073 4235 etiam

525 4284 653 4330 ante
680 4274 1030 4347 martyricum
1068 4275 1229 4328 finem
1257 4275 1540 4330 decoratus
1580 4283 1725 4329 esset
1751 4274 1918 4328 nobili
1945 4288 2076 4328 con-

527 4368 760 4422 fessione
794 4383 889 4437 per
927 4382 1242 4437 generosam
1277 4369 1559 4423 verberum
1591 4368 1928 4423 tolerantiam
1973 4365 2077 4420 for-

2169 3175 2548 3247 τετιμημένου,
2578 3173 2683 3227 τῶν
2701 3173 2757 3225 δὲ
2786 3172 2882 3241 τῆς
2915 3171 3086 3242 μέσης
3109 3168 3201 3221 καὶ
3226 3165 3406 3234 κοινῆς
3427 3160 3720 3229 γεγονότων

2169 3269 2405 3338 ἀγωγῆς.
2439 3267 2550 3319 Ούκ
2571 3261 2637 3336 ἦν
2667 3265 2722 3318 δέ
2754 3262 2926 3316 αὐτῶν
2950 3263 2978 3314 ὁ
3006 3259 3162 3332 χορὸς
3190 3258 3310 3311 οὐδὲ
3341 3256 3422 3309 τοῦ
3447 3249 3720 3306 οἰκετικοῦ

2169 3359 2356 3426 γένους
2385 3355 2558 3420 ἐκτὸς,
2591 3356 2620 3408 ὃ
2646 3372 2704 3407 τε
2730 3355 2836 3424 γὰρ
2864 3351 3192 3423 ἡγεμονικῆς
3218 3349 3444 3410 οίκετίας
3467 3345 3726 3418 θεράπων

2171 3449 2351 3512 αὐτοῖς
2375 3447 2790 3516 συγκατείλεκτο
2812 3446 2903 3498 καὶ
2927 3447 2955 3497 ὁ
2982 3441 3165 3514 Πορφύ
3176 3459 3303 3514 ριος,
3333 3440 3393 3492 τὺ
3417 3440 3509 3510 μὲν
3528 3431 3727 3500 δοκεῖν,

2171 3539 2264 3594 τοῦ
2315 3539 2596 3610 Παμφίλου
2653 3536 2889 3606 γεγονὼς
2944 3535 3180 3604 οἰκέτης,
3230 3532 3463 3586 διαθέσει
3506 3548 3569 3598 γε
3624 3530 3730 3600 μὴν

2171 3633 2397 3704 ἀδελφοῦ
2427 3635 2519 3687 καὶ
2551 3632 2745 3703 μᾶλλον
2770 3629 2988 3701 γνησίου
3019 3627 3206 3690 παιδὸς
3233 3623 3546 3696 διενηνοχὼς
3580 3622 3733 3675 οὐδὲν

2171 3729 2205 3799 ἢ
2239 3726 2497 3781 ἐλλείπων
2535 3725 2633 3794 τῆς
2665 3725 2801 3796 πρὸς
2830 3723 2920 3775 τὸν
2951 3720 3216 3789 δεσπότην
3258 3718 3397 3772 κατά
3427 3716 3602 3769 πάντα
3645 3733 3735 3784 μι-

2177 3821 2408 3891 μήσεως.
2441 3817 2548 3872 Καὶ
2572 3817 2623 3869 τί
2651 3817 2791 3887 γάρ;
2840 3814 2976 3866 Ἀλλ’
3003 3816 3052 3867 εί
3083 3815 3232 3883 φωνῇ
3263 3828 3366 3873 τις,
3400 3810 3596 3870 αὐτοὺς
3618 3807 3738 3858 ὀλό-

2174 3912 2369 3982 κληρον
2404 3912 2460 3962 ἐν
2497 3909 2683 3981 βραχεῖ
2709 3908 2872 3961 τόπον
2911 3903 3358 3975 ἐκκλησιαστικοῦ
3389 3902 3732 3969 συστήματος

2175 4002 2607 4075 περιειληφέναι,
2653 4001 2751 4053 οὐκ
2795 3999 2860 4053 ἂν
2909 3998 3061 4062 ἐκτὸς
3108 3996 3257 4066 βάλοι
3309 3995 3408 4064 τῆς
3452 3991 3728 4062 ἀληθείας,

2175 4092 2562 4164 πρεσϐυτερίου
2585 4091 2680 4161 μὲν
2709 4092 2764 4144 ἐν
2787 4089 2964 4152 αὐτοῖς
2985 4085 3283 4158 ὴξιωμένου
3308 4081 3400 4136 τοῦ
3428 4081 3738 4152 Παμφίλου,

2173 4183 2442 4245 διακονίας
2466 4199 2526 4235 τε
2558 4180 2649 4234 τοῦ
2675 4181 2990 4243 Οὐάλεντος,
3021 4180 3120 4249 τήν
3146 4193 3203 4230 τε
3232 4175 3338 4228 τῶν
3360 4175 3452 4226 ἐπὶ
3479 4172 3576 4225 τοῦ
3604 4171 3744 4242 πλή-

2176 4273 2298 4338 θους
2329 4271 2716 4343 ἀναγινώσκειν
2758 4271 3074 4342 εἰθισμένων
3111 4269 3259 4335 τάξιν
3293 4265 3586 4336 εἰληχότων
3625 4262 3746 4315 ἐτέ-

2179 4382 2315 4436 ρων⁸
2350 4365 2657 4436 ὁμολογίαις
2699 4363 2786 4416 διὰ
2817 4361 3231 4434 καρτερωτάτης
3276 4358 3551 4429 μαστίγων
3602 4356 3742 4406 ὑπο-

525 4459 648 4513 titer
673 4459 835 4512 etiam
869 4458 1146 4528 dignitatis
1181 4460 1428 4514 militaris
1449 4460 1718 4530 jacturam
1744 4473 2065 4529 perpessus;

2182 4460 2364 4532 μονῆς,
2397 4461 2475 4514 έτι
2507 4459 2671 4512 πάλαι
2710 4457 2815 4529 πρὸ
2845 4455 2937 4508 τοῦ
2969 4454 3106 4508 κατά
3139 4454 3197 4506 τὸ
3227 4452 3521 4524 μαρτύριον
3556 4452 3747 4514 τέλους

529 4549 704 4604 caeteri
720 4563 870 4616 vero,
905 4557 1162 4618 tanquam
1192 4549 1560 4604 catechumeni
1587 4547 2071 4613 autfideles,veluli

527 4638 582 4691 in
613 4638 846 4708 imagine
875 4652 1040 4706 parva
1062 4648 1506 4710 repraesentarent
1534 4639 1940 4696 similitudinem
1970 4654 2072 4692 nu-

526 4744 752 4790 merosae
784 4727 1053 4785 Ecclesiae.

601 5013 689 5069 IV.
728 5014 786 5069 ln
815 5017 962 5070 hunc
987 5031 1115 5087 ergo
1140 5016 1360 5070 modum
1387 5017 1739 5086 contemplari
1772 5016 1928 5072 nobis
1952 5015 2077 5070 licet

526 5107 898 5163 admirabilem
930 5109 1116 5162 talium
1143 5117 1303 5176 atque
1337 5116 1610 5162 tantorum
1652 5117 1948 5177 martyrum
1985 5108 2078 5161 de-

528 5201 756 5265 lectum;
800 5209 1069 5269 quatenus
1116 5199 1242 5260 illis,
1296 5199 1542 5267 quamvis
1591 5212 1816 5252 numero
1862 5199 2067 5266 paucis,

528 5290 707 5344 nullus
738 5299 914 5344 tamen
947 5305 1134 5344 eorum
1170 5290 1416 5343 ordinum
1447 5288 1648 5353 deerat,
1673 5289 1764 5356 qui
1799 5289 1971 5342 solent
1993 5289 2076 5342 in-

528 5388 607 5433 ter
651 5379 900 5434 homines
946 5379 1190 5450 reperiri.
1251 5377 1471 5448 Nempe,
1521 5378 1973 5448 quemadmodum
2021 5379 2073 5432 in

600 5540 713 5609 (26)
741 5541 955 5596 Jamnia
1003 5543 1115 5598 sive
1141 5541 1338 5598 lamna
1371 5543 1501 5598 urbs
1530 5541 1799 5597 maritima
1839 5540 2072 5596 Palmsli-

527 5625 630 5684 nte,
660 5612 807 5684 haud
845 5616 1030 5681 procul
1063 5613 1250 5684 Joppe,
1301 5615 1396 5668 sed
1432 5615 1560 5668 totis
1591 5629 1662 5666 xx
1697 5612 1925 5667 horariis
1967 5614 2080 5666 lcu—

527 5682 606 5753 cis
641 5680 825 5736 dissita
846 5680 892 5737 7a
923 5680 1201 5750 Ctesarea',
1235 5685 1391 5753 cujus
1420 5684 1824 5753 archiepiscopo
1860 5683 2041 5737 subest
2061 5721 2077 5748 ,

527 5750 689 5806 etiam
725 5752 853 5806 urbe
886 5753 1157 5808 maritima
1196 5757 1247 5809 in
1287 5750 1529 5810 confiniis
1566 5750 1870 5809 wanicizc.

2178 4558 2268 4612 τοῦ
2297 4553 2554 4609 Σελεύκου
2581 4550 2992 4622 διαπρέψαντος,
3039 4544 3133 4599 καὶ
3161 4544 3256 4615 τὴν
3292 4545 3390 4614 τῆς
3423 4560 3749 4614 στρατιωτι-

2179 4649 2279 4720 κῆς
2308 4646 2462 4713 ἀξίας
2489 4641 2757 4714 ἀποϐολὴν
2785 4638 3109 4712 ἐρρωμένως
3133 4635 3568 4705 καταδεξαμένου
3589 4652 3603 4664 ο
3635 4635 3750 4687 τῶν

2178 4758 2238 4793 τε
2259 4736 2456 4792 λοιπῶν
2478 4735 2570 4788 ἐπὶ
2598 4733 2824 4797 τούτοις,
2851 4730 2939 4783 διὰ
2972 4727 3389 4799 κατηχουμένων
3417 4727 3509 4779 καὶ
3533 4727 3750 4778 πιστῶν

2177 4831 2324 4884 τουτὶ
2361 4827 2545 4882 λοιπὸν
2593 4827 2693 4897 τῆς
2733 4827 2806 4889 ὼς
2847 4827 2904 4876 ἐν
2946 4821 3111 4875 εἰκόνι
3160 4822 3367 4892 σμικρᾷ
3417 4819 3750 4890 μυριάνδρου

2188 4921 2505 4991 Ἐκκλησίας
2538 4917 2860 4987 ἀφομοίωμα
2902 4911 3169 4985 φερούσης
3199 4907 3674 4981 ἀναπληρούντων.

2249 5015 2317 5068 Δν.
2350 5011 2503 5064 Οὕτω
2545 5005 2840 5080 παράδοξον
2866 5007 2963 5077 τὴν
2991 5004 3254 5058 τοσούτων
3287 5003 3380 5055 καὶ
3411 5001 3750 5072 τηλικούτων

2182 5103 2468 5177 μαρτύρων
2507 5100 2735 5171 ἐκλογὴν
2786 5097 3200 5168 ἐθεωρήσαμεν,
3228 5094 3348 5148 καθ’
3382 5095 3447 5165 ἢν
3498 5095 3750 5163 καίτοιγε

2179 5198 2238 5250 ού
2284 5195 2496 5257 πολλοῖς
2551 5191 2639 5245 τὸν
2690 5188 2918 5262 ἀριθμὸν
2963 5184 3132 5254 οὖσιν,
3178 5188 3326 5258 ὅμως
3358 5187 3507 5240 οὐδὲν
3557 5187 3750 5239 ἀπέδει

2177 5287 2467 5357 ταγμάτων
2513 5287 2570 5339 ἐν
2610 5280 2914 5354 ἀνθρώποις
2956 5277 3374 5352 εὑρισκομένων.
3411 5272 3513 5331 Οἷα
3553 5274 3648 5330 οὖν
3691 5280 3750 5330 ἐν

2182 5377 2487 5449 πολυχόρδῳ
2541 5374 2680 5446 λύρᾳ
2727 5369 2789 5437 ἐξ
2845 5370 3112 5441 ἀνομοίων
3159 5367 3470 5440 συνεστώσῃ
3518 5367 3748 5440 χορδῶν,

2253 5544 2364 5613 (27)
2401 5539 2682 5613 Θεόδουλος
2713 5536 2878 5613 enim,
2917 5533 3010 5587 Dei
3038 5549 3214 5586 servus
3248 5531 3658 5613 interpretatur.

2256 5599 2368 5683 (28')
2431 5599 2722 5683 Prmdictus
2773 5607 3185 5683 interprespro
3247 5603 3484 5683 έταῖρον,
3539 5599 3749 5683 ἓτερον,

2187 5667 2387 5748 αίέὶιηιξ
2418 5690 2471 5738 et
2496 5680 2670 5747 vertit,
2704 5694 2808 5733 non
2839 5667 3067 5731 est-mihi
3088 5667 3183 5742 'faa
3219 5667 3383 5726 aliter
3403 5667 3696 5739 appellare.
