3996 6208
351 268 506 327 I537.

1853 269 2050 324 ACTA.

3421 267 3553 323 1558

347 389 536 455 ὀξειῶν
563 391 654 442 καὶ
690 389 948 462 βαρειῶν·
983 393 1090 450 τῶν
1120 412 1179 449 τε
1208 395 1502 468 ἀνειμένων
1534 394 1626 446 καὶ
1664 394 1869 445 ἐπιτετο

1973 389 2122 460 ιΙῐιτι
2161 387 2484 442 chordarum
2519 383 2752 456 plurium
2793 398 3083 454 earumque
3125 384 3266 439 inter
3306 399 3365 440 se
3391 385 3552 440 dissi-
3595 381 3618 396 ‘

349 483 526 551 μένων
558 481 647 534 καὶ
678 480 878 550 μέσων,
908 484 1376 558 εὐδιηρμοσμένων
1404 484 1626 539 ἀπασῶν
1652 482 1810 554 τέχνῃ
1836 484 1900 552 τῇ

349 575 615 643 μουσικῇ·
649 573 791 626 κατὰ
821 573 889 628 τά
919 576 1053 629 αῦτά
1076 577 1138 650 δὴ
1171 579 1261 632 καὶ
1285 579 1377 631 ἐπὶ
1399 577 1598 629 τούτων
1626 574 1732 627 νέοι
1764 571 1901 626 κατά

340 666 401 716 τὺ
429 666 560 719 αὐτὸ
588 666 681 718 καὶ
709 665 1028 736 πρεσϐῦται,
1053 669 1224 724 δοῦλοί
1250 689 1308 724 τε
1329 669 1462 740 ὁμοῦ
1493 669 1585 721 καὶ
1609 665 1897 736 ἐλεύθεροι,

340 756 509 825 λόγιοι
543 758 636 810 καὶ
687 757 912 824 ἰδιῶται,
961 759 1134 825 ἄδοξοί
1165 780 1228 816 τε
1271 763 1411 815 κατά
1447 760 1508 814 τὸ
1545 763 1656 824 τοῖς
1689 758 1899 821 πολλοῖς

339 848 527 901 δοκοῦν
553 849 645 902 καὶ
667 848 920 917 ἐπίδοξοι,
948 852 1127 906 πιστοί
1155 871 1214 906 τε
1238 854 1330 908 καὶ
1357 853 1764 925 κατηχούμενοι,
1784 852 1896 922 ἅμα

339 941 430 993 καὶ
457 939 690 993 διάκονοι
728 943 822 995 σὺν
855 943 1257 1016 πρεσϐυτέροις,
1287 945 1336 998 οἱ
1369 944 1585 1007 πάντες,
1609 942 1680 1007 ώς
1711 943 1774 996 ἂν
1806 944 1894 1011 ὑφ’

338 1031 453 1095 ἐνὸς
487 1031 758 1101 πανσόφου
796 1035 1127 1107 μουσουργοῦ
1155 1036 1248 1089 τοῦ
1287 1034 1603 1108 μονογενοῦς
1629 1034 1721 1087 τοῦ
1759 1032 1892 1086 Θεοῦ

337 1124 508 1192 Λόγου
560 1125 812 1190 ποικίλως
856 1127 1336 1200 ἀνακρουσθέντες,
1368 1129 1582 1198 καὶτῆς
1617 1129 1673 1179 ὲν
1714 1126 1894 1188 αὐτοῖς

334 1214 552 1269 ἔκαστοι
581 1216 858 1288 δυνάμεως
884 1219 970 1272 διὰ
999 1220 1095 1291 τῆς
1121 1219 1227 1273 τῶν
1257 1219 1497 1291 βασάνων
1519 1218 1791 1289 ὑπομονῆς
1809 1218 1893 1270 ὲν-

335 1307 633 1379 δςιξάμενοι
663 1309 759 1380 τὴν
803 1310 1024 1381 ἀρετὴν,
1057 1310 1181 1375 τοῦς
1217 1330 1276 1364 τε
1309 1312 1404 1384 τῆς
1431 1311 1714 1385 ὁμολογίας
1749 1312 1890 1381 λαμ-

338 1400 632 1471 προτάτους
663 1402 754 1453 καί⁸
803 1402 1055 1472 ἐμμελεῖς
1080 1441 1094 1467 ,
1129 1403 1414 1475 ἀρμονίους
1452 1422 1510 1456 τε
1552 1405 1642 1456 καὶ¹
1672 1402 1891 1474 συμφώ-

332 1491 456 1554 νους
494 1491 584 1543 ἐπὶ
624 1491 730 1543 τῶν
772 1490 1129 1564 δικαστηρίων
1165 1494 1429 1564 φθόγγους
1473 1493 1885 1556 ἀποδεδωκότες,

331 1583 419 1650 ὑφ’
454 1582 510 1634 ἓν
540 1583 633 1636 καὶ
665 1582 829 1636 ταύτὸ
856 1584 1005 1647 τέλος
1035 1583 1130 1656 τὴν
1152 1585 1536 1658 εὐσεϐεστάτην
1566 1587 1657 1640 καὶ
1691 1586 1887 1639 πάνσο-

275 1743 280 1746 _
331 1692 428 1744 φον
458 1675 546 1728 διά
577 1675 675 1746 τῆς
707 1676 798 1729 τοῦ
845 1677 1138 1748 μαρτυρίου
1173 1675 1495 1739 τελειώσεως
1515 1676 1590 1747 τῷ
1630 1674 1746 1746 Θεῷ
1778 1675 1884 1727 τῶν

327 1767 460 1820 ὅλων
493 1768 888 1839 ἀπεπλήρωσαν
916 1769 1013 1840 τὴν
1047 1769 1327 1840 μελῳδίαν.

398 1860 472 1911 E'.
517 1857 788 1930 ’Υπερθαυ
799 1858 987 1929 μάζειν
1012 1859 1156 1924 ἄξιον
1185 1860 1386 1913 καὶτὸν
1408 1859 1634 1931 ἀριθμὸν
1659 1858 1764 1911 τῶν
1793 1859 1884 1911 ἀν-

327 1947 466 2016 δρῶν
501 1948 831 2019 προφητικὸν
860 1946 1120 2020 δηλοῦντα
1152 1949 1308 2020 χορόν
1328 1964 1341 1978 '
1377 1947 1580 2001 δώδεκα
1613 1947 1719 2018 γὰρ
1747 1943 1881 2000 εἶναι

329 2039 678 2110 συνέόητοὺς
711 2040 935 2105 πάντας,
974 2043 1204 2104 ὁπόσους
1249 2042 1586 2112 πατριάρχας
1622 2042 1713 2093 καὶ⁸
1751 2057 1875 2112 προ-

327 2130 500 2202 φήτας
534 2133 626 2184 καὶ
669 2132 994 2196 ἀποστόλους
1031 2133 1279 2201 γενέσθαι
1326 2133 1754 2204 παρειλήφαμεν.
1799 2131 1876 2184 Οὔ

323 2238 428 2293 περ
460 2223 680 2294 ἐτέρων,
713 2223 830 2275 οὐδὲ
857 2223 954 2286 τὰς
987 2222 1126 2277 κατά
1166 2224 1327 2294 μέρος
1361 2223 1588 2277 ἑκάστου
1619 2221 1879 2294 πολυτλή-

321 2327 445 2373 τους
467 2297 733 2382 ἀνδρείας,
759 2311 899 2365 κατά
924 2311 1029 2365 τῶν
1060 2312 1304 2384 πλευρῶν
1339 2313 1530 2377 ξέσεις,
1558 2312 1764 2376 καὶτὰς
1791 2313 1879 2366 διά

319 2402 519 2474 τριχῶν
552 2404 742 2470 αἰγίων
782 2403 921 2473 ὑφῆς
949 2403 1088 2456 κοιτά
1114 2403 1221 2457 τῶν
1253 2403 1542 2469 ξεσθέντων
1568 2404 1660 2458 τοῦ
1696 2404 1878 2475 σώμα-

316 2510 408 2557 τος
451 2493 630 2566 μερῶν
669 2496 960 2567 έκτρίψεις,
996 2497 1092 2559 τάς
1139 2514 1197 2550 τε
1227 2496 1552 2566 ἀνηκέστους
1587 2497 1871 2567 μάστιγας,

320 2585 411 2638 καὶ
457 2587 555 2650 τὰς
600 2587 966 2660 πολυτρόπους
1008 2589 1101 2642 καὶ
1145 2588 1544 2660 ἐνηλλαγμένας
1589 2589 1871 2658 βασάνους,

318 2677 493 2740 δεινάς
522 2695 581 2731 τε
623 2680 716 2731 καὶ
745 2679 1206 2753 δυσκαρτερήτους
1239 2681 1621 2753 στρεϐλώσεις,
1650 2680 1716 2745 ἀς
1756 2682 1874 2734 έπι-

320 2767 670 2839 κελευομένου
709 2769 802 2822 τοῦ
837 2770 1089 2824 δικαστοῦ
1119 2773 1210 2826 καὶ
1246 2773 1399 2844 χερσὶ
1439 2771 1531 2826 καὶ
1568 2773 1720 2825 ποσὶν
1751 2773 1868 2825 ὲπι-

317 2856 577 2921 τείνοντες
603 2860 649 2911 οἱ
683 2859 980 2931 δορυφόροι,
1014 2865 1077 2932 τῇ
1105 2861 1194 2933 βίᾳ
1222 2861 1629 2933 κατηνάγκαζον
1665 2850 1869 2933 πρᾶξαί

316 2964 368 3000 τι
399 2948 505 3002 τῶν
530 2951 906 3023 ἀπειρημένων
938 2955 1063 3017 τοὺς
1090 2956 1386 3028 μάρτυρας.

385 3127 452 3191 ς’
509 3127 572 3177 Τί
599 3129 700 3198 χρὴ
731 3129 907 3196 λέγειν
932 3129 1030 3193 τὰς
1058 3131 1411 3202 ἀειμνήστους
1439 3132 1543 3187 τῶν
1573 3133 1867 3187 θεσπεσίων

313 3213 510 3282 φωνὰς,
545 3217 601 3268 ὲν
630 3213 715 3279 αἷς
738 3215 894 3289 ἦττον
923 3221 1333 3292 πεφροντικότες
1361 3222 1466 3274 τῶν
1499 3223 1690 3287 πόνων,
1728 3223 1869 3295 λαμ-

311 3306 432 3376 πρῷ
465 3307 556 3357 καὶ
584 3308 792 3377 φαιδρῷ
818 3311 1107 3381 προσώπῳ,
1139 3312 1234 3375 τὰς
1258 3314 1349 3367 τοῦ
1371 3314 1620 3368 δικαστοῦ
1653 3316 1869 3380 πεύσεις

310 3399 343 3449 ἀ
351 3416 414 3468 με
424 3397 641 3462 ίϐοντες,
666 3399 802 3469 πρὸς
823 3401 1009 3464 αὐταῖς
1031 3402 1276 3472 βασάνοις
1297 3406 1558 3472 γελῶντες
1581 3407 1863 3477 ἀνδρικῶς,

309 3491 428 3561 ἤθει
461 3508 520 3543 τε
561 3491 829 3562 σπουδαίῳ
865 3495 1373 3565 κατειρωνευόμενοι
1415 3497 1576 3549 αὐτοῦ
1604 3497 1701 3560 τὰς
1733 3501 1867 3569 ἐρω-

307 3583 526 3652 τήσεις;
569 3583 870 3654 Ἑρωμένου
898 3583 1004 3656 γὰρ
1025 3585 1213 3640 ὁπόθεν
1241 3581 1370 3648 εἷεν,
1403 3587 1498 3657 τὴν
1526 3589 1617 3641 ἐπὶ
1643 3589 1742 3659 γῆς
1767 3589 1864 3640 πό-

307 3673 388 3726 λιν
426 3672 652 3747 φράζειν
690 3676 973 3748 παρέντες,
1003 3678 1102 3748 τὴν
1129 3676 1295 3740 ὅντως
1330 3679 1533 3730 ἑαυτῶν
1579 3680 1862 3752 ἀνεδήλουν

307 3766 558 3838 πατρίδα,
597 3767 704 3820 ἀπὸ
759 3768 1110 3840 Ἰερουσαλὴμ
1151 3769 1376 3834 ἑαυτοὺς
1422 3771 1858 3843 ἀναγορεύοντες,

304 3855 580 3926 ἐνέφαινον
611 3857 665 3910 δὲ
697 3858 802 3929 ἄρα
845 3860 982 3912 κατά
1012 3860 1101 3913 τὸν
1130 3861 1306 3914 αὐτῶν
1346 3861 1468 3914 νοῦν
1500 3862 1594 3938 τὴν
1628 3864 1861 3935 ἐπουρά-

303 3961 414 3998 νιον
446 3945 536 3999 τοῦ
566 3946 720 4012 Θεοῦ,
751 3949 834 4018 ἐφ’
866 3949 930 4018 ἦν
976 3951 1068 4003 καὶ
1102 3951 1354 4005 ἔσπευδον
1400 3952 1572 4017 πόλιν,
1607 3956 1697 4006 καὶ
1728 3953 1860 4008 ἄλλα

302 4033 357 4087 δὲ
387 4037 788 4107 τοιουτότροπα,
812 4039 1060 4108 ἄγνωστα
1085 4042 1179 4111 μὲν
1205 4044 1295 4096 καὶ
1316 4043 1590 4098 ἀσύνοπτα
1614 4047 1723 4110 τοῖς
1749 4045 1857 4100 τῶν

307 4125 463 4195 ἱερῶν
506 4128 806 4195 ἀγεύστοις,
846 4131 1023 4201 μόνοις
1057 4131 1112 4184 δὲ
1154 4133 1335 4197 αὐτοῖς
1383 4135 1611 4198 καὶτοῖς
1655 4137 1718 4189 ἐκ
1757 4135 1858 4206 τῆς

303 4218 448 4284 θείας
478 4222 706 4285 πίστεως
735 4223 1078 4295 ὡρμημένοις
1107 4226 1459 4298 ἀριδηλότατα
1489 4229 1817 4300 προσέφερον
1837 4244 1850 4259 ⁸

302 4313 385 4380 ἐφ’
424 4306 504 4374 οἷς
545 4312 600 4364 δὲ
656 4314 887 4384 μάλιστα
933 4316 960 4366 ὁ
1009 4316 1264 4388 δικαστὴς
1311 4319 1706 4386 ἀγανακτικῶς,
1759 4321 1854 4374 καὶ

2009 479 2238 544 milium,
2283 486 2455 532 acutae
2483 486 2536 531 et
2568 489 2776 547 graves,
2812 474 3036 529 intenste
3061 489 3124 530 ac
3151 475 3411 543 remisse,
3444 490 3553 532 me-

2005 565 2234 632 diaeque,
2282 580 2379 634 per
2419 565 2682 618 musicam
2726 570 2894 616 artem
2945 562 3080 618 belle
3107 566 3547 622 concordantur:

2005 655 2084 710 sic
2110 662 2164 709 et
2187 655 2240 709 in
2277 655 2414 720 istis,
2436 655 2660 724 juvenes
2681 670 2802 708 cum
2837 656 3078 721 senibus,
3109 658 3245 710 servi
3270 672 3390 710 cum
3417 657 3548 710 libe-

2004 747 2101 810 ris,
2150 746 2294 801 docti
2343 756 2396 801 et
2428 746 2648 810 indocti,
2707 747 2913 801 nobiles
2957 756 3010 800 et
3059 748 3348 802 secundum
3403 747 3546 816 vulgi

2003 836 2412 890 aestimationem
2467 837 2750 905 ignobiles,
2810 837 2992 892 ﬁdeles
3047 846 3100 890 et
3151 837 3543 903 catechumeni,

2000 927 2209 982 diaconi
2241 937 2402 997 atque
2434 927 2759 998 presbyteri;
2796 936 3046 995 tanquam
3081 927 3325 996 pulsante
3348 942 3440 980 eos
3461 926 3544 979 di-

2001 1019 2305 1073 versimode
2375 1019 2774 1089 sapientissimo
2831 1021 3067 1074 musices
3131 1018 3386 1088 magistro
3449 1017 3543 1074 Dei

2001 1109 2197 1174 Verbo,
2234 1123 2387 1162 suam
2421 1111 2616 1179 singuli
2648 1126 2740 1180 per
2774 1118 3166 1164 tormentorum
3201 1107 3545 1162 tolerantiam

1998 1201 2344 1256 ostendentes
2387 1202 2660 1268 virtutem,
2707 1202 3100 1271 pulcherrimos
3132 1201 3373 1269 beneque
3409 1214 3544 1254 cou-

1995 1293 2187 1347 cordes
2240 1293 2596 1347 confessionis
2654 1293 2900 1347 modulos
2951 1306 3130 1347 coram
3184 1291 3543 1346 tribunalibus

1994 1382 2388 1452 personabant;
2433 1383 2704 1436 communi
2736 1382 2966 1453 denique
2997 1383 3104 1436 line
3152 1397 3247 1454 per
3288 1397 3543 1437 consum-

1996 1475 2289 1529 mationem
2340 1475 2602 1546 martyrii,
2653 1475 3043 1544 pientissimam
3087 1475 3248 1530 simul
3290 1475 3540 1531 doctissi-

1994 1583 2252 1638 mamque
2278 1568 2657 1624 concludentes
2682 1567 2966 1623 melodiam
2995 1567 3104 1622 Deo
3127 1568 3367 1622 omnium
3406 1582 3538 1622 con-

1988 1660 2169 1714 ditori.

2058 1832 2121 1888 γ.
2176 1832 2280 1890 Sed
2314 1843 2367 1889 et
2397 1835 2826 1891 consideratione
2853 1834 3111 1907 singulari
3143 1834 3339 1904 dignus
3362 1841 3446 1888 est
3469 1834 3535 1888 il-

1985 1925 2159 1980 lorum
2206 1942 2504 1991 numerus,
2555 1928 2926 1998 propheticum
2971 1937 3360 1998 repraesentans
3399 1928 3532 1983 cho-

1983 2034 2104 2072 rum
2133 2036 2146 2072 :
2175 2027 2330 2073 crant
2357 2020 2498 2073 enim
2534 2020 2825 2076 universim
2855 2021 3158 2086 duodecim,
3203 2029 3335 2090 quot
3365 2021 3528 2075 etiam

1982 2112 2340 2180 patriarchas,
2375 2113 2666 2182 pr0phetas
2691 2123 2850 2184 atque
2883 2112 3158 2184 apostolos
3182 2111 3351 2167 fuisse
3382 2126 3531 2166 acce-

1980 2203 2179 2271 pimus.
2231 2201 2415 2272 Neque
2460 2205 2687 2258 allorum
2744 2219 2907 2273 quam
2971 2205 3156 2258 talium
3207 2218 3328 2258 esse
3373 2202 3526 2256 dixe-

1979 2299 2078 2351 rim
2138 2298 2270 2370 (29),
2326 2300 2407 2353 vel
2452 2299 2878 2370 uniuscujusque
2928 2312 3116 2353 eorum
3177 2296 3526 2366 multiplicem

1978 2390 2365 2458 fortitudinem,
2398 2393 2535 2446 inter
2559 2395 2823 2448 sectiones
2850 2392 3098 2455 laterum,
3124 2402 3176 2444 et
3195 2389 3522 2442 laniatorum

1975 2486 2172 2539 deinde
2200 2485 2440 2554 corporis
2477 2486 2641 2539 totius
2683 2485 3048 2539 membrorum
3092 2481 3392 2535 attritiones
3429 2474 3524 2550 per

1975 2575 2217 2630 cilicinos
2246 2590 2310 2629 ex
2340 2576 2477 2629 lanis
2518 2573 2752 2642 caprinis
2793 2585 3039 2642 pannos,
3075 2581 3127 2625 et
3164 2568 3521 2646 intolerabilia
3563 2637 3566 2640 Α

1973 2667 2191 2720 verbera
2213 2667 2490 2735 variaque,
2513 2674 2566 2720 et
2587 2674 2911 2719 commutata
2927 2663 3213 2717 identidem
3231 2669 3520 2727 tormenta,
3571 2729 3574 2734 Ι

1972 2774 2034 2814 ac
2073 2775 2260 2829 graves
2302 2758 2830 2826 imtnanissimosque
2877 2757 3181 2822 cruciatus;
3211 2769 3350 2823 quos
3394 2754 3518 2826 eum
3569 2813 3572 2821 ἲ

1972 2849 2038 2902 ad
2073 2849 2352 2917 imperium
2377 2847 2576 2917 judicis
2623 2842 2842 2900 lictores
2888 2844 3225 2899 intenderent
3263 2843 3516 2896 manibus

1971 2941 2322 3011 pedibusque,
2350 2941 2497 2994 omni
2524 2939 2774 2993 violentia
2811 2938 3118 2992 nitebantur
3144 2949 3332 3005 cogere
3371 2949 3519 3010 mar-

1894 3069 1936 3128 C
1971 3043 2114 3104 tyres
2144 3033 2210 3086 ad
2237 3033 2436 3102 aliquid
2464 3032 2708 3086 illicitum
2737 3031 3060 3086 faciendum.

2045 3123 2131 3178 Vl.
2161 3123 2297 3191 Quid
2343 3139 2503 3193 porro
2533 3139 2751 3178 necesse
2785 3133 2869 3177 est
2910 3122 3110 3178 referre
3139 3123 3258 3177 illas
3303 3136 3516 3196 semper

1972 3215 2352 3287 memorabiles
2385 3229 2572 3268 eorum
2608 3230 2784 3280 voces,
2814 3229 2950 3284 quas
2986 3215 3188 3268 medios
3229 3202 3368 3267 inter
3415 3214 3514 3267 do-

1968 3310 2110 3365 lores
2139 3325 2326 3364 sereno
2351 3324 2413 3364 ac
2435 3309 2555 3362 laeto
2586 3307 2737 3362 vultu
2768 3308 3036 3377 sapienter
3061 3307 3386 3376 reponebam
3430 3306 3516 3359 in-

1969 3401 2419 3471 terrogationibus
2463 3400 2682 3470 judicis,
2735 3413 2992 3469 generose
3022 3397 3244 3452 ridendo
3276 3397 3340 3451 ad
3395 3397 3515 3466 ejus

1968 3501 2265 3558 tormenta,
2321 3500 2414 3545 aut
2463 3493 2698 3561 gratioso
2745 3493 2977 3561 quodam
3035 3492 3196 3543 modo
3249 3489 3516 3543 eludendo

1965 3584 2266 3652 propositas
2316 3584 2382 3636 ab
2421 3598 2485 3636 eo
2545 3580 2906 3650 quaestiones?
2953 3581 3321 3649 interrogante
3363 3581 3509 3634 enim

1964 3676 2073 3735 illo,
2106 3675 2370 3728 undenain
2401 3683 2615 3740 essent;
2649 3688 2746 3742 pro
2773 3688 2838 3728 eo
2862 3673 3003 3742 quod
3032 3672 3100 3726 de
3128 3680 3338 3725 terrena
3371 3672 3508 3725 civi-

1963 3779 2067 3824 tate
2081 3770 2483 3838 responderent,
2503 3784 2680 3822 veram
2697 3769 2743 3822 ei
2763 3782 2912 3822 suam
2936 3765 3240 3820 indicabant
3256 3765 3503 3834 patriam,

1959 3863 2026 3915 ab
2077 3860 2408 3916 Hierusalem
2450 3875 2506 3913 se
2543 3874 2660 3913 esse
2706 3858 3093 3928 praedicantes;
3140 3855 3506 3924 intelligeban:

1961 3965 2136 4010 autem
2168 3953 2440 4008 caelestem
2468 3951 2613 4005 illam
2650 3949 2764 4014 Dei,
2799 3963 2906 4020 quo
2945 3948 3289 4012 festinabant,
3315 3946 3507 4001 civita-

1959 4059 2064 4104 tein
2088 4067 2102 4114 ;
2136 4058 2187 4102 ct
2212 4049 2316 4103 alia
2342 4048 2606 4119 ejusmodi
2632 4046 2777 4100 varia
2806 4042 3074 4106 dicebant,
3104 4039 3393 4109 inexpertis
3416 4054 3503 4093 sa-

1956 4157 2169 4196 crarum
2197 4157 2374 4196 rerum
2402 4156 2509 4195 non
2535 4135 2908 4207 intelligibilia,
2934 4143 2986 4188 et
3012 4133 3142 4188 solis
3163 4130 3355 4185 divina:
3379 4129 3501 4184 ﬁdei

1955 4233 2296 4288 consortibus
2329 4231 2611 4286 manifesta
2637 4251 2649 4284 :
2680 4229 2876 4299 quibus
2897 4226 3062 4297 judex
3090 4223 3263 4294 magis
3282 4236 3500 4276 exacero

1954 4327 2130 4391 batus,
2164 4325 2447 4394 animoque
2489 4334 2742 4386 asstuans,
2773 4335 2946 4389 neque
2976 4317 3105 4388 quid
3142 4322 3320 4386 ageret
3348 4327 3500 4367 com-

303 4403 444 4472 μάλα
483 4403 711 4474 ὀργίλως
742 4405 1044 4474 σφαδάζων,
1087 4408 1178 4461 καὶ
1211 4409 1300 4460 τὸν
1331 4409 1583 4480 λογισμὸν
1621 4411 1852 4481 ἀπορού-

1973 4417 2192 4480 ieriens,
2225 4431 2291 4470 ne
2336 4416 2441 4470 illis
2489 4415 2724 4478 cederet,
2758 4423 3111 4481 quascunque
3159 4403 3499 4476 echgitabat

301 4511 457 4561 μενος
489 4495 762 4562 ποικίλως,
793 4498 866 4560 ώς
893 4496 958 4550 ἂν
987 4498 1060 4570 μὴ
1088 4500 1362 4570 ἡττηθείη,
1390 4501 1488 4564 τὰς
1524 4503 1640 4554 κατ’
1673 4502 1849 4554 αὐτῶν

296 4583 501 4637 ἐπενόει
539 4588 781 4656 μηχανάς
801 4605 812 4617 ·
851 4587 1080 4642 κᾶπειτα
1108 4589 1284 4643 πεσὼν
1316 4591 1414 4661 τῆς
1441 4591 1670 4656 ὲρλπίδος,
1699 4593 1847 4657 τέλος

295 4674 506 4746 ἑκάστῳ
534 4676 602 4729 τά
636 4679 733 4750 τῆς
778 4679 932 4752 νίκης
966 4681 1331 4752 ἀποφέρεσθαι
1366 4682 1668 4754 παρεχώρει
1717 4683 1847 4753 βρα-

294 4764 432 4817 δεῖα.
483 4767 728 4832 Ποικίλος
771 4770 815 4822 δ’
841 4766 908 4840 ἦν
937 4772 1115 4825 αὐτῶν
1149 4773 1241 4826 καὶ
1272 4775 1300 4824 ὁ
1327 4774 1423 4844 τῆς
1446 4773 1698 4844 τελευτῆς
1723 4775 1845 4845 τρό-

295 4871 425 4919 πος·
454 4856 596 4912 δυεῖν
630 4861 724 4929 μὲν
757 4861 864 4914 τῶν
902 4863 958 4916 ὲν
989 4863 1167 4928 αὐτοῖς
1200 4864 1613 4935 κατηχουμένων
1643 4866 1719 4935 τῷ
1757 4865 1843 4919 διά

294 4947 464 5018 πυρὸς
503 4948 832 5021 βαπτίσματι
876 4953 1289 5008 τελειωθέντων·
1333 4956 1514 5026 ἐτέρου
1548 4956 1602 5009 δὲ
1638 4957 1714 5027 τῷ
1748 4957 1842 5010 τοῦ

293 5039 556 5109 σωτηρίου
608 5041 810 5105 πάθους
864 5045 1101 5115 σχήματι
1165 5046 1580 5116 παραδοθέντος·
1631 5048 1736 5101 τῶν
1786 5050 1842 5102 δὲ

265 5130 430 5199 ,ἀμφὶ
456 5131 516 5183 τὸ
552 5133 792 5188 ποθεινόν
820 5153 910 5205 μοι
933 5136 1131 5209 ὄνομα,
1169 5138 1532 5194 διαλλάττουσι
1573 5141 1837 5214 βραϐείοις

287 5220 453 5292 ἀναδη
462 5237 527 5274 σα
535 5224 724 5292 μένων.

356 5313 428 5366 Z'.
458 5314 592 5368 Τάδε
619 5314 714 5386 μὲν
740 5311 830 5370 οῦν
858 5319 989 5389 φαίη
1011 5321 1073 5375 ἀν
1095 5338 1177 5386 τις
1196 5322 1617 5395 καθολικώτερον
1640 5326 1839 5380 τούτων

287 5404 648 5474 μεμνημένος,
682 5408 820 5461 κατά
869 5410 1032 5482 μέρος
1058 5412 1112 5465 δὲ
1150 5412 1374 5467 ’ἑκαστον
1416 5413 1664 5479 ἐπεξιὼν,
1695 5417 1836 5468 είκό-

287 5512 388 5561 τως
430 5497 496 5551 ἂν
551 5498 642 5551 τοῦ
697 5499 856 5572 χοροῦ
912 5501 1004 5555 τὸν
1061 5505 1443 5578 πρωτοστάτην
1495 5505 1831 5578 μακαρίσεις.

1953 4509 2266 4571 machinas;
2297 4521 2361 4560 ac
2401 4504 2648 4573 denique,
2677 4503 2913 4571 dejectus
2945 4514 3039 4568 spe
3069 4496 3236 4564 omni,
3285 4492 3496 4548 unicui-

1949 4614 2056 4669 que
2081 4612 2268 4653 eorum
2295 4595 2529 4650 victoria:
2561 4592 2853 4663 assignavit
2885 4589 3150 4644 bravium.
3184 4585 3288 4640 Sed
3314 4585 3369 4638 in
3391 4583 3496 4637 hoc

1948 4690 2104 4760 quasi
2136 4689 2318 4742 varius
2349 4695 2463 4741 erat
2505 4685 2694 4738 modus
2721 4702 2733 4737 :
2764 4698 2886 4736 nam
2919 4681 3129 4736 duobus
3160 4677 3376 4748 quidem
3401 4690 3495 4729 eo-

1948 4796 2067 4833 rum
2116 4779 2292 4832 adhuc
2336 4776 2758 4840 catechumenis,
2794 4791 2925 4830 suus
2958 4789 3051 4842 per
3095 4773 3268 4841 ignem
3313 4765 3490 4836 bapti-

1947 4887 2097 4926 smus
2125 4869 2313 4940 obtigit
2339 4889 2351 4923 :
2383 4869 2534 4922 alteri
2561 4867 2808 4922 salvilicae
2840 4863 3105 4934 passionis
3154 4858 3371 4930 imagini
3403 4873 3492 4913 as-

1951 4961 2203 5028 similati;
2254 4960 2429 5016 caeteri
2476 4975 2602 5013 vero
2631 4960 2721 5030 qui
2761 4973 2883 5013 cum
2922 4955 3114 5010 dilecto
3146 4967 3267 5007 meo
3306 4958 3490 5034 erant,

1946 5054 2154 5108 diversa
2192 5054 2327 5106 inter
2357 5066 2416 5106 se
2447 5050 2661 5121 praemia
2689 5048 2866 5118 partiti
2895 5055 3036 5101 sunt.
3413 5033 3471 5056 γ’

2013 5320 2123 5374 Vll.
2147 5320 2321 5390 Atque
2351 5320 2464 5373 haec
2489 5317 2684 5373 dixerit
2710 5316 2923 5386 aliquis,
2956 5314 3194 5384 ipsorum
3214 5313 3401 5368 volens
3425 5312 3482 5370 in

1939 5429 2131 5484 genere
2159 5413 2499 5476 meminisse;
2533 5410 2840 5478 singillatim
2885 5424 3010 5464 vero
3039 5425 3134 5464 eos
3162 5407 3485 5478 praedicatu-

1939 5523 2052 5571 rus,
2076 5507 2198 5576 jure
2241 5507 2433 5562 merito
2460 5503 2623 5559 totius
2662 5503 2812 5559 chori
2843 5503 3031 5558 ducem
3062 5503 3114 5557 in
3147 5501 3337 5573 primis
3366 5502 3484 5558 lau-

356 5693 464 5762 (29)
506 5692 725 5750 Videtur
765 5695 853 5751 hic
881 5697 1082 5769 aliquid
1113 5699 1300 5756 deesse
1326 5701 1512 5757 Graeco
1543 5703 1709 5758 textui
1753 5705 1820 5762 ad
1859 5720 2074 5762 sensum
2109 5705 2502 5773 complendum.
