3996 6208
301 338 433 393 15.“

1805 328 2002 385 ACTA.

3371 324 3508 381 15η

297 454 541 527 πολιτείᾳ
562 455 655 509 καὶ
678 456 921 527 ἀσκήσει.
957 454 1203 510 Μάλιστα
1228 453 1376 526 παρὰ
1407 438 1673 516 τοὺςηκαθ’
1700 452 1847 522 ἡμᾶς

1953 455 2313 517 contemptum
2334 447 2513 503 saeculi
2540 446 2864 510 consideres,
2893 463 2984 502 seu
3008 447 3269 503 bonorum
3297 449 3503 520 largam

296 546 557 618 διέπρεπε
593 548 657 616 τῇ
694 547 818 617 περὶ
844 547 911 600 τὰ
938 546 1054 600 θεῖα
1079 547 1231 616 λόγια
1260 544 1599 616 γνησιωτάτῃ
1630 542 1852 612 σπουδῇ,

298 636 514 708 ἀτρύτῳ
541 653 597 689 τε
637 636 672 690 ἃ
704 636 966 708 προύθετο
1000 638 1298 709 φιλοπονίᾳ,
1330 636 1423 690 καὶ
1464 639 1530 705 τῇ
1573 634 1697 704 περὶ
1733 635 1857 696 τοὺς

298 729 673 800 προσήκοντας
722 728 815 781 καὶ
854 729 1057 794 πάντας
1108 732 1234 793 τοὺς
1277 727 1423 798 αύτῷ
1465 724 1857 795 πλησιάζοντας

298 818 530 889 ὠφελείᾳ
547 834 559 847 ·
591 810 651 870 οὗ
675 817 742 871 τὰ
767 818 924 872 λοιπά
955 820 1054 889 τῆς
1078 820 1275 890 ἀρετῆς
1300 816 1720 888 κατορθώματα,
1755 832 1856 885 μα-

302 909 563 981 κροτέρας
592 908 721 963 ὄντα
751 909 1071 981 διηγήσεως,
1098 911 1183 964 ἐπ’
1214 910 1345 972 ἰδίας
1367 908 1465 978 τῆς
1493 907 1587 959 τοῦ
1619 908 1739 959 κατ’
1764 907 1858 958 αὺ-

299 1000 388 1053 τὸν
414 999 717 1064 ὑποθέσεως
761 1000 875 1071 βίου
914 1003 1127 1074 γραφῆς
1158 1004 1215 1056 ἐν
1247 1000 1423 1073 τρισὶν
1464 1000 1563 1071 ἤδη
1598 998 1858 1069 πρότερον

300 1092 650 1162 ὑπομνήμασι
688 1092 1164 1164 παραδεδώκαμεν.
1217 1092 1378 1145 Ἀλλά
1409 1090 1516 1162 γὰρ
1558 1090 1643 1142 ἐπ’
1680 1090 1858 1141 ἐκεῖνα

298 1188 424 1249 τοὺς
453 1185 746 1255 φιλοτίμως
775 1185 867 1237 καὶ
904 1182 1075 1237 ταῦτα
1116 1184 1308 1238 είδέναι
1342 1182 1582 1253 ἔχοντας,
1617 1179 1859 1249 ἀναπέμ-

300 1278 518 1348 ψαντες,
550 1275 617 1329 τά
667 1275 760 1329 νῦν
812 1275 1062 1348 ἐχώμεθα
1093 1277 1192 1347 τῆς
1234 1275 1375 1329 κατὰ
1405 1275 1531 1338 τοὺς
1579 1272 1857 1344 μάρτυρας

302 1368 633 1431 ἀκολουθίας.
669 1367 925 1439 Δεύτερος
963 1369 1098 1439 μετὰ
1128 1369 1408 1440 Πάμφιλον
1434 1368 1524 1420 ἐπὶ
1556 1366 1644 1419 τὸν
1676 1363 1857 1432 ἀγῶνα

304 1464 522 1533 παρῄει,
558 1464 869 1536 ἱεροπρεπεῖ
901 1462 1058 1533 πολιᾷ
1083 1460 1459 1531 τετιμημένος,
1492 1458 1721 1526 Οὐάλης,
1751 1456 1857 1508 τῶν

304 1542 608 1617 ἀπὸᾊίλίας
628 1555 885 1617 διάκονος,
924 1552 1056 1622 αὐτῇ
1081 1550 1337 1622 προσόψει
1375 1548 1695 1619 σεμνότατος
1729 1562 1857 1615 πρε-

307 1643 522 1715 σϐύτης,
552 1644 658 1698 τῶν
686 1645 838 1697 θείων
885 1642 1111 1715 Γραφῶν
1138 1644 1185 1694 εἰ
1215 1643 1306 1695 καί
1337 1659 1417 1703 τις
1450 1638 1603 1700 ἄλλος
1633 1637 1854 1707 ἐπιστή-

308 1756 420 1809 μων
439 1754 453 1769 ·
498 1736 758 1800 τοσαύτας
788 1736 849 1804 γέ
876 1754 953 1789 τοι
985 1736 1199 1806 μνήμας
1225 1732 1398 1787 αὐτῶν
1436 1730 1853 1801 ἐνεστέρνισατο,

304 1831 377 1892 ὼς
420 1830 492 1899 μὴ
526 1829 692 1882 ἐνδεῖν
724 1829 819 1899 τῆς
870 1827 976 1880 ἀπὸ
1015 1825 1352 1896 γραμμάτων
1399 1822 1687 1889 ἐντεύξεως
1708 1860 1724 1882 ,
1756 1820 1854 1889 τῆς

306 1917 358 1970 εἴ
381 1935 505 1970 ποτε
531 1920 914 1991 λάϐοιΓραφῆς
939 1918 1029 1981 οὒς
1049 1918 1091 1970 δ’
1116 1914 1206 1971 οὖν
1227 1918 1437 1986 ἀπομνη
1448 1913 1695 1985 μονεῦσαι
1720 1910 1854 1971 διεξ-

302 2009 469 2073 όδους.
510 2010 700 2081 Τρίτος
746 2012 773 2063 ό
829 2008 1284 2081 θερμουργότατος
1336 2007 1428 2060 καὶ
1466 2005 1541 2075 τῷ
1586 2003 1852 2073 πνεύματι

304 2100 457 2164 ζέων,
484 2100 591 2154 ἀπὸ
616 2100 713 2170 τῆς
762 2099 1041 2170 Ἰαμνιτῶν
1067 2099 1290 2161 πόλεως,
1323 2098 1381 2150 δν
1414 2096 1592 2156 αὐτοῖς
1626 2093 1850 2163 ἐγνωρί-

304 2189 425 2253 ζετο
454 2190 680 2255 Παῦλος,
712 2192 816 2261 πρὸ
848 2189 939 2242 τοῦ
972 2190 1263 2262 μαρτυρίου
1294 2188 1379 2241 διά
1410 2188 1690 2257 καυτήρων
1718 2184 1851 2235 ὑπο-

308 2282 471 2351 μονῆς
502 2282 589 2336 τὸν
614 2282 709 2352 τῆς
742 2280 1025 2351 ὁμολογίας
1056 2279 1342 2349 διαθλήσας
1375 2277 1576 2344 ἀγῶνα.

1958 541 2012 594 in
2062 554 2326 609 pauperes
2365 541 2750 609 erogationem,
2802 554 2897 594 seu
2945 541 3279 595 saecularium
3332 542 3505 596 hono-

1957 645 2075 684 rum
2105 630 2171 684 ad
2220 645 2359 700 quos
2395 631 2632 700 aspirare
2678 638 2887 699 poterat
2930 630 3356 700 despicientiam,
3405 646 3502 686 seu

1958 724 2185 792 denique
2234 725 2479 779 arctioris
2522 735 2572 779 et
2621 724 3008 793 phiIOSOphicre
3061 725 3341 795 cujusdam
3380 724 3506 778 vita;

1957 814 2412 868 exercitationem.
2445 812 2547 867 Sed
2596 829 2702 882 pra:
2734 813 2941 868 cunctis
2984 822 3180 867 nostra:
3209 813 3380 867 aetatis
3406 814 3505 867 ho—

1958 905 2193 960 minibus
2218 904 2443 959 eminuit
2469 905 2521 957 in
2550 920 2614 959 eo
2637 906 2752 961 viro
2795 906 3231 961 ardentissimum
3267 906 3501 959 studium

1957 1012 2233 1051 sacrarum
2262 997 2582 1063 litterarum,
2616 1006 2668 1051 et
2696 997 2747 1050 in
2779 998 2844 1052 iis
2874 998 3035 1052 rebus
3068 1013 3205 1067 quas
3249 997 3350 1052 sibi
3388 1013 3506 1066 per-

1960 1089 2211 1143 liciendas
2256 1097 2623 1159 proposuerat,
2660 1090 2927 1144 indefessa
2963 1089 3164 1144 laboris
3211 1088 3508 1144 assiduitas

1958 1194 2020 1234 ac
2063 1180 2365 1250 diligentia;
2406 1180 2469 1233 ad
2506 1181 2619 1235 htec
2656 1181 2946 1251 singularis
2987 1180 3039 1233 in
3072 1182 3350 1250 proximos
3381 1196 3510 1234 cnn-

1957 1280 2178 1340 ctosque
2203 1270 2289 1341 qui
2318 1270 2383 1323 ad
2415 1270 2589 1340 ipsum
2622 1280 2962 1326 accesserant
2994 1272 3365 1327 beneﬁcentia.
3394 1272 3500 1325 llu-

1951 1362 2040 1431 jus
2075 1361 2173 1415 viri
2221 1360 2451 1430 reliquas
2496 1361 2720 1416 virtutes
2752 1379 2946 1432 resque
2991 1365 3246 1432 praeclare
3278 1374 3463 1434 gestas
3489 1406 3507 1431 ,

1955 1470 2073 1524 quae
2102 1454 2443 1522 prolixiorem
2485 1455 2784 1508 orationem
2815 1455 3139 1521 desiderant,
3183 1456 3505 1524 jampridem

1955 1563 2052 1600 nos
2084 1547 2133 1598 in
2185 1545 2436 1614 peculiari
2480 1560 2641 1615 opere
2672 1545 2812 1615 quod
2845 1547 2911 1601 de
2952 1547 3069 1615 ejus
3112 1547 3222 1600 vita
3264 1547 3508 1600 conscri-

1957 1638 2182 1705 psimus,
2214 1636 2383 1688 tribus
2407 1635 2559 1689 libris
2587 1636 2850 1705 complexi
2887 1652 3075 1690 sumus
3104 1656 3115 1689 :
3150 1636 3195 1691 si
3222 1637 3314 1706 qui
3344 1638 3509 1707 igitur

1958 1724 2148 1777 harum
2191 1738 2369 1777 rerum
2407 1723 2904 1793 cognoscendarum
2940 1724 3190 1792 cupidine
3216 1733 3499 1789 tenentur,

1957 1832 2051 1871 cos
2084 1817 2207 1871 illuc
2243 1817 2565 1871 amandasse
2592 1816 2847 1882 contenti,
2884 1817 2936 1870 in
2965 1818 3370 1886 praesentiarum
3402 1832 3511 1872 00‘-

1956 1920 2099 1983 ptam
2135 1910 2200 1963 de
2231 1910 2555 1979 martyribus
2584 1910 2783 1964 nostris
2818 1909 3181 1963 narrationem
3215 1924 3509 1979 proseque-

1954 2015 2095 2053 mur.
2144 1998 2425 2053 Secundus
2470 2006 2591 2068 post
2640 1998 2980 2067 Pamphilum
3021 1999 3073 2051 in
3101 2007 3372 2053 certamen
3412 1998 3507 2051 de-

1957 2091 2163 2145 scendit
2200 2089 2357 2145 Elia:
2381 2091 2532 2144 urbis
2573 2090 2855 2154 diaconus,
2897 2087 3116 2155 Valens,
3148 2096 3375 2158 augusta
3417 2103 3511 2141 ca-

1954 2177 2084 2233 nitie
2100 2180 2444 2249 conspicuus,
2473 2179 2695 2248 ipsoque
2719 2187 2939 2248 aspectu
2966 2178 3287 2232 venerabilis
3316 2193 3507 2241 senex,

1955 2271 2047 2340 qui
2069 2271 2277 2325 divinas
2301 2269 2607 2339 Scripturas
2629 2285 2739 2339 pra:
2762 2270 2969 2324 caeteris
2991 2270 3203 2340 egregie
3238 2270 3466 2323 callebat
3489 2287 3503 2331 ;

303 2389 397 2429 eas
443 2376 585 2430 enim
633 2391 803 2446 usque
846 2376 979 2430 adeo
1017 2374 1158 2430 ﬁdeli
1203 2373 1461 2427 memoria
1519 2368 1990 2440 complectebatur,
2042 2377 2101 2421 ut
2145 2367 2280 2420 nihil
2329 2367 2550 2420 omnino
2592 2366 2892 2431 interesset,
2950 2380 3018 2419 an
3064 2380 3128 2419 ex
3156 2365 3337 2421 codice
3387 2368 3511 2435 ipso

307 2465 521 2535 legeret,
558 2482 625 2520 an
671 2465 957 2534 cujuslibet
1003 2464 1294 2535 Scriptura:
1336 2463 1572 2532 integras
1618 2460 1840 2530 paginas
1898 2458 2165 2512 recitaret.
2228 2456 2443 2511 Tertius
2491 2458 2629 2511 inter
2682 2472 2775 2511 eos
2816 2456 3006 2511 claruit
3044 2455 3264 2518 Paulus,
3303 2455 3510 2510 Jamni-

311 2566 484 2611 tarum
516 2560 707 2629 oppido
738 2560 1027 2625 oriundus,
1061 2558 1142 2611 vir
1184 2558 1239 2611 in
1286 2557 1493 2627 agendo
1546 2553 1783 2610 fervidus
1833 2561 1889 2608 et
1943 2551 2135 2607 ardore
2183 2552 2406 2623 spiritus
2451 2553 2657 2623 plenus,
2693 2552 2785 2622 qui
2840 2562 2963 2606 ante
3013 2553 3325 2623 martyrium
3377 2569 3507 2606 can-

304 2650 480 2706 dentis
514 2650 637 2706 ferri
668 2653 905 2709 ustiones
945 2666 1249 2723 perpessus,
1298 2649 1656 2706 confessionis
1688 2662 1944 2704 coronam
1978 2648 2255 2703 retulerat.

1594 2883 1790 2943 PARS
1852 2882 2195 2943 ALTERA.

1102 3001 1413 3057 Sanctorum
1464 3003 1791 3074 singulorum
1820 3003 2128 3069 certamina,
2167 3012 2214 3056 et
2246 3002 2489 3071 martyrii
2512 3002 2701 3057 exitus.

376 3119 452 3172 ϐ’.
480 3119 693 3182 Τούτοις
716 3119 804 3173 ἐπὶ
827 3119 923 3190 τῆς
946 3119 1163 3189 εἱρκτῆς
1183 3120 1325 3174 δυεῖν
1354 3123 1491 3175 ἐτοῖν
1524 3122 1726 3193 χρόνων
1756 3138 1853 3175 κα-

2022 3119 2113 3174 ΙΧ.
2164 3121 2299 3174 Cum
2337 3121 2647 3190 praelaudati
2693 3134 2802 3175 tres
2834 3121 3005 3176 sancti
3052 3121 3325 3177 biennium
3365 3126 3509 3196 egis-

304 3212 720 3286 τατριὸομὲνοις,
757 3214 1009 3277 ὑπόθεσις
1054 3213 1145 3266 τοῦ
1185 3215 1479 3286 μαρτυρίου
1514 3216 1724 3283 ἐγένετο
1755 3216 1849 3268 Αί-

305 3304 541 3373 γυπτίων
572 3302 771 3371 ἄφιξις,
810 3303 915 3355 τῶν
953 3304 1047 3356 σὺν
1079 3305 1258 3369 αὐτοῖς
1293 3305 1681 3359 τελειωθέντων
1702 3345 1715 3369 ,
1760 3305 1852 3369 οὓς

303 3398 441 3452 κατὰ
466 3397 561 3464 τὴν
607 3394 854 3448 Κιλικίαν
900 3388 1041 3447 οὗτοι
1087 3399 1591 3469 καταπονουμένους
1642 3403 1699 3452 ἐν
1742 3401 1852 3462 τοῖς

308 3488 602 3560 μετάλλοις,
635 3486 791 3556 μέχρι
828 3486 932 3539 τῶν
966 3486 1141 3541 τόπων
1177 3491 1613 3560 καταστήσαντες
1643 3491 1731 3541 ἐπὶ
1754 3489 1852 3559 τὴν

303 3581 504 3635 οἰκείαν
531 3577 931 3631 ἐπαλινόστουν·
970 3578 1061 3631 καὶ
1091 3578 1153 3649 δὴ
1189 3579 1321 3649 πρὸς
1352 3584 1466 3642 ταῖς
1499 3580 1719 3642 εἰσόδοις
1747 3580 1852 3633 τῶν

305 3672 439 3727 κατὰ
462 3668 791 3740 Καισάρειαν
822 3668 1022 3731 πυλῶν,
1047 3669 1188 3732 τίνες
1216 3665 1323 3721 εἷεν
1353 3671 1443 3721 καὶ
1473 3669 1632 3722 πόθεν
1660 3670 1850 3738 ἀφικό-

306 3778 473 3832 μενοι,
510 3759 641 3831 πρὸς
675 3759 779 3811 τῶν
815 3758 1062 3827 φυλάκων
1088 3757 1466 3829 ἐρωτηθέντες,
1494 3758 1586 3810 καὶ
1612 3757 1773 3827 μηδὲν
1802 3757 1848 3809 τ’

304 3852 531 3923 ἀληθοῦς
571 3850 996 3922 ἀποκρύψαντες,
1034 3849 1345 3920 Χριστιανοὶ
1390 3850 1446 3902 δὲ
1490 3849 1685 3918 φάντες
1724 3850 1849 3901 ἐαυ-

302 3945 445 4007 τοὺς,
476 3941 790 4011 κακούργων
821 3941 1003 4011 τρόπῳ
1030 3941 1115 3990 ἐπ’
1162 3939 1305 4009 αὐτῷ
1331 3940 1498 4013 φώρῳ
1546 3939 1851 4011 ληφθέντων

304 4032 773 4102 καταλαμϐάνοντο
794 4048 805 4060 ·
848 4030 1007 4083 πέντε
1040 4030 1095 4082 δὲ
1122 4026 1257 4100 ἦσαν
1285 4032 1376 4083 τὸν
1411 4031 1655 4102 ἀριθμόν.
1693 4033 1754 4083 Οἱ
1795 4032 1850 4084 δὲ

306 4117 693 4190 προσαχθέντες
718 4116 792 4188 τῷ
823 4118 1058 4189 ἄρχοντι,
1094 4117 1228 4170 κάπὶ
1255 4118 1438 4171 τούτου
1469 4120 1848 4190 παρρησιασά-

305 4227 472 4278 μενοι,
493 4209 704 4280 δεσμοῖς
726 4209 822 4278 μὲν
842 4208 1033 4261 αὐτίκα
1058 4208 1449 4279 παραδίδονται.
1477 4210 1553 4280 Τῇ
1578 4210 1848 4283 ὑστεραίᾳ,

304 4302 581 4373 Περιττίου
627 4300 787 4372 μηνὸς
819 4300 1204 4371 ἑκκαιδεκάτῃ,
1256 4300 1395 4353 κατὰ
1451 4301 1748 4372 Ῥωμαίους
1796 4305 1851 4357 δὲ

303 4396 367 4463 τῇ
398 4391 499 4464 πρὸ
523 4391 931 4461 δεκατεσσάρων
964 4392 1249 4445 Καλάνδων
1275 4392 1547 4462 Μαρτίων,
1568 4394 1762 4457 αὐτοὺς
1788 4395 1849 4467 δὴ

304 4481 539 4545 τούτους,
592 4483 686 4536 σὺν
736 4484 849 4544 τοῖς
893 4482 1032 4551 ἀμφὶ
1071 4482 1161 4535 τὸν
1191 4482 1487 4553 Πάμφιλον,
1538 4484 1614 4555 τῷ
1658 4487 1848 4556 Φιρμι-

305 4572 467 4644 λιανῷ
511 4573 887 4645 προσάγουσιν.
935 4573 992 4627 Ὀ
1040 4572 1094 4626 δὲ
1130 4573 1237 4625 τῶν
1286 4574 1588 4643 Αἰγυπτίων
1626 4578 1849 4630 ἀπεπει-

302 4664 434 4735 ρᾶτο
463 4662 654 4732 μόνων,
686 4662 789 4733 πρὸ
817 4663 920 4716 τῶν
955 4662 1194 4731 βασάνων
1220 4662 1413 4715 εἴδεσιν
1441 4665 1708 4729 παντοίοις
1736 4665 1850 4718 δια-

302 4752 588 4823 γυμνάζων
630 4756 754 4818 τοὺς
787 4753 979 4825 ἄνδρας
999 4770 1013 4785 ⁸
1042 4754 1131 4807 τὸν
1167 4754 1264 4823 μὲν
1302 4749 1393 4807 οὖν
1426 4758 1723 4827 προήγορον
1757 4759 1850 4809 αύ-

300 4844 409 4898 τῶν
457 4846 514 4898 ἐν
567 4844 714 4915 μέσῳ
753 4845 990 4912 ἀγαγὼν,
1056 4844 1105 4896 τί
1161 4843 1246 4913 εἴη
1300 4846 1392 4898 καὶ
1439 4845 1598 4899 πόθεν
1644 4847 1845 4917 ἠρώτα.

375 5019 486 5101 (35.)
519 5016 794 5101 Ecgrapba
833 5026 1016 5101 nostra
1035 5017 1425 5101 .ljledicei‘ins”
1455 5019 1547 5101 ἐπὶ
1576 5019 1673 5101 τῆς
1701 5021 1850 5101 Κρή-

302 5086 422 5159 της,
452 5086 506 5141 in
534 5086 709 5149 Creta,
739 5087 890 5159 quasi
918 5087 1004 5141 isti
1035 5088 1106 5159 ibi
1135 5088 1468 5159 exsulassent
1499 5107 1513 5143 :
1548 5086 1642 5159 sed
1680 5086 1849 5146 coiri-

306 5155 508 5229 guntur
536 5171 602 5210 ex
637 5171 737 5210 ms.
772 5155 1075 5229 Lipomani,
1122 5165 1283 5229 atque
1321 5158 1551 5229 ipsemet
1576 5158 1846 5224 Eusebio,

308 5224 929 5351 limabinéouipendium
966 5224 1351 5291 contrahente,
1394 5233 1447 5279 et
1484 5224 1579 5293 τῆς
1632 5229 1850 5302 εἱρκτῆς

308 5314 414 5351 scrt
457 5313 521 5351 en

306 5298 595 5356 scribenlc;

379 5366 490 5437 (56)
532 5365 758 5437 Additur
875 5363 1038 5437 ist.,
1065 5363 1412 5437 ὁμολογητάς,
1430 5363 1777 5437 confessorem

380 5432 492 5507 (35)
527 5436 752 5489 Additur
787 5432 1247 5507 ibideni,iperind_e
1271 5432 1331 5485 ac
1358 5433 1556 5507 priores
1603 5432 1686 5507 illi
1721 5448 1849 5501 quos

307 5501 889 5577 snpra'commemoravi
923 5503 1157 5577 (scilicet
1184 5501 1416 5577 Egyptii
1456 5502 1567 5565 alii,
1597 5502 1687 5577 qui
1730 5518 1848 5577 cap.

311 5572 381 5631 H5
409 5578 786 5640 narrabantur,
830 5572 941 5627 stx‘
967 5573 1090 5627 Kal.
1124 5572 1413 5625 Ianuarias
1462 5572 1850 5639 comprehensi)

311 5646 602 5716 professos,
645 5663 698 5700 se
725 5649 791 5698 ad
822 5645 1110 5698 ministeria
1149 5642 1524 5716 confessoribus
1568 5644 1619 5693 in
1644 5640 1850 5716 -Qilicia

311 5712 603 5771 'constitutis
648 5716 931 5770 exhibenda
978 5713 1242 5784 proﬁcisci
1287 5729 1297 5764 :
1334 5728 1561 5779 quorum
1610 5712 1697 5765 alii
1729 5714 1849 5780 qui-

1954 3212 2153 3266 sentin
2195 3228 2408 3268 carcere
2450 3213 2584 3282 (53),
2625 3213 2840 3266 oecasio
2883 3216 3123 3284 martyrii
3164 3216 3341 3271 oblata
3374 3217 3508 3286 ipsis

1952 3312 2032 3358 est
2052 3319 2146 3373 per
2167 3319 2282 3370 eos,
2310 3305 2401 3375 qui
2429 3306 2589 3359 etiam
2628 3320 2750 3359 cum
2782 3305 2887 3361 illis
2908 3315 3147 3361 extremo
3180 3308 3352 3365 affecti
3378 3325 3506 3379 sup-

1951 3394 2112 3464 plicio
2138 3395 2376 3462 fuerunt,
2408 3395 2709 3467 Egyptios.
2741 3396 2805 3452 lli
2831 3414 2860 3452 a
2888 3398 3075 3455 Cilicia
3103 3402 3509 3456 revertebantur

1950 3485 2193 3552 domum,
2226 3494 2519 3557 postquam
2556 3489 2681 3543 illuc
2722 3505 2891 3559 usque
2916 3491 3257 3547 deduxerunt
3294 3493 3358 3546 ad
3392 3510 3507 3548 me-

1953 3576 2076 3628 talla
2106 3574 2389 3630 damnatos
2417 3576 2560 3647 (34);
2594 3588 2753 3646 atque
2791 3580 2856 3633 ad
2899 3580 3200 3650 ingressum
3230 3594 3505 3653 portarum

1951 3664 2208 3721 Caesareae
2239 3668 2551 3737 interrogati
2607 3669 2719 3737 (55)
2750 3671 2841 3739 qui
2877 3680 3060 3726 essent
3106 3682 3161 3726 et
3191 3675 3330 3729 unde
3357 3679 3507 3729 veni-

1950 3764 2103 3821 rent,
2139 3771 2260 3810 cum
2314 3771 2487 3826 neque
2521 3758 2639 3827 ejus
2681 3761 2823 3828 quod
2859 3772 2975 3815 erat
3008 3762 3305 3831 quidquam
3344 3765 3508 3821 dissi-

1951 3846 2238 3909 mularent,
2272 3863 2434 3916 seque
2462 3847 2798 3905 Christianos
2844 3866 2965 3905 esse
2994 3852 3399 3920 proﬁterentur;
3425 3856 3507 3909 in-

1950 3943 2063 3989 star
2089 3935 2454 3990 maleiicorum
2498 3938 2614 4005 ipso
2646 3938 2699 3991 in
2731 3937 2970 3995 facinore
3012 3940 3503 4010 deprehensorum,

1952 4023 2165 4078 fuerant
2206 4028 2603 4097 comprehensi,
2642 4044 2870 4083 numero
2900 4030 3138 4099 quinque
3168 4048 3181 4084 :
3218 4032 3282 4087 ad
3320 4036 3505 4102 praesi-

1951 4117 2069 4171 dem
2103 4128 2280 4171 autem
2313 4119 2549 4186 adducti,
2575 4120 2868 4189 eademque
2892 4120 3083 4176 ﬁducia
3111 4123 3215 4190 usi,
3246 4126 3507 4179 continuo

1952 4207 2004 4261 in
2033 4208 2246 4263 vincula
2280 4210 2388 4263 dati
2437 4218 2608 4265 erant.
2658 4210 2924 4266 Postridie
2952 4227 3107 4281 vero,
3139 4213 3231 4283 qui
3284 4215 3348 4268 16
3389 4215 3507 4271 dies

1950 4310 2067 4357 erat
2089 4303 2288 4358 mensis
2311 4301 2539 4367 Perittii,
2565 4304 2666 4357 hoc
2690 4312 2771 4358 est
2792 4303 2946 4372 juxta
2973 4303 3245 4361 Romanos
3265 4308 3380 4363 dies
3406 4326 3496 4364 xw

1952 4403 2077 4448 ante
2116 4392 2387 4448 Kalendas
2420 4393 2658 4460 Martias,
2694 4394 2856 4448 iidem
2904 4396 3065 4450 simul
3111 4412 3232 4451 cum
3264 4399 3371 4456 illis
3411 4401 3503 4470 qui

1883 4459 1924 4512 θ
1952 4484 2235 4555 Pamphilo
2267 4484 2510 4550 aderant,
2542 4459 2857 4541 Firmiliano
2894 4487 3235 4543 exhibentur.
3279 4488 3380 4556 Qui

1955 4578 2036 4632 los
2082 4575 2363 4647 [Egyptios
2396 4577 2681 4632 tentandos
2734 4577 2836 4632 sibi
2875 4594 3097 4634 sumens
3128 4582 3276 4635 omni
3310 4596 3505 4651 genere

1956 4675 2380 4733 tormentorum,
2436 4668 2628 4722 nudari
2681 4670 2827 4724 virus
2863 4668 3055 4741 jussit;
3104 4670 3316 4737 deinde,
3368 4687 3493 4726 eum

1954 4758 2046 4827 qui
2094 4758 2396 4828 pracipuus
2440 4759 2577 4812 inter
2626 4774 2814 4813 omnes
2859 4758 3141 4815 videbatur
3178 4762 3232 4815 in
3266 4761 3501 4816 medium

1956 4849 2251 4915 adducens,
2302 4850 2426 4919 quis
2459 4858 2603 4903 esset
2650 4860 2702 4905 et
2752 4851 2915 4917 unde,
2968 4851 3351 4921 interrogabat.
3403 4852 3502 4906 llic

1954 5024 2097 5084 dem,
2136 5023 2313 5076 eadem
2357 5038 2460 5092 qua
2502 5023 2586 5077 illi
2614 5024 2800 5094 quibus
2831 5026 3183 5078 ministraturi
3220 5034 3498 5090 venerant,

1954 5109 2099 5161 pana
2127 5094 2362 5145 damnati
2392 5102 2531 5155 sunt,
2564 5096 2727 5150 oculis
2750 5111 2811 5148 ac
2839 5095 3052 5163 pedibus
3076 5095 3286 5149 inutiles
3310 5095 3499 5149 redditi

1956 5167 2084 5230 (uno
2118 5162 2321 5216 scilicet
2366 5164 2526 5217 oculo
2555 5174 2727 5230 eruto,
2768 5162 2845 5219 et
2868 5165 3041 5219 cruris
3072 5166 3234 5218 unius
3276 5166 3501 5220 succisis

1954 5231 2187 5303 net-vis);
2222 5242 2322 5286 tres
2353 5249 2468 5286 vero
2496 5249 2559 5287 ea:
2588 5234 2736 5303 ipsis,
2767 5236 2821 5287 in
2849 5235 2973 5287 urbe
2998 5233 3273 5296 Ascalone,
3307 5235 3362 5286 in
3395 5251 3501 5303 qua

1954 5302 2110 5354 vincti
2139 5305 2461 5367 tenebantur,
2491 5302 2613 5356 cum
2642 5304 3006 5356 admirabilem
3037 5304 3198 5356 animi
3229 5302 3499 5371 fortitudi-

1958 5383 2071 5442 ’λείῃ
2114 5373 2476 5433 ostendissent,
2512 5373 2714 5442 diverso
2745 5374 2981 5442 martyrii
3026 5374 3169 5426 exitu
3196 5373 3495 5428 occubuere.

1960 5435 2154 5504 Quippe
2178 5458 2308 5493 unus
2332 5442 2570 5504 illorum,
2598 5441 2726 5495 Ares
2752 5435 2974 5505 nomine,
3002 5443 3227 5511 ﬂammis
3259 5459 3497 5496 consum-

1958 5516 2075 5579 ptus
2095 5518 2204 5570 est;
2242 5511 2449 5579 reliquis
2476 5512 2699 5576 duobus,
2725 5528 2944 5579 quorum
2971 5528 3101 5564 unus
3118 5512 3337 5577 Probus,
3365 5514 3499 5567 alter

1961 5574 2109 5629 Elias
2158 5574 2850 5651 uocabatur,rcaputigladio
2892 5584 3187 5651 pnecisum.
3235 5574 3498 5637 Coluntur

1958 5654 2135 5699 autem
2178 5646 2230 5697 hi
2262 5662 2289 5698 a
2320 5648 2519 5724 βαρεῖς
2551 5646 2616 5702 i9
2650 5646 2976 5724 Decembris,
2998 5654 3160 5724 quasi
3197 5652 3387 5724 quinto
3412 5656 3499 5709 die

1958 5724 2078 5784 post
2102 5718 2631 5785 comprehensionem
2662 5721 2924 5787 supplicio
2954 5718 3145 5780 allecti.
