3998 7026
655 293 794 349 is.“

1802 291 1857 345 S.
1899 288 2221 344 PAMPHILI
2258 286 2619 346 MARTYRlS

3662 289 3753 344 ιδιι

657 426 783 467 cum
819 408 940 465 loco
966 406 1168 477 proprii
1195 407 1839 479 nominispropbeticum
1870 408 2074 479 aliquid
2101 408 2202 479 ipsi

2251 418 2276 474 λ
2308 411 2513 473 Ὅστις,
2561 407 2681 464 ἀντὶ
2720 407 2812 461 τοῦ
2862 402 3057 477 κυρίου
3103 398 3377 471 ὀνόματος,
3426 405 3691 473 «mea»
3721 425 3755 461 τι

658 502 969 565 indicasset,
998 501 1137 555 idem
1168 510 1223 556 et
1253 502 1345 557 alii
1375 504 1616 558 fecerunt
1640 517 1738 573 pro
1765 502 2079 559 nominibus
2104 502 2205 558 sibi

661 595 715 651 in
746 594 919 665 patria
949 593 1154 649 inditis.

734 771 798 827 X.
829 771 1001 826 Eliam
1033 788 1159 843 ergo
1189 782 1242 828 et
1267 770 1573 835 Jeremiam,
1602 769 1790 826 Isaiam
1821 780 1874 826 et
1901 770 2201 826 Samuelem

663 873 821 934 atque
852 863 1122 918 Danielem
1168 879 1288 918 sese
1316 866 1463 932 ipsos
1497 862 1763 932 appellare
1805 864 2033 918 audiens
2069 877 2202 931 pra:-

663 970 751 1010 ses
790 954 892 1013 (sic
937 955 1078 1008 enim
1111 953 1385 1024 placuerat
1424 953 1530 1009 illis
1561 961 1830 1008 ostentare
1871 969 2029 1023 quem
2060 954 2206 1007 intus

662 1046 901 1100 abditum
940 1045 1194 1115 gerebant
1219 1046 1460 1100 animum
1491 1045 1601 1100 veri
1623 1043 1792 1099 Judaei
1817 1061 1881 1101 ac
1907 1043 2217 1111 lsraelitw,

662 1153 769 1193 non
806 1137 980 1192 solum
1019 1136 1291 1206 operibus,
1319 1136 1412 1191 sed
1437 1137 1596 1191 etiam
1626 1136 1901 1193 vocabulis
1923 1138 2033 1207 (56)
2062 1137 2206 1191 clare

628 1216 639 1223 ’
663 1232 925 1302 prolatis),
956 1231 1071 1299 ipse
1098 1229 1313 1300 quidem
1340 1231 1588 1284 virtutem
1622 1228 1857 1284 nominis
1876 1231 1979 1286 sibi
2004 1245 2033 1284 a
2063 1245 2208 1284 mar-

662 1332 778 1396 tyre
808 1322 1027 1377 indicati
1066 1337 1173 1376 non
1208 1320 1500 1387 intellexit;
1541 1320 1632 1375 sed
1668 1335 1829 1389 porro
1861 1325 2091 1389 perrexit
2120 1324 2206 1377 in-

662 1429 956 1485 terrogare,
996 1430 1116 1483 qua:
1154 1412 1255 1481 ipsi
1290 1421 1435 1468 esset
1467 1412 1677 1482 patria:
1711 1421 1913 1484 martyr
1940 1430 2087 1475 vero,
2110 1431 2205 1470 eo-

663 1505 784 1560 dem
818 1504 1135 1573 eompendio
1160 1518 1313 1567 usus,
1341 1503 1562 1557 alteram
1593 1503 1773 1559 emisit
1792 1519 1997 1567 vocem,
2026 1506 2207 1560 dicens

661 1589 961 1665 Jerusalem
983 1591 1084 1645 sibi
1106 1591 1330 1661 patriam
1362 1605 1501 1657 esse,
1525 1607 1643 1645 eam
1670 1591 1874 1647 scilicet
1910 1593 2207 1665 intelligens

662 1683 730 1751 de
756 1698 861 1752 qua
890 1676 1090 1736 Paulus
1118 1682 1226 1736 ait‘
1254 1701 1267 1736 :
1300 1679 1430 1747 Qui:
1448 1699 1654 1735 sursum
1680 1692 1755 1737 est
1784 1680 2097 1747 Jerusalem,
2137 1685 2206 1738 li-

2307 501 2483 572 ἐαυτῷ
2504 502 2783 573 προσῆπτε
2801 517 2817 532 ο
2843 499 3008 553 τοῦτο
3032 499 3096 552 δὲ
3122 497 3217 549 καὶ
3247 494 3373 567 πρὸς
3396 492 3493 547 τῶν
3510 493 3667 549 λοιπῶν
3685 498 3759 567 ιτι.

2308 610 2460 663 γνετο
2484 591 2602 647 ἀντὶ
2639 591 2739 662 τῆς
2778 588 3058 661 πατρόθεν
3090 586 3272 647 αὐτοῖς
3303 583 3597 653 ἐπιτεθείσης
3619 588 3759 641 iam.

2352 701 2453 747 ιας.

2307 701 2453 826 melli.
2481 771 2662 826 Ἠλίαν
2699 773 2750 840 γ’
2781 764 2879 825 οὖν
2929 767 3027 823 καὶ
3083 764 3366 836 Ἰερεμίαν,
3409 763 3603 816 Ἦσαϊαν
3636 780 3680 847 τε
3703 770 3760 820 καὶ

2304 862 2552 933 Σαμουὴλ
2577 863 2671 915 καὶ
2699 860 2901 930 Δανιὴλ
2932 855 3175 918 ἀκούσας
3207 853 3271 907 ἂν
3302 852 3466 906 αὐτῶν
3491 853 3668 917 ἑαυτοὺς
3688 856 3761 909 ἀνι-

2306 955 2601 1024 μαζόντων,
2636 954 2727 1009 καὶ
2758 952 2850 1007 τὸν
2885 953 2947 1004 ἐν
2982 944 3213 1018 κρυπτῷ
3262 945 3491 999 Ἰουδαῖον
3520 945 3596 997 καὶ
3620 950 3761 1016 γνήσιον

2316 1031 2646 1117 Ίᾶραηλίτην
2673 1044 2853 1106 αὐτοῖς
2884 1042 3076 1110 ἔργοις
3107 1039 3168 1091 οὐ
3195 1037 3367 1108 μόνον,
3390 1035 3515 1089 ἀλλὰ
3537 1037 3614 1090 καὶ
3632 1041 3762 1106 φωναῖς

2304 1134 2502 1204 κυρίως
2528 1133 2925 1205 ἐκφερομέναις
2959 1125 3408 1198 ἐνδεικνυμένων
3439 1125 3637 1178 τοιοῦτον
3657 1123 3764 1180 οὖντι

2305 1224 2438 1295 πρὸς
2464 1224 2555 1277 τοῦ
2587 1227 2858 1297 μάρτυρος
2892 1220 3213 1281 ἐπακούσας
3242 1219 3271 1270 ὁ
3312 1217 3544 1288 δικαστὴς
3575 1217 3762 1287 breuem;

2308 1314 2410 1386 μὴν
2448 1317 2511 1385 τῇ
2539 1314 2629 1366 τοῦ
2679 1315 2924 1385 ῥήματος
2958 1309 3265 1380 ἐπιστήσας
3309 1306 3543 1378 δυνάμει,
3585 1306 3762 1379 δεύτερον,

2303 1406 2420 1468 ἥτις
2445 1404 2602 1457 αὐτοῦ
2632 1403 2825 1474 πατρὶς
2854 1401 2945 1473 εἴη
2980 1398 3193 1473 ἠρώτα.
3237 1399 3293 1451 Ὀ
3332 1398 3384 1451 δὲ
3414 1397 3588 1468 συνοδῷ
3612 1401 3662 1469 τῇ
3688 1417 3765 1471 πρι-

2303 1496 2435 1567 τέρᾳ
2462 1495 2715 1567 δευτέραν
2756 1494 2953 1567 ἀφίησι
2997 1494 3208 1564 φωνὴν,
3251 1491 3574 1565 Ἰερουσαλὴμ
3599 1487 3703 1544 εἶναι
3716 1493 3767 1544 λέ-

2304 1603 2413 1654 γων
2433 1586 2527 1657 τὴν
2561 1586 2750 1639 ἑαυτοῦ
2775 1585 3041 1659 πατρίδα,
3068 1585 3285 1654 ἐκείνην
3311 1584 3436 1655 δῆτα
3465 1582 3596 1647 νοῶν,
3623 1584 3714 1653 περὶ

2305 1679 2513 1749 εἴρηται
2546 1677 2771 1748 Παύλῳ·
2803 1679 2873 1731 'H
2899 1676 2975 1729 δὲ
3007 1676 3137 1730 ἄνω
3181 1672 3546 1743 Ἰερουσαλὴμ
3573 1674 3767 1741 ἐλευθέρα

662 1773 786 1829 bera
809 1782 906 1840 est,
931 1790 1046 1839 qua:
1066 1782 1141 1827 est
1165 1785 1332 1827 mater
1352 1786 1529 1829 nostra
1543 1789 1567 1841 ,'
1593 1785 1646 1829 et
1669 1776 1795 1830 alibi
1820 1777 1841 1808 ³
1870 1793 1884 1830 :
1908 1778 2209 1832 Accessistis

2251 1773 2281 1827 Β
2308 1768 2494 1831 ἐστὶν,
2529 1768 2657 1835 ἥτις
2691 1768 2818 1821 ἐστὶ
2852 1767 3065 1837 μήτηρ
3102 1765 3303 1835 αιτιμίῖην⁸
3348 1763 3461 1818 καί’
3487 1765 3770 1831 Προσεληῶ

662 1866 733 1921 ad
765 1866 893 1922 Sion
932 1876 1154 1919 montem
1178 1875 1227 1921 et
1252 1867 1508 1920 civitatem
1535 1866 1631 1921 Dei
1660 1868 1890 1932 viventis,
1914 1867 2204 1927 Jerusalem

664 1959 937 2015 caelestem.
964 1956 1112 2011 Talia
1133 1958 1295 2027 igitur
1315 1958 1585 2029 cogitabat
1615 1969 1817 2031 martyr
1844 1976 1857 2013 :
1895 1963 1985 2016 sed
2015 1939 2210 2030 praeses

664 2060 898 2106 mentem
929 2059 1084 2104 terra:
1114 2050 1323 2105 allixam
1352 2052 1557 2107 habens
1579 2093 1594 2117 ,
1625 2066 1742 2121 quae
1773 2053 1860 2106 illa
1890 2062 2034 2108 esset
2054 2048 2210 2107 Jeru-

664 2142 850 2207 salem,
872 2150 924 2196 et
954 2140 1044 2196 ubi
1082 2150 1344 2196 terrarum
1380 2143 1482 2198 sita
1511 2143 1620 2214 (57)
1647 2145 1941 2201 studiosius
1967 2146 2211 2214 require-

664 2232 792 2300 bat;
825 2233 956 2302 quin
993 2241 1046 2287 et
1082 2240 1350 2288 tormenta
1380 2234 1718 2301 admovebat,
1762 2244 1823 2291 ut
1856 2237 1998 2307 quod
2024 2253 2207 2291 verum

661 2336 807 2381 esset
844 2325 1119 2381 fateretur.
1165 2326 1269 2381 Sed
1300 2328 1444 2383 enim
1477 2338 1678 2401 martyr
1725 2345 1921 2385 manus
1957 2328 2078 2401 post
2104 2339 2211 2384 ter-

663 2434 788 2488 gum
814 2427 1063 2483 retortas,
1089 2420 1355 2490 pedesque
1377 2421 1698 2489 quibusdam
1723 2422 1983 2477 machinis
2003 2422 2212 2476 luxatos

666 2509 891 2575 habens,
939 2526 1124 2564 verum
1157 2526 1214 2565 se
1256 2511 1461 2567 dixisse
1499 2512 1800 2568 aﬂirmavit.
1845 2513 2089 2583 Cumque
2129 2514 2212 2567 ni-

663 2602 959 2657 hilominus
990 2604 1182 2658 iterum
1213 2611 1376 2672 atque
1408 2603 1601 2658 iterum
1630 2602 2070 2676 interrogaretur,
2092 2621 2212 2676 quae

663 2704 718 2749 et
747 2695 836 2749 ubi
866 2695 969 2749 sita
997 2704 1138 2749 esset
1160 2709 1224 2748 ea
1249 2711 1408 2764 quam
1436 2694 1649 2751 dicebat
1669 2696 1861 2754 civitas
1880 2684 2208 2765 Jerusalem;

663 2785 833 2840 solam
868 2785 1005 2840 hanc
1032 2784 1457 2842 Christianorum
1491 2790 1721 2858 patriam
1755 2803 1877 2844 esse
1916 2790 2209 2858 respondit,
2296 2840 2300 2845 λ

664 2882 827 2949 atque
856 2878 977 2933 illos
1000 2878 1153 2933 solos
1175 2895 1273 2934 nec
1298 2880 1434 2934 alios
1456 2881 1593 2935 ullos
1628 2881 1681 2935 in
1719 2896 1781 2936 ea
1811 2883 2049 2947 versari;
2079 2895 2213 2936 con-

665 2971 857 3025 sistere
885 2985 1013 3025 vero
1038 2971 1104 3026 ad
1136 2971 1420 3035 orientem,
1444 2972 1601 3043 juxta
1629 2972 1802 3027 lucem
1837 2983 1996 3043 atque
2023 2973 2211 3029 solem.

665 3062 732 3118 Et
753 3064 840 3118 hic
865 3064 1079 3135 quidem
1114 3081 1300 3120 rursus
1321 3067 1474 3135 juxta
1501 3066 1776 3136 proprium
1806 3082 1963 3121 suum
1992 3081 2210 3120 sensum

666 3154 1165 3224 pliilosopbabatur,
1198 3156 1329 3209 nihil
1359 3166 1725 3212 commutatus
1752 3158 1817 3211 iis
1844 3172 1965 3227 qua:
1989 3158 2212 3213 circum-

667 3245 878 3299 stabant
905 3248 1206 3313 tormentis,
1236 3249 1329 3302 sed
1357 3248 1501 3302 velut
1523 3248 1873 3318 incorporeus
1911 3264 1979 3303 ne
2012 3251 2212 3304 sentire

666 3337 882 3407 quidem
920 3337 1203 3392 videbatur
1236 3338 1465 3398 dolores.
1507 3338 1678 3395 Judex
1710 3356 1837 3413 vero
1864 3342 2210 3411 angustiaba-

668 3438 777 3491 tur,
826 3438 975 3483 ratus
1025 3428 1362 3494 Christianos
1411 3430 1597 3484 urbem
1646 3431 1903 3495 aliquam,
1954 3429 2213 3489 Romanae

662 3506 910 3574 aemulam
934 3530 988 3575 et
1008 3520 1300 3586 inimicam,
1323 3522 1422 3577 sibi
1447 3522 1707 3589 condere;
1735 3524 2040 3594 multusque
2068 3524 2119 3578 in
2148 3543 2213 3581 eo

662 3619 780 3666 erat
807 3620 865 3665 ut
889 3613 1286 3682 percunctando
1310 3614 1559 3682 disceret,
1582 3624 1635 3671 et
1665 3616 1834 3686 ipsam
1862 3626 1915 3670 et
1941 3617 2210 3684 regionem

664 3704 978 3760 orientalem
1025 3720 1145 3774 qua:
1190 3705 1293 3761 sibi
1338 3705 1715 3763 indicabantur
1759 3708 1852 3762 ubi
1889 3718 2090 3764 essent.
2120 3707 2216 3763 Vi-

663 3798 796 3852 dens
838 3805 1017 3851 tamen
1062 3796 1126 3851 ad
1161 3796 1383 3853 verbera
1420 3800 1592 3871 magis
1632 3800 1792 3855 etiam
1822 3799 2211 3854 immutabilem

664 3905 881 3946 manere
905 3890 1177 3961 juvenem,
1208 3900 1263 3948 et
1290 3891 1343 3945 in
1369 3892 1642 3963 prioribus
1672 3891 1945 3962 responsis
1973 3906 2215 3961 perseve—

664 3996 806 4047 rare,
843 3982 1121 4051 capitalem
1153 3983 1366 4037 tandem
1398 3991 1584 4038 contra
1615 3998 1737 4037 eum
1778 3982 1967 4039 mortis
2000 3990 2215 4037 senten-

667 4073 793 4126 tiam
824 4074 1207 4143 pronuntiavit.

732 4162 822 4219 XI.
873 4163 938 4219 Et
960 4180 1045 4222 res
1074 4166 1289 4236 quidem
1315 4164 1539 4235 hujusce
1562 4165 1813 4236 martyris
1838 4165 2022 4230 talem,
2050 4165 2213 4219 veluti

663 4258 945 4327 cujusdam
992 4260 1271 4324 dramatis,
1332 4260 1539 4314 exitum
1602 4260 1938 4326 habuerunt;
1993 4268 2213 4314 caeteros

662 4347 856 4405 deinde
878 4347 1180 4422 Egyptios,
1214 4365 1335 4404 cum
1360 4350 1424 4403 ad
1448 4348 1804 4405 diversimoda
1822 4364 2037 4419 quoque
2053 4364 2215 4417 expe-

663 4443 892 4496 rimenta
915 4444 1191 4505 nudasset,
1211 4441 1458 4496 eumdem
1488 4442 1541 4495 in
1565 4442 1783 4496 modum
1813 4442 2050 4511 agitavit.
2074 4441 2207 4496 Tum

663 4533 730 4586 ad
760 4530 1022 4602 Pamphili
1052 4533 1264 4589 sodales
1290 4544 1679 4604 transgressus,
1715 4534 1903 4588 didicit
1926 4535 2069 4603 quod
2100 4534 2209 4604 jam

665 4623 870 4692 pridem
893 4624 1057 4681 variis
1084 4635 1266 4680 essent
1292 4626 1621 4682 cruciatibus
1659 4626 1868 4681 tentati.
1912 4618 2099 4692 Quare
2121 4643 2213 4682 su-

664 4730 1053 4785 pervacaneum
1109 4725 1259 4772 ratus
1308 4718 1495 4773 iisdem
1546 4718 1937 4787 quaestionibus
1967 4718 2211 4774 homines

664 4807 947 4878 subjicere,
978 4824 1142 4879 seque
1173 4809 1370 4864 frustra
1405 4811 1457 4865 in
1489 4810 1554 4865 iis
1586 4810 1991 4876 laboraturum;
2035 4811 2209 4865 solum

666 4898 1031 4968 interrogavit,
1061 4914 1127 4953 an
1156 4900 1239 4953 vel
1270 4914 1413 4954 nunc
1450 4902 1761 4970 persuaderi
1803 4901 1905 4956 sibi
1951 4903 2207 4955 sinerent.

662 4988 901 5045 Audiens
942 5004 1071 5045 vero
1115 5006 1181 5045 ex
1237 4991 1461 5060 singulis
1505 5001 1800 5045 extremam
1854 4991 2210 5047 confessionis

734 5105 751 5136 ⁸
783 5102 960 5159 Galat.
985 5119 1058 5170 tv,
1081 5103 1168 5157 26.
1246 5106 1267 5136 ⁸
1295 5103 1427 5159 Heb.
1453 5121 1545 5169 χιι,
1573 5104 1662 5157 22.

736 5238 848 5305 (36)
900 5236 1098 5295 Ibidem
1133 5240 1238 5294 alia
1280 5239 1437 5294 datur
1478 5240 1616 5293 ratio
1651 5247 1981 5293 mutatorum
2035 5239 2210 5293 nomi-

664 5322 816 5372 num,
841 5309 977 5380 quod
1003 5311 1209 5366 scilicet
1228 5311 1449 5382 propria,
1463 5308 1642 5380 forsan
1662 5309 1997 5363 idololatrica
2018 5319 2205 5382 essent,

666 5397 696 5433 ιι
724 5379 978 5434 falsorum
1002 5379 1236 5435 deorum
1252 5379 1561 5436 nominibus
1583 5388 1818 5449 sumpta,
1845 5389 1904 5434 ut
1928 5389 2055 5434 sunt
2078 5379 2204 5449 ρίο-

664 5451 863 5518 ugsius,
891 5449 1198 5517 Bacchides,
1244 5452 1542 5514 Athenaeus,
1588 5444 1799 5520 aliaque
1843 5450 2055 5520 similia.
2085 5444 2203 5501 Non

666 5529 841 5591 tamen
868 5536 933 5574 ex
967 5520 1067 5575 hac
1093 5521 1309 5577 Eusebii
1345 5522 1673 5591 conjectura,
1708 5518 1877 5591 multo
1916 5518 2094 5591 minus
2137 5532 2201 5570 ex

666 5587 769 5663 isto
798 5589 988 5663 horum
1020 5601 1314 5663 martyrum
1359 5587 1522 5655 facto,
1571 5602 1713 5644 recte
1745 5589 2030 5663 quisquam
2062 5588 2205 5641 intu-

664 5657 814 5723 lerit,
865 5661 919 5714 in
965 5657 1231 5728 frequenti
1278 5663 1702 5717 Christianorum
1756 5657 2054 5729 primorum
2100 5672 2200 5729 usu

663 5729 853 5794 fuisse,
902 5726 1117 5800 gentilia
1168 5734 1384 5787 nomina
1419 5726 2121 5800 baptizandis‘commutare
2146 5726 2200 5781 in

2308 1864 2444 1915 θατε
2481 1860 2629 1914 Σιὼν
2657 1860 2795 1929 ὄρει,
2829 1860 2928 1913 καὶ
2972 1861 3157 1913 πόλει
3207 1857 3353 1911 Θεοῦ
3394 1855 3593 1922 ζῶντος,
3626 1858 3769 1925 Ἰερου-

2307 1948 2510 2017 σαλὴμ
2541 1949 2888 2016 ἐποιιοανίῳ.
2934 1948 3054 2001 Καὶ
3094 1948 3125 2001 ὁ
3166 1946 3273 2017 μὲν,
3306 1944 3494 2014 ταύτην
3530 1944 3706 1997 ἐνόειοό
3735 1945 3769 1998 ἃ

2306 2039 2398 2092 ἐπί
2428 2037 2589 2108 χθόνα
2637 2040 2731 2090 καὶ
2775 2041 2955 2109 χαμαὶ
3012 2037 3184 2111 ῥίψας
3226 2036 3323 2105 τὴν
3356 2034 3576 2098 διάνοιαν,
3608 2035 3673 2098 τίς
3712 2034 3766 2105 εἴη

2308 2129 2443 2198 αὐτὴ
2470 2128 2564 2180 καὶ
2608 2127 2712 2180 ὑπὸ
2757 2129 2857 2198 γῆς
2909 2129 3081 2192 ποίας
3124 2126 3373 2197 κειμένη,
3404 2123 3603 2195 ἀκριϐῶς
3634 2122 3767 2174 inelu-

2312 2218 2631 2289 πραγμόνει,
2662 2218 2756 2270 καὶ
2783 2218 2913 2289 δῆτα
2958 2221 3060 2273 καὶ
3093 2218 3359 2289 βασάνους
3390 2216 3565 2286 ἐπῆγεν
3595 2213 3651 2275 ὡς
3676 2214 3720 2267 ἂν
3738 2214 3765 2266 τ’

2310 2308 2504 2381 ἀληθὲς
2530 2308 2835 2380 ὁμολογοίη.
2884 2310 2943 2364 Ὀ
2980 2310 3041 2364 δὲ
3072 2308 3482 2381 στρεϐλούμενος
3521 2307 3695 2359 κατόπιν
3725 2305 3766 2355 τὰ

2310 2402 2455 2470 χεῖρε
2499 2400 2591 2452 καὶ
2622 2401 2731 2452 τοῖν
2769 2400 2946 2454 ποδοῖν
2991 2402 3306 2473 μαγγάνοις
3347 2400 3451 2451 τισὶ
3485 2396 3762 2466 tituli-ium;

2311 2490 2584 2563 εἰρηκέναι
2608 2491 2654 2544 τ’
2679 2490 2870 2563 ἀληθὲς
2897 2491 3289 2566 διῖσχυρίζετο.
3330 2488 3453 2545 Εἶτα
3494 2486 3548 2543 αὖ
3573 2489 3690 2541 πάλιν
3703 2488 3764 2540 καὶ

2311 2581 2565 2646 πολλάκις
2613 2582 3039 2654 πυνθανομένου,
3084 2584 3170 2649 τίς
3211 2583 3294 2656 εἴη
3328 2583 3415 2636 καὶ
3462 2579 3761 2649 ποῖκειμένηή

2311 2672 2559 2749 λεχθεῖσα
2587 2674 2738 2738 πόλις
2783 2674 3164 2749 Ἰερουσαλὴμ,
3199 2677 3361 2745 μόνην
3396 2675 3545 2746 αὐτὴν
3568 2668 3666 2725 εἶναι
3690 2671 3762 2722 τῶν

2311 2765 2644 2823 Χριστιανῶν
2688 2765 2917 2836 πατρίδα
2959 2764 3157 2833 ἔλεγε,
3223 2767 3295 2835 μὴ
3333 2766 3434 2836 γὰρ
3470 2758 3761 2831 inclinarat

2312 2855 2518 2920 τούτοις
2548 2856 2723 2927 μόνοις
2750 2855 2916 2924 αὐτῆς
2932 2858 3207 2925 μετεῖναι,
3233 2855 3433 2907 κεῖσθαι
3450 2854 3497 2907 δὲ
3520 2852 3625 2924 πρὸς
3639 2850 3763 2901 ἀνατο-

2312 2945 2449 3011 λαῖς,
2481 2947 2572 3000 καὶ
2606 2947 2742 3019 πρὸς
2769 2946 2913 3017 αὐτῷ
2942 2947 3089 3015 (pinei.
3118 2945 3214 2999 καὶ
3242 2946 3392 3016 ἡλίῳ.
3428 2946 3478 2998 ὐ
3505 2946 3584 3014 μὲν
3607 2942 3674 2994 καὶ
3696 2939 3764 2991 πά-

2313 3041 2395 3095 λιν
2422 3041 2509 3095 διὰ
2533 3040 2733 3095 τούτων
2758 3041 2895 3095 κατὰ
2920 3042 3009 3094 τὸν
3035 3042 3240 3094 οἰκεῖον
3264 3040 3383 3095 νοῦν
3407 3039 3667 3108 ἐφιλοσόφει·
3689 3034 3765 3087 τῶν

2313 3134 2370 3184 ἐν
2398 3131 2579 3204 κύκλῳ
2619 3132 2867 3202 βασάνοις
2899 3133 3062 3210 αὐτὸν
3091 3131 3444 3203 αἰκιζομένων
3468 3131 3558 3183 οὐδὲ
3578 3131 3763 3199 ἐπιστρε·

2313 3223 2569 3293 (ρόμενος⁸
2603 3223 2788 3294 ὥσπερ
2818 3223 2873 3276 δέ
2896 3241 2977 3288 τις
3013 3225 3265 3297 ἄσαρκος
3296 3223 3388 3276 καὶ
3417 3220 3650 3289 ἀσώματος,
3676 3216 3765 3270 οὑδὲ

2312 3313 2728 3368 ἐπαισθάνεσθαι
2758 3315 2929 3368 ἐδόκει
2950 3314 3053 3368 τῶν
3082 3314 3418 3386 ἀλγηδόνων.
3451 3313 3496 3363 ’0
3515 3311 3557 3363 δὲ
3576 3308 3765 3377 δικαστὴς

2311 3398 2679 3477 ἀπορούμενος
2718 3405 3032 3474 ἐσφάδαζεν,
3079 3406 3291 3479 ἐχθράν
3323 3405 3413 3459 καὶ
3450 3403 3675 3472 Ῥωμαίοις
3696 3417 3764 3452 πο-

2310 3496 2502 3568 λεμίαν
2526 3497 2664 3567 τάχα
2686 3514 2787 3550 που
2809 3496 3183 3568 συστήσασθαι
3206 3499 3412 3558 ἑαυτοῖς
3438 3494 3565 3547 πόλιν
3587 3492 3767 3563 Χριστια-

2312 3590 2434 3652 νοὺς
2459 3589 2700 3660 οἰόμενος
2718 3607 2732 3619 ·
2764 3588 2930 3652 πολύς
2961 3606 3019 3641 τε
3057 3584 3131 3660 ἦν
3179 3588 3506 3659 ἐπικείμενος
3534 3585 3629 3644 ταῖς
3653 3580 3768 3649 βασά-

2251 3696 2259 3705 ’
2312 3696 2441 3742 νοις,
2483 3680 2575 3734 καὶ
2612 3679 2908 3751 άνερευνῶν
2939 3680 3036 3750 τὴν
3075 3679 3409 3752 δηλωθεῖσαν
3439 3677 3587 3739 πόλιν,
3620 3672 3694 3741 τήν
3727 3684 3769 3720 τε

2313 3771 2453 3825 κατὰ
2488 3771 2746 3835 ἀνατολὰς
2787 3770 3050 3837 ἐξετάζων
3095 3764 3317 3845 χώραν’
3354 3772 3425 3834 ὼς
3454 3770 3504 3823 δὲ
3539 3765 3611 3821 ἐπὶ
3644 3762 3770 3815 πλεῖον

2316 3862 2530 3934 μάστιξι
2569 3863 2658 3917 τὸν
2690 3863 2902 3917 νεανίαν
2938 3864 3271 3935 καταξήνας,
3315 3859 3664 3933 ἀπαράλλακτον
3694 3849 3773 3903 τῶν

2314 3957 2477 4030 προτὲ
2487 3972 2590 4029 ρων
2615 3956 2760 4027 αύτῷ
2790 3955 3057 4028 ῥηθέντων
3080 3944 3258 4028 ἐώρα,
3280 3954 3375 4026 τὴν
3398 3955 3483 4006 ἐπὶ
3503 3948 3666 4015 θανάτῳ
3684 3938 3774 3995 κατ’

2313 4046 2475 4101 αὐτοῦ
2509 4047 2805 4120 κεφαλικὴν
2833 4048 3050 4119 ἐκφέρει
3076 4047 3282 4119 ψῆφον.

2383 4141 2485 4193 IA'.
2516 4139 2627 4193 Καὶ
2653 4138 2721 4192 τὰ
2751 4140 2845 4210 μὲν
2869 4138 3006 4192 κατὰ
3031 4139 3244 4204 τοῦτον,
3266 4138 3504 4205 τοιαύτην
3526 4131 3673 4200 εἴληφε
3690 4124 3777 4190 δρα⁶

2317 4232 2668 4304 ματουργίαν,
2698 4231 2791 4283 καὶ
2813 4231 2936 4294 τοὺς
2956 4230 3170 4294 λοιποὺς
3198 4231 3258 4284 δὲ
3282 4230 3386 4283 τῶν
3412 4213 3778 4295 Αἰγυπτίωνντοῖς

2313 4321 2708 4396 παραπλησίοις
2753 4321 3119 4393 διαγυμνάσας
3163 4319 3510 4389 παλαίσμασι,
3538 4312 3612 4364 τὸν
3644 4308 3778 4396 ὅμοιον

2314 4392 2505 4483 ἐπάγει
2545 4392 2760 4485 τρόπον.
2791 4392 2924 4467 Εἶτα
2963 4415 3027 4466 ἐκ
3070 4412 3274 4466 τούτων
3304 4411 3394 4465 ἐπὶ
3430 4407 3541 4469 τοὺς
3575 4398 3687 4471 ἀμφὶ
3714 4392 3776 4445 τδν

2313 4506 2590 4579 Πάμφιλον
2633 4505 2870 4577 μεταϐὰς
2918 4505 3305 4569 ἀνεδιδάσκετο,
3340 4502 3413 4566 ὡς
3455 4500 3551 4570 ἄρα
3582 4490 3778 4564 πρότερον

2312 4597 2410 4669 ἤδη
2445 4596 2707 4649 πλείστων
2749 4590 2856 4648 εἷεν
2891 4594 3134 4666 βασάνων
3181 4588 3606 4665 πεπειρασμένον
3633 4581 3775 4669 ἄτοπον

2309 4667 2365 4740 δέ
2396 4667 2530 4740 εἶναι
2558 4686 2910 4757 λογισάμενος
2930 4688 3049 4750 ταῖς
3072 4686 3261 4749 αὐταῖς
3288 4683 3482 4744 αἰκίαις
3509 4667 3774 4748 περιϐάλλειν

2310 4780 2434 4842 τοὺς
2471 4779 2689 4850 ἄνδρας,
2726 4778 2821 4831 καὶ
2865 4778 3066 4848 μάταια
3108 4777 3351 4848 μοχθεῖν,
3384 4769 3609 4826 τοσοῦτον
3643 4760 3770 4850 μόνογ)

2310 4867 2357 4917 εί
2388 4866 2488 4919 κᾶν
2527 4846 2620 4919 νύν
2663 4846 3021 4937 πειθαρχοῖεν,
3065 4846 3476 4919 ἀνεπυνθάνετο·
3520 4846 3772 4912 ἀκούσαςᾶ

2309 4958 2434 5029 παρ’
2469 4957 2696 5012 ἑκάστου
2751 4958 2849 5030 τὴν
2889 4959 3121 5030 ὑστάτην
3164 4959 3259 5029 τῆς
3308 4952 3585 5029 μαρτυρίας
3623 4939 3768 5014 (pultile

2308 5239 3008 5313 nominagpatriarcbarum,
3043 5243 3413 5313 prophetarum
3451 5236 3527 5291 vel
3552 5226 3763 5303 apostolo-

2305 5327 2462 5385 ινυιῃζ
2469 5310 2689 5385 aliaque
2711 5326 2741 5366 e
2763 5312 2940 5385 sacris
2970 5310 3258 5385 Scripturis
3285 5313 3488 5385 petita“
3526 5377 3538 5385 _
3568 5375 3580 5385 _
3610 5372 3620 5383 ,
3680 5366 3690 5379 ,

2374 5370 2743 5454 (57)__Nempe_
2755 5382 2864 5454 jam
2898 5381 3023 5436 inde
3051 5370 3345 5454 a'tempo're
3369 5370 3756 5454 EliiAdrianifl

2303 5442 2705 5506 annoChristi'l
2715 5442 2802 5517 79,
2830 5462 3129 5507 restaurata
3153 5442 3281 5509 urbs
3302 5448 3584 5508 Jerusalem,
3604 5442 3755 5512 mum."

2303 5521 2545 5587 nomine,
2564 5529 2702 5583 erat,
2720 5531 2774 5574 et
2807 5520 3082 5590 dicebatur
3111 5522 3273 5585 Elia,
3304 5533 3359 5578 ut
3376 5520 3664 5590 autumant".l
3678 5519 3754 5590 ΡΠΪ

2303 5593 2425 5645 dem
2461 5586 2668 5663 nomen
2691 5590 2938 5663 potuerit
2980 5589 3224 5663 Bomano
3263 5590 3463 5663 praesidi
3484 5586 3747 5663 peregriuulll

2303 5675 2529 5730 prorsus
2559 5654 2819 5730 accidere,
2851 5659 3082 5715 maxime
3106 5665 3149 5717 si
3179 5654 3393 5720 noverat
3416 5654 3751 5728 Ai'gyptiosesse

2303 5728 2443 5813 quos
2471 5728 2850 5797 interrogabat.
