3996 6208
292 336 433 391 1553

1812 333 2012 389 ACTA.

3407 341 3543 397 ιδιο

287 448 688 521 παραπλησίως
720 445 1022 517 κεφαλικήν
1054 446 1322 517 τιμωρίαν
1369 447 1488 497 κατ’
1536 444 1715 498 αὐτῶν
1756 445 1860 512 ὲξε-

1974 461 2184 514 vocem,
2217 448 2558 506 consimilem
2597 449 2648 504 in
2687 463 2780 505 eos
2814 449 2939 504 tulit
2970 451 3291 506 sententiam
3325 452 3539 522 capitis,

287 541 650 608 νεγκάμενος,
684 537 904 604 ὑπάγει.

360 631 457 684 lB'.
494 629 660 684 Οὔπω
702 630 757 682 δὲ
799 629 947 700 αύτῷ
985 631 1090 684 πᾶν
1131 632 1316 702 εἴρητο
1356 629 1516 692 ἔπος·
1553 631 1644 682 καὶ
1680 629 1872 694 πόθενς

298 723 533 793 Ἀναϐοᾷ
583 722 866 793 μειράκιόν
898 739 972 786 τι,
1009 723 1107 793 τῆς
1146 723 1423 794 οἰκετικῆς
1447 722 1540 776 τοῦ
1587 722 1872 793 Παμφίλου

284 814 607 886 θεραπείας,
646 816 710 867 ὲκ
757 814 921 884 μέσου
956 813 1050 867 τοῦ
1097 814 1333 886 πλήθους
1375 815 1483 868 τῶν
1521 815 1664 885 ἀμφὶ
1704 815 1764 868 τὸ
1793 813 1872 866 δι-

285 905 582 975 καστήριον
621 902 965 957 κυκλούντων
996 904 1284 975 παρελθὼν
1317 906 1396 968 εἰς
1429 904 1592 975 μέσον
1617 920 1630 934 ’
1663 905 1790 957 ἐϐόα
1816 905 1872 956 δὲ

288 996 498 1070 μεγάλῃ
524 999 699 1067 φωνῇ,
721 999 863 1067 ταφῇ
889 997 957 1050 τά
980 995 1208 1066 σώματα
1228 994 1624 1066 ἐξαιτούμενος.
1651 997 1871 1066 Πορφύ-

288 1107 398 1163 ριος
429 1085 497 1160 ἦν
524 1091 551 1142 ὁ
588 1088 885 1159 μακάριος·
915 1089 1137 1160 θρέμμα
1161 1089 1381 1159 γνήσιον
1419 1088 1726 1158 Παμφίλου,
1760 1090 1869 1142 οὐδ’

284 1183 421 1236 ὅλων
444 1180 589 1235 ὀκτὼ
623 1182 718 1234 καὶ
749 1180 881 1233 δέκα
921 1179 1076 1243 ὲτῶν,
1108 1179 1550 1252 καλλιγραφικῆς
1583 1180 1866 1253 ἔμπειρος,

287 1268 643 1341 σωφροσύνης
676 1269 733 1322 δὲ
774 1268 938 1322 ἕνεκα
973 1269 1067 1322 καὶ
1115 1269 1332 1340 τρόπων
1373 1270 1550 1324 πάντα
1582 1271 1871 1326 καλύπτων

282 1360 552 1431 ἐγκώμια,
587 1360 662 1424 ὡς
691 1354 778 1413 οἷα
813 1359 918 1411 ὑπὸ
949 1359 1209 1429 τηλικῷδε
1248 1360 1401 1432 άνδρὶ
1430 1364 1863 1434 συνησκημένος·

285 1453 361 1516 ὼς
392 1453 436 1506 δ’
461 1452 601 1522 ἔγνω
627 1453 726 1523 τὴν
758 1451 900 1505 κατὰ
927 1450 1020 1504 τοῦ
1042 1452 1302 1506 δεσπότου
1324 1453 1523 1524 ψῆφον,
1555 1456 1662 1509 ἀπὸ
1698 1457 1867 1528 μέσης

284 1547 386 1617 τῆς
418 1546 655 1616 πληθύος
687 1546 978 1616 ἀνέκραγε,
1025 1548 1094 1615 γῇ
1135 1545 1202 1599 τά
1239 1545 1466 1616 σώματα
1500 1549 1866 1620 παραδοθῆναι

282 1637 469 1703 ἀξιῶν.
516 1639 574 1689 Ὶ)
617 1638 672 1691 δὲ
715 1639 815 1691 ούκ
851 1636 1158 1708 ἄνθρωπος,
1203 1638 1338 1692 ἀλλὰ
1375 1638 1499 1711 θήρ,
1533 1642 1628 1693 καὶ
1676 1641 1865 1712 θηρίου

283 1730 484 1792 παντὸς
516 1727 869 1800 ἀγριώτερος,
899 1730 1034 1800 μήτε
1061 1729 1162 1798 τῆς
1190 1732 1456 1800 αἰτήσεως
1488 1731 1706 1801 εὔλογον
1730 1735 1865 1786 ἀπο-

1977 551 2140 608 atque
2168 542 2412 596 recessit.

2045 632 2159 688 XII.
2205 632 2308 687 Sed
2361 634 2600 688 nondum
2648 642 2761 687 tota
2817 636 3074 699 tragcedia
3129 647 3349 706 peracta
3403 645 3541 692 erat.

1974 724 2261 790 Quomodo
2295 734 2474 780 autem
2515 735 2735 795 peracta
2777 726 2896 780 est?
2926 725 3215 781 Revocavit
3237 744 3363 783 eum
3386 728 3544 798 juve-

1974 819 2059 872 nis
2092 818 2311 887 quidam
2344 818 2410 872 de
2439 818 2617 872 medio
2655 819 2827 872 turba:
2864 818 3101 873 tribunal
3138 808 3541 875 circumstantis

1974 910 2282 978 prosiliens,
2323 924 2387 963 ex
2422 908 2690 963 famulitio
2723 907 2991 978 Pamphili
3017 928 3030 972 ;
3061 913 3331 966 revocavit
3359 923 3537 966 autem

1972 1017 2104 1056 voce
2126 1016 2341 1070 magna,
2361 1001 2661 1071 deposcens
2682 1017 2910 1072 corpora
2939 1003 3006 1058 ad
3029 1004 3382 1072 sepulturam.
3409 1004 3541 1056 Boa-

1973 1102 2060 1146 tus
2087 1091 2176 1145 hic
2193 1091 2533 1163 Porphyrius
2554 1101 2693 1157 erat,
2717 1093 2984 1164 genuinus
3005 1093 3273 1164 Pamphili
3296 1095 3539 1157 vernula,

1973 1183 2202 1238 necdum
2233 1183 2532 1237 octodecim
2561 1198 2732 1238 annos
2760 1192 2939 1250 natus,
2964 1183 3075 1256 (58)
3100 1185 3370 1239 scribendi
3400 1187 3542 1255 peri-

1972 1273 2239 1336 tissimus,
2272 1288 2487 1328 morum
2517 1288 2580 1327 ac
2615 1274 2892 1342 sapientiae
2923 1275 3080 1328 titulo
3102 1275 3356 1330 omnibus
3378 1291 3543 1330 enco‘

1971 1364 2096 1419 miis
2126 1363 2322 1434 major,
2358 1372 2422 1418 ut
2454 1364 2547 1432 qui
2575 1378 2699 1417 cum
2739 1365 2832 1417 tali
2873 1365 2990 1418 viro
3021 1379 3140 1419 sese
3173 1375 3493 1421 exercuerat
3524 1386 3537 1419 :

1969 1455 2084 1524 qui,
2116 1463 2177 1509 ut
2203 1455 2456 1524 cognovit
2484 1454 2648 1507 latam
2689 1455 2742 1508 in
2786 1455 3069 1508 dominum
3114 1471 3272 1509 suum
3317 1470 3538 1511 senten-

1969 1547 2120 1609 tiam,
2152 1560 2220 1600 ex
2246 1544 2422 1599 media
2462 1544 2618 1597 turba
2655 1542 2981 1607 vociferans,
3016 1545 3191 1598 oravit
3215 1553 3276 1598 ut
3310 1561 3538 1614 corpora

1969 1637 2072 1690 sibi
2104 1636 2334 1706 sepelire
2369 1636 2571 1690 liceret.
2604 1633 2810 1690 Pracses
2841 1651 2989 1696 vero,
3019 1651 3124 1689 non
3154 1647 3409 1706 tanquam
3435 1639 3536 1692 lio-

1967 1742 2077 1790 mo,
2110 1727 2203 1780 sed
2242 1735 2301 1780 ut
2330 1725 2465 1790 fera,
2491 1727 2579 1780 vel
2608 1727 2654 1780 si
2683 1726 2812 1795 quid
2842 1725 2954 1780 fera
2985 1727 3281 1782 immanius
3313 1737 3416 1791 est,
3443 1744 3538 1781 nv-

281 1820 590 1890 δεξάμενος,
623 1820 759 1890 μήτε
785 1817 862 1888 τῷ
893 1818 993 1888 τῆς
1028 1818 1241 1889 ἡλικίας
1273 1820 1575 1891 ἀπονείμας
1602 1821 1706 1892 νέῳ
1732 1839 1860 1889 συγ-

1965 1834 2070 1886 que
2100 1819 2487 1888 postulationis
2522 1818 2830 1884 aequitatem
2864 1819 3189 1888 suscipiens,
3231 1834 3408 1889 neque
3444 1819 3536 1888 ju-

283 1909 530 1981 γνώμην,
585 1909 716 1963 αὐτὸ
775 1909 933 1978 μόνον
991 1909 1068 1971 ὡς
1123 1909 1487 1978 ὁμολογοῦντα
1536 1913 1862 1984 Χριστιανὸν

283 2001 476 2073 ἔμαθε,
511 2001 672 2054 παντὶ
728 2000 905 2054 σθένει
948 2003 1062 2064 τοῖς
1116 2001 1465 2071 βασανισταῖς
1518 2006 1639 2057 κατ’
1697 2005 1860 2058 αὑτοῦ

283 2091 515 2165 χρῆσθαι
557 2093 902 2165 προστάττει.
971 2093 1059 2156 Ὠς
1106 2093 1162 2146 δὲ
1218 2095 1666 2166 ὲπικελευομένου
1714 2096 1861 2150 θύειν

284 2187 532 2240 ἁνένευεν
555 2187 584 2238 ό
610 2185 930 2256 θαυμάσιος,
958 2185 1058 2238 οὐκ
1085 2184 1165 2238 ἔθ’
1191 2183 1278 2240 οἷα
1306 2188 1512 2259 σάρκας
1537 2188 1822 2260 ἀνθρώπου
1843 2227 1859 2252 ,

281 2278 396 2333 ἀλλ’
426 2273 511 2334 οἷα
531 2277 710 2342 λίθους
740 2279 772 2348 ἢ
801 2276 952 2344 ξύλα,
976 2277 1010 2348 ἦ
1033 2295 1086 2331 τι
1116 2277 1224 2332 τῶν
1254 2280 1475 2352 ἀψύχων
1494 2281 1678 2351 ἕτερον
1703 2280 1860 2351 ἄχρις

277 2372 479 2428 ὀστέων
509 2371 686 2425 αὐτῶν
719 2372 813 2425 καὶ
857 2373 998 2426 κατὰ
1029 2371 1225 2443 βάθους
1264 2373 1585 2442 σπλάγχνων
1628 2370 1861 2436 αἱκίζειν

280 2462 463 2518 αὐτὸν.
506 2461 604 2515 καὶ
643 2463 750 2514 πᾶν
781 2461 841 2514 τὸ
876 2461 1034 2532 σῶμα
1072 2462 1418 2527 καταξαίνειν
1453 2461 1855 2516 ἐπικελεύεται·

282 2557 362 2618 εἰς
422 2553 631 2626 μακρὸν
679 2553 736 2606 δὲ
784 2553 973 2606 τούτου
1031 2555 1336 2624 γινομένου,
1377 2554 1551 2625 μάτην
1593 2556 1860 2626 ἐγχειρεῖν

281 2647 493 2714 διέγνω.
542 2645 804 2716 Ἀφώνου,
852 2646 1049 2718 μικροῦ
1091 2646 1200 2699 δεῖν
1231 2646 1325 2700 καί¹
1371 2645 1579 2716 ἀψύχου
1622 2646 1716 2699 τοῦ
1751 2645 1859 2699 σω-

287 2756 453 2809 ματος
483 2738 560 2809 τῷ
588 2739 820 2808 γενναίῳ
863 2738 1098 2810 μάρτυρι
1131 2739 1516 2802 καταστάντος,
1544 2737 1862 2810 παραμένον

279 2830 342 2883 τὺ
367 2830 594 2900 ὰνηλεὲς
633 2831 724 2882 καὶ
751 2830 1114 2904 ἀπάνθρωπον
1141 2849 1306 2900 κεκτη
1318 2831 1478 2900 μένος
1509 2833 1537 2885 ό
1566 2830 1856 2904 δικαστής,

281 2923 485 2996 τριχῶν
520 2922 912 2994 πεπλεγμένοις
941 2924 1224 2994 ὑφάσμασι
1256 2923 1356 2986 τὰς
1385 2923 1708 2998 ἐκδαρείσας
1738 2929 1860 2991 ταῖς

285 3015 540 3085 βασάνοις
567 3013 802 3086 πλευρὰς
821 3014 1015 3086 ψήχειν
1041 3017 1134 3069 καὶ¹
1160 3015 1365 3086 τρίϐειν
1385 3016 1476 3069 ἐπὶ
1506 3016 1667 3070 πλέον
1693 3035 1859 3089 προσ-

281 3107 492 3162 τάττει·
518 3103 619 3160 εἶθ¹
652 3108 838 3183 ὥσπερ
872 3109 1031 3180 κόρον
1063 3107 1240 3162 λαϐὼν
1274 3108 1365 3162 καὶ
1392 3109 1490 3180 τῆς
1525 3109 1723 3179 μανίας
1761 3112 1859 3180 ἐμ-

283 3196 556 3268 φορηθεὶς,
601 3199 794 3271 μακρῷ
828 3200 921 3252 καὶ
954 3197 1214 3269 μαλθακῷ
1255 3198 1390 3271 πυρὶ
1436 3197 1855 3269 παραϐληθῆναι

281 3287 440 3340 αὐτὸν
475 3289 852 3356 ἀποφαίνεται.
888 3285 1053 3352 Οὗτος
1086 3290 1182 3360 μὲν
1205 3285 1298 3343 οὖν
1326 3290 1430 3361 πρὸ
1451 3289 1552 3360 τῆς
1577 3288 1670 3342 τοῦ
1705 3291 1860 3360 Παμο

279 3377 431 3447 φίλου
462 3379 790 3442 τελειώσεως
815 3379 1044 3442 ὕστατος
1074 3382 1166 3433 ἐπὶ
1196 3381 1289 3434 τὸν
1325 3381 1512 3448 ἀγῶνα
1545 3380 1853 3454 παρελθὼν,

275 3472 344 3543 τῇ
379 3470 487 3523 άπὸ
517 3470 610 3523 τοῦ
655 3471 906 3540 σώματος
938 3470 1226 3541 ἀπαλλαγῇ
1271 3470 1362 3524 τὸν
1389 3472 1658 3543 δεσπότην
1691 3475 1854 3544 προέ-

277 3563 462 3619 λαεεν.

347 3658 445 3710 ﬂ".
486 3653 592 3710 Ἤν
624 3657 680 3710 δὲ
712 3655 820 3729 ἄρα
862 3657 950 3710 τὸν
980 3657 1286 3730 Πορφύριον
1321 3655 1544 3726 θεωρεῖν
1594 3655 1855 3724 ἱερονίκου

278 3749 515 3803 διαθέσει
578 3748 874 3820 πάμμαχον
945 3747 1314 3819 νενικηκότος,
1352 3745 1733 3816 κεκονισμένον
1798 3746 1857 3798 τὸ

285 3840 462 3911 σῶμα,
505 3842 727 3914 φαιδρὸν
757 3841 812 3895 δὲ
844 3841 938 3914 τὴν
965 3841 1106 3911 ὄψιν,
1144 3839 1426 3911 θαρσαλέῳ
1451 3857 1510 3891 τε
1551 3839 1855 3909 φρονήματι

282 3930 375 3984 καὶ
426 3931 637 4002 ταύρῳ,
683 3931 781 4003 τὴν
808 3932 900 3984 ἐπὶ
941 3932 1032 3984 τὸν
1077 3929 1304 3982 θάνατον
1350 3926 1666 3998 βαδίζοντα·
1711 3925 1854 3978 θείου

285 4023 597 4094 Πνεύματος
628 4023 704 4089 ὼς
750 4024 964 4096 άληθῶς
1004 4023 1284 4094 ἔμπλεων·
1337 4021 1429 4073 καὶ
1479 4019 1543 4090 δὴ
1588 4018 1856 4086 φιλοσόφῳ

283 4115 518 4185 σχήματι
553 4114 632 4186 τῷ
674 4115 801 4185 περὶ
833 4114 995 4167 αὐτὸν
1025 4111 1330 4181 ἀναΰολαίῳ
1363 4109 1564 4181 τρόπον
1598 4106 1856 4176 ἐξωμίδος

282 4206 673 4277 ἠμφιεσμένος,
708 4206 820 4259 ἄνω
853 4206 1062 4276 βλέπων
1092 4205 1186 4258 καὶ
1221 4203 1395 4256 πάντα
1426 4200 1516 4254 τὸν
1546 4200 1736 4271 θνητὸν
1765 4199 1858 4252 καὶ

283 4297 618 4370 ἀνθρώπινον
644 4296 1000 4370 ὑπερφρονῶν
1027 4295 1159 4365 βίον,
1186 4295 1412 4364 ἀτρεμεῖ
1432 4294 1496 4363 τῇ
1521 4290 1664 4360 ψυχῇ
1694 4289 1858 4360 πρόσ-

282 4405 389 4442 εισι
422 4391 487 4460 τῇ
528 4389 693 4461 πυρᾷ.
730 4388 866 4458 Ἤδη
900 4385 1074 4456 ἐαυτῷ
1120 4387 1220 4456 τῆς
1252 4383 1445 4453 φλογὸς
1499 4379 1854 4450 πελαζούσης,

1964 1912 2202 1966 ventutis
2222 1911 2491 1965 rationem
2522 1910 2686 1963 ullam
2722 1911 2954 1977 habens,
2984 1912 3160 1966 solum
3197 1913 3323 1981 quia
3346 1913 3535 1967 didicit

1963 2003 2359 2057 adolescentem
2407 2017 2465 2057 se
2507 2001 2878 2056 Christianum
2936 2003 3128 2068 fateri,
3183 2004 3537 2076 carnificibus

1962 2094 2218 2164 praecepit
2251 2108 2441 2148 omnes
2483 2092 2538 2146 in
2567 2108 2633 2146 eo
2668 2093 2972 2162 torquendo
3004 2093 3147 2148 vires
3186 2077 3532 2148 contendere.

1961 2187 2098 2241 Cum
2123 2203 2253 2258 ergo
2279 2186 2492 2256 jubenti
2530 2187 2841 2241 sacriﬁcare
2880 2187 3160 2242 abnuisset
3200 2188 3537 2243 admirabilis

1964 2281 2074 2344 ille,
2102 2295 2210 2334 non
2241 2281 2354 2350 jam
2385 2287 2444 2334 ut
2472 2296 2692 2335 carnem
2730 2281 3047 2343 humanam,
3088 2280 3181 2334 sed
3216 2289 3275 2334 ut
3304 2281 3532 2350 lapidem

1963 2382 2058 2426 aut
2089 2373 2294 2443 lignum
2335 2382 2429 2427 aut
2457 2373 2604 2428 aliud
2636 2371 3002 2443 quodcunque
3041 2371 3422 2434 inanimatum,
3451 2390 3537 2425 us-

1963 2481 2069 2535 que
2097 2465 2164 2518 ad
2198 2465 2309 2534 ipsa
2343 2481 2468 2520 ossa
2507 2473 2560 2519 et
2595 2463 2856 2519 interiora
2889 2463 3120 2529 viscera,
3156 2465 3413 2533 praecepit
3458 2476 3536 2535 ty-

1961 2571 2170 2610 rannus
2193 2555 2569 2610 excarnificari
2590 2569 2790 2623 corpus
2821 2552 2940 2622 ejus
2966 2572 2979 2606 :
3001 2568 3108 2623 quo
3139 2554 3344 2608 diutius
3367 2553 3530 2614 facto,

1963 2651 2182 2719 agnovit
2218 2649 2432 2703 tandem
2462 2649 2516 2703 in
2547 2664 2747 2702 vanum
2790 2647 2842 2703 id
2878 2647 2986 2719 agi.
3021 2647 3168 2703 Licet
3195 2659 3373 2702 autem
3408 2650 3534 2703 abs-

1961 2755 2067 2812 que
2091 2755 2223 2795 voce
2252 2749 2306 2794 et
2337 2755 2486 2808 paene
2526 2740 2731 2809 absque
2758 2739 2941 2793 anima
2983 2739 3229 2810 generosi
3279 2741 3532 2812 martyris

1962 2847 2161 2902 corpus
2190 2832 2418 2901 jaceret,
2463 2831 2687 2885 immitis
2722 2841 2903 2886 tamen
2937 2839 3101 2901 atque
3133 2830 3332 2886 efferus
3365 2832 3529 2901 judcx

1958 2925 2124 2995 jussit
2149 2925 2414 2980 laceratas
2439 2923 2557 2994 ejus
2579 2938 2772 2976 carnes
2798 2937 2860 2977 ac
2884 2921 3051 2976 latera
3078 2923 3307 2978 setaceis
3338 2928 3533 2991 pannis

1961 3017 2253 3072 confricari
2278 3025 2441 3086 atque
2466 3015 2636 3070 deteri
2665 3015 2774 3085 (59)
2798 3033 2813 3081 ;
2851 3014 3176 3085 tandemque
3206 3015 3354 3070 velut
3377 3031 3534 3069 exsa-

1886 3141 1927 3198 C
1964 3115 2248 3162 turaturus
2296 3105 2576 3170 furorem,
2626 3105 2775 3160 lento
2819 3119 2883 3159 ac
2927 3104 3142 3174 longius
3187 3104 3365 3174 posito
3409 3104 3530 3174 igne

1963 3209 2252 3271 martyrem
2286 3197 2533 3252 consumi
2559 3196 2833 3266 praecepit.
2867 3193 2944 3248 Ita
2977 3195 3086 3255 ille,
3119 3205 3243 3250 ante
3269 3211 3530 3251 consum-

1959 3292 2253 3347 mationem
2285 3290 2576 3358 Pamphili,
2605 3289 2831 3342 ultimus
2853 3302 3172 3357 progressus
3192 3288 3258 3342 ad
3279 3304 3527 3358 agonem,

1959 3386 2239 3440 dominum
2275 3399 2434 3438 suum
2463 3384 2732 3453 praevertit
2759 3381 3104 3437 abdicatione
3127 3397 3410 3451 corporea.

2027 3646 2166 3700 Xlll.
2211 3645 2338 3698 Erat
2370 3650 2551 3698 autem
2579 3642 2760 3698 videre
2790 3642 3152 3714 Porphyrium
3187 3644 3360 3698 instar
3388 3646 3530 3701 sacri

1958 3737 2174 3791 athleta).
2225 3734 2467 3789 universi
2524 3733 2840 3787 certaminis
2889 3734 3149 3787 victorem
3209 3735 3530 3801 gloriosum,

1957 3828 2250 3884 dissectum
2270 3840 2518 3894 corpore,
2539 3824 2633 3880 sed
2666 3823 2804 3879 facie
2829 3823 3192 3894 splendidum,
3223 3825 3450 3893 laetaque
3476 3839 3530 3879 et

1958 3918 2224 3988 intrepida
2247 3925 2425 3970 mente
2446 3915 2514 3969 ad
2545 3919 2772 3968 mortem
2793 3914 3118 3984 procedere;
3141 3915 3329 3982 utique
3348 3917 3530 3968 (ΙινῙιιο

1958 4011 2175 4081 plenum
2209 4007 2444 4078 Spiritu;
2476 4017 2529 4062 et
2557 4007 2775 4076 quidem
2813 4016 3069 4075 tanquam
3100 4005 3154 4059 in
3194 4006 3378 4059 habitu
3409 4007 3528 4076 phi-

1957 4102 2264 4171 lOSOphico,
2287 4101 2460 4156 solum
2489 4099 2746 4168 injectum
2776 4097 2877 4151 sibi
2910 4097 3354 4160 instrumentum,
3373 4100 3529 4168 quasi

1958 4195 2181 4263 pallium
2233 4204 2470 4264 gestans,
2537 4191 2953 4260 despiciensque
2996 4191 3217 4255 omnia,
3275 4202 3328 4246 et
3388 4207 3531 4245 inor-

1959 4287 2121 4342 talem
2176 4296 2338 4355 atque
2393 4286 2689 4339 humanam
2744 4283 2886 4336 hanc
2938 4283 3104 4336 vitam
3149 4293 3525 4344 contemnens.

1959 4379 2163 4446 absque
2194 4377 2302 4430 ulla
2334 4377 2530 4432 mentis
2561 4375 2851 4430 formidine
2877 4375 2942 4428 ad
2971 4389 3161 4444 rogum
3186 4375 3504 4444 procedebat

282 4480 357 4544 ὡς
386 4480 452 4535 ἂν
484 4481 541 4534 δὲ
575 4479 798 4552 μηδενὸς
831 4479 979 4550 αὑτῷ
1017 4477 1280 4548 παρόντος
1309 4471 1576 4546 λυπηροῦ,
1603 4471 1859 4541 ἀταράχῳ

1963 4473 2097 4528 Cum
2131 4486 2258 4525 vero
2286 4469 2350 4523 ad
2385 4470 2560 4539 ipsum
2589 4468 2700 4538 jam
2737 4468 3124 4537 propinquaret
3147 4467 3386 4532 ﬂamma,
3407 4474 3530 4521 tan-

280 4574 378 4628 καὶ
405 4575 623 4645 νήφοντι
668 4570 911 4644 λογισμῷ
951 4571 1079 4642 περὶ
1110 4569 1218 4622 τῶν
1255 4569 1470 4621 οἰκείων
1513 4568 1626 4628 τοῖς
1657 4564 1856 4636 γνωρί-

285 4683 409 4740 μοις
440 4669 468 4720 ὁ
500 4669 650 4740 ἥρως
707 4667 1040 4728 διετάττετο,
1077 4667 1156 4727 εἰς
1200 4663 1277 4715 Ξτι
1304 4661 1425 4714 τότε
1465 4659 1526 4712 τὸ
1567 4658 1855 4730 πρόσωπον

281 4759 507 4831 φαιδρὸν
535 4758 629 4811 καὶ
653 4756 1071 4828 ἀπαράλλακτον
1096 4751 1488 4822 διαφυλάττων.
1544 4749 1632 4810 Ὠς
1656 4747 1712 4800 δὲ
1742 4749 1854 4809 τοῖς

279 4851 576 4923 γνωρίμοις
615 4849 898 4922 αὐτάρκως
928 4845 1271 4908 συνετάξατο,
1302 4843 1438 4914 πρὸς
1463 4840 1554 4892 τὸν
1588 4838 1720 4891 Θεὸν
1751 4836 1851 4907 ήδη

279 4943 468 4997 λοιπὸν
512 4941 801 5010 ἠπείγετο·
833 4940 930 5011 τῆς
966 4939 1032 5008 γέ
1061 4955 1143 4992 τοι
1173 4935 1351 5007 πυρᾶς
1382 4933 1440 4999 ἐξ
1472 4933 1854 5001 ἀποστήματος

281 5033 468 5104 κύκλῳ
497 5033 622 5104 περὶ
649 5033 808 5085 αὑτὸν
839 5031 1129 5102 ἁφθείσης,
1159 5026 1366 5081 ἐνθένδε
1391 5023 1644 5078 κάκεῖθεν
1677 5022 1853 5091 ὑφήρ-

281 5125 424 5190 παζε
455 5123 530 5194 τῷ
563 5123 790 5194 στόματι
822 5123 919 5195 τὴν
951 5123 1144 5193 φλόγα,
1171 5119 1520 5190 ἐπισπέρχων
1545 5115 1707 5178 αὐτὸς
1729 5116 1855 5166 ἑαυ-

282 5219 374 5272 τὸν
407 5216 498 5269 ἐπὶ
522 5215 619 5286 τήν
649 5215 1015 5287 προκειμένην
1046 5211 1269 5282 πορείαν
1293 5228 1308 5242 ·
1345 5209 1439 5263 καὶ
1464 5206 1621 5262 τοῦτο
1652 5205 1857 5276 ἔπρατ-

284 5327 398 5372 τεν,
427 5308 580 5362 οὐδὲν
611 5307 797 5378 ἕτερον
823 5308 858 5378 ἢ
898 5303 1102 5375 Ἰησοῦν
1125 5300 1575 5372 ἀνακαλούμενος.

359 5404 454 5456 1Δ’.
509 5399 759 5462 Τοιοῦτος
781 5399 876 5452 καὶ
916 5395 1225 5469 Πορφυρίου
1272 5390 1466 5456 ἆθλος·
1513 5391 1612 5461 τῆς
1640 5389 1696 5442 δὲ
1741 5388 1861 5442 κατ’

286 5494 448 5548 αὑτὸν
484 5490 814 5554 τελειώσεως
862 5488 1090 5558 ἄγγελος
1128 5485 1208 5557 τῷ
1260 5481 1529 5555 Παμφίλῳ
1569 5481 1860 5548 γενόμενος

286 5586 579 5648 Σέλευκος,
630 5580 721 5636 τοῦ
771 5582 867 5635 σὺν
919 5578 1100 5643 αὐτοῖς
1152 5573 1498 5642 καταξιοῦται
1549 5567 1860 5642 παραυτίκα

363 5705 474 5771 (58)
518 5702 758 5769 Utraque
778 5701 893 5756 haec
913 5690 1560 5771 commendatiodeest'in
1591 5686 1850 5771 Historia.

1959 4579 2122 4635 quam
2155 4564 2201 4619 si
2236 4565 2370 4617 nihil
2408 4562 2675 4617 molestia:
2714 4569 2990 4630 pateretur
3018 4560 3101 4614 vir
3129 4559 3216 4613 ille
3245 4567 3525 4616 strenuus.

1963 4659 2291 4711 inconcusso
2331 4664 2493 4723 atque
2534 4653 2820 4708 constanti-
2853 4667 3039 4715 sensu,
3083 4667 3205 4722 quae
3239 4666 3337 4704 sua
3375 4659 3530 4704 erant

1959 4749 2173 4820 legabat
2204 4746 2584 4807 familiaribus,
2613 4760 2788 4813 usque
2818 4744 2870 4798 in
2907 4744 3036 4797 illud
3069 4755 3282 4812 tempus
3306 4757 3529 4796 servans

1961 4843 2073 4898 oris
2099 4840 2442 4896 serenitatem
2476 4837 2841 4890 immutatam.
2870 4833 2941 4889 Ut
2969 4849 3096 4888 vero
3125 4833 3270 4888 notis
3295 4832 3409 4884 suis
3432 4846 3529 4899 pro

1961 4931 2114 4985 libitu
2160 4926 2429 4992 valefecit,
2474 4935 2621 4980 totus
2661 4925 2728 4980 ad
2776 4924 2945 4978 Deum
2987 4936 3284 4979 conversus
3325 4931 3436 4986 est;
3477 4930 3531 4972 ct

1963 5022 2088 5092 quia
2121 5035 2288 5088 rogus
2318 5018 2386 5072 ad
2414 5017 2758 5071 intervallum
2791 5015 3210 5085 circumpositus
3232 5022 3370 5074 erat,
3403 5013 3531 5065 hinc

1962 5109 2088 5165 inde
2123 5109 2372 5178 captabat
2401 5122 2497 5162 ore
2531 5106 2799 5171 flammas,
2829 5105 2982 5175 quasi
3009 5120 3066 5160 se
3086 5106 3268 5174 ipsum
3298 5103 3530 5157 incitans

1963 5195 2031 5249 ad
2059 5194 2394 5264 propositam
2420 5194 2525 5250 sibi
2554 5195 2696 5248 viam
2721 5212 2737 5256 ;
2764 5195 2867 5248 hoc
2894 5203 3071 5249 autem
3102 5190 3354 5257 faciebat,
3382 5190 3526 5244 aliud

1961 5287 2097 5341 nihil
2126 5301 2290 5356 quam
2323 5283 2508 5342 Jesum
2543 5288 2866 5343 inclamans.

2035 5377 2174 5432 XIV.
2218 5377 2348 5433 Tale
2400 5376 2504 5432 fuit
2552 5388 2821 5433 certamen
2881 5372 3165 5446 Porphyrii
3207 5391 3222 5428 :
3264 5375 3356 5446 qui
3402 5391 3530 5427 Vero

1962 5473 2133 5542 ipsius
2173 5480 2403 5526 mortem
2448 5469 2731 5540 Pamphilo
2768 5469 3037 5522 nuntiavit
3076 5465 3356 5532 Seleucus,
3385 5469 3533 5534 ejus-

1963 5566 2084 5620 dem
2125 5581 2248 5620 cum
2299 5565 2417 5633 ipso
2465 5561 2642 5619 factus
2697 5561 2841 5617 illico
2894 5570 2978 5616 est
3030 5561 3196 5616 sortis
3239 5562 3526 5632 particvps.

510 5752 1215 5842 llocﬂquoquetormentum
1240 5764 1424 5820 eadem
1456 5759 1700 5814 Historia
1725 5752 2108 5828 praetermittit.

601 5872 874 5931 Ριτῐιοι..
908 5868 1026 5928 GR.
1048 5865 1132 5925 Xo

3073 5835 3150 5894 1:9
