3998 7026
492 353 497 380 ε
538 285 674 348 £547

1747 293 1803 347 S.
1846 293 2162 351 PAMPilILl
2207 297 2563 354 MARTYRIS

3629 306 3748 360 1538

491 383 496 404 ἶ
535 416 746 472 Etenim
766 414 941 486 ipsum
962 410 1245 484 Porphyrii
1270 412 1428 468 tinem
1452 413 1733 483 Pamphilo
1753 417 2087 472 nuntiantem

2195 419 2416 490 κλήρου.
2459 420 2664 474 Αὐτίκα
2695 421 2746 488 γ’
2775 415 2865 474 οὖν
2899 421 3278 490 διαγγείλαντα
3311 422 3473 475 αὐτὸν
3510 421 3591 492 τῷ
3621 423 3753 491 Παμ-

531 509 696 566 aimul
727 518 781 565 et
817 517 1116 580 martyrum
1151 517 1422 563 catervam
1459 510 1816 577 osculantem,
1851 527 2096 581 compre-

533 604 837 658 henderunt
874 601 1093 663 milites,
1138 609 1300 670 atque
1332 602 1396 655 ad
1441 603 1819 671 proconsulem
1859 604 2096 659 adduxe-

532 704 660 753 runt
677 695 818 765 :qui,
833 695 988 765 quasi
1009 709 1170 749 morm
1199 694 1484 764 impatiens
1502 693 1674 749 donec
1691 695 1778 748 ille
1794 696 1953 750 simul
1970 711 2094 751 cum

533 790 865 860 praecedente
893 787 1194 858 Porphyrio
1242 787 1369 842 hinc
1413 788 1687 858 migraret,
1723 788 1885 857 jussit
1919 789 2093 859 ipsum

531 883 748 954 capitali
769 881 1032 937 sententia
1063 879 1241 948 plecti.
1266 878 1495 934 Venerat
1517 879 1606 933 hic
1635 895 1697 933 ex
1727 878 2091 950 Cappadocia,

532 976 984 1044 vehementerque
997 973 1327 1026 inclaruerot
1344 971 1667 1025 militaribus
1679 971 2092 1040 exercitiisﬂO),

530 1079 584 1119 ct
610 1081 716 1120 non
745 1064 1088 1119 mediocriter
1113 1063 1252 1132 apud
1272 1061 1545 1116 Romanos
1566 1072 1846 1132 promotus
1879 1061 2052 1116 fuerat
2075 1080 2090 1126 ;

529 1159 825 1228 quinetiam
865 1166 1018 1212 actate
1051 1165 1104 1210 et
1140 1156 1383 1225 corporis
1419 1155 1612 1209 robore
1637 1154 1942 1224 viriumque
1974 1169 2092 1208 ma-

528 1252 807 1322 gnitudine
846 1260 899 1304 et
939 1250 1136 1304 virtute
1164 1249 1454 1319 plerosque
1487 1247 1771 1302 hominum
1804 1247 2091 1302 antecede-

527 1344 647 1409 bat;
684 1359 808 1397 nam
832 1343 983 1396 vultu
1015 1342 1130 1411 ipso
1164 1341 1454 1395 admodum
1483 1339 1790 1408 spectabilis
1820 1355 1929 1408 przc
1957 1355 2092 1394 cun-

529 1437 654 1501 ctis,
686 1435 919 1506 speciem
953 1433 1274 1504 praeferebat
1301 1433 1662 1502 undequaque
1691 1431 2090 1502 dignissimam,

526 1527 717 1584 formze
743 1526 954 1582 eximiae
978 1526 1170 1596 gratia.
1206 1525 1404 1580 Fuerat
1434 1535 1613 1579 autem
1649 1525 1807 1578 initio
1835 1538 2091 1593 persecu-

528 1622 692 1676 tionis
716 1630 931 1690 pr0pter
965 1619 1086 1672 ﬁdei
1123 1618 1514 1675 confessionem
1549 1617 1881 1672 certantibus
1913 1631 2089 1670 annu-

525 1726 770 1770 meratus
811 1729 906 1784 per
943 1712 1278 1768 tolerantiam
1323 1712 1642 1779 verberum;
1701 1710 1796 1767 sed
1842 1709 2088 1764 abdicata

2200 512 2338 583 φίλῳ
2361 512 2421 565 τὸ
2448 512 2540 566 τοῦ
2570 513 2874 583 Πορφυρίου
2909 513 3075 577 τέλος,
3108 514 3202 566 καὶ
3226 513 3332 566 τῶν
3361 512 3651 584 μαρτύρων
3674 511 3753 570 τιν

2197 603 2368 674 δῆμον
2419 604 2478 655 ἐν
2531 603 2795 674 φιλήματι
2854 604 3255 673 ἀσπασάμενον,
3316 603 3665 666 συλλαὸόντες
3709 609 3754 658 οί

2200 695 2526 766 στρατιῶται
2594 696 2818 764 ἄγουσιν
2881 697 2973 749 ἐπὶ
3036 696 3124 749 τὸν
3178 695 3500 766 ἡγούμενον.
3565 697 3622 750 '0
3671 697 3750 759 δὲ,

2196 785 2381 861 ὥσπερ
2415 787 2754 841 ἐπισπεύδων
2798 787 2880 858 τῷ
2922 786 3168 860 προτέρῳ
3199 787 3359 840 αὑτὸν
3395 788 3754 857 συναπόδημον

2195 878 2465 944 γενέσθαι,
2497 879 2704 949 κεφαλῇ
2736 878 3062 949 κολασθῆναι
3089 879 3428 950 προστάττει.
3469 880 3583 950 Τῆς
3613 882 3754 933 Καπ-

2195 969 2444 1023 παδοκῶν
2476 963 2630 1034 οὗτος
2658 970 2883 1041 ὡρμᾶτο
2918 971 3049 1040 τῆς·
3079 969 3435 1043 λαμπρότατα
3476 973 3536 1025 δὲ
3574 973 3676 1026 τῶν
3702 976 3750 1026 ὲν

2196 1061 2504 1131 στρατείαις
2535 1063 2918 1133 εὐδοκιμήσας,
2947 1062 3056 1115 τῶν
3089 1065 3147 1116 ἐν
3195 1064 3533 1134 Ῥωμαϊκαῖς
3572 1081 3754 1134 προκο-

2194 1155 2324 1215 παῖς
2360 1153 2422 1205 οὐ
2452 1157 2652 1226 μικρᾶς
2678 1155 3002 1226 ἐπείληπται
3029 1153 3216 1219 ἀξίας·
3259 1156 3319 1208 οὐ
3358 1155 3466 1226 μὴν
3517 1158 3650 1210 ἀλλά
3673 1160 3754 1209 καὶ

2192 1245 2328 1315 αὐτῇ
2384 1245 2568 1318 ἡλικίᾳ
2619 1247 2713 1300 καὶ
2761 1247 2919 1321 ῥώμῃ
2967 1247 3236 1318 σώματος,
3290 1248 3514 1318 μεγέθει
3570 1266 3628 1302 τε
3672 1255 3753 1304 καὶ

2195 1337 2395 1408 ἰσχύος,
2420 1339 2584 1411 ἀρετῇ
2613 1340 2860 1393 πλεῖστον
2902 1342 3023 1393 ὅσον
3049 1342 3174 1404 τοὺς
3201 1341 3420 1404 λοιποὺς
3449 1342 3756 1414 ἀνθρώπως

2194 1429 2560 1496 ἐπλεονέκτει,
2594 1432 2688 1486 καὶ
2714 1432 2814 1504 τὴν
2845 1432 3107 1503 πρόσοψιν
3127 1433 3183 1485 δὲ
3219 1433 3384 1503 αὐτὴν
3406 1435 3755 1504 περίϐλεπτος

2187 1514 2256 1590 ἦν
2279 1524 2390 1584 τοῖς
2417 1524 2570 1588 πᾶσι,
2588 1579 2590 1582 ,
2610 1524 2666 1578 τό
2694 1542 2751 1577 τε
2801 1526 2909 1578 πᾶν
2936 1519 3072 1587 εἶδος
3111 1523 3460 1592 ἀξιάγαστος,
3503 1527 3753 1595 μεγέθους

2190 1609 2351 1664 ἕνεκα
2379 1615 2470 1666 καὶ
2500 1615 2818 1686 εὐμορφίας·
2855 1615 3133 1686 καταρχὰς
3158 1616 3255 1686 μὲν
3286 1613 3380 1670 οὖν
3406 1617 3650 1688 διωγμοῦ
3680 1619 3756 1672 διὰ

2197 1703 2474 1772 μαστίγων
2502 1705 2794 1776 ὑπομονῆς,
2823 1709 2934 1770 τοῖς
2960 1706 3099 1760 κατά
3123 1705 3219 1778 τὴν
3249 1707 3540 1778 ὁμολογίαν
3564 1709 3758 1781 διέπρε·

526 1809 716 1863 militia
743 1808 1026 1863 aamulator
1048 1806 1224 1860 factus
1246 1820 1431 1860 eorum
1457 1804 1551 1873 qui
1574 1804 1638 1858 ad
1662 1803 1913 1872 pietatem
1943 1816 2087 1856 exer-

2190 1793 2288 1863 ψεν
2322 1795 2526 1864 ἀγῶσι·
2565 1797 2703 1868 μετὰ
2739 1798 2795 1851 δὲ
2821 1797 2917 1869 τὴν
2957 1798 3056 1868 τῆς
3088 1799 3376 1870 στρατείας
3406 1801 3754 1872 ἀπαλλαγὴν,

525 1911 737 1963 cantur,
784 1899 986 1954 Christi
1032 1912 1347 1967 germanum
1389 1896 1614 1950 militem
1655 1910 1775 1950 sese
1813 1894 2085 1964 probavit;

525 1991 784 2064 orphanis
812 1990 1072 2046 desolatis
1101 2005 1166 2043 ac
1207 1988 1384 2043 viduis
1423 1997 1724 2057 protectore
1755 1988 2086 2052 carentibus,

523 2083 885 2152 omnibusque
903 2096 1025 2135 cum
1048 2079 1273 2148 penuria
1302 2087 1354 2133 et
1379 2078 1749 2132 imbecillitate
1775 2078 2089 2132 conflictan-

524 2177 689 2240 tibus,
730 2173 979 2244 provisor
1017 2170 1214 2235 factus,
1253 2171 1424 2241 patris
1469 2178 1564 2225 aut
1601 2172 1869 2226 curatoris
1900 2171 1967 2224 ad
2001 2172 2087 2224 in-

525 2281 660 2333 star,
695 2278 1126 2336 cunctorumque
1166 2265 1570 2334 desperatorum
1611 2264 1888 2318 laboribus
1928 2273 2088 2334 atque

523 2361 783 2418 aerumnis
821 2360 1084 2414 medelam
1123 2357 1347 2412 ferens:
1381 2366 1708 2426 quapropter
1747 2372 1777 2410 a
1822 2355 1952 2419 Deo,
1994 2355 2086 2424 qui

523 2455 723 2509 talibus
745 2452 918 2523 magis
947 2466 1109 2521 quam
1135 2449 1479 2504 victimarum
1511 2449 1698 2502 nidore
1729 2463 1794 2502 ac
1822 2447 2086 2516 sanguine

519 2548 856 2609 delectatur,
912 2541 1209 2613 martyriali
1259 2541 1406 2596 exitu
1465 2540 1662 2608 dignus
1711 2547 1795 2594 est
1843 2539 2082 2594 habitus.

518 2633 692 2689 Porro
729 2633 974 2688 decimus
1005 2630 1093 2685 hic
1119 2629 1338 2695 athleta,
1367 2645 1472 2683 una
1496 2629 1794 2699 eademque
1823 2643 2085 2683 consum-

521 2727 690 2781 mavit
715 2741 940 2796 agonem
975 2739 1133 2778 suum
1158 2723 1281 2787 die;
1318 2729 1574 2791 atque,ut
1600 2736 1699 2790 par
1729 2730 1812 2775 est
1845 2719 2085 2787 credere,

521 2821 786 2892 martyrio
821 2834 921 2875 suo
949 2817 1341 2888 amplissimam
1371 2816 1492 2870 caeli
1529 2825 1740 2884 portam
1775 2832 1897 2870 cum
1933 2829 2084 2868 rese-

520 2921 717 2978 rasset,
753 2912 916 2968 simul
947 2920 1001 2965 et
1035 2908 1322 2978 Pamphilo
1349 2908 1451 2978 ipsi
1480 2908 1752 2978 spatiosus
1781 2908 1844 2960 ad
1878 2905 1972 2961 Dei
1999 2921 2084 2960 re-

521 3021 688 3071 gnum
718 3004 1024 3075 patefactus
1046 3011 1127 3058 cst
1153 3001 1453 3072 ingressus.

589 3241 708 3298 XV.
751 3240 961 3296 Seleuci
989 3254 1118 3295 vero
1142 3237 1367 3310 vestigia
1395 3247 1616 3293 secutus
1641 3249 1724 3295 est
1747 3238 2082 3310 Theodulus,

520 3339 643 3406 pius
677 3350 740 3391 ac
771 3333 1095 3389 venerabilis
1138 3347 1324 3394 senex,
1368 3331 1421 3385 in
1465 3333 1838 3400 proconsulari
1879 3332 2085 3389 familia

519 3429 695 3498 primo
723 3426 930 3480 honore
954 3425 1227 3491 dignatus,
1262 3432 1371 3476 tum
1397 3437 1610 3477 morum
1641 3423 1921 3493 aetatisque
1949 3440 2086 3495 pra:-

521 3520 800 3589 rogativa,
859 3527 974 3572 tum
1035 3517 1266 3572 filiorum
1332 3516 1492 3570 trium
1551 3517 2084 3587 (ll)generatione,

521 3611 758 3666 maxime
808 3625 939 3665 vero
994 3609 1084 3678 pio
1131 3606 1323 3662 affectu
1381 3623 1506 3678 erga
1558 3609 1866 3678 principes,
1911 3610 2087 3682 incly-

521 3712 647 3756 tus:
678 3701 772 3771 qui
803 3700 988 3755 eadem
1018 3713 1082 3752 ac
1109 3697 1368 3754 Seleucus
1399 3697 1671 3763 factitans,
1705 3707 1758 3753 ct
1788 3711 2083 3772 martyrum

522 3795 734 3865 aliquos
775 3792 963 3849 osculo
1014 3787 1370 3858 devenerans,
1421 3791 1641 3845 domino
1681 3807 1781 3847 suo
1825 3793 2089 3848 adductus

521 3886 645 3953 fuit,
695 3900 930 3955 eumque
975 3885 1042 3937 ad
1091 3883 1349 3952 majorem
1396 3897 1559 3953 quam
1606 3883 1697 3936 alii
1751 3883 2084 3939 iracundiam

519 3977 823 4044 concitans,
869 3978 1038 4046 ipsam
1090 3975 1342 4030 salutaris
1383 3973 1742 4030 confessionis
1778 3977 2086 4045 passionem

463 4113 469 4120 .
523 4071 735 4139 excepit
767 4068 916 4124 cruci
951 4066 1207 4122 traditus.
1739 4071 1743 4076 ‘

595 4249 731 4306 XVI.
777 4249 890 4304 Sub
931 4251 1065 4314 haec,
1113 4265 1236 4304 cum
1285 4249 1583 4304 etiamnum
1627 4249 1882 4305 deficeret
1920 4265 2082 4315 unus,

525 4339 697 4395 adfuit
733 4341 826 4409 qui
866 4339 1258 4394 duodenarium
1298 4356 1586 4394 numerum
1632 4341 1877 4410 impleret
1917 4339 2087 4395 Julia-

523 4449 627 4489 nus
655 4453 667 4488 :
696 4433 787 4502 qni
813 4448 874 4488 ea
900 4433 1013 4502 ipsa
1040 4432 1171 4486 hora
1198 4447 1418 4503 peregre
1445 4433 1758 4497 adveniens,
1787 4444 1840 4488 et
1867 4435 2086 4490 vixdum

524 4528 805 4595 ingressus
857 4525 1154 4588 civitatem,
1208 4539 1331 4580 cum
1381 4525 1734 4580 intellexisset
1772 4542 1892 4596 qua}
1931 4538 2087 4581 erant

521 4627 662 4682 acta,
698 4624 752 4672 et
783 4618 851 4672 ad
879 4627 1178 4688 martyrum
1215 4627 1562 4686 conspectum
1591 4617 1900 4674 festinasset
1930 4636 2085 4675 acce-

521 4711 683 4776 dere;
724 4709 817 4764 ubi
857 4725 1045 4764 eorum
1081 4725 1308 4779 corpora
1340 4710 1489 4764 humi
1525 4711 1762 4778 jacentia
1798 4713 1947 4778 vidit,
1979 4713 2087 4767 cir-

520 4798 808 4854 cumfusus
843 4799 1091 4870 singulis,
1121 4814 1308 4853 omnes
1336 4807 1419 4853 est
1446 4801 1742 4856 osculatus.
1777 4800 1889 4855 Hoc
1921 4820 2084 4874 agen-

520 4900 630 4945 tem
672 4890 1201 4959 comprehenderunt
1249 4888 1480 4942 ministri
1521 4889 1770 4955 caedium,
1803 4900 1964 4959 atque
1989 4892 2085 4946 ad-

521 4982 792 5034 duxerunt
812 4980 1027 5048 praesidi
1044 4999 1055 5032 :
1075 4980 1164 5048 qui
1183 4992 1418 5048 congrua
1444 4980 1721 5047 proposito
1740 4996 1839 5033 suo
1861 4959 2090 5045 faciens;

521 5072 685 5125 etiam
719 5071 866 5125 hunc
893 5071 1038 5125 lento
1077 5071 1186 5140 igni
1225 5071 1461 5125 tradidit.
1503 5071 1579 5126 lta
1621 5075 1784 5127 etiam
1811 5072 2082 5140 Julianus,

523 5163 754 5232 gestiens
795 5171 958 5231 atque
996 5161 1177 5215 laetitia
1217 5163 1517 5228 exsultans,
1569 5171 1623 5218 et
1665 5163 1776 5217 Deo
1821 5166 1985 5219 tantis
2027 5181 2086 5220 se

521 5254 682 5310 bonis
715 5254 934 5326 dignato
964 5269 1157 5324 magna
1187 5269 1319 5309 voce
1351 5255 1552 5324 gratias
1576 5271 1764 5326 agens,
1803 5266 2086 5327 susceptus

520 5355 606 5402 est
631 5346 768 5401 inter
794 5346 990 5401 choros
1013 5355 1334 5416 martyrum.
1353 5345 1479 5401 Erat
1505 5357 1685 5403 autem
1712 5348 1839 5403 huic
1868 5365 2086 5420 quoque

596 5521 706 5597 (ιο)
745 5521 944 5597 Ibidem
979 5521 1215 5597 legitur;
1247 5523 1358 5597 Τῆς
1390 5526 1453 5597 ἐκ
1481 5525 1765 5597 στρατείας
1800 5526 2083 5580 ἐπιλέκτου

524 5591 792 5664 νεαλείαις3
825 5593 882 5664 in
907 5592 1107 5664 delecta
1146 5591 1215 5644 ad
1246 5591 1492 5648 militiam
1509 5591 1799 5664 jiwentute.

597 5661 706 5730 (41)
746 5661 934 5737 Trium
978 5661 1214 5737 filiorum
1252 5661 1749 5734 patribus'prmmia
1788 5667 1932 5737 apud
1978 5666 2086 5720 Ro-

526 5747 718 5789 manos
747 5731 917 5789 fuisse
945 5731 1458 5804 proposita,’notius
1483 5731 1567 5792 est
1596 5752 1760 5808 quam
1783 5731 1842 5792 ui
1865 5739 1951 5794 hic
1973 5753 2086 5793 mo-

2190 1887 2431 1959 ζηλωτὴν
2455 1888 2614 1952 αὐτὸς
2639 1890 2828 1944 ἑαυτὸν
2856 1892 3200 1962 καταστήσας
3227 1892 3334 1945 τῶν
3357 1893 3460 1963 τῆς
3489 1893 3756 1958 εύσεεείας

2187 1979 2458 2050 ἀσκητῶν,
2487 1981 2721 2051 Χριστοῦ
2750 1982 2968 2053 γνήσιος
2997 1983 3334 2055 στρατιώτης
3357 1985 3752 2038 ἀποδέδεικται·

2188 2070 2459 2142 ὀρφανῶν,
2502 2072 2725 2142 ἐρήμων
2759 2074 2852 2126 καὶ
2891 2074 3073 2145 χηρῶν
3120 2075 3517 2146 ἀποριστάτων,
3551 2078 3660 2132 τῶν
3695 2095 3754 2133 τε

2189 2161 2245 2212 ὲν
2275 2160 2431 2231 πενίᾳ
2479 2161 2572 2213 καὶ
2620 2160 2875 2233 ἀσθενείᾳ
2916 2164 3431 2234 καταπονουμένων,
3469 2166 3754 2230 ὲπίσκοπός

2189 2269 2270 2315 τις
2320 2246 2407 2304 οἷα
2458 2251 2551 2304 καὶ
2594 2253 2920 2324 φροντιστὴς
2957 2253 3423 2324 ἐπιμελούμενος·
3471 2257 3673 2329 πατρός
3699 2275 3752 2312 τε

2188 2344 2282 2396 καὶ
2337 2343 2628 2414 κηδεμόνος
2682 2344 2836 2414 δίκην
2880 2344 2986 2397 τῶν
3039 2347 3470 2418 ἀπερριμμένων
3515 2352 3749 2405 ἁπάντων

2187 2436 2309 2499 τοὺς
2363 2435 2575 2499 πόνους,
2626 2436 2720 2489 καὶ
2771 2435 2868 2500 τὰς
2922 2438 3292 2502 κακοπαθείας
3344 2440 3744 2512 ἀνακτώμενος·

2187 2527 2306 2580 ὅθεν
2338 2528 2580 2594 εἰκότως,
2604 2529 2738 2600 πρὸς
2760 2532 2872 2593 τοῖς
2899 2530 3156 2592 τοιούτοις
3177 2531 3240 2602 δὴ
3266 2533 3444 2603 χαίρει
3468 2533 3601 2598 Θεὸς
3626 2536 3749 2605 μᾶλ-

2186 2616 2275 2671 λον
2303 2616 2336 2688 ἢ
2366 2620 2484 2681 ταῖς
2512 2617 2597 2671 διὰ
2625 2619 2828 2672 καπνοῦ
2856 2621 2949 2672 καὶ
2977 2621 3206 2692 αἵματος
3231 2623 3469 2688 θυσίαις,
3493 2628 3590 2696 τῆς
3619 2630 3748 2682 κατὰ

2185 2707 2246 2760 τὸ
2301 2709 2595 2782 μαρτύριον
2653 2709 2857 2782 ἠξιώθη
2912 2711 3257 2778 τελειώσεως.
3309 2716 3547 2781 Δέκατος
3605 2713 3750 2784 οὗτος

2187 2798 2422 2872 ἀθλητὴς
2460 2803 2554 2854 σὺν
2582 2805 2692 2866 τοῖς
2719 2805 3048 2874 εἰρημένοις,
3081 2809 3178 2878 μιᾷ
3209 2809 3302 2861 καὶ
3340 2813 3403 2879 τῇ
3447 2812 3579 2882 αὐτῇ
3613 2830 3752 2866 τετε-

2187 2890 2378 2945 λείωτο
2406 2893 2608 2965 ἡμέρᾳ,
2642 2893 2760 2947 καθ’
2800 2895 2865 2966 ἢν
2901 2895 2976 2960 ὡς
3011 2898 3152 2950 ἔοικε
3197 2900 3466 2971 μεγίστης
3502 2903 3579 2974 τῷ
3607 2905 3753 2975 Παμ-

2188 2981 2342 3052 φίλου
2379 2985 2660 3055 μαρτυρίῳ
2689 2984 2861 3056 πύλης
2886 2987 3127 3059 οὐρανῶν
3149 2989 3558 3062 διανοιχθείσης,
3595 2995 3754 3064 εύμαυ

2191 3075 2280 3146 ρὲς
2322 3076 2416 3146 ἅμ’
2445 3075 2589 3146 αύτῷ
2621 3079 2713 3130 καὶ
2740 3078 2967 3147 ἄφθονος
2999 3083 3030 3152 ἡ
3067 3082 3165 3151 τῆς
3194 3081 3286 3135 τοῦ
3320 3083 3453 3136 Θεοῦ
3481 3085 3753 3155 βασιλείας

2114 3145 2159 3206 C
2189 3145 2433 3233 ἐγίγνετο
2460 3145 2709 3237 πάροδος.

2258 3255 2354 3308 IE'.
2390 3257 2523 3308 Κατ’
2554 3256 2697 3326 ἴχνος
2753 3258 2885 3329 δῆτα
2936 3258 3013 3329 τῷ
3048 3259 3294 3332 Σελεύκῳ
3326 3264 3619 3331 Θεόὸουλος,
3656 3285 3751 3321 σε-

2191 3345 2320 3416 μνός
2347 3363 2431 3409 τις
2461 3348 2554 3399 καὶ
2570 3347 2825 3420 θεοσεϐὴς
2855 3350 3055 3421 παρῄει
3084 3354 3410 3425 πρεσϐύτης,
3437 3357 3532 3426 τῆς
3552 3359 3756 3429 ἡγεμο-

2190 3439 2347 3508 νικῆς
2373 3441 2612 3504 οἱκετίας
2642 3441 2862 3514 πρώτης
2902 3445 3064 3516 τιμῆς
3092 3443 3388 3516 ἠξιωμένος
3421 3450 3634 3519 τρόπων
3666 3452 3758 3506 καὶ

2187 3529 2399 3602 ἡλικίας
2439 3531 2631 3584 ἓνεκα·
2679 3533 2773 3586 καὶ
2810 3534 2896 3587 διὰ
2931 3536 2990 3588 τὸ
3023 3539 3322 3608 τριγονείας
3352 3539 3511 3593 αὐτὸν
3553 3544 3756 3614 πατέρα

2190 3623 2536 3690 καθεστάναι,
2581 3626 2674 3678 καὶ
2705 3625 2783 3678 ἔτι
2827 3626 3026 3697 μᾶλλον
3049 3629 3116 3681 δι’
3161 3631 3228 3700 ἢν
3261 3631 3433 3684 ἔσωσε
3475 3636 3604 3704 περὶ
3637 3637 3755 3697 τοὺς

2189 3714 2486 3785 κηδεμόνας
2519 3714 2760 3769 εὔνοιαν·
2791 3716 2851 3769 τὸ
2883 3719 3261 3790 παραπλήσιον
3293 3721 3356 3790 δὴ
3406 3721 3485 3792 τῷ
3516 3723 3755 3792 Σελεῦκῳ

2187 3805 2280 3858 καὶ
2319 3799 2472 3870 οὗτος
2503 3806 2936 3878 διαπραξάμενος
2956 3848 2970 3873 ,
3015 3810 3109 3863 καί
3153 3828 3301 3874 τινας
3326 3811 3436 3866 τῶν
3469 3814 3756 3884 μαρτύρων

2188 3896 2573 3968 ἀσπασάμενος
2633 3897 2917 3969 φιλήματι,
2971 3901 3302 3970 προσάγεται
3355 3903 3436 3973 τῷ
3485 3905 3752 3976 δεσπότῃ,

2192 3987 2389 4057 μᾶλλον
2430 3988 2616 4042 ἑαυτὸν
2651 3990 2775 4060 (ῖσ.
2798 3989 2853 4042 δὲ
2881 3991 3079 4063 αὐτόν)
3116 3992 3224 4046 τῶν
3265 3993 3438 4048 ἄλλων
3469 3996 3555 4046 ἐπ’
3589 3995 3758 4066 ὀργῆν

2188 4075 2410 4140 όξύνας,
2486 4076 2678 4130 ταυτὸν
2739 4078 2835 4131 τοῦ
2901 4082 3164 4151 σωτηρίου
3230 4084 3529 4154 μαρτυρίου
3590 4084 3759 4150 πάθος

2194 4165 2412 4238 σταυρῷ
2444 4167 2772 4239 παραδοθεὶς
2800 4169 3106 4234 ἀνεδέξατο.

2257 4258 2372 4322 ις’.
2421 4257 2541 4310 Ἐπὶ
2571 4257 2778 4322 τούτοις
2808 4259 2924 4322 ἐνὸς
2953 4260 3030 4313 ἔτι
3061 4260 3361 4326 λείποντος·
3388 4264 3448 4326 ὃς
3473 4265 3566 4317 τὸν
3592 4266 3758 4320 δωδὲ-

2187 4363 2350 4399 κατον
2388 4347 2803 4418 ἁποπληρώσειε
2849 4352 2960 4412 τοῖς
3004 4352 3310 4422 εἰρημένοις
3349 4353 3583 4424 ἀριθμὸν
3630 4357 3763 4411 Ἰαυ-

2187 4438 2365 4502 λιανὸς
2395 4439 2575 4510 παρῆν
2616 4439 2804 4492 τοῦτον
2849 4442 3276 4513 ἀποπληρώσων,
3335 4445 3422 4511 Ἐξ
3463 4447 3767 4519 aptaqng

2187 4525 2340 4596 οὗτος
2380 4532 2546 4601 αὐτῆς
2588 4532 2735 4603 ὥρας
2780 4533 3122 4604 ἀφικόμενος,
3163 4537 3296 4606 μηδὲ
3329 4539 3598 4592 είσὸαλών
3649 4559 3768 4604 πως

2163 4627 2250 4694 ητῇ
2286 4623 2456 4687 πόλει,
2498 4623 2658 4687 εὐθὺς
2688 4624 2764 4688 ὡς
2793 4622 2934 4696 εἶχεν
2964 4627 3070 4679 ἀπὸ
3093 4627 3191 4697 τῆς
3217 4627 3358 4692 ὀδοῦ,
3389 4629 3575 4698 μαθὼν
3612 4636 3771 4704 παρὰ

2184 4713 2278 4766 τοῦ
2302 4712 2654 4785 [γενομένου]
2683 4717 2776 4767 καὶ
2803 4717 3048 4788 ὁρμήσας
3086 4719 3176 4770 ἐπὶ
3205 4718 3300 4790 τὴν
3330 4719 3438 4772 τῶν
3464 4723 3774 4792 μαρτύρων

2187 4803 2334 4869 θέαν,
2365 4805 2440 4868 ώς
2473 4805 2565 4857 ἐπὶ
2598 4807 2694 4876 τῆς
2721 4807 2822 4876 γῆς
2851 4810 3022 4879 χαμαὶ
3052 4809 3281 4880 κείμενα
3304 4809 3373 4862 τά
3411 4810 3519 4865 τῶν
3554 4815 3775 4885 μαρτύ-

2187 4912 2296 4966 ρων
2345 4895 2606 4950 ὲθεάσατο
2655 4897 2900 4968 σώματα,
2959 4901 3134 4970 χαρᾶς
3191 4899 3440 4970 ἔμπλεως
3495 4905 3773 4974 γεγονὼς,

2186 4989 2402 5059 ἑκάστῳ
2438 4990 2845 5060 περιπλέκεται,
2880 4993 3140 5064 φιλήματι
3178 4996 3303 5057 τοὺς
3334 4996 3544 5059 πάντας
3584 5000 3780 5052 ἀσπα-

2188 5079 2430 5150 ζόμενος.
2485 5084 2605 5136 Ἔτι
2657 5083 2714 5136 δὲ
2757 5085 2912 5138 τοῦτο
2953 5087 3259 5156 πράττοντα
3308 5087 3676 5154 συλλαϐόντες
3729 5094 3779 5144 οι

2186 5166 2295 5220 τῶν
2339 5168 2511 5238 φόνων
2551 5171 2784 5225 διάκονοι
2835 5174 3165 5245 προσάγουσι
3193 5175 3270 5247 τῷ
3303 5177 3543 5248 ἄρχοντι.
3604 5179 3675 5234 Ὁ
3722 5181 3783 5234 ἃ

2188 5259 2457 5314 ἀκόλουθα
2495 5265 2560 5332 τῇ
2598 5266 2910 5338 προαιρέσει
2953 5268 3153 5332 τελῶν,
3186 5269 3380 5340 μακρῷ
3422 5271 3516 5324 καὶ
3568 5275 3782 5327 τοῦτον

2190 5352 2324 5424 πυρὶ
2354 5354 2732 5424 παραδίδωσιν.
2778 5357 2935 5410 Οὕτω
2979 5359 3114 5430 δῆτα
3142 5362 3235 5415 καὶ
3289 5362 3568 5427 Ἰουλιανὸς
3605 5380 3782 5433 σκιρ-

2187 5528 2304 5610 neri
2328 5529 2518 5610 debeat
2541 5549 2563 5610 ,ε
2598 5539 2759 5601 atque
2790 5534 2842 5589 id
2884 5536 2973 5610 hic
3004 5537 3106 5592 dici
3131 5539 3288 5594 credo
3315 5540 3621 5610 τριγονείας
3656 5559 3773 5592 πα-

2186 5598 2350 5676 τέρα)
2377 5599 2624 5655 Valesius
2645 5598 2838 5676 tamen
2873 5608 3027 5661 aliter
3056 5609 3229 5668 vertit,
3265 5598 3610 5676 φιὸίιενιίαςῖ
3624 5609 3767 5675 jam

2186 5671 2366 5812 εῗζρέε
2399 5681 2605 5739 nepotes
2634 5672 2839 5730 haberet
2869 5692 2889 5731 :
2918 5678 3010 5733 sed
3049 5677 3150 5733 hoc
3193 5671 3425 5732 Straboni
3464 5671 3767 5731 seruntur

2186 5755 2216 5790 τ
2343 5757 2480 5796 νεια.

2183 5755 2480 5796 τοιγενεια.
