3996 6208
480 321 610 378 1551

451 493 602 602 ’ροει
632 535 1206 602 rcsurrectionem)et
1233 534 1299 588 de
1344 534 1678 604 apparitione
1723 533 1789 587 ad
1831 544 2046 602 aposto-

478 627 580 691 los,
640 627 815 698 deque
866 629 1231 697 promissione
1279 626 1407 681 doni
1455 625 1688 696 Spiritus
1730 627 1936 693 sancti;
1979 627 2046 681 de

477 718 662 787 specie
693 727 747 772 et
773 719 935 773 modo
961 719 1354 789 assumptionis
1385 717 1607 771 Christi.

555 809 619 864 ll.
661 809 806 864 Petri
848 811 1100 881 dialogus
1137 810 1204 864 ad
1245 809 1538 878 discrpulos
1573 811 1639 864 de
1675 817 1845 865 morte
1878 819 1931 865 et
1961 825 2044 864 re-

482 901 802 969 probatione
829 898 1014 967 Judze;
1050 901 1141 954 ubi
1174 910 1226 955 et
1256 900 1323 955 de
1355 901 1699 970 cooptatione
1719 901 1954 958 Matthiae
1987 903 2040 957 in

481 992 601 1060 ejus
626 993 826 1057 locum,
861 992 951 1062 qui
981 1001 1126 1048 sorte
1153 995 1356 1050 electus
1376 1005 1460 1051 est
1482 998 1653 1068 gratia
1679 996 1770 1052 Dei
1798 1013 1894 1068 per
1921 1013 2040 1052 ora-

482 1093 707 1138 tionem.

553 1174 638 1228 Ill.
682 1175 757 1230 De
787 1175 971 1232 divino
996 1177 1169 1233 sancti
1205 1176 1442 1249 Spiritus
1471 1181 1704 1236 adventu
1734 1181 1799 1236 ad
1824 1195 1918 1238 eos
1945 1181 2038 1251 qui

481 1268 844 1334 crediderant,
892 1269 946 1324 in
990 1269 1077 1324 die
1120 1268 1498 1340 Pentecostes;
1534 1274 1622 1328 ubi
1659 1283 1711 1329 et
1731 1272 1873 1329 Petri
1902 1283 2040 1329 cate-

479 1362 682 1428 chcsis,
717 1372 770 1417 et
805 1363 924 1418 loca
963 1380 1027 1418 ex
1063 1365 1342 1434 prophetis
1377 1367 1444 1421 de
1476 1368 1748 1437 passione,
1792 1382 2038 1422 resurreo

479 1454 660 1508 ctione
692 1464 746 1510 et
777 1455 1145 1526 assumptione
1180 1455 1421 1523 Christi;
1461 1458 1528 1512 de
1564 1458 1708 1513 dono
1744 1459 1871 1513 item
1915 1457 2037 1528 Spi-

478 1549 618 1603 ritus
649 1549 840 1603 sancti.
872 1547 947 1602 De
987 1547 1091 1602 ﬁde
1122 1551 1465 1618 praesentium
1507 1559 1560 1604 et
1589 1551 1654 1607 de
1689 1553 1863 1606 salute
1894 1553 2037 1621 ipso-

478 1655 597 1694 rum
661 1655 756 1710 per
813 1638 1163 1708 baptismum.
1226 1643 1302 1697 De
1359 1642 1649 1697 concordia
1703 1642 1820 1697 utili
1872 1651 1924 1696 et
1971 1642 2036 1697 de

477 1732 810 1787 incremento
842 1730 1102 1788 ﬁdelium.

547 1906 636 1960 IV.
679 1907 754 1962 De
803 1909 1086 1964 curatione
1139 1909 1191 1962 in
1243 1909 1462 1964 Christo
1511 1909 1631 1980 ejus
1683 1908 1777 1980 qui
1815 1909 1884 1964 ab
1915 1919 2037 1964 ortu

477 1999 704 2055 claudus
751 2009 886 2054 erat.
933 1999 1008 2056 De
1058 2000 1204 2055 Petri
1259 2001 1548 2066 catechesi,
1605 2001 1694 2055 ubi
1743 2000 2034 2071 redarguit,

478 2091 806 2160 compatitur
843 2100 897 2145 et
928 2091 996 2145 ad
1025 2092 1257 2146 salutem
1292 2091 1384 2147 dat
1405 2092 1650 2146 consilia.
1677 2091 1815 2147 Hinc
1841 2094 2037 2148 adven-

475 2193 564 2236 tus
594 2181 938 2236 sacerdotum
971 2198 1037 2237 ex
1069 2183 1148 2236 rei
1179 2196 1342 2254 gesta:
1373 2183 1563 2248 livore,
1598 2190 1651 2236 et
1679 2181 1942 2251 judicium
1971 2183 2037 2238 de

475 2274 762 2337 miraculo,
790 2273 1042 2345 Petrique
1070 2274 1343 2330 confessio
1377 2276 1523 2330 circa
1552 2273 1756 2329 Christi
1783 2277 2034 2332 virtutem

473 2377 528 2421 et
559 2368 808 2436 gratiam.
860 2365 934 2421 De
984 2366 1274 2421 incredulis
1308 2367 1646 2422 sacerdotum
1680 2368 2032 2439 principibus,

475 2459 912 2530 praecipientibus
941 2474 1050 2513 non
1082 2468 1330 2529 oportere
1353 2459 1406 2513 in
1433 2461 1651 2516 nomine
1673 2461 1874 2516 Christi
1905 2477 2035 2516 con-

474 2551 702 2606 ﬁdenter
725 2567 904 2622 agere,
937 2560 991 2605 et
1019 2550 1085 2606 de
1107 2551 1456 2606 renovatione
1485 2553 1872 2622 apostolorum.
1901 2554 2034 2608 Gra-

475 2645 674 2698 tiarum
702 2644 844 2698 actio
871 2642 1125 2699 Ecclesiae
1156 2660 1254 2714 pro
1286 2644 1427 2699 ﬁdeli
1450 2645 1818 2714 apostolorum
1848 2660 2032 2715 perse-

473 2737 738 2792 verantia.

543 2827 608 2883 ν.
651 2827 727 2884 De
757 2829 1003 2884 unanimi
1065 2838 1118 2884 et
1151 2828 1428 2884 communi
1460 2843 1728 2884 consensu
1755 2828 2028 2897 ﬁdelium;

473 2919 565 2974 ubi
609 2919 674 2974 de
720 2918 928 2973 Anania
980 2931 1032 2974 et
1071 2917 1356 2989 Sapphira,
1395 2934 1459 2974 ac
1498 2919 1566 2975 de
1609 2919 1802 2974 acerba
1840 2935 2028 2975 eorum

469 3020 665 3066 morte.

543 3101 629 3156 Vl.
672 3101 828 3168 Quod
859 3101 1134 3170 apostolos
1164 3102 1216 3156 in
1253 3117 1526 3158 carcerem
1560 3103 1834 3172 eonjectos
1865 3119 2027 3174 ange-

468 3194 554 3248 lus
583 3192 792 3248 Domini
827 3201 990 3246 noctu
1032 3192 1298 3254 eduxerit,
1330 3193 1647 3261 prwcipiens
1683 3203 1741 3247 ut
1778 3194 1894 3249 sine
1925 3195 2028 3248 im-

470 3286 776 3354 pedimento
798 3281 983 3336 Jesum
1005 3283 1375 3351 praedicarent.
1404 3282 1540 3337 I-Iinc
1559 3285 1704 3352 quod
1727 3285 2026 3355 insequenti

467 3379 553 3431 die
576 3376 914 3430 sacerdotum
946 3376 1216 3444 principes
1245 3376 1390 3444 ipsos
1425 3391 1644 3430 rursum
1677 3381 2028 3447 comprehen-

468 3483 579 3532 sos,
605 3478 662 3521 ut
684 3481 792 3520 non
817 3467 954 3520 ultra
977 3465 1488 3538 doeerent,ﬁagcllis
1509 3483 1680 3524 caesos
1700 3468 2022 3526 dimiserint.

466 3559 779 3614 Gamalielis
834 3574 1000 3629 sagax
1055 3559 1321 3615 sententia
1377 3560 1520 3614 circa
1575 3564 1852 3631 apostolos
1900 3581 2023 3620 cum

463 3651 726 3720 exemplis
757 3649 1078 3719 quibusdam
1105 3657 1159 3704 et
1184 3649 1756 3706 demoustrationibus.

535 3741 648 3796 VII.
687 3742 763 3797 De
789 3742 1128 3796 ordinatione
1157 3751 1362 3812 septem
1389 3743 1759 3798 diaconorum.

536 3831 672 3887 Vlll.
711 3831 1020 3887 Judaeorum
1050 3833 1343 3888 commotio
1375 3842 1429 3887 et
1455 3835 1804 3904 syc0phantia
1836 3848 2022 3892 contra

465 3925 820 3996 Stephanum.
852 3924 1056 3980 Concio
1078 3925 1319 3994 ejusdem
1342 3925 1409 3980 de
1433 3934 1754 3981 testamento
1778 3925 1871 3984 Dei
1897 3945 2020 3984 cum

460 4015 772 4070 Abrahamo
811 4022 866 4069 et
903 4015 1186 4069 duodecim
1219 4014 1574 4083 patriarchis;
1619 4016 1707 4070 ubi
1751 4017 1818 4072 de
1855 4017 2019 4084 fame,

463 4107 721 4160 frumenti
766 4107 1060 4176 emptione,
1112 4115 1167 4164 et
1211 4107 1277 4161 de
1332 4105 1457 4161 filiis
1509 4105 1676 4163 Jacub
1719 4123 1779 4163 se
1832 4119 2022 4166 mutuo

461 4197 912 4262 agnoscentibus;
949 4197 1016 4251 de
1062 4206 1183 4251 ortu
1231 4196 1452 4268 Moysis,
1485 4207 1540 4253 et
1579 4199 1646 4254 de
1684 4201 2021 4270 apparitione

461 4287 553 4341 Dei
588 4285 656 4340 ad
698 4286 934 4357 Moysem
971 4286 1112 4341 facta
1153 4287 1205 4340 in
1254 4298 1438 4342 monte
1482 4287 1643 4354 Sina;
1676 4289 1743 4344 de
1781 4291 1927 4345 exitu
1968 4301 2021 4346 et

459 4381 611 4434 vituli
639 4380 846 4436 fabrica
876 4396 906 4434 a
934 4380 1059 4434 ﬁliis
1098 4380 1260 4435 Israel
1291 4396 1460 4450 usque
1486 4381 1552 4435 ad
1587 4391 1827 4452 tempora
1861 4382 2017 4440 Salo-

1681 321 1738 374 S.
1779 320 2101 376 PAMPHILI
2142 321 2493 379 MARTI'RIS

550 443 592 496 l.
640 440 717 498 De
764 440 1015 497 doctrina
1050 440 1251 496 Christi
1292 456 1359 497 ex
1397 441 1796 496 resurrectione
1845 441 1932 512 (id
1965 457 2029 495 es

2214 445 2291 496 A'.
2334 445 2469 516 Περὶ
2496 445 2593 516 τῆς
2620 445 2678 510 ὲξ
2712 445 3057 508 ἀναστάσεως
3089 442 3434 507 διδασκαλίας
3471 440 3709 514 Χριστοῦ

3571 327 3594 378 I
3605 323 3712 378 552

2151 536 2242 587 καὶ
2273 536 2534 598 ὀπτασίας
2565 538 2699 608 πρὸς
2733 539 2858 601 τοὺς
2890 537 3151 608 μαθητὰς,
3190 538 3282 590 καὶ
3311 535 3439 607 περὶ
3466 537 3709 602 επαγγεο

2147 625 2266 689 λίας
2289 627 2385 698 τῆς
2413 626 2505 680 τοῦ
2545 628 2702 696 ἁγίου
2756 628 3068 699 Πνεύματος
3097 629 3306 698 δωρεᾶς
3325 645 3338 658 ·
3367 625 3494 689 θέας
3520 641 3579 678 τε
3613 624 3712 677 καὶ

2144 718 2343 788 τρόπου
2373 719 2472 790 τῆς
2505 719 2821 790 ἀναλήψεως
2852 721 2944 774 τοῦ
2977 720 3210 791 Χριστοῦ
3236 720 3368 790 (47).

2220 809 2292 860 B'.
2317 810 2522 881 Πέτρου
2551 810 2795 880 διάλογος
2818 813 2952 883 πρὸς
2975 814 3098 875 τοὺς
3125 811 3556 883 μαθητευθέντας
3579 812 3711 884 περὶ

2141 901 2368 955 θανάτου
2396 902 2486 954 καί⁸
2513 902 2780 973 ἀποϐολῆς
2799 902 2910 974 (48)
2948 902 3116 955 Ἰούδα
3133 919 3146 932 °
3167 905 3184 923 ‘
3200 904 3256 954 ὲν
3274 896 3318 969 ᾧ
3342 902 3467 974 περὶ
3492 902 3710 955 ἀντεισ-

2139 993 2360 1064 αγωγῆς
2385 992 2621 1046 Ματθίου
2646 992 3014 1065 κληρωθέντος
3041 991 3224 1063 χάριτι
3253 991 3386 1046 Θεοῦ
3414 992 3506 1047 διά
3535 1009 3709 1066 προσ-

2139 1084 2320 1156 ευχῆς.

2210 1177 2283 1229 Γ’.
2321 1177 2455 1249 Περὶ
2487 1177 2636 1241 Θείας
2659 1175 2752 1231 τοῦ
2783 1177 2936 1247 ἀγίου
2969 1176 3284 1248 Πνεύματος
3309 1178 3708 1248 ὲπιφοιτήσεως

2137 1266 2195 1321 ὲν
2227 1267 2409 1342 ἡμέρᾳ
2437 1269 2836 1339 Πεντηκοστῆς,
2871 1268 3168 1340 γενομένης
3211 1270 3289 1332 είς
3323 1270 3449 1331 τοὺς
3477 1270 3705 1322 πιστεύ-

2139 1376 2354 1426 σαντας,
2386 1364 2404 1382 ⁸
2436 1363 2492 1415 ὲν
2523 1354 2567 1429 ᾧ
2592 1360 2799 1431 Πέτρου
2834 1360 3156 1431 κατήχησις,
3187 1363 3206 1380 ⁸
3231 1360 3472 1430 καὶπερὶ
3507 1361 3708 1414 τούτου

2135 1453 2200 1504 ὲκ
2229 1451 2335 1505 τῶν
2358 1451 2668 1525 προφητῶν,
2698 1456 2714 1472 ⁸
2742 1451 2867 1523 περὶ
2889 1452 3090 1515 πάθους
3113 1451 3205 1505 καὶ
3233 1452 3582 1516 ἀναστάσεως
3613 1452 3710 1504 καὶ

2137 1544 2452 1616 ἀναλήψεως
2498 1545 2752 1617 Χριστοῦ,
2790 1546 2997 1616 δωρεᾶς
3024 1563 3084 1600 τε
3119 1544 3214 1599 τοῦ
3257 1544 3411 1613 ἁγίου
3445 1544 3665 1615 Πνεύμ..
3695 1575 3710 1584 -

2138 1653 2248 1699 τος.
2280 1639 2298 1656 ⁸
2328 1635 2464 1706 Περὶ
2506 1636 2737 1698 πίστεως
2781 1635 2888 1689 τῶν
2921 1635 3202 1707 παρόντων
3236 1636 3329 1689 καὶ
3363 1635 3461 1706 τῆς
3487 1635 3578 1688 διὰ
3609 1635 3709 1688 τοῦ

2140 1724 2512 1795 βαπτίσματος
2539 1724 2716 1779 αὐτῶν
2751 1726 3038 1797 σωτηρίας,
3069 1727 3082 1745 ⁸
3112 1726 3247 1796 Περὶ
3279 1725 3531 1796 ὁμονοίας
3557 1742 3711 1778 κοιν-

2138 1815 2376 1885 ωφελοῦς
2413 1816 2506 1869 καὶ
2534 1815 2846 1887 προσθήκης
2869 1817 2976 1868 τῶν
3009 1815 3395 1869 πιστευόντων.

2207 1911 2279 1960 A'.
2315 1908 2450 1980 Περὶ
2482 1907 2578 1978 τῆς
2605 1908 2662 1961 ὲν
2691 1907 2912 1978 Χριστῷ
2936 1907 3230 1979 θεραπείας
3257 1907 3350 1961 τοῦ
3382 1909 3446 1960 ὲκ
3473 1908 3708 1979 γενετῆς

2138 1998 2326 2070 χωλοῦο
2354 1998 2556 2070 Πέτρου
2586 2016 2645 2051 τε
2673 2001 3024 2070 κατηχήσεως
3042 1999 3381 2068 ἐλεγκτικῆς,
3410 1999 3704 2070 συμπαθῆ-

2136 2089 2312 2159 τικῆς,
2341 2089 2801 2159 συμϐουλευτικῆς
2833 2088 2967 2160 πρὸς
2993 2088 3264 2160 σωτηρίας
3298 2087 3463 2140 αὑτοῦ
3496 2087 3626 2155 (49)⁹
3679 2087 3700 2106 ⁸

2137 2183 2192 2236 ὲν
2226 2174 2274 2247 ᾧ
2305 2181 2590 2234 ἐπιστασία
2617 2180 2916 2252 ἀρχιερέων
2948 2179 3091 2252 ζήλῳ
3124 2180 3215 2233 τοῦ
3253 2179 3556 2249 γεγονότος,
3603 2179 3705 2231 καὶ

2137 2273 2314 2343 κρίσις
2346 2273 2439 2325 τοῦ
2475 2272 2766 2343 θαύματος,
2810 2273 3018 2343 Πέτρου
3048 2289 3105 2325 τε
3143 2270 3401 2342 ὁμολογία
3436 2270 3540 2339 τῆς
3564 2269 3708 2340 Χρι-

2138 2363 2263 2417 στοῦ
2287 2362 2564 2434 δυνάμεώς
2590 2381 2648 2415 τε
2687 2365 2778 2416 καὶ
2817 2363 3056 2434 χάριτος.
3087 2367 3103 2384 ⁸
3136 2363 3271 2432 Περὶ
3309 2360 3553 2414 ἀπίστων
3585 2359 3703 2432 (50)

2134 2454 2431 2528 ἀρχιερέων
2457 2455 2915 2527 προσταττόντων,
2940 2454 3015 2517 ὠς
3041 2453 3102 2506 ού
3123 2452 3203 2505 δεῖ
3223 2451 3704 2523 παρρησιάζεσθαι

2133 2548 2228 2601 ἐπὶ
2274 2547 2350 2619 τῷ
2375 2547 2594 2618 ὀνόματι
2628 2544 2864 2617 Χριστοῦ
2895 2545 3029 2618 (51),
3067 2543 3161 2599 καὶ
3201 2543 3554 2606 ἀνανεώσεως
3587 2543 3700 2612 (52)

2133 2640 2239 2695 τῶν
2268 2641 2596 2694 ἀποστόλων.
2647 2640 2665 2659 ⁸
2693 2639 3023 2709 Εὑχαριστία
3068 2637 3175 2691 ἀπὸ
3215 2637 3316 2708 τῆς
3373 2637 3700 2706 Ἐκκλησίας

2133 2732 2272 2804 ὑπὲρ
2294 2732 2391 2802 τῆς
2411 2731 2516 2786 τῶν
2539 2731 2846 2785 ἀποστόλων
2874 2731 3072 2801 πιστῆς
3104 2731 3418 2803 καρτερίας.

2201 2823 2276 2876 E'.
2317 2821 2451 2892 Περὶ
2499 2820 2767 2892 όμοψύχου
2801 2819 2894 2872 καὶ
2925 2818 3217 2890 καθολικῆς
3255 2817 3544 2880 κοινωνίας
3586 2815 3699 2870 τῶν

2133 2914 2532 2968 πιστευσάντων
2551 2929 2564 2942 ο
2605 2915 2621 2931 ⁸
2649 2915 2704 2964 ὲν
2732 2904 2776 2979 ᾧ
2809 2911 2936 2982 περὶ¹
2990 2910 3229 2964 Ἀνανίου
3262 2910 3353 2962 καὶ
3380 2906 3702 2979 Σαπφείρας

2131 3005 2222 3059 καὶ
2251 3005 2350 3074 τῆς
2382 3004 2584 3075 πικρᾶς
2615 3001 2792 3055 αὐτῶν
2820 3000 3091 3070 τελευτῆς.

2208 3098 2279 3162 q'
2311 3097 2430 3148 Ὅτι
2463 3094 2589 3156 τοὺς
2621 3092 2946 3154 ἀποστόλους
2979 3089 3343 3161 ὲμδληθέντας
3379 3093 3436 3144 ὲν
3478 3090 3555 3161 τῷ
3608 3092 3700 3144 δεο

2134 3185 2424 3256 σμωτηρίῳ
2448 3188 2475 3237 ὁ
2497 3183 2722 3252 ἄγγελος
2750 3184 2954 3255 Κυρίου
2981 3183 3192 3253 νύκτωρ
3221 3183 3448 3249 ἐξέωσεν
3472 3185 3696 3257 ὲπιτρέο

2128 3277 2234 3346 ψας
2262 3276 2552 3340 ἀκωλύτως
2579 3275 2876 3346 κηρύσσειν
2905 3275 2995 3329 τὸν
3036 3274 3264 3346 Ἰησοῦν·
3302 3279 3320 3296 ⁸
3349 3277 3406 3329 ὲν
3436 3269 3484 3344 ᾧ
3513 3277 3598 3329 ὅτι
3629 3279 3695 3348 τῇ

2129 3367 2254 3435 ἑξῆς
2278 3369 2326 3420 οί
2355 3368 2628 3438 ἀρχιερεῖς
2663 3367 2860 3430 αὐτοὺς
2897 3367 3056 3422 πάλιν
3089 3367 3495 3438 συλλαϐόμενοι,
3530 3369 3619 3438 ἐφ’
3652 3363 3699 3437 ᾧ

2132 3457 2324 3528 μηκέτι
2363 3456 2652 3519 διδάσκειν,
2704 3456 3056 3528 μαστίξαντες
3101 3456 3396 3510 ἀπέλυσαν.
3429 3459 3444 3478 ⁸
3502 3458 3697 3528 Γαμαο

2127 3546 2307 3618 λιήλου
2341 3546 2534 3618 γνώμη
2575 3548 2737 3618 πιστὴ
2770 3547 2897 3617 περὶ
2938 3547 3267 3612 ἀποστόλων,
3318 3545 3458 3618 μετά
3508 3565 3697 3620 παρα-

2125 3637 2424 3710 δειγμάτων
2449 3637 2610 3693 τινῶν
2643 3638 2734 3691 καὶ
2759 3638 3099 3704 ἀποδείξεων.

2194 3730 2268 3782 Ζ’.
2305 3729 2439 3800 Περὶ
2465 3727 2791 3808 χειροτονίας
2813 3727 2920 3780 τῶν
2955 3728 3094 3782 ἐπτά
3126 3729 3402 3784 διακόνων.

2193 3842 2275 3895 Π’.
2333 3823 2596 3896 Ἰουδαίων
2641 3841 3004 3905 ἐπανάστασις
3045 3841 3140 3894 καὶ
3172 3843 3500 3910 συκοφαντία
3539 3845 3688 3899 κατὰ

2125 3932 2410 4001 Στεφάνου,
2428 3931 2589 3984 αὐτοῦ
2606 3949 2663 3984 τε
2679 3931 2984 4002 δημηγορία
3001 3948 3067 3983 πε
3076 3933 3130 4002 pl.
3151 3931 3250 4002 τῆς
3268 3932 3404 4004 πρὸς
3438 3933 3682 4005 Ἀϐραὰμ

2122 4020 2385 4092 διαθήκης
2425 4020 2517 4072 τοῦ
2549 4019 2681 4072 Θεοῦ
2727 4021 2821 4074 καὶ
2855 4020 2982 4092 περὶ
3007 4021 3105 4090 τῆς
3141 4021 3248 4074 τῶν
3297 4023 3363 4094 ιβ’
3406 4040 3679 4096 πατριαρ-

2121 4113 2253 4185 χῶν·
2289 4115 2308 4135 ⁸
2337 4114 2394 4166 ὲν
2432 4106 2475 4180 ᾧ
2515 4112 2583 4166 τά
2625 4113 2754 4186 περὶ
2787 4112 2879 4166 τοῦ
2913 4111 3071 4183 λιμοῦ
3106 4113 3198 4167 καὶ
3247 4115 3544 4184 πυρωνίας,
3591 4117 3686 4170 καὶ

2121 4204 2534 4277 ἀναγνωρισμοῦ
2563 4204 2669 4258 τῶν
2711 4204 2842 4258 υίῶν
2882 4204 3096 4266 Ἰακὼϐ,
3131 4206 3223 4258 καὶ
3258 4208 3384 4278 περ).
3414 4208 3688 4276 γενέσεως

2120 4298 2392 4360 Μωῦσέως
2425 4297 2519 4350 καὶ
2545 4297 2641 4368 τῆς
2666 4296 2800 4368 πρὸς
2831 4296 2990 4350 αὑτὸν
3017 4297 3254 4351 Μωῦσέα
3279 4297 3601 4367 θεοφανείας
3626 4301 3688 4352 ἐν

2119 4387 2232 4458 ὄρει
2274 4385 2402 4440 Σινά
2439 4387 2753 4458 γενομένης·
2780 4389 2795 4407 ⁸
2833 4387 2960 4458 περ).
2992 4387 3092 4457 τῆς
3122 4387 3298 4453 ἐξόδου
3351 4390 3444 4442 καὶ
3483 4408 3688 4461 μοσχο-

458 4472 638 4526 monis
690 4480 744 4526 et
798 4471 982 4540 templi
1025 4471 1515 4538 constructionem;
1573 4471 1639 4525 de
1676 4469 2016 4529 confessione

2136 4480 2296 4544 τοιῖας
2324 4478 2413 4533 τοῦ
2457 4479 2668 4551 Ἰσραὴλ
2699 4481 2824 4551 ἀχρι
2855 4479 2959 4533 τῶν
2987 4481 3190 4551 χρόνων
3235 4480 3328 4535 τοῦ
3369 4483 3690 4554 Σολομῶνος

455 4563 694 4619 εωιεειὶε
727 4563 911 4632 gloria:
945 4561 1073 4617 Jesu
1107 4561 1328 4629 Christi,
1362 4579 1483 4633 quae
1522 4563 1754 4618 revelata
1796 4575 1880 4619 est
1916 4566 2016 4635 ipsi

458 4655 754 4725 Stephano,
789 4668 952 4724 super
983 4670 1088 4725 qua
1123 4655 1392 4726 lapidatus
1437 4655 1552 4725 ipse
1595 4653 1900 4725 Stephanus
1929 4657 2016 4727 pie

453 4746 798 4804 obdormivit.

523 4929 614 4984 IX.
656 4929 731 4985 De
759 4930 1134 5000 persecutione
1165 4929 1439 4996 Ecclesiae,
1481 4940 1536 4984 et
1571 4931 1848 5000 sepultura
1892 4930 2014 4988 Ste-

453 5023 650 5093 phani;
682 5024 772 5078 ubi
802 5024 868 5078 de
889 5022 1137 5092 Philippo
1173 5022 1436 5091 apostolo,
1463 5022 1556 5092 qui
1586 5023 1785 5079 multos
1815 5041 1843 5078 a
1870 5040 2011 5079 rnor-

450 5117 534 5170 bis
559 5117 768 5170 curavit
790 5115 843 5169 in
859 5113 1141 5168 Samaria.

524 5205 589 5260 Χ.
632 5207 704 5262 De
744 5208 963 5261 Simone
1003 5205 1178 5275 Mago,
1219 5205 1310 5273 qui
1356 5203 1583 5258 credidit
1624 5213 1677 5258 et
1709 5205 2012 5274 baptizatus

449 5298 551 5353 fuit
595 5312 719 5354 cum
770 5298 894 5353 aliis
943 5297 1159 5362 multis;
1206 5295 1299 5350 ubi
1349 5294 1416 5350 de
1463 5294 1722 5351 missione
1768 5295 1912 5350 Petri
1958 5307 2013 5352 et

519 5516 631 5589 (47)
668 5516 885 5596 Euthal.
921 5517 1099 5596 addit,
1132 5516 1376 5588 καὶπερὶ
1409 5515 1508 5587 τῆς
1535 5514 1741 5583 ἐνδόξου
1770 5515 1863 5571 καὶ
1887 5516 2004 5572 dco.

440 5587 608 5660 τέρας
644 5587 804 5638 αὐτοῦ
835 5587 1150 5669 παρουσίας.
1203 5607 1217 5614 ·

510 5654 630 5724 (48)
664 5655 763 5721 Id.,
793 5656 1110 5724 ἀποστολῆς.

506 5657 630 5733 ’(48)
664 5657 763 5721 Id.,
793 5657 1110 5728 ἀποστολῆς.

506 5727 633 5802 (49)
666 5724 765 5783 Id.,
792 5726 990 5781 αὐτῶν.

2111 5024 2276 5094 φάνου
2293 5041 2306 5054 ⁸

2112 5117 2344 5186 σαμένου
2368 5117 2459 5170 ἐπὶ
2485 5118 2580 5189 τῆς
2606 5117 2938 5188 Σαμαρείας.

2121 4571 2213 4624 καὶ
2241 4571 2338 4641 τῆς
2370 4570 2460 4623 τοῦ
2499 4569 2627 4624 ναοῦ
2661 4571 3019 4642 κατασκευῆς’
3051 4573 3069 4593 ⁸
3103 4571 3355 4643 ὁμολογία
3377 4574 3478 4644 τῆς
3513 4577 3688 4650 ὑπερ-

2117 4658 2362 4729 ουρανίου
2431 4658 2585 4730 δόξης
2663 4658 2838 4729 Ἰησοῦ
2903 4659 3136 4730 Χριστοῦ
3205 4660 3686 4731 ἀποκαλυφθείσης

2117 4750 2262 4820 αὐτῷ
2291 4750 2561 4820 Στεφάνῳ,
2601 4750 2686 4818 ἐφ’
2810 4748 3144 4813 λιθόλευστος
3193 4750 3480 4821 γενόμενος
3515 4752 3689 4817 αὐτος

2117 4842 2398 4913 Στέφανος,
2427 4841 2661 4905 εὐσεϐῶς
2691 4843 2971 4914 ἐκοιμήθη.

2184 4933 2259 4990 Θ’.
2296 4935 2430 5005 Περὶ
2461 4932 2699 5004 διωγμοῦ
2724 4934 2822 5004 τῆς
2861 4933 3203 5003 Ἐκκλησίας,
3239 4934 3330 4988 καὶ
3355 4935 3533 5005 ταφῆς
3560 4937 3688 4990 Στε-

2343 5026 2358 5045 ⁸
2392 5025 2451 5076 ὲν
2481 5018 2526 5092 ᾧ
2557 5024 2682 5094 περὶ
2714 5023 2977 5077 Φιλίππου
3005 5023 3297 5077 ἀποστόλου
3331 5025 3562 5090 πολλοὺς
3598 5031 3685 5081 ἰα-

2179 5209 2236 5260 I'.
2278 5208 2412 5280 Περὶ
2454 5208 2696 5279 Σίμωνος
2743 5207 2836 5261 τοῦ
2890 5208 3083 5276 Μάγου
3135 5209 3528 5272 πιστεύσαντος
3586 5212 3684 5265 καὶ

2114 5297 2497 5368 βαπτισθέντος
2524 5299 2618 5352 σὺν
2658 5299 2864 5371 ὲτὲροις
2893 5298 3150 5353 πλείοσιν·
3188 5304 3208 5323 ⁸
3246 5301 3304 5356 ὲν
3331 5294 3376 5370 ᾧ
3410 5302 3547 5376 περὶ
3587 5304 3692 5373 τῆς

2184 5514 2296 5657 (50)
2337 5514 2437 5582 Id.,
2467 5517 2592 5588 περὶ
2616 5518 2843 5591 ἀπειλῆς
2868 5520 2976 5575 τῶν
3000 5523 3124 5595 ἀρχ.

2208 5587 2301 5657 51)
2339 5586 2440 5654 Id.,
2466 5588 2556 5640 ἐπὶ
2580 5589 2641 5640 τὸ
2672 5590 2838 5657 ὄνομα
2871 5591 2965 5645 τοῦ
2991 5595 3124 5657 Χριο

2466 5586 2641 5666 ὲπὶιτδ
2672 5586 2838 5666 ὄνομα
2871 5591 2965 5645 τοῦ
2991 5586 3250 5666 Χρῖστοῦ.

2181 5655 2294 5728 (52)
2334 5657 2412 5714 Id.
2438 5659 2662 5726 rectius,
2688 5655 2942 5728 ἀνέσεως,
2967 5655 3293 5721 diutissime.
