1999 3513
159 168 227 198 1553

712 169 895 197 EXPOSITIO
914 167 958 201 IN,
966 166 1043 194 ACT.
1065 166 1186 194 APOST.

1697 170 1766 198 ιδει

158 229 204 257 τοῦ
218 229 321 265 Πέτρου
335 229 380 256 καὶ
398 228 517 256 Ἰωάννου
529 229 596 265 πρὸς
608 230 705 262 αὐτοὺς
717 230 877 265 ἀποστολῆς,
890 238 923 256 κα

970 228 1098 259 Joannis
1110 228 1144 256 ad
1159 228 1230 262 illos,
1245 233 1271 256 et
1287 229 1422 257 invocatio
1439 230 1526 258 sancti
1545 229 1664 266 Spiritus
1679 231 1705 258 iu
1722 233 1767 259 ba-

157 274 302 309 ιπίκλησις
327 274 374 301 τοῦ
404 274 481 309 ἁγίου
513 275 669 311 Πνεύματος
690 276 735 302 ἐπὶ
758 276 820 308 τοὺς
842 275 936 311 βαπτι-

156 320 279 352 σθέντας.

190 366 240 394 IA'.
259 367 319 393 ὀτι
332 367 382 393 οὐκ
397 366 528 402 ἀργυρίου
542 367 609 402 (55),
624 368 684 394 οὐδὲ
695 368 864 402 ὑποκριταῖς,
877 366 933 393 ἀλλ’

154 412 242 447 ἀγίοις
258 412 301 438 διὰ
320 412 437 441 πίστεως
456 414 472 447 ἡ
499 413 598 448 μετοχὴ
619 413 665 440 τοῦ
686 413 764 448 ἁγίου
780 412 935 448 Πνεὺματος

154 458 253 484 ἐδίδοτο
271 457 336 493 (54)-
353 459 361 468 ⁸
371 458 400 485 ὲν
414 455 436 492 ᾧ
451 458 485 484 τὰ
500 458 564 493 περὶ
577 458 745 494 ὑποκρίσεως
757 459 804 485 καὶ
819 457 935 493 ἐπιπλή-

153 503 222 537 ξεως
235 503 366 539 Σίμωνος.

188 548 236 574 IB'.
260 548 319 574 ’Ότι
342 549 398 579 τοῖς
413 548 524 582 ἀγαθοῖς
543 549 589 575 καὶ
605 549 710 580 πιστοῖς
733 549 818 576 εὐοδοῖ
834 550 848 575 ὁ
869 550 933 582 Θεὸς

151 593 201 629 τὴν
221 593 365 629 σωτηρίαν,
382 593 463 629 δήλην
479 594 537 629 (ῖσ.
564 594 658 631 δῆλον)
676 596 708 621 ὲκ
729 594 778 629 τῆς
794 595 863 622 κατὰ
888 596 933 622 τὸν

151 640 276 675 εὐνοῦχον
292 640 454 672 ὑποθέσεως.

188 686 235 713 ΙΓ’.
253 686 320 721 Περὶ
338 687 387 722 τῆς
399 686 543 722 οὐρανόθεν
558 687 632 719 θείας
647 687 769 723 κλήσεως
788 687 834 714 τοῦ
859 688 932 714 Παύ-

150 733 196 760 λου
210 733 249 764 είς
265 733 414 769 ἀποστολὴν
428 733 561 769 Χριστοῦ·
578 734 588 744 ⁸
604 734 633 760 ἐν
653 730 675 768 ᾧ
690 734 752 769 περὶ
773 734 869 766 ἰάσεως
884 735 931 761 καὶ

149 778 336 814 βαπτίσματος
355 778 459 805 Παύλου
478 779 521 806 διά
546 780 664 807 Ἀνανίου
686 781 745 806 κατ’
761 781 930 816 ἀποκάλυψιν

148 824 227 856 Θεοῦ,
251 824 405 860 παρρησίας
428 833 457 851 τε
479 824 560 851 αὑτοῦ
584 825 631 851 καὶ
655 825 797 860 συντυχίας
818 826 867 861 τῆς
886 826 929 853 διὰ

147 869 273 906 Βαρνάϐα
288 869 343 905 (55)
356 870 422 905 πρὸς
431 871 493 902 τοὺς
508 870 679 902 ἀποστόλους.

987 275 1112 309 ptizatos.

1021 364 1065 391 XI.
1082 364 1159 397 Quod
1175 373 1228 392 non
1241 366 1353 400 argenti
1368 366 1454 400 pretio
1468 387 1475 398 ,
1494 374 1580 401 neque
1595 367 1743 402 hypocritis
1755 387 1765 401 ,

985 409 1031 436 sed
1048 410 1149 437 sanctis
1166 417 1213 445 per
1240 410 1318 437 Iidem
1343 410 1513 445 participatio
1538 412 1623 438 sancti
1645 411 1762 445 Spiritus

984 454 1078 489 detur;
1090 455 1135 483 ubi
1146 456 1179 483 de
1193 456 1340 491 hypocrisi,
1353 457 1422 484 etde
1435 457 1617 492 increpatione
1629 457 1759 485 Simonis.

1020 542 1076 569 XII.
1091 542 1169 576 Quod
1182 543 1283 578 probos
1299 549 1326 571 et
1337 544 1428 572 ﬁdeles
1443 544 1514 572 Deus
1535 545 1568 572 ad
1589 546 1703 574 salutem
1718 546 1763 575 do-

982 588 1073 620 ducat,
1090 595 1119 616 ut
1132 590 1256 625 exemplo
1269 591 1386 618 eunuchi
1397 591 1487 626 palam
1500 596 1551 619 est.

1017 675 1085 702 XIII.
1107 675 1144 703 De
1158 677 1248 704 divina
1263 685 1296 704 ex
1311 678 1381 705 cmlo
1394 678 1464 706 facta
1480 680 1623 708 vocatione
1636 680 1712 708 Pauli
1727 682 1761 709 ad

981 721 1162 755 apostolatum
1176 722 1294 755 Christi;
1307 723 1352 750 ubi
1366 723 1398 751 de
1411 725 1551 751 curatione
1560 730 1587 752 et
1599 726 1759 760 baptismate

980 765 1056 793 Pauli
1071 774 1117 801 per
1129 767 1261 794 Ananiam
1275 769 1424 796 secundum
1442 770 1632 798 revelationem
1652 771 1713 805 Dei;
1725 773 1758 800 de

979 811 1038 845 ejus
1052 811 1114 838 item
1125 811 1223 838 Iiducia
1237 812 1263 838 in
1276 812 1421 847 loquendo,
1433 813 1466 841 de
1476 815 1613 842 consortio
1624 815 1683 851 ejus
1695 824 1758 844 cum

979 857 1109 891 apostolis
1124 864 1171 891 per
1184 856 1345 884 Barnaham.

195 916 231 942 A’.
250 901 316 951 Περὶ
334 901 426 942 λινέου
448 915 630 951 παραλυτικοῦ
656 901 774 948 ίαθέντος
792 918 820 943 ὲν
839 916 923 954 Δύδδῃ

1013 901 1082 928 XIV.
1104 901 1141 929 De
1154 901 1239 929 Enen
1254 903 1411 939 paralytico,
1423 905 1468 939 qui
1482 904 1580 940 Lydda:
1590 915 1637 941 per
1646 906 1757 935 Petrum

144 960 190 987 διὰ
204 960 306 996 Πέτρου
317 967 327 977 ⁸
343 961 352 970 ‘
368 961 397 987 ἐν
410 956 432 994 ᾧ
452 960 487 986 τά
510 961 573 996 περὶ
591 960 693 987 Ταϐιθὰ
705 961 754 996 τῆς
770 961 925 997 φιλοχήρου,

145 1006 178 1041 ἢν
191 1006 301 1041 ῆγειρεν
320 1005 353 1032 ὲκ
372 1004 477 1041 νεκρῶν
500 1006 514 1033 ὸ
535 1005 636 1041 Πέτρος
658 1005 702 1032 διὰ
725 1006 878 1042 προσευχῆς
897 1007 926 1032 ἐν

150 1050 257 1085 Ἰόππῃ.

179 1096 230 1122 IE’.
247 1095 314 1132 Περὶ
328 1095 477 1130 Κορνηλίου
494 1095 542 1122 ὅσα
555 1104 584 1122 τε
602 1095 670 1131 πρὸς
690 1096 769 1122 αὒτὺν
784 1096 798 1122 ὸ
812 1096 925 1130 ἅγγελος

143 1139 220 1168 εἶπεν
229 1150 236 1156 ·
251 1142 279 1168 ὲν
291 1137 313 1175 ᾧ
325 1142 371 1168 καὶ
382 1142 432 1168 ὅσα
446 1141 542 1177 Πέτρῳ
555 1141 609 1176 (56)
624 1141 767 1177 οὐρανόθεν
780 1142 844 1177 περὶ
857 1141 923 1176 κλή-

143 1196 213 1219 σεως
231 1187 315 1215 ἐθνῶν
327 1187 439 1223 ἐρρήθη.
449 1188 457 1198 “
471 1188 530 1215 Ὀτι
546 1187 723 1223 μετασταλεὶς
735 1188 749 1213 ὁ
762 1188 864 1223 Πέτρος
876 1185 924 1223 ἦλ-

143 1234 191 1261 θεν
203 1234 270 1270 πρὸς
282 1234 440 1269 Κορνήλιον.
453 1236 461 1245 ·
479 1233 662 1270 Ἐπανάληψις
672 1233 747 1270 παρά
762 1233 922 1269 Κορνηλίου,

142 1277 182 1307 ὧν
200 1279 274 1307 εἶπεν
288 1280 302 1306 ὁ
315 1279 428 1315 ἄγγελος
440 1280 494 1315 (57)
515 1280 588 1316 αὐτῷ
612 1279 650 1315 τῷ
672 1279 824 1315 Κορνηλίῳ,
840 1280 849 1291 ³
870 1279 923 1305 Πέ-

141 1334 207 1362 τρου
221 1327 369 1362 κατήχησις
387 1327 426 1358 είς
438 1326 564 1361 Χριστὸν,
577 1325 624 1352 τοῦ
635 1333 665 1351 τε
676 1325 754 1359 ἁγίου
766 1324 835 1351 Πνεύ
840 1333 923 1359 ματος

142 1370 189 1396 ἐπὶ
200 1370 261 1401 τοὺς
285 1370 431 1402 ἀκούοντας
445 1369 543 1405 δωρεὰ,
565 1370 612 1397 καὶ
625 1370 699 1401 ὅπως
719 1369 922 1405 ἐϐαπτίσθησαν

141 1415 203 1442 τότε
218 1417 242 1442 οι
262 1415 292 1447 ἐξ
306 1415 388 1442 ὲθνῶν
407 1415 611 1447 πιστεύσαντες.

178 1461 236 1494 ις’.
262 1461 305 1493 Ὠς
321 1462 421 1497 Πέτρος
433 1462 467 1489 τά
482 1462 542 1489 καθ’
559 1461 622 1496 ἑξῆς
637 1461 684 1488 καὶ
701 1460 735 1487 τὰ
750 1461 852 1487 ἕκαστα
865 1459 920 1486 τῶν

142 1506 290 1540 γεγονότων
301 1506 430 1542 διηγεῖται
445 1508 501 1538 τοῖς
511 1507 669 1538 ἀποστόλοις
680 1505 838 1542 διακριθεῖσι
853 1506 920 1541 πρὸς

141 1551 237 1578 αὐτόν·
257 1554 265 1563 ⁶
280 1552 318 1587 τῷ
340 1552 464 1587 τηνικάδε
479 1552 525 1579 τὸν
548 1552 690 1588 Βαρνάϐαν
707 1551 849 1588 ἐκπέμψας
864 1551 919 1587 (38)
932 1566 954 1597 c

140 1595 209 1632 πρὸς
222 1596 284 1628 τοὺς
301 1597 329 1623 ὲν
355 1597 488 1633 ’Δντιοχίᾳ
504 1597 642 1632 ἀδελφούς.

175 1643 224 1670 IZ'.
255 1643 409 1679 Προφητεία
438 1644 552 1678 Ἀγάϐου
577 1645 642 1680 περὶ
657 1644 736 1680 λιμοῦ
762 1645 917 1679 οῑκουμενι-

138 1688 190 1723 κῆς
204 1687 257 1722 (59)
273 1688 319 1713 καὶ
334 1689 520 1724 καρποφορίας
534 1690 602 1725 πρὸς
617 1691 678 1722 τοὺς
694 1691 723 1717 ὲν
743 1689 919 1726 Ἰερουσαλὴμ

136 1732 277 1766 ἀδελφούς.

174 1777 228 1803 ιη’.
254 1776 380 1804 Ἰακώϐου
393 1777 440 1804 τοῦ
456 1778 605 1805 ἀποστόλου
618 1780 780 1814 καταιτφαγή
798 1788 806 1794 ·
824 1780 834 1789 ‘
849 1780 878 1805 ἐν
895 1775 917 1812 ᾧ

137 1822 187 1850 καὶ
203 1822 306 1859 Πέτρου
329 1823 456 1859 σύλληψις
473 1823 541 1859 πρὸς
562 1822 691 1858 Ἡρώδου,
705 1824 778 1855 ὅπως
794 1832 824 1850 τε
837 1823 919 1850 αὑτὸν

137 1867 251 1902 ἄγγελος
267 1868 331 1900 θείῳ
355 1868 519 1904 κελεύσματι
539 1868 659 1902 ἐξείλατο
674 1869 728 1896 τῶν
742 1868 858 1904 δεσμῶν.
871 1869 918 1894 καὶ

136 1915 151 1940 6
168 1913 270 1950 Πέτρος
291 1914 414 1950 ἐμφανὴς
434 1915 578 1950 γενόμενος
599 1914 705 1951 νύκτωρ
720 1916 776 1947 τοῖς
793 1915 917 1949 ἀδελφοῖς

137 1959 365 1995 ὑπανεχώρησεν·
381 1962 389 1971 ⁸
405 1961 434 1987 ὲν
448 1956 470 1995 ᾧ
487 1960 610 1996 περὶτῆς
628 1961 681 1988 τῶν
695 1961 822 1996 φυλάκων
837 1961 916 1988 κολά-

137 2014 217 2037 σεως,
234 2006 280 2032 καὶ
295 2006 439 2041 μετέπειτα
460 2006 523 2042 περὶ
542 2006 591 2042 τῆς
605 2007 652 2034 τοῦ
667 2006 781 2040 ἀσεϐοῦς
797 2008 916 2045 Ἡρώδου

137 2052 238 2086 πικρᾶς
249 2060 279 2078 τε
294 2052 340 2078 καὶ
349 2051 470 2088 ὀλεθρίου
485 2053 663 2088 κατασφαγῆς
676 2053 746 2088 (60).

173 2096 222 2124 ΙΘ’.
250 2097 395 2133 ’Δποστολὴ
419 2097 547 2134 Βαρνάϐα
570 2099 616 2125 καὶ
643 2099 749 2126 Παύλου
772 2100 841 2135 πρὸς
869 2099 916 2126 τοῦ

137 2141 210 2168 θείου
225 2142 381 2178 Πνεύματος
394 2144 433 2174 είς
448 2142 635 2177 Κύπρον,⁸ὂσα
654 2153 684 2170 τε
701 2144 848 2179 εἰργάσατο
862 2144 915 2179 (Μ)

137 2187 166 2213 ιν
177 2187 286 2222 ὀνόματι
297 2188 414 2224 Χριστοῦ
428 2190 467 2221 είς
485 2190 602 2225 Ἐλύμαν
616 2189 661 2216 τὸν
676 2189 770 2225 μάγον.

977 952 1088 975 sanatus
1105 952 1163 981 est;
1183 948 1228 974 ubi
1249 953 1276 975 et
1294 949 1327 976 de
1345 948 1458 976 Tabitha
1478 951 1620 979 viduarum
1639 958 1757 987 amantel

976 1001 1057 1028 quam
1077 992 1172 1020 Petrus
1186 992 1269 1028 Joppe
1280 1001 1328 1029 per
1342 995 1490 1022 orationem
1505 1004 1520 1023 a
1537 997 1652 1025 mortuis
1671 999 1758 1026 susci-

977 1039 1053 1066 tavit.

1011 1083 1070 1111 XV.
1091 1084 1129 1112 De
1142 1084 1278 1119 Cornelio,
1290 1090 1316 1113 et
1326 1093 1385 1121 qum
1396 1087 1446 1121 ipsi
1459 1088 1570 1122 angelus
1584 1089 1695 1123 dixerit;
1711 1091 1756 1118 ubi

974 1130 1054 1157 etiam
1070 1137 1102 1157 ea
1121 1138 1182 1164 qua:
1195 1131 1274 1158 Petro
1290 1132 1323 1159 de
1339 1132 1407 1159 curio
1425 1133 1497 1160 circa
1513 1135 1681 1162 vocationem
1695 1143 1757 1170 gen-

974 1176 1041 1203 tium
1063 1176 1135 1204 dicta
1159 1181 1233 1204 sunt.
1247 1177 1323 1210 Quod
1346 1183 1473 1206 evocatus
1493 1179 1589 1207 Petrus
1607 1183 1708 1209 venerit
1721 1183 1755 1210 ad

973 1222 1139 1250 Cornelium.
1163 1222 1268 1258 Repetit
1288 1223 1429 1251 Cornelius
1449 1233 1481 1252 ea
1496 1234 1557 1260 quae
1573 1227 1623 1254 sibi
1643 1228 1755 1263 angelus

973 1268 1087 1295 dixerat.
1100 1267 1170 1296 Petri
1183 1269 1332 1297 catechesis
1346 1270 1371 1296 in
1386 1269 1535 1303 Christum,
1553 1277 1578 1299 et
1590 1273 1676 1300 sancti
1691 1273 1753 1309 Spi-

951 1326 954 1329 ~
973 1313 1041 1339 ritus
1052 1313 1154 1340 donum
1167 1315 1338 1343 audientibus
1347 1316 1472 1343 collatum
1484 1326 1491 1349 ;
1503 1322 1527 1344 et
1542 1319 1679 1352 quomodo
1690 1324 1754 1347 tunc

972 1358 1099 1393 baptizati
1117 1360 1172 1387 sint
1186 1360 1205 1388 ii
1221 1368 1253 1388 ex
1266 1361 1389 1396 gentibus
1400 1362 1446 1398 qui
1461 1363 1640 1391 crediderant.

1007 1447 1076 1475 XVI.
1097 1448 1238 1481 Quomodo
1257 1449 1355 1477 Petrus
1370 1450 1465 1478 ordine
1483 1451 1587 1486 singula
1604 1459 1663 1486 quae
1681 1451 1751 1479 facta

971 1492 1079 1520 fuerant
1112 1493 1242 1528 apostolis
1274 1502 1366 1522 secum
1391 1495 1604 1530 disceptantibus
1631 1504 1749 1537 enarrat.

971 1537 1048 1566 Tune
1065 1537 1217 1566 Barnabam
1235 1540 1368 1567 miserunt
1381 1539 1414 1566 ad
1429 1538 1527 1568 fratres
1542 1541 1587 1576 qui
1602 1541 1751 1569 Antiochiae

970 1589 1085 1656 ωῗίίι.
1107 1628 1251 1665 Prophetia
1273 1631 1358 1665 Agabi
1373 1630 1406 1658 de
1425 1630 1497 1658 fame
1515 1631 1541 1658 in
1561 1631 1626 1658 orbe
1640 1630 1748 1665 futura;

969 1682 996 1705 et
1017 1678 1050 1711 de
1071 1678 1212 1713 largitione
1227 1677 1297 1705 facta
1318 1678 1449 1706 fratribus
1467 1679 1513 1714 qui
1528 1684 1605 1706 erant
1622 1679 1649 1706 in
1669 1678 1749 1706 Jeru-

969 1724 1064 1752 salem.

1003 1769 1097 1797 XVIII.
1117 1770 1210 1797 Jacobi
1225 1770 1339 1805 apostoli
1359 1770 1456 1802 caedes.
1469 1775 1495 1798 et
1509 1771 1581 1798 Petri
1594 1773 1628 1799 ab
1646 1771 1749 1800 Iierorlc

968 1816 1129 1849 apprehensi
1142 1815 1275 1850 historia;
1292 1820 1319 1842 et
1331 1816 1469 1849 quomodo
1486 1817 1572 1850 ipsum
1587 1818 1698 1851 angelus
1707 1819 1749 1844 di-

968 1860 1032 1887 vino
1046 1860 1122 1895 jussu
1145 1861 1245 1888 eruerit
1265 1869 1298 1888 ex
1310 1861 1444 1891 vinculis;
1468 1868 1500 1887 ac
1521 1860 1627 1894 Petrus,
1643 1869 1704 1889 cum
1720 1864 1746 1890 in

968 1911 1142 1940 conspectum
1156 1907 1271 1934 fratrum
1291 1911 1372 1934 noctu
1386 1907 1514 1940 venisset,
1529 1908 1687 1940 recesserit;
1701 1908 1747 1935 ubi

967 1951 1048 1978 etiam
1063 1951 1096 1979 de
1112 1959 1191 1986 paena
1209 1953 1361 1985 custodum,
1377 1952 1474 1980 deinde
1489 1953 1522 1979 de
1539 1952 1614 1987 impii
1634 1952 1747 1981 Herodis

968 1997 1065 2024 acerba
1078 2002 1106 2024 et
1119 1997 1266 2025 miserabili
1276 1998 1348 2026 caede
1360 1998 1418 2033 (per
1427 1999 1575 2035 angelum).

1002 2087 1073 2115 XIX.
1093 2087 1186 2116 Missio
1201 2088 1332 2116 Barnabte
1343 2093 1369 2116 et
1382 2088 1457 2116 Pauli
1469 2097 1517 2124 per
1527 2090 1646 2118 divinum
1659 2090 1746 2126 Spiri-

967 2136 1025 2159 tum
1040 2133 1068 2160 in
1084 2133 1213 2169 Cyprum,
1230 2138 1256 2160 et
1266 2141 1327 2168 qua:
1341 2133 1434 2162 fecerit
1451 2134 1572 2170 (Paulus)
1590 2136 1617 2163 in
1635 2138 1745 2165 nomine

969 2177 1070 2204 Christi
1081 2185 1143 2213 erga
1158 2176 1279 2212 Elymam
1293 2185 1412 2211 magum.

172 2233 213 2259 ις’.
233 2222 338 2261 Παύλου
351 2235 466 2272 εὐθαλὴς
480 2222 636 2263 διδασκαλία
651 2222 690 2268 είς
700 2222 826 2272 Χριστὸν,
839 2236 870 2263 ἐκ
883 2245 913 2263 τε

1001 2222 1061 2250 XX.
1081 2222 1156 2250 Pauli
1172 2224 1307 2251 excellens
1326 2224 1448 2252 doctrina
1468 2225 1539 2251 circa
1556 2223 1693 2252 Christum
1711 2234 1742 2253 cx

136 2277 183 2304 τοῦ
203 2278 283 2313 νόμου
305 2281 352 2306 καὶ
376 2280 436 2306 καθ’
460 2281 523 2316 ἑξῆς
544 2281 598 2308 τῶν
618 2281 774 2317 προφητῶν,
792 2283 912 2318 ἱστορικὴ

136 2323 183 2349 καὶ
196 2324 369 2360 εὑαγγελική·
383 2327 392 2335 ·
409 2326 438 2351 ἐν
453 2322 475 2359 ᾦ
492 2325 636 2361 ὲλεγκτικῇ
653 2326 700 2352 καὶ
724 2326 910 2362 συλλογιστικῇ

135 2367 293 2405 διδασκαλίᾳ.
308 2371 406 2406 χρῆται
416 2372 424 2381 ‘
447 2372 510 2407 περὶ
524 2371 692 2406 μεταθέσεως
706 2371 753 2398 τοῦ
770 2372 913 2408 κηρύγμα-

135 2422 179 2445 τος
193 2416 233 2447 είς
245 2416 279 2443 τά
294 2416 373 2452 ἔθνη,
387 2417 505 2453 διωγμοῦ
520 2426 550 2444 τε
567 2417 654 2444 αὐτῶν
675 2418 721 2444 καὶ
737 2417 854 2452 ἀφίξεως
873 2419 912 2450 είς

142 2458 258 2486 Ἰκόνιον.

172 2506 236 2532 KA’.
260 2507 352 2539 Ὅπως
374 2508 404 2534 ὲν
430 2508 531 2544 Ἰκονίῳ
546 2508 710 2544 κηρύξαντες
726 2509 770 2536 τὸν
784 2508 910 2545 Χριστὸν,

134 2550 238 2578 πολλῶν
254 2553 464 2586 πιστευσάντων,
480 2554 646 2590 ἐδιώχθησαν
660 2556 683 2581 οι
700 2555 851 2582 ἀπόστολοι.

245 2673 326 2709 ooav
338 2673 479 2709 ἀργυρίου,
488 2674 595 2702 Euthal.

171 2705 227 2740 (51)
246 2705 362 2740 AESo-cat,
374 2705 408 2735 id.

171 2741 228 2778 (§§)
246 2742 296 2768 Διὰ
311 2744 460 2778 Βαρνάϐαν,
479 2744 514 2771 id.
530 2745 618 2771 minus
630 2745 705 2772 bene.

245 2778 301 2814 Καὶ
315 2775 365 2814 ὅσα
378 2778 456 2814 πάλιν
472 2779 576 2814 Πέτρῳ,
596 2780 630 2805 id.

170 2809 293 2873 ἕῗητξον
316 2813 330 2839 δ
351 2813 463 2846 mem
493 2809 697 2853 ιτὲιὶέιρτύρησι
732 2815 776 2841 καὶ
807 2815 912 2852 ὕφητίν

204 2866 210 2873 ι
225 2855 233 2873 ι
255 2867 262 2873 .
398 2859 402 2863 ”

135 2850 210 2878 cum,
225 2850 262 2874 id.
398 2859 402 2863 ~
564 2850 565 2853 ‘

964 2268 1022 2304 lege
1044 2277 1076 2296 ac
1098 2269 1194 2296 deinde
1215 2277 1248 2297 ex
1272 2270 1420 2305 prophetis,
1444 2271 1543 2305 illaque
1564 2271 1697 2298 historica
1717 2276 1743 2299 et

963 2315 1117 2350 evangelica
1129 2324 1135 2347 ;
1151 2315 1196 2342 ubi
1212 2315 1393 2343 confutatoria
1407 2320 1433 2343 et
1447 2316 1609 2351 syllogistica
1620 2316 1742 2344 doctrina

964 2360 1050 2388 utitur
1065 2361 1137 2388 circa
1151 2361 1356 2388 translationem
1371 2361 1572 2395 praedicationis
1587 2362 1620 2389 ad
1637 2368 1740 2397 gentes.

964 2404 1002 2433 De
1017 2406 1204 2440 persecutione
1218 2406 1348 2434 adversus
1362 2406 1422 2434 illos
1438 2407 1564 2439 excitata»,
1587 2411 1614 2434 et
1627 2407 1660 2434 de
1678 2408 1741 2442 fuga

963 2450 1094 2478 Iconium.

998 2496 1067 2524 XXI.
1087 2496 1228 2529 Quomodo
1244 2497 1359 2532 apostoli
1379 2496 1517 2525 Christum
1541 2497 1622 2525 lconii
1641 2498 1741 2532 praedic

962 2547 1064 2575 cantes,
1092 2542 1185 2570 multis
1211 2543 1395 2577 credentibus,
1422 2543 1638 2577 persecutionem
1667 2543 1740 2577 passi

996 2676 1122 2715 (58)_Id.,
1136 2676 1167 2715 τὸ
1178 2677 1304 2715 τηνικάδε
1319 2678 1362 2703 τὸν
1379 2678 1520 2713 Βαρνάϐαν
1537 2678 1739 2715 ἐκπέμψασα-

960 2708 1048 2747 Ροιζῖςί
1057 2711 1192 2747 ἔπεμψαν.
1205 2708 1315 2739 ’Μουτιν-

999 2745 1054 2785 (59)
1074 2745 1126 2779 ἰός,
1148 2747 1318 2785 οἰκουμένης,
1341 2749 1476 2782 quomodo
1495 2750 1575 2776 etiam
1596 2751 1737 2785 legendum

961 2781 1168 2809 Montl‘auconus
1181 2782 1341 2816 conjecerat.

997 2817 1051 2849 (60)
1072 2817 1121 2847 Μ..
1138 2817 1333 2852 καταστροφῆς.

997 2852 1050 2885 (δί)
1067 2852 1104 2884 Id.
1121 2855 1291 2888 :Ip‘rdaawo,

0 3107 6 3118 ι
375 3110 466 3219 n3
1461 3150 1512 3152 ᾉ
1859 3151 1883 3152 κν
1968 3146 1999 3156 Α
