3996 6208
561 293 701 350 1555
1749 298 1807 351 S.
1846 291 2169 351 PAMPHILI
2209 292 2564 349 MARTYRIS
3632 294 3766 348 I556

628 411 794 470 XXII.
833 413 906 471 De
924 415 1117 472 claudo
1139 417 1207 472 ab
1235 427 1358 473 ortu
1389 419 1481 488 qui
1514 417 1721 489 Lystris
1746 426 1886 481 erat,
1915 416 2097 486 quiqui

2287 413 2412 464 KB'.
2455 411 2587 482 Περὶ
2607 410 2698 464 τοῦ
2719 411 2776 464 ὲν
2802 412 3060 482 Λύστροις
3093 414 3156 465 ὲκ
3184 412 3440 481 γεννητῆς
3463 410 3569 481 (62)
3598 410 3764 481 χωλοῦ

555 504 628 562 ab
652 508 908 578 apostolis
934 517 1157 564 sanatus
1190 520 1272 565 est
1297 528 1309 563 :
1333 517 1661 580 quapropter
1687 509 1756 564 ab
1777 509 1969 563 incolis
1990 507 2097 561 deo:

2221 499 2458 565 ίαθέντος
2498 500 2586 553 διά
2617 499 2722 554 τῶν
2778 501 3110 554 ἀποστόλωνο
3151 501 3338 569 διόπερ
3376 497 3513 552 εἷναί
3559 518 3618 553 τε
3659 500 3769 553 θεοὶ

555 613 678 653 esse
732 608 785 653 et
827 600 1112 656 advenisse
1157 611 1404 670 putatum
1448 611 1549 658 est.
1592 601 1689 657 Ubi
1727 602 1888 656 etiam
1933 611 2097 670 poste:

2217 593 2309 647 καὶ
2345 594 2595 661 παρεῖναι
2639 591 2822 659 ἔδοξαν
2865 596 2976 656 τοῖς
3017 594 3320 665 ἐγχωρίοις.
3361 592 3529 646 Ἔνθα
3572 593 3636 662 δὴ
3674 594 3766 646 καὶ

553 687 760 747 Paulus
781 692 1058 763 lapidatur
1077 709 1106 748 a
1135 695 1510 764 popularibus.

2218 687 2511 756 μετέπειτα
2540 682 2813 747 λιθάζεται
2855 686 2884 736 ὁ
2927 685 3134 749 Παῦλος
3172 683 3323 758 παρά
3364 683 3472 738 τῶν
3518 685 3766 751 ἀστυγει-

2213 779 2396 831 τόνων.

628 865 812 921 XXIII.
851 866 1004 934 Quod
1038 884 1104 923 ex
1131 869 1380 941 dogmate
1408 882 1464 928 et
1497 872 1705 941 judicio
1745 875 2097 944 apostolorum

2280 870 2404 924 Kl".
2438 872 2560 924 Ὅτι
2601 872 2659 924 οὐ
2690 871 2771 924 δεῖ
2793 867 3210 941 περιτέμνεσθαι
3236 868 3360 930 τοὺς
3387 867 3447 932 ἐξ
3473 867 3640 922 ἐθνῶν
3675 884 3764 920 πι-

556 975 665 1012 non
711 969 956 1027 oporteat
1005 960 1190 1016 ﬁdeles
1230 978 1296 1016 ex
1336 964 1582 1034 gentibus
1624 965 1971 1034 circumcidi;
2021 968 2097 1021 ub,

2214 960 2517 1029 στεύοντας,
2564 962 2789 1033 δόγματι
2819 963 2912 1015 καὶ
2950 962 3126 1032 κρίσει
3158 959 3264 1014 τῶν
3293 961 3623 1013 ἀποστόλωνο
3651 964 3670 981 ’
3705 963 3762 1014 ὲν

554 1050 782 1119 epistola
815 1051 1181 1120 apostolorum
1217 1054 1283 1107 ad
1305 1053 1489 1109 Iideles
1513 1069 1576 1110 ex
1606 1055 1854 1126 gentibus
1881 1057 2023 1111 circa
2047 1072 2097 1110 ea

2209 1042 2254 1116 ᾧ
2300 1051 2549 1121 ἐπιστολὴ
2594 1051 2772 1104 αὐτῶν
2812 1050 3117 1104 ἀποστόλων
3155 1049 3290 1118 πρὸς
3321 1050 3445 1112 τούς
3490 1050 3552 1113 ἐξ
3597 1050 3765 1105 ἐθνῶν

555 1156 587 1194 a
614 1141 813 1210 quibus
844 1157 964 1196 sese
1001 1144 1279 1200 custodire
1310 1145 1595 1201 debebant.
1637 1147 1929 1203 Dissidium
1959 1148 2097 1204 Pauli

2211 1141 2337 1210 περὶ
2367 1141 2473 1196 τῶν
2504 1143 2814 1212 φυλακτέων
2833 1143 2940 1212 (65)
2972 1146 2988 1162 ⁶
3031 1142 3366 1212 Ἀντίρρησις
3389 1142 3606 1194 Παύλου
3631 1143 3763 1213 πρὸς

553 1251 677 1288 eum
709 1234 950 1290 Barnaba
973 1245 1192 1305 propter
1216 1236 1477 1293 Marcum.

2210 1233 2491 1305 Βαρνάϐαν
2521 1233 2609 1286 διὰ
2638 1235 2880 1306 Μάρκον.

624 1323 814 1378 XXIV.
855 1325 928 1380 De
948 1328 1218 1382 eatechesi
1239 1327 1526 1395 Timothei,
1543 1341 1597 1386 ct
1616 1333 1680 1386 de
1697 1331 1938 1401 profectu
1956 1329 2108 1387 Pauli

554 1415 608 1466 in
642 1413 1008 1470 Macedoniam
1041 1433 1134 1487 per
1157 1420 1568 1488 revelationem;
1596 1423 1683 1476 ubi
1707 1424 1774 1477 de
1801 1423 1904 1477 tide
1932 1434 1985 1478 et
2015 1439 2108 1478 sa-

552 1504 669 1560 lute
685 1507 930 1562 mulieris
951 1507 1231 1576 cujusdam
1251 1508 1449 1580 Lydiae,
1470 1520 1525 1565 et
1545 1512 1610 1565 de
1626 1512 1906 1569 curatione
1920 1515 2107 1582 puella:

550 1611 672 1664 quae
700 1597 949 1665 spiritum
990 1597 1251 1669 Pythonis
1280 1600 1531 1668 habebat,
1573 1611 1790 1673 propter
1814 1620 1976 1674 quam
2012 1607 2106 1660 do-

550 1688 686 1742 mini
708 1690 902 1759 puellze
920 1689 1145 1744 Paulum
1176 1693 1229 1746 in
1261 1707 1527 1748 careerem
1559 1694 1930 1764 coniecerunt;
1957 1713 2020 1752 ac
2039 1698 2105 1752 de

547 1787 708 1835 teme
740 1789 888 1836 motu
926 1781 1019 1850 qui
1057 1782 1255 1837 ibidem
1285 1784 1525 1854 contigit,
1559 1801 1657 1841 nec
1691 1802 1798 1841 non
1835 1787 1903 1843 de
1939 1789 2104 1842 mira-

548 1870 677 1923 culo
705 1888 718 1924 :
749 1879 803 1924 et
835 1874 1108 1940 quomodo
1135 1873 1368 1928 careeris
1408 1884 1591 1930 custos
1614 1892 1736 1930 cum
1765 1877 2099 1942 credidisset,

549 1977 612 2013 ea
641 1960 757 2029 ipsa
799 1971 954 2016 nocte
987 1963 1170 2018 statim
1206 1963 1510 2032 baptizatus
1539 1975 1622 2021 est
1651 1984 1772 2023 cum
1797 1979 1906 2024 tota
1939 1971 2100 2026 domo

551 2067 672 2107 sua.
710 2053 862 2118 Quod
902 2055 1073 2124 rogati
1115 2055 1340 2124 apostoli
1372 2064 1497 2112 tunc
1517 2059 1720 2128 egressi
1752 2061 1860 2116 sint
1887 2077 1953 2117 ex
1980 2079 2100 2118 car-

548 2158 689 2196 cere.

625 2232 788 2288 XXV.
832 2233 906 2288 De
953 2236 1216 2292 seditione
1266 2237 1663 2296 Thessalonica:
1700 2240 1840 2297 facta
1883 2255 2099 2314 propter

547 2325 1008 2394 prmiicationem,
1046 2337 1099 2383 et
1142 2329 1208 2383 de
1237 2329 1361 2402 fuga
1395 2331 1545 2386 Pauli
1590 2331 1831 2388 Berteam
1881 2347 1934 2390 et
1976 2337 2097 2391 inde

547 2417 807 2472 Athenas.

618 2507 807 2564 XXVI.
850 2509 924 2566 De
958 2513 1311 2584 inscriptione
1350 2517 1580 2573 Athenis
1614 2535 1777 2590 super
1810 2521 2000 2586 altari;
2030 2523 2096 2577 de

548 2599 917 2670 philosophica
955 2603 1328 2671 praedicatione
1354 2616 1407 2662 et
1430 2609 1626 2677 pietate
1646 2609 1822 2665 Pauli.

618 2691 824 2749 XXVII.
865 2694 940 2751 De
962 2697 1152 2766 Aquila
1183 2710 1236 2754 et
1267 2699 1530 2766 Priscilla,
1557 2712 1612 2757 et
1630 2703 1696 2758 de
1724 2704 2096 2760 incredulitate

541 2783 980 2855 Corinthiorum,
1022 2791 1234 2845 etiamsi
1274 2789 1441 2847 Paulo
1473 2795 1769 2850 secundum
1810 2797 2096 2866 praescieri-

547 2876 676 2928 tiam
719 2875 1110 2947 beneplacitum
1149 2878 1242 2934 Dei
1277 2896 1402 2952 erga
1437 2881 1559 2936 illos
1594 2883 1885 2937 revelatum
1917 2893 2091 2952 esset;

2201 1342 2212 1353 '
2279 1327 2400 1379 KA’.
2437 1325 2570 1396 Περὶ
2620 1327 2973 1396 κατηχήσεως
3019 1321 3305 1394 Τιμοθέου,
3353 1323 3446 1376 κα).
3488 1323 3590 1393 τῆς
3645 1323 3760 1376 κατ’

2207 1416 2544 1487 ἀποκάλυψιν
2570 1416 2806 1486 ἀφίξεως
2835 1416 3049 1468 Παύλου
3081 1416 3160 1477 είς
3188 1413 3546 1467 Μακεδονίανο
3582 1418 3602 1436 ⁸
3635 1417 3693 1468 ὲν

2208 1507 2334 1578 περὶ
2363 1507 2593 1571 πίστεως
2617 1509 2708 1562 κα).
2744 1507 3014 1578 σωτηρίας
3047 1505 3299 1574 γυναικός
3331 1522 3470 1568 τινος
3499 1505 3722 1569 Λυδίας,
3745 1507 3762 1528 ⁸

2207 1598 2297 1650 καὶ
2327 1597 2454 1668 περ).
2489 1596 2680 1660 ἰάσεως
2710 1596 2807 1666 τῆς
2843 1595 3058 1666 πνεῦμα
3091 1593 3344 1658 Πύθωνος
3372 1594 3603 1667 ἐχούσης
3637 1614 3761 1648 παι-

2203 1688 2411 1756 δίσκης,
2443 1688 2510 1740 δι’
2544 1690 2608 1757 ἣν
2635 1687 2725 1740 τὸν
2747 1687 2956 1740 Παῦλον
2986 1685 3276 1757 καθεῖρξαν
3302 1687 3347 1738 οί
3381 1685 3641 1738 δεσπόται
3671 1687 3762 1739 αὐ-

2157 1754 2176 1802 δ
2205 1778 2300 1848 τῆς
2328 1754 2423 1848 τῆς
2449 1754 2754 1848 παιδίσκηςο
2787 1780 2804 1799 ¹
2840 1778 2934 1831 καὶ
2966 1777 3091 1847 περὶ
3119 1754 3212 1834 τοῦ
3243 1774 3546 1845 συμϐάντος
3587 1777 3761 1827 ἐκεῖσε

2205 1869 2427 1939 σεισμοῦ
2461 1871 2553 1923 καὶ
2585 1869 2889 1940 θαύματοςο
2941 1870 3034 1922 καὶ
3073 1869 3220 1931 ὅπως
3255 1866 3546 1929 πιστεύσας
3569 1868 3601 1918 ό
3655 1869 3765 1938 εἱρ-

2204 1961 2489 2031 κτοφύλαξ,
2523 1963 2581 2014 ὲν
2606 1963 2742 2034 αὐτῇ
2774 1965 2839 2033 τῇ
2872 1963 3028 2016 νυκτὶ
3056 1958 3358 2030 ἐϐαπτίσθη
3399 1957 3760 2028 παραχρῆμα,

2203 2051 2486 2114 πανεύτιος
2516 2051 2646 2121 (64).
2681 2053 2702 2074 ⁹
2742 2053 2862 2105 Ὀτι
2912 2050 3353 2123 παρακληθέντες
3388 2049 3604 2120 ἐξῆλθον
3636 2050 3760 2103 τότε

2202 2143 2266 2196 ὲκ
2293 2143 2386 2196 τοῦ
2413 2143 2779 2215 δεσμωτηρίου
2810 2147 2858 2197 oi.
2891 2144 3195 2197 ἀπόστολοι.

2271 2235 2397 2288 XE'.
2439 2235 2574 2306 Περὶ
2607 2235 2843 2299 στάσεως
2873 2235 3170 2304 γενομένης
3188 2234 3244 2286 ὲν
3267 2232 3639 2303 Θεσσαλονίκῃ
3670 2231 3760 2286 τοῦ

2201 2325 2552 2396 κηρύγματος
2586 2326 2787 2389 ἕνεκεν,
2823 2327 2998 2396 φυγῆς
3044 2343 3102 2378 τε
3148 2326 3359 2378 Παύλου
3393 2327 3474 2389 είς
3519 2325 3760 2396 Βέροιαν,

2205 2415 2456 2469 κάκεῖθεν
2484 2419 2563 2480 είς
2608 2417 2848 2489 Ἀθήνας.

2273 2508 2416 2572 KQ".
2455 2506 2590 2578 Περὶ
2636 2507 2733 2578 τῆς
2776 2510 2833 2561 ὲν
2893 2507 3138 2580 Ἀθήναις
3191 2509 3494 2580 ὲπιϐωμίου
3525 2507 3760 2579 γραῄς.

2202 2595 2486 2666 φιλοσόφου
2512 2614 2572 2650 τε
2600 2597 2948 2668 κηρύγματος
2969 2599 3062 2652 καὶ
3087 2599 3365 2663 εὐσεϐείας
3395 2598 3491 2651 τοῦ
3524 2599 3758 2652 Παύλου.

2268 2689 2392 2743 ΚΖ’.
2432 2690 2566 2762 Περὶ
2607 2692 2803 2746 Ἀκύλα
2829 2693 2924 2745 καὶ
2961 2691 3288 2763 Πρισκίλλης
3316 2692 3408 2745 καὶ
3437 2693 3538 2761 τῆς
3568 2693 3760 2760 Κοριν-

2200 2782 2328 2835 θίων
2358 2782 2658 2847 ἀπειθείας,
2694 2783 2908 2853 καὶτῆς
2935 2783 3075 2836 κατά
3102 2783 3406 2854 πρόγνωσιν
3436 2785 3622 2842 αὐτοῖς
3653 2783 3759 2850 (65)

2199 2873 2443 2938 εὐδοκίας
2473 2874 2567 2929 τοῦ
2592 2873 2727 2929 Θεοῦ
2753 2875 3221 2945 ἀποκαλυφθείσης
3250 2875 3328 2946 τῷ
3345 2876 3562 2945 Παύλῳ’
3591 2879 3611 2898 ⁶
3633 2878 3689 2928 ὲν
3718 2869 3760 2942 ᾧ

546 2967 637 3020 ubi
667 2967 733 3021 de
755 2964 940 3024 Prisco
965 2969 1197 3040 (Crispo)
1221 2973 1662 3044 archisynagogo,
1701 2975 1794 3044 qui
1822 2991 1943 3029 cum
1976 2976 2094 3030 aliis

2199 2969 2326 3038 περὶ
2357 2965 2595 3038 Πρίσκου
2627 2967 2735 3039 (66)
2765 2966 3209 3039 ἀρχισυναγώγου
3244 2967 3639 3031 πιστεύσαντος
3672 2969 3763 3020 σὺν

544 3057 868 3123 quibusdam
889 3059 1113 3114 credidit
1134 3068 1184 3113 et
1206 3059 1508 3129 baptizatus
1528 3071 1629 3117 est.
1656 3060 1810 3128 Quod
1831 3063 2095 3118 seditione

2199 3058 2403 3131 ἑτέροις
2433 3060 2572 3113 τισὶν
2592 3059 2684 3112 καὶ
2717 3058 3115 3129 βαπτισθέντος.
3149 3061 3166 3079 ⁸
3194 3059 3314 3112 Ὀτι
3347 3059 3596 3123 στάσεως
3621 3077 3762 3129 κινη-

543 3147 790 3202 Corinthi
823 3160 1000 3214 mota,
1036 3149 1237 3208 Paulus
1283 3153 1595 3219 recesserit;
1650 3164 1705 3209 et
1762 3157 1928 3224 qnod,
1970 3171 2092 3210 eum

2199 3149 2384 3218 θείσης
2417 3151 2474 3201 ὲν
2514 3150 2780 3220 Κορίνθῳ,
2820 3152 2848 3202 ό
2882 3149 3087 3215 Παῦλος
3121 3149 3565 3222 ὑπανεχώρησεν·
3596 3151 3758 3204 ἐλθών

544 3236 813 3307 Ephesum
837 3242 1090 3306 venisset,
1120 3243 1329 3297 exierit.
1363 3243 1439 3298 De
1463 3244 1653 3313 Apollo
1675 3245 1791 3300 viro
1812 3247 2094 3316 eloquente

2199 3255 2251 3291 τε
2277 3241 2355 3301 εἰς
2392 3240 2620 3308 Ἔφεσον
2669 3241 2761 3294 καὶ
2792 3242 3111 3312 διαλεχθεὶς,
3149 3241 3388 3311 ἐξῆλθεν.
3412 3245 3427 3260 ⁵
3472 3243 3589 3296 Καὶ
3637 3243 3760 3313 περὶ

543 3345 608 3382 ac
637 3329 795 3382 ﬁdeli.

2207 3329 2443 3382 Ἀπολλὼ
2472 3331 2660 3403 ἀνδρὸς
2690 3332 2871 3402 λογίου
2898 3333 2991 3387 καὶ
3022 3333 3232 3386 πιστοῦ.

615 3417 848 3474 XXVIII.
889 3419 965 3475 De
989 3421 1308 3491 baptismate
1335 3435 1388 3479 et
1411 3425 1477 3480 de
1503 3423 1734 3494 Spiritus
1759 3426 1930 3482 sancti
1952 3427 2092 3482 dono

2263 3423 2396 3476 KH’.
2432 3425 2569 3495 Περὶ
2611 3423 2982 3496 βαπτίσματος
3010 3425 3105 3478 κα).
3134 3425 3231 3494 τῆς
3261 3422 3354 3478 τοῦ
3395 3425 3553 3492 ἀγίου
3593 3426 3757 3478 Πνεύ-

543 3523 806 3565 concesso
839 3512 1180 3569 credentibus
1216 3513 1412 3584 Ephesi
1453 3530 1547 3585 per
1587 3517 1884 3571 orationem
1916 3516 2089 3585 Pauli,

2199 3530 2360 3582 ματος
2401 3515 2607 3586 δωρεᾶς
2651 3515 2895 3585 δοθείσης
2927 3516 3015 3569 διά
3055 3518 3359 3588 προσευχῆς
3397 3517 3618 3569 Παύλου
3650 3520 3757 3578 τῶς

541 3612 596 3656 et
635 3606 912 3662 curatione
959 3609 1159 3678 populi.
1208 3607 1283 3664 De
1327 3609 1450 3666 ﬁliis
1479 3610 1680 3679 Scevaa,
1725 3620 1778 3668 et
1813 3615 1956 3682 quod
1984 3630 2092 3668 non

2199 3607 2250 3659 ὲν
2311 3605 2517 3679 Ἐφέσῳ
2573 3610 2881 3662 πιστεύουσι
2909 3606 3040 3679 (67),
3098 3609 3190 3662 καὶ
3233 3610 3362 3680 περ).
3409 3609 3611 3673 ἰάσεως
3660 3608 3755 3662 τοῦ

541 3705 784 3764 oporteat
811 3698 1065 3753 accedere
1087 3699 1152 3752 ad
1180 3699 1421 3756 infideles
1445 3709 1498 3756 et
1519 3704 1623 3757 lide
1647 3704 1916 3775 indignos,
1944 3721 2006 3759 ac
2029 3707 2094 3761 de

2199 3700 2338 3756 λαοῦ.
2371 3706 2391 3725 "
2423 3700 2557 3771 Περὶ
2575 3699 2682 3752 τῶν
2713 3698 2842 3752 υίῶν
2865 3700 3060 3767 Σκευᾶ,
3091 3701 3185 3753 καὶ
3208 3701 3290 3754 ὅτι
3312 3701 3372 3753 οὐ
3401 3700 3481 3753 δεῖ
3505 3718 3757 3772 προσχωρ

542 3787 881 3844 confessione
919 3791 1268 3845 credentium.
1314 3791 1388 3846 De
1425 3794 1685 3850 seditione
1722 3795 1919 3866 Ephesi
1950 3807 2093 3852 mota

2199 3795 2305 3864 ρεῖν
2334 3792 2443 3863 (68)
2473 3791 2718 3854 ἀπίστοις
2747 3791 2838 3843 καὶ
2870 3790 3110 3858 ἀναξίοις
3141 3793 3237 3863 τῆς
3266 3793 3502 3868 πίρτεως
3525 3793 3753 3862 γινομέ-

542 3894 638 3948 per
666 3877 992 3935 Demetrium
1022 3885 1384 3954 argentarium
1406 3895 1594 3942 contra
1621 3889 1914 3956 apostolos.

2199 3901 2329 3947 νοις,
2393 3881 2487 3935 καὶ
2531 3883 2660 3951 περ)⁸
2714 3879 3145 3952 ὲξομολογήσεως
3193 3881 3298 3934 τῶν
3350 3884 3707 3935 πιστευόντων
3729 3899 3748 3912 ·

2192 3978 2211 3997 ⁹
2234 3975 2361 4045 περὶ
2385 3973 2482 4042 τῆς
2498 3973 2556 4024 ἐν
2586 3971 2794 4041 Ἐφέσῳ
2825 3971 3135 4043 κινηθείσης
3164 3972 3406 4037 στάσεως
3439 3973 3539 4026 ὐπὸ
3562 3975 3749 4044 Δημη-

2187 4065 2340 4137 τρίου
2370 4063 2465 4117 τοῦ
2493 4063 2869 4133 ἀργυροκόπου
2899 4061 3040 4116 κατά
3063 4062 3171 4116 τῶν
3200 4064 3532 4117 ἀποστόλων.

614 4140 806 4196 XXIX.
847 4142 1109 4199 Periodus
1139 4143 1313 4213 Pauli,
1349 4147 1437 4202 ubi
1467 4148 1534 4203 de
1567 4158 1739 4203 morte
1771 4158 1825 4202 et
1851 4165 2091 4206 resurre-

541 4234 721 4288 ctione
771 4233 999 4306 Eutychi
1050 4236 1103 4290 in
1154 4237 1362 4293 Troade
1412 4255 1506 4309 per
1560 4241 1855 4294 orationem
1898 4240 2088 4297 Pauli:

538 4323 946 4380 adhortationes
987 4327 1282 4394 pastorales
1314 4328 1557 4397 ejusdem
1589 4329 1741 4384 Pauli
1767 4331 1833 4385 ad
1865 4335 2088 4404 presby-

2259 4154 2386 4211 KG’.
2434 4153 2682 4225 Περίοδος
2716 4153 2948 4216 Παύλου,
2979 4155 3036 4206 ὲν
3132 4154 3198 4208 τὰ
3242 4157 3370 4226 περὶ
3395 4154 3488 4208 τοῦ
3518 4155 3753 4209 θανάτου

2189 4251 2282 4304 καὶ
2313 4247 2654 4319 ἀνακλήσεως
2689 4247 2926 4317 Εὐτύχου
2959 4246 3048 4300 διά
3070 4249 3375 4318 προσευχῆς
3412 4249 3470 4300 ἐν
3499 4249 3751 4318 Τρωάδι·

2191 4341 2534 4412 παραινέσεις
2563 4357 2622 4393 τε
2650 4339 2812 4394 αὐτοῦ
2845 4339 3057 4392 Παύλου
3085 4339 3438 4411 ποιμαντικαὶ
3465 4339 3577 4410 (69)
3609 4341 3754 4409 πρὸς

539 4423 684 4470 teros
725 4415 942 4485 Ephesi.
994 4414 1276 4489 Navigatio
1326 4419 1476 4474 Pauli
1528 4419 1740 4490 Epheso
1787 4421 2084 4479 Caesaream

2199 4435 2312 4495 τοὺς
2353 4433 2410 4486 ὲν
2469 4431 2676 4501 Ἐφέσῳ
2719 4430 3146 4503 πρεσϐυτέρους·
3180 4435 3195 4451 ³
3241 4433 3296 4484 ἐν
3344 4424 3387 4498 ᾧ
3427 4430 3753 4502 παράπλους

535 4505 851 4560 Palaestinae.

607 4681 773 4736 XXX.
816 4683 986 4753 Agabi
1028 4685 1306 4753 prophetia
1335 4686 1401 4740 de
1435 4687 1504 4741 iis
1537 4702 1657 4758 qua:
1683 4687 1852 4745 Paulo
1877 4700 2088 4744 contin-

533 4791 658 4845 gere
687 4774 926 4829 futurum
951 4784 1066 4830 erat
1094 4777 1147 4830 in
1168 4774 1487 4832 Jerusalem.

606 4865 796 4920 XXXI.
843 4867 1164 4922 Adhortatio
1182 4866 1367 4924 Jacobi
1387 4870 1453 4924 ad
1477 4869 1724 4936 Paulum,
1747 4887 1814 4927 ne
1835 4871 2088 4929 Hebraeos

531 4957 815 5017 cohiberet
841 4973 870 5012 a
899 4959 1331 5015 circumcisione.

602 5053 818 5107 XXXII.
860 5057 934 5109 De
987 5057 1216 5111 tumultu
1263 5067 1382 5111 orto
1430 5058 1484 5111 in
1537 5056 1834 5115 Jerusalem
1898 5068 2085 5116 contra

534 5140 784 5211 Paulum,
817 5155 871 5200 et
899 5147 1172 5216 quomodo
1206 5164 1330 5204 eum
1380 5153 1623 5205 centurio
1669 5168 1698 5204 a
1743 5152 2086 5207 multitudine

532 5237 829 5306 eripuerit;
862 5239 953 5294 ubi
989 5238 1141 5295 Pauli
1169 5242 1358 5296 concio
1387 5243 1452 5297 de
1483 5258 1540 5298 se
1582 5244 1718 5313 ipso,
1753 5254 1808 5298 et
1835 5247 1897 5297 de
1928 5260 2087 5300 voca-

606 5440 720 5512 (62)
751 5441 964 5512 Enthal.
998 5443 1064 5494 ὲκ
1095 5443 1336 5512 γενετῆς.

610 5508 718 5585 (θῇ)
760 5510 849 5566 Sic
897 5523 1042 5566 recte
1088 5508 1303 5568 Euthal.
1358 5530 1454 5585 pro
1505 5515 1785 5584 φυλακέων
1833 5519 1950 5574 cod.
1993 5535 2095 5575 ms.

532 5582 698 5639 Coisl.

613 5651 722 5725 (ﬁt)
764 5650 984 5725 Rectius
1021 5653 1216 5708 iterum
1259 5655 1493 5711 Euthalii
1541 5659 1751 5714 codices
1791 5661 2093 5725 πανὲστιος.

527 5751 605 5775 ..α-ο
631 5719 815 5774 Menti.
849 5722 1052 5796 legebat
1084 5725 1314 5778 πανοικί.

2191 4523 2401 4579 Παύλου
2442 4523 2548 4576 ἀπὸ
2590 4523 2812 4591 Ἐφέσου
2853 4523 2978 4594 ἄχρι
3020 4522 3351 4593 Καισαρείας
3393 4521 3493 4592 τῆς
3538 4522 3750 4576 Παλαι-

2189 4614 2627 4770 στῖῗς.Ἀγάϐου
2659 4702 2965 4773 προφητεία
3003 4704 3131 4774 περὶ
3171 4701 3276 4756 τῶν
3317 4703 3753 4774 συμϐησομένων

2185 4793 2264 4859 τῷ
2293 4793 2484 4864 Παύλῳ
2515 4795 2573 4846 ὲν
2612 4793 2977 4864 Ἰερουσαλήμ.

2257 4885 2380 4937 AA'.
2417 4885 2739 4955 Παραίνεσις
2777 4882 3029 4936 Ἰακώϐου
3077 4884 3210 4954 πρὸς
3227 4883 3446 4950 ,Παῦλον
3470 4885 3752 4955 περὶτοῦ,

2189 4976 2264 5047 μὴ
2295 4975 2468 5028 δοκεῖν
2496 4974 2720 5030 κωλύειν
2757 4974 3036 5045 Ἐϐραίους
3065 4973 3494 5046 περιτέμνεσθαι.

2256 5068 2376 5120 AB’.
2418 5068 2554 5138 Περὶ
2579 5067 2678 5139 τῆς
2727 5069 2785 5126 ἐν
2830 5066 3180 5139 Ἰερουσαλὴμ
3221 5065 3359 5120 κατά
3397 5065 3493 5118 τοῦ
3530 5067 3756 5120 Παύλου

2187 5157 2496 5228 κινηθείσης
2526 5157 2767 5221 ἀταξίας,
2803 5159 2948 5222 ὅπως
2978 5175 3037 5210 τε
3084 5158 3243 5210 αὐτὸν
3271 5160 3298 5210 ό
3330 5157 3613 5228 χιλίαρχος
3655 5158 3756 5210 τοῦ

2189 5248 2422 5320 πλήθους
2455 5249 2777 5320 ἐξαιρεῖται⁸
2808 5252 2826 5270 ⁹
2855 5251 2913 5304 έν
3016 5249 3226 5302 Παύλου
3256 5249 3592 5314 κατάστασις
3619 5250 3756 5318 περὶ

2424 5458 2660 5529 Euthal.,
2700 5461 2785 5513 ἐπ’
2823 5461 3022 5524 αὐτοῖς.
3059 5460 3165 5525 AL,
3204 5464 3287 5515 ἐπ’
3328 5465 3550 5529 αὐτούς.

2424 5527 2688 5600 Κρίσπου,
2730 5530 2940 5583 Euthal.

2274 5595 2386 5664 (67)
2425 5595 2794 5658 Πιστεύσασιν.
2837 5600 2906 5653 id.

2420 5668 2500 5739 gl.
2512 5709 2544 5739 ,Α
2566 5669 2845 5739 ἐγχειρεῖν.
3183 5709 3194 5722 .

2279 5735 2387 5807 (69)
2426 5735 2661 5807 Ευιὴαιῖ,
2704 5735 3016 5812 παραίνεσις
3055 5741 3401 5815 ποιμαντική.
