1998 3104
170 136 239 164 I557

736 138 915 168 EXPOSITIO
935 140 968 167 IN
987 141 1064 168 ACT.
1087 142 1208 170 APOST.

1706 147 1719 173 1
1725 146 1776 174 558

168 194 264 221 ἑαυτοῦ
277 195 322 221 καὶ
335 195 385 230 τῆς
398 196 437 226 εἰς
448 196 697 224 ἀπόστολον-ἑαυτοῦ
708 198 828 234 κλήσεως
838 208 845 215 -
858 202 865 210 '
881 200 945 234 περὶ
959 219 964 231 Α

996 200 1069 227 tione
1092 209 1141 228 sua
1164 203 1190 229 in
1216 203 1387 237 apostolum;
1412 204 1445 231 de
1471 205 1585 232 adventu
1611 205 1722 233 Ananiae
1741 206 1774 233 ad
1797 187 1802 207 γ

167 236 206 267 ὧν
219 241 233 266 ὁ
255 241 375 271 Ἀνανίας
389 240 444 276 (70)
468 242 535 275 πρὸς
556 242 600 269 τὸν
624 243 728 270 Παῦλον
749 245 777 270 ἐν
799 245 945 280 Δαμασκῷ,

166 286 298 318 ὀπτασίας
311 295 340 312 τε
363 287 408 313 καὶ
429 287 521 322 φωνῆς
538 288 605 314 Θεοῦ
627 289 773 326 γενομένης
791 291 855 317 ποτὲ
880 292 947 327 πρὸς

167 331 248 358 αὑτὸν
262 333 292 358 ἐν
301 331 339 367 τῷ
354 333 429 368 ἱερῷ.
446 335 456 345 '
472 334 531 360 Ὅτι
550 333 654 369 μέλλων
669 337 714 362 ἐπὶ
728 335 832 368 τούτοις
847 338 861 363 ὁ
875 337 948 363 Παῦ-

167 376 212 408 λος
237 377 395 410 τύπτεσθαι,
423 379 506 406 εἰπὼν
537 380 577 406 ὅτι
597 380 729 415 Ῥωμαῖός
757 382 849 414 ἐστιν,
874 383 946 408 ἀνεί-

167 421 201 457 οη
222 422 262 457 (71
268 423 289 458 ).

202 469 261 495 Al".
280 469 350 496 ’Ὸσα
367 470 474 503 Παῦλος
492 471 613 504 καταϐὰς
629 473 669 504 εις
681 473 711 499 τὸ
727 474 861 510 συνέδριον
880 475 946 501 Επα-

167 513 210 540 Οέν
225 522 255 540 τε
267 515 315 541 καὶ
326 513 411 548 εἶπεν,
430 517 476 543 καὶ
491 517 642 549 εὐθυσόλως
656 518 780 554 ἔπραξεν.

200 605 259 631 ΛΔ’.
279 606 346 641 Περὶ
361 606 505 642 ἐπιϐουλῆς
521 608 710 644 μελετωμένης
729 610 865 643 Ἰουδαίοις
890 612 944 649 (72)

167 652 236 679 κατά
253 652 368 685 Παύλου,
384 654 430 680 καὶ
453 654 594 689 μηνύσεως
614 656 697 691 αὐτῆς
720 657 787 692 πρὸς
803 658 903 685 Λυσίαν
915 667 921 674 ⁸
936 661 945 670 ‘

166 698 195 724 ὲν
210 694 231 732 ᾧ
249 698 288 724 ὅτι
304 699 487 735 παρεπέμφθη
500 701 514 726 ὁ
527 700 631 732 Παῦλος
644 702 683 737 τῷ
698 703 811 738 ἡγεμόνι
824 705 862 736 είς
879 705 946 731 Και-

166 742 275 778 σάρειαν
289 743 358 778 μετά
374 745 545 779 στρατιωτῶν
560 747 607 772 καὶ
624 748 804 783 γραμμάτων.

200 789 261 815 ΛΕ’.
277 789 424 825 Τερτύλλου
447 792 511 827 περ).
526 792 630 819 Παύλου
647 795 814 831 κατηγορίας
830 796 883 831 (75)
900 798 945 824 καὶ

154 834 247 865 ,αὑτοῦ
262 835 407 870 ἀπολογίας
423 837 469 863 ἐπὶ
480 837 527 864 τοῦ
542 840 685 874 ἡγεμόνος.

997 244 1110 272 Paulum
1122 246 1256 280 Damasci,
1270 247 1302 274 de
1313 247 1416 274 visione
1428 252 1454 275 et
1467 256 1531 276 voce
1543 249 1589 276 Dei
1604 249 1636 276 ad
1652 257 1713 276 eum
1726 250 1776 276 ali-

998 289 1105 322 quando
1118 290 1217 317 emissa
1234 291 1260 317 in
1278 291 1388 325 templo.
1407 291 1484 324 Quod
1501 301 1562 320 cum
1580 294 1623 320 his
1638 294 1671 321 de
1684 295 1774 322 causis

997 332 1097 362 Paulus
1111 343 1173 362 mox
1188 336 1371 363 verberandus
1388 342 1468 370 esset,
1495 345 1556 365 cum
1571 336 1685 367 dixisset
1699 348 1706 367 :
1722 339 1774 366 Ro—

998 387 1088 406 manus
1105 388 1172 413 sum,
1188 380 1316 409 dimissus
1329 387 1379 411 est.

1032 471 1151 498 XXXIII.
1172 472 1300 505 Quaenam
1323 472 1433 505 Paulus.
1454 482 1515 502 cum
1531 475 1648 502 venisset
1664 476 1691 502 in
1707 483 1772 503 con-

997 517 1100 549 cilium,
1115 526 1212 552 passus
1227 519 1271 551 sit,
1283 527 1343 553 qua:
1357 520 1465 552 dixerit,
1481 524 1508 547 et
1519 528 1577 554 qua
1591 521 1722 556 sagaciter
1736 521 1769 549 fe-

997 563 1071 591 eerit.

1031 608 1151 635 XXXIV.
1173 609 1210 636 De
1225 610 1330 637 insidiis
1347 619 1394 645 per
1415 610 1522 639 Judmos
1544 616 1638 639 contra
1660 611 1773 638 Paulum

996 655 1116 687 structis,
1143 659 1169 682 et
1183 656 1215 683 de
1234 656 1431 690 signiﬁcatione
1447 657 1506 692 ejus
1522 657 1554 684 ad
1571 657 1678 692 Lysiam
1692 658 1772 685 facta.

996 699 1072 733 Quod
1089 699 1188 728 Paulus
1200 701 1300 729 missus
1313 702 1347 729 sit
1356 701 1504 730 Caesaream
1516 702 1549 729 ad
1560 702 1699 737 praesidem
1712 711 1774 730 cum

995 745 1126 773 militibus
1139 751 1166 774 et
1179 747 1286 774 litteris.

1030 790 1138 818 XXXV.
1159 792 1196 819 De
1219 791 1331 819 Tertulli
1352 797 1446 819 contra
1462 791 1575 820 Paulum
1590 793 1772 828 accusatione,

996 841 1022 864 et
1040 837 1073 864 de
1090 837 1214 872 apologia
1228 837 1287 872 ejus
1304 845 1396 865 coram
1410 837 1532 872 praeside.

201 881 269 914 ΔΕΓ.
287 881 353 917 Περὶ
376 882 426 915 τῆς
445 872 559 918 Φήλικος
577 872 700 921 διαδοχῆς
719 887 828 922 καὶτῆς
840 888 943 924 Φήστου
961 872 964 899 Ι

1031 882 1150 910 XXXVI.
1170 882 1251 910 Felici
1271 884 1391 912 succedit
1414 884 1520 912 Festus.
1545 884 1644 913 Paulus
1662 892 1773 913 causam

166 926 354 962 προσαγωγῆς,
368 926 418 961 τῆς
431 936 460 954 τε
473 929 514 955 ἐπ’
527 929 614 956 αὐτῶν
625 930 679 965 (74)
691 931 860 967 ἀνακρίσεως
872 933 944 960 Παύ-

165 970 211 997 λου
224 971 270 997 καὶ
283 971 415 1005 ἀφέσεως.

199 1016 258 1043 ΛΖ¹.
282 1017 432 1052 Ἀγρίππου
446 1018 493 1044 καὶ
512 1018 643 1055 Βερνίκης
657 1022 801 1056 παρουσία,
818 1023 864 1049 καὶ
878 1022 943 1049 πεῦ-

165 1068 207 1092 σις
219 1059 272 1087 τῶν
282 1061 351 1088 κατὰ
366 1062 472 1089 Παύλου
488 1062 553 1098 (75).
571 1066 578 1074 ·
600 1065 642 1091 Ἐν
659 1062 680 1098 ᾦ
692 1066 822 1101 ἀπολογία
838 1068 943 1094 Παύλου

163 1105 209 1130 ἐπὶ
230 1105 378 1141 Ἀγρίππου
398 1109 444 1135 καὶ
461 1109 601 1146 Βερνίκης,
619 1113 682 1148 περὶ
694 1113 744 1148 τῆς
759 1115 787 1141 ἐν
802 1116 874 1151 νόμῳ
886 1118 941 1153 (76)

163 1150 309 1185 θρησκείας
324 1152 405 1179 αὐτοῦ
427 1154 472 1180 καὶ
495 1154 616 1191 κλήσεως
641 1158 681 1188 είς
702 1159 731 1184 τὸ
767 1150 938 1194 Εὺαγγίλιονξ

166 1196 211 1227 Ὠς
227 1196 302 1223 οὐδὲν
313 1197 400 1224 ἀδικεῖ
418 1199 556 1232 Ἰουδαίους
569 1203 583 1228 ὁ
595 1202 710 1235 Παῦλος,
727 1204 877 1240 Ἀγρίππας
889 1206 939 1243 ἔφη

160 1240 200 1275 τῷ
215 1241 319 1276 Φήστῳ.

201 1288 264 1314 ΑΠ’.
285 1288 372 1321 Πλοῦς
395 1290 500 1318 Παύλου
516 1292 562 1319 ἐπὶ
587 1292 705 1329 Ῥώμην,
727 1295 854 1323 κινδύνων
869 1298 943 1325 πλεί-

164 1340 233 1359 στων
246 1341 276 1359 τε
291 1334 337 1360 καὶ
351 1335 484 1369 μεγίστων
498 1337 647 1372 πάμπλεως
656 1339 723 1375 (77)·
740 1340 751 1352 '
766 1341 795 1367 ὲν
810 1338 832 1375 ᾧ
844 1344 944 1378 παραί-

163 1384 238 1409 νεσις
252 1378 358 1405 Παύλου
375 1380 442 1415 πρὸς
455 1382 518 1414 τοὺς
535 1384 583 1411 σὺν
595 1385 669 1420 αύτῷ
684 1387 748 1421 περὶ
768 1386 874 1420 ἐλπίδος
892 1397 943 1416 σω-

163 1422 272 1469 τηρίας.
284 1423 292 1434 ⁸
309 1423 443 1459 Ναυάτιον
460 1426 577 1461 Παύλου,
596 1430 670 1462 ὅπως
680 1440 708 1457 τε
723 1431 887 1469 διεσώθησαν
903 1437 942 1467 είς

165 1468 283 1504 Μελίτην
305 1469 353 1505 τὴν
383 1471 473 1507 νῆσον,
496 1475 542 1501 καὶ
563 1476 611 1502 ὅσα
626 1485 654 1503 τε
671 1477 700 1504 ὲν
712 1478 779 1515 αὐτῇ
807 1468 940 1516 ὲόαυματ-

163 1514 267 1549 ούργει.

273 1561 364 1595 Ὀτι-ως
382 1564 436 1591 ἀπὸ
461 1566 579 1602 Μελίτης
591 1569 631 1600 είς
650 1568 757 1606 Ῥώμην
775 1574 940 1610 κατήντησεν

162 1606 178 1631 ὁ
193 1606 306 1639 Παῦλος.

178 1652 242 1723 In;
256 1654 332 1723 ίΠερὶ
349 1655 489 1690 διαλέξεως
508 1660 613 1688 Παύλου
635 1663 702 1698 πρὸς
718 1665 781 1697 τοὺς
798 1666 828 1692 ὲν
848 1666 941 1705 Ῥώμῃ

190 1705 220 1722 ου
236 1706 252 1723 α
265 1706 321 1723 ους.

170 1696 321 1729 Ἰουδαίους.

164 1786 176 1793 -
198 1742 339 1793 Κεφάλαια
354 1745 454 1793 μὲν-τὰ
468 1747 516 1774 ὅλα
533 1753 559 1785 μ’
569 1759 575 1765 ·
596 1751 629 1778 τὰ
644 1752 671 1779 δὲ
686 1754 790 1787 τούτοις
809 1757 937 1793 ἑπόμενα,

160 1787 241 1814 ἇτινα
256 1787 305 1820 τὰς
318 1791 478 1825 σημειώσεις
493 1794 582 1829 ἔχουσι
598 1797 652 1833 (78)
670 1798 713 1825 διὰ
724 1800 796 1833 τοῦ“,
814 1787 868 1837 μηί

198 1874 253 1910 (70)
273 1873 355 1903 Εἶπεν
370 1879 437 1906 adde
453 1888 485 1908 ex
499 1881 604 1910 Euthal.

198 1910 390 1961 SZI)-£'E§£YE
407 1916 526 1961 £99130?!
537 1918 643 1961 ,Μρηιττ
669 1921 811 1961 legendum
825 1924 938 1961 Men.

162 1948 305 2007 {itaque
320 1948 391 1975 enim
407 1948 523 1979 formam
537 1955 645 1982 tradunt
663 1948 938 1991 grammatici:

365 2018 506 2054 Ἰουδαίων,
517 2021 625 2050 Euthal.

339 2055 486 2094 κατηγορία
498 2049 525 2084 et
539 2049 678 2094 ἀπολογία.

198 2084 253 2120 (74)
273 2085 323 2119 Id.,
337 2088 380 2114 ἐπ’
391 2084 481 2118 domas.

995 937 1071 956 suam
1090 929 1144 964 agit
1156 929 1228 964 apud
1243 929 1348 962 ambos.
1362 935 1388 957 et
1398 930 1552 958 dimittitur.

1028 1019 1161 1047 XXXVII.
1182 1020 1306 1055 Agrippae
1318 1025 1344 1048 et
1354 1021 1480 1049 Bernices
1493 1022 1635 1054 adventus,
1649 1027 1676 1049 et
1689 1022 1774 1050 inter-

993 1066 1097 1100 rogatio
1115 1066 1187 1093 circa
1208 1066 1283 1093 Pauli
1301 1074 1422 1094 causam.
1438 1068 1568 1103 Apologia
1586 1068 1664 1095 Pauli
1679 1075 1773 1096 coram

993 1112 1109 1147 Agrippa
1128 1117 1154 1139 et
1169 1112 1292 1144 Bernice,
1307 1113 1341 1140 de
1355 1121 1404 1140 suo
1423 1113 1570 1140 secundum
1590 1114 1674 1149 legem
1687 1115 1772 1148 cultuI

994 1157 1081 1192 deque
1104 1158 1246 1185 vocatione
1271 1167 1318 1185 sua
1344 1159 1376 1185 ad
1391 1157 1577 1194 Evangelium.
1601 1159 1718 1196 Agrippa
1736 1160 1774 1188 ait

995 1202 1085 1236 Festo,
1101 1203 1216 1231 Paulum
1232 1203 1340 1231 Judazos
1356 1204 1425 1232 nihil
1442 1205 1549 1232 laedere.
1611 1204 1614 1207 ’

1027 1293 1169 1321 XXXVIII.
1191 1293 1331 1330 Navigatio
1350 1294 1424 1322 Pauli
1441 1295 1554 1322 Romam
1568 1303 1629 1323 cum
1645 1297 1773 1331 periculis

993 1339 1086 1367 multis
1101 1340 1299 1375 maximisque;
1316 1341 1361 1367 ubi
1376 1341 1531 1368 adhortatio
1544 1340 1620 1368 Pauli
1634 1342 1668 1368 ad
1683 1343 1772 1370 socios

993 1385 1025 1411 de
1041 1392 1087 1419 spe
1097 1385 1203 1412 salutis.
1216 1385 1392 1420 Naufragium
1403 1385 1489 1414 Pauli.
1500 1385 1641 1419 Quomodo
1651 1392 1772 1415 vectores

992 1430 1019 1456 in
1035 1429 1153 1458 Melitam
1174 1431 1290 1459 insulam
1311 1432 1456 1465 evaserint,
1472 1437 1498 1460 et
1514 1440 1574 1467 quae
1588 1432 1624 1459 ibi
1638 1432 1771 1460 mirabilia

993 1477 1148 1511 patraverit.

1029 1577 1148 1606 XXXIX.
1166 1579 1305 1612 Quomodo
1321 1588 1353 1608 ex
1374 1582 1460 1609 Melita
1476 1581 1589 1609 Romam
1610 1581 1708 1610 Paulus
1725 1583 1773 1611 ad-

993 1625 1107 1653 venerit.

1028 1669 1085 1697 XL.
1106 1669 1143 1697 Dc
1158 1671 1294 1706 colloquio
1315 1670 1390 1698 Pauli
1404 1679 1465 1699 cum
1482 1671 1582 1699 Iudaeis
1612 1672 1659 1707 qui
1679 1670 1773 1700 Romae

993 1720 1080 1743 erant.

1028 1761 1121 1796 Capita
1138 1763 1246 1797 quidem
1260 1763 1439 1800 quadraginta
1455 1768 1518 1791 sunt
1535 1773 1542 1790 :
1557 1771 1617 1798 quae
1633 1771 1697 1791 vero
1712 1769 1773 1799 post

993 1807 1081 1842 capita
1096 1808 1226 1835 asterisco
1243 1813 1381 1843 notantur,
1393 1809 1571 1845 quadraginta
1588 1814 1615 1837 et
1628 1814 1699 1837 octo.

1026 1892 1082 1928 (75)
1101 1893 1178 1920 Κατά
1193 1894 1309 1927 Παῦλον,
1326 1895 1363 1923 id.

1025 1927 1080 1964 (76)
1105 1929 1242 1964 Ἑννόμου,
1260 1930 1297 1957 id.

1024 1962 1080 1999 (77)
1101 1963 1151 1999 Id.,
1166 1962 1299 1999 ἔμπλεως.

1026 1997 1081 2032 (78)
1101 1997 1152 2031 ld.,
1166 1997 1210 2027 διὰ
1226 2000 1419 2036 κινναϐάρεως.
1438 2000 1513 2035 Apud
1530 1999 1769 2036 eumdemrihidicm

991 2037 1101 2072 notatur
1115 2042 1245 2072 numerus
1258 2036 1356 2070 στίχων
1370 2043 1417 2062 seu
1429 2044 1548 2072 versuum
1561 2037 1626 2072 ροβ’,
1642 2035 1702 2062 172.
1718 2035 1768 2062 Sed

991 2068 1129 2105 ille_l_o_nge
1144 2070 1233 2105 minor
1246 2075 1288 2097 est
1303 2068 1354 2105 pro
1370 2075 1428 2098 toto
1443 2070 1514 2097 libro
1529 2068 1671 2102 Actorum,
1688 2078 1769 2105 quem

991 2111 1018 2137 p.
1032 2102 1081 2130 Ml
1099 2102 1204 2139 reperio
1219 2104 1298 2132 2556.

170 2184 1756 2212 Μ,

738 2282 797 2338 S.
854 2285 1189 2343 PAMPHILI

573 2396 872 2445 APOLOGIA
908 2402 1025 2449 PRO
1061 2403 1350 2449 ORIGENE.

161 2487 628 2542 ApolongetnieumAS.Aqumphil-i
647 2502 703 2542 pro
725 2495 862 2542 Origene
889 2496 1073 2542 retinuimus
1098 2498 1181 2529 inter
1197 2499 1313 2542 scripta
1333 2501 1371 2542 ad
1399 2500 1573 2542 Qrigencm
1593 2504 1769 2542 spectantia

203 2531 609 2578 gnteipsiujsioperibusjn
627 2531 768 2578 editione
783 2531 923 2568 humana
940 2539 1191 2578 subjunguntur.
1210 2531 1271 2570 Adi
1288 2531 1623 2573 Collection‘i’snnmtrﬁa;
1636 2531 1767 2574 ἰδ’ὦᾶὰί

202 2566 350 2605 quintum
366 2566 536 2600 decimum.
556 2571 644 2604 Εοιτ.
664 2573 798 2605 Ρηιιοι.
