1998 3104
172 139 236 166 1581

667 137 697 164 S.
717 136 854 164 PHiLEE
874 137 982 165 EPIST.
1002 138 1045 165 AD
1065 138 1257 166 THML‘I’MS.

1714 140 1784 168 £56!

744 310 809 366 S-
851 311 1202 367 PHILEE

467 415 664 446 ECCLESUE
693 415 962 446 THMUITARUM
1000 417 1176 447 EPISCOPI
1205 417 1254 446 ET
1282 416 1488 448 MABTYRIS

874 506 1064 528 EXCERPTL‘M

539 585 619 630 EX
656 586 944 632 EPISTOLA
980 587 1057 631 AD
1093 589 1422 642 THMUITAS.

649 683 724 719 Apud
748 682 844 710 Euseb.
858 682 927 711 ilist.
945 683 1013 712 eccl.
1029 685 1076 712 lib.
1094 693 1153 718 vui,
1173 693 1232 721 cap.
1251 686 1295 714 io.

206 819 313 845 Τούτων
323 818 449 845 ἁπάντων
462 818 665 854 ὑποδειγμάτων
675 820 739 854 ἡμῖν
752 820 799 846 καὶ
809 819 948 855 ὑπογραμ-

1033 819 1051 847 1.
1074 819 1136 847 Haec
1158 820 1249 847 omnia
1270 820 1392 855 exempla
1413 827 1446 847 ac
1466 819 1543 856 signa
1557 825 1584 849 et
1599 821 1781 856 pulcherrima

172 865 231 900 μῶν
240 865 287 891 καὶ¹
297 863 387 891 καλῶν
394 864 589 900 γνωρισμάτων
597 865 625 891 ἐν
638 866 695 896 ταῖς
708 865 792 896 θείαις
804 866 850 892 καὶ
866 866 949 901 ἱεραῖς

171 911 291 946 Γραίραῖς
307 909 447 944 κειμένων,
463 909 537 936 οὐδὲν
556 909 720 945 μελήσαντες
740 910 795 945 (Η)
812 911 836 937 οἱ
859 911 948 946 μακά-

173 965 224 991 ριοι
236 957 260 982 οι
278 956 325 982 σὺν
340 957 404 991 ἡμῖν
420 956 566 991 μάρτυρες,
582 956 612 982 τὸ
630 956 680 990 τῆς
694 956 781 991 ψυχῆς
796 956 870 991 ὄμμα
883 956 951 992 πρὸς

170 1003 215 1029 τὸν
230 1003 275 1028 ἐπὶ
292 1002 398 1028 πάντων
413 1001 478 1028 Θεὸν
491 1001 618 1036 καθαρῶς
632 1002 778 1033 τείναντες,
792 1002 894 1028 καὶτὸν
908 1002 950 1027 ἐπ’

170 1048 294 1083 εὐσεϐείᾳ
307 1047 417 1074 θάνατον
433 1048 460 1073 ἐν
474 1046 511 1082 νῷ
521 1047 656 1078 λαὸόντες,
670 1047 753 1082 ἀπρὶξ
767 1048 816 1082 τῆς
830 1047 951 1082 κλήσεως

170 1094 288 1128 εἴχοντο·
308 1092 353 1119 τὸν
371 1093 419 1127 μὲν
435 1092 535 1127 Κύριον
556 1092 632 1127 ἡμῶν
654 1092 757 1127 Ἰησοῦν
778 1092 892 1127 Χριστὸν
906 1093 951 1117 εὖ·

171 1141 264 1174 ρὸντες
289 1138 535 1173 ἐνανθρωπήσαντα
563 1137 596 1163 δι’
611 1138 693 1172 ἡμᾶς,
720 1137 763 1163 ἵνα
787 1138 876 1163 πᾶσαν
901 1137 950 1172 μὲν

170 1183 308 1218 ἁμαρτίαν
333 1182 445 1218 ἐκκόψῃ,
470 1182 561 1215 ἐφόδια
584 1182 612 1208 δὲ
633 1182 683 1216 τῆς
707 1183 747 1213 εἰς
770 1182 818 1217 τὴν
844 1181 950 1209 αἰώνιον

171 1229 242 1265 ζωὴν
265 1229 364 1255 εἰσόδου
388 1229 452 1263 ἡμῖν
482 1228 641 1262 καπίθη-ταν
669 1229 710 1255 Οὺ
728 1227 780 1264 γὰρ
797 1228 951 1263 ἁρπαγμὸν

171 1275 304 1309 ἡγήσατο
319 1274 350 1301 τὸ
360 1272 433 1301 εἶναι
449 1274 502 1300 ἴσα
516 1273 585 1306 Θεῷο
599 1274 667 1300 ἀλλ’
684 1274 792 1301 ἑαυτὸν
810 1274 949 1307 ἐκένωσε,

169 1320 287 1355 μορφὴν
300 1320 408 1347 δούλου
426 1319 539 1346 λαϐὼν·
556 1319 606 1345 καὶ
620 1319 751 1354 σχήματι
767 1320 897 1353 εὑρεθεὶς
910 1320 951 1353 ὡς

171 1365 332 1398 ἅνθρωπος,
346 1363 453 1391 ἑαυτὸν
464 1364 664 1390 ἐταπείνωσεν
676 1364 731 1397 ἕως
744 1364 882 1396 θανάτου,
899 1366 949 1391 θα-

171 1410 263 1437 νάτου
275 1410 308 1436 δὲ
324 1410 465 1445 σταυροῦ.
488 1411 533 1437 Διὸ
555 1412 602 1437 καὶ
615 1411 785 1446 ζηλώσαντες
794 1411 827 1437 τὰ
841 1411 950 1447 μείζονα

171 1456 325 1492 χαρίσματα
340 1457 364 1482 οι
376 1456 553 1492 Χριποφὸροι
571 1457 707 1492 μάρτυρες
718 1457 784 1492 (12),
801 1457 888 1484 πάντα
902 1457 950 1492 μὲν

1003 866 1163 893 documenta
1186 865 1214 891 in
1235 865 1320 892 sacris
1347 865 1444 893 litteris
1468 870 1573 893 exstare
1598 874 1660 893 cum
1681 867 1783 893 scirent

1003 913 1150 941 beatissimi
1184 913 1230 948 qui
1256 913 1397 940 nobiscum
1424 913 1522 941 versati
1546 915 1609 940 sunt
1631 917 1782 949 martyres.

1003 959 1104 994 absque
1127 959 1181 986 ulla
1201 958 1387 990 cunctatione,
1404 958 1513 986 oculum
1528 960 1625 987 mentis
1648 960 1675 986 in
1688 967 1783 994 supre-

1003 1012 1076 1031 mum
1093 1004 1213 1031 omnium
1228 1003 1312 1031 Deum
1329 1004 1435 1031 sincere
1449 1004 1606 1039 deﬁgentcs,
1622 1010 1649 1032 et
1668 1010 1782 1032 mortem

1003 1056 1052 1082 pro
1070 1048 1169 1082 pietate
1192 1048 1285 1075 libenti
1299 1048 1391 1075 animo
1412 1049 1605 1083 amplectentes
1617 1070 1624 1081 ,
1645 1051 1782 1078 vocationi

1004 1101 1060 1120 sua:
1085 1094 1259 1128 pertinaciter
1285 1093 1461 1121 inhaeserunt.
1500 1094 1604 1129 Quippe
1629 1096 1676 1130 qui
1701 1096 1783 1131 probe

1004 1144 1124 1171 nossent,
1137 1138 1281 1166 Dominum
1296 1144 1420 1166 nostrum
1433 1138 1525 1166 Jesum
1538 1140 1676 1168 Christum
1690 1146 1783 1169 nostra

1003 1192 1085 1212 causa
1109 1184 1247 1212 hominem
1272 1185 1374 1213 idcirco
1396 1185 1498 1214 factum
1514 1186 1608 1219 fuisse,
1628 1190 1657 1213 ut
1678 1192 1705 1214 et
1719 1195 1783 1221 pec-

1004 1234 1094 1257 catum
1119 1231 1231 1258 omnino
1248 1231 1433 1263 exscinderet,
1451 1237 1477 1259 et
1496 1232 1528 1259 ad
1547 1232 1630 1258 vitam
1653 1237 1782 1259 :eternam

1003 1274 1230 1302 contendentibus
1246 1275 1325 1303 nobis
1341 1275 1462 1303 subsidia
1481 1276 1585 1303 itineris
1602 1280 1781 1311 compararet.

1005 1320 1065 1346 Non
1079 1321 1150 1347 enim
1172 1321 1292 1354 rapinam
1312 1320 1457 1347 arbitratus
1475 1326 1513 1348 est
1526 1321 1665 1354 Christus,
1685 1329 1740 1348 esse
1755 1329 1783 1348 δε

1003 1367 1129 1402 a'qualem
1142 1367 1211 1399 Deo;
1227 1367 1271 1393 sed
1284 1368 1427 1394 exiuanivil
1441 1376 1467 1394 re
1479 1368 1574 1401 ipsum,
1589 1368 1656 1395 servi
1670 1368 1782 1402 formam

1003 1412 1132 1444 induens;
1148 1418 1171 1439 et
1186 1413 1269 1447 specie
1293 1413 1350 1447 ipsa
1368 1413 1485 1439 inventus
1504 1413 1580 1447 quasi
1593 1412 1679 1445 homo,
1697 1412 1783 1438 humi-

1003 1458 1078 1485 liavit
1101 1466 1128 1485 re
1143 1459 1228 1493 ipsum
1249 1467 1330 1493 usque
1350 1458 1384 1485 ad
1399 1463 1524 1491 mortem;
1542 1463 1567 1484 et
1587 1458 1690 1493 quidem
1711 1466 1782 1485 mor-

171 1502 249 1528 πόνον
265 1503 311 1528 καὶ
328 1502 456 1534 παντοίας
475 1503 611 1537 αἰκισμῶν
630 1502 750 1534 ἐπινοίας
763 1502 811 1529 οὒκ
824 1503 949 1536 εἰσάπαξ,

1002 1508 1052 1531 tem
1075 1504 1190 1531 crucis‘.
1216 1504 1332 1531 Proinde
1358 1504 1471 1531 meliora
1499 1504 1662 1531 charismata
1684 1511 1782 1532 conse-

171 1548 227 1574 ἀλλ’
243 1548 291 1583 ἤδη
313 1550 358 1575 καὶ
383 1549 517 1583 δεύτερον,
532 1549 602 1580 τινὲς
622 1549 786 1584 ὑπέμειναν·
814 1550 903 1581 πάσας
924 1550 952 1577 δὲ

170 1594 283 1626 ἀπειλὰς
295 1595 324 1620 οὒ
338 1595 425 1630 λόγοις
442 1596 531 1631 μόνον,
551 1595 618 1622 ἀλλὰ
634 1596 680 1623 καὶ
698 1595 788 1631 ἔργοις
802 1596 855 1622 τῶν
871 1596 951 1632 δορυ-

170 1640 260 1675 φόρων
286 1642 345 1668 κατ’
368 1642 456 1668 αὐτῶν
481 1643 721 1678 φιλοτιμουμένων,
746 1644 795 1670 οὐκ
818 1643 949 1669 ἐνεδίδουν

170 1685 219 1719 τὴν
232 1686 352 1720 γνώμην,
370 1686 454 1713 διὰτὸ
465 1687 521 1720 τὴν
534 1689 653 1715 τελείαν
665 1688 784 1723 ἀγάπην
799 1688 857 1721 ἔξω
871 1688 949 1721 ,βάυζ-

170 1732 236 1758 λειν
249 1731 302 1757 τὸν
314 1732 415 1765 φόϐον.

1003 1553 1107 1576 ctantes
1130 1554 1264 1585 martyres
1286 1550 1332 1584 qui
1346 1549 1483 1576 Christum
1509 1549 1659 1584 gestabant,
1687 1557 1782 1577 omnes

1002 1603 1148 1628 aerumnas,
1168 1595 1260 1622 omnia
1280 1599 1478 1622 tormentorum
1500 1603 1598 1630 genera
1620 1603 1680 1630 quae
1701 1603 1781 1623 exco-

1001 1640 1080 1675 gitari
1094 1645 1249 1675 potuerant,
1269 1648 1323 1668 non
1337 1641 1431 1672 semel.
1450 1640 1497 1668 sed
1518 1641 1615 1667 iterum
1634 1649 1666 1668 ac
1681 1641 1779 1675 saepius

1000 1687 1123 1714 nonnulli
1146 1687 1343 1714 sustinuerunt.
1357 1686 1390 1714 Et
1404 1694 1466 1714 cum
1476 1687 1609 1714 "satellites
1625 1695 1679 1714 non
1694 1687 1780 1714 solum

998 1735 1088 1761 verbis
1103 1735 1248 1765 minantes,
1263 1734 1308 1761 sed
1326 1734 1407 1760 etiam
1422 1732 1499 1760 iactis
1518 1738 1648 1760 terrorem
1663 1734 1728 1768 ipsis
1742 1734 1783 1760 in-

171 1782 262 1804 cutere
281 1778 403 1805 certatim
421 1778 580 1812 niterentur,
603 1786 656 1806 non
677 1784 766 1807 tamen
790 1779 867 1807 fracti
883 1785 948 1808 sunt
967 1780 1067 1814 animo,
1082 1788 1115 1808 eo
1129 1781 1200 1815 quod
1222 1781 1337 1814 perfecta
1353 1780 1469 1806 clmritas
1503 1780 1575 1814 foras
1611 1781 1731 1814 ejiciebat
1748 1782 1784 1808 ti-

172 1833 268 1851 morem
281 1826 301 1852 '.

206 1867 255 1896 Ὠν
272 1870 429 1905 καταλέγειν
448 1871 497 1906 τὴν
519 1871 618 1907 ἀρετὴν
643 1872 690 1898 καὶ
711 1872 760 1907 τὴν
783 1873 826 1906 ἐφ’
847 1872 949 1909 ἑκάστῃ

173 1915 280 1951 βασάνῳ
295 1916 428 1952 ἀνδρείαν,
451 1917 493 1949 τίς
508 1918 540 1944 ἂν
561 1918 686 1953 ἀρκέσειε
700 1918 794 1952 λόγος;
822 1919 950 1950 ’Λνέσεως

172 1960 225 1995 γὰρ
252 1960 333 1996 οὔσης
361 1962 445 1988 ἆπασι
469 1964 525 1994 τοῖς
550 1963 720 1999 βουλομένοις
741 1963 902 1999 ἐνυϐρίζειν,
925 1964 950 1990 οι

174 2006 223 2041 μὲν
236 2006 323 2039 ξύλοις
337 2007 461 2034 ἐπαίοντο
470 2017 477 2023 ·
489 2008 577 2044 ἐτεροι
589 2009 617 2036 δὲ
636 2009 743 2044 ῥάϐδοις
755 2018 761 2024 ·
775 2009 846 2037 ἄλλοι
862 2009 889 2035 δέ
902 2009 952 2044 μά-

174 2051 257 2084 στιξιν
267 2061 273 2067 “
286 2053 372 2088 ἕτεροι
384 2053 411 2080 δὲ
426 2054 504 2080 πάλιν
517 2055 617 2089 ἱμάσιν·
630 2055 739 2082 ἄλλοιδέ
750 2054 884 2090 σχοινίοις.
897 2055 953 2081 Καὶ

172 2094 206 2131 ἦν
229 2099 246 2133 ἡ
266 2098 313 2124 θέα
334 2099 388 2125 τῶν
410 2100 544 2135 αζκισμῶν
569 2101 754 2137 ἐνηλλαγμένη
782 2102 828 2128 καὶ
853 2100 951 2136 πολλὴν

172 2143 221 2178 τὴν
245 2144 273 2170 ὲν
289 2144 356 2179 αὐτῇ
372 2145 468 2171 κακίαν
487 2145 595 2180 ἔχουσα.
613 2147 643 2173 Οἱ
663 2147 712 2181 μὲν
734 2146 788 2182 γὰρ
811 2146 896 2173 ὀπίσω
912 2146 950 2173 τὼ

1048 1870 1080 1897 ll.
1109 1870 1229 1903 Quorum
1257 1869 1383 1896 virtutem
1405 1873 1431 1895 et
1453 1867 1479 1894 in
1503 1868 1616 1903 singulis
1638 1870 1781 1897 tormentis

1002 1916 1197 1948 fortitudinem,
1212 1922 1272 1949 quze
1285 1915 1391 1941 tandem
1404 1915 1491 1941 oratio
1507 1914 1592 1949 possit
1605 1915 1783 1949 percensere?

1001 1962 1069 1989 Nam
1090 1969 1152 1988 cum
1174 1969 1222 1988 eos
1245 1960 1345 1995 injuria
1370 1960 1476 1987 allicere
1504 1960 1590 1987 cuivis
1611 1960 1713 1993 liceret,
1735 1961 1782 1988 alii

1002 2007 1131 2040 fustibus,
1152 2007 1197 2034 alii
1221 2006 1314 2041 virgis,
1336 2006 1381 2032 alii
1406 2005 1498 2040 ﬂagris
1518 2013 1565 2032 eos
1582 2006 1778 2033 verberabant:

1004 2054 1113 2089 quidam
1136 2053 1220 2086 loris;
1246 2052 1369 2079 nonnulli
1394 2053 1475 2079 etiam
1498 2051 1610 2080 funibus
1632 2052 1780 2080 caedebant.

1003 2100 1122 2135 Eratque
1151 2098 1305 2133 hujusmodi
1328 2098 1497 2125 cruciatuum
1524 2099 1707 2132 spectaculum
1734 2106 1782 2125 va-

1003 2146 1075 2173 rium
1103 2148 1130 2172 et
1154 2145 1295 2179 multiplex
1318 2144 1481 2178 plenumque
1515 2144 1634 2171 malitiae.
1666 2143 1781 2177 Quidam

173 2191 246 2226 χείρε
263 2190 393 2222 δεθέντες,
413 2192 476 2226 περὶ
497 2192 527 2218 τὸ
541 2192 618 2225 ξύλον
634 2192 690 2228 (l5)
715 2192 877 2228 ὲξηρτῶντο,
904 2193 950 2219 καὶ

1003 2191 1075 2218 enim
1097 2190 1205 2217 illorum
1230 2189 1356 2216 manibus
1377 2195 1437 2223 post
1464 2194 1569 2224 tergum
1593 2190 1721 2217 revinctis
1747 2190 1782 2217 ad

175 2235 322 2270 μαγγάνοις
341 2236 395 2263 τισὶ
415 2237 573 2264 διετείνοντο
593 2238 646 2264 πᾶν
672 2238 761 2273 μέλος.
786 2237 843 2265 Εἶθ’
866 2238 951 2270 οὕτως

173 2280 216 2307 διὰ
228 2281 325 2313 παντὸς
337 2282 382 2308 τοῦ
401 2281 525 2317 σώματος
538 2283 638 2318 ἐπῆγον
653 2284 685 2310 ἐκ
699 2284 849 2316 κελεύσεως
864 2285 888 2311 οἱ
902 2284 951 2320 βα-

175 2327 305 2359 σανισταὶ,
321 2328 351 2354 οὐ
368 2328 492 2364 καθάπερ
511 2330 567 2360 τοῖς
584 2329 708 2363 φονεῦσιν
732 2331 778 2356 ἐπὶ
793 2330 847 2357 τῶν
871 2330 952 2356 πλευ-

176 2372 229 2407 ρῶν
246 2373 335 2408 μὸνον,
351 2373 417 2400 ἀλλὰ
440 2374 487 2401 καὶ
502 2375 553 2409 τῆς
573 2376 689 2410 γαστρὸς
712 2377 759 2402 καὶ
778 2376 888 2410 κνημῶν
905 2376 952 2402 καὶ

174 2419 294 2453 παρειῶν
313 2421 368 2451 τοῖς
387 2420 563 2456 ἀμυντηρίοις
586 2420 712 2453 ἐκόλαζον
731 2422 795 2457 (Η)-
816 2422 903 2457 ἐτεροι
923 2422 951 2448 δὲ

213 2477 221 2491 ¹
233 2475 349 2511 Philipp.
362 2485 392 2511 ιι,
404 2478 463 2506 6-8.
502 2479 512 2494 ³
525 2479 535 2505 1
552 2478 731 2511 Joan.lv,18.

212 2532 265 2569 (Η)
279 2533 373 2559 Οὐδὲν
386 2533 582 2567 μελήσοντες.
606 2533 699 2561 Scribe
717 2533 906 2569 μελλήσαντες,
923 2539 953 2561 ιιι

175 2567 273 2601 legitur
291 2568 318 2594 in
336 2569 429 2595 codice
452 2569 534 2600 Med,
552 2569 631 2599 Mai...
648 2567 722 2595 Fuk.‘
738 2574 764 2595 et
777 2567 859 2596 Savil.
880 2568 952 2595 Idem

175 2609 252 2629 error
275 2610 307 2628 ex
323 2603 478 2629 eorumdem
504 2603 627 2630 codicum
654 2604 813 2630 auctOritate
838 2612 853 2630 a
873 2604 953 2631 nobis

174 2637 334 2664 emendatus
349 2642 391 2664 est
405 2645 499 2664 rursus
520 2638 588 2665 infra
608 2639 633 2665 in
649 2638 698 2666 hac
717 2638 815 2665 Philete
826 2639 951 2672 epistola.

211 2672 265 2706 (12)
280 2673 538 2707 γοὶῗΧριστοξθόροι
562 2673 719 2707 μάρτυρες.
748 2673 775 2699 Id
794 2678 833 2699 est
849 2672 952 2699 Christo

175 2706 211 2743 ph
220 2707 259 2743 nis
275 2706 320 2733 Sic
330 2706 446 2743 lgnalius
460 2706 644 2735 Antiochenus
656 2708 800 2743 episcopus
811 2708 899 2734 dictus
911 2712 952 2734 est

175 2742 318 2776 Θεοφορος,
337 2741 361 2769 id
375 2747 415 2768 est
430 2742 483 2768 Deo
500 2743 601 2776 plenus.

211 2777 358 2812 ΗόλῙΙερὶ
378 2776 410 2802 τὸ
431 2776 535 2808 ξύλον.
558 2777 708 2812 Equuleum
734 2777 864 2812 intelligo.
888 2776 952 2803 Reis

176 2812 246 2837 enim
261 2811 299 2847 in
313 2812 427 2845 equuleo
450 2811 599 2847 suspensis,
625 2813 709 2840 latera
724 2811 831 2840 ferreis
843 2813 952 2847 ungulis

175 2846 357 2873 exarabantur

1001 2236 1119 2271 stipitem
1142 2235 1376 2270 suspendebantur
1391 2244 1398 2262 :
1416 2242 1447 2261 ac
1461 2235 1557 2262 deinde
1575 2235 1700 2263 universa
1719 2242 1782 2262 cor-

1001 2282 1076 2316 poris
1090 2281 1209 2308 membra
1225 2282 1358 2309 machinis
1372 2281 1533 2316 quibusdam
1547 2281 1780 2309 distendebantur.

1003 2327 1066 2353 Post
1085 2327 1141 2354 inec
1159 2332 1275 2354 tortores
1288 2327 1365 2361 jussu
1388 2327 1490 2362 judicis
1514 2327 1641 2353 universo
1662 2325 1782 2360 corpori,

1001 2379 1089 2406 neque
1111 2376 1140 2398 ut
1164 2372 1307 2399 homicidis
1328 2372 1406 2404 solet,
1424 2372 1551 2399 lateribus
1571 2371 1716 2403 duntaxat,
1734 2371 1781 2398 sed

1001 2423 1081 2450 etiam
1103 2423 1200 2456 ventri,
1222 2424 1348 2451 cruribus
1373 2431 1405 2451 ac
1422 2423 1498 2458 genis
1520 2423 1657 2450 cruciatus
1686 2422 1782 2449 ferreis

1037 2533 1092 2567 (Η)
1117 2533 1313 2568 Ἀμιινττιρίοις
1328 2531 1478 2568 ἐκόλαζον.
1495 2531 1593 2568 Eadem
1607 2530 1687 2568 uerba
1700 2530 1782 2568 habet

1002 2565 1196 2602 Metaphrastes
1215 2565 1245 2594 ὶιῖ
1259 2568 1331 2593 Actis
1352 2567 1480 2601 passionis
1493 2566 1600 2602 Philete.
1615 2565 1781 2599 Nicephorus

1002 2601 1126 2631 emendat
1136 2603 1310 2638 ἀμυντηρίοις
1321 2602 1369 2634 τὰς
1379 2602 1507 2638 κολάσεις.
1518 2601 1609 2631 Recte,
1618 2606 1646 2627 ut
1654 2605 1779 2638 apparet:

1002 2635 1161 2673 ἀμυντῂρια
1180 2635 1268 2665 autent
1295 2642 1363 2673 sunt
1381 2636 1498 2673 ungulae,
1524 2641 1555 2673 ut
1575 2635 1781 2673 recte_Rulinus

1002 2670 1091 2700 vertit.
1101 2670 1234 2699 Videntur
1250 2679 1338 2698 tamen
1352 2671 1506 2706 ἀμυντήρια
1523 2671 1622 2705 aliquid
1637 2670 1698 2704 plus
1708 2678 1780 2706 esse,

1002 2715 1082 2740 quam
1104 2707 1218 2741 ungulae.
1246 2707 1311 2732 Nam
1336 2706 1486 2740 Hesychius
1508 2706 1674 2741 ἀμυντήριον
1704 2705 1781 2739 ξίφος

1001 2742 1125 2776 δίστομον
1150 2742 1367 2776 interpretatur,
1387 2741 1412 2766 id
1439 2745 1480 2767 est
1507 2741 1624 2774 gladium
1653 2741 1781 2774 utrinque

1002 2775 1110 2803 acutum
1127 2785 1132 2802 :
1148 2782 1175 2802 et
1196 2777 1223 2803 in
1242 2777 1292 2802 hoc
1304 2775 1449 2802 crudelitas
1462 2776 1584 2809 jndu-unt
1603 2780 1718 2806 notatur,
1735 2777 1781 2809 qui

1003 2820 1056 2837 non
1071 2812 1188 2838 contenti
1203 2810 1370 2844 simplicibus
1386 2812 1504 2845 ungulis,
1521 2811 1658 2838 nomcuiis
1676 2811 1708 2838 ad
1722 2820 1784 2839 ua.

1004 2846 1086 2873 randa
1102 2851 1248 2882 martyrum
1265 2847 1346 2872 latera
1363 2846 1516 2874 utebantur.

1570 3013 1597 3036 ,ε’
1849 3013 1883 3029 ἠ’

1555 3035 1573 3074 Γ
