3998 7026
459 280 596 335 1563

1670 278 1729 334 S.
1770 277 2044 333 PHILEE
2082 276 2464 336 THIUITANI

3554 266 3701 325 1565

457 398 677 469 ungulis
714 396 1063 453 adhibebant.
1096 398 1328 465 Quidam
1365 416 1494 456 vero
1537 401 1708 455 altera
1753 418 1914 456 manu
1952 402 2019 456 ad

2140 400 2229 455 ιπδ
2258 402 2358 473 τῆς
2382 403 2543 465 στοᾶς
2593 401 2719 471 μιᾶς
2747 398 2924 470 χειρδς
2967 393 3331 467 ἐξηρτημένοι
3374 392 3698 463 αἰωροῦντο,

456 492 725 561 porticum
763 491 1017 560 suspensi
1051 492 1393 561 pendebant;
1428 493 1629 563 quibus
1669 482 2024 550 articulorum

457 589 938 656 membrorumque
973 587 1215 641 omnium
1257 588 1524 645 distensio
1550 589 1747 659 quovis
1781 590 2024 645 cruciatu

456 685 578 731 erat
604 676 873 732 acerbior.
916 677 1021 731 Alii
1052 678 1294 732 vultibus
1332 678 1386 732 in
1425 693 1484 733 se
1525 685 1718 733 mutuo
1745 679 2025 735 conversis

459 770 530 824 ad
558 769 845 824 columnas
873 769 1258 838 alligabantur,
1292 769 1520 839 pedibus
1543 769 1720 823 solum
1762 786 1869 825 non
1896 787 2027 825 con-

462 859 828 930 tingentibus;
870 860 1006 914 adeo
1056 868 1117 914 ut
1152 860 1372 914 vincula
1419 860 1686 930 gravitate
1734 875 2025 928 corporum

460 952 674 1017 adacta,
706 952 886 1007 acrius
932 951 1364 1006 intenderentur.
1409 951 1587 1021 Atque
1631 951 1684 1006 id
1725 951 2027 1007 tolerabant

463 1058 572 1097 non
607 1041 785 1096 solum
833 1042 1076 1112 quandiu
1124 1056 1327 1111 praeses
1371 1056 1465 1097 eos
1503 1043 1900 1113 alloquebatur,
1936 1050 2031 1097 aut

464 1133 753 1188 audiendis
779 1132 915 1202 ipsis
942 1132 1195 1196 vacabat,
1225 1133 1319 1188 sed
1354 1141 1473 1187 toto
1499 1133 1885 1204 propemodum
1918 1133 2025 1188 die.

463 1222 597 1278 Nam
635 1224 727 1279 ubi
760 1225 825 1278 ad
868 1224 1006 1280 alios
1033 1223 1330 1279 audiendos
1378 1225 1698 1289 transierat,
1747 1224 2029 1280 ministros

464 1313 626 1369 ollicii
663 1315 744 1369 sui
787 1314 1157 1384 relinquebat,
1201 1313 1297 1384 qui
1344 1302 1617 1384 prioribus
1652 1315 2027 1380 imminerent;

466 1409 510 1461 si
540 1404 679 1460 forte
711 1406 838 1475 quis
881 1415 1277 1460 tormentorum
1319 1406 1612 1461 acerbitate
1637 1407 1812 1462 vietus
1852 1422 1882 1461 a
1907 1422 2033 1476 pro-

464 1495 644 1565 posito
670 1495 974 1549 desciscere
994 1494 1289 1549 videretur.
1337 1493 1673 1564 Jubcbatque
1706 1510 1800 1551 eos
1826 1495 2031 1565 absque

469 1586 575 1641 ulla
607 1586 955 1640 miseratione
979 1586 1211 1642 vinculis
1237 1585 1451 1658 stringi,
1479 1595 1535 1641 et
1554 1595 1740 1657 postea
1763 1602 1886 1642 cum
1916 1586 2028 1655 jam

468 1677 707 1731 animam
752 1677 1092 1744 exhalarent,
1145 1678 1558 1748 bumiabjectos
1616 1678 1775 1733 trahi.
1848 1677 2032 1748 Neque

2132 493 2314 564 πάσης
2361 492 2649 564 ἀλγηδόνος
2699 490 3000 559 δεινοτέραν
3052 488 3149 559 τὴν
3189 486 3295 541 ἀπὸ
3336 485 3445 539 τῶν
3481 484 3703 557 ἄρθρων

2132 586 2226 638 καὶ
2261 583 2437 656 μελῶν
2463 582 2619 637 τάσιν
2661 581 2876 652 ἔχοντες
2896 597 2910 610 ·
2942 577 3088 632 ἄλλοι
3115 578 3172 631 δέ
3206 576 3343 649 πρὸς
3372 579 3488 639 τοῖς
3518 576 3702 629 κίοσιν

2132 676 2534 748 ἀντιπρόσωποι
2565 674 2779 728 ἐδοῦντο
2811 674 2872 726 οὐ
2910 671 3165 743 βεϐηκόσι
3191 673 3308 736 τοῖς
3341 670 3491 731 ποσὶ,
3518 666 3602 738 τῷ
3643 666 3704 721 ἃ

2133 768 2288 840 βάρει
2318 768 2411 821 τοῦ
2442 767 2692 838 σώματος
2722 764 3055 837 βιαζομένων
3084 762 3218 835 μετὰ
3244 761 3455 823 τάσεως
3476 758 3704 813 ἀνελκο-

2135 858 2308 929 μένων
2334 859 2441 911 τῶν
2466 858 2679 929 δεσμῶν
2699 874 2715 888 ο
2749 858 2843 911 καὶ⁵
2861 855 3005 910 τοῦθ’
3027 856 3312 924 ὑπέμενον,
3340 852 3440 905 οὐκ
3467 852 3554 920 ἐφ’
3574 850 3703 902 ὅσον

2134 950 2561 1021 προσδιελέγετο,
2585 949 2694 1003 οὐδ’
2718 949 2902 1011 αὐτοῖς
2929 946 3212 1017 ἐσχόλαζεν
3230 948 3257 999 ὁ
3284 941 3534 1015 ἡγεμὼν,
3566 940 3703 994 ἀλλὰ

2137 1043 2417 1113 μονονουχὶ
2453 1041 2519 1095 δι’
2565 1040 2691 1111 ὅλης
2735 1040 2835 1111 τῆς
2866 1040 3100 1110 ἡμέρας.
3147 1039 3273 1089 Ὅτε
3322 1034 3432 1106 γάρ
3471 1034 3570 1087 καὶ
3614 1032 3702 1100 ἐφ’

2135 1133 2356 1205 ἐτέρους
2381 1131 2681 1205 μετέϐαινε,
2708 1133 2821 1194 τοῖς
2842 1129 3125 1199 προτέροις
3150 1126 3554 1196 κατελίμπανεν
3586 1123 3709 1192 ἐφε-

2134 1224 2344 1298 δρεύειν
2380 1226 2508 1288 τοὺς
2537 1226 2604 1295 τῇ
2633 1222 2850 1292 ἐξουσίᾳ
2872 1218 3037 1275 αὑτοῦ
3064 1216 3538 1291 ὑπηρετουμένους
3569 1214 3703 1284 (ιεγ

2136 1318 2192 1372 εἴ
2221 1317 2321 1372 πού
2364 1335 2449 1382 τις
2486 1316 2739 1389 ἡττηθεὶς
2778 1314 2887 1368 τῶν
2917 1313 3165 1385 βασάνων
3208 1310 3467 1364 ἐνδιδόναι
3495 1307 3705 1360 ἐδόκειο

2136 1408 2367 1478 ἀφειδῶς
2397 1408 2453 1462 δὲ
2493 1407 2728 1461 κελεύων
2754 1407 2847 1459 καὶ
2876 1407 2989 1468 τοῖς
3012 1404 3228 1474 δεσμοῖς
3257 1398 3541 1472 προσιέναι
3568 1395 3711 1465 (16),

2136 1499 2230 1553 καὶ
2262 1496 2568 1569 μεταταῖηα
2604 1494 3083 1568 ψυχορῤαγοῦντας
3113 1490 3308 1554 αὐτοὺς
3338 1486 3712 1557 κατατιθεμέ-

2137 1605 2261 1653 νους
2303 1588 2383 1652 είς
2412 1589 2513 1661 τὴν
2542 1588 2645 1659 γῆν
2680 1584 2950 1639 ἓλκεσθαι’
2986 1583 3047 1637 οὗ
3088 1582 3197 1654 γὰρ
3226 1577 3362 1634 εἶναι
3392 1578 3501 1632 κᾶν
3539 1576 3715 1648 μέρος

2136 1681 2321 1745 αὐτοῖς
2364 1680 2640 1752 φροντίδος
2666 1678 2795 1750 περὶ
2823 1676 3004 1749 ἡμῶνο
3036 1674 3149 1729 ἀλλ’
3180 1672 3320 1727 οὕτω
3350 1672 3445 1725 καὶ
3470 1670 3709 1723 διανοεῖ-

467 1768 613 1822 enim
651 1768 827 1823 aiebat
854 1768 938 1823 vel
985 1768 1267 1823 minimam
1317 1769 1485 1825 nostri
1514 1785 1701 1824 curam
1729 1767 2031 1823 habendam

2140 1772 2256 1825 σθαι
2281 1772 2403 1843 ’(17)
2450 1773 2543 1826 καὶ
2592 1772 2872 1844 πράττειν,
2919 1767 2995 1831 ὡς
3045 1766 3233 1838 μηκέτ’
3275 1764 3464 1818 ὄντων’
3499 1759 3712 1830 ταύτην

467 1876 591 1916 esse
616 1880 630 1915 :
656 1862 748 1915 sed
778 1870 1003 1917 cunctos
1031 1861 1110 1917 sic
1142 1861 1208 1917 de
1233 1862 1393 1917 nobis
1421 1862 1642 1926 sentire,
1672 1861 1751 1917 sic
1781 1877 1906 1932 erga
1931 1876 2032 1917 nos

467 1968 627 2023 agere
648 1953 865 2020 debere,
897 1954 1054 2024 quasi
1091 1970 1200 2008 nou
1227 1953 1461 2024 amplius
1489 1953 1737 2007 homines
1765 1967 2029 2008 essemus.

469 2041 625 2098 Hunc
669 2044 880 2099 scilicet
932 2044 1230 2100 secundum
1283 2043 1583 2099 cruciatum
1637 2051 1763 2114 post
1807 2043 2034 2098 verbera

469 2135 675 2189 inimici
705 2136 877 2189 nostri
906 2135 1366 2204 excogitaverant.

540 2225 627 2280 lll.
668 2224 899 2292 Quidam
930 2228 1089 2281 etiam
1118 2235 1242 2297 post
1278 2226 1621 2282 tormentain
1662 2241 1829 2282 nervo
1850 2225 2035 2297 jacue-

468 2328 638 2386 runt,
694 2320 923 2389 pedibus
960 2320 1027 2374 ad
1056 2330 1291 2390 quatuor
1327 2335 1502 2389 usque
1539 2320 1809 2375 foramina
1836 2319 2038 2375 divari-

468 2410 641 2478 catis;
681 2411 753 2465 ita
795 2419 854 2464 ut
890 2411 1070 2481 supini
1111 2426 1235 2465 esse
1278 2421 1621 2481 cogerentur,
1663 2426 1788 2467 cum
1834 2410 1905 2465 ob
1943 2425 2035 2465 re-

469 2517 653 2564 centes
685 2509 963 2577 plagarum
994 2504 1279 2560 cicatrices
1306 2518 1445 2573 quas
1480 2512 1595 2558 toto
1630 2517 1859 2573 corpore
1882 2516 2035 2570 gere-

471 2598 624 2661 bant,
657 2608 802 2652 stare
827 2595 1051 2650 omnino
1076 2610 1183 2649 non
1208 2605 1450 2664 possent.
1491 2594 1596 2647 Alii
1632 2594 1782 2647 humi
1805 2590 2035 2663 projecti

465 2690 719 2761 jaeebant
736 2704 843 2760 pra:
859 2687 1024 2743 nimia
1046 2696 1442 2743 tormentorum
1464 2687 1782 2753 acerbitate;
1800 2692 1853 2740 et
1867 2684 2036 2739 multo

470 2782 690 2854 gravius
714 2797 876 2851 quam
896 2781 1025 2836 dum
1044 2779 1421 2835 cruciarentur
1435 2778 1799 2848 spectaculum
1824 2776 2036 2831 intuen-

473 2873 620 2928 tibus
656 2873 995 2943 praabebant,
1030 2871 1180 2926 varia
1243 2885 1309 2925 ac
1368 2869 1686 2939 multiplicia
1737 2873 2037 2923 tormento-

474 2981 596 3020 rum
643 2966 946 3034 excogitata
993 2977 1191 3033 genera
1239 2961 1560 3030 corporibus
1602 2960 1717 3016 suis
1746 2957 2036 3015 circumfe-

476 3066 678 3113 rentes.
716 3055 847 3121 Qua:
885 3070 1008 3110 cum
1056 3056 1130 3108 ita
1157 3062 1492 3125 gererentur,
1536 3052 1628 3106 alii
1670 3052 1723 3106 in
1758 3050 1891 3121 ipsis
1919 3059 2033 3105 tor-

475 3149 673 3205 mentis
697 3147 1077 3217 exspirabant,
1118 3145 1423 3200 constantia
1458 3160 1555 3199 sua
1587 3141 1845 3213 pudorem
1885 3143 2038 3196 incu-

478 3245 672 3299 tientes
730 3239 1064 3296 adversario.
1135 3240 1239 3292 Alii
1300 3238 1598 3293 semineces
1654 3238 1710 3291 in
1763 3251 2038 3291 carcerem

475 3334 637 3400 trusi,
682 3334 873 3405 paucis
900 3341 1021 3401 post
1047 3331 1239 3386 diebus
1269 3328 1550 3382 doloribus
1589 3327 1837 3397 oppressi
1866 3326 2036 3381 vitam

475 3427 753 3482 (inierunt.
817 3423 1030 3493 Reliqui
1088 3420 1394 3476 curantium
1442 3419 1697 3474 remediis
1727 3417 2035 3485 refocillati,

475 3529 720 3586 tempore
751 3516 871 3585 ipso
900 3531 963 3570 ac
990 3514 1246 3570 diuturna
1275 3511 1517 3566 carceris
1548 3526 1700 3564 mora
1727 3508 2039 3565 ﬁdentiores

474 3622 715 3664 evasere.
778 3607 962 3678 Itaque
1025 3621 1151 3661 cum
1189 3611 1378 3676 postea
1436 3602 1757 3673 iuberentur
1815 3600 2038 3670 eligere,

476 3707 661 3753 utrum
723 3698 985 3760 mallent,
1039 3711 1108 3750 an
1159 3693 1426 3749 contactis
1483 3691 1708 3746 nefariis
1758 3690 2040 3747 sacriﬁciis

477 3790 629 3847 omni
664 3790 909 3845 molestia
947 3787 1185 3850 liberari,
1225 3795 1280 3841 et
1314 3784 1689 3840 abominandae
1739 3782 2039 3838 absolutio-

476 3885 565 3938 nis
599 3881 919 3938 scntentiam
949 3879 1017 3934 ab
1044 3879 1178 3948 ipsis
1218 3876 1512 3946 consequi;
1549 3891 1618 3928 an
1654 3889 1785 3929 vero
1832 3874 2042 3930 sacriﬁo

476 3992 605 4033 care
631 3976 930 4033 abnuentes
978 3972 1154 4042 capite
1199 3969 1448 4025 damnari
1480 3987 1493 4022 :
1523 3982 1714 4023 omnes
1740 3967 1875 4022 nihil
1901 3983 2041 4022 cun-

548 4131 661 4198 (15)
701 4130 848 4195 Τοὺς
877 4126 951 4196 τῇ
976 4126 1229 4195 ἐξουσίᾳ
1268 4121 1811 4198 ὑπηρετουμένρυς.
1859 4122 2039 4198 ᾼρρει-

477 4191 695 4263 τὶιοιιάς,
732 4191 837 4254 εειί
861 4191 1114 4252 olliciales
1142 4191 1417 4266 intelligit,
1447 4195 1540 4262 qui
1561 4191 2042 4266 praelectojugu-

478 4270 605 4325 stali
641 4260 1100 4338 obsequebantur.
1137 4266 1223 4338 De
1246 4260 1348 4320 hoc
1378 4260 1522 4319 enim
1561 4260 1800 4338 IOquitur
1827 4260 2040 4338 Phileas

478 4342 532 4395 in
567 4341 667 4394 hac
693 4330 942 4408 epistola,
975 4349 1025 4391 et
1051 4337 1296 4408 ἡγεμόνα
1320 4351 1443 4408 eum
1473 4330 1652 4408 vocati
1693 4330 2041 4408 Porr_o_é&_ou-

479 4411 571 4465 σία
603 4402 812 4463 ΐοτθίΙο
849 4402 1466 4477 ιηοῇοτὶὶίυεάυιιίαἱὴυε
1495 4403 1713 4467 dicitur,
1745 4402 2039 4477 qtii_habe-

477 4484 608 4535 bant
644 4479 734 4548 jus
775 4470 987 4548 gladii';
1012 4492 1156 4548 quae
1185 4470 1393 4531 'Latine
1436 4470 2036 4548 potestas_appellatur,

480 4560 539 4605 ut
568 4542 1126 4618 aitiUlpibnusﬁQine
1150 4563 1249 4601 vox
1277 4562 1343 4601 eo
1368 4542 1531 4618 sensu
1565 4542 1759 4618 saepius
1801 4542 2041 4618 occurrit

476 4620 619 4690 apud
644 4611 1397 4690 JoannemChrysostomum.
1423 4615 1595 4690 Porro
1622 4611 1908 4690 przefectus
1930 4614 2041 4666 Au-

477 4683 705 4759 gustalis
760 4704 826 4743 eo
855 4683 1100 4759 quiderm
1108 4696 1352 4759 tempore
1379 4694 1497 4759 erat
1524 4683 1827 4759 Hierocles,
1837 4698 2042 4759 -quem-

476 4750 775 4814 admodum
824 4750 1012 4814 scribit
1062 4750 1402 4827 Epiphanius
1458 4757 1515 4810 in
1565 4753 1755 4808 haeresi
1807 4750 2043 4807 Meletia-

474 4843 693 4883 ΠΟΙἸΙΙΙΙ.

547 4899 659 4969 (Hi)
693 4896 827 4963 Τοῖς
861 4896 1104 4969 δεσμοῖς
1143 4896 1470 4965 προσιέναι.
1518 4893 1667 4949 Nova
1720 4902 1776 4949 et
1804 4891 2042 4948 insolens

474 4970 612 5024 mihi
643 4967 858 5022 videtur
887 4967 999 5022 haec
1035 4967 1256 5021 locutio.

547 5038 659 5110 (l7)
696 5039 858 5110 Gfrw
894 5038 989 5091 καὶ
1024 5036 1404 5110 διανοεῖσθαι.
1427 5034 1608 5110 Nostri
1636 5031 2036 5110 (τράπεθ-Μαι,

473 5101 619 5229 god.
643 5101 700 5163 et
721 5108 855 5163 Fuk.
882 5124 1065 5163 vocem
1091 5106 1294 5161 addunt
1320 5106 1425 5161 hoc
1447 5108 1629 5168 modo,
1655 5103 1798 5157 οὓτω
1823 5101 2040 5156 ἐδόκουν

510 5195 708 5229 ιαν.....

510 5195 708 5233 ιαν.....

549 5250 662 5317 (l8)
717 5248 949 5317 Ταύτην·
993 5246 1277 5315 δευτέραν
1308 5244 1607 5310 βάσανον.
1658 5242 2036 5317 Raptationem

478 5313 747 5387 intelligit.
782 5313 997 5373 Primus
1026 5313 1171 5371 enim
1209 5317 1487 5387 cruciatus
1518 5323 1635 5368 erat
1655 5313 1941 5387 verberum
1972 5326 2037 5367 ac

475 5381 760 5457 plagarum
796 5398 850 5443 et
877 5389 1225 5458 ungularum.
1254 5386 1556 5458 Secundus,
1588 5393 1648 5437 ut
1692 5382 1844 5437 humi
1867 5381 2033 5451 depo-

475 5456 1033 5514 siti’traherentur'et
1063 5466 1405 5527 raptarentur
1440 5456 1494 5508 in
1525 5467 1812 5527 carcerem.

553 5528 664 5597 (l9)
716 5529 841 5581 Ἐπὶ
867 5528 973 5582 τοῦ
999 5521 1194 5592 ξύλου
1228 5529 1502 5597 κειμενοι.
1552 5524 1790 5597 Pessime
1820 5521 2037 5597 Lan‘gus

484 5594 748 5652 ratastam
796 5601 979 5654 vertit.
1019 5598 1117 5653 llic
1144 5599 1289 5652 enim
1318 5594 1382 5649 τὸ
1412 5594 1565 5661 ξύλον
1605 5595 1760 5649 aliter
1801 5595 2037 5649 sumitur

487 5683 552 5722 ac
577 5684 757 5738 supra.
788 5668 923 5723 Nam
957 5685 1122 5738 supra
1167 5668 1381 5738 quidem
1414 5666 1631 5736 ponitur
1654 5679 1749 5734 pro
1783 5664 2033 5738 equuleo,

491 5747 552 5798 ttt
580 5735 870 5796 ex'Rutino
905 5735 1232 5795 monuimus.
1270 5736 1369 5792 Hic
1398 5735 1524 5797 vero
1557 5752 1655 5808 pro
1692 5750 1857 5791 nervo
1887 5735 2037 5807 poni-

2132 1860 2388 1931 δευτέραν
2416 1861 2645 1932 βάσανον
2672 1858 2780 1931 (18)
2808 1858 2902 1912 ἐπὶ
2929 1858 3048 1920 ταῖς
3073 1854 3308 1924 πληγαῖς
3335 1851 3443 1905 τῶν
3472 1850 3715 1903 ι’)τιπεναν⁵

2132 1953 2264 2005 τίων
2298 1952 2653 2024 ἐφευρόντων.

2204 2233 2381 2292 Ἦσαν
2412 2237 2468 2291 δὲ
2492 2237 2541 2290 οἱ
2581 2236 2677 2291 καὶ
2712 2236 2849 2308 μετὰ
2879 2237 3004 2300 τοὺς
3034 2235 3324 2306 αἰκισμοὺς
3367 2232 3461 2286 ἐπὶ
3484 2230 3578 2285 τοῦ
3608 2228 3711 2296 ξύ-

2134 2330 2226 2384 λου
2256 2330 2495 2400 κείμενοι
2529 2328 2640 2400 (19)
2673 2327 2761 2381 διὰ
2799 2328 2906 2381 τῶν
2938 2326 3220 2397 τεσσάρων
3261 2323 3411 2377 ὀπῶν
3445 2322 3701 2377 διατετα-

2139 2418 2285 2491 μένοι
2316 2417 2483 2489 άμφω
2518 2416 2595 2469 τὼ
2627 2416 2778 2480 πόδε,
2807 2417 2881 2480 ὡς
2913 2417 3009 2471 καὶ
3053 2416 3171 2469 κατ’
3213 2416 3461 2486 ἀνάγκην
3506 2414 3708 2475 αὐτοὺς

2138 2510 2229 2563 ἐπὶ
2256 2508 2348 2562 τοῦ
2366 2507 2522 2575 ξύλου
2538 2507 2762 2572 ὑπτίους
2776 2503 2936 2572 εἶναι,
2959 2507 3033 2579 μὴ
3051 2507 3376 2578 δυναμένους
3394 2506 3531 2574 (l9')
3541 2505 3628 2558 διὰ
3642 2506 3706 2557 τὸ

2135 2600 2331 2655 ἔναυλα
2357 2599 2425 2653 τὰ
2450 2599 2739 2673 τραύματα
2771 2599 2877 2653 ἀπὸ
2906 2599 3015 2653 τῶν
3046 2598 3266 2671 πληγῶν
3297 2597 3424 2652 καθ’
3458 2598 3577 2651 ὅλου
3607 2595 3700 2650 τοῦ

2137 2691 2386 2764 σώματος
2400 2691 2564 2762 ἔχειν’
2584 2691 2759 2763 ἕτεροι
2775 2691 2832 2745 δὲ
2850 2692 2931 2754 εἰς
2942 2689 3202 2758 τοῦδαφος
3220 2689 3489 2761 ῥιφέντες,
3501 2688 3703 2741 ἔκειντο

2135 2782 2240 2836 ὑπὸ
2270 2780 2372 2853 τῆς
2394 2782 2501 2836 τῶν
2528 2781 2774 2852 βασάνων
2803 2780 3007 2853 ἁθρόας
3034 2780 3335 2850 προσϐολῆς
3354 2796 3368 2810 ·
3401 2779 3702 2849 δεινοτέραν

2135 2874 2231 2947 τὴν
2254 2874 2377 2944 ὄψιν
2402 2874 2502 2944 τῆς
2530 2873 2810 2945 ἐνεργείας
2842 2876 2957 2937 τοῖς
2979 2873 3147 2945 ὁρῶσι
3179 2872 3530 2942 παρέχοντες,
3583 2887 3701 2924 ποι-

2136 2968 2289 3031 κίλας
2316 2967 2409 3020 καὶ
2454 2965 2744 3036 διαφόρους
2792 2969 2849 3019 ἐν
2887 2968 2999 3029 τοῖς
3035 2965 3249 3035 σώμασι
3292 2963 3549 3035 φέροντες
3596 2962 3702 3016 τῶν

2140 3057 2383 3129 βασάνων
2427 3057 2529 3121 τὰς
2562 3057 2822 3122 ἐπινοίας.
2877 3057 3094 3109 Τούτων
3137 3054 3308 3118 οὕτως
3367 3054 3614 3124 ἐχόντων,
3645 3058 3695 3106 ot

2141 3150 2237 3221 μὲν
2269 3148 2665 3219 ἐναπέθνησκον
2696 3152 2814 3212 ταῖς
2841 3148 3114 3219 βασάνοις,
3139 3150 3205 3218 τῇ
3228 3147 3484 3218 καρτερίᾳ
3506 3162 3686 3199 καται-

2140 3241 2427 3311 σχύναντες
2455 3240 2546 3295 τὸν
2576 3240 2869 3294 ἀντίπαλον
2887 3258 2901 3272 ·
2934 3242 2983 3294 οἱ
3014 3240 3069 3294 δέ
3108 3238 3396 3311 ἡμιθνῆτες
3425 3240 3479 3291 ἐν
3502 3237 3578 3308 τῷ
3599 3237 3688 3290 δε-

2139 3331 2433 3403 σμωτηρίῳ
2480 3331 2921 3402 συγκλειόμενοι,
2972 3332 3087 3403 μετ’
3135 3331 3197 3384 οὒ
3251 3330 3445 3393 πολλὰς
3485 3328 3693 3400 ἡμέρας

2136 3425 2255 3486 ταῖς
2286 3420 2541 3494 ἀλγηδόσι
2574 3423 2923 3493 συνεχόμενοι
2960 3422 3317 3476 ἐτελειοῦντο·
3353 3423 3404 3476 οἱ
3436 3421 3492 3475 δέ
3527 3421 3701 3474 λοιποὶ

2137 3513 2233 3583 τῆς
2280 3512 2388 3566 άπὸ
2427 3513 2527 3583 τῆς
2574 3512 2870 3587 θεραπείας
2918 3514 3264 3585 άνακτήσεως
3312 3513 3584 3584 τυχόντες,
3629 3512 3702 3583 τῷ

2140 3605 2311 3675 χρόνῳ
2338 3605 2433 3658 καὶ
2455 3608 2522 3677 τῇ
2556 3606 2655 3676 τῆς
2684 3605 2934 3676 φυλακῆς
2961 3604 3236 3675 διατριϐῇ,
3272 3603 3702 3677 θαρσαλεώτεροι

2140 3700 2430 3768 ἐγίγνοντο.
2455 3698 2611 3752 Οὕτω
2643 3696 2774 3765 γοῦν
2807 3698 2970 3769 ἡνίκα
2993 3697 3413 3768 προσετέτακτο,
3444 3697 3704 3768 αἱρέσεως

2141 3790 2442 3861 κειμένηςῆ
2467 3788 2814 3861 ἐφαψάμενον
2839 3790 2937 3861 τῆς
2953 3786 3179 3858 ἐναγοῦς
3212 3788 3400 3852 θυσίας
3417 3787 3701 3857 άνενόχλη-

2140 3898 2230 3934 τον
2249 3877 2406 3946 εἶναι,
2445 3882 2542 3952 τῆς
2575 3881 2850 3952 ἐπαράτου
2876 3879 3185 3952 ἐλευθερίας
3217 3879 3326 3950 (20)
3373 3879 3502 3949 παρ’
3526 3877 3697 3932 αὐτῶν

2140 3975 2399 4045 τυχόντα·
2427 3974 2461 4047 ἢ
2496 3973 2569 4044 μὴ
2592 3972 2809 4037 θύοντα,
2842 3973 2940 4043 τὴν
2969 3973 3060 4026 ἐπὶ
3075 3972 3286 4043 θανάτῳ
3312 3971 3469 4041 δίκην
3489 3969 3694 4039 ἐκδέχε-

2140 4138 2249 4196 tur,
2281 4130 2334 4185 id
2360 4139 2442 4185 est
2473 4128 2829 4198 compedibus
2848 4126 3062 4196 ligneis.
3094 4125 3272 4198 Latini
3301 4125 3697 4198 etiamlignum

2140 4215 2206 4254 eo
2235 4195 2397 4256 Sensu
2425 4195 2699 4254 dixerunt.
2735 4197 2811 4253 De
2838 4195 2924 4251 bis
2948 4197 3298 4265 compedibus
3322 4195 3703 4265 intelligendus

2140 4279 2223 4325 cst
2250 4270 2403 4324 locus
2430 4269 2482 4322 in
2509 4270 2655 4322 Actis
2688 4277 2982 4337 martyrum
3011 4264 3238 4320 Tdrachi
3263 4305 3276 4326 ,
3331 4264 3490 4319 Probi
3504 4264 3509 4265 7
3514 4278 3569 4337 et
3594 4266 3705 4316 Au-

2141 4340 2344 4394 drom’ci
2371 4358 2389 4394 :
2417 4338 2549 4393 Cum
2572 4334 2872 4393 verberatus
2906 4346 3059 4402 esset,
3087 4352 3279 4402 pra'ses
3303 4337 3442 4389 dixit
3469 4354 3482 4389 :
3505 4334 3702 4389 Mittite

2143 4412 2225 4464 illi
2252 4412 2451 4479 ferrum
2473 4425 2564 4478 per
2587 4419 2815 4478 quatuor
2840 4408 2960 4461 lora
2995 4422 3286 4479 negarem,
3308 4415 3363 4479 et
3383 4406 3700 4479 dimittente;

2146 4474 2377 4551 aliquam
2438 4474 2700 4551 curaturi
2737 4494 3012 4551 opponere.
3071 4475 3139 4551 Et
3182 4476 3236 4529 in
3282 4474 3701 4551 Acti§__§eci9ni

2146 4545 2414 4635 martyris.
2446 4547 2703 4635 Synesius
2735 4545 3059 4635 in'oratio'one
3086 4546 3151 4635 de
3180 4562 3373 4630 regno:
3406 4545 3542 4628 ‘Ap.’
3573 4545 3702 4632 οθγε

2150 4615 2348 4702 pen?»
2361 4615 2659 4702 ,κινήσεται
2678 4616 2807 4702 ¹τῶν
2850 4619 2915 4699 ἐν.
2944 4620 3011 4689 τῇ
3038 4615 3364 4702 ,ποδοδιάικξιῡξ
3406 4615 3484 4686 τῷ
3515 4616 3702 4702 φαυλρ-

2145 4685 2290 4759 τάτῳ
2318 4689 2425 4742 τῶν
2454 4685 2642 4752 eam.
2678 4685 2851 4759 Porro
2873 4685 3013 4759 sicut
3036 4688 3089 4740 in
3117 4685 3698 4759 hac‘Philetc’epistola

2147 4756 2303 4826 ξύλον
2320 4759 2477 4813 modo
2492 4774 2588 4826 pro
2603 4758 2834 4825 equuleo
2846 4756 3099 4822 sumitur,
3121 4756 3285 4827 modo
3298 4771 3398 4827 pro
3410 4771 3576 4827 nervo
3591 4757 3699 4827 :gita

2148 4825 2201 4884 in
2228 4830 2371 4884 Actis
2400 4825 2654 4897 Theodori
2685 4828 2935 4897 martyris
2969 4842 3089 4896 qua?
3129 4825 3399 4897 habentur
3422 4826 3564 4895 apud
3592 4825 3701 4881 Su-

2146 4900 2288 4981 rium
2319 4899 2406 4953 die
2445 4898 2479 4953 9
2503 4896 2841 4961 Novembris,
2885 4898 3093 4967 lignum
3133 4896 3338 4965 duplici
3370 4900 3529 4951 modo
3559 4897 3702 4952 acci-

2185 4980 2310 5023 ttur.

2146 4985 2367 5109 {"831
2412 5035 2576 5093 Deest
2628 5036 2915 5109 ἐστηκέναι
2940 5074 2955 5099 ,
3016 5036 3161 5104 quod
3223 5036 3353 5104 legit
3413 5038 3699 5108 interpres.

2146 5107 2308 5165 Enrr.
2338 5107 2583 5162 ΡΑτιιοι..

2215 5200 2327 5272 (ἳο)
2361 5198 2482 5268 Τῆς
2510 5197 2806 5272 ἐπαράτου
2818 5198 3179 5272 ἐλευθερίας.
3204 5197 3524 5272 Libertatem
3542 5212 3700 5272 voca-

2144 5267 2295 5336 bant,
2308 5267 2570 5339 cumquis
2583 5270 2815 5339 vinculis
2842 5269 3160 5334 solveretur,
3174 5277 3227 5324 et
3244 5269 3408 5323 libere
3423 5283 3530 5339 quo
3544 5267 3699 5339 vellet

2144 5343 2294 5396 abire
2320 5336 2607 5395 sineretur.
2671 5336 2803 5405 Qua:
2836 5354 2941 5392 vox
2980 5354 3088 5393 non
3130 5354 3255 5394 raro
3288 5336 3521 5394 occurrit
3557 5336 3698 5407 apud

2143 5411 2459 5475 Eusebium,
2501 5426 2566 5463 eo
2592 5425 2754 5463 sensu
2798 5424 2961 5478 quem
2987 5410 3121 5465 dixi.
3149 5409 3240 5466 Sic
3265 5411 3458 5464 Arator
3482 5408 3537 5463 in
3561 5408 3653 5463 lib.
3676 5421 3694 5463 ι

2141 5482 2451 5554 Apostolica:
2478 5479 2710 5534 historia:
2721 5493 2741 5533 :

2738 5568 3026 5624 Damnatio
3050 5571 3186 5639 justi

2358 5639 2598 5693 Libertas
2626 5649 2701 5692 est
2730 5640 2872 5708 facta
2896 5642 3018 5694 reis.

2222 5730 2277 5787 ld
2304 5738 2383 5786 est
2406 5728 2679 5784 absolutio
2709 5737 2763 5783 et
2791 5728 3069 5784 relaxatio.
