1998 3104
174 144 241 172 15ϋῦ
622 142 730 170 EPIST.
750 142 794 168 AD
814 141 991 170 MELETIUM

173 201 250 228 σθαιο
272 200 347 227 οὐδὲν
364 200 553 236 μελλήσαντες,
569 201 694 236 ἁσμένως
716 201 762 227 ἐπὶ
775 201 821 227 τὸν
841 201 953 228 θάνατον
967 205 990 232 Α

172 245 300 281 ἐχώρουν.
326 245 442 279 ᾜδεσαν
461 245 516 281 γὰρ
539 245 573 271 τὰ
596 245 647 271 ὑπὸ
669 245 723 272 τῶν
738 246 816 281 ἱερῶν
838 246 951 281 Γραφῶν

172 292 236 326 ἡμῖν
255 290 458 326 προορισθέντα.
487 291 518 318 '0
534 291 587 327 γὰρ
607 291 761 324 θυσιάζων,
784 292 860 327 φησὶ,
875 291 955 322 θεοῖς

171 336 290 370 ἑτέροις,
304 336 603 371 ἐξολοθρευθήσεται·
620 338 667 363 καὶ
684 338 735 370 ὅτι,
754 338 814 363 οὐκ
831 335 951 363 ἔσονταί

172 389 222 408 σοι
239 380 300 408 θεοὶ
318 381 411 416 ἕτεροι
428 382 512 416 πλὴν
525 382 598 417 ἐμοῦ
612 382 678 417 (‘21).

1010 139 1279 168 LYCOPOLYTANU
1285 138 1318 165 Μ.
1712 136 1782 164 1566

1004 200 1080 232 ctati,
1094 199 1186 227 libenti
1201 198 1293 226 animo
1304 197 1338 225 ad
1352 201 1463 224 mortem
1477 201 1662 231 perrexerunt.
1674 195 1779 230 Quippe

1003 246 1087 281 probe
1105 249 1212 278 norant,
1226 252 1287 279 quae
1305 244 1331 270 in
1351 243 1437 271 sacris
1448 243 1543 270 litteris
1562 243 1640 270 nobis
1654 241 1779 276 praescri-

997 299 1047 327 vpta
1059 296 1132 319 sunt.
1153 291 1204 323 Qui
1223 290 1295 318 enim
1314 289 1448 323 sacriﬁcat
1461 289 1512 315 diis
1530 288 1638 320 alienis,
1656 288 1693 315 ait
1705 287 1779 314 Scri-

1003 342 1081 371 ptura
1098 337 1119 370 ',
1135 335 1364 363 exterminabitur.
1383 335 1417 361 Et
1436 335 1533 362 iterum
1546 334 1573 362 ‘:
1592 334 1652 361 Non
1673 332 1780 360 habebis

1003 383 1064 410 deos
1080 383 1178 410 alienos
1189 388 1284 417 praeter
1297 390 1347 409 me.

175 484 1779 499 ___—_____________________._.______________

400 570 667 615 EJUSDEM
704 569 910 615 SANCTI
947 569 1185 614 PHILEIE
1222 567 1565 613 THMUITANI

469 663 638 694 EPISTOLA
661 665 706 692 AD
722 665 900 694 MELETIUM
917 664 1206 693 LYCOPOLITANUM
1222 663 1413 693 EPISCOPUM
1433 663 1503 700 (22).

701 828 827 851 lNITIUﬂ
851 829 1007 850 EPISTULA!
1027 828 1255 850 EPISCOPORUM.

223 899 379 932 Hasrcmas,
405 899 570 932 Pacuomus,
595 899 766 933 Tnsononus,
785 901 912 934 PHILEAS,
931 901 1055 929 Mene-no
1070 901 1168 929 dilecto
1184 905 1211 928 et
1223 899 1411 927 comministro
1432 900 1459 927 in
1473 899 1587 927 Domino
1608 899 1734 927 salutem.

212 976 333 1012 Simplici
357 979 462 1006 ratione
485 977 587 1005 incerta
608 977 690 1004 verba
712 977 875 1005 aestimantes
894 985 954 1013 quae
969 981 991 1010 Β

176 1024 210 1051 de
223 1029 248 1051 te
263 1023 457 1055 audiebantur,
475 1022 637 1057 quibusdam
657 1022 689 1049 ad
703 1030 754 1050 nos
774 1024 954 1058 pervenienti-

176 1069 227 1096 bus
241 1068 383 1095 nuntiatur
400 1068 486 1095 aliena
500 1076 514 1095 a
528 1075 604 1095 more
620 1068 711 1095 divino
726 1073 753 1095 et
762 1068 854 1103 regula
870 1068 956 1095 eccle-

178 1115 298 1148 siastica,
316 1122 376 1150 quae
388 1123 403 1141 a
420 1119 445 1142 te
458 1120 609 1147 conantur,
628 1114 682 1142 imo
696 1115 782 1150 magis
795 1115 879 1148 ﬁunt,
896 1123 957 1150 qua:

177 1169 228 1189 nec
250 1161 361 1189 auribus
385 1162 524 1195 suscipere
540 1161 685 1193 vellemus,
709 1161 911 1189 considerantes
927 1161 955 1188 in

178 1207 364 1242 magnitudine
391 1207 533 1234 audaciam
557 1211 583 1234 et
607 1211 720 1234 conatus
744 1208 871 1235 incertos.
903 1207 956 1235 Sed

178 1252 306 1287 quoniam
323 1253 350 1279 in
367 1252 510 1287 praesentia
532 1251 703 1280 advenientes
716 1253 794 1280 multi
815 1253 857 1281 his
877 1253 956 1281 ﬁdem

179 1298 383 1332 imposuerunt,
407 1302 434 1325 et
454 1298 601 1325 contestari
626 1297 695 1325 facta
718 1307 771 1326 non
787 1299 956 1332 dubitabant,

180 1344 262 1371 nimis
272 1343 436 1371 admirantes
450 1343 582 1378 compulsi
597 1350 691 1371 sumus
710 1344 759 1371 bas
772 1344 875 1372 litteras
889 1352 956 1372 con-

179 1388 260 1416 ﬁcere
277 1389 310 1416 ad
325 1394 351 1417 te
367 1397 373 1415 :
390 1389 498 1424 qualem
521 1390 603 1417 etiam
624 1391 832 1418 commotionem
858 1390 914 1426 (23)
930 1396 957 1419 et

178 1434 316 1461 tristitiam
332 1436 512 1462 communiter
524 1435 661 1468 omnibus,
681 1440 708 1463 et
724 1436 878 1471 singillatim
893 1437 955 1464 uni-

179 1481 286 1515 cuique,
302 1481 414 1515 przebuit
426 1490 441 1509 a
463 1486 488 1509 te
505 1481 575 1509 facta
588 1482 722 1510 ordinatio
743 1482 770 1509 in
782 1483 907 1518 parteciis
923 1483 958 1511 ad

180 1531 205 1553 te
219 1527 328 1554 minime
352 1527 558 1562 pertinentibus,
574 1536 623 1556 nec
635 1528 724 1556 dicere
738 1529 818 1556 etiam
831 1529 959 1564 prtevale-

179 1581 250 1600 mus.
280 1573 368 1601 Pauca
391 1579 480 1602 tamen
504 1579 529 1602 te
547 1580 690 1610 arguentes
712 1583 765 1602 non
780 1576 956 1603 cessavimus.

179 1616 235 1644 Lex
250 1622 291 1644 est
305 1623 410 1652 patrum
424 1624 451 1646 et
465 1624 632 1654 propatrum,
650 1627 731 1655 quam
744 1628 793 1648 nec
812 1621 868 1655 ipse
880 1621 957 1657 igno-

179 1669 235 1694 ras,
248 1664 393 1690 constituta
411 1665 558 1691 secundum
573 1654 692 1692 divinum
703 1670 729 1692 et
744 1654 957 1694 ecclesiasticum
971 1654 993 1684 ο

179 1707 301 1733 ordinem
316 1716 322 1734 :
339 1715 401 1734 nam
415 1714 511 1735 cuncta
524 1717 573 1743 pro
586 1709 633 1736 Dei
646 1710 744 1744 placito
756 1716 783 1738 et
793 1712 851 1739 zelo
867 1712 959 1739 melio-

179 1761 249 1780 rum.
280 1753 321 1780 Ab
340 1754 405 1788 ipsis
418 1759 459 1781 est
472 1755 649 1781 constitutum
662 1760 689 1782 et
703 1755 785 1782 ﬁxum
796 1776 803 1788 ,
821 1756 848 1783 in
863 1757 959 1784 alienis

178 1800 305 1834 parteciis
327 1807 381 1827 non
408 1800 489 1827 licere
503 1799 584 1827 alicui
606 1800 795 1834 episcoporum
810 1801 958 1828 ordinatio-

179 1854 228 1874 nes
242 1847 396 1879 celebrare;
421 1854 481 1882 quae
504 1846 546 1875 lex
567 1847 635 1874 bene
656 1847 737 1874 nimis
752 1855 847 1881 magna
858 1852 915 1879 est,
933 1852 959 1874 et

180 1900 241 1919 cum
254 1892 386 1927 sapientia
402 1892 558 1919 adinventa.
575 1891 709 1925 Quoniam
725 1893 842 1926 primum
855 1897 960 1927 oportet

179 1941 412 1968 conversationem
436 1944 462 1967 et
487 1941 570 1967 vitam
596 1947 690 1967 eorum
719 1940 764 1974 qui
788 1940 957 1972 ordinantur,

179 1993 241 2013 cum
271 1993 367 2020 magna
390 1986 599 2020 scrupulosilate
621 1986 737 2013 scrutari
763 1994 770 2012 :
794 1985 907 2015 deinde.
931 1990 960 2012 ut

180 2031 270 2058 omnis
281 2031 406 2058 confusio
425 2034 453 2058 et
469 2030 631 2058 turbolentia
645 2030 799 2064 auferatur;
823 2031 867 2058 vix
886 2031 958 2058 enim

181 2077 367 2111 unusquisque
382 2077 529 2111 parteeiam
546 2084 637 2111 regere
652 2076 748 2111 poterit
763 2084 850 2108 suam,
866 2081 893 2104 et
905 2084 960 2103 ma-

181 2130 232 2158 gna
248 2122 420 2150 solicitudine
433 2123 580 2157 multisque
599 2122 807 2157 cogitationibus
822 2123 959 2150 ministros

181 2168 315 2203 reperire,
330 2176 391 2195 cum
406 2167 505 2203 quibus
530 2175 610 2195 onme
624 2172 729 2202 tempus
744 2169 805 2195 vitae
820 2168 958 2203 transegit,

180 2219 207 2241 et
224 2215 249 2241 in
265 2214 388 2241 manibus
401 2213 460 2248 ejus
485 2218 549 2241 sunt
575 2213 692 2241 educati.
727 2212 768 2240 Tu
791 2218 880 2240 autem
893 2214 960 2241 nihil

180 2260 278 2287 borum
294 2260 486 2291 considerans,
513 2267 562 2286 nec
580 2258 670 2286 futura
689 2259 891 2293 contemplans,
910 2267 959 2287 nec

180 2307 319 2333 beatorum
332 2310 439 2340 patrum
451 2310 605 2333 nostrorum
615 2309 641 2332 et
650 2304 758 2331 Christo
772 2309 958 2339 susceptorum
975 2323 997 2350 Β

179 2360 227 2387 per
239 2351 425 2379 successiones
442 2351 525 2386 legem
536 2370 544 2382 ,
571 2358 657 2385 neque
684 2350 773 2384 magni
791 2350 911 2384 episcopi
927 2358 959 2377 ac

181 2396 265 2430 patris
277 2397 361 2423 nostri
371 2395 441 2423 Petri
458 2396 599 2428 honorem,
608 2404 640 2422 ex
654 2402 708 2430 quo
721 2396 812 2422 cuncti
825 2403 872 2430 per
884 2403 958 2430 spem

181 2449 262 2474 quam
278 2441 409 2468 habemus
423 2443 449 2468 in
462 2441 577 2468 Domino
587 2440 650 2468 Jesu
661 2440 781 2474 Christo,
792 2439 958 2475 pendemus;

217 2518 227 2533 '
239 2518 321 2545 Exod.
334 2526 400 2551 χχιι,
413 2518 456 2545 20.
495 2518 505 2534 ⁵
516 2517 601 2546 Exod.
614 2526 659 2551 xx,
669 2518 695 2545 3.

218 2596 279 2632 (‘21,),
289 2596 375 2629 Πλὴν
390 2597 472 2631 ἐμοῦ.
487 2596 534 2624 His
548 2605 581 2624 ex
590 2596 690 2624 Philete
705 2597 817 2632 epistola
831 2596 953 2625 recitatis

183 2629 316 2667 Eusebius
331 2629 421 2667 st_atiti|
436 2632 540 2658 subdit:
551 2641 559 2657 ι
572 2632 633 2659 Haec
645 2637 708 2659 sunt
718 2629 780 2659 vere
794 2633 959 2667 phllosophi,

184 2673 234 2692 nec
246 2665 335 2692 minus
348 2665 394 2692 Dei
408 2674 487 2702 quam
502 2667 640 2701 sapientia:
654 2668 783 2693 amatoris
794 2665 888 2700 verba,
901 2665 961 2702 quae

184 2705 247 2727 ante
265 2705 411 2727 extremam
424 2701 522 2736 judicis
535 2705 706 2734 sententiam,
720 2702 810 2729 adhuc
830 2702 857 2729 in
871 2701 961 2729 custo-

184 2736 228 2762 dia
250 2736 428 2767 constitutus,
447 2736 478 2762 ad
502 2736 598 2763 fratres
615 2737 740 2764 Ecclesia:
762 2745 817 2764 sua:
833 2737 958 2771 scripsit;

183 2771 280 2803 partim
301 2778 356 2805 quo
376 2771 402 2797 iu
421 2776 490 2798 statu
512 2778 664 2799 versaretur
687 2779 842 2806 exponens;
861 2772 958 2805 partim

182 2813 230 2833 eos
247 2805 404 2838 adhortans.
421 2811 450 2833 ut
461 2807 587 2840 pietatem
610 2807 636 2833 in
651 2805 789 2833 Christum
802 2807 883 2833 etiam
899 2812 960 2841 post

180 2841 283 2868 obitum
307 2849 385 2870 suum
398 2841 510 2877 jamjam
526 2841 724 2876 imminentem,
742 2842 880 2870 mordicus
897 2842 960 2870 reti-

1005 986 1055 1006 nec
1075 978 1176 1006 nostris
1196 977 1472 1010 incarcerationibus,
1487 981 1513 1004 et
1525 976 1734 1009 tentationibus,
1755 977 1785 1004 ct

1005 1024 1150 1052 cotidianis
1165 1032 1197 1051 ae
1211 1023 1395 1058 multiplicatis
1411 1022 1578 1057 opprobriis,
1603 1029 1654 1049 nec
1672 1029 1784 1056 oppres-

1005 1069 1127 1097 sionibus
1142 1075 1168 1097 et
1182 1070 1315 1105 angustiis
1329 1068 1400 1104 apud
1418 1076 1513 1096 omnes
1535 1068 1656 1103 placatus
1666 1088 1674 1101 ,
1692 1067 1784 1094 omnia

1005 1116 1106 1152 pariter
1125 1121 1244 1143 evertere
1257 1123 1341 1143 ausus
1356 1123 1395 1142 es.
1413 1115 1466 1142 Pro
1483 1115 1581 1150 quibus
1600 1122 1660 1148 qua:
1674 1114 1722 1140 tibi
1736 1120 1786 1140 ex-

1006 1162 1155 1189 cusationis
1166 1161 1274 1189 occasio
1289 1161 1474 1196 relinquetur?
1491 1159 1543 1187 Sed
1561 1159 1674 1186 forsitan
1688 1158 1761 1185 dices
1775 1166 1783 1185 :

1006 1206 1152 1242 Egentibus
1167 1205 1293 1241 gregibus
1307 1214 1339 1233 ac
1351 1205 1489 1238 desolatis,
1500 1209 1609 1240 pastore
1624 1211 1679 1231 non
1694 1203 1785 1231 subsi-

1006 1258 1101 1284 stentc.
1119 1261 1152 1280 ne
1164 1252 1309 1280 multorum
1322 1251 1507 1279 incredulitate
1523 1250 1599 1277 multi
1619 1249 1784 1277 subtrahan-

1006 1305 1061 1331 tur,
1078 1300 1111 1326 ad
1125 1300 1175 1326 hoc
1190 1299 1309 1334 perveni.
1330 1298 1382 1326 Sed
1397 1298 1578 1326 certissimum
1590 1301 1642 1330 est,
1654 1296 1715 1323 illos
1729 1302 1784 1323 non

1006 1351 1084 1379 egere
1100 1353 1107 1370 ε
1124 1344 1241 1379 primum
1264 1344 1327 1379 quia
1345 1343 1421 1370 multi
1444 1347 1507 1371 sunt
1520 1343 1734 1370 circumeuntes.
1757 1343 1786 1367 et

1006 1398 1129 1428 potentes
1141 1392 1266 1425 visitare;
1280 1392 1375 1419 deinde
1386 1391 1436 1419 etsi
1452 1391 1515 1426 quid
1526 1390 1560 1417 ab
1573 1390 1639 1424 ipsis
1652 1388 1786 1423 negligen-

1007 1439 1061 1467 tius
1082 1438 1229 1474 agebatur,
1247 1441 1403 1473 Oportuerat
1425 1444 1457 1463 ex
1475 1436 1573 1471 populo
1595 1441 1741 1469 properare
1753 1439 1786 1459 ac

1008 1492 1058 1512 nos
1072 1485 1178 1519 exigere
1192 1491 1241 1519 pro
1254 1483 1360 1510 merito.
1382 1482 1434 1509 Sed
1448 1481 1572 1509 sciebant
1595 1487 1624 1507 se
1644 1478 1784 1506 ministro-

1007 1538 1069 1558 rum
1085 1538 1139 1558 non
1154 1537 1214 1557 esse
1235 1536 1344 1564 egenos,
1365 1533 1392 1555 et
1405 1528 1465 1555 ideo
1479 1528 1512 1554 ad
1527 1527 1575 1554 hos
1589 1525 1717 1561 petendos
1729 1531 1785 1551 non

1008 1580 1198 1611 pervenerunt.
1230 1575 1374 1606 Sciebant,
1388 1574 1459 1608 quod
1470 1577 1610 1599 monentes
1622 1579 1669 1599 eos
1684 1571 1718 1597 ab
1734 1570 1786 1597 bac

1009 1622 1185 1657 inquisitione
1199 1625 1246 1648 aut
1258 1620 1470 1650 dimittebamus,
1486 1623 1605 1645 autcum
1619 1616 1693 1644 omni
1706 1623 1786 1643 scru-

1008 1669 1151 1704 pulositate
1172 1668 1253 1695 [iebat
1273 1669 1345 1702 quod
1360 1666 1424 1694 utile
1437 1665 1593 1696 videbatur;
1619 1663 1699 1690 ﬁebat
1712 1661 1785 1689 enim

1009 1716 1059 1743 sub
1073 1719 1216 1749 urguente,
1241 1718 1268 1741 et
1293 1713 1320 1740 in
1343 1713 1468 1739 manibus
1488 1711 1622 1746 probitate
1640 1709 1786 1737 constituta

1008 1761 1186 1796 cogitabatur.
1218 1759 1259 1786 Tu
1279 1764 1370 1786 autem
1395 1763 1449 1785 tam
1469 1758 1583 1784 viriliter
1605 1755 1785 1790 quorumdam

1008 1805 1183 1832 considerans
1196 1804 1378 1838 deccptiones.
1391 1809 1417 1830 et
1432 1804 1520 1830 inania
1534 1803 1626 1833 verba,
1641 1802 1785 1835 subreptus

1008 1851 1042 1878 ad
1056 1850 1242 1877 ordinationes
1259 1848 1418 1883 prosiluisti.
1449 1847 1476 1876 Si
1492 1848 1564 1874 enim
1581 1846 1787 1880 adstringebant

1009 1896 1215 1924 circumstantes
1232 1899 1266 1926 te,
1281 1898 1308 1921 et
1326 1893 1525 1928 compcllebant
1541 1892 1695 1926 ignorantes
1710 1890 1785 1917 ordi-

1008 1951 1070 1970 nem
1086 1942 1312 1973 ecclcsiasticum,
1330 1944 1486 1971 oportuerat
1500 1944 1526 1966 te
1540 1943 1698 1973 sequentem
1709 1944 1787 1971 regu-

1009 1989 1063 2015 lam
1076 1988 1173 2015 litteris
1185 1995 1234 2015 nos
1247 1987 1378 2019 educere;
1393 1991 1420 2014 et
1432 1986 1469 2013 ita
1484 1985 1556 2020 quod
1571 1984 1697 2019 expedire
1709 1982 1785 2009 vide-

1009 2033 1098 2066 batur,
1116 2032 1205 2059 iiebat.
1227 2032 1255 2059 Si
1270 2031 1338 2059 forte
1350 2030 1604 2066 persuadebanttibi
1617 2029 1726 2064 quidam
1744 2027 1787 2055 di-

1009 2085 1115 2111 centes,
1139 2079 1173 2106 de
1188 2078 1266 2105 nobis
1288 2078 1367 2105 tinem
1385 2085 1445 2105 esse
1465 2077 1565 2104 factum
1581 2075 1663 2111 (quod
1676 2082 1725 2102 nec
1738 2073 1787 2101 tibi

1009 2125 1060 2160 ipsi
1081 2129 1139 2152 erat
1163 2125 1294 2159 ignotum,
1312 2122 1384 2158 quod
1397 2127 1488 2150 essent
1502 2121 1579 2148 multi
1594 2125 1690 2147 euntes
1703 2124 1729 2146 et
1744 2127 1788 2146 re—

1009 2171 1121 2198 deuntes
1134 2170 1167 2197 ad
1182 2178 1249 2200 nos,
1281 2169 1328 2204 qui
1354 2172 1478 2204 poterant
1503 2166 1643 2201 visitare),
1669 2165 1720 2192 etsi
1735 2164 1788 2191 hoc

1009 2216 1116 2247 fuisset,
1136 2216 1275 2250 oportebat
1284 2220 1309 2242 te
1319 2214 1430 2249 majoris
1445 2214 1528 2248 patris
1544 2215 1701 2247 exspectare
1713 2209 1788 2245 judi-

1009 2262 1093 2293 cium,
1105 2266 1132 2288 et
1143 2261 1223 2296 hujus
1238 2261 1276 2287 rei
1291 2260 1507 2295 permissionem.
1540 2258 1592 2285 Sed
1606 2258 1702 2284 horum
1719 2256 1787 2283 nihil

1009 2307 1130 2342 cogitans
1140 2327 1147 2339 ,
1161 2313 1188 2334 et
1200 2306 1274 2334 aliud
1289 2314 1402 2341 sperans
1413 2326 1421 2337 .
1436 2305 1520 2332 immo
1538 2304 1625 2339 magis
1639 2302 1725 2330 nostri
1739 2309 1788 2329 cu-

1012 2361 1069 2381 ram
1087 2361 1141 2380 non
1153 2360 1259 2387 gerens,
1272 2352 1429 2386 praepositos
1443 2350 1574 2385 quosdam
1586 2350 1683 2384 populo
1699 2348 1789 2383 provi-

1011 2399 1076 2426 disti
1104 2408 1112 2426 :
1144 2406 1206 2425 nam
1234 2399 1289 2433 jam
1321 2398 1508 2433 cognovimus,
1523 2401 1549 2424 ct
1571 2396 1717 2423 schismata
1732 2394 1788 2429 (Ἡ)

1010 2444 1183 2479 fuisse,quod
1193 2443 1285 2471 multis
1298 2447 1343 2470 tua
1354 2442 1492 2477 displicuit
1506 2441 1702 2469 irrationabilis
1716 2439 1789 2467 ordi-

1014 2600 1118 2624 nerent.
1133 2605 1142 2621 ι
1374 2616 1377 2619 .

1052 2631 1108 2665 (22)
1128 2630 1203 2658 lianc
1216 2631 1356 2665 epistolam
1371 2638 1431 2657 cum
1448 2631 1508 2656 aliis
1520 2630 1708 2665 ecclesiastica:
1722 2631 1789 2657 anti-

1014 2664 1125 2699 quitatis
1149 2664 1330 2692 monumentis
1352 2665 1454 2698 primus
1478 2664 1561 2691 edidit
1585 2670 1611 2689 ν.
1642 2664 1676 2692 cl.
1698 2664 1790 2699 Scipio

1014 2700 1135 2727 Malfeius
1150 2709 1180 2726 cx
1198 2705 1304 2726 vetusto
1319 2708 1369 2725 ins.
1385 2701 1477 2726 codice
1492 2700 1600 2732 capituli
1627 2699 1790 2727 Veronensis

1015 2735 1041 2761 in
1059 2734 1160 2762 Osserv.
1178 2736 1273 2765 Iollan,
1291 2739 1354 2761 tom.
1374 2734 1415 2766 Ill,
1432 2743 1492 2769 pag.
1512 2735 1563 2760 li-
1576 2734 1616 2766 17,
1642 2743 1695 2767 quo
1711 2736 1790 2762 exhi-

1012 2770 1090 2796 betur
1109 2770 1233 2796 llistoriw
1250 2770 1424 2803 [ιάθηιεηιιηι
1438 2770 1469 2795 dc
1481 2770 1619 2795 schismate
1640 2769 1789 2799 Meleliano.

1060 2805 1106 2835 εὖ)
1127 2805 1342 2835 (Jmnmotiunem,
1357 2804 1418 2835 Ms.,
1431 2805 1650 2831 ramrnunionem.

1050 2805 1105 2875 ξω
1126 2840 1283 2867 Sclzismala.
1299 2839 1360 2873 Ms.,
1381 2840 1534 2867 chrismate.

1061 2839 1105 2875 24)
1126 2840 1283 2867 Sclzismala.
1299 2839 1360 2873 Ms.,
1381 2840 1534 2867 chrismate.
1774 2863 1783 2878 λ
