3998 7026
464 252 603 306 1567
1572 250 1629 304 8.
1674 247 1974 304 ΤΗΕΟΝᾹΞ
2011 251 2043 304 Δ

2103 246 2477 305 EXANDRINI
3542 249 3568 302 1
3579 249 3681 304 588

462 368 630 420 natio.
680 367 760 420 Ad
798 368 911 422 haec
935 381 1038 422 nec
1064 365 1362 422 beatissimi
1389 365 1718 435 provisoris,
1757 374 1811 418 et
1846 363 2016 418 induti
2045 379 2091 432 Α
2119 364 2252 416 catis
2278 362 2506 416 alienis:
2534 361 2734 432 pariter
2769 375 2923 416 suam
2955 375 3080 430 erga
3109 358 3258 413 illum
3294 359 3681 415 demonstrans

459 461 745 516 Christum
787 462 1028 516 omnium
1065 470 1312 516 nostrum
1354 458 1582 528 apostoli
1608 457 1762 512 Pauli
1794 457 2013 512 verbum
2118 451 2511 522 providentiam
2543 459 2598 506 et
2624 451 2951 520 exemplum,
2974 464 3038 504 ac
3061 450 3229 520 legem
3253 465 3502 520 quacum
3526 452 3678 505 omni

459 553 632 606 suasit
659 553 894 617 morari,
925 563 977 605 et
1006 551 1338 620 propositum
1375 548 1533 604 facile
1563 548 1872 614 continere;
1921 550 2014 617 qui
2118 541 2542 612 scrupulositate
2569 550 2625 597 et
2655 542 2863 598 cautela
2902 542 3168 612 eligantur
3212 542 3520 597 ordinandi.
3562 543 3678 597 Ad-

457 641 702 696 scribens
738 641 1113 710 acceptissimo
1161 640 1270 693 lilio
1300 636 1587 692 Timotheo
1628 637 1759 692 dicit
1787 638 1808 670 '
1841 655 1855 690 :
1895 635 2011 690 Ma-
2117 632 2553 704 nuntiamus(25)
2581 633 2632 687 in
2661 641 2937 703 posterum
2961 633 3077 698 tibi,
3102 642 3161 686 ut
3184 634 3383 703 regula:
3417 642 3596 688 tutum
3625 643 3680 688 et

459 746 554 783 nus
584 731 780 784 nemini
808 733 913 784 cito
941 731 1269 801 imposueris,
1299 745 1388 782 nec
1418 729 1876 783 communicaveris
1897 744 2013 798 pec-
2117 725 2388 780 salubrem
2417 725 2704 779 terminum
2734 725 3052 780 conﬁrmare
3076 724 3293 781 studeas
3319 723 3454 796 (26).

1640 846 1793 901 Finis
1831 845 2068 916 epistula:
2114 844 2492 912 episcoporum.

452 951 462 956 ’
526 961 676 1017 Hanc
719 964 1000 1034 epistolam
1044 975 1328 1036 postquam
1375 963 1612 1033 suscepit
1639 972 1694 1018 et
1720 963 1882 1032 legit,
1914 976 2014 1016 nec
2112 967 2257 1012 esset
2285 957 2428 1026 quod
2460 957 2790 1027 requireret,
2845 966 3222 1013 succurrentes
3248 956 3335 1023 ei,
3368 957 3675 1014 invidentes

455 1053 755 1123 rescripsit,
791 1069 889 1108 nec
915 1056 980 1108 ad
1010 1069 1105 1109 eos
1129 1056 1365 1124 perrexit
1387 1056 1453 1109 ad
1483 1067 1786 1115 carcerem,
1815 1065 1913 1105 nec
1945 1051 2012 1104 ad
2112 1049 2316 1104 scilicet
2344 1046 2716 1117 pontiﬁcatum
2759 1047 2821 1101 Β.
2851 1047 3025 1115 Petri,
3062 1058 3122 1104 ut
3151 1057 3511 1120 cognoscatur
3543 1064 3674 1103 oon—

455 1143 668 1197 beatum
700 1143 916 1199 Petrum
949 1146 1009 1199 iit
1039 1163 1052 1198 :
1087 1145 1342 1199 omnibus
1384 1154 1562 1199 autem
1598 1144 1684 1198 bis
1723 1143 2012 1213 episcopis,
2110 1140 2444 1209 cupiscentia
2475 1137 2697 1204 Meletii,
2730 1140 3072 1212 presbyteros
3098 1140 3297 1210 quibus
3327 1140 3556 1195 dederat
3582 1157 3674 1210 po.

454 1235 783 1305 presbyteris
819 1252 882 1290 ac
909 1237 1225 1290 diaconibus
1275 1235 1614 1291 Alexandria:
1642 1234 1782 1304 apud
1825 1249 2012 1289 carce-
2108 1239 2355 1285 testatem
2404 1227 2465 1282 Β.
2515 1228 2707 1284 Petrus
2761 1229 2827 1284 de
2879 1230 3114 1300 parcecia
3158 1229 3381 1284 visitare
3439 1230 3677 1284 Alexan-

454 1339 567 1377 rem
620 1326 939 1396 martyrium
988 1328 1202 1396 passis,
1238 1327 1515 1396 ingressus
1556 1337 1638 1382 est
1678 1328 1859 1382 statim
1886 1327 2010 1382 Alc-
2111 1321 2308 1384 driam,
2340 1319 2568 1374 latentes
2597 1317 2812 1374 Melctio
2830 1320 3354 1375 demonstraverunt.
3380 1319 3677 1374 Commen-

452 1414 758 1469 xandriam.
802 1415 932 1470 Erat
973 1429 1150 1470 autem
1199 1418 1250 1470 in
1283 1418 1498 1471 civitate
1523 1418 1740 1487 quidam
1769 1416 2008 1471 Isidorus
2111 1416 2242 1471 dans
2261 1415 2340 1472 eis
2379 1414 2721 1469 occasionem
2744 1413 3015 1482 Meletius,
3046 1415 3314 1485 separavit
3347 1431 3465 1479 eos,
3499 1425 3556 1470 et
3583 1431 3678 1469 or-

451 1504 691 1566 uomine,
722 1506 964 1560 moribus
997 1507 1338 1560 turbulentus
1358 1547 1372 1571 ,
1406 1506 1644 1561 doctoris
1680 1505 1883 1561 habens
1913 1506 2009 1560 de—
2111 1509 2317 1564 dinavit
2345 1509 2460 1579 ipse
2481 1508 2642 1575 duos,
2665 1527 2834 1566 unum
2863 1514 2918 1568 in
2945 1528 3184 1579 carcere,
3210 1522 3265 1568 et
3287 1513 3451 1568 alium
3481 1515 3540 1568 in
3563 1530 3680 1569 me-

451 1594 707 1648 siderium
733 1613 746 1661 ;
794 1605 849 1650 et
876 1595 1038 1650 Arius
1067 1597 1284 1666 quidam
1313 1596 1554 1650 habitum
1583 1605 1805 1666 portans
1836 1596 2006 1665 pieta-
2111 1600 2260 1656 tallo.

451 1685 550 1745 tis.
583 1695 636 1739 et
674 1686 786 1754 ipse
817 1685 1056 1742 doctoris
1090 1688 1418 1742 desiderium
1469 1689 1691 1742 habens.
1754 1686 1819 1740 Hi
1858 1695 2006 1756 post—
2036 1701 2078 1754 Β
2177 1692 2272 1748 His
2296 1692 2515 1763 agnitis,
2544 1692 2602 1747 Β.
2625 1692 2813 1749 Petrus
2843 1709 2965 1749 cum
2996 1696 3163 1750 multa
3183 1698 3442 1766 patientia
3467 1697 3677 1767 populo

448 1790 611 1844 quam
665 1787 1032 1845 cognoverunt
1082 1777 1429 1847 cupiditatem
1487 1777 1719 1842 Meletii,
1771 1785 1826 1832 et
1873 1777 2005 1848 quid
2109 1785 2332 1854 scripsit
2358 1784 2724 1839 Alexandrino
2757 1785 3042 1855 epistolam
3077 1788 3182 1842 hoc
3210 1788 3371 1843 modo
3399 1788 3538 1858 (27).

519 1907 629 1988 (Ξᾷ)
668 1907 986 1964 Ordinandi.
1007 1910 1414 1966 Adnuntiamus.
1437 1911 1564 1980 Ms.,
1596 1912 1890 1968 ordinando
1917 1914 2009 1967 ad-
2110 1930 2304 1988 porum
2327 1915 2571 1988 epistolae
2601 1930 2630 1968 a
2655 1913 2838 1970 Pbilea
2867 1925 2926 1971 ut
2946 1917 3159 1972 videtur
3178 1917 3514 1988 conscriptae,
3537 1920 3675 1974 sub-

450 1979 710 2056 nuuAtias."
795 2046 805 2056 _
981 2048 1026 2056 __
1243 2050 1252 2056 ι
1445 2051 1464 2056 _
1656 2051 1669 2056 _
1880 2052 1914 2056 η
2109 1979 2188 2039 dit
2213 1979 2398 2056 statim
2433 2001 2553 2054 qua:
2581 1995 2904 2056 sequuntur.

520 2046 928 2125 {26)_Studeas,
980 2048 1078 2125 Ms.
1131 2050 1396 2125 κυάθων.
1445 2051 1502 2105 ln
1547 2051 1764 2105 laudato
1795 2052 2001 2125 codiCe,
2127 2123 2133 2125 _
2185 2054 2297 2125 (27)
2341 2046 2675 2108 Hoc'modof
2719 2054 2870 2125 Hanc
2903 2064 3081 2110 autem
3107 2059 3387 2125 epistolam
3425 2057 3481 2112 S.
3517 2055 3670 2114 Petri

520 2073 631 2112 ειν)
673 2073 928 2111 οιααειιδ,
980 2073 1078 2104 ωδ.
1131 2073 1389 2104 δίυαειῑιΐ.
1449 2073 1502 2105 In
1547 2073 1764 2105 Iauuato
1795 2073 2001 2118 COUICR,
2185 2073 2297 2125 [21)
2341 2073 2454 2107 noc
2479 2073 2654 2108 moao.
2719 2073 2870 2110 nanc
2903 2073 3081 2110 amem
3107 2073 3387 2180 8&510lam
3425 2073 3449 2112 ξ

447 2118 780 2173 collectiouts
818 2119 1060 2174 historia:
1101 2131 1292 2174 auctor
1323 2122 1502 2176 relata:
1531 2133 1767 2191 quatuor
1796 2123 2006 2192 episco—
2110 2123 2457 2180 Alexandrini
2486 2125 2654 2181 habes
2685 2124 2825 2180 infra
2849 2128 2915 2181 ad
2945 2142 3073 2180 alin.
3102 2129 3135 2182 ’5
3175 2165 3204 2180 ..
3238 2138 3280 2182 t.
3308 2127 3449 2182 XVI.

466 2287 3661 2319 M—

1549 2454 1734 2498 CIRCA
1769 2455 1994 2498 ANNUM
2028 2454 2258 2498 DOMINI
2289 2456 2589 2502 CCXCVII].

1398 2648 1569 2827 S.
1709 2647 2716 2828 THEONAS

1071 2921 1832 3039 EPISCOPUS
1885 2924 3031 3042 ALEXANDRINUS.

1803 3231 2382 3322 NOTITIA-

1283 3377 1570 3442 (GALLAND.,
1599 3381 1718 3439 ru.
1750 3379 1891 3431 Patr.
1919 3379 2167 3444 Biblioth.,
2190 3389 2227 3433 t.
2253 3385 2345 3447 IV,
2368 3386 2590 3450 Proleg.,
2615 3404 2663 3452 ρ.
2692 3392 2820 3455 rm.)

513 3669 552 3760 ll.
595 3667 978 3760 ΙξζγηυιρηίιδέῃιοΔ
1008 3671 1897 3760 (temporesedent-ldtexaudrinam
1925 3678 2227 3760 obtinuerit.
2271 3681 2400 3751 Ejus
2415 3685 2747 3760 prorsa/atus
2781 3689 2931 3760 anui,
2955 3687 3297 3760 deﬁniuntur.
3332 3687 3444 3743 Sub
3479 3707 3541 3744 eo
3576 3692 3675 3760 μου

442 3741 554 3828 ruit
587 3737 811 3828 Pierius
834 3740 979 3791 illius
1006 3737 1252 3828 Ecclesirc
1275 3742 1559 3822 presbyter,
1583 3745 1662 3797 vir
1683 3746 2187 3828 summoti/leonis
2212 3737 2462 3828 meritoria
2489 3755 2544 3828 in
2569 3737 3484 3828 (an;eéétésiésiibtl'ééikignaea.

515 3807 904 3901 l[,-:E:Jt:‘st_(tt‘Ac:t
1622 3817 1846 3884 epistola
1888 3819 1953 3874 ad
1989 3818 2286 3876 Lucianum
2328 3807 3520 3900 cubiculariorutn—
3554 3846 3672 3901 qua

441 3881 617 3948 magni
658 3882 901 3950 ducatur.
947 3878 1292 3950 Quandonam
1325 3878 1644 3950 conscripta.

511 3949 596 4004 Ill.
641 3949 724 4003 Ea:
753 3950 978 4003 Eusebio
1013 3960 1062 4004 et
1088 3949 1368 4004 Lactantio
1393 3952 1504 4021 ejus
1530 3949 1808 4024 integritas
1837 3959 2224 4028 comprobatur.

510 4070 551 4126 Ι.
591 4069 824 4125 Maximo
876 4069 1131 4126 Ecclesiae
1165 4071 1540 4128 Alexandrina;
1597 4077 1857 4140 antistiti,
1904 4079 1996 4148 qui
2026 4083 2072 4143 (ἶ
2103 4082 2206 4136 sub
2257 4081 2377 4152 ejus
2424 4082 2680 4137 nimirum
2730 4085 2992 4154 regimine
3038 4085 3283 4141 ﬂoruisse
3339 4085 3574 4141 Pierium
3609 4086 3676 4141 ad

442 4179 588 4217 anno
628 4161 790 4216 Probi
826 4163 1169 4233 imperatoris
1208 4165 1420 4228 ultimo,
1453 4165 1652 4221 Christi
1676 4167 1779 4221 28?.
1818 4169 2007 4226 deces-
2109 4174 2426 4245 presbyterii
2457 4175 2717 4229 honorem
2759 4185 3004 4230 evectum
3026 4216 3041 4241 ,
3072 4177 3230 4246 eique
3259 4175 3582 4231 Christiana
3614 4177 3678 4230 liv

443 4255 549 4320 sit,
619 4264 680 4309 ut
748 4263 942 4309 auctor
1006 4264 1089 4310 est
1141 4253 1406 4311 Eusebius
1453 4257 1571 4327 (1),
1616 4258 1874 4314 suffectus
1924 4269 2008 4315 est
2107 4265 2192 4320 dei
2221 4265 2611 4320 institutionem
2641 4267 2693 4320 in
2723 4267 2908 4321 schola
2931 4267 3293 4322 Alexandrina
3325 4266 3493 4323 fuisse
3525 4283 3676 4322 com-

443 4345 714 4412 Theonas,
747 4347 841 4416 qui
887 4361 1059 4401 annos
1101 4347 1468 4402 novemdecim
1504 4349 1809 4404 ministerio
1841 4350 2009 4407 fuisse
2108 4357 2365 4425 missam;
2399 4359 2597 4429 quippe
2628 4359 2719 4428 qui
2764 4359 3099 4415 sublimioris
3125 4361 3480 4431 philosophia
3514 4371 3678 4430 atque

441 4437 758 4508 perfunctus
790 4438 1018 4493 traditur
1049 4437 1118 4492 ab
1135 4437 1336 4493 ‘eodem
1359 4437 1592 4494 Eusebio
1618 4449 1726 4494 tam
1760 4441 1812 4494 in
1841 4440 2009 4495 Chro-
2108 4449 2429 4519 evangelica:
2454 4450 2884 4506 conversationis
2913 4452 3185 4506 sincerum
3213 4453 3507 4522 specimen,
3544 4468 3675 4522 ope-

442 4533 557 4584 m'co
585 4547 747 4602 quam
794 4532 850 4587 in
895 4530 1138 4583 Historia
1183 4528 1256 4599 (2)
1286 4570 1300 4593 ,
1341 4538 1400 4583 ut
1433 4531 1656 4600 proinde
1690 4545 2004 4600 supremum
2107 4538 2260 4594 ribus
2313 4539 2444 4608 ipsis
2493 4555 2603 4609 pra:
2647 4541 2854 4596 caeteris
2885 4543 3138 4597 omnibus
3167 4542 3464 4598 exhiberet.
3506 4543 3678 4597 Caete-

440 4624 581 4676 diem
610 4622 803 4676 obierit
827 4638 971 4676 anno
1003 4621 1107 4676 500
1130 4629 1382 4676 currente
1414 4640 1427 4676 :
1459 4623 1723 4692 siquidem
1759 4623 1887 4677 anui
1917 4623 2004 4688 19,
2108 4645 2230 4682 rum
2261 4627 2495 4684 Theonae
2527 4631 2867 4695 memoriam,
2902 4642 2960 4686 ut
3005 4649 3035 4686 a
3068 4635 3197 4688 viris
3242 4634 3413 4688 doctis
3456 4631 3679 4687 Reuau-

443 4726 658 4765 menses
712 4710 924 4780 aliquos
968 4713 1233 4766 duntaxat
1281 4710 1523 4781 attigisse
1569 4709 1845 4765 Theonam
1871 4753 1885 4778 ,
1939 4728 2004 4766 ex
2107 4721 2257 4777 ἀοιίο
2291 4722 2366 4794 (6)
2397 4734 2451 4779 ει
2481 4722 2776 4793 Lequienio
2807 4724 2883 4796 (7)
2909 4725 3206 4792 erudimur,
3257 4726 3532 4780 celebrant
3573 4725 3674 4778 Co-

445 4803 600 4856 initio
629 4802 971 4872 episcopatus
1010 4801 1153 4856 Petri
1190 4801 1308 4872 ejus
1340 4803 1671 4877 successoris
1703 4802 2006 4858 Dodwellus
2109 4813 2254 4881 puta;
2284 4814 2370 4867 die
2404 4830 2443 4868 ιι
2489 4814 2692 4868 mensis
2730 4812 2884 4882 Tyhi,
2915 4816 3028 4871 sive
3057 4816 3125 4870 9,3
3162 4815 3475 4871 Decembris
3508 4834 3522 4869 ;
3558 4815 3680 4883 ejus

446 4906 628 4965 aperte
654 4898 988 4950 demonstrat
1013 4897 1127 4966 (5);
1159 4895 1382 4964 ejusque
1412 4895 1690 4948 sententia1
1715 4893 2008 4949 Tillemonv-
2109 4912 2286 4956 tamen
2317 4905 2430 4960 dies
2458 4905 2629 4962 festus
2663 4913 2714 4962 in
2749 4909 2943 4963 tabulis
2985 4908 3365 4964 ecclesiasticis
3397 4905 3540 4976 apud
3579 4903 3683 4959 La-

445 4987 579 5041 tium
609 5003 825 5057 quoque
852 4987 1127 5041 adhaerere
1159 4985 1522 5054 comperimus
1559 4985 1656 5055 (4).
2107 4994 2252 5049 tinos
2277 5001 2455 5066 agitur
2483 4999 2568 5054 die
2591 4999 2664 5054 25
2689 5000 2940 5072 Augusti.

513 5077 690 5132 Pauca
723 5088 850 5133 sunt
876 5077 1164 5131 admodum
1195 5092 1225 5130 a
1254 5077 1523 5130 veteribus
1554 5076 1618 5129 de
1641 5073 1860 5128 Theona
1891 5089 2006 5128 me-

2178 5083 2244 5140 ll.
2293 5086 2583 5156 Superiore
2637 5092 2835 5146 saeculo
2883 5091 3026 5145 edita
3069 5101 3154 5144 est
3196 5107 3224 5144 a
3281 5089 3544 5144 Dacherio
3596 5085 3677 5156 (8)

448 5169 630 5223 moriar.
656 5169 886 5238 prodita.
916 5167 1050 5223 Illud
1077 5184 1244 5222 unum
1266 5167 1525 5222 discimus
1548 5181 1614 5219 ex
1637 5164 1865 5219 Eusebio
1897 5165 2002 5236 (5):

2109 5177 2338 5247 epistola
2391 5177 2612 5235 Thoona:
2661 5184 2888 5254 episcopi
2939 5183 3174 5236 Luciano
3230 5181 3679 5236 cubiculariorum

517 5281 539 5314 ι
567 5280 584 5335 ι
617 5280 761 5336 Tim.
794 5297 851 5349 v,
873 5279 967 5335 22.

2910 5306 2936 5337 \

515 5394 590 5468 (l_)
631 5397 687 5468 l_n
716 5394 909 5468 Chron.
944 5394 1008 5448 ad
1035 5409 1496 5468 anngauuccxcvn.
1577 5463 1590 5468 _
2037 5464 2068 5468 _
2177 5397 2254 5468 (5)
2299 5395 2438 5468 Hist.
2470 5395 2618 5461 ecc!.,
2651 5395 2686 5450 1.
2719 5412 2769 5451 c.

517 5466 594 5537 ei)
636 5465 736 5537 [ειη
777 5463 919 5519 Hist.
953 5467 1102 5529 eccl.,
1137 5466 1227 5537 l_ib.
1259 5482 1351 5528 vn,
1391 5463 1700 5537 cap._ult.u
1917 5531 1981 5537 __
2037 5464 2081 5518 ῐ)
2180 5463 2254 5537 (6)
2297 5465 2437 5537 (list.
2463 5469 2758 5537 patriarch.
2799 5467 2986 5528 Alex”
3019 5482 3141 5536 pag.
3172 5466 3258 5520 53.

539 5535 593 5601 5)
636 5535 857 5590 Dissert.
885 5537 1023 5606 sing.
1053 5537 1118 5590 ad
1141 5535 1326 5590 Pears.
1351 5531 1552 5604 capI'6,
1583 5537 1610 5605 ᾗ
1639 5532 1727 5597 20,
1755 5549 1875 5602 pag.
1915 5531 2002 5586 75.
2184 5531 2259 5604 (7')
2303 5536 2395 5591 0r.
2439 5531 2636 5591 Christ.
2658 5579 2674 5603 ,
2709 5547 2840 5591 tom.
2875 5537 2936 5594 ll.
2972 5531 3241 5608 ράπξόθϐ.

516 5534 594 5670 ξι)
637 5603 792 5660 Mém.
814 5605 1018 5670 αρσια,
1051 5619 1180 5661 tom.
1223 5607 1310 5670 IV,
1332 5617 1443 5662 not.
1473 5605 1526 5670 ἓ,
1558 5621 1651 5661 sur
1683 5603 1739 5657 S.
1775 5602 2004 5666 ΤΙιόοιι..
2184 5609 2256 5670 (8)
2295 5607 2499 5670 Spicil.,
2530 5618 2660 5662 ιοιιι.
2689 5605 2775 5670 lll,
2807 5624 2926 5670 pag.
2957 5607 3060 5662 297
3088 5623 3241 5664 nov.i

519 5602 792 5728 (ζέΙΜέηι.
814 5602 1018 5670 εεειόεῖ,
1051 5619 1180 5661 tom.
1223 5607 1310 5670 IV,
1332 5602 1443 5662 not.
1473 5605 1526 5670 ἓ,
1558 5602 1651 5661 sur
1683 5603 1739 5657 S.
1775 5602 2004 5666 ΤΙιόοιι..

451 5692 504 5747 p.
647 5711 660 5728 .

1785 5602 2004 5666 Πιόοιι..
2184 5602 2256 5679 (8)
2295 5607 2499 5678 Spiril.,
2530 5602 2666 5662 toni.
2689 5605 2775 5673 lll,
2807 5624 2926 5682 pag.
2957 5602 3060 5662 ‘297
3088 5623 3212 5664 nov.
3235 5606 3364 5661 edit.
