3996 6208
345 274 483 330 1569

1252 269 1470 330 EPIST.
1509 269 1598 323 AD
1627 266 1995 327 ’LUCIANUM
2028 267 2568 329 CUBICULARIUM.

3444 281 3580 335 1570

344 392 589 462 prafecto
631 389 909 459 inscripta,
958 390 1231 461 praeclaris
1259 390 1580 446 Christianre
1608 390 1823 459 pietatis
1855 399 1909 444 et
1936 394 1983 449 Α
2008 390 2108 445 das
2141 392 2304 446 etiam
2340 391 2650 462 provincias
2697 394 3127 461 committebant,
3170 397 3321 451 omni
3366 399 3578 453 sacritl-
3614 458 3621 467 ,

344 483 639 554 prudentiae
685 482 946 537 institutis
994 483 1228 547 referta,
1279 484 1699 553 primatvamque
1752 485 1910 554 plane

342 576 742 646 simplicitatem
778 575 1047 631 redolens.
1085 574 1149 629 Et
1176 576 1410 646 primum
1436 578 1676 647 quidem,
1706 577 1775 631 ab
1813 577 1911 631 ho-

344 668 490 721 mine
527 665 715 720 Graeco
745 664 913 721 fuisse
941 666 1087 719 illam
1132 668 1507 737 perscriptam,
1548 682 1612 721 ex
1662 682 1727 721 eo
1774 682 1909 722 con-

341 766 452 813 stat
498 757 643 825 quod
706 766 897 811 auctor
949 757 1160 814 divinas
1210 758 1519 827 Scripturas
1573 774 1907 814 commemo-

340 867 467 905 rans
497 849 573 919 (9)
609 866 623 904 :
656 849 786 915 Eas,
820 850 1014 920 inquit,
1052 852 1188 904 mira
1218 851 1486 920 diligentia
1524 860 1571 905 et
1609 851 1907 923 largissime

339 941 602 1011 impendio
643 939 961 995 Ptolemwas
1006 940 1382 1013 Philadelphus
1429 943 1484 995 in
1536 958 1765 997 uncum
1811 959 1908 998 uo-

338 1050 513 1090 s'rtmt
563 1033 770 1087 traduci
814 1033 1034 1087 curavit.
1091 1031 1275 1103 Neque
1324 1050 1456 1089 sane
1510 1035 1759 1091 dubitare
1807 1052 1907 1091 nos

337 1124 466 1178 sinit
491 1123 732 1192 epistola:
769 1122 956 1187 dictio,
986 1123 1119 1191 quin
1151 1138 1268 1177 eam
1299 1138 1329 1178 e
1360 1124 1547 1179 Grazco
1574 1124 1762 1181 Latine
1787 1127 1907 1181 red-

337 1215 504 1269 ditam
537 1215 931 1269 existimemus.
970 1212 1235 1269 Przeterea
1281 1215 1478 1285 scripta
1513 1215 1684 1273 fuisse
1724 1219 1906 1288 perhi-

338 1306 495 1361 betur
526 1306 752 1376 epistola
787 1305 1095 1375 hujusmodi
1124 1305 1234 1377 (10)
1265 1324 1390 1376 pace
1424 1325 1516 1377 per
1537 1310 1727 1363 bonum
1757 1311 1904 1379 prin-

337 1398 505 1467 cipem
572 1396 819 1451 Ecclesiis
884 1413 1150 1454 concessa.
1217 1398 1458 1469 Denique
1515 1410 1743 1456 testatur
1802 1417 1902 1455 au-

336 1498 453 1544 ctor
478 1489 624 1559 (11),
658 1490 943 1560 principem
976 1493 1145 1559 ipsum
1180 1492 1409 1545 nondum
1437 1492 1753 1549 Christiana:
1779 1494 1900 1547 reli-

335 1580 475 1651 gioni
524 1581 850 1648 ascriptum,
883 1582 937 1635 in
988 1581 1145 1650 cujus
1195 1582 1397 1652 palatio
1444 1584 1899 1639 cubiculariorum

2010 479 2167 535 candi
2216 492 2363 537 metu
2401 498 2495 538 eos
2523 483 2817 538 liherantes
2864 487 2933 538 ob
2975 486 3331 556 singularem,
3377 503 3484 557 qua
3522 490 3577 542 in

2010 572 2322 642 religionem
2378 584 2619 629 nostram
2668 575 2843 630 allecti
2890 586 3073 644 erant,
3121 578 3573 634 benevolentiam.

2008 662 2148 731 Quid
2196 680 2335 735 opus
2384 676 2468 721 est
2513 668 2692 722 dicere
2744 668 2812 723 de
2852 668 2920 723 iis
2965 669 3060 737 qui
3109 670 3162 724 in
3201 672 3576 739 imperatorum

2006 758 2223 826 palatiis
2270 758 2653 813 versabantur?
2696 759 2833 825 Quid
2866 760 2933 813 de
2963 760 3379 828 imperatoribus
3406 763 3576 831 ipsis?

2007 848 2109 915 Qui
2138 850 2451 905 domesticis
2497 852 2613 905 suis
2644 865 2941 921 eorumque
2968 853 3249 919 uxoribus,
3290 855 3474 910 liberis
3511 869 3575 910 ac

2007 939 2211 1002 servis,
2247 954 2310 993 ea
2357 955 2478 1007 qua:
2518 940 2794 1010 religionis
2841 955 2951 995 suae
2998 952 3189 1006 erant,
3240 954 3346 997 tam
3397 944 3574 998 verbis

2005 1043 2167 1097 quam
2217 1027 2373 1085 lactis
2421 1030 2589 1085 libere
2632 1033 2958 1101 exsequendi
3000 1048 3184 1087 coram
3232 1035 3571 1103 semetipsis,

2004 1128 2321 1189 potestatem
2354 1122 2637 1188 dederunt,
2686 1124 2819 1193 ipsis
2852 1124 2921 1179 ob
2945 1127 3084 1181 hanc
3108 1126 3229 1181 lidei
3258 1142 3369 1181 suae
3409 1127 3573 1181 liber-

2005 1221 2167 1267 tatem
2195 1214 2415 1283 gloriari
2444 1230 2507 1269 ac
2536 1230 2594 1270 se
2617 1225 2893 1272 ostentare
2918 1218 3321 1288 quodammodo
3351 1220 3576 1289 permit.

2003 1314 2173 1360 tentes
2210 1324 2223 1360 :
2262 1322 2465 1376 eosque
2490 1322 2601 1377 prs:
2631 1308 2839 1364 caeteris
2863 1308 3115 1364 omnibus
3148 1311 3411 1366 ministris
3441 1327 3574 1381 quo-

2001 1397 2123 1452 dam
2161 1412 2346 1452 amore
2376 1400 2861 1469 prosequebantur.
2900 1419 2918 1453 ›
2957 1400 3081 1455 llaec
3128 1402 3415 1473 episcopus
3449 1403 3569 1458 Ca3-

2002 1490 2300 1557 sariensis;
2353 1491 2445 1561 qui
2481 1491 2643 1560 paulo
2694 1499 2815 1561 post
2860 1491 2915 1546 in
2964 1493 3208 1548 eamdem
3247 1495 3568 1549 sententiam

2003 1579 2193 1633 scribit
2225 1580 2337 1651 (15)
2382 1600 2401 1632 ‹
2452 1580 2785 1657 Dorotheum
2833 1592 2889 1637 et
2936 1584 3173 1653 reliquos
3218 1584 3567 1638 cubicularios

334 1670 575 1740 praefecti
617 1687 842 1727 munere
890 1673 1216 1743 fungebatur
1250 1673 1549 1739 Lucianus,
1588 1676 1714 1745 ipsis
1741 1676 1899 1730 Chri-
1929 1737 1967 1745 _
1999 1686 2185 1739 pueros
2206 1672 2405 1725 summi
2433 1672 2654 1729 honoris
2676 1675 3031 1744 praerogativa
3054 1676 3123 1729 ab
3151 1676 3567 1745 imperatoribus

332 1764 520 1818 stianis
554 1762 690 1816 velut
725 1764 1050 1833 ﬁdelioribus
1078 1766 1237 1819 vitam
1272 1776 1320 1820 et
1369 1782 1555 1835 corpus
1593 1783 1746 1821 suum
1789 1785 1898 1822 ser-

333 1857 557 1909 vandum
603 1856 906 1911 credidisse.
951 1856 1028 1911 Ex
1078 1859 1276 1928 quibus
1323 1873 1451 1929 ergo
1494 1858 1898 1915 characteribus

333 1957 476 2002 recte
498 1946 743 2017 arguisse
769 1948 925 2003 nobis
950 1949 1201 2004 videntur
1228 1949 1577 2005 doctissimus
1607 1950 1898 2005 Tillemon-

332 2039 442 2095 tius
464 2041 575 2112 (12)
596 2049 649 2095 et
672 2039 989 2097 Dacheriani
1015 2041 1279 2113 Spicilegii
1304 2059 1543 2113 nnperus
1566 2044 1739 2098 editor
1761 2045 1893 2115 (15),

334 2132 473 2186 hanc
499 2133 782 2203 epistolam
818 2133 960 2189 haud
996 2134 1151 2188 aliter
1180 2150 1301 2189 esse
1328 2134 1695 2205 accipiendam
1730 2151 1893 2205 quam

329 2218 395 2274 de
427 2218 741 2275 Diocletiani
774 2222 1023 2292 imperio,
1052 2231 1342 2293 antequam
1375 2224 1465 2279 ille
1494 2240 1638 2279 anno
1667 2225 1771 2279 505
1799 2226 1895 2281 ad-

330 2326 518 2367 versus
548 2311 844 2368 Ecclesiam
878 2312 1111 2381 fureret;
1146 2329 1307 2384 quam
1341 2327 1623 2387 propterea
1644 2316 1894 2375 Theonas

329 2402 612 2473 episcopus
633 2402 1026 2459 Alexandrinus
1048 2405 1246 2459 saaculo
1262 2421 1322 2460 ιιι
1351 2406 1629 2463 desinente
1659 2409 1895 2478 perscri-

328 2495 513 2563 pscrit.

396 2583 482 2637 lll.
522 2583 694 2639 Porro
731 2583 795 2638 ad
830 2584 1334 2642 hanc-,sententiam
1366 2590 1712 2645 astruendam
1741 2591 1892 2646 locu-

330 2676 662 2745 pletissimus
694 2678 843 2733 testis
869 2678 1077 2733 accedit
1103 2677 1367 2736 Eusebius
1395 2681 1507 2753 (14)
1536 2699 1552 2736 :
1587 2700 1605 2733 ι
1645 2682 1887 2749 Qualem,

330 2769 545 2838 inquit,
596 2778 962 2842 quantamque
1013 2772 1237 2843 gloriam
1284 2774 1448 2828 simul
1486 2789 1550 2829 ac
1586 2775 1889 2831 libertatem

330 2860 575 2915 doctrina
620 2877 755 2917 verat
810 2878 935 2931 erga
986 2879 1297 2932 supremum
1345 2863 1515 2919 Deum
1562 2867 1777 2936 pietatis
1818 2898 1891 2910 --

331 2950 473 3019 apud
508 2968 696 3008 omnes
741 2953 955 3010 Grzecos
982 2957 1185 3026 pariter
1210 2971 1275 3011 ac
1303 2957 1562 3013 barbaros
1608 2967 1733 3013 ante
1762 2974 1887 3028 per-

2003 1772 2225 1817 ornatos
2251 1761 2437 1829 fuisse,
2472 1765 2565 1833 qui
2601 1779 2707 1819 non
2734 1765 2915 1820 minus
2942 1767 3012 1819 ah
3040 1766 3230 1821 iisdem
3268 1767 3568 1837 diligeban-

2002 1861 2093 1907 tur
2114 1868 2276 1922 quam
2307 1853 2421 1907 lilii.
2458 1878 2477 1905 ι
2518 1853 2612 1909 His
2648 1869 2889 1909 consona
2920 1855 3082 1910 refert
3108 1855 3440 1921 Lactantius,
3469 1858 3564 1927 qui

2000 1959 2064 1999 ca
2110 1952 2427 2013 tempestate
2470 1944 2623 1999 testis
2674 1945 2843 2000 ferme
2895 1948 3139 2001 oculatus
3184 1947 3431 2003 ﬂorebat.
3474 1946 3567 2004 Sic

1999 2035 2144 2089 enim
2196 2036 2282 2090 ille
2311 2035 2424 2107 (16)
2454 2055 2467 2089 :
2501 2036 2732 2091 Furebat
2770 2053 2890 2107 ergo
2930 2039 3216 2107 imperator
3259 2039 3567 2108 (Diocletia-

2000 2128 2123 2197 nus)
2143 2129 2262 2196 jam
2300 2144 2402 2182 non
2439 2131 2493 2182 in
2520 2128 2831 2182 domesticos
2873 2138 3114 2195 tantum,
3159 2131 3250 2183 sed
3282 2132 3333 2183 in
3367 2148 3563 2185 omnes.

1998 2247 2067 2259 —-
2096 2217 2454 2273 Potentissimi
2495 2221 2757 2290 quondam
2800 2221 3021 2273 eunuchi
3052 2223 3245 2286 necati,
3292 2237 3389 2292 per
3427 2238 3566 2292 quos

1996 2310 2258 2379 palatium
2296 2321 2346 2364 et
2380 2312 2488 2379 ipse
2529 2312 2821 2368 constabat.
2860 2312 2990 2380 Quae
3034 2313 3249 2382 quidem
3286 2315 3467 2368 omnia
3517 2314 3563 2368 si

1999 2417 2121 2457 cum
2156 2404 2220 2458 iis
2250 2404 2599 2458 conferantur
2632 2418 2752 2472 quas
2798 2405 2869 2459 ab
2907 2405 3063 2459 initio
3104 2406 3169 2458 ad
3204 2404 3363 2458 linem
3392 2420 3565 2474 usque

1996 2492 2051 2546 in
2083 2508 2180 2547 sua
2209 2493 2436 2562 epistola
2466 2494 2627 2548 tradit
2655 2504 2879 2561 auctor;
2923 2510 3081 2549 nemo
3122 2495 3399 2549 enimvero
3446 2495 3565 2549 fue-

1994 2583 2087 2646 rit,
2122 2584 2214 2655 qui
2244 2584 2416 2639 lihcns
2453 2587 2747 2655 volensque
2780 2586 3099 2641 sententiam
3130 2586 3292 2639 modo
3320 2586 3567 2655 proposi-

1994 2683 2104 2729 tam
2153 2690 2261 2729 non
2312 2676 2695 2744 amplectatur,
2740 2677 2940 2748 quique
2982 2678 3243 2732 detrectet
3286 2675 3562 2731 Theonam

1993 2767 2304 2837 episcopum
2323 2769 2749 2824 Alexandrinum
2784 2771 2902 2839 ejus
2929 2778 3202 2824 auctorem
3241 2784 3561 2839 agnoscere,

1992 2868 2054 2913 ut
2085 2860 2309 2929 proinde
2361 2861 2505 2915 haud
2547 2877 2769 2917 necesse
2820 2863 2891 2917 sit
2939 2862 3106 2917 alium
3148 2877 3179 2916 a
3228 2861 3563 2917 Diocletiano

1993 2950 2373 3020 imperatorem
2423 2968 2664 3023 quaerere
2719 2969 2843 3008 cum
2903 2953 3082 3010 Caveo
3126 2954 3237 3024 (17)
3295 2954 3564 3010 Constan-

328 3045 660 3100 secutionem
711 3058 893 3103 nostra
946 3050 1205 3104 memoria
1263 3050 1548 3111 excitatam
1597 3061 1886 3107 consecuta
1916 3090 1958 3149 Ο
1991 3045 2125 3099 lium
2155 3045 2435 3110 Chiorum.
2469 3056 2563 3102 aut
2590 3048 2756 3102 alium
2791 3064 2911 3103 cum
2937 3047 3204 3103 Dacherio
3234 3047 3347 3118 (18)
3376 3045 3560 3100 Theo-

326 3133 415 3195 sit,
468 3151 569 3191 nos
597 3147 741 3193 certe
773 3154 870 3208 pro
904 3140 1097 3195 merito
1142 3141 1413 3210 explicare
1443 3156 1548 3196 non
1575 3156 1887 3212 possumus.

323 3224 656 3295 Argumento
698 3246 831 3286 esse-
856 3232 1027 3300 possit
1057 3233 1429 3301 intperatorum
1454 3233 1799 3304 (Diocletiani
1836 3245 1891 3290 et

324 3314 561 3372 llercuiii
592 3318 687 3390 Μ.)
719 3320 1005 3391 benignitas
1032 3338 1155 3392 erga
1180 3335 1382 3381 nostros
1412 3341 1433 3381 :
1470 3328 1667 3398 quibus
1695 3343 1888 3399 regen-

1995 3153 2119 3191 nam
2174 3139 2487 3209 episcopum
2533 3139 2856 3211 Cyzicenum
2904 3160 2918 3197 :
2956 3157 3064 3211 quo
3115 3156 3276 3194 verus
3320 3139 3561 3209 epistula:

1994 3240 2182 3285 auctor
2226 3240 2533 3295 statuatur,
2590 3233 2862 3303 simulque
2916 3234 3085 3304 ipsius
3128 3232 3371 3302 epistola:
3424 3231 3561 3286 inte-

1990 3323 2160 3393 gritas
2187 3324 2555 3379 confirmetur.

1276 3699 1797 3815 SANCTI
1948 3700 2577 3816 THEONIE

1537 3936 1820 3982 BPlSCOPI
1890 3936 2331 3984 Διειιιωιιικι

736 4086 1124 4149 EPISTOLA
1180 4085 1289 4146 AD
1349 4085 1757 4148 LUCIANUM
1816 4083 1896 4147 CI

1999 4085 2521 4150 CULARIORUM
2576 4089 3125 4165 PRJEPOSITUM,

1004 4248 1070 4302 In
1098 4266 1202 4322 qua
1231 4251 1432 4304 monita
1463 4249 1769 4305 Christiana
1812 4259 1863 4303 et
1892 4250 2110 4320 politica
2137 4253 2302 4307 eidem
2337 4257 2564 4324 suggerit
2591 4253 2648 4309 S.
2688 4254 2869 4309 Pater.

1284 4405 1381 4467 (Ea:
1412 4402 1606 4455 Acherii
1627 4403 1914 4466 Splcilegio,
1939 4410 2052 4455 tom.
2077 4405 2165 4467 ΙΙΙ,
2188 4419 2301 4471 pag.
2325 4409 2575 4471 297-299.)

388 4709 637 4764 Theonas
655 4707 939 4778 episcopus
960 4703 1503 4773 Lucianoprteposito
1523 4702 1886 4759 cubiculario-
1914 4709 1960 4763 ι)
1987 4702 2245 4773 ampliare
2303 4719 2412 4758 non
2470 4704 2675 4759 destitit
2720 4723 2736 4759 :
2782 4705 2892 4759 imo
2936 4707 3370 4775 persecutionum
3422 4723 3550 4776 pro-

320 4814 440 4852 rum
469 4795 805 4851 invictissimi
842 4793 1098 4866 principis
1126 4793 1317 4846 nostri.

390 4886 429 4941 1.
472 4886 681 4941 Gratias
723 4901 822 4956 ago
852 4883 1203 4955 omnipotenti
1250 4882 1359 4937 Deo
1406 4892 1458 4939 et
1506 4882 1735 4939 Domino
1779 4900 1880 4940 no.

322 4985 433 5031 stro
460 4974 585 5032 Jesu
630 4976 867 5043 Christo,
914 4976 1007 5045 qui
1035 4974 1191 5028 tidem
1236 4989 1389 5028 suam
1434 4991 1529 5044 per
1562 4977 1875 5031 universum

320 5066 507 5120 orbem
544 5066 599 5120 in
642 5067 832 5121 salutis
880 5073 1075 5120 nostrae
1104 5065 1325 5120 unicum
1360 5066 1656 5120 remedium
1699 5067 1877 5121 mani-

321 5157 536 5223 lestare,
581 5173 645 5212 ac
696 5157 857 5212 etiam
907 5158 961 5212 in
1012 5144 1363 5229 tyrannorum
1411 5158 1875 5228 persecutionibus

391 5340 467 5409 (9)
509 5337 732 5401 Theon.,
771 5338 926 5409 epist.
960 5336 987 5408 §
1020 5338 1071 5392 7.

418 5408 501 5479 t0)
541 5409 639 5479 1a.,
668 5410 820 5473 ibid.,
848 5408 875 5479 ς
908 5409 957 5461 1.

417 5478 503 5534 Hl
546 5478 684 5533 Ibid.

391 5544 500 5619 (12)
540 5548 697 5603 Mem.
729 5548 853 5603 eccl.
876 5589 890 5615 ,
926 5558 1059 5619 tom.
1092 5546 1192 5612 IV,
1234 5564 1354 5618 pag.
1392 5546 1522 5619 771,
1552 5554 1665 5601 not.
1700 5544 1749 5613 1,
1783 5560 1878 5603 sur

320 5621 376 5676 S.
401 5617 612 5677 ‘Théon.
634 5662 648 5684 ,
677 5628 729 5689 et
756 5630 886 5673 tom.
920 5617 978 5685 V,
1019 5628 1121 5675 art.
1154 5619 1206 5687 3,
1239 5617 1359 5689 pag.
1391 5618 1441 5671 7.

334 5718 337 5719 ν
388 5692 498 5764 (13)
535 5688 721 5761 Spieil.
745 5690 781 5743 l.
810 5704 858 5744 α.

1978 4796 2127 4851 cellis
2158 4796 2301 4850 velut
2340 4812 2531 4851 aurum
2580 4797 2635 4851 in
2676 4796 2895 4852 fornace
2922 4812 3285 4870 expugnatum
3326 4800 3543 4865 enituit,

1977 4895 2030 4940 et
2054 4886 2172 4955 ejus
2200 4886 2396 4941 veritas
2426 4902 2489 4941 ac
2518 4888 2782 4941 celsitudo
2826 4889 2996 4956 magis
3038 4904 3249 4958 semper
3277 4904 3340 4944 ac
3372 4892 3550 4959 magis

1978 4976 2271 5045 splenduit,
2314 4985 2372 5029 ut
2403 4976 2510 5046 iam
2557 4993 2689 5046 pace
2727 4994 2822 5047 per
2862 4980 3062 5032 bonum
3109 4978 3403 5048 principem
3442 4981 3544 5033 Ec-

1976 5066 2156 5121 clesiis
2200 5081 2491 5127 concessa.
2524 5068 2954 5124 Christianorum
3016 5085 3171 5137 opera
3226 5071 3386 5123 etiam
3445 5086 3542 5122 cn-

1982 5172 2098 5212 ram
2149 5157 2455 5214 inﬁdelibus
2495 5158 2737 5225 luceant,
2780 5170 2827 5214 et
2869 5160 3195 5231 gloriﬁcetur
3235 5162 3355 5215 inde
3380 5160 3544 5216 Pater

2053 5335 2164 5405 (14)
2210 5335 2347 5406 Hist.
2388 5337 2512 5389 eccl.
2546 5336 2637 5390 lib.
2678 5352 2794 5401 vnt,
2825 5352 2943 5406 cap.
2980 5339 3025 5390 1.

2051 5407 2164 5474 (15)
2204 5405 2346 5459 Ibid.
2370 5446 2384 5470 ,
2439 5422 2557 5474 cap.
2592 5408 2643 5459 6.

2078 5476 2163 5545 16)
2202 5476 2278 5545 De
2303 5476 2510 5532 mortib.
2544 5484 2797 5543 persecat.
2822 5518 2836 5541 ,
2878 5493 2997 5545 cap.
3030 5478 3114 5531 15.

2079 5477 2163 5611 16)
2202 5477 2278 5529 De
2303 5477 2510 5532 mortib.
2544 5484 2797 5543 persecat.
2822 5518 2836 5541 ,
2878 5493 2997 5545 cap.
3030 5478 3114 5531 15.

2205 5544 2536 5620 llistLIitter.
2561 5585 2576 5607 ,
2617 5555 2748 5600 tom.
2786 5548 2824 5611 Ι,
2860 5563 2979 5620 pag.
3020 5550 3146 5607 172.

2058 5615 2167 5687 (18)
2207 5614 2425 5685 Spicil.,
2462 5617 2497 5671 l.
2528 5632 2578 5670 ε.
