3998 7026
521 270 650 326 1571

1653 271 1710 325 S.
1753 267 2050 324 ΤΗΕΟΝᾹΞ
2091 266 2553 321 ΑιεχΑΝυιιιΝι

3577 269 3716 321 557%

515 398 679 444 vester
703 391 788 460 qui
831 391 885 443 in
927 389 1065 444 cretis
1108 398 1180 443 est
1218 386 1360 443 Deus
1394 389 1450 454 ¹;
1497 388 1639 458 quod
1685 389 1831 442 velut
1869 387 2057 457 prteci—
2085 397 2128 445 Α
2153 386 2352 441 Christi
2380 386 2710 455 repleamini.
2739 385 2927 440 Omnia
2956 393 3173 454 pr0pter
3202 384 3378 453 ipsum
3402 383 3713 439 Creatorem

514 497 680 550 puum
715 496 745 536 a
789 483 943 536 nobis
994 495 1091 550 pro
1134 481 1302 535 salute
1342 489 1548 543 nostra,
1592 479 1637 534 si
1669 478 1960 534 Christiani
1994 483 2058 531 re‘

511 573 690 642 potius
715 588 874 642 quam
921 573 1095 626 verbis
1126 586 1242 626 esse
1273 571 1554 640 cupimus,
1595 570 1940 640 quaerendum
1981 578 2056 622 ato

510 665 995 734 queexoptandum
1023 673 1122 718 est.
1153 663 1286 718 Nam
1318 664 1362 718 si
1395 663 1619 734 gloriam
1643 669 1882 715 nostram
1909 676 2057 729 quae-

512 755 705 820 rimus,
739 770 848 810 rem
875 770 1064 808 vanam
1101 755 1467 823 caducamque
1493 753 1813 822 appetimus,
1851 761 1906 808 et
1933 767 2055 820 qua:

511 862 612 900 nos
649 848 792 916 ipsos
820 846 884 898 ad
927 853 1153 898 mortem
1183 845 1426 914 perducit
1462 863 1475 897 :
1515 853 1570 897 at
1600 845 1768 913 gloria
1797 843 1974 898 Patris
2002 853 2057 898 et

510 934 628 988 Filii
663 936 752 1004 qui
800 949 895 1003 pro
946 935 1115 988 salute
1142 943 1325 988 nostra
1369 934 1517 988 cruci
1559 932 1749 987 atiixus
1792 932 1913 998 fuit,
1957 949 2056 989 nos

509 1024 687 1078 salvos
723 1020 850 1076 facit
908 1023 959 1074 in
1011 1023 1427 1091 redemptionem
1471 1023 1890 1091 sempiternam;
1935 1039 2058 1094 qua:

508 1115 741 1169 maxima
779 1113 1208 1166 Christianorum
1242 1121 1323 1166 est
1358 1112 1706 1181 exspectatio.

575 1207 689 1262 Non
721 1224 866 1278 ergo,
919 1210 991 1262 mi
1035 1208 1287 1274 Luciane,
1335 1217 1388 1262 te
1429 1208 1622 1278 jactari
1659 1220 1754 1263 aut
1793 1217 1925 1277 puto
1965 1218 2060 1263 aut

505 1301 628 1354 volo
672 1302 815 1369 quod
852 1300 1008 1354 multi
1048 1317 1110 1354 ex
1170 1298 1368 1369 palatio
1433 1299 1690 1369 principis
1743 1315 1838 1369 per
1894 1309 1946 1354 te
1990 1300 2058 1354 ad

507 1391 832 1459 agnitionem
884 1391 1117 1444 veritatis
1157 1400 1531 1460 pervenerunt,
1582 1391 1675 1445 sed
1724 1389 1898 1462 magis
1937 1407 2059 1460 gra-

507 1485 610 1537 tias
656 1481 764 1536 Deo
802 1494 986 1537 nostro
1031 1480 1228 1536 referre
1279 1482 1458 1548 decet,
1491 1481 1582 1552 qui
1625 1490 1676 1535 te
1726 1481 1928 1535 bonum
1979 1482 2060 1536 in~

507 1584 866 1629 strumentum
916 1574 969 1627 in
1015 1591 1127 1630 rem
1174 1575 1369 1630 bonam
1420 1573 1686 1641 confecit,
1731 1582 1891 1644 teque
1921 1575 2058 1644 apud

505 1667 799 1736 principem
829 1666 1158 1726 snblimavit.
1180 1665 1543 1721 utChristiani
1571 1665 1808 1721 nominis
1840 1665 2056 1720 odorem

508 1758 562 1811 in
598 1773 750 1810 suam
798 1758 1022 1828 gloriam
1048 1770 1098 1812 et
1138 1759 1431 1812 multorum
1459 1758 1684 1813 salutem
1713 1757 2059 1812 dili‘underes.

506 1845 639 1900 Nam
690 1858 892 1916 quanto
949 1849 1121 1918 magis
1174 1849 1424 1918 princeps
1461 1851 1575 1918 ipse
1620 1849 1857 1902 nondum
1906 1847 2064 1902 Chri-

507 1938 695 1992 stianae
741 1938 987 2008 religioni
1037 1939 1342 2008 ascriptus,
1394 1939 1524 2008 ipsis
1569 1939 1889 1994 Christianis
1919 1940 2065 1996 velut

506 2030 835 2083 ﬁdelioribus
880 2031 1043 2084 vitam
1087 2039 1138 2083 et
1179 2045 1377 2098 corpus
1407 2045 1566 2085 suum
1599 2031 1898 2085 curandum
1944 2046 2066 2086 cre-

504 2118 668 2182 didit;
711 2127 857 2172 tanto
885 2120 1036 2176 decet
1068 2135 1166 2174 vos
1194 2120 1550 2185 sollicitiores,
1603 2138 1666 2176 ac
1705 2123 1759 2175 in
1791 2122 1935 2177 illius
1971 2133 2063 2177 sa-

505 2209 668 2264 lutem
713 2220 764 2265 et
811 2226 994 2265 curam
1026 2212 1391 2281 diligentiores
1419 2227 1538 2267 esse
1565 2222 1618 2267 et
1647 2213 2060 2283 prospectiores,

505 2312 565 2356 ut
596 2318 688 2371 per
738 2302 786 2356 id
839 2304 1126 2372 plurimum
1155 2303 1356 2358 Christi
1392 2320 1586 2360 nomen
1617 2305 1963 2374 gloriﬁcetur,
2008 2312 2064 2360 et

507 2393 653 2448 illius
682 2395 811 2449 ﬁdes
844 2410 941 2464 per
986 2411 1081 2450 vos
1108 2396 1203 2465 qui
1247 2396 1544 2466 principem
1575 2393 1784 2459 fovetis,
1819 2394 2061 2465 quotidie

506 2497 764 2557 augeatur
797 2505 811 2540 ε
849 2503 972 2541 nam
996 2487 1123 2558 quia
1152 2503 1250 2542 nos
1277 2488 1548 2543 maleﬁcos
1573 2486 1702 2541 olim
1727 2495 1780 2542 et
1805 2485 2060 2541 omnibus

504 2580 721 2650 ﬂagitiis
752 2579 978 2635 refertos
1008 2581 1251 2634 nonnulli
1284 2581 1494 2649 priores
1525 2578 1795 2648 principes
1831 2586 2056 2648 putave-

505 2683 663 2735 runt;
699 2672 791 2727 sed
818 2673 931 2741 jam
956 2672 1197 2726 videntes
1225 2681 1400 2726 vestra
1433 2671 1572 2724 bona
1595 2684 1777 2740 opera,
1810 2684 1916 2724 non
1942 2684 2063 2739 pos-

502 2763 614 2818 sint
645 2763 749 2817 nisi
781 2763 958 2833 ipsum
986 2761 1256 2817 Christum
1287 2761 1610 2832 gloriﬁcare.

573 2852 635 2906 ll.
679 2852 862 2923 Itaque
903 2869 1113 2910 summa
1145 2869 1245 2924 ope
1275 2854 1426 2908 vobis
1457 2851 1809 2908 annitendum
1848 2862 1951 2916 est,
1990 2867 2058 2907 ne

501 2957 599 3001 vos
644 2945 844 3015 aliquid
889 2953 1042 3016 turpe
1088 2954 1181 3000 aut
1222 2945 1587 3008 inhonestum,
1639 2960 1706 3000 ne
1734 2944 2055 3016 ﬂagitiosum

503 3037 799 3100 nominem,
835 3037 1110 3104 sentiatis;
1151 3052 1218 3091 ne
1246 3037 1444 3092 Christi
1481 3050 1677 3092 nomen
1708 3053 1803 3108 per
1838 3052 1937 3094 vos
1970 3039 2056 3109 ip-

500 3142 593 3182 sos
626 3127 1041 3197 hlasphemetur.

570 3217 726 3273 Absit
754 3235 784 3272 a
812 3219 964 3272 vobis
999 3230 1056 3272 ut
1091 3219 1292 3272 aditum
1316 3218 1475 3273 alicui
1507 3220 1573 3273 ad
1601 3218 1895 3288 principem
1928 3235 2052 3289 pre-

501 3311 576 3363 tio
603 3310 874 3374 vendatis;
920 3318 977 3363 ut
1027 3309 1307 3363 inhonesta
1335 3317 1428 3363 aut
1456 3312 1724 3380 precibus,
1765 3321 1858 3364 aut
1884 3312 2054 3381 pretio

501 3401 630 3456 victi
663 3403 844 3470 aliquo
880 3411 1036 3470 pacto
1073 3401 1298 3471 principi
1326 3404 1644 3474 suggeratis.
1695 3401 1883 3458 Omnis
1929 3420 2053 3459 ava-

500 3493 656 3571 ritiae.
686 3494 846 3547 ardor
890 3509 920 3546 a
966 3493 1118 3548 vobis
1167 3494 1419 3549 abscedat
1450 3497 1506 3563 ⁸,
1535 3511 1654 3565 quae
1700 3495 2052 3551 idololatriam

501 3585 679 3654 potius
709 3599 869 3654 quam
899 3583 1098 3639 Christi
1150 3585 1466 3656 religionem
1516 3596 1788 3655 operatur.
1837 3586 2053 3643 Nullum

499 3683 658 3747 turpe
687 3677 894 3731 lucrum
927 3676 1255 3742 Christiano,
1278 3677 1423 3731 nulla
1453 3678 1737 3748 duplicitas
1769 3679 2055 3734 convenire

504 3777 700 3838 potest,
729 3769 821 3838 qui
853 3767 1126 3823 Christum
1169 3768 1464 3838 simplicem
1512 3777 1566 3824 et
1609 3770 1811 3824 nudum
1855 3771 2056 3840 ample-

501 3861 684 3916 ctitur.
710 3858 865 3915 Nulla
895 3863 1196 3917 scurrilitas
1238 3872 1332 3917 aut
1378 3863 1933 3934 turpiloquiuminter
1961 3878 2055 3917 vos

503 3951 766 4006 habeatur
793 3953 834 4008 ⁸.
875 3951 1068 4008 Omnia
1101 3969 1222 4008 cum
1255 3955 1832 4018 modestia,‘comitate,
1869 3954 2056 4009 aﬂabi-

503 4043 649 4097 litate
689 4053 742 4097 et
783 4044 991 4112 justitia
1020 4046 1324 4117 exigantur,
1359 4055 1418 4100 ut
1463 4047 1518 4100 in
1561 4047 1810 4101 omnibus
1855 4061 2052 4100 nomen

504 4133 596 4189 Dei
630 4143 682 4188 et
710 4135 919 4190 Domini
946 4138 1110 4191 nostri
1144 4136 1271 4192 Jesu
1303 4137 1501 4192 Christi
1534 4137 1878 4206 gloriﬁcetur.

573 4225 754 4281 Oﬁicia
804 4237 980 4282 vestra
1031 4229 1097 4282 ad
1141 4243 1262 4297 quae
1310 4228 1504 4299 singuli
1557 4229 1835 4283 constituti
1879 4228 2050 4289 estis,

501 4320 650 4373 omni
702 4334 824 4373 cum
873 4320 1062 4374 timore
1109 4318 1200 4373 Dei
1251 4328 1304 4374 et
1354 4335 1537 4376 amore
1581 4320 1838 4390 principis
1893 4331 2054 4390 atque

2153 489 2392 532 vestrum
2425 477 2660 541 suﬁ‘erte,
2707 479 2888 533 omnia
2924 476 3192 546 patimini,
3219 476 3404 529 omnia
3434 477 3642 532 vincite
3667 490 3719 534 et

2155 567 2533 635 supplantate,
2598 577 2659 619 ut
2715 564 2989 620 Christum
3049 564 3337 619 Dominum
3397 568 3716 636 acquiratis.

2155 655 2344 728 Magna
2382 666 2508 711 sunt
2543 657 2656 711 haec
2695 665 2752 710 et
2799 657 3069 713 laboribus
3115 659 3272 727 plena
3325 674 3340 710 :
3387 659 3479 714 sed
3527 661 3621 729 qui
3663 662 3719 713 in

2155 765 2315 818 agone
2332 750 2614 811 contendit,
2637 748 2700 800 ab
2721 748 2958 802 omnibus
2978 765 3030 802 se
3059 749 3316 814 abstinet;
3333 761 3382 804 et
3403 751 3485 804 illi
3506 752 3718 820 quidem

2156 849 2215 892 ut
2272 840 2656 908 corruptibilem
2729 857 2974 894 coronam
3037 842 3339 911 accipiant,
3385 859 3480 895 nos
3538 852 3718 895 autem

2155 931 2508 1000 incorruptam
2535 931 2578 986 '.

2227 1042 2313 1096 lll.
2351 1043 2454 1097 Sed
2499 1044 2653 1112 quia,
2687 1053 2748 1098 ut
2789 1045 2964 1098 sentio
2991 1085 3007 1109 ,
3056 1044 3282 1099 diversis
3334 1046 3524 1101 oﬂiciis
3588 1050 3722 1103 estis

2159 1135 2396 1204 ascripti,
2435 1144 2490 1189 et
2526 1136 2768 1189 omnium
2803 1145 2856 1189 tu
2879 1178 2893 1200 ,
2926 1135 3186 1201 Luciane,
3221 1139 3546 1206 praepositus
3575 1140 3721 1194 dice-

2158 1228 2254 1291 ris,
2281 1241 2418 1296 quos
2445 1241 2633 1281 omnes
2665 1227 2835 1297 gratia
2871 1227 3072 1282 Christi
3103 1227 3196 1281 tibi
3227 1244 3486 1284 concessa
3525 1240 3720 1299 potens

2158 1332 2216 1371 es
2253 1327 2307 1371 et
2340 1319 2582 1387 regulare
2626 1325 2680 1371 et
2729 1317 3030 1381 instruere;
3066 1327 3246 1372 certus
3285 1333 3442 1382 sum,
3477 1335 3595 1373 non
3627 1321 3722 1374 tibi

2157 1409 2461 1478 displicebit
2507 1423 2593 1463 me
2625 1407 2786 1462 etiam
2831 1407 2896 1462 de
2936 1407 3126 1462 oliiciis
3172 1409 3276 1462 illis
3321 1409 3502 1479 aliqua
3551 1412 3723 1478 parti-

2158 1500 2374 1555 culatim
2402 1510 2458 1555 et
2485 1502 2776 1556 summarie
2802 1501 2894 1555 tibi
2921 1499 3120 1555 referre
3142 1516 3261 1570 qua:
3288 1515 3531 1554 sensero.
3582 1501 3720 1555 Nam

2159 1591 2391 1660 aliquem
2433 1606 2501 1646 ex
2525 1591 2680 1647 vobis
2721 1607 2936 1646 servare
2964 1591 3201 1660 privatas
3245 1589 3502 1660 principis
3549 1607 3723 1660 pecu-

2163 1682 2281 1737 nias
2311 1682 2509 1749 audio;
2546 1683 2711 1737 alium
2742 1693 2916 1737 vestes
2945 1693 2999 1736 et
3025 1689 3340 1736 ornamenta
3375 1683 3720 1752 imperialia;

2164 1774 2328 1828 alium
2357 1788 2485 1830 vasa
2511 1777 2778 1845 pretiosa;
2823 1775 2988 1828 alium
3017 1775 3208 1836 libros,
3244 1789 3404 1843 quem
3433 1789 3544 1828 non
3573 1775 3723 1830 hunc

2162 1867 2339 1923 adhuc
2373 1883 2439 1924 ex
2479 1867 2822 1923 credentibus
2854 1867 3114 1937 intelligo,
3146 1866 3313 1921 alium
3346 1866 3506 1920 aliam
3535 1869 3721 1938 supel-

2161 1961 2410 2015 lectilem.
2455 1959 2586 2027 Quae
2616 1977 2747 2016 sane
2773 1960 3226 2031 quemadmodum
3255 1961 3530 2016 tractanda
3576 1963 3720 2016 mihi

2160 2051 2463 2117 videantur,
2498 2052 2685 2120 paucis
2711 2052 2981 2108 indicabo.

2230 2162 2319 2218 IV.
2360 2164 2462 2231 Qui
2488 2165 2722 2234 privatas
2753 2165 3012 2235 principis
3049 2167 3308 2236 pecunias
3338 2169 3561 2235 detinet,
3597 2185 3720 2225 om-

2161 2255 2250 2310 nia
2283 2255 2386 2311 sub
2417 2264 2566 2311 certo
2590 2256 2798 2311 calculo
2823 2266 3139 2321 conservet;
3166 2268 3386 2327 paratus
3413 2260 3481 2314 sit
3505 2276 3720 2330 semper

2161 2348 2404 2401 omnium
2438 2355 2641 2401 certam
2679 2347 2901 2402 reddere
2931 2348 3199 2403 rationem
3235 2367 3250 2403 :
3286 2352 3467 2404 omnia
3492 2352 3708 2416 scribat,

2157 2439 2316 2493 etiam
2366 2437 2413 2493 si
2449 2438 2705 2509 possibile
2753 2448 2871 2505 est,
2924 2448 3215 2510 antequam
3261 2441 3418 2495 alteri
3463 2445 3710 2511 pecunias

2158 2529 2428 2600 porrigat;
2461 2545 2738 2598 nunquam
2768 2531 3042 2585 memoria:
3071 2532 3327 2600 conlidat,
3374 2549 3491 2603 qua
3525 2535 3590 2588 ad
3623 2536 3706 2589 di-

2158 2637 2313 2676 versa
2345 2621 2588 2692 quotidie
2617 2623 2873 2678 distracta
2911 2623 3070 2679 facile
3107 2625 3330 2690 labitur,
3381 2627 3451 2680 ita
3492 2639 3549 2681 ut
3588 2629 3707 2682 sine

2157 2715 2446 2784 scriptura,
2482 2716 2641 2771 etiam
2673 2732 2793 2786 qua:
2832 2718 2977 2772 nullo
3003 2727 3158 2788 pacto
3188 2717 3410 2774 fuerunt
3450 2735 3511 2775 ex
3551 2723 3710 2776 corde

2157 2821 2544 2877 nonnunquam
2571 2807 2932 2875 allirmemus;
2971 2825 3072 2865 nec
3101 2810 3340 2880 vulgaris
3374 2811 3447 2866 sit
3475 2812 3712 2881 hujusce-

2156 2898 2298 2952 modi
2324 2899 2615 2967 scriptura,
2661 2900 2753 2954 sed
2791 2915 2912 2969 quae
2937 2899 3090 2956 facile
3117 2912 3171 2956 et
3201 2903 3345 2957 clare
3367 2906 3550 2958 omnia
3583 2920 3711 2974 pan-

2154 2990 2264 3055 dat,
2297 2999 2352 3045 et
2396 3002 2634 3047 mentem
2672 2992 2996 3062 requirentis
3039 2993 3156 3049 sine
3202 2996 3455 3065 scrupulo
3483 3008 3575 3051 aut
3612 2998 3711 3052 du-

2080 3062 2123 3120 c
2154 3084 2411 3138 bitatione
2453 3085 2727 3155 relinquat
2758 3105 2772 3140 :
2805 3086 2950 3156 quod
2997 3084 3152 3141 facile
3205 3087 3298 3142 ﬁet
3317 3062 3347 3151 ,—
3379 3089 3423 3142 si
3460 3089 3704 3144 distincte

2153 3191 2272 3248 quae
2297 3176 2628 3246 recipiuntur
2671 3186 2726 3231 et
2769 3193 2867 3247 per
2895 3193 2952 3233 se
2979 3179 3311 3246 scribantur,
3351 3188 3401 3234 et
3434 3195 3535 3250 quo
3563 3187 3700 3234 tem-

2151 3283 2301 3338 pore,
2332 3277 2386 3322 et
2411 3284 2506 3337 per
2527 3284 2688 3339 quem
2727 3280 2943 3341 recepta
2985 3271 3203 3338 fuerint,
3235 3285 3294 3330 et
3319 3289 3420 3344 quo
3448 3276 3502 3328 in
3534 3275 3654 3330 loco
3683 3295 3697 3328 :

2153 3359 2398 3414 similiter
2429 3370 2482 3414 et
2510 3362 2655 3430 quod
2687 3363 2811 3419 aliis
2840 3374 3114 3436 erogatur,
3150 3367 3234 3420 vel
3280 3367 3531 3436 principis
3558 3383 3707 3422 man-

2152 3451 2276 3506 dato
2303 3451 2626 3521 impenditur
2653 3468 2750 3523 per
2779 3470 2837 3510 se
2862 3471 2963 3511 suo
2986 3457 3173 3512 ordine
3198 3457 3473 3528 digeratur
3503 3476 3517 3514 :
3545 3457 3710 3512 ﬁdelis

2154 3545 2226 3600 sit
2259 3545 2346 3600 ille
2379 3560 2566 3600 servus
2589 3555 2643 3600 et
2666 3547 2928 3616 prudens,
2961 3560 3019 3603 ut
3040 3550 3270 3619 gaudeat
3302 3549 3562 3606 Dominus
3590 3566 3706 3604 eum

2155 3653 2315 3706 super
2352 3637 2493 3692 bona
2541 3651 2640 3693 sua
2688 3642 3038 3697 constituisse
3067 3643 3118 3707 ‘,
3151 3651 3207 3697 et
3231 3640 3509 3698 Christum
3537 3643 3590 3697 in
3622 3642 3710 3697 illo

2155 3731 2432 3802 gloriﬁcct.

2224 3846 2290 3902 V.
2332 3847 2440 3903 Nec
2483 3849 2660 3903 minor
2694 3851 2800 3906 erit
2838 3853 2914 3906 illi
2944 3853 3219 3924 diligentia
3250 3862 3305 3908 et
3331 3869 3460 3908 cura
3486 3854 3574 3923 qui
3611 3869 3705 3906 ve-

2155 3947 2266 3994 stes
2310 3950 2363 3994 et
2397 3941 2695 4011 imperialia
2721 3943 2924 4000 detinet
2972 3955 3324 4006 ornamenta,
3374 3961 3494 4016 qua:
3533 3946 3703 4000 omnia

2155 4031 2256 4084 sub
2300 4032 2602 4087 certissimo
2637 4034 2813 4090 indice
2843 4036 3037 4092 habeat
3085 4047 3138 4092 et
3190 4039 3409 4093 adnotet
3455 4054 3576 4108 qua:
3622 4039 3707 4092 illa

2155 4119 2283 4186 sint,
2327 4122 2530 4190 qualia,
2560 4125 2759 4194 quibus
2804 4127 2858 4180 in
2906 4128 3039 4183 locis
3072 4130 3368 4194 recondita,
3403 4131 3618 4201 quando
3650 4145 3709 4184 ea

2155 4213 2420 4281 acceperit
2465 4223 2574 4269 eta
2621 4215 2853 4284 quibus,
2900 4234 2968 4272 an
3014 4221 3280 4275 maculata
3306 4221 3434 4276 .sint
3480 4222 3560 4275 vel
3598 4221 3711 4274 sine

2157 4305 2366 4360 macula
2397 4324 2411 4360 :
2445 4307 2536 4362 illa
2571 4309 2751 4363 omnia
2787 4325 2886 4364 sua
2922 4311 3199 4382 diligentia
3230 4322 3543 4380 conservet;
3574 4328 3710 4380 sape

503 4419 689 4465 exacta
730 4411 1000 4478 diligentia
1027 4411 1414 4479 exsequamini.
1462 4411 1766 4467 Mandatum
1794 4411 2052 4481 principis

2158 4397 2413 4461 revideat,
2463 4415 2604 4468 saepe
2648 4408 2937 4470 pertractet
2975 4414 3035 4459 ut
3076 4403 3288 4461 facilius
3306 4421 3708 4481 recognoscan-

503 4503 647 4572 quod
677 4501 841 4556 Deum
890 4517 994 4556 non
1043 4502 1292 4568 oﬂ'endit,
1336 4505 1404 4559 ab
1446 4505 1562 4574 ipso
1587 4503 1696 4558 Deo
1725 4505 2052 4574 processisse

505 4595 730 4662 putetis;
772 4608 952 4648 amore
980 4594 1179 4662 pariter
1204 4605 1257 4649 et
1281 4597 1492 4662 timore,
1537 4607 1696 4667 atque
1737 4599 1882 4652 omni
1926 4615 2047 4653 cum

497 4685 837 4756 jucunditatc
867 4685 1122 4754 perﬁcite.
1162 4685 1304 4741 Nihil
1329 4697 1412 4743 est
1438 4689 1577 4743 cnim
1610 4690 1750 4759 quod
1779 4691 2049 4745 hominem

505 4776 718 4844 magnis
755 4775 1135 4846 agitationibus
1180 4775 1460 4848 fatigatum
1514 4779 1585 4834 ita
1634 4789 1857 4844 recreet,
1913 4781 2052 4836 sicut

503 4866 678 4922 intimi
713 4869 985 4923 servitoris
1026 4868 1350 4924 conveniens
1381 4871 1710 4938 jucunditas,
1739 4879 1794 4924 et
1823 4872 2052 4940 benigna

504 4958 792 5027 patientia;
834 4973 932 5013 nec
962 4958 1066 5012 ulla
1092 4959 1284 5014 iterum
1309 4975 1392 5013 res
1415 4961 1720 5015 econtrario
1753 4961 1902 5014 illum
1931 4976 2052 5030 per-

507 5049 809 5102 turbatione
840 5049 916 5102 ita
942 5049 1101 5103 allicit
1127 5060 1178 5104 et
1204 5050 1506 5116 contristat,
1533 5051 1672 5106 sicut
1699 5051 1915 5105 tristitia
1951 5052 2054 5104 im-

505 5140 904 5208 patientiaque,
951 5149 1004 5195 et
1038 5140 1206 5209 ipsius
1255 5141 1530 5196 servitoris
1567 5141 2047 5196 submurmuratio.

503 5230 695 5284 Absint
726 5230 838 5285 haec
867 5246 898 5285 a
925 5231 1074 5286 vobis
1097 5230 1418 5287 Christianis
1437 5273 1452 5298 ,
1496 5233 1588 5302 qui
1623 5233 1736 5286 zelo
1765 5233 1885 5288 ﬁdei
1914 5235 2053 5290 ince-

504 5322 668 5387 ditis;
705 5323 798 5375 sed
842 5330 903 5376 ut
950 5323 1002 5376 in
1054 5324 1207 5378 vobis
1249 5323 1378 5392 ipsis
1426 5323 1812 5378 honoriﬁcetur
1840 5323 1980 5380 Deus
2007 5326 2050 5392 ⁵,

504 5409 684 5461 omnia
710 5408 836 5464 vitia
860 5411 1052 5466 mentis
1076 5420 1130 5466 et
1152 5413 1394 5482 corporis
1414 5413 1728 5483 supprimitc
1751 5427 1802 5469 ct
1828 5416 2050 5472 calcate.

503 5498 793 5555 induimini
826 5504 1079 5572 patientia
1107 5514 1162 5560 et
1195 5505 1535 5574 all‘abilitate;
1571 5507 1860 5563 virtutibus
1884 5517 1936 5564 et
1961 5525 2054 5580 spe

2160 4498 2246 4543 tur
2281 4508 2295 4543 :
2328 4491 2508 4545 omnia
2537 4493 2613 4546 illi
2643 4495 2754 4548 sint
2779 4495 2831 4548 in
2859 4505 3132 4566 promptu,
3162 4499 3343 4552 omnia
3370 4509 3593 4568 parata:
3622 4514 3710 4568 pe—

2156 4581 2318 4636 tentis
2361 4597 2570 4653 semper
2617 4585 2878 4655 principis
2919 4597 3014 4642 aut
3046 4592 3314 4660 prmpositi
3360 4593 3442 4646 sui
3481 4603 3707 4648 mentem

2157 4671 2211 4725 in
2249 4674 2398 4727 omni
2425 4689 2481 4729 re
2512 4676 2674 4744 petita
2703 4677 3061 4734 clarissmam
3091 4682 3311 4746 reddat;
3353 4683 3426 4738 ita
3451 4695 3630 4738 tamen
3657 4699 3711 4738 ut

2157 4761 2341 4816 omnia
2370 4779 2492 4817 cum
2525 4765 2827 4822 humilitate
2861 4778 2914 4823 et
2933 4769 3171 4838 jucunda
3201 4775 3456 4843 patientia
3482 4776 3636 4842 ﬁant,
3663 4787 3712 4829 et

2156 4851 2356 4906 Christi
2386 4869 2580 4909 nomen
2613 4857 2776 4910 etiam
2811 4860 2862 4914 in
2894 4875 2953 4914 re
2979 4876 3142 4930 parva
3167 4862 3432 4918 laudetur.

2227 4959 2314 5015 Ἦ.
2359 4960 2530 5017 Simili
2561 4965 2721 5021 modo
2745 4967 2830 5023 ille
2853 4979 2996 5040 agat,
3027 4971 3184 5041 cujus
3212 4972 3332 5028 ﬁdei
3359 4974 3564 5029 credita
3592 4987 3715 5030 sunt

2157 5069 2285 5109 vasa
2330 5070 2583 5128 argentea
2609 5102 2623 5126 ,
2659 5075 2856 5127 aurea,
2906 5065 3238 5136 crystallina,
3279 5067 3363 5122 vel
3401 5069 3712 5130 murrhiua.

2157 5147 2388 5214 escaria,
2418 5151 2506 5204 vel
2538 5153 2776 5222 potoria;
2811 5156 2990 5210 omnia
3019 5157 3292 5227 disponat,
3337 5161 3520 5214 omnia
3542 5170 3712 5225 notet,

2156 5245 2210 5291 et
2233 5247 2366 5306 quot
2385 5241 2638 5308 qualesve
2667 5244 2776 5298 sint
2801 5244 2854 5298 in
2883 5245 2987 5300 illis
3011 5246 3218 5316 lapides
3249 5249 3464 5317 pretiosi
3495 5265 3594 5304 sua
3631 5252 3712 5305 di-

2157 5327 2371 5398 ligentia
2403 5343 2792 5401 cunnumeret;
2827 5337 3010 5390 omnia
3048 5353 3244 5409 magna
3272 5356 3395 5394 cum
3430 5342 3709 5410 prudentia

2158 5419 2481 5487 consideret,
2517 5425 2695 5477 omnia
2726 5426 2837 5482 suis
2867 5427 2998 5482 locis
3039 5439 3093 5484 et
3135 5433 3463 5500 temporibus
3490 5435 3705 5503 prodat;

2158 5512 2241 5566 cui
2272 5512 2363 5567 dat
2383 5523 2435 5568 et
2463 5516 2703 5584 quando,
2728 5533 2759 5573 a
2781 5521 2978 5589 quibus
3004 5536 3066 5577 ea
3090 5523 3280 5594 recipit
3307 5525 3711 5596 diligentissime

611 5677 628 5708 ί
666 5675 850 5733 Matth.
881 5696 933 5740 ν,
967 5680 1051 5736 i6.
1095 5683 1115 5714 '
1143 5684 1354 5740 (Ioloss.
1387 5701 1466 5750 ιιι,
1499 5684 1550 5740 5.
1627 5686 1648 5718 ³
1671 5683 1868 5756 Ephes.
1901 5705 1950 5754 ν,
1977 5687 2027 5743 4.

2155 5687 2170 5741 l
2203 5687 2310 5744 Pet.
2345 5706 2417 5755 ιν,
2457 5691 2538 5746 ll.
2579 5693 2598 5724 ⁸
2627 5691 2645 5746 l
2679 5693 2804 5750 Cor.
2837 5711 2912 5762 Ix,
2935 5695 3024 5753 25.
3063 5699 3084 5731 ⁸
3112 5697 3474 5768 Μδῑιιιίιιεν,
3503 5700 3592 5771 45,
3622 5702 3707 5757 47.
