1998 3104
175 172 244 202 1575

653 172 760 200 EPIST.
781 172 825 198 AD
845 171 1021 199 LL’CIANUM
1039 170 1309 201 CUBICULARIL'M.

1722 180 1791 208 (ηπ

172 234 319 269 inspiciat,
340 240 373 261 ne
396 240 475 260 error
498 236 524 259 et
547 232 666 267 suspicio
698 232 766 258 mala
792 232 872 259 etiam
893 239 955 259 cum
970 233 993 261 Α
1006 231 1087 258 etiam
1102 239 1214 266 corpore
1233 237 1259 259 et
1279 232 1445 262 indumentis
1462 236 1556 263 mundi
1572 241 1599 264 et
1611 237 1699 273 nitidi,
1714 242 1789 270 nulla

173 280 270 314 majori
284 279 382 306 damno
397 279 422 306 in
437 278 517 306 rebtts
532 278 658 313 pretiosis
671 284 806 305 occurrat.

208 323 263 351 VII.
285 324 330 351 Ille
347 328 436 351 tamen
461 323 612 358 przecipuus
632 322 702 349 inter
724 330 771 350 vos
795 322 846 349 erit
867 326 894 349 et
915 322 957 348 di-

172 370 376 405 ligentissimus,
392 370 435 396 cui
451 370 534 396 libros
545 369 693 396 servandos
707 369 832 403 princeps
847 368 956 395 manda-

172 418 260 444 verit:
277 417 349 443 hunc
363 416 420 451 ipse
435 424 467 443 ex
483 416 593 450 probata
612 413 724 442 scientia
744 415 794 442 sibi
817 415 896 450 eliget
912 415 954 442 vi-

172 471 232 490 rum
249 470 357 496 gravem
372 466 398 489 et
413 462 517 496 magnis
545 461 624 488 rebus
647 465 750 495 aptttm,
774 469 806 488 ac
829 461 955 489 omnibus

172 506 292 539 qua-sitis
307 505 468 540 respondere
481 509 621 540 paratum,
641 506 748 539 qualem
764 505 955 540 Philadelphus

171 551 307 578 Aristeum
330 551 455 578 intimum
480 551 674 578 cubicularium
699 551 725 578 in
738 559 767 578 re
782 552 831 578 hac
846 553 953 587 delegit,

172 603 204 622 ac
227 595 403 622 nobilissima:
430 595 598 622 bibliothecze
622 595 789 629 praeposuit,
816 604 894 630 quem
921 597 954 623 ad

171 641 329 668 Eleazarum
345 641 469 668 maximis
481 648 542 667 cum
555 641 712 668 muneribus
726 649 774 676 pro
789 642 953 669 traducenda

173 686 310 720 Scriptura
323 693 399 713 sacra
413 685 529 720 legatum
547 685 620 712 misit
635 693 642 712 :
660 686 703 712 hic
720 686 788 712 idern
813 686 952 713 historiam

173 731 346 766 Septuaginta
361 732 540 765 lnterpretum
555 731 632 765 plene
647 731 765 765 scripsit.
783 731 811 758 Si
825 732 906 766 igitur
920 740 952 759 ex

172 777 340 805 credentibus
360 777 387 803 in
399 776 538 804 Christum
557 777 591 803 ad
610 776 661 803 hoc
676 777 763 811 ipsum
777 777 892 804 ofﬁcium
906 779 954 805 ad-

170 823 260 849 vocari
285 822 432 856 contingat.
456 829 508 849 non
534 826 643 856 spernat
656 827 682 849 et
699 822 755 857 ipse
776 823 878 851 litteras
901 831 952 851 ste-

170 866 276 893 culares
300 870 327 893 et
347 866 485 901 gentilium
500 866 617 901 ingenia,
633 874 693 901 quae
709 867 858 903 principem
875 868 951 896 oble-

1009 280 1098 303 tamen
1111 277 1296 312 superﬂuitate
1308 283 1354 305 aut
1365 279 1534 309 all‘ectatione
1545 284 1665 315 notandi.
1674 285 1790 312 neChri-

1008 322 1094 348 stiaua
1110 322 1240 350 modestia
1255 323 1422 359 detur-petur.
1438 326 1534 355 Omnia
1551 329 1609 356 suis
1623 331 1790 364 temporibus

1007 367 1061 394 sint
1085 373 1193 402 parata,
1214 374 1240 396 et
1260 377 1311 397 suo
1330 371 1425 399 ordine
1447 381 1527 407 quam
1553 375 1653 408 optime
1674 376 1789 411 digesta.

1008 411 1049 439 Sit
1068 414 1135 440 ordo
1160 414 1229 441 inter
1247 423 1295 442 vos
1319 420 1346 443 et
1372 417 1526 451 diligentia,
1553 427 1586 445 ne
1611 420 1736 448 confusio
1759 422 1787 452 in

1007 466 1097 493 opere,
1114 465 1160 486 aut
1178 468 1267 487 rerum
1292 463 1404 489 amissio
1420 464 1511 499 aliquo
1528 470 1607 499 pacto
1622 470 1760 500 proveniat
1780 478 1787 495 :

1006 503 1184 538 disponantur
1200 510 1384 541 ornanturque
1399 513 1551 542 opportuna
1573 510 1629 536 loca
1644 519 1693 545 pro
1709 518 1789 547 captu

1004 552 1031 575 et
1047 548 1175 583 dignitate
1190 550 1321 578 locorum.
1714 569 1727 577 —

1041 593 1101 621 Sint
1128 595 1240 630 insuper
1268 601 1294 623 et
1318 598 1386 624 servi
1403 599 1485 625 vestri
1510 599 1714 631 honestissimi,
1733 601 1787 628 sint

1005 641 1146 674 compositi
1163 646 1188 667 et
1208 642 1331 675 modesti,
1357 647 1383 670 et
1398 644 1476 671 vobis
1490 652 1571 679 quam
1586 646 1788 673 convenientis-

1005 685 1086 718 simi;
1111 694 1180 720 quos
1203 687 1229 713 in
1245 695 1307 714 vera
1329 688 1450 715 doctrina
1476 691 1548 717 omni
1571 699 1633 718 cum
1658 693 1788 726 patientia

1003 736 1029 757 et
1046 732 1176 759 charitate
1191 732 1291 760 Christi
1309 734 1434 761 instruite
1447 740 1473 762 et
1487 736 1594 769 docete;
1617 738 1688 771 quod
1704 738 1726 765 si
1744 739 1788 765 in-

1004 777 1167 804 structiones
1193 782 1299 805 vestras
1325 780 1461 814 negligant
1483 786 1509 806 et
1534 782 1746 816 parvipendattt,
1772 792 1788 810 :t

1003 822 1079 849 vobis
1096 823 1215 856 abjicite,
1239 831 1273 851 ne
1297 824 1405 852 illorum
1424 826 1542 860 nequitia
1558 828 1649 861 aliquo
1665 833 1744 862 pacto
1760 829 1788 855 in

1004 874 1052 894 vos
1076 868 1217 896 redundet.
1245 869 1312 897 Nam
1329 871 1480 899 diffamatus
1503 872 1629 900 dominos
1645 881 1678 901 ex
1695 881 1789 901 servo-

169 917 252 940 ctant.
275 912 414 940 Laudandi
436 917 498 939 sunt
520 918 605 947 poeta:
624 913 651 940 in
676 914 860 947 magnitudine
878 915 952 950 inge-
967 915 988 941 Β
1003 921 1062 939 rum
1075 914 1239 949 malignitate
1254 916 1418 951 quandoque
1433 918 1559 952 vidimus,
1580 924 1606 946 ct
1626 927 1696 955 saepe
1709 921 1788 947 audi-

170 960 219 991 nii.
237 959 263 986 in
285 959 454 986 inventorum
474 959 608 990 acumine,
632 958 659 985 in
683 960 866 994 expressionis
887 969 947 995 pro-

170 1005 282 1039 prietate
304 1009 330 1031 et
352 1003 504 1038 eloquentia
527 1012 647 1037 summa;
669 1004 794 1032 laudandi
812 1011 950 1040 oratores,

169 1050 295 1078 laudandi
312 1050 465 1085 philosophi
479 1051 506 1077 in
522 1058 620 1085 genere
638 1058 705 1084 suo;
726 1051 852 1079 laudandi
866 1053 952 1080 histo-

170 1096 218 1123 rici
239 1096 285 1131 qui
308 1100 442 1131 gestarum
467 1103 556 1122 rerutn
576 1096 685 1128 seriem,
710 1097 843 1131 majorum
863 1106 952 1126 mores

169 1147 196 1169 et
212 1143 332 1170 instituta
357 1141 435 1169 nobis
460 1141 613 1176 explicant,
637 1142 683 1176 qui
700 1142 805 1169 vivendi
828 1151 951 1171 normam

169 1196 202 1215 ex
219 1189 391 1222 antiquorum
405 1188 487 1223 gestis
502 1187 657 1214 ostendunt.
680 1188 817 1215 Interdum
840 1195 866 1216 et
883 1190 952 1216 divi-

169 1242 218 1261 nas
237 1233 391 1268 Scripturas
416 1233 520 1259 laudari
545 1234 696 1264 conabitur,
719 1241 787 1268 quas
807 1234 873 1261 mira
891 1235 952 1262 dili-

169 1279 257 1314 gentia
272 1283 298 1305 et
312 1278 465 1313 largissime
478 1277 621 1316 impendio
634 1277 794 1305 Ptolemaeus
817 1278 951 1306 Philadel-

168 1325 239 1359 phus
254 1324 281 1351 in
295 1324 414 1359 linguam
430 1327 549 1350 nostrant
569 1323 672 1350 traduci
688 1324 792 1350 curavit
806 1322 878 1359 (19);
895 1325 952 1351 Iau-

169 1368 277 1393 dabitur
291 1372 317 1394 et
328 1367 432 1394 interim
445 1366 629 1402 Evangelium,
643 1367 840 1403 Apostolusque
851 1376 899 1403 pro
912 1370 952 1396 di-

170 1412 241 1438 vinis
269 1411 400 1445 oraculis;
428 1412 567 1446 insurgere
589 1412 686 1446 poterit
706 1411 805 1439 Christi
832 1414 950 1445 mentio:

169 1458 347 1492 explicabitur
373 1458 502 1492 paulatim
527 1457 586 1492 ejus
610 1458 667 1485 sola
689 1458 832 1491 divinitas;
861 1460 952 1487 omnia

169 1504 227 1530 haec
242 1510 302 1530 cum
317 1502 417 1530 Christi
435 1503 570 1537 adjutorio
584 1502 727 1537 provenire
743 1507 863 1538 possent.

205 1549 278 1576 Sciat
302 1556 365 1583 ergo
379 1549 423 1576 ille
442 1548 525 1576 libros
550 1557 644 1576 omnes
668 1557 737 1584 quos
757 1549 882 1584 princeps
904 1550 952 1577 ha-

1002 966 1101 987 VlmuS.

1039 1005 1066 1031 Si
1086 1005 1118 1032 ad
1136 1005 1284 1041 Augustam
1300 1010 1446 1036 accesserit
1461 1011 1595 1046 princeps,
1619 1013 1660 1040 vel
1681 1013 1738 1047 ipsa
1753 1014 1788 1041 axi

1002 1050 1089 1080 illum,
1112 1051 1172 1078 sitis
1191 1055 1256 1078 tunc
1280 1060 1329 1079 vos
1347 1061 1454 1088 qttoqttc
1469 1060 1494 1081 et
1510 1056 1595 1083 oculis
1618 1061 1646 1084 et
1668 1062 1743 1090 gestu
1763 1063 1790 1085 et

1001 1095 1091 1121 verbis
1111 1096 1237 1123 omnibus
1258 1104 1339 1132 quant
1364 1100 1606 1133 compositissimi;
1632 1102 1721 1128 videat
1744 1102 1788 1128 illa

1002 1143 1119 1166 vestram
1138 1141 1332 1168 continentiam
1347 1147 1373 1169 et
1393 1144 1570 1177 modestiam;
1594 1145 1702 1173 videant
1716 1147 1789 1173 illius

1001 1185 1114 1212 comites
1130 1190 1157 1212 et
1172 1187 1348 1222 perlisseqnae,
1378 1188 1484 1215 videant
1507 1194 1533 1216 et
1549 1191 1726 1224 admirentur,
1745 1198 1789 1219 at-

1002 1238 1055 1265 que
1067 1231 1129 1258 inde
1140 1230 1231 1258 Jcsum
1252 1232 1390 1260 Christum
1403 1233 1547 1262 Dominum
1563 1241 1682 1263 nostrtttn
1699 1238 1726 1264 in
1740 1245 1788 1264 vo-

1002 1276 1043 1303 bis
1069 1277 1135 1311 ipsis
1171 1278 1334 1305 collaudent.
1367 1279 1483 1314 Loquela
1517 1286 1601 1308 vestra
1621 1290 1726 1317 semper
1754 1283 1789 1310 sit

1002 1329 1083 1356 parca
1106 1327 1132 1349 et
1149 1324 1281 1357 modesta,
1302 1329 1382 1359 atque
1408 1326 1537 1361 religione
1557 1328 1630 1355 velut
1652 1329 1706 1354 sale
1726 1337 1789 1355 con-

1001 1369 1058 1396 dita
1073 1371 1094 1396 ".
1109 1369 1188 1397 Nulla
1204 1378 1315 1406 prorsus
1336 1372 1406 1399 inter
1418 1381 1465 1399 vos
1480 1374 1514 1401 sit
1529 1374 1639 1406 invidia,
1657 1380 1704 1402 aut
1720 1383 1788 1404 con-

1001 1414 1100 1447 tentio,
1126 1422 1185 1449 qum
1202 1415 1228 1442 in
1248 1423 1356 1443 omnem
1382 1416 1569 1445 confusionem
1585 1425 1611 1446 et
1626 1420 1786 1447 divisionem

1001 1466 1051 1487 vos
1063 1460 1221 1492 deduceret,
1248 1466 1275 1488 et
1296 1462 1335 1490 sic
1350 1470 1458 1498 quoque
1479 1463 1505 1490 iit
1525 1465 1615 1491 odiutn
1640 1466 1740 1494 Christi
1761 1471 1789 1493 et

1001 1506 1133 1540 principis
1156 1511 1238 1541 atque
1253 1514 1388 1535 summam
1411 1510 1640 1538 abominationem
1658 1513 1789 1546 perduce-

1003 1556 1054 1584 ret,
1073 1560 1123 1579 nec
1138 1552 1206 1587 lapis
1218 1558 1362 1581 structura:
1374 1559 1471 1582 vestra:
1485 1563 1565 1590 supra
1581 1555 1698 1591 lapidem
1715 1562 1789 1585 stata

167 1595 270 1627 buerit;
297 1602 367 1628 saepe
389 1595 449 1621 illos
468 1594 586 1621 revolvat
604 1599 630 1621 et
651 1602 701 1622 suo
727 1594 822 1621 ordine
842 1602 889 1629 per
909 1595 952 1621 1η-
966 1591 988 1619 C
1004 1602 1106 1632 posset.

167 1642 253 1668 dicent
267 1641 378 1675 pulchre
394 1641 520 1675 disponat
536 1650 543 1667 :
561 1641 582 1667 si
600 1648 664 1666 Vero
687 1648 772 1667 novos
792 1640 834 1668 vel
849 1646 963 1669 veteres.

167 1687 313 1714 transcribi
335 1686 450 1717 curabit,
470 1686 576 1713 studeat
598 1686 834 1714 entendatissimos
854 1687 952 1715 habere

168 1731 293 1759 librarios
309 1740 316 1758 :
332 1730 403 1765 quod
431 1730 453 1756 si
476 1730 533 1756 tieri
557 1737 610 1756 non
633 1734 736 1764 potest,
762 1731 835 1757 viros
857 1732 952 1759 doctos

167 1778 202 1805 ad
214 1777 411 1805 emendandum
424 1776 560 1810 disponat,
578 1776 685 1809 illisque
698 1784 745 1809 pro
760 1776 897 1804 laboribus
908 1778 953 1811 ju-

168 1828 210 1852 ste
230 1822 393 1856 satisfaciat;
412 1827 514 1848 veteres
539 1821 602 1848 item
617 1821 724 1848 codices
737 1828 786 1855 pro
806 1821 952 1856 indigentia

168 1870 294 1898 resarciri
316 1873 451 1904 procuret,
473 1872 604 1902 ornelque
619 1875 673 1894 non
690 1871 793 1893 tantum
808 1867 841 1893 ad
857 1875 952 1901 super-

168 1917 288 1945 stitiosos
304 1920 443 1950 sumptus,
465 1918 594 1949 quantutn
610 1913 643 1940 ad
658 1913 722 1940 utile
742 1918 951 1946 ornamentum;

168 1963 260 1997 itaque
276 1961 357 1989 scribi
373 1961 398 1987 in
417 1960 563 1995 purpureis
574 1959 739 1986 membranis
753 1963 780 1986 et
791 1959 888 1987 litteris
902 1967 951 1986 au-

168 2009 222 2036 reis
237 2013 307 2035 totos
322 2007 438 2038 codices,
459 2007 511 2034 nisi
533 2006 686 2041 specialiter
700 2005 826 2040 princeps
841 2006 952 2033 deman—

170 2053 284 2086 daverit,
309 2060 363 2079 non
389 2051 515 2084 atiectet;
534 2051 625 2078 omnia
640 2056 729 2078 tamen
745 2049 844 2078 Caesari
857 2056 932 2086 grata
943 2070 951 2082 ,

168 2099 286 2126 maxima
302 2105 363 2125 Ctlm
380 2097 531 2124 ohedientia
546 2100 734 2131 prosequetur.
758 2094 888 2129 Suggeret
903 2103 951 2130 pro

168 2151 248 2179 posse
262 2148 289 2171 et
303 2143 377 2170 omni
389 2150 451 2170 cum
468 2142 600 2170 modestia
619 2141 745 2176 principi,
763 2146 792 2168 ut
807 2148 854 2168 eos
869 2141 950 2176 legat,

168 2190 210 2217 vel
225 2190 277 2225 legi
292 2189 384 2216 audiat
396 2188 490 2221 libros,
502 2187 547 2222 qui
567 2192 593 2215 et
611 2187 693 2214 statui
709 2190 735 2213 et
753 2186 850 2213 honori
866 2186 950 2217 illius,

169 2244 202 2264 ac
220 2236 327 2263 utilitati
344 2235 429 2270 magis
442 2242 523 2270 quam
544 2233 730 2261 tantummodo
743 2233 872 2267 voluptati
886 2240 948 2260 con-

169 2283 279 2310 veniant
303 2291 309 2309 :
333 2285 427 2308 noscat
453 2281 509 2314 ipse
531 2280 607 2314 prius
626 2279 726 2313 optime
752 2278 826 2309 illos;
851 2278 949 2312 smpius

168 2328 265 2355 deinde
281 2334 373 2355 coram
386 2326 507 2361 principe
519 2325 619 2357 laudet,
637 2333 669 2351 ac
687 2332 780 2351 eorum
793 2323 840 2358 qui
852 2331 951 2358 appro-

168 2373 233 2401 bant
248 2373 431 2400 testimonium
444 2376 471 2398 et
481 2371 655 2399 auctoritates
667 2370 808 2397 commode
824 2369 948 2404 explicet,

169 2427 203 2446 ne
217 2426 267 2445 suo
281 2418 371 2445 sensui
386 2422 491 2444 tatttunt
509 2417 630 2443 videatur
645 2416 733 2442 inniti.

205 2463 273 2491 Vill.
294 2463 344 2496 Qui
366 2471 430 2490 vero
455 2470 554 2497 corpus
571 2462 701 2496 principis
722 2467 818 2488 curare
838 2460 949 2491 habent.

170 2509 225 2536 sittt
238 2509 264 2535 in
281 2509 407 2536 omnibus
422 2516 502 2543 qttam
520 2506 726 2542 promptissimi,
741 2505 820 2532 hilari
832 2513 949 2540 semper,

170 2559 200 2582 ttt
216 2555 343 2587 diximus,
359 2555 445 2587 vultu,
465 2554 543 2581 faceti
559 2560 765 2587 nonnunquam,
782 2552 828 2579 sed
844 2559 949 2579 sutnma

170 2608 275 2635 semper
288 2608 349 2628 cum
362 2600 502 2632 modestia,
516 2608 596 2635 quam
618 2599 645 2625 in
663 2598 739 2625 vobis
756 2598 883 2624 omnibus
897 2605 953 2631 pne

169 2646 274 2673 caeteris
301 2646 382 2672 rebus
404 2645 512 2677 laudet,
540 2645 667 2679 illamque
691 2651 724 2670 ex
746 2643 803 2677 ipsa
823 2642 952 2676 religione

169 2691 269 2718 Christi
293 2690 434 2725 provenire
462 2694 616 2724 cognoscat.
644 2688 710 2715 Sitis
729 2692 756 2715 et
786 2695 833 2714 vos
857 2694 952 2714 omnes

221 2754 232 2769 ⁷
248 2749 354 2777 Coloss.
375 2756 411 2781 tv,
427 2747 453 2775 6.

204 2810 259 2846 (19)
279 2809 418 2837 Notandus
435 2809 480 2836 hic
499 2808 586 2847 locus,
598 2803 650 2847 Διιίὶί
665 2805 950 2847 auctprlattdataivi-

168 2841 217 2875 παὶ
228 2841 413 2880 scripturus...
425 2852 527 2880 quas...
544 2841 909 2881 Ptalemteus__i‘ltilodelpltus
925 2849 950 2881 tu

169 2876 419 2910 Lincttu'nosrttu
434 2876 547 2907 ἰγ’αάυεί
564 2880 675 2906 curavit.
699 2876 766 2904 Hinc
778 2877 839 2911 jure
862 2878 951 2912 arguit

492 2747 503 2764 ⁶
515 2746 536 2774 11
550 2747 612 2775 Cor.
633 2755 670 2780 ιιι,
685 2747 728 2774 19.
764 2746 774 2761 '
796 2745 879 2772 Marc.
894 2753 932 2775 χι.
949 2745 994 2773 25.

1039 1644 1085 1671 IX.
1105 1643 1138 1671 Et
1166 1649 1214 1677 tu,
1247 1644 1365 1672 Luciane
1392 1645 1570 1680 cltaris‘sime,
1600 1654 1661 1675 cum
1680 1649 1718 1676 sis
1742 1657 1787 1677 sa-

1003 1689 1080 1724 piens
1094 1689 1116 1722 “,
1143 1689 1256 1717 libenter
1271 1695 1401 1726 supporta
1418 1691 1576 1726 insipientes
1592 1700 1600 1724 ;
1626 1697 1653 1720 et
1679 1693 1729 1728 ipsi
1744 1702 1789 1722 sa-

1003 1736 1108 1770 pientes
1125 1736 1201 1762 tiant.

1040 1781 1111 1808 Nulli
1127 1790 1246 1816 unquam
1266 1783 1416 1810 molestiam
1433 1783 1540 1815 inferte,
1557 1784 1659 1812 nullum
1672 1785 1705 1813 ad
1717 1786 1788 1815 iram

1006 1825 1150 1852 concitate.
1180 1825 1207 1851 Si
1236 1826 1313 1853 vobis
1340 1827 1439 1861 injuria
1462 1828 1616 1861 irrogatur,
1642 1829 1668 1856 in
1694 1829 1786 1858 Jesum

1002 1870 1140 1898 Christum
1166 1871 1311 1905 respicite;
1336 1876 1362 1899 et
1385 1874 1613 1906 quemadmodum
1639 1877 1738 1909 optatis
1758 1883 1788 1904 ut

1006 1917 1083 1943 vobis
1100 1917 1156 1951 ipse
1175 1917 1311 1949 remittat,
1331 1918 1370 1944 sic
1392 1923 1418 1944 et
1437 1926 1485 1945 vos
1504 1919 1557 1946 illis
1570 1920 1696 1948 dimittite
1709 1923 1719 1938 '
1736 1932 1741 1949 :
1760 1928 1787 1949 et

1003 1965 1068 1987 tunc
1089 1968 1330 1995 quoque,omnem
1351 1962 1478 1989 invidiam
1510 1964 1733 1999 supplantabitis;
1759 1973 1787 1994 et

1002 2011 1083 2041 caput
1104 2006 1208 2041 antiqui
1233 2007 1366 2041 serpentis
1394 2009 1538 2036 conteretis
1561 2010 1599 2041 ¹⁰,
1620 2010 1667 2045 qui
1690 2013 1786 2040 vestris

1003 2051 1081 2079 bonis
1095 2052 1222 2086 operibus
1237 2056 1264 2079 et
1277 2053 1449 2081 successibus
1462 2054 1535 2080 omni
1548 2062 1615 2081 .cum
1632 2057 1731 2083 astutia
1744 2058 1786 2084 in‘

1003 2098 1127 2125 sidiatur.
1156 2097 1214 2125 Non
1236 2104 1377 2132 praetereat
1392 2100 1449 2127 dies
1470 2100 1534 2134 quin
1549 2107 1700 2135 opportuno
1719 2110 1786 2130 tem-

1003 2152 1068 2180 pore
1086 2145 1149 2171 dato
1163 2145 1264 2179 aliquid
1285 2153 1422 2172 sacrarunt
1438 2145 1582 2173 lectionum
1600 2147 1707 2181 legatis,
1733 2148 1785 2174 ali-

1002 2190 1068 2225 quid
1084 2190 1315 2225 contemplemini,
1334 2198 1382 2218 nec
1396 2198 1479 2218 saera:
1494 2191 1639 2226 Scriptura:
1651 2192 1785 2220 litteratu-

1002 2243 1059 2263 ram
1075 2243 1187 2270 prorsus
1202 2236 1350 2270 abjiciatis;
1365 2236 1431 2263 nihil
1446 2237 1512 2264 adeo
1526 2237 1643 2264 animam
1660 2238 1746 2272 pascit
1759 2243 1787 2266 et

1002 2286 1119 2309 mentem
1142 2282 1300 2317 impinguat,
1324 2282 1395 2309 sicut
1411 2291 1495 2310 sacrae
1511 2283 1612 2311 faciunt
1629 2284 1758 2313 lectiones
1777 2295 1783 2313 :

1002 2328 1048 2354 sed
1071 2334 1104 2354 ex
1127 2327 1181 2354 illis
1203 2328 1275 2355 hunc
1294 2329 1410 2355 maxime
1430 2329 1517 2363 capite
1539 2329 1668 2361 fructum,
1687 2335 1716 2357 ut
1736 2339 1784 2364 pa-

999 2373 1094 2400 tientia
1116 2377 1205 2399 vcstra
1222 2373 1296 2405 justo
1319 2378 1345 2400 ct
1368 2374 1430 2408 pie,
1460 2374 1512 2401 huc
1538 2379 1577 2402 est
1604 2376 1629 2402 in
1654 2376 1786 2403 charitate

1000 2417 1116 2449 Christi,
1136 2422 1224 2444 vestra
1245 2417 1329 2444 officia
1349 2418 1535 2452 exscquamini
1549 2438 1555 2449 ,
1580 2423 1606 2445 et
1630 2420 1784 2447 transitoria

1001 2463 1092 2490 omnia
1108 2463 1143 2490 ob
1159 2464 1218 2497 ejus
1235 2463 1428 2497 promissiones
1450 2468 1565 2490 znternas
1588 2465 1783 2496 contetnnatis,

1003 2516 1063 2543 qua:
1078 2517 1143 2536 sane
1158 2517 1268 2535 settstttn
1282 2516 1389 2535 omnem
1413 2512 1439 2535 et
1455 2508 1618 2535 intellectum
1635 2509 1784 2537 humanum

1003 2559 1165 2590 exsuperant
1179 2555 1211 2586 “,
1227 2560 1253 2581 ct
1268 2562 1317 2582 vos
1331 2555 1402 2589 ipsos
1419 2554 1444 2580 iii
1461 2553 1614 2581 felicitatem
1629 2560 1784 2589 perpetuam

1004 2602 1163 2628 conducant.
1183 2600 1248 2628 Vale
1262 2600 1374 2628 feliciter
1387 2600 1413 2627 in
1425 2599 1545 2632 Christo,
1559 2600 1595 2626 mi
1608 2600 1715 2628 domine
1731 2600 1785 2627 Lu-

1003 2655 1090 2674 omne.

1033 2746 1053 2761 "
1072 2745 1151 2772 Rom.
1168 2752 1223 2777 xvi,
1243 2744 1288 2771 20.

1004 2806 1145 2837 Achcrius,
1172 2806 1242 2834 hanc
1266 2804 1406 2839 epistolam
1423 2804 1456 2831 ab
1471 2803 1579 2831 homine
1594 2803 1688 2832 Graeco
1703 2804 1786 2833 fuisse

1004 2842 1190 2877 perscriptum.

1327 2744 1347 2759 ¹¹
1364 2743 1479 2778 Philipp.
1496 2751 1532 2775 tv,
1549 2743 1572 2770 7.

1654 2918 1998 3072 nl

1549 3076 1656 3097 4-H
