3998 7026
1396 440 3609 471 W

1306 650 1309 653 ’
1493 694 2386 909 ADDEN
2401 695 2757 906 DA

1815 1330 2400 1424 MONITUM

536 1549 625 1611 Ad
681 1548 1024 1628 sequentia
1065 1545 1359 1627 Dionysii
1419 1545 1839 1610 Alexandrini
1872 1544 1941 1607 in
1973 1562 2213 1607 sacram
2247 1544 2633 1622 Scripturem
2672 1543 3283 1607 Commentariorum
3319 1542 3697 1624 fragmenta.

482 1711 753 1777 (Gallandii
775 1710 1000 1764 Biblioth.
1027 1716 1117 1762 uel.
1141 1713 1302 1772 Patr.,
1321 1710 1548 1774 Append.
1574 1709 1635 1759 ad
1682 1715 1799 1758 tom.
1826 1705 2109 1818 X39512;
2114 1718 2194 1817 (ξίὲ
2199 1706 2605 1831 agitatum-tuo,
2631 1708 2985 1771 complementi
3007 1719 3153 1756 causa
3174 1706 3237 1756 ab
3256 1708 3452 1758 erudito
3472 1707 3741 1770 Anonyno

553 2151 823 2221 Quidquid
856 2150 1054 2222 possint
1078 2149 1141 2204 ab
1167 2149 1291 2204 aliis
1329 2149 1528 2203 editum
1560 2148 1735 2219 fuerat
1773 2150 1836 2205 de
1865 2148 2122 2219 Operibus
2151 2150 2395 2222 Dionysii
2420 2152 2793 2219 Alexandrini,
2819 2152 3027 2223 collegit
3054 2153 3175 2224 jam
3201 2152 3518 2208 Callandius
3545 2154 3601 2207 in
3629 2168 3733 2208 sua

482 2242 811 2299 Bibliotheca
844 2249 1041 2313 (supra
1066 2242 1168 2297 col.
1206 2242 1389 2311 1253),
1427 2242 1578 2312 cujus
1615 2244 1779 2297 etiam
1804 2244 2016 2298 erudita
2041 2243 2406 2315 prolegomena
2436 2245 2639 2299 consuli
2667 2256 2931 2315 poterunt.
2963 2245 3149 2316 Repeti
3174 2257 3425 2315 praterea
3451 2249 3558 2302 tria
3582 2249 3732 2303 illius

478 2342 777 2412 fragmenta
812 2355 843 2391 a
872 2336 1204 2407 Bonjoannio
1240 2339 1523 2408 descripta.
1574 2336 1813 2391 Primum
1853 2335 2217 2405 complectitur
2252 2337 2455 2392 scholia
2486 2336 2997 2393 Commentariorum
3035 2340 3150 2409 ejus
3180 2340 3249 2394 ad
3278 2341 3494 2394 initium
3530 2340 3726 2398 Eccle-

474 2434 678 2498 siastte,
713 2430 950 2487 videlicet
984 2449 1017 2484 a
1037 2433 1207 2502 capite
1228 2446 1267 2492 I.
1293 2446 1423 2485 vers.
1449 2431 1499 2496 i,
1528 2429 1596 2483 ad
1628 2439 1787 2499 caput
1809 2444 1892 2495 nt,
1918 2444 2053 2483 vers.
2077 2428 2162 2482 Η.
2194 2425 2392 2483 Revera
2424 2428 2734 2499 Dionysium
2766 2440 3005 2484 nostrum
3039 2431 3094 2484 in
3115 2433 3432 2501 principium
3457 2432 3732 2487 Ecclesia-

471 2536 570 2582 stae
594 2526 756 2595 fuisse
795 2533 1220 2587 commentatum,
1251 2523 1413 2594 liquet
1447 2540 1511 2578 ea;
1534 2523 1761 2577 Eusebio
1783 2521 1883 2591 (1),
1918 2520 2009 2575 ubi
2036 2540 2050 2575 ι

2140 2523 2199 2576 de
2227 2519 2469 2592 Dionysii
2497 2522 2731 2582 epistolis
2759 2522 2973 2592 loquens
3007 2539 3026 2577 :
3056 2524 3380 2593 Βασιλειδῃ
3414 2525 3536 2579 τῶν
3568 2528 3719 2582 κατὰ

474 2618 855 2677 Πεντάπολιν
907 2614 1227 2685 παροικιῶν
1262 2616 1571 2683 ἐπισκόπῳ
1606 2632 1866 2685 τραφων,
1910 2615 2104 2685 φησιν
2144 2613 2363 2670 ἑαυτὸν
2400 2617 2488 2681 εὶς
2514 2613 2629 2683 τὴν
2673 2615 2872 2685 ἀρχὴν
2907 2616 3189 2687 διήγησιν
3223 2619 3591 2687 πεποιῆσθαι
3626 2622 3732 2677 τοῦ

486 2711 984 2781 Ἐκκλησιαστοῦ.
1033 2728 1052 2763 ι
1083 2710 1167 2764 Ad
1198 2708 1492 2764 Basiliden:
1532 2709 2063 2779 Pentapolitanarum
2106 2707 2464 2762 Ecclesiarum
2502 2709 2799 2778 episcopum
2849 2709 3119 2775 scribens,
3179 2710 3256 2763 ait
3293 2727 3348 2765 se
3398 2711 3732 2767 elucubrasse

469 2807 860 2861 enarrationem
903 2804 959 2857 in
1001 2802 1319 2873 principium
1370 2800 1728 2856 Ecclesiaste.
1760 2820 1779 2854 ι
1826 2800 1943 2867 Quo
1988 2801 2199 2869 quidem
2244 2803 2299 2855 in
2344 2801 2458 2856 loco
2502 2802 2744 2856 nonnulli
2795 2802 2971 2873 legunt
3008 2804 3550 2872 Ἑκκλησιαστικοῦ
3580 2820 3598 2857 :
3634 2806 3725 2859 sed

481 2892 958 2965 Ἐκκλησιαστοῦ
984 2896 1256 2968 legendum
1289 2911 1399 2951 esse
1419 2905 1611 2966 printer
1638 2895 1796 2964 fidem
1823 2894 2140 2949 scholiorum
2177 2904 2499 2961 nostrorum,
2525 2904 2575 2949 et
2597 2905 2819 2950 veterem
2844 2894 3309 2965 Christophorsoni
3334 2898 3733 2968 interpretatio-

469 3005 585 3045 nem
650 2991 948 3045 testimonio
983 2999 1064 3045 est
1104 2993 1266 3046 etiam
1294 2989 1585 3060 Procopius
1613 2987 1859 3054 Gazam,
1896 2989 1987 3059 qui
2019 2987 2089 3042 ad
2123 2986 2309 3044 Cenes.
2352 3004 2469 3059 cap.
2512 3005 2574 3045 ιιι
2600 3030 2615 3056 ,
2648 3006 2773 3061 pag.
2797 2989 2896 3057 76,
2935 2990 3133 3061 allegat
3171 2990 3478 3062 hujusmodi
3529 2994 3736 3046 scholia

471 3088 717 3159 Dionysii
744 3089 909 3141 nostri
946 3087 1002 3140 in
1032 3085 1408 3142 Ecclesiasten.

539 3182 778 3237 Alterum
818 3181 1060 3250 Dionysii
1103 3181 1488 3251 fragmentum,
1529 3186 1609 3233 est
1649 3178 1797 3231 illius
1838 3177 2099 3247 expositio

2139 3178 2184 3230 in
2213 3185 2369 3246 caput
2393 3177 2552 3232 Lucae
2588 3194 2738 3242 xm,
2774 3194 2907 3233 vers.
2930 3176 3020 3242 42,
3046 3179 3136 3241 45,
3159 3178 3252 3240 44,
3276 3177 3364 3243 45,
3386 3178 3473 3244 46,
3501 3180 3593 3242 47,
3623 3180 3718 3233 43-

469 3276 728 3349 Equidem
765 3293 871 3330 non
910 3276 1145 3338 aliunde,
1181 3275 1319 3345 quod
1355 3275 1546 3335 sciam,
1586 3282 1824 3335 constat,
1854 3272 2170 3342 Dionysium
2208 3282 2445 3326 nostrum
2478 3274 2534 3325 in
2562 3272 2760 3326 Lucam
2799 3273 3001 3327 scholia
3035 3275 3327 3343 scripsisse.
3359 3273 3500 3328 Fieri
3540 3283 3721 3327 tamen

466 3373 548 3425 rel
575 3372 720 3425 istud
746 3371 938 3439 potuit,
969 3385 1085 3422 cum
1118 3367 1237 3438 jam
1272 3365 1682 3437 aliquammulta
1718 3366 2036 3433 scriptorum
2064 3365 2179 3435 ejus
2205 3366 2533 3420 intercidisse
2553 3375 2754 3420 constet
2780 3383 2798 3422 :
2828 3368 3085 3421 ueletiam
3108 3382 3173 3420 ex
3198 3366 3324 3420 aliis
3354 3366 3466 3435 ejus
3485 3368 3728 3436 operibus

466 3477 656 3524 auctor
687 3467 899 3521 Catena:
933 3467 1129 3521 codicis
1173 3466 1341 3521 nostri
1382 3465 1554 3535 potuit
1583 3464 1810 3519 lacinias
1835 3462 1959 3518 illas
1991 3462 2330 3534 decerpsisse,
2360 3474 2410 3519 et
2439 3462 2548 3518 illis
2585 3464 2859 3519 versiculis
2889 3464 3243 3530 subiunxisse.
3271 3462 3426 3519 Certe
3452 3466 3508 3518 in
3531 3463 3731 3519 Catena

468 3581 503 3619 a
534 3564 598 3618 ι).
630 3563 832 3619 Thoma
862 3564 1085 3618 collecta
1120 3562 1408 3633 Dionysius
1450 3561 1623 3615 locum
1668 3576 1823 3615 suum
1858 3561 2059 3630 passim
2104 3560 2322 3616 obtinet.
2369 3558 2720 3626 Quamobrem
2771 3559 2907 3614 nihil
2939 3570 3017 3615 est
3062 3576 3158 3614 cur
3195 3560 3552 3631 fragmentum
3593 3559 3733 3612 illud

469 3670 653 3714 nostro
683 3660 932 3729 scriptori
961 3657 1345 3724 abiudicemus.

548 3750 803 3820 Equidem
846 3751 901 3803 in
944 3751 1017 3804 eis
1051 3749 1322 3804 Christum
1364 3765 1695 3819 nequaquam
1738 3751 1993 3821 sanguine
2033 3748 2251 3804 sudasse
2279 3746 2381 3801 sibi
2415 3743 2543 3800 velle
2576 3744 2799 3811 videtur,
2828 3762 3136 3817 sensumque
3187 3745 3526 3816 euangelista
3564 3746 3732 3815 fuisse

470 3839 782 3916 proverbiali
820 3841 1082 3895 locutione
1116 3841 1354 3907 innuere,
1416 3858 1435 3892 ‹
1470 3841 1624 3905 Quod
1663 3857 1767 3894 non
1797 3843 2037 3896 tenuibus
2064 3839 2379 3912 quibusdam
2420 3838 2664 3908 guttulis,
2688 3839 2943 3911 quasique
2978 3840 3047 3893 ad
3074 3839 3332 3893 indicium
3364 3839 3522 3891 modo
3551 3855 3720 3907 appa-

470 3934 726 3995 rentibus,
760 3931 1097 3987 Dominicum
1124 3947 1313 4000 corpus
1351 3930 1760 4001 perstillaverit;
1800 3932 1889 3987 sed
1924 3932 2062 4003 quod
2099 3948 2213 3987 vere
2243 3931 2544 3987 uberiorum
2568 3939 2836 4001 guttarum
2864 3932 3039 3985 instar
3077 3941 3241 3987 totum
3283 3932 3560 3987 sudoribus
3596 3949 3716 4002 per-

469 4026 808 4095 fundebatur.
840 4043 859 4076 ι
908 4022 1144 4078 Proinde
1187 4024 1251 4077 ab
1283 4039 1342 4077 eo
1376 4022 1579 4076 dictum
1615 4024 1778 4094 fuisse
1815 4026 1897 4093 ὡς
1934 4029 1987 4080 οἱ
2027 4026 2285 4095 θρόμϐοι.
2328 4042 2348 4075 ι
2380 4031 2439 4077 ut
2472 4024 2700 4091 grummi
2737 4025 3031 4093 sanguinis.
3060 4043 3080 4076 ι
3133 4025 3385 4088 Alioquin
3416 4044 3521 4080 non
3556 4028 3717 4098 fuisse

465 4119 734 4172 dicturum
760 4117 829 4171 ad
854 4117 1031 4170 instar
1055 4116 1240 4169 horum
1276 4117 1438 4185 fuisse
1470 4115 1687 4170 sudores
1711 4115 1930 4171 Christi.
1970 4115 2241 4185 Quidquid
2274 4131 2430 4185 porro
2461 4115 2529 4169 sit
2559 4114 2622 4168 de
2646 4115 2803 4185 hujus
2844 4117 3291 4186 interpretationis
3333 4120 3569 4181 ueritate,
3601 4134 3720 4190 φεω

469 4210 809 4280 fundamento
856 4209 1104 4262 innititur
1138 4209 1273 4263 satis
1309 4210 1554 4278 inﬁrmo;
1593 4209 1715 4262 inde
1750 4218 1919 4263 tamen
1962 4208 2065 4263 loci
2100 4209 2267 4279 ipsius
2306 4209 2630 4280 γνησιότης
2668 4209 2866 4280 liquido
2907 4211 3273 4280 conﬁrmatur,
3321 4228 3414 4266 nec
3440 4213 3720 4266 aduersum

466 4323 615 4363 ueras
650 4305 848 4360 Christi
878 4307 1146 4374 passiones
1179 4294 1466 4376 quidquam
1507 4303 1734 4369 Marcio,
1778 4302 2092 4359 Valentinus
2125 4305 2322 4376 aliique
2352 4313 2581 4359 veterum
2626 4304 2987 4359 hazreticorum
3025 4306 3128 4376 filii
3163 4309 3447 4364 extundere
3476 4319 3715 4378 possunt,

466 4415 587 4453 cum
622 4396 915 4466 prtesertim
952 4394 1131 4449 statim
1168 4392 1419 4463 subjiciat
1444 4392 1773 4463 Dionysius:
1807 4412 1828 4445 ‹
1857 4392 2245 4449 Ostendebatur
2277 4394 2438 4448 etiam
2475 4412 2568 4465 per
2592 4396 2848 4449 sudorum
2881 4399 3198 4465 crassitiem,
3226 4400 3352 4467 quia
3377 4402 3717 4462 naturaliter,

464 4500 514 4545 et
548 4493 753 4561 reipsa,
792 4506 895 4543 non
938 4504 1054 4542 vero
1095 4489 1263 4557 specie
1307 4499 1457 4544 tenus
1500 4497 1549 4543 et
1594 4488 1925 4557 phantastice
1970 4488 2123 4541 homo
2170 4497 2284 4541 erat
2322 4486 2588 4556 Saluator,
2634 4501 2681 4545 et
2718 4490 3053 4545 naturalibus
3088 4490 3381 4555 hominum,
3429 4491 3716 4561 inculpatis

466 4590 665 4646 tamen,
704 4580 953 4636 serviebat
984 4580 1342 4642 passionibus.
1373 4600 1392 4633 ι
1422 4579 1556 4635 Sunt
1587 4589 1636 4635 et
1668 4580 1776 4633 alia
1810 4578 2051 4650 quaedam
2088 4582 2144 4633 in
2173 4579 2253 4634 his
2286 4580 2596 4651 fragmentis
2638 4581 2707 4634 ad
2728 4581 3091 4652 conﬁrmanda
3130 4582 3381 4652 dogmata
3408 4581 3720 4637 Christiana

464 4676 911 4747 opportunissima
929 4716 945 4741 ,
985 4675 1283 4745 cnjusmodi
1321 4685 1398 4730 est
1421 4674 1555 4729 illud
1581 4677 1720 4745 quod
1758 4676 1815 4729 in
1842 4675 1996 4729 tertio
2019 4674 2313 4744 fragmento
2339 4675 2569 4728 occurrit
2598 4675 2661 4729 de
2702 4675 2834 4730 Filii
2862 4678 3297 4747 ὀμοουσιότητι.
3327 4676 3481 4741 Quod
3506 4678 3718 4748 quidem

466 4775 625 4827 etiam
652 4770 968 4827 Callandins
991 4771 1246 4827 edendum
1274 4773 1479 4825 curavit
1507 4771 1582 4842 (2)
1607 4788 1621 4824 :
1649 4771 1739 4826 sed
1764 4788 1855 4825 nos
1874 4770 2084 4840 propter
2106 4768 2387 4825 nonnullas
2407 4770 2762 4842 discrepantes
2784 4772 3052 4842 lectiones,
3081 4783 3133 4829 et
3152 4772 3270 4827 novi
3286 4770 3496 4828 Codicis
3523 4789 3716 4828 nouam

469 4870 843 4923 auctoritatem
876 4867 1294 4939 subjungendum
1328 4865 1746 4921 antecedentibus
1783 4864 2101 4921 censuimus.

539 5033 617 5104 (1)
648 5030 719 5088 Η.
747 5034 813 5086 Ε.
847 5031 939 5088 lib.
967 5047 1066 5097 vn,
1099 5047 1219 5104 Cap.
1251 5030 1341 5085 26.

1263 5030 1341 5085 26.
2219 5028 2295 5101 (2)
2325 5027 2480 5084 Tom.
2508 5027 2596 5094 111,
2631 5045 2684 5100 p.
2722 5029 2842 5084 .497.
