3996 6208
478 221 615 277 ίὸἸθ

1384 198 1721 262 ADDENDA.
1756 225 1825 236 —
1857 191 1915 248 S.
1956 184 2245 244 DIONYSII
2296 178 2751 241 ALEXANDRINI

3544 166 3688 221 1589

476 343 602 397 dum
643 336 890 398 Paulum,
935 330 1103 386 int'lat.
1164 325 1306 379 Dixit
1359 336 1539 393 porro,
1586 319 1727 375 sicut
1769 312 2026 381 scriptum

2135 304 2331 372 φυσιοῖ.
2356 296 2501 355 Eine
2541 297 2617 359 δὲ,
2651 294 2793 351 καθὰ
2836 291 3163 361 γέγραπται,
3210 282 3308 339 καί
3357 281 3688 351 τρισχιλίας

2302 395 2321 398 _
2378 392 2419 398 _-
2696 388 2710 398 .
2798 384 2811 398 .
2886 385 2900 398 .
3095 379 3107 394 .
3170 371 3568 398 “__-2.\\9-Y_.
3620 374 3685 398 ...ξ

474 442 575 496 est,
609 430 767 484 etiam
819 426 921 480 tria
970 420 1138 475 millia
1184 414 1462 486 parabolas
1496 411 1551 477 ³,
1592 407 1687 465 sed
1728 420 1835 461 non
1867 400 2026 471 spiri-

478 525 681 589 tuales,
726 535 909 576 verum
961 514 1147 586 quales
1187 507 1464 567 communi
1505 503 1702 574 politiae
1749 499 2025 554 hominum

476 585 783 683 congruunt
808 628 820 663 :
850 585 1071 678 putade
1105 598 1429 657 animalibus
1475 594 1557 648 vel
1601 585 2023 647 medicamentis.

476 677 654 771 Quavre
680 677 1068 757 etiamiurhaue
1090 691 1365 762 subiunxit
1389 708 1401 743 :
1432 686 1587 747 Novi.
1614 685 1738 754 quia
1763 680 1909 750 atqui
1935 677 2027 730 hoc

474 769 551 849 est
588 793 827 849 voluntas
861 789 1095 858 spiritus.
1136 781 1421 838 Multitudo
1468 786 1644 832 autem
1686 769 2026 843 cognitionis,

476 896 585 936 non
626 892 747 949 quae
791 876 862 931 sit
897 873 1068 930 sancti
1122 869 1350 941 Spiritus
1379 908 1393 928 ,
1446 866 1538 922 sed
1584 862 1725 934 quod
1782 860 2030 931 princeps

472 947 728 1036 operatur
763 964 922 1035 hujus
964 960 1171 1024 mundi,
1207 958 1477 1026 mittitque
1527 953 1869 1023 supplantare
1914 947 2031 1002 ani-

474 1074 626 1122 mus,
661 1056 920 1113 sollicitus
949 1053 1102 1107 valle
1148 1051 1214 1105 de
1261 1044 1692 1103 dimensionibus
1730 1041 1885 1105 cmli,
1922 1042 2028 1093 situ

474 1159 665 1214 terrae,
697 1147 891 1201 linibus
923 1145 1106 1200 maris.
1146 1142 1214 1196 At
1252 1142 1343 1211 qui
1388 1140 1577 1192 harum
1624 1149 1803 1189 rerum
1845 1130 2028 1199 adjicit

474 1242 852 1311 cognitionem,
911 1236 1096 1306 adjicit
1133 1233 1379 1288 dolorem.
1423 1228 1743 1285 Serutautur
1788 1223 1930 1277 enim
1979 1230 2031 1276 et

474 1350 593 1403 qnze
627 1341 753 1387 sunt
796 1332 878 1385 his
911 1329 1103 1383 altiora
1133 1345 1145 1380 :
1180 1341 1301 1396 qua:
1329 1336 1520 1392 nempe
1548 1317 1842 1375 necessitas
1870 1315 1939 1369 sit
1974 1322 2032 1367 ut

473 1426 613 1496 ignis
644 1437 863 1479 sursum
900 1419 1126 1486 feratur,
1163 1433 1300 1488 aqua
1343 1416 1619 1470 deorsum.
1670 1411 1749 1465 Ac
1781 1408 1868 1461 uhi
1899 1405 2033 1460 didi-

473 1516 642 1571 cerint
669 1554 684 1578 ,
728 1511 782 1566 id
837 1510 1149 1579 contingere
1183 1506 1310 1577 quia
1349 1504 1437 1559 ille
1490 1501 1707 1573 quidem
1744 1498 1877 1553 levis
1919 1506 2031 1561 est,

476 1609 588 1663 hzec
621 1605 834 1674 gravis;
870 1601 1132 1673 adjiciunt
1164 1598 1428 1660 dolorem,
1459 1601 1759 1665 quaerentes
1787 1606 1882 1645 cur
1923 1604 2029 1643 non

477 1699 656 1769 potius
691 1705 876 1751 contra
919 1693 1116 1749 factum
1149 1690 1239 1745 sit.

1131 1782 1280 1839 CAP.
1320 1780 1382 1834 ll.

545 1882 607 1936 V.
650 1883 698 1937 ί.
731 1880 855 1934 Dixi
886 1894 977 1949 ego
1004 1878 1059 1930 in
1091 1876 1245 1930 corde
1269 1889 1379 1926 meo
1405 1885 1423 1923 :
1453 1868 1738 1927 Adesdum.
1774 1874 1918 1918 tenta
1945 1878 2036 1916 ceu

473 1979 526 2031 in
560 1973 919 2035 oblectatione,
952 1978 1001 2023 et
1031 1967 1143 2024 cide
1175 1967 1227 2020 in
1262 1966 1415 2021 bono.
1447 1962 1607 2031 Atqui
1645 1960 1740 2013 hoc
1780 1958 2006 2011 vanitas.

543 2148 878 2207 Tentaminis
908 2147 1106 2219 quippe
1135 2143 1328 2216 gratia.
1356 2149 1411 2198 et
1437 2156 1530 2211 per
1571 2136 1823 2194 accidens
1866 2150 1897 2190 a
1943 2150 2026 2188 ve-

473 2241 782 2299 nerabiliori
831 2249 886 2295 et
940 2236 1144 2294 duriori
1201 2234 1308 2289 vita
1367 2230 1513 2287 venit
1563 2228 1616 2284 in
1680 2228 2029 2296 voluptatem.

476 2332 887 2390 Oblectationem
921 2334 1098 2393 vocat,
1134 2338 1297 2395 quam
1334 2322 1414 2378 sic
1448 2318 1717 2390 appellant
1762 2314 2032 2371 homines.

474 2424 539 2478 In
592 2422 761 2483 bona,
810 2434 931 2489 qute
980 2418 1107 2471 item
1162 2414 1302 2469 bona
1356 2413 1676 2465 nominant:
1721 2421 1843 2477 qua:
1888 2403 2030 2459 haud

471 2523 733 2587 quantum
767 2512 900 2568 satis
935 2508 1205 2564 viviticaut
1233 2515 1626 2576 possessorem,
1659 2514 1780 2569 quae
1806 2497 2030 2553 stultum

473 2606 706 2661 eﬂiciunt
739 2611 1005 2671 agentem.

545 2698 606 2752 V.
643 2698 697 2751 2.
733 2694 882 2749 Risui
911 2693 1023 2745 dixi
1053 2686 1550 2743 Itallucinationem:
1580 2691 1627 2737 et
1648 2681 1865 2746 lwlitiw,
1894 2675 2033 2743 Quid

472 2792 615 2848 istud
648 2791 819 2860 facis?

544 2882 817 2953 Duplicem
852 2879 993 2933 risus
1022 2875 1182 2931 habet
1206 2868 1686 2927 hallucinationem
1719 2874 1872 2923 :tum
1903 2860 2033 2934 quia

474 2972 821 3031 liallucinatio
845 2978 1063 3042 generat
1095 2966 1260 3028 risus,
1291 2972 1346 3018 et
1374 2959 1559 3017 deﬂeri
1596 2973 1704 3014 non
1749 2954 1879 3014 sinit
1909 2968 2032 3026 pee—

472 3078 622 3132 cata;
676 3076 788 3121 tum
832 3062 960 3133 quia
999 3060 1083 3113 vir
1122 3054 1431 3128 hujusmodi
1476 3052 1857 3116 hallucinatur,
1891 3058 2032 3105 tem-

473 3173 605 3229 pora
650 3164 705 3212 et
747 3155 865 3209 loca
896 3161 949 3206 et
980 3164 1236 3220 personas
1266 3154 1501 3201 mutans.
1549 3142 1728 3197 Evitat
1762 3140 1909 3195 enim
1948 3139 2033 3194 lu-

473 3228 677 3320 gentes.
722 3244 787 3298 Et
825 3242 1045 3304 latitiaa,
1078 3238 1219 3303 Quid
1262 3235 1405 3289 istud
1445 3233 1623 3303 facis?
1664 3230 1804 3297 Quid
1853 3228 2031 3300 pergis

474 3338 539 3393 ad
568 3350 664 3391 eos
709 3333 902 3403 quibus
939 3328 1020 3384 las
1061 3342 1167 3382 non
1201 3334 1285 3382 est
1324 3322 1528 3380 laetari?
1575 3322 1640 3377 ad
1683 3320 2029 3385 temulentos,

472 3437 526 3484 et
553 3439 765 3490 avaros,
807 3430 862 3476 et
903 3418 1156 3488 rapaces?
1196 3415 1267 3472 Ut
1299 3415 1426 3486 quid
1457 3422 1635 3470 autem
1668 3423 1914 3483 tanquam
1951 3410 2031 3464 vi-

475 3534 598 3596 num
620 3516 682 3572 ’⁵2
711 3514 849 3582 Quia
885 3512 1066 3567 vinum
1097 3526 1193 3566 cor
1218 3508 1485 3564 exhilarat
1510 3524 1524 3561 :
1553 3505 1710 3561 mites
1745 3502 1891 3558 enim
1923 3502 2034 3557 etii-

475 3613 550 3666 cit
582 3608 849 3665 homines.
878 3604 1152 3661 Exhilarat
1188 3600 1319 3657 illud
1361 3600 1524 3656 etiam
1567 3612 1718 3659 caro.
1754 3611 1875 3667 qua:
1900 3610 2033 3651 con-

476 3703 633 3760 cinne
658 3710 713 3758 et
738 3709 860 3771 apte
889 3706 1152 3754 movetur.

549 3862 611 3916 V.
645 3861 698 3915 5.
736 3857 805 3912 Et
834 3874 923 3912 cor
956 3870 1124 3909 meum
1162 3853 1272 3907 duo:
1301 3852 1398 3907 vita
1431 3851 1531 3921 fuit
1575 3851 1629 3903 in
1673 3849 1953 3919 sapientia,
1984 3857 2034 3902 et

475 3951 711 4007 vincendi
742 3951 795 4004 in
825 3948 1013 4003 laetitia
1035 3961 1054 4000 :
1081 3945 1242 3999 donec
1268 3944 1467 3998 videam
1495 3942 1647 4013 quale
1672 3943 1863 3995 bonum
1902 3941 2031 4010 ﬁliis

476 4045 764 4108 hominum,
794 4040 931 4111 quod
979 4038 1170 4109 facient
1210 4034 1305 4090 sub
1349 4034 1478 4099 sole,
1521 4049 1792 4087 numerum
1828 4032 2032 4086 dierum

475 4139 599 4192 vita
621 4149 821 4190 eorum.

546 4308 838 4371 Deductus,
872 4304 1063 4375 inquit,
1097 4318 1190 4372 per
1224 4300 1542 4371 sapientiam
1589 4300 1841 4371 superavi
1879 4300 2023 4356 volu-

2128 371 2488 463 παραϐολὰς,
2518 388 2631 444 ἀλλ’
2660 388 2719 441 οὐ
2756 384 2851 449 τὰς
2884 385 2941 437 ὲν
2981 379 3279 451 πνεύματι·
3309 374 3422 428 ἀλλ’
3459 371 3573 427 οἷαι
3619 374 3688 443 τῇ

2127 459 2279 557 κοινῇ
2303 482 2546 553 πολιτείᾳ.
2566 480 2672 533 τῶν
2695 477 2791 532 ἀνθ
2800 475 2991 548 ρώπων
3013 470 3393 545 άρμόττουσιν’
3417 459 3526 519 οἷον
3551 463 3689 535 περὶ

2128 580 2281 645 ζώων
2313 576 2348 648 ἢ
2377 572 2703 646 φαρμάκων.
2728 567 2819 621 Διδ
2851 567 2943 619 καὶ
2975 558 3349 617 ἀποσκώπτων
3384 558 3688 626 ἐπήγαγεν.

2132 672 2379 740 Ἕγνων,
2405 665 2493 719 ὅτι
2513 662 2611 716 καί
2628 678 2695 731 γε
2718 658 2892 712 τοῦτό
2912 657 3041 709 ἐστι
3061 652 3403 721 προαίρεσις
3423 647 3691 716 πνεύμασ-

2129 737 2245 824 τοξ.
2276 754 2483 826 Πλῆθος
2528 751 2585 805 δὲ
2615 747 2885 818 γνώσεως,
2929 744 2990 797 οὐ
3019 741 3114 795 τοῦ
3161 740 3316 810 άγίου
3345 737 3688 808 Πνεῦματος,

2129 846 2241 901 ἀλλ’
2269 846 2403 915 ὅπερ
2433 846 2462 896 ὁ
2506 842 2687 913 ἅρχων
2732 838 2944 909 ἐνεργεῖ
2969 833 3159 887 τούτου
3186 830 3280 885 τοῦ
3316 830 3545 901 κόσμου,
3593 831 3691 885 καὶ

2129 937 2431 1008 ἐπιπέμπει
2476 930 2813 996 σκελίζεσθαι
2841 928 2941 991 τὰς
2981 924 3176 996 ψυχάς,
3217 920 3692 994 πολυπραγμονῶν

2128 1027 2352 1100 οὐρανοῦ
2388 1025 2576 1097 μέτρα,
2624 1023 2726 1093 γῆς
2765 1019 2930 1082 θέσιν,
2977 1015 3249 1086 θαλάσσης
3275 1013 3508 1084 πέρατα.
3543 1012 3691 1065 Ἀλλ’

2129 1122 2162 1174 ό
2181 1117 2518 1187 προστιθεὶς
2536 1113 2736 1167 τούτων
2750 1109 2989 1187 γνῶσιν,
3013 1107 3406 1176 προστίθησιν
3424 1104 3686 1174 ἄλγημα.

2141 1185 2430 1280 Ἑρευνῶσι
2467 1205 2575 1277 γάρ
2604 1204 2671 1257 τά
2694 1185 2909 1255 τούτων¹
2924 1199 3212 1271 βαθύτερα,
3236 1196 3320 1260 τίς
3345 1198 3379 1267 ἡ
3412 1196 3575 1267 χρεία
3596 1194 3690 1250 τοῦ

2128 1300 2190 1354 τὸ
2217 1299 2326 1369 πῦρ
2352 1298 2462 1352 άνω
2491 1297 2708 1368 χωρεῖν,
2738 1293 2796 1346 τὸ
2818 1291 3037 1363 sessor:
3061 1291 3240 1355 κάτω;
3276 1289 3368 1341 καὶ
3395 1287 3688 1359 μαθόντες.

2129 1393 2211 1446 ὃτι
2241 1391 2303 1444 τὺ
2328 1391 2423 1461 μὲν
2453 1390 2527 1451 ὡς
2558 1386 2775 1456 κοῦφον,
2803 1384 2862 1437 τὸ
2887 1383 2944 1437 δὲ
2984 1383 3059 1446 ὡς
3103 1381 3261 1455 βαρὺ,
3308 1379 3695 1451 προστιθέασιν

2131 1483 2370 1553 ἄλγημα,
2398 1481 2491 1533 καὶ
2523 1477 2665 1532 διατί
2698 1475 2771 1548 μὴ
2796 1472 3093 1539 άνάπαλινς

2782 1738 2936 1792 ΚΕΦ.
2973 1738 3047 1791 B‘.

2136 1834 2279 1904 Στιχ.
2314 1839 2383 1887 α’.
2430 1828 2618 1887 Εἶπον
2649 1830 2763 1900 ἐγὼ
2797 1831 2867 1884 ἐν
2895 1828 3106 1897 καρδίᾳ
3136 1842 3274 1897 μουο
3313 1826 3515 1895 Δεῦρο,
3558 1826 3693 1880 πεί-

2193 1940 2377 1995 ρασαι
2400 1924 2480 1990 ὡς
2503 1924 2572 1977 ἐν
2600 1922 2963 1990 εὐφροσύνῃ,
2996 1920 3091 1974 καί
3123 1917 3214 1972 Ζδε
3241 1917 3312 1971 ἐν
3336 1917 3546 1987 ἀγαθῷ.
3574 1919 3698 1973 Kal

2201 2033 2265 2087 τε
2294 2015 2467 2069 τοῦτο
2493 2015 2833 2085 ματαιότης.

2204 2107 2404 2179 Πείρας
2432 2105 2540 2178 γὰρ
2570 2106 2750 2169 ἕνεκα,
2780 2106 2876 2158 καὶ
2905 2103 3047 2159 κατὰ
3080 2101 3424 2174 συμϐεϐηκὸς
3450 2103 3559 2156 ἀπὸ
3596 2104 3694 2155 τοῦ

2134 2198 2453 2271 σεμνοτέρου
2500 2199 2591 2251 καὶ
2642 2196 3065 2267 κατεσκληκότος
3114 2193 3229 2265 βίου
3281 2191 3445 2267 ἦλθεν
3490 2197 3572 2259 είς
3598 2195 3699 2267 τὴν

2132 2289 2344 2359 ἡδονήν.
2371 2289 2772 2357 Εὐφροσύνην
2802 2288 2860 2342 δέ
2889 2304 3072 2359 φησιν,
3106 2287 3172 2357 ἢν
3200 2286 3556 2357 ὀνομάζουσιν
3602 2287 3699 2340 ἇν-

2133 2378 2358 2452 θρωποι.
2401 2380 2504 2433 Ἐν
2529 2380 2729 2450 ἀγαθῷ
2746 2380 2822 2443 δὲ,
2854 2378 2890 2434 ἃ
2916 2377 3167 2433 καλοῦσιν
3195 2377 3395 2448 ἀγαθὰ,
3427 2378 3572 2451 ἅπερ
3596 2380 3696 2449 οὐχ

2134 2471 2295 2526 ίκανὰ
2345 2471 2625 2537 ζωοποιεῖν
2662 2472 2751 2527 τὸν
2792 2471 3126 2543 κτησάμενον
3152 2470 3249 2543 (6),
3279 2471 3317 2525 ά
3346 2473 3566 2543 ματαιοῖ
3602 2470 3698 2523 τὸν

2136 2563 2457 2635 πράττοντα.

2205 2655 2351 2726 Στιχ.
2382 2654 2425 2725 β’
2482 2653 2564 2720 Τῷ
2587 2655 2791 2725 γέλωτι
2809 2648 2980 2708 εἷπον
3004 2654 3348 2725 περιφορὰν,
3375 2655 3473 2709 καὶ
3494 2653 3569 2724 τῇ
3603 2656 3701 2710 εὑ-

2133 2747 2427 2816 ξρροσύνῃ,
2467 2746 2532 2800 Tl
2567 2745 2740 2800 τοῦτο
2771 2744 2960 2811 ποιεῖς
2972 2761 2992 2809 ;

2202 2836 2403 2908 Διπλὴν
2435 2839 2463 2891 ὁ
2488 2836 2657 2906 γέλως
2686 2836 2797 2907 ἔχει
2840 2836 3168 2908 περιφορὰν
3197 2837 3278 2890 ὅτι
3322 2837 3399 2908 τες
3426 2838 3705 2910 περιφορά

2133 2930 2295 3001 γεννᾷ
2325 2928 2582 2999 γέλωτας,
2614 2927 2707 2981 καὶ
2739 2927 2949 2980 πενθεῖν
2980 2927 3041 2981 οὐ
3084 2931 3353 3000 συγχωρεῖ
3374 2929 3477 2992 τὰς
3516 2930 3705 2999 ἀμαρ-

2059 3010 2104 3072 C
2134 3018 2275 3081 τίας,
2303 3018 2397 3071 καὶ⁸
2424 3019 2505 3071 ὅτι
2526 3014 2678 3081 οὗτος
2703 3016 3073 3089 περιφέρεται,
3108 3019 3329 3089 καιροὺς
3372 3019 3472 3072 καὶ
3499 3018 3700 3081 τόπους

2136 3110 2466 3165 ἐναλλάττων
2494 3109 2585 3163 καὶ
2613 3108 2896 3181 πρόσωπα.
2928 3107 3119 3177 Φεύγει
3138 3108 3245 3181 γὰρ
3272 3110 3402 3173 τοὺς
3445 3107 3694 3163 πενθοῦν-

2136 3223 2253 3269 τας.
2279 3205 2389 3259 Καὶ
2419 3204 2493 3273 τῇ
2528 3206 2894 3276 εὐφροσύνῃ,
2935 3205 2995 3259 Tl
3033 3204 3206 3259 τοῦτο
3238 3202 3431 3269 ποιεῖς
3454 3218 3476 3265 ;
3498 3203 3561 3255 Τί
3595 3216 3693 3252 πο-

2141 3295 2269 3369 ρεύῃ
2313 3294 2447 3368 πρὸς
2490 3294 2584 3360 οὓς
2627 3296 2688 3349 οὐ
2738 3295 2895 3367 θέμις
2941 3293 3355 3369 εὑφραίνεσθαι;
3405 3295 3543 3366 πρὸς
3570 3297 3698 3361 τοῦς

2140 3387 2404 3460 μεθύσους
2447 3387 2540 3441 καὶ⁵
2578 3387 2902 3452 πλεονέκτας
2944 3389 3037 3441 καὶ
3068 3387 3360 3459 ἆρπαγας;
3391 3387 3497 3440 Διὰ
3541 3389 3597 3441 τί
3643 3389 3699 3442 δὲ

2137 3479 2218 3547 ὡς
2264 3475 2452 3543 οἵνον;
2521 3479 2735 3549 Ἐπειδὴ
2780 3476 2876 3551 τὴν
2930 3479 3158 3552 καρδίαν
3207 3473 3346 3542 οἶνος
3384 3478 3696 3550 εὐφραίνει.

2139 3571 2488 3644 πραῦθύμους
2532 3571 2639 3644 γὰρ
2692 3573 2817 3635 τοὺς
2872 3571 3189 3644 ἀνθρώπους
3235 3569 3544 3644 ἐργάζεται·
3608 3572 3700 3624 εὐ·-

2140 3660 2347 3734 φραίνει
2373 3662 2430 3715 δὲ
2460 3663 2627 3734 αὐτὴν
2654 3663 2746 3716 καὶ
2775 3665 2808 3734 ἡ
2840 3661 2995 3735 σάρξ,
3027 3660 3261 3718 εὖτακτα
3290 3663 3578 3735 κινουμένη
3606 3665 3700 3716 καὶ

2142 3755 2357 3827 μέτρια.
2790 3795 2799 3805 .

2208 3846 2357 3915 Στιχ.
2386 3844 2457 3914 γ’.
2491 3844 2594 3899 Kal
2624 3847 2663 3914 ἡ
2682 3845 2892 3913 καρδία
2910 3864 3029 3915 μου
3057 3843 3371 3914 ὡδήγησεν
3388 3843 3458 3898 ἐν
3483 3842 3686 3911 σοφίῃ,

2140 3935 2237 3991 καὶ
2272 3934 2377 3988 τοῦ
2416 3932 2710 4002 κρατῆσαι
2745 3934 2843 3987 ἐπὶ
2888 3935 3257 4004 εὐφροσύνῃ,
3292 3932 3402 3999 ἕως
3443 3928 3514 3988 οὗ
3556 3929 3690 3985 είδῶ

2140 4020 2312 4076 ποῖον
2357 4019 2424 4075 τὸ
2474 4020 2700 4089 ἀγαθὸν
2752 4020 2875 4086 τοῖς
2914 4020 3068 4086 υἱοῖς
3113 4020 3231 4074 τῶν
3273 4017 3616 4087 ἀνθρώπων,
3658 4017 3693 4071 δ
3756 4056 3767 4065 .

2140 4113 2503 4179 ποιήσουσιν
2529 4111 2646 4165 ὑπὸ
2675 4110 2782 4165 τὸν
2799 4110 2994 4180 ἣλιον,
3019 4110 3266 4180 ἀριθμὸν
3284 4107 3517 4179 ἡμερῶν
3546 4106 3701 4176 ἄυῆς

2139 4202 2360 4259 αὐτῶν.
3208 4247 3221 4259 ,

2224 4294 2556 4365 ὐδηγηθεὶς,
2580 4294 2762 4364 φησὶν,
2809 4292 2897 4347 διά
2948 4291 3137 4361 σοφίας
3177 4289 3554 4363 κατεκράτησα
3586 4289 3702 4343 τῶν

476 4408 652 4471 ptates
678 4399 734 4453 in
760 4396 960 4452 laetitia.
994 4394 1203 4464 Scopus
1232 4364 1358 4449 vero
1393 4392 1524 4447 mihi
1556 4364 1882 4464 cognitionis
1907 4391 2028 4457 fuit,

2140 4364 2343 4457 ἡδονῶν
2380 4364 2474 4439 ἐπὶ
2502 4384 2824 4457 εὐφροσύνῃ·
2872 4383 3070 4446 σκοπὸς
3096 4382 3153 4436 δέ
3188 4399 3279 4453 μοι
3317 4383 3417 4452 τῆς
3443 4380 3701 4449 γνώσεως

476 4500 536 4545 ut
573 4487 705 4543 nulli
734 4486 813 4542 rei
837 4499 988 4539 vanas
1015 4484 1121 4536 vita
1156 4488 1407 4548 vacaret;
1450 4480 1543 4536 sed
1590 4480 1792 4534 bonum
1823 4479 2032 4532 inveni-

475 4596 626 4644 rem,
672 4593 782 4649 quo
827 4576 950 4646 quis
997 4590 1218 4644 compos
1264 4571 1503 4636 etl‘ectus,
1539 4586 1646 4626 non
1695 4570 1910 4625 aberrat
1964 4570 2033 4624 ab

477 4672 624 4727 utilis
671 4667 895 4740 judicio.
948 4664 1101 4731 Quod
1153 4662 1425 4718 sufﬁciens
1468 4670 1552 4716 est
1602 4660 1987 4730 temporarium
2015 4697 2030 4724 ,

476 4761 849 4820 coextenditur
876 4766 1055 4813 autem
1089 4754 1184 4811 toti
1216 4754 1357 4809 vitae.

549 4853 608 4909 V.
626 4854 681 4909 4.
702 4851 965 4918 Ampliavi
996 4864 1123 4917 opus
1154 4862 1357 4910 meum,
1384 4843 1642 4914 wdi/icavi
1669 4843 1797 4898 milli
1818 4843 1999 4897 domos
2017 4882 2032 4907 ,

475 4945 711 5016 plantavi
743 4942 870 4997 milii
897 4942 1092 4995 vineas.

547 5037 612 5092 V.
643 5037 696 5091 ὕ.
737 5033 863 5087 Feci
891 5032 1016 5085 mihi
1049 5032 1223 5083 hortos
1256 5037 1305 5082 et
1340 5028 1611 5081 viridaria.

494 5292 503 5300 η
548 5211 612 5266 ν.
645 5212 698 5266 6.
741 5209 865 5264 Feci
909 5208 1035 5261 mihi
1077 5208 1343 5261 natatoria
1388 5222 1663 5277 aquarum,
1696 5216 1751 5260 ut
1776 5206 2034 5276 efﬁcerem

472 5298 537 5360 ea:
567 5302 674 5357 illis
703 5301 899 5356 saltum
925 5300 1298 5369 germinantem
1328 5298 1488 5367 ligna.

550 5394 612 5450 V.
645 5393 695 5448 7.
730 5392 949 5446 Possedi
983 5406 1153 5444 servos
1181 5404 1228 5445 et
1257 5390 1500 5456 ancillas,
1530 5398 1578 5441 et
1621 5405 1787 5445 verna:
1823 5389 2036 5460 [nerunt

544 5509 568 5543 ι
601 5505 663 5559 ιιι
686 5506 815 5575 mg.
844 5522 915 5570 ιν,
941 5506 1030 5560 52.
1105 5508 1127 5537 ι
1156 5504 1329 5561 Ecle.
1364 5521 1424 5570 ιι,
1451 5506 1504 5568 9.,
1538 5505 1589 5559 in
1613 5506 1689 5560 οι.

537 5632 621 5706 (6)
660 5627 762 5706 Ms.
786 5627 943 5681 κτισέ
952 5643 1126 5699 μενον.

2136 4477 2197 4530 τὸ
2228 4477 2320 4530 ἐπὶ
2359 4477 2548 4548 μηδενὶ¹
2596 4477 2809 4548 ματαίῳ
2838 4475 2936 4547 τὴν
2973 4472 3117 4545 ζωὴν
3158 4472 3472 4545 άσχολῆσαι,
3515 4475 3702 4544 εὑρεῖν

2135 4567 2192 4621 δὲ
2217 4568 2278 4622 τὸ
2316 4567 2513 4636 ἀγαθόν
2532 4585 2546 4598 ·
2576 4562 2636 4622 οὗ
2663 4584 2747 4632 τις
2774 4565 2969 4638 τυχὼν,
3001 4566 3100 4637 οὐχ
3131 4564 3435 4636 ἁμαρτάνει
3473 4564 3577 4635 τῆς
3600 4563 3702 4618 τοῦ

2138 4660 2503 4732 συμφέροντος
2542 4660 2791 4732 κρίσεως.
2830 4662 2895 4713 ‘0
2920 4658 3136 4729 διαρκές
3166 4660 3280 4711 ἐστι
3307 4658 3403 4711 καὶ
3428 4657 3705 4729 πρόσκαι-

2141 4769 2253 4823 ρον,
2280 4754 2346 4823 τῇ
2380 4751 2436 4805 δὲ
2462 4752 2645 4825 ἁπάσῃ
2670 4751 2780 4822 ζωῇ
2806 4751 3205 4822 παρατείνεται.

2209 4846 2355 4916 Στιχ.
2393 4846 2455 4900 δ’.
2523 4844 2891 4915 Ἐμετάλυνα
2920 4843 3143 4913 ποίημά
3166 4859 3304 4913 μου·
3339 4840 3705 4913 ᾠκοδόμησὰ

2135 4954 2236 5006 μοι
2263 4938 2485 5003 οἴκους-⁸
2514 4935 2815 5006 ἑφύτευσά
2845 4953 2946 5006 μοι
2976 4933 3347 5004 ἀμπελῶνας.

2210 5027 2357 5098 Στιχ.
2412 5034 2473 5080 ε’.
2540 5025 2824 5095 Ἐποίησά
2864 5044 2962 5095 μοι
3009 5024 3240 5093 κήπους
3291 5023 3393 5079 καὶ.
3413 5023 3707 5094 παραδεί-

2183 5137 2309 5186 ους.

2209 5208 2355 5301 ξτιχ.
2384 5206 2498 5301 ῌςἏ
2535 5210 2815 5301 Ἐποίησιί
2843 5227 2946 5280 μοι
2992 5209 3405 5279 κολυμϐήθρας
3439 5207 3706 5269 ὑδάτων,

2142 5297 2246 5345 τοῦ
2269 5297 2516 5368 ποιῆσαι
2544 5300 2644 5355 ἀπ’
2669 5300 2862 5357 αὐτῶν
2885 5299 3109 5371 δρυμὸν
3129 5300 3495 5366 ,βλαστῶντα
3517 5300 3702 5364 ξύλα.

2211 5391 2355 5462 Στιχ.
2392 5390 2455 5456 ζ’.
2505 5391 2883 5462 Ἐκτησάμην
2918 5392 3173 5461 δούλους
3218 5393 3315 5448 καί
3348 5391 3704 5460 incolam,
