3996 6208
347 340 483 397 1531
1342 358 1881 421 COMMENTARIUS
1917 362 1925 417 l

2020 364 2558 427 ECCLESIASTEM.
2931 432 2941 443 ,
3429 393 3565 451 1δὲξὲ

340 456 441 509 καὶ
477 460 795 530 οἰκογενεῖς
838 463 1115 534 ἐγένοντό
1137 489 1256 539 μοι.
1292 476 1469 544 Καίγε
1507 477 1719 547 κτῆσις
1751 481 1900 544 ,ϐου-

2005 481 2153 535 milii.
2215 484 2372 554 Atqui
2398 490 2649 554 possessio
2703 497 2923 549 armenti
2976 509 3025 552 et
3075 503 3240 572 gregis
3286 503 3385 571 fuit
3434 509 3563 562 mihi

339 551 551 603 κολίου
597 552 694 605 καὶ
743 558 1018 625 ποιμνίου
1064 561 1301 631 ἐγένετό
1329 585 1430 635 μοι
1474 571 1696 639 πολλὴ,
1752 575 1901 643 ὑπὲρ

2295 551 2303 554 ν
2399 551 2406 554 _
2985 551 3016 552 η
3075 551 3100 570 α
3137 551 3236 572 γυ--
3286 551 3384 571 ,πη

2005 575 2193 639 multa,
2236 592 2345 644 prae
2383 580 2619 635 omnibus
2657 584 2746 651 qui
2788 585 2999 653 fuerunt
3042 603 3161 647 ante
3194 610 3273 648 me
3306 597 3361 649 in
3397 594 3561 651 Jeru-

338 640 570 709 πάντας
606 645 749 712 τοὺς
786 652 1144 721 γενομένους
1179 656 1516 727 ἔμπροσθέν
1538 680 1656 731 μου
1685 665 1753 718 ἐν·
1796 640 1897 721 Ἰέ-
2001 664 2179 719 salem.

332 738 568 801 ρουσαλ
576 735 674 805 ήμ.

408 827 554 897 Στιχ.
586 834 655 899 η’.
692 833 1042 906 Συνήγαγον
1066 856 1167 907 μοι
1210 842 1310 896 καί
1338 858 1415 913 ’γε
1455 847 1756 915 ἀργύριον,
1799 853 1899 904 καί

2082 837 2144 891 ν.
2182 839 2236 893 8.
2273 840 2471 913 Collegi
2504 846 2631 899 mihi
2664 857 2817 916 atque
2847 862 3139 919 argentum,
3168 864 3320 923 atque
3349 872 3557 921 aurum,

336 932 402 985 τε
417 920 691 985 χρυσίον,
712 925 807 978 καί
826 934 1330 1001 περιουσιασμοὺς
1344 934 1777 1001 τῶνβασιλέων
1798 944 1892 996 καί

1997 939 2045 982 et
2078 931 2401 989 substantias
2434 952 2607 1006 regum
2639 948 2685 990 et
2720 941 3007 1009 regionum.
3052 941 3179 997 Feci
3212 946 3337 998 mihi
3376 960 3558 1002 canta-

334 1004 453 1059 τῶν
480 1009 705 1077 χωρῶν.
757 1014 1041 1083 Ἐποίησά
1061 1035 1162 1085 μοι
1196 1018 1450 1088 ᾅδοντας
1476 1025 1573 1079 καὶ
1605 1026 1891 1094 ᾀδούσας,

1998 1040 2076 1076 res
2101 1034 2149 1077 et
2177 1030 2514 1095 cantatrices,
2547 1042 2595 1083 et
2636 1032 3013 1089 oblectamenta
3052 1037 3155 1105 lilii
3188 1039 3429 1107 hominis,
3460 1059 3556 1111 po-

332 1098 430 1151 xal
456 1101 803 1170 τρυφήματα
827 1105 932 1159 τοῦ
958 1107 1089 1161 υἱοῦ
1112 1109 1216 1163 τοῦ
1244 1111 1576 1179 ἀνθρώπου,
1617 1118 1893 1187 οἰνοχόας
1994 1113 2113 1166 Gula
2141 1124 2189 1167 Pl
2214 1117 2573 1183 pocillatorem

332 1189 430 1241 καὶ
460 1192 754 1260 οἰνοχόον.

404 1279 551 1351 Στιχ.
578 1281 641 1335 θ’.
667 1284 775 1337 Kal
801 1285 1229 1361 ἐμεγαλύνθην,
1251 1291 1346 1345 καί
1368 1295 1711 1363 προσέθηκα
1732 1301 1890 1368 παρὰ

2062 1280 2122 1335 ν.
2152 1284 2203 1338 9.
2238 1283 2305 1338 Et
2329 1290 2693 1358 magniﬁcatus
2723 1310 2860 1358 sum,
2890 1306 2939 1349 et
2972 1298 3143 1368 adjeci
3181 1318 3291 1370 pra:
3316 1307 3549 1360 omnibus

332 1371 563 1439 πάντας
590 1375 646 1428 οἳ
681 1375 956 1447 ἐγένοντο
980 1379 1318 1450 ἔμπροσθέν
1339 1403 1458 1454 μου
1486 1386 1557 1440 ἐν
1596 1388 1885 1458 Ἰερουσα-

1989 1373 2078 1440 qui
2121 1374 2330 1443 fuerunt
2371 1390 2491 1432 ante
2528 1398 2606 1434 me
2640 1383 2694 1435 in
2737 1383 3050 1444 Jerusalem.
3100 1390 3256 1461 Atqui
3293 1398 3550 1464 sapientia

328 1463 472 1533 λήμ.
518 1468 630 1520 Καί
654 1486 718 1538 γε
749 1472 933 1540 σοφία
959 1473 1181 1543 ἐστάθη
1208 1494 1327 1544 μοι.
1987 1465 2128 1516 stetit
2164 1468 2311 1522 mihi.

400 1558 547 1629 Στιχ.
598 1565 646 1611 ι’.
695 1562 801 1615 Καὶ
836 1561 958 1617 πᾶν
989 1563 1020 1618 ὃ
1053 1566 1289 1635 ᾔτησαν
1318 1571 1371 1623 οί
1415 1572 1709 1643 ὀφθαλμοί
1742 1595 1879 1645 μου,

2060 1551 2120 1605 V.
2168 1556 2251 1611 10.
2299 1556 2368 1610 Et
2405 1576 2555 1615 omne
2602 1565 2740 1633 quod
2786 1569 3181 1633 postulaverunt
3224 1575 3364 1628 oculi
3412 1580 3543 1640 mei.

326 1647 436 1699 οὐκ
488 1647 738 1715 ἀφεῖλον
777 1651 878 1704 ἀπ’
923 1652 1137 1708 αὐτῶν.
1193 1659 1311 1711 Οὐκ
1361 1659 1722 1717 ἀπεκώλυσα
1770 1665 1884 1735 τὴν

1985 1660 2086 1698 ηοη
2124 1647 2318 1701 abstuli
2357 1652 2420 1704 ab
2448 1652 2541 1706 eis.
2588 1653 2707 1709 Non
2736 1657 2977 1725 prohibui
2997 1676 3087 1713 cor
3117 1679 3284 1716 meum
3314 1667 3378 1719 ab
3406 1672 3546 1723 omni

324 1738 576 1805 καρδίαν
596 1758 715 1809 μου
750 1742 865 1796 ἀπὸ
893 1743 1094 1813 πάσης
1129 1749 1529 1819 εὐφροσύνης.

612 1758 715 1803 μου
750 1742 865 1796 ἀπὸ
893 1743 1094 1813 πάσης
1129 1749 1529 1819 εὐφροσύνης,
1982 1735 2190 1791 ιωιὶιῑα.

391 1828 647 1900 Θεωρεῖς,
679 1833 826 1897 ὅπως
849 1834 1049 1906 πλῆθος
1078 1837 1240 1894 οἴκων
1273 1842 1366 1895 καὶ
1406 1842 1609 1915 ἀγρῶν,
1652 1847 1743 1901 καὶ
1771 1849 1878 1903 τῶν
1914 1820 1951 1872 Β

2057 1828 2212 1886 Vides
2253 1838 2526 1904 quomodo
2569 1841 2965 1899 multitudinem
2994 1850 3275 1904 domorum
3305 1861 3359 1906 et
3385 1869 3544 1924 agro-

321 1919 541 1985 λοιπῶν,
577 1916 651 1975 ὧν
688 1941 868 1995 φησιν,
905 1926 1229 1999 ἀριθμήσας,
1258 1928 1374 1985 εἶτα
1408 1935 1570 2005 μηδὲν
1593 1939 1649 1990 ἐν
1675 1939 1881 2006 τούτοις

1983 1936 2123 1989 rum,
2151 1939 2215 1979 ac
2246 1928 2577 1995 reliquorum
2624 1948 2744 2001 qua:
2790 1950 3202 2006 commemorat,
3241 1957 3539 2001 enunieret.

320 2012 602 2085 ὲπικερδὲς
636 2016 807 2089 εὑρών
823 2037 836 2050 ·
868 2020 987 2074 οὐδὲ
1012 2022 1118 2092 γὰρ
1145 2025 1244 2095 τὴν
1268 2026 1444 2099 ψυχὴν
1469 2030 1528 2095 ἐξ
1557 2034 1733 2087 αὐτῶν
1758 2035 1877 2105 βελ-

1981 2011 2181 2071 Deinde
2205 2018 2337 2073 nihil
2365 2020 2419 2074 in
2452 2021 2535 2076 bis
2562 2024 2692 2078 utile
2723 2029 3033 2096 reperiens;
3063 2047 3162 2087 nec
3192 2035 3335 2089 enim
3364 2038 3541 2105 quoad

317 2104 445 2159 τίων
469 2107 702 2175 ἐγένετο,
730 2110 848 2164 οὐδὲ
880 2110 967 2165 διὰ
986 2113 1142 2168 τοῦτο
1168 2117 1265 2188 τὴν
1288 2119 1421 2189 πρὸς
1452 2121 1583 2176 Θεὸν
1608 2102 1879 2181 οἰκείωσιν

1979 2102 2214 2160 animam
2243 2123 2307 2161 ex
2342 2109 2429 2166 bis
2472 2113 2663 2168 melior
2695 2129 2963 2185 evaserat,
2999 2135 3176 2192 neque
3205 2139 3300 2193 per
3341 2126 3441 2182 hoc
3464 2127 3542 2183 fa-

317 2199 602 2268 ἐκτήσατο·
634 2203 941 2271 ἀναγκαίως
960 2208 1052 2260 ἐπὶ
1074 2208 1163 2262 τὸν
1192 2210 1362 2282 ἀληθῆ
1387 2211 1633 2277 πλοῦτον,
1661 2218 1752 2270 καὶ
1778 2218 1877 2291 τὴν

1980 2196 2344 2254 miliaritatem
2387 2217 2512 2257 cum
2562 2204 2669 2259 Deo
2713 2209 3077 2278 acquisierat;
3112 2217 3421 2272 necessario
3471 2220 3539 2274 ad

316 2286 535 2355 βεϐαίαν
552 2290 781 2363 ὓπαρξιν
800 2294 889 2348 τὸν
914 2295 1068 2365 λόγον
1090 2300 1457 2372 μετατίθησιν.
1489 2306 1667 2372 Δεῖξαι
1699 2286 1875 2364 τοίνυν

1975 2304 2133 2346 veras
2177 2292 2427 2361 divitias,
2476 2305 2530 2350 et
2589 2300 2835 2355 stabilem
2888 2304 3179 2359 essentiam
3231 2322 3536 2365 sermonem

315 2379 592 2451 βουληθεὶς
644 2387 772 2439 ποῖα
811 2386 918 2439 τῶν
968 2389 1259 2460 κτημάτων
1302 2393 1511 2447 ἵσταται
1556 2396 1633 2468 τῷ
1674 2417 1876 2472 κτησα-

1977 2381 2249 2439 transfert.
2277 2386 2415 2441 Cum
2445 2388 2612 2460 igitur
2642 2392 2801 2447 vellet
2825 2395 3110 2451 ostendere
3139 2413 3387 2468 qutenam
3419 2417 3538 2470 pos-

314 2470 480 2542 μένῳ,
516 2474 666 2544 μένει
691 2494 749 2529 τε
770 2478 917 2550 αὐτῷ
933 2480 1192 2552 διηνεκῶς
1215 2485 1308 2537 καὶ
1329 2484 1575 2551 σώζεται,
1604 2490 1869 2563 ἐπήγαγε·

1975 2474 2247 2530 sessiones
2279 2482 2581 2548 possessori
2618 2495 2990 2552 permaneant,
3024 2495 3533 2562 perseverentapud

312 2565 423 2617 Kal
448 2583 511 2634 γε
534 2569 717 2638 σοφία
735 2570 954 2641 ἐστάθη
975 2592 1095 2643 μοι.
1126 2576 1277 2647 Μόνη
1296 2577 1403 2650 γὰρ
1435 2581 1572 2654 αὕτη
1608 2584 1775 2654 μένει,
1804 2586 1873 2640 τὰ

1971 2579 2095 2619 eum
2118 2566 2342 2636 jugiter,
2370 2584 2433 2624 ac
2458 2581 2759 2639 serventur,
2788 2575 3070 2645 subjunxit
3097 2598 3110 2633 :
3142 2580 3302 2650 Atqui
3328 2585 3533 2652 sapien-

308 2652 353 2704 δ’
375 2653 508 2707 ἄλλα
537 2657 726 2727 φεύγει
756 2660 849 2712 καὶ
879 2663 1190 2731 ἀφίσταται,
1217 2666 1315 2720 ὅσα
1342 2652 1865 2746 φθάσαςήὴρίθμησε.

1973 2654 2046 2707 ιὶα
2075 2656 2218 2709 stetit
2253 2657 2401 2711 mihi.
2446 2659 2571 2716 Sola
2599 2663 2741 2717 enim
2784 2664 2898 2720 haec
2940 2679 3157 2725 manet:
3191 2681 3383 2728 caetera
3427 2674 3534 2729 dif-

309 2748 499 2814 Σοςρία
524 2749 701 2803 τοίνυν
754 2752 977 2823 ἐστάθη
990 2774 1111 2826 μοι,
1144 2758 1296 2827 κάγὼ
1321 2760 1386 2813 δι’
1414 2763 1584 2836 αὐτὴν
1614 2744 1862 2840 ἐστάθην.

1970 2744 2184 2816 fugiunt
2208 2758 2262 2803 et
2290 2750 2608 2815 abscedunt.
2637 2769 2973 2827 quaecunque
2994 2772 3150 2816 antea
3172 2768 3527 2824 enumeravit.

322 2835 536 2891 Ἐκεῖνά
563 2857 621 2892 τε
658 2841 767 2913 γὰρ
791 2843 998 2913 πίπτει,
1035 2849 1128 2902 καὶ
1153 2853 1336 2905 πεσεῖν
1362 2858 1506 2908 ποιεῖ
1535 2858 1660 2922 τοὺς
1687 2860 1869 2926 αὐτοῖς

1970 2833 2245 2906 Sapientia
2278 2839 2459 2910 itaque
2495 2845 2639 2898 stetit
2685 2847 2834 2911 mihi,
2869 2857 2922 2903 et
2958 2865 3057 2917 ego
3082 2868 3177 2922 per
3207 2854 3352 2911 illam
3384 2860 3525 2915 steti.

310 2927 712 2999 ἐπιτρέχοντας.
764 2934 920 2989 Ἀλλὰ
964 2936 1072 3010 γὰρ
1117 2939 1400 3012 σύγκρισιν
1429 2943 1598 3000 θεῖναι
1627 2950 1724 3021 τῆς

1967 2924 2060 2981 Illa
2092 2942 2324 2999 namque
2354 2931 2645 3001 excidunt,
2690 2946 2744 2992 et
2782 2940 3119 3010 praecipitant
3159 2955 3426 3018 quotquot
3459 2953 3526 3007 ad

309 3016 457 3086 φίας,
505 3021 598 3074 καὶ
634 3022 730 3094 τὴν
768 3026 845 3097 (7)
892 3027 1187 3101 ἀνθρώπων
1235 3034 1454 3103 ἀγαθῶν
1499 3015 1866 3112 νομιζομένων

1967 3015 2057 3071 illa
2084 3032 2392 3074 recurrunt.
2427 3023 2497 3076 At
2524 3024 2666 3078 enim
2721 3028 2907 3083 volens
2953 3015 3408 3102 comparationem
3445 3041 3528 3095 in—

308 3109 643 3183 βουλόμενος,
674 3118 843 3172 ταῦτα
867 3123 1110 3194 ἐπήγαγε
1133 3144 1146 3156 ·
1179 3128 1287 3181 Kal
1321 3127 1444 3184 πᾶν
1480 3131 1512 3185 ὃ
1548 3109 1782 3203 ᾔτησαν
1808 3140 1862 3192 ot

1966 3109 2189 3163 stituere
2231 3110 2537 3180 sapientiai,
2577 3122 2632 3168 et
2679 3114 2947 3173 bonorum
2998 3120 3361 3183 humanorum
3406 3146 3527 3199 quae

306 3203 875 3277 éyoajﬂolﬂov’om
898 3195 1605 3289 ἀφεῖλονὰπναὺτῶν,κᾶὶ
1624 3195 1690 3280 ἑὰ
1714 3226 1856 3300 ἑξῆς,
1891 3195 1934 3217 ’⁸
1969 3198 2095 3300 talia
2131 3206 2654 3300 .reputanturthaec
2694 3207 2970 3266 subtexuit
3011 3230 3025 3266 :
3070 3212 3141 3268 Et
3190 3232 3339 3273 omne
3385 3225 3526 3293 quod

303 3295 365 3346 οὐ
407 3296 563 3366 μόνον
594 3303 813 3367 τούτους
856 3305 1094 3371 κακίζων
1133 3311 1258 3376 τοὺς
1306 3316 1559 3387 μόχθους,
1605 3318 1698 3385 οὓς
1723 3290 1860 3377 οἰέν

1965 3290 2358 3359 postulaverunt
2390 3295 2529 3348 oculi
2556 3297 2675 3361 ntei,
2707 3314 2810 3353 non
2841 3302 3036 3358 abstuli
3065 3305 3129 3359 ab
3155 3308 3252 3375 eis,
3284 3319 3337 3365 et
3364 3290 3522 3369 ciete-

303 3386 606 3462 εὐφροσύνῃ
653 3396 963 3463 τρυφῶντες
1014 3402 1277 3472 πάσχουσι
1332 3409 1673 3479 μοχθοῦντες,
1725 3414 1859 3469 ἀλλὰ

1964 3398 2046 3449 ra,
2081 3400 2187 3439 non
2220 3386 2381 3441 modo
2410 3389 2583 3445 malos
2616 3392 2908 3449 ostendens
2939 3395 3251 3466 hujusmodi
3288 3402 3520 3471 labores,

303 3477 396 3531 καὶ
423 3477 514 3542 οὓς
544 3480 679 3553 πρὸς
702 3486 942 3558 ἀνάγκην
971 3491 1064 3544 καὶ
1092 3492 1211 3561 βίαν
1231 3497 1277 3548 ot
1300 3477 1572 3569 ἄνθρωποι
1600 3504 1859 3574 μοχθοῦν-

1964 3488 2102 3541 quos
2129 3477 2221 3544 qui
2252 3477 2307 3529 in
2329 3478 2508 3532 laetitia
2537 3480 2803 3548 laborant,
2827 3486 3120 3555 sustinent;
3149 3506 3337 3549 verum
3360 3497 3522 3552 etiam

301 3587 390 3634 τες
437 3572 780 3644 ὑπομένουσι,
820 3581 1025 3651 τροφῆς
1072 3584 1252 3640 ἕνεκεν
1306 3588 1406 3657 τῆς
1449 3570 1746 3663 ἐφημέρου,
1799 3598 1857 3649 ὲν

1963 3579 2319 3636 quoscunque
2360 3570 2409 3622 vi
2460 3586 2526 3626 ac
2564 3574 2888 3630 necessitate
2927 3577 3234 3639 laborantes
3275 3586 3523 3647 homines

302 3661 483 3733 ἱδρῶτι
501 3665 592 3718 τοῦ
626 3668 913 3739 προσώπου
937 3672 1033 3737 τὰς
1055 3674 1246 3745 τέχνας
1270 3654 1642 3751 ὲρέαζόμενοιί
1676 3654 1741 3738 '0'
1759 3686 1856 3755 μὲν

1962 3654 2212 3717 tolerant,
2250 3657 2551 3725 quotidiani
2575 3661 2750 3715 victus
2786 3678 2971 3730 causa,
3006 3666 3062 3720 in
3108 3670 3305 3728 sudore
3342 3677 3524 3734 vultus

299 3752 405 3825 γὰρ
429 3754 622 3826 μόχθος
650 3759 834 3824 πολὺς,
860 3764 1043 3833 φησὶν,
1076 3768 1107 3837 ἡ
1135 3767 1190 3820 δὲ
1218 3747 1421 3842 τέχνηή
1445 3747 1508 3824 ὲκ
1535 3773 1626 3827 τοῦ
1655 3747 1853 3845 μόχθου

1961 3753 2103 3800 artes
2132 3747 2449 3801 exercendo.
2488 3747 2665 3804 Labor
2713 3752 2858 3806 enim
2896 3754 3098 3811 multus
3141 3768 3258 3827 est,
3309 3762 3517 3833 inquit.

299 3846 645 3919 πρόσκαιρος,
687 3852 839 3905 οὐδὲν
887 3856 1198 3925 προτιθεῖσα
1244 3861 1319 3931 (8)
1363 3861 1470 3915 τῶν
1505 3866 1853 3936 τερπομένων

1960 3850 2050 3889 ars
2088 3846 2268 3891 autem
2310 3853 2430 3907 qua:
2476 3853 2541 3892 ex
2577 3840 2762 3896 labore
2806 3852 2922 3911 est,
2967 3852 3326 3920 temporaria,
3384 3857 3518 3911 nihil

298 3936 579 4008 χρήσιμον.
626 3939 823 4012 Διόπερ
869 3943 930 3996 τὸ
964 3944 1151 4017 κέρδος
1193 3926 1363 4003 οὐδέν.
1409 3926 1580 4005 Ἔνθα.
1615 3926 1724 4025 γάρ
1754 3953 1853 4007 οὐκ

1958 3926 2188 3983 aﬂ‘erens
2236 3928 2367 3983 utile
2412 3946 2600 3984 eorum
2649 3948 2769 4002 qua:
2815 3935 3102 3994 delectant.
3153 3939 3518 4007 Quamobrem

296 4025 411 4080 ἔστι
438 4031 744 4099 περισσεία,
778 4034 895 4086 οὐδὲ
921 4036 1130 4107 κέρδος.
1163 4040 1403 4106 Εἰκότως
1425 4044 1600 4098 τοίνυν
1626 4020 1852 4117 ματαιό-

1957 4020 2119 4075 etiam
2152 4021 2577 4078 emolumentum
2608 4025 2815 4081 nullum
2853 4037 2955 4083 est.
2990 4028 3091 4087 Ubi
3128 4035 3270 4089 enim
3300 4052 3405 4092 non
3434 4052 3518 4096 est

295 4134 394 4188 της
420 4118 487 4172 τὰ
530 4122 948 4190 σπουδασθέντα,
978 4127 1075 4179 καὶ
1109 4130 1449 4198 προαίρεσις
1496 4112 1849 4205 πνεύματος.

1956 4112 2343 4179 exuberantia,
2398 4130 2573 4185 neque
2617 4119 3063 4179 emolumentum.
3117 4124 3308 4184 Merito
3354 4133 3518 4203 igitur

296 4209 519 4281 Πνεῦμα
544 4211 621 4275 δὲ,
649 4213 746 4285 τὴν
773 4215 947 4287 ψυχὴν
971 4217 1243 4289 ὀνομάζει.
1289 4222 1351 4275 Ἢ
1376 4222 1485 4296 γὰρ
1513 4227 1846 4300 προαίρεσις,

1956 4205 2169 4260 vanitas
2214 4215 2341 4261 sunt
2382 4222 2467 4263 res
2520 4208 2662 4263 circa
2707 4226 2845 4281 quas
2882 4222 3025 4270 tanta
3064 4228 3149 4274 est
3189 4222 3512 4286 sollicitudo.

294 4298 409 4351 ἐστι
461 4301 630 4367 ποιὸν,
676 4304 736 4356 ού
791 4306 1017 4378 κίνησις.
1057 4310 1165 4363 Καὶ
1202 4313 1231 4365 ὁ
1275 4312 1464 4365 Δαϐίδ·
1500 4318 1604 4381 Είς
1650 4296 1851 4388 χεῖράς

1955 4307 2003 4350 ει
2040 4296 2280 4352 voluntas
2309 4299 2545 4368 spiritus.
2576 4299 2835 4371 Spiritum
2867 4308 2953 4362 hic
2977 4309 3214 4365 animam
3248 4322 3510 4371 nomlnat.

292 4404 408 4447 σου
451 4398 802 4467 παρατίθημι
847 4400 913 4453 τὸ
962 4402 1194 4472 πνεῦμά
1233 4423 1370 4474 μου.
1417 4409 1529 4461 Kal
1554 4427 1619 4479 γε

1957 4384 2218 4443 Voluntas
2246 4389 2412 4453 enim,
2443 4398 2526 4445 est
2553 4393 2807 4461 qualitas,
2844 4412 2950 4453 non
2990 4409 3197 4457 motus.
3235 4402 3301 4460 Et
3345 4406 3513 4463 David

292 4486 476 4553 σοφία
502 4487 723 4557 ἐστάθη
755 4508 874 4559 μοι,
902 4492 982 4545 ὅτι
1009 4511 1074 4564 με
1111 4494 1311 4563 γνῶναι
1346 4499 1440 4552 καὶ
1482 4503 1714 4556 συνιέναι
1750 4522 1848 4559 πε-

1954 4481 2029 4536 ait
2065 4499 2078 4535 :
2118 4479 2186 4534 In
2231 4499 2417 4536 ntanus
2468 4492 2588 4537 tuas
2637 4489 2938 4543 commendo
2981 4492 3223 4562 spiritum
3272 4514 3441 4553 meum
3466 4502 3510 4558 ⁸.

291 4577 484 4649 ποίηκε
524 4580 616 4634 τοῦ
665 4581 839 4651 λέγειν
878 4586 984 4637 πᾶν
1022 4587 1050 4638 ὃ
1087 4603 1139 4638 τι
1168 4588 1266 4640 οὐκ
1289 4588 1401 4642 ἐστι
1440 4592 1722 4663 περισσεία
1749 4594 1853 4648 ὑπὸ

1953 4572 2115 4642 Atqui
2144 4588 2269 4629 vere
2295 4575 2553 4642 sapientia
2600 4578 2742 4632 stetit
2775 4581 2923 4646 milii,
2964 4583 3091 4653 quia
3119 4585 3296 4642 eil‘ecit
3323 4601 3383 4644 ut
3413 4608 3510 4663 ego

287 4671 378 4724 τὸν
402 4673 569 4741 ἥλιον.
596 4675 657 4727 Εἰ
685 4676 860 4730 τοίνυν
896 4678 1100 4745 ἀγαθοῦ
1125 4680 1346 4752 κέρδους
1372 4684 1761 4757 ἐπιθυμοῦμεν,
1802 4690 1851 4741 εί

1952 4677 2330 4732 cognoscerem
2372 4665 2872 4737 acintelligerem,
2915 4684 3023 4737 quo
3069 4671 3305 4729 dicerem
3351 4692 3510 4734 omne

290 4766 604 4834 περισσείαν
624 4767 866 4840 θέλομεν,
882 4772 1210 4843 εἰᾶφθαρτοι
1231 4772 1499 4846 ζητοῦμεν
1521 4756 1679 4843 εἶναι,
1715 4796 1844 4851 μοχ-

1951 4756 2096 4825 quod
2129 4770 2236 4811 non
2270 4765 2353 4810 est
2382 4757 2736 4812 exuberantia
2769 4760 2870 4815 sub
2903 4762 3034 4818 sole.
3068 4762 3125 4817 Si
3155 4781 3282 4835 ergo
3307 4767 3507 4825 bonum

289 4855 541 4929 θήσωμεν
566 4860 793 4931 μόχθους
806 4864 930 4928 τοὺς
955 4864 1094 4935 ὑπὲρ
1114 4865 1203 4919 τὸν
1231 4866 1380 4937 ἥλιον
1411 4848 1723 4941 τρέχοντας.

1952 4848 2377 4903 emolumentum
2408 4849 2801 4917 desideramus,
2836 4852 2881 4906 si
2910 4854 3317 4913 exuberantiam
3354 4863 3508 4918 volu-

287 4949 498 5013 τούτοις
526 4954 631 5024 γὰρ
655 4954 753 5007 οὐκ
779 4956 893 5010 ἔστι
920 4958 1238 5030 ματαιότης,
1267 4960 1385 5013 οὐδὲ
1414 4963 1729 5033 προαίρεσις
1750 4964 1845 5017 τοῦ

1952 4956 2096 5007 mus,
2127 4940 2173 4996 si
2199 4940 2635 5010 incorruptibiles
2671 4944 2965 5013 quaerimus
3006 4962 3159 5015 csse;
3199 4951 3508 5012 laboremus

286 5043 513 5100 είκαίου.
560 5047 654 5099 καὶ
690 5049 862 5120 μάτην
896 5043 997 5104 ὦδε
1038 5053 1198 5106 κάκεῖ
1238 5055 1646 5125 περισπωμένου
1687 5056 1847 5111 πνεύ-

1952 5030 2165 5085 labores
2196 5028 2289 5099 qui
2334 5028 2475 5084 ultra
2508 5030 2675 5107 solem
2707 5043 2952 5087 currunt.
2992 5034 3051 5086 In
3100 5035 3185 5090 bis
3224 5038 3366 5091 enim
3398 5056 3507 5095 non

289 5150 475 5202 uno,”
1310 5122 1321 5125 '
1491 5122 1501 5125 '
1952 5131 2033 5179 est
2054 5122 2287 5187 vanitas,
2317 5137 2491 5192 neque
2518 5123 2771 5178 voluntas
2798 5124 2871 5177 rei
2902 5140 3270 5194 supervacuae,
3313 5143 3366 5185 et
3395 5134 3508 5201 spi-

1950 5215 2089 5269 ritus
2123 5213 2323 5269 frustra
2352 5214 2494 5268 ultro
2523 5214 2767 5284 citroque
2796 5213 3023 5283 abrepti.

356 5285 501 5365 Στῖχ.
541 5296 629 5365 ιβ’.
665 5298 773 5351 Καὶ
793 5298 1018 5368 ἔϐλεψα
1049 5299 1163 5366 ἐγὼ
1193 5301 1298 5355 τοῦ
1330 5301 1476 5355 ἰδεῖν
1495 5303 1716 5372 σοφίαν
1746 5303 1841 5356 καί

2026 5302 2085 5358 ν.
2120 5303 2207 5357 12.
2254 5302 2322 5356 Et
2366 5302 2545 5373 aspexi
2592 5319 2682 5373 ego
2727 5312 2784 5355 ut
2828 5303 3052 5358 viderem
3092 5308 3422 5376 sapientiam,
3456 5319 3505 5363 et

283 5391 605 5456 περιφορὰν
639 5389 735 5442 καὶ
766 5390 1148 5460 ἀφροσύνην
1184 5392 1271 5447 ὅτι
1302 5395 1393 5460 τίς
1424 5395 1747 5462 ἅνθρωπος,
1776 5395 1843 5461 ὃς

1949 5396 2435 5458 hallucinationem,
2486 5406 2536 5449 et
2586 5393 3008 5462 imprudentiam.
3058 5395 3202 5450 Nam
3242 5401 3359 5469 quis
3407 5402 3503 5455 [104

280 5481 591 5535 ἐλεύσεται
640 5482 830 5535 ὀπίσω
898 5483 1008 5553 τῆς
1059 5486 1297 5556 ,βουλῆς
1350 5488 1668 5556 σύμπαντα
1728 5487 1843 5541 ὅσα

1949 5504 2054 5553 mo,
2086 5488 2175 5556 qui
2208 5486 2303 5539 ibit
2332 5501 2461 5553 pone
2503 5483 2779 5538 consilium
2812 5487 2987 5541 omnia
3025 5505 3341 5561 quwcunque
3376 5492 3500 5564 fecit

278 5574 567 5641 ἐποίησεν
593 5576 741 5641 αὕτη
763 5595 775 5641 ;
884 5598 893 5606 '

528 5593 567 5628 ν
593 5576 775 5641 (turn;
884 5598 893 5606 ν
1956 5579 2106 5632 lucc?

348 5668 367 5699 ⁵
399 5666 541 5722 Psul.
567 5685 754 5726 xxxix.
784 5670 841 5723 6-

347 5784 421 5854 (7)
456 5785 594 5839 Τῶν.

2012 5788 2083 5858 (8)
2124 5784 2281 5842 Ferte
2314 5785 2668 5860 προστιθεῖσα.
