3998 7026
461 276 598 333 ιηει

454 488 622 542 stetit.
652 482 1139 541 liallucinationem
1169 489 1226 535 et
1270 479 1713 550 imprudentiam,
1761 480 2026 535 humanos

456 579 693 642 lahores,
723 585 776 629 et
808 573 1168 629 frustraneam
1194 571 1526 642 stultamque
1564 573 1618 626 in
1652 571 1758 627 illis
1788 570 2027 637 oblecta-

455 669 681 723 tionem.
744 663 871 720 Haec
921 677 1292 733 cognoscens,
1344 672 1398 717 et
1458 662 1604 733 quod
1666 662 1738 716 sit
1787 660 2023 715 medium

454 772 677 820 eorum,
714 769 1008 824 veramque
1029 753 1352 824 sapientiam
1385 753 1602 809 beatam
1633 752 2024 823 deprtedicans,

455 850 782 921 subjunxit:
830 847 973 902 Nam
1012 848 1128 918 quis
1180 847 1337 901 ltomo
1381 847 1471 918 qui
1529 846 1625 899 ibit
1669 862 1801 916 pone
1847 846 2021 899 consi-

454 943 622 997 lium?
662 940 773 994 iloc
815 940 961 995 enim
1000 938 1293 995 consilium
1343 954 1443 994 nos
1486 952 1668 993 veram
1702 936 2023 1006 sapientiam

454 1037 631 1099 docet,
664 1034 1220 1103 hallucinationisque
1257 1041 1309 1087 et
1342 1030 1722 1101 imprudentiae
1746 1029 2025 1085 liberatio-

453 1144 576 1183 nem
602 1128 851 1199 largitur.

529 1220 590 1273 ν.
634 1220 719 1274 15.
759 1217 829 1272 Et
857 1217 965 1272 vidi
994 1233 1107 1287 ego,
1140 1217 1277 1287 quod
1318 1214 1661 1270 exuberantia
1694 1222 1774 1267 est
1814 1213 2023 1282 sapien-

454 1314 541 1369 tiae
572 1328 727 1383 super
759 1310 1152 1381 insipientiam,
1200 1319 1253 1363 ut
1299 1308 1643 1364 exuberantia
1685 1306 1820 1361 lucis
1870 1322 2027 1377 super

455 1406 711 1462 tenebras.

525 1496 640 1553 Non
668 1498 823 1569 juxta
862 1494 1325 1567 comparationem
1368 1494 1485 1550 haec
1516 1493 1668 1549 dicit.
1716 1491 1848 1560 Qua
1876 1492 2022 1547 enim

451 1591 724 1647 contraria
752 1600 899 1657 sunt,
933 1603 1161 1660 seseque
1192 1587 1422 1645 invicem
1446 1589 1764 1656 coniiciunt,
1803 1603 2023 1659 compa-

451 1684 560 1737 rari
613 1693 938 1754 nequeunt:
990 1682 1083 1739 sed
1137 1683 1367 1746 statuit,
1427 1681 1660 1736 alterum
1714 1679 2020 1751 eligendum

449 1791 601 1840 esse,
648 1775 962 1847 fugiendum
999 1775 1249 1830 alterum.
1288 1772 1418 1829 Tale
1456 1782 1542 1829 est
1582 1781 1637 1828 et
1684 1772 1818 1827 illud
1858 1790 1873 1827 :
1924 1771 2021 1825 Di-

449 1873 686 1921 lexerunt
714 1868 946 1922 homines
979 1866 1215 1922 tenebras
1241 1866 1409 1937 magis
1438 1882 1595 1936 quam
1618 1864 1786 1919 lucem
1814 1863 1854 1917 ⁸.
1887 1862 2020 1917 Nam

450 1961 616 2031 magis
649 1961 751 2015 hoc
786 1961 904 2016 loco
930 1960 1248 2015 electionem
1282 1965 1435 2014 notat
1460 1957 1754 2028 diligentis,
1798 1972 1905 2011 non
1938 1972 2022 2011 re-

448 2068 568 2106 rum
597 2054 1081 2121 comparationem.

520 2143 582 2198 V.
618 2145 697 2199 l4.
732 2142 995 2215 Sapientis
1035 2144 1175 2199 oculi
1202 2145 1259 2198 in
1284 2142 1457 2214 capite
1495 2141 1610 2213 ejus
1632 2155 1652 2194 .'
1678 2150 1728 2196 et
1766 2141 2020 2212 insipiens

446 2240 501 2292 in
534 2239 758 2294 tenebris
793 2239 1014 2293 incedit.

519 2333 577 2385 ln
605 2341 803 2386 terram
845 2346 1052 2402 pronus
1098 2345 1331 2401 semper,
1383 2329 1898 2400 obtenebratamque
1923 2329 2021 2384 ha-

449 2424 582 2479 hens
611 2424 808 2479 anima:
836 2423 1150 2479 facultatem
1179 2424 1498 2493 principem.
1542 2421 1804 2494 Equidem
1828 2437 2021 2478 omnes

449 2515 698 2570 homines
740 2514 793 2569 in
837 2517 1013 2585 capite
1053 2514 1244 2569 oculos
1290 2513 1577 2581 habemus,
1624 2513 1671 2569 si
1704 2511 2021 2568 constitutio

447 2608 692 2678 corporis
723 2608 1052 2662 attendatur.
1083 2605 1189 2662 Sed
1224 2606 1466 2676 loquitur
1495 2606 1562 2661 de
1593 2605 1768 2661 oculis
1798 2602 2016 2660 ruentis.

451 2699 605 2755 Sicut
629 2699 775 2754 enim
820 2700 963 2755 oculi
1016 2699 1133 2754 suis
1183 2698 1236 2752 in
1290 2700 1491 2752 coelum
1537 2714 1646 2753 non
1698 2697 2017 2769 respiciunt,

445 2802 728 2865 propterea
761 2794 905 2863 quod
938 2791 1257 2847 naturaliter
1286 2790 1555 2847 formatus
1589 2799 1673 2847 est
1701 2800 1763 2847 ut
1798 2792 1852 2847 in
1887 2805 2020 2847 ven-

447 2895 582 2942 trem
615 2886 688 2941 sit
715 2901 957 2956 pronus:
989 2885 1061 2940 ita
1096 2896 1151 2941 et
1182 2900 1337 2941 meus
1376 2886 1519 2956 ejus,
1563 2883 1659 2956 qui
1696 2884 1863 2940 semel
1904 2882 2019 2939 ille-

447 2990 568 3033 ctus
616 2976 719 3034 fuit
761 2994 794 3034 ε
846 2977 1246 3051 voluptatibus,
1293 2976 1507 3035 dimcile
1554 2978 1681 3035 inde
1727 2975 2017 3044 divellitur,

1352 271 1692 329 ADDENDA.
1731 304 1800 313 —
1838 272 1896 328 S.
1933 271 2233 329 DIONYSII
2265 271 2729 330 ALEXANDRINI

527 390 859 462 Sapientiam
913 389 1065 454 dieit,
1115 403 1237 459 quae
1281 396 1366 443 est
1405 403 1471 443 ex
1526 385 1660 447 Deo.
1685 403 1807 458 quae
1845 398 1901 442 et
1947 387 2021 442 illi
2051 394 2099 450 Α

3560 265 3699 321 1585

2196 388 2395 459 Σοφίαν
2426 390 2590 461 φησὶν
2617 391 2714 462 τὴν
2743 389 2890 463 παρά
2916 388 3071 454 Θεοῦ,
3107 389 3141 462 ἢ
3171 388 3262 441 καὶ
3288 385 3436 456 αὐτῷ
3465 386 3694 457 ἐστάθη.

2125 478 2432 551 Περιφοράν
2488 479 2544 533 δὲ
2607 480 2700 533 καὶ
2760 479 3090 551 ἀφροσύνην,
3142 478 3268 541 τοὺς
3321 474 3695 547 ἀνθρωπίνως

2127 570 2379 643 μόχθους,
2414 571 2506 625 καί
2529 570 2628 644 τὴν
2653 573 2740 625 ἐπ’
2763 572 2945 630 αὐτοῖς
2969 569 3156 642 τέρψιν
3181 568 3391 623 είκαίαν
3409 566 3507 620 καὶ
3532 566 3696 637 ἀνόη-

2124 678 2232 716 τον.
2258 661 2443 715 Ταῦτα
2469 662 2736 730 διαγνοὺς,
2766 661 2862 715 καὶ
2886 661 2939 714 τί
2965 661 3025 714 τὺ
3059 660 3221 731 μέσον
3251 655 3451 722 αὐτῶν,
3480 655 3577 710 καὶ
3599 656 3698 729 τῆς

2127 750 2358 824 ἀληθοῦς
2384 752 2573 823 σοφίας
2607 752 2948 826 μακαρίζων,
2981 753 3256 824 ἐπήγαγεν
3278 767 3293 780 ·
3328 750 3448 803 Ὅτι
3478 749 3574 814 τίς
3593 748 3694 802 ἇν-

2124 848 2375 912 θρωπος,
2420 844 2489 911 ὃς
2526 845 2836 901 ἐλεύσεται
2877 845 3070 900 ὀπίσω
3096 843 3207 913 τῆς
3235 840 3506 910 ,ϐουλῆς
3544 838 3692 912 Δῦτη

2124 937 2233 1009 γάρ
2259 938 2292 1008 ἡ
2323 936 2484 1009 βουλὴ
2510 939 2657 1010 ἡμᾶς
2689 938 2878 1008 σοφίαν
2908 936 3006 1010 τὴν
3034 936 3202 1000 ὅντως
3242 935 3503 996 διδάσκει,
3533 949 3693 1004 rupt-

2126 1032 2296 1102 φορᾶς
2332 1049 2391 1086 τε
2424 1031 2517 1085 καὶ
2537 1030 2847 1105 ἀφροσύνης
2870 1029 3186 1102 ἀπαλλαγὴν
3213 1028 3516 1101 χαρίζεται.

2194 1210 2341 1280 Στιχ.
2373 1215 2461 1277 ιγ’.
2501 1208 2612 1265 Kal
2636 1207 2799 1262 εἶδον
2835 1205 2971 1278 ἐγὼ,
3001 1205 3088 1259 ὅτι
3108 1206 3424 1274 περισσεία
3450 1203 3587 1257 ἐστὶ
3621 1200 3696 1270 τῇ

2123 1304 2312 1374 σοφίᾳ
2355 1303 2507 1373 ὑπὲρ
2553 1302 2668 1373 τὴν
2701 1303 3076 1372 ἀφροσύνην,
3109 1300 3189 1367 ὡς
3238 1299 3559 1368 περισσεία
3590 1296 3697 1350 τοῦ

2123 1396 2319 1465 φωτὸς
2342 1397 2493 1465 ὑπὲρ
2525 1395 2591 1449 τὸ
2619 1398 2859 1462 σκότος.

2194 1488 2269 1542 Οὐ
2295 1487 2435 1542 κατά
2464 1472 2747 1560 σύγκρισιν
2785 1487 2939 1541 τοῦτό
2977 1502 3161 1558 φησιν.
3208 1483 3536 1556 ’Δσύγκριτα
3588 1479 3699 1550 γὰρ

2122 1577 2193 1632 τά
2237 1578 2453 1633 ἐναντία
2494 1579 2589 1633 καὶ
2613 1577 2816 1649 ἄλληλα
2858 1577 3191 1650 φθείρονταιο
3234 1575 3348 1630 ἀλλ’
3380 1574 3462 1628 ὅτι
3490 1572 3556 1626 τὸ
3596 1572 3699 1644 μὲν

2125 1670 2398 1742 αἱρετικὸν
2427 1669 2588 1740 ἔγνω,
2645 1669 2705 1723 τὸ
2750 1669 2807 1724 δὲ
2856 1666 3107 1739 φευκτόν.
3154 1664 3402 1721 Τοιοῦτον
3448 1665 3548 1720 καὶ
3596 1664 3696 1717 τό·

2052 1736 2095 1791 Β
2136 1736 2478 1834 Ἠγὰπησακ
2509 1765 2563 1817 οι
2601 1736 2897 1831 ἄνθρωποι
2934 1759 3000 1814 τὸ
3032 1760 3250 1825 σκότος
3273 1755 3515 1829 μᾶλλον
3556 1755 3595 1824 ἢ
3627 1755 3697 1808 τὸ

2123 1856 2265 1926 φῶς.
2297 1856 2371 1910 Τὸ
2395 1855 2501 1927 γάρ
2526 1854 2786 1925 μᾶλλον,
2817 1852 2918 1924 τῆς
2948 1851 3210 1924 αἱρέσεως
3242 1848 3335 1903 τοῦ
3374 1847 3697 1918 ἀγαπήσαν-

2121 1967 2230 2015 τος¹
2264 1949 2324 2002 ού
2362 1948 2465 2019 τῆς
2495 1947 2603 2001 τῶν
2634 1946 2973 2020 πραγμάτων
3002 1943 3360 2015 συγκρίσεως.

2192 2149 2342 2218 Στιχ.
2375 2147 2456 2201 ιδ’.
2486 2145 2596 2201 Τοῦ
2618 2144 2817 2216 σοφοῦ
2840 2148 2895 2200 ol
2916 2143 3207 2216 ὀφθαλμοί
3234 2144 3305 2197 ἐν
3333 2139 3569 2211 κεφαλῇ
3594 2142 3697 2196 αὐ-

2122 2241 2250 2305 τοῦ,
2279 2240 2379 2294 καὶ
2409 2242 2441 2295 d
2472 2238 2675 2310 ἄφρων
2704 2239 2775 2292 ἐν
2793 2240 2995 2293 σκότει
3024 2239 3355 2306 πορεύεται.

2192 2332 2358 2387 Κάτω
2385 2331 2553 2387 νεύων
2585 2331 2692 2396 ἀεὶ,
2714 2331 2808 2384 καὶ
2839 2330 3221 2401 ὲσκοτισμένον
3245 2330 3384 2401 έχων
3412 2329 3474 2383 τὸ
3494 2331 3699 2400 ἡγεμο-

2120 2425 2287 2480 νικόν.
2310 2425 2420 2477 Καὶ
2448 2422 2553 2496 μὴν
2573 2424 2773 2488 πάντες
2789 2426 2836 2477 oi
2860 2423 3134 2496 ἄνθρωποι
3152 2425 3210 2477 ὲν
3236 2426 3302 2495 τῇ
3330 2422 3545 2493 κεφαλῇ
3571 2426 3697 2487 τοὺς

2119 2515 2427 2587 ὀφθαλμοὺς
2453 2515 2788 2587 κεκτήμεθα,
2818 2515 2958 2569 κατά
2990 2516 3089 2587 τὴν
3113 2514 3206 2569 τοῦ
3241 2514 3496 2585 σώματος
3526 2515 3691 2569 θέσιν.

2134 2606 2291 2660 Ἀλλὰ
2304 2607 2433 2678 περ)⁸
2451 2605 2560 2659 τῶν
2582 2605 2683 2675 τῆς
2706 2605 2941 2670 διανοίας
2960 2605 3249 2677 ὀφθαλμῶν
3276 2605 3448 2674 λέγει.
3487 2607 3693 2676 Ὠσπερ

2120 2699 2228 2771 γὰρ
2259 2699 2309 2752 οί
2340 2697 2607 2769 ὀφθαλμοὶ
2652 2696 2745 2751 τοῦ
2794 2697 2976 2770 χοίρου
3028 2699 3109 2761 εἰς
3145 2698 3373 2769 οὐρανὸν
3418 2698 3523 2751 οὐκ
3560 2699 3693 2753 ἀναο

2118 2791 2352 2857 νεύουσι,
2406 2790 2495 2844 διὰ
2534 2790 2595 2844 τὸ
2642 2788 2884 2859 φυσικῶς
2936 2789 3245 2844 πεπλάσθαι
3297 2790 3393 2853 ἐπὶ
3452 2790 3696 2862 γαστέρα

2119 2886 2313 2943 νεύεινο
2347 2885 2519 2950 οὕτως
2549 2889 2577 2940 ὁ
2600 2886 2723 2951 νοῦς
2761 2885 2855 2940 τοῦ
2889 2883 3037 2951 ἅπαξ
3074 2884 3535 2954 ἐγγλυκανθέντος
3573 2889 3695 2951 ταῖς

2120 2979 2348 3050 ἡδοναῖς,
2387 2978 2850 3041 δυσαποσπάστως
2880 2977 3088 3032 ἐκεῖθεν
3119 2977 3230 3048 ἔχει
3260 2977 3348 3040 διά
3372 2978 3432 3030 τὸ
3458 2979 3537 3050 μὴ
3563 2978 3694 3032 ἐπι-

446 3078 729 3140 propterea
757 3069 899 3141 quod
923 3086 1032 3125 non
1060 3072 1306 3143 perspicit
1336 3071 1392 3123 in
1419 3071 1597 3124 omnia
1619 3080 1881 3141 praecepta
1905 3066 2018 3123 Do-

2130 3075 2368 3127 Βλεπειν
2394 3073 2497 3127 ἐπὶ
2532 3072 2737 3139 πάσας
2767 3073 2869 3138 τὰς
2899 3072 3143 3137 ἐντολὰς
3173 3070 3280 3124 τοῦ
3308 3071 3548 3138 Κυρίου.
3576 3071 3685 3123 Καὶ

448 3157 578 3211 mini
610 3158 653 3210 ⁷.
702 3155 767 3211 Ει
792 3173 1023 3219 rursus:
1065 3158 1236 3228 Caput
1289 3157 1542 3215 Ecclesia:
1584 3157 1827 3213 Christus
1869 3170 1946 3213 est
1975 3159 2018 3215 ⁸.

449 3249 731 3320 Sapientes
775 3259 923 3315 sunt,
959 3250 1053 3319 qui
1095 3251 1150 3301 in
1190 3250 1278 3304 via
1321 3251 1435 3321 ejus
1472 3247 1810 3312 ambulant’,
1849 3248 2021 3318 siqui-

447 3343 569 3396 dem
619 3341 734 3411 ipse
779 3339 915 3395 dixit
943 3358 956 3394 :
987 3338 1095 3411 Ego
1127 3356 1243 3394 sum
1280 3341 1363 3394 via
1407 3340 1471 3395 ¹⁰.
1504 3339 1728 3410 Oportet
1771 3339 1935 3410 igitur
1963 3349 2023 3396 ut

447 3430 663 3500 sapiens
693 3443 908 3500 semper
956 3431 1145 3485 oculos
1184 3431 1384 3486 ruentis
1426 3430 1480 3485 in
1526 3430 1705 3501 ipsum
1739 3429 2018 3487 Christum

447 3521 709 3589 intendat,
735 3532 796 3577 ut
840 3538 939 3595 pro
985 3523 1133 3579 nulla
1182 3538 1260 3591 re,
1293 3538 1469 3595 neque
1514 3538 1615 3594 pro
1665 3524 2022 3596 prosperitate

446 3612 523 3668 rei
549 3613 859 3678 extollatur,
881 3628 1056 3685 neque
1085 3629 1179 3684 pro
1204 3613 1501 3670 infortunio
1523 3625 1868 3671 contemnat:
1892 3617 2019 3687 quia

436 3704 648 3773 judicia
676 3704 789 3775 ejus
819 3704 994 3776 abyssi
1020 3718 1141 3771 sunt
1165 3708 1230 3771 ",
1261 3706 1405 3776 quod
1432 3707 1683 3763 exactius
1706 3722 1771 3762 ex
1794 3724 2023 3779 sequen-
2046 3724 2049 3729 ·

446 3800 592 3853 tibus
616 3813 931 3870 cognosces.

523 3892 586 3949 ν.
638 3894 724 3965 14.
781 3892 848 3948 Et
904 3894 1023 3950 novi
1065 3904 1221 3966 atque
1257 3910 1372 3966 ego,
1420 3896 1546 3967 quia
1592 3911 1839 3951 occursus
1884 3912 2020 3951 unus

447 3996 681 4040 occurret
720 3987 961 4041 omnibus
988 3988 1137 4057 ipsis.

519 4076 586 4134 Υ.
621 4078 706 4133 15.
756 4077 819 4131 Et
848 4076 963 4132 dixi
990 4096 1082 4149 ego
1111 4080 1161 4134 in
1193 4080 1348 4134 corde
1386 4093 1541 4135 meo:
1580 4077 1731 4135 Sicut
1770 4096 2018 4135 occursus

445 4169 738 4240 insipientis
771 4183 1004 4225 occurret
1040 4171 1169 4225 mihi
1189 4188 1207 4224 :
1257 4184 1306 4227 et
1338 4171 1527 4243 utquid
1553 4174 1869 4243 sapientiam
1903 4189 2020 4244 pro-

443 4262 612 4330 fessus
649 4280 765 4318 sunt
792 4266 921 4335 ego?

517 4351 700 4408 Series
729 4355 992 4409 orationis
1030 4369 1124 4423 per
1151 4370 1215 4408 ea
1246 4369 1367 4425 qua:
1404 4363 1701 4424 sequentur
1728 4364 1885 4410 curat
1915 4370 2017 4425 pu-

2123 3165 2303 3219 πάλιν’
2340 3166 2400 3221 Ἠ
2423 3164 2657 3234 κεφαλὴ
2681 3165 2792 3234 τῆς
2825 3165 3190 3233 Ἔκκλησίας
3210 3168 3244 3218 d
3263 3164 3505 3233 Χριστός
3519 3164 3671 3216 ἐστι.

2120 3258 2280 3326 Σοφοὶ
2306 3256 2362 3310 δὲ
2382 3259 2431 3310 οξ
2462 3260 2527 3329 τῇ
2553 3256 2656 3330 ὀδῷ
2678 3258 2843 3312 αὑτοῦ
2873 3258 3245 3330 πορευόμενοι,
3271 3257 3353 3310 διὰ
3380 3254 3477 3309 τοῦ
3505 3258 3680 3311 εἰπεῖν

2120 3349 2281 3405 αὐτόν
2304 3367 2318 3380 ·
2360 3347 2505 3419 Ἐγώ
2534 3352 2654 3420 ειμι
2679 3352 2718 3420 ἠ
2748 3350 2907 3417 ὁδός.
2941 3352 3031 3402 Δεῖ
3057 3346 3151 3403 οὖν
3182 3350 3409 3403 πάντοτε
3439 3349 3565 3413 τοὺς
3588 3348 3687 3419 τῆς

2119 3443 2359 3507 διανοίας
2387 3442 2698 3514 ὀφθαλμοὺς
2729 3443 2819 3498 τὸν
2864 3442 3025 3512 σοφὸν
3053 3444 3132 3507 είς
3174 3442 3337 3499 αὐτὸν
3372 3441 3571 3495 τείνειν
3600 3440 3691 3494 τὸν

2120 3535 2374 3608 Χριστὸν,
2415 3536 2505 3590 ἶνα
2533 3536 2626 3590 ἐπὶ
2658 3537 2864 3609 μηδενὶ,
2901 3538 3035 3609 μήτε
3078 3536 3173 3589 ἐπὶ
3217 3534 3520 3607 εὐημερίας
3552 3536 3699 3606 πράα

2119 3627 2674 3699 γματοςὲπαίρηται,
2712 3628 2846 3698 μήτε
2891 3627 2983 3680 ἐπὶ
3013 3627 3364 3699 κακοπραγίᾳ
3389 3625 3691 3695 ὀλιγωρεῖν.
3808 3630 3821 3637 ’

2119 3718 2198 3789 τῷ
2224 3718 2296 3774 τὰ
2328 3720 2577 3788 κρίματα
2613 3720 2799 3774 αὑτοῦ
2825 3721 3136 3786 ἀϐύσσους
3159 3716 3337 3782 εἶναι,
3367 3720 3506 3791 ὅπερ
3531 3720 3695 3789 ἀκρι-

2121 3808 2373 3883 ϐέστερον
2393 3809 2578 3883 γνώσῃ
2607 3812 2671 3863 ὲκ
2694 3810 2802 3863 τῶν
2832 3812 3126 3882 ἐσομένων.

2190 3902 2338 3973 Στιχ.
2372 3901 2450 3955 ιδ’.
2486 3901 2595 3957 Καὶ
2619 3901 2810 3972 ἔγνων
2834 3903 2933 3956 καί
2959 3919 3026 3972 τε
3053 3903 3187 3972 ἐγὼ,
3217 3902 3309 3957 ὅτι
3333 3903 3683 3970 συνάντημα

2117 3996 2188 4051 ἓν
2216 3994 2660 4061 συναντήσεται
2688 3992 2877 4049 πᾶσιν
2901 3995 3123 4062 αὐτοῖς.

2190 4085 2335 4157 Στιχ.
2365 4091 2444 4138 ιε’.
2464 4084 2575 4139 Kal
2593 4081 2730 4139 εἶπα
2750 4084 2863 4155 ἐγὼ
2884 4085 2953 4139 ἐν
2979 4085 3191 4154 καρδίᾳ
3204 4102 3344 4156 μου*
3362 4087 3443 4153 ὡς
3462 4088 3690 4141 συνάν-

2119 4196 2274 4250 τημα
2305 4177 2412 4232 τοῦ
2449 4178 2709 4248 ἄφρονος
2735 4178 3185 4246 συναντήσεταί
3204 4196 3307 4249 μοι
3324 4218 3340 4243 ,
3378 4180 3475 4232 καὶ
3504 4180 3606 4233 ἵνα
3632 4179 3695 4233 τι

2118 4268 2508 4341 ἐσοφισάμην
2539 4269 2678 4341 e711);

2191 4362 2265 4434 (9)
2301 4362 2363 4415 'H
2384 4361 2671 4416 ἀκολουθία
2695 4360 2790 4415 τοῦ
2813 4360 2968 4432 λόγου
2987 4361 3073 4417 διὰ
3088 4362 3196 4417 τῶν
3226 4361 3496 4433 ἐσομένων
3524 4360 3698 4433 θερα-

446 4446 747 4503 sillanimes
781 4463 906 4519 erga
942 4449 1083 4502 hanc
1115 4445 1279 4501 vitam
1329 4445 1569 4516 allectos,
1615 4446 1708 4518 qui
1744 4449 1899 4503 triste
1924 4465 2018 4503 ne-

2130 4424 2276 4510 πεύει
2315 4456 2438 4519 τοὺς
2491 4454 2859 4527 μικροψύχους
2884 4424 3278 4526 ’διακειμένους
3320 4424 3451 4525 περὶ
3481 4424 3695 4522 ταύτην

445 4538 563 4592 scio
593 4537 720 4608 quid
749 4547 977 4591 mortem
1008 4545 1278 4609 reputant,
1308 4547 1361 4591 et
1407 4552 1696 4608 corporeae
1743 4537 2017 4593 vicissitu-

446 4631 622 4695 dines,
649 4645 711 4687 ac
733 4639 1018 4703 propterea
1045 4631 1255 4686 lucrum
1287 4630 1494 4685 nullum
1519 4646 1641 4687 esse
1670 4631 1876 4688 ducunt
1900 4633 2018 4687 vitae

447 4726 720 4791 virtuosaa,
760 4725 889 4796 quia
932 4724 1066 4778 nihil
1114 4723 1371 4779 diﬂ‘erunt
1411 4724 1466 4778 in
1515 4724 1885 4782 accidentibus
1930 4726 2017 4781 his

449 4816 571 4891 qua:
598 4834 752 4892 aeque
780 4805 1103 4891 contingunt
1145 4819 1373 4888 sapienti
1417 4828 1473 4874 et
1503 4818 1799 4889 insipienti.
1828 4817 2017 4874 Haliu-

445 4913 738 4970 cinatiouis
768 4912 933 4985 igitur
959 4910 1119 4967 verba
1156 4910 1308 4972 dicit,
1335 4927 1458 4983 qua:
1486 4913 1765 4984 propendit
1793 4913 1846 4968 in
1886 4913 2018 4973 insi-

447 5008 729 5078 pientiam,
764 5022 934 5078 quare
958 5005 1121 5061 etiam
1158 5004 1430 5062 subinfert
1457 5024 1469 5061 :
1501 5008 1628 5077 quia
1669 5008 1921 5077 insipiens
1952 5024 2017 5063 ea:

449 5097 743 5152 abundanti
791 5098 1024 5169 loquitur
1068 5099 1109 5129 "
1146 5111 1165 5150 :
1211 5097 1553 5167 insipientem
1599 5114 1679 5165 se,
1726 5100 1808 5155 vel
1851 5100 2011 5155 etiam

448 5208 666 5248 omnem
691 5192 764 5247 ita
791 5202 1126 5263 reputantem
1156 5206 1380 5263 vocans.
1409 5191 1687 5248 Damnans
1718 5192 1881 5263 igitur
1902 5202 2016 5248 tur-

449 5300 570 5354 pem
617 5286 756 5340 hanc
787 5285 1204 5356 cogitationem,
1250 5299 1316 5342 ac
1350 5282 1575 5356 proinde
1614 5283 1668 5338 in
1704 5285 1866 5354 corde
1905 5282 2015 5338 lur-

448 5377 683 5443 midans,
721 5378 866 5432 illam
894 5377 1058 5444 dixit;
1109 5375 1314 5433 veritus
1352 5376 1575 5432 omnino
1610 5376 1875 5442 omnium,
1917 5376 2011 5446 qui

534 5515 555 5546 ⁸
586 5512 742 5568 Joan.
800 5531 879 5576 ιιι.
941 5515 1028 5569 19.
1102 5512 1296 5569 'Pssl.
1346 5527 1531 5579 cxvm,
1571 5510 1625 5566 6.

450 5601 613 5648 xxxv,
647 5585 695 5639 7.
780 5588 817 5616 η
892 5584 1071 5640 Eccie.
1116 5600 1177 5651 ll,
1222 5585 1307 5641 l5.

526 5778 597 5847 (9)
641 5772 877 5844 Dienysii
909 5780 963 5828 ει
988 5764 1115 5824 Nili.
1194 5750 1215 5761 ‘

2120 4550 2219 4621 τὴν
2250 4548 2414 4620 ζωὴν,
2444 4540 2524 4612 οἷς
2555 4547 2789 4619 χαλεπόν
2820 4565 2870 4601 τι
2905 4548 2966 4601 τὸ
3002 4547 3097 4601 τοῦ
3127 4548 3355 4602 θανάτου
3384 4546 3694 4619 νομίζεται,

2120 4641 2216 4695 κα)⁸
2248 4642 2301 4694 αἱ
2335 4639 2639 4712 σωματικαὶ
2682 4638 3005 4710 ἀνωμαλίαι.
3050 4641 3145 4695 καὶ
3175 4639 3263 4694 eia
3305 4638 3462 4693 τοῦτο
3500 4638 3697 4710 κέρδος

2120 4732 2269 4787 οὐδὲν
2307 4733 2545 4787 τίθενται
2586 4731 2682 4786 τοῦ
2724 4735 2844 4787 κατ’
2880 4732 3079 4805 ἀρετὴν
3132 4732 3269 4803 βίου,
3296 4732 3383 4785 διὰ
3419 4730 3481 4785 τὸ
3522 4730 3697 4801 μηδὲν

2119 4824 2394 4897 διαφέρειν
2424 4827 2482 4880 ὲν
2517 4827 2628 4889 τοῖς
2667 4824 3032 4896 συμπτώμασι
3065 4824 3272 4890 τούτοις
3307 4824 3397 4877 ἐπὶ
3430 4822 3595 4892 σοφοῦ
3628 4839 3693 4877 τε

2122 4916 2217 4972 καὶ
2256 4917 2504 4991 ἄφρονος.
2540 4918 2651 4989 Τῆς
2696 4920 2998 4991 περιφορᾶς
3033 4913 3131 4972 οὖν
3160 4918 3376 4989 ῥήματα
3402 4915 3553 4985 λέγει
3594 4918 3696 4987 ρε-

2119 5007 2300 5080 ψάσης
2348 5008 2441 5063 ὲπὶ
2479 5008 2575 5080 τὴν
2616 5009 2945 5081 ἀφροσύνην,
2977 5007 3100 5063 ὅθεν
3140 5009 3234 5063 καὶ
3265 5008 3551 5080 ἐπιφέρει·
3595 5007 3696 5060 ὅτι

2120 5100 2324 5169 ἄφρων
2353 5101 2421 5154 ἐκ
2446 5103 2919 5171 περισσεύματος
2936 5101 3132 5156 ulcus?-
3166 5101 3374 5173 ἄφρονα
3402 5100 3615 5161 ἑαυτὸν,
3656 5101 3693 5172 ἢ

2120 5194 2213 5246 καὶ
2251 5194 2425 5246 πάντα
2454 5195 2545 5248 τὸν
2577 5193 2719 5248 οὕτω
2762 5194 3104 5266 λογιζόμενον
3142 5193 3330 5248 εἰπών.
3361 5192 3695 5262 Καταγινώ-

2121 5302 2266 5338 σκων
2296 5279 2389 5338 οὖν
2417 5286 2513 5355 τῆς
2536 5286 2736 5339 ἀτόπου
2759 5287 2965 5351 ἑννοίας
2992 5285 3193 5358 ταύτης
3210 5304 3224 5316 ·
3249 5285 3330 5338 διὸ
3353 5286 3446 5338 irai.
3473 5287 3532 5337 ὲν
3556 5301 3696 5355 καρ-

2118 5374 2219 5447 δίᾳ
2251 5375 2707 5448 ὑποστελλόμενος
2744 5371 2895 5430 εἶπεν
2933 5377 3121 5448 αὐτήν·
3166 5373 3416 5440 δεδοικὼς
3472 5374 3695 5438 πάντως

1728 5510 1751 5543 ³
1779 5511 1977 5581 Ephes.
2013 5527 2065 5579 v,
2103 5510 2193 5566 23.
2288 5509 2475 5566 ’Psal.
2516 5525 2702 5576 cxvnt,
2758 5513 2807 5569 l.
2888 5512 2931 5543 “
2958 5510 3113 5567 Joau.
3162 5528 3273 5578 xiv,
3333 5509 3388 5569 6.
3466 5512 3509 5544 “
3537 5509 3685 5567 Pent
