3996 6208
375 297 515 354 1585

1347 299 1886 360 COMMENTARIUS
1923 301 1988 355 ΙΝ
2030 300 2558 361 ECCLESIASTEM.

3479 299 3615 352 1536

370 417 470 491 τὴν
491 420 555 470 ὲκ
581 418 687 472 τῶν
708 417 995 473 ἀκούεσθαι
1019 421 1316 490 μελλόντων
1340 423 1548 476 δικαίαν
1574 424 1934 493 κατάγνωσιν.

2058 423 2275 479 ιυὰἰιιιτί
2301 433 2502 488 essent,
2528 423 2736 492 justam
2777 419 3298 485 condemnationem,
3331 436 3424 489 per
3467 437 3618 472 men—

371 508 467 562 ἐπι
491 508 733 578 λογισμῷ
761 507 874 561 λύει
905 511 1001 581 τῆς
1031 511 1262 584 ἀπορίας
1289 513 1386 585 τὴν
1407 514 1676 569 ἔνστασιν.
1709 515 1782 568 Τὸ
1809 515 1938 583 γὰρ,

377 602 498 657 Ἵνα
526 603 584 655 τί
605 603 1005 674 ἐσοφισάμην,
1041 607 1382 673 ἐνδυάζοντος
1408 605 1498 680 ἦν,
1547 611 1639 663 καὶ
1669 611 1912 680 ἀμφιϐάλ

373 691 575 755 λοντος,
621 693 654 764 ἢ
689 694 867 760 καλῶς
909 700 973 768 τῇ
1012 699 1171 770 σοφίᾳ
1208 700 1239 771 ἢ
1297 701 1472 771 μάτην
1519 703 1940 772 προσανάλωμα,

374 781 473 854 ἦγε
500 781 593 836 τοῦ
629 785 860 856 ἄφρονος
886 789 1036 842 οὐδὲν
1065 791 1308 862 διαφέρει
1343 793 1807 864 πλεονεκτήματα,
1833 798 1943 858 τοῖς

375 872 555 935 αὐτοῖς
584 875 642 926 ἐν
663 874 738 946 τῷ
769 875 863 928 νῦν
893 878 1049 933 αἰῶνι
1070 882 1270 951 ὁμοίως
1296 881 1444 952 αὐτῷ
1471 882 1696 937 πάθεσιν
1727 886 1944 938 ὑποκεί-

377 979 555 1034 μενος.
590 964 689 1018 Διὰ
719 966 774 1019 δὲ
809 967 984 1032 τοῦτο,
1017 972 1336 1038 Περισσὸν,
1374 975 1556 1045 φησὶν,
1579 975 1852 1042 Memnon
1876 976 1944 1029 ὲν

375 1054 587 1124 καρδίᾳ
633 1076 774 1128 μου,
824 1061 986 1131 μηδὲν
1017 1062 1244 1133 νομίσας
1281 1060 1417 1119 εἶναι
1465 1066 1624 1136 μέσον
1656 1067 1818 1137 σοφοῦ
1851 1069 1944 1121 καὶ

377 1147 450 1217 ἀφ
460 1165 628 1220 ρονος.

450 1327 603 1395 Στιχ.
657 1334 750 1392 ις’.
798 1327 1033 1397 Ἐπειδὴ
1071 1333 1179 1384 οὐκ
1222 1333 1351 1386 ἔστι
1401 1338 1572 1404 μνεία
1617 1338 1718 1391 τοῦ
1751 1340 1946 1410 σοφοῦ

374 1417 524 1486 μετὰ
548 1416 648 1471 τοῦ
678 1417 936 1486 ἄφρονος
957 1423 1044 1487 εἰς
1078 1423 1183 1474 τὸν
1209 1423 1414 1477 αἰῶνα.

452 1508 724 1579 Παροδικὰ
759 1509 857 1580 μὲν
886 1512 992 1583 γὰρ
1025 1513 1090 1567 τὰ
1123 1514 1214 1566 τοῦ
1251 1514 1362 1584 βίου
1400 1519 1801 1591 συμπτώματα.
1839 1523 1947 1574 εἴτε

381 1599 679 1671 καθέστηκε
711 1600 946 1674 λυτπλρέι,
983 1607 1110 1676 περὶ
1143 1599 1216 1660 ὧν
1247 1625 1440 1680 φησιν·
1478 1614 1692 1666 Καθότι
1736 1613 1851 1682 ἤδη
1881 1616 1948 1669 τὰ

384 1688 579 1744 πάντα
617 1691 954 1763 ἐπεκλύσθη·
999 1698 1182 1770 ἐπειδὴ
1215 1700 1401 1772 χρόνου
1440 1704 1635 1776 μικροῦ
1671 1707 1948 1778 παραδρα-

2042 513 2157 570 tem'
2195 517 2354 571 solvit
2389 515 2716 571 difﬁcultatis
2759 511 3101 567 instantiam.
3139 513 3272 566 Illud
3303 512 3489 566 enim:
3529 510 3618 565 Ut-

2041 607 2166 678 quid
2214 607 2530 676 sapientiam
2580 607 2848 676 professus
2894 604 3050 656 sum?
3100 604 3353 659 haerentis
3398 612 3514 658 erat
3555 617 3619 657 ac

2043 697 2361 764 dubitantis,
2391 707 2608 752 rectene
2646 697 2728 751 vel
2781 696 2986 750 frustra
3029 694 3158 762 quid
3199 695 3477 764 sapientiae
3514 696 3618 748 im-

2043 792 2310 862 penderit,
2341 791 2426 846 vel
2469 806 2538 846 an
2589 791 2658 846 ab
2704 790 2994 860 insipiente
3037 802 3136 842 sua
3184 787 3318 841 nihil
3366 789 3616 844 dill‘erant

2044 883 2428 948 emolumenta,
2464 885 2662 953 quippe
2690 884 2783 951 qui
2828 871 3023 938 iisdem
3067 888 3229 949 atque
3279 880 3365 933 ille
3413 881 3466 934 in
3515 881 3618 934 hac

2046 975 2151 1028 vita
2183 975 2530 1044 passionibus
2574 975 2824 1029 similiter
2851 973 3126 1029 obnoxius
3147 983 3308 1028 esset.
3327 969 3613 1041 Propterea

2047 1081 2193 1131 vero,
2228 1067 2534 1131 Abundans,
2556 1068 2750 1137 inquit,
2788 1066 2992 1120 locutus
3031 1080 3150 1120 sum
3190 1063 3242 1116 in
3290 1064 3441 1116 corde
3482 1081 3613 1125 mea,

2047 1158 2178 1212 nihil
2221 1173 2341 1212 esse
2380 1159 2616 1212 medium
2660 1167 2810 1212 ratus
2852 1159 2991 1212 inter
3035 1155 3335 1225 sapientem
3388 1163 3442 1208 et
3482 1154 3616 1206 insi-

2045 1250 2298 1319 pientem.

2120 1341 2180 1395 V.
2220 1343 2306 1396 16.
2350 1343 2488 1407 Quia
2523 1359 2624 1396 non
2655 1353 2730 1394 est
2758 1341 3011 1394 memoria
3044 1339 3300 1410 sapientis
3341 1356 3456 1392 cum
3489 1339 3617 1393 insi-

2046 1435 2214 1502 piente
2244 1436 2297 1486 in
2325 1432 2602 1488 steculum.

2120 1525 2456 1580 Transitoria
2488 1525 2631 1579 enim
2667 1534 2792 1578 sunt
2823 1525 2944 1576 vitae
2973 1522 3301 1588 accidentia;
3333 1522 3377 1576 si
3416 1521 3496 1574 vel
3526 1521 3621 1573 tri-

2049 1615 2153 1670 stia
2184 1614 2404 1678 fuerint,
2437 1615 2501 1668 de
2543 1614 2738 1683 quibus
2786 1615 2902 1666 ait:
2940 1611 3090 1666 Sicut
3115 1613 3230 1682 jam
3278 1613 3452 1665 omnia
3487 1611 3619 1664 obli-

2053 1709 2192 1760 vioni
2229 1707 2430 1759 tradita
2465 1718 2583 1760 sunt
2612 1707 2685 1770 ¹³;
2733 1708 2859 1776 quia
2905 1722 3069 1774 parvo
3119 1717 3358 1774 tempore
3402 1713 3613 1773 praeter-

386 1783 594 1852 μὸντος,
631 1783 770 1859 λήθῃ
811 1788 878 1840 τὰ
920 1790 1282 1859 συμϐαίνοντα
1325 1793 1551 1864 βιωτικὰ
1587 1801 1697 1862 τοῖς
1742 1799 1950 1870 ἀνθρώ-

2058 1816 2262 1868 gresso,
2304 1799 2575 1853 oblivione
2609 1800 2909 1854 accidentia
2955 1801 3079 1853 vitae
3120 1799 3370 1852 humanae
3411 1796 3616 1852 exstin-

383 1892 504 1939 ποις
535 1878 835 1933 σϐέννυται.
872 1881 979 1934 Καὶ
1011 1882 1242 1936 αὐτοὶοδὲ
1271 1882 1351 1950 οἷς
1387 1887 1558 1940 ταῦτα
1586 1891 1947 1961 συμϐέϐηκεν,

381 1964 478 2036 οὐχ
506 1966 702 2036 ὁμοίως
745 1968 1188 2038 μνημονεύονται,
1226 1973 1273 2024 εἰ
1304 1973 1397 2025 καὶ
1422 1976 1795 2046 συμπτώμασι
1825 1979 1952 2048 βιω-

380 2062 550 2122 τικοῖς
579 2060 968 2132 παραπλησίως
991 2063 1323 2134 ὑπήντησαν.
1347 2067 1480 2119 Οὐδὲ
1500 2067 1606 2140 γὰρ
1625 2070 1732 2123 ἀπὸ
1750 2071 1951 2124 τούτων

384 2151 829 2222 μνημονεύονται,
861 2154 974 2206 ἀλλ’
997 2154 1184 2227 ῶσπερ
1212 2156 1276 2210 ἂν
1309 2159 1501 2227 σοφίας
1528 2161 1682 2232 ἔσχον
1715 2163 1747 2234 ἢ
1779 2164 1950 2235 ἀφρο-

383 2242 569 2312 σύνης,
603 2245 804 2316 ἀρετῆς
829 2247 860 2316 ἦ
889 2248 1102 2312 κακίας.
1141 2248 1358 2305 Τούτων
1388 2251 1496 2324 γὰρ
1517 2256 1571 2307 αἱ
1599 2255 1809 2326 μνῆμαι
1842 2258 1953 2320 τοῖς

381 2333 702 2406 ἀνθρώποις,
737 2336 825 2390 διὰ
855 2339 953 2402 τὰς
983 2341 1067 2396 ἐπ’
1106 2340 1290 2405 αὐτοῖς
1319 2343 1572 2414 ἀμοιϐὰς,
1597 2346 1656 2398 ού
1700 2346 1954 2402 σϐέννυν-

379 2442 488 2480 ται.
530 2428 626 2482 Διὰ
666 2430 818 2484 τοῦτο
847 2431 1156 2497 ἀκολούθως
1182 2435 1450 2506 ἐπήγαγε·
1500 2440 1608 2492 Καὶ
1647 2439 1773 2508 πῶς
1802 2443 1953 2496 ἀπο-

382 2519 640 2575 θανεῖται
667 2524 699 2575 ό
721 2522 910 2592 σοφὸς
929 2526 1078 2593 μετὰ
1110 2526 1215 2580 τοῦ
1242 2526 1538 2595 ἄρρονοιη
1565 2530 1828 2598 Θάνατος
1857 2534 1954 2604 μὲν

382 2614 491 2686 γὰρ
522 2615 884 2684 ἁμαρτωλῶν
909 2623 1197 2688 πονηρός·
1238 2620 1441 2690 μνήμη
1471 2623 1526 2676 δὲ
1567 2624 1800 2680 δικαίου
1825 2629 1952 2696 μετ’

383 2701 684 2773 ἐγκωμίων
720 2707 960 2774 τίνεται’
997 2709 1184 2780 ὄνομα
1209 2708 1277 2763 δὲ
1303 2711 1561 2780 ἀσεϐοῦς
1589 2717 1924 2772 σϐέννυται.

431 2900 604 3042 όΣτιχ.
658 2900 760 2971 κβ’.
807 2904 932 2957 ’Ὁτι
969 2907 1190 2974 γίνεται
1231 2909 1311 2976 τῷ
1353 2911 1641 2979 ἀνθρώπῳ
1668 2912 1738 2966 ἐν
1777 2915 1952 2968 παντὶ

471 2994 604 3042 γθω.

382 2994 604 3058 μόχθῳ.

461 3081 548 3152 Τῷ
580 3082 690 3136 ὄντι
721 3084 826 3157 γὰρ
849 3089 957 3152 τοῖς
985 3090 1065 3153 εἰς
1087 3089 1178 3143 τὸν
1195 3092 1574 3163 περισπασμὸν
1597 3091 1688 3146 τοῦ
1719 3093 1832 3163 βίου
1861 3096 1956 3166 τὴν

387 3169 562 3242 ψυχὴν
587 3153 921 3245 ἀσχολούσιν,
946 3181 1189 3252 ὲπαλγὴς
1218 3153 1316 3253 μέν
1341 3183 1373 3255 ἠ
1401 3153 1536 3255 {toi-1,
1562 3179 1673 3238 οἷόν
1696 3153 1804 3238 τισι
1835 3153 1955 3238 κέύ-
1985 3153 2026 3212 C

387 3280 556 3335 τροις,
585 3271 702 3332 ταῖς
717 3269 822 3322 τῶν
847 3271 1101 3326 πλειόνων
1126 3274 1462 3346 ἐπιθυμίαις,
1485 3277 1582 3348 τὴν
1610 3278 1833 3350 καρδίαν
1856 3297 1955 3349 μα-

391 3354 667 3420 στίζουσα.
727 3359 1024 3424 Ἐπώδυνος
1086 3363 1143 3416 δὲ
1215 3366 1248 3434 ἡ
1303 3366 1432 3436 περὶ
1495 3369 1594 3438 τὴν
1651 3368 1958 3433 πλεονεξίαν

392 3447 614 3519 σπουδή·
656 3449 716 3501 ού
750 3450 998 3503 τοσοῦτον
1022 3447 1102 3516 οἷς
1139 3454 1249 3523 ἔχει
1276 3457 1693 3528 εὐφραινομένη,
1723 3461 1844 3512 ὅσον
1869 3460 1959 3512 ἁλ-

389 3539 660 3611 γυνομὲνη
694 3543 805 3606 τοῖς
837 3541 1100 3596 λείπουσιο
1139 3544 1230 3596 καὶ
1262 3544 1362 3614 τῆς
1409 3546 1506 3614 μὲν
1541 3547 1751 3618 ἡμέρας
1785 3547 1958 3599 δαπα-

391 3631 639 3702 νωμένης
678 3632 736 3684 ὲν
781 3633 1018 3704 μόχθοις,
1053 3634 1152 3705 τῆς
1199 3635 1255 3688 δὲ
1296 3637 1487 3701 νυκτὸς
1529 3636 1959 3708 ἀποπεμπούσης

392 3721 500 3776 τῶν
541 3722 802 3792 ὀμμάτων
832 3723 921 3776 τὸν
952 3723 1116 3777 ὕπνον
1146 3727 1266 3788 ταῖς
1299 3724 1391 3778 τοῦ
1423 3726 1647 3794 κέρδους
1689 3726 1953 3797 φροντίσι.

396 3811 616 3865 Ματαία
638 3808 731 3866 οὖν
765 3815 798 3884 ἡ
829 3815 1026 3885 σπουδὴ
1051 3814 1142 3867 τοῦ
1172 3814 1307 3884 πρὸς
1334 3813 1507 3868 ταῦτα
1535 3813 1838 3884 βλέποντος.

468 3901 613 3972 Στιχ.
657 3901 753 3955 κδ’.
789 3904 896 3956 Καὶ
939 3906 1048 3957 οὐκ
1076 3903 1246 3957 ἔστιν
1274 3905 1500 3974 ἀγαθὸν
1544 3903 1874 3973 ἀνθρώπου,
1910 3905 1960 3956 ει

391 3991 479 4063 μὴ
529 3992 560 4047 ὃ
602 3994 846 4064 φάγεται
893 3996 990 4049 καὶ
1044 3996 1252 4051 πίεται·
1299 3995 1397 4050 καί
1446 3995 1627 4061 δείξει
1672 3994 1744 4066 τῇ
1789 3993 1959 4066 ψυχῇ

397 4085 582 4140 αὑτοῦ
608 4086 833 4154 ἀγαθὸν
863 4088 934 4140 ἐν
950 4088 1154 4156 μόχθῳ
1197 4086 1404 4142 αὐτοῦ.
1433 4087 1547 4141 Καί
1577 4104 1642 4156 τε
1679 4087 1852 4142 τοῦτο
1882 4083 1961 4140 εἴ-

397 4174 506 4230 δον
531 4175 664 4245 ἐγὼ,
694 4175 782 4229 ὅτι
813 4176 928 4230 ἀπὸ
962 4176 1160 4246 χειρὸς
1186 4177 1331 4232 Θεοῦ
1359 4177 1548 4232 ἐστιν.

471 4267 616 4337 Στιχ.
641 4274 737 4320 κε’.
781 4268 930 4332 Ὅτι,
959 4269 1050 4334 τίς
1079 4267 1323 4338 φάγεται
1349 4270 1446 4323 καὶ
1481 4270 1673 4323 πίεται
1704 4269 1840 4337 παρ’
1863 4270 1962 4321 αὐ-

361 4402 365 4406 ,
399 4368 540 4422 του;

471 4453 593 4506 Ὅτι
618 4508 622 4512 _
649 4452 722 4524 μὴ
763 4433 889 4524 περὶ
919 4451 1189 4522 αἰσθητῶν
1239 4450 1541 4522 βρωμάτων
1586 4451 1615 4502 ὁ
1657 4449 1810 4518 λόγος
1845 4448 1959 4512 νῦν,

2050 1900 2310 1960 guuntur.
2344 1890 2484 1956 Quin
2521 1900 2574 1944 et
2609 1892 2709 1960 ipsi
2757 1892 2957 1961 quibus
2995 1891 3110 1945 inec
3141 1891 3435 1959 contigere,
3476 1888 3618 1944 haud

2050 1981 2298 2034 similiter
2339 1981 2726 2042 recordamur.
2786 1981 3001 2034 tametsi
3053 1995 3158 2033 non
3213 1979 3442 2035 diversis
3500 1979 3622 2032 vita:

2051 2071 2333 2126 eventibus
2362 2073 2579 2126 obnoxii
2614 2071 2833 2126 fuerint.
2867 2070 2983 2125 Non
3019 2071 3162 2124 enim
3207 2070 3274 2126 de
3309 2070 3394 2126 his
3442 2085 3624 2125 recor-

2050 2161 2282 2222 dantur,
2333 2159 2436 2213 nisi
2485 2170 2645 2228 prout
2695 2160 2855 2215 habet
2899 2160 3134 2230 quisque
3174 2160 3492 2230 sapientiam
3540 2161 3622 2213 vel

2053 2251 2461 2320 insipientiam,
2512 2251 2764 2306 virtutem
2817 2253 2899 2306 vel
2956 2252 3168 2306 vitium.
3221 2239 3426 2306 Illorum
3477 2253 3620 2308 enim

2053 2344 2328 2398 memoriae
2357 2343 2498 2413 apud
2535 2343 2805 2407 homines,
2855 2355 3076 2415 propter
3119 2343 3524 2400 vicissitudines
3567 2345 3620 2398 in

2053 2435 2161 2490 illis
2209 2435 2619 2507 contingentes,
2681 2451 2788 2490 non
2840 2435 3279 2506 exstinguunlur.
3331 2433 3620 2506 Propterea

2053 2538 2448 2598 consequenter
2486 2527 2772 2597 adjunxit:
2819 2527 2888 2581 Et
2935 2528 3193 2599 quomodo
3241 2529 3490 2582 morietur
3533 2543 3624 2582 sa-

2051 2619 2196 2686 piens
2227 2633 2343 2670 cum
2375 2617 2650 2685 insipiente
2683 2617 2769 2670 “.9
2795 2617 2937 2670 Mors
2968 2619 3185 2688 quidem
3211 2619 3354 2672 enim
3386 2628 3622 2688 peccato-

2056 2727 2170 2763 rum
2202 2710 2343 2762 mala
2372 2711 2414 2741 ¹⁵
2440 2727 2457 2764 .·
2489 2711 2740 2764 memoria
2775 2727 2901 2764 vero
2935 2709 3073 2780 justi
3108 2727 3225 2763 cum
3262 2710 3508 2765 laudibus
3538 2711 3621 2781 ﬁt,

2055 2820 2236 2856 nomen
2273 2819 2388 2856 vero
2424 2803 2571 2868 impii
2598 2803 2948 2872 exstinguitur
2972 2800 3106 2854 ¹⁸·¹⁷.

2131 2911 2191 2965 γ.
2225 2911 2312 2964 92.
2357 2910 2498 2977 Quia
2526 2914 2586 2982 ﬁt
2619 2913 2820 2966 homini
2848 2916 2901 2968 in
2937 2915 3078 2968 omni
3114 2916 3374 2970 molestia.

2132 3083 2334 3139 Revera
2363 3099 2462 3154 pro
2491 3084 2558 3140 iis
2587 3086 2679 3156 qui
2710 3087 3047 3142 distractioni
3090 3089 3212 3143 vita
3253 3087 3488 3143 animam
3528 3102 3622 3140 oc-

2059 3187 2285 3250 cupant,
2313 3179 2568 3233 dolorosa
2598 3189 2680 3234 est
2715 3181 2845 3243 vita,
2877 3181 3032 3250 quasi
3070 3181 3396 3250 quibusdam
3436 3180 3624 3234 stimu-

2061 3269 2162 3334 lis,
2213 3271 2495 3327 desideriis
2543 3287 2723 3328 rerum
2765 3273 3126 3342 ampliorum,
3189 3289 3282 3328 cor
3329 3272 3622 3343 ﬂagellans.

2061 3359 2256 3419 Tristis
2286 3373 2371 3420 est
2403 3365 2712 3421 sollicitudo
2749 3367 2894 3421 circa
2923 3368 3207 3420 avaritiam
3237 3385 3249 3419 :
3281 3381 3390 3420 non
3417 3374 3624 3418 tantum

2060 3470 2159 3526 pro
2198 3455 2264 3509 iis
2311 3471 2433 3524 quas
2477 3455 2637 3510 habet
2672 3457 2827 3519 laeta,
2880 3469 3143 3528 quantum
3187 3457 3378 3512 dolens
3426 3472 3522 3526 pro
3565 3456 3625 3508 iis

2059 3561 2181 3613 qua:
2221 3545 2322 3599 sibi
2364 3547 2589 3610 desunt;
2635 3548 2722 3601 die
2752 3551 2804 3602 in
2850 3549 3128 3603 laboribus
3167 3549 3432 3617 impenso,
3473 3557 3627 3602 nocte

2061 3631 2282 3702 fugante
2313 3650 2566 3689 somnum
2595 3637 2663 3690 ab
2701 3637 2874 3691 oculis
2915 3638 3049 3691 lucri
3090 3635 3256 3691 curis.
3295 3635 3506 3690 Vanum
3545 3645 3629 3692 est

2061 3723 2225 3793 igitur
2254 3725 2491 3780 studium
2522 3726 2758 3781 hominis
2788 3727 2854 3781 ad
2888 3728 3000 3782 haec
3026 3726 3382 3796 respicientis.

2133 3899 2197 3955 V.
2238 3899 2329 3956 24.
2371 3900 2441 3955 Et
2482 3919 2582 3956 non
2617 3912 2693 3956 est
2735 3903 2927 3956 bonum
2956 3901 3205 3964 hominis,
3241 3900 3342 3952 nisi
3385 3898 3442 3950 id
3489 3897 3628 3967 quod

2065 3997 2290 4050 comedet
2341 4005 2388 4048 et
2431 3994 2586 4060 bibet,
2617 4008 2665 4049 et
2702 3993 2935 4048 ostendet
2981 3995 3170 4046 anima‘
3215 4007 3324 4045 sua:
3359 3990 3547 4043 bonum
3573 3989 3627 4042 in

2063 4087 2239 4141 labore
2287 4086 2473 4156 ipsius.
2523 4087 2684 4156 Atqui
2740 4087 2832 4139 hoc
2887 4086 2992 4140 vidi
3036 4101 3164 4155 ego,
3215 4084 3336 4152 quia
3384 4099 3414 4135 α
3470 4096 3629 4134 manu

2065 4167 2160 4232 Dei
2197 4189 2293 4237 est.

2138 4269 2199 4322 V.
2242 4270 2329 4325 25.
2379 4271 2536 4338 Quia,
2570 4271 2686 4341 quis
2720 4270 2948 4323 comedet
2979 4279 3027 4321 et
3063 4268 3194 4322 bibet
3231 4270 3294 4320 ab
3330 4269 3486 4337 ipso?

2136 4451 2255 4516 Quo
2288 4457 2464 4520 pateat
2501 4449 2567 4504 de
2617 4447 2964 4504 scnsibilibus
3005 4445 3145 4501 escis
3186 4460 3330 4499 nunc
3365 4460 3470 4498 non
3508 4458 3628 4500 esse

395 4543 560 4608 αὐτὸς
590 4546 826 4598 ἐποίσειο
873 4545 1111 4615 Ἀγαθὸν
1140 4540 1502 4610 πορευθῆναι
1522 4541 1608 4606 είς
1634 4539 1802 4592 οἷκον
1829 4537 1954 4590 πέν-

2067 4558 2393 4606 sermonem,
2412 4541 2637 4612 ipsemet
2656 4541 2846 4596 inferet
2869 4562 2880 4596 :
2904 4540 3104 4594 Bonum
3123 4541 3199 4592 ire
3229 4538 3298 4592 ad
3319 4538 3528 4591 domum
3547 4536 3630 4590 lu-

399 4639 562 4702 θους,
590 4636 626 4703 ἢ
650 4638 735 4702 είς
757 4632 923 4688 οἷκον
945 4637 1150 4696 πότου,
1177 4634 1268 4687 καὶ
1290 4633 1356 4685 τὰ
1379 4631 1553 4684 τοῖσδε
1577 4629 1670 4684 νῦν
1694 4629 1958 4699 ἐπήγαγε·

399 4726 508 4780 Καὶ
527 4725 706 4790 δείξει
724 4725 794 4794 τῇ
816 4725 984 4796 ψυχῇ
1004 4723 1188 4779 αὐτοῦ
1209 4723 1435 4793 ἀγαθὸν
1455 4723 1522 4775 ἐν
1530 4724 1732 4792 μόχθῳ
1752 4719 1958 4789 αὐτῆς.

400 4817 510 4871 Καί
533 4835 614 4872 τοι
636 4818 732 4870 οὐκ
758 4815 958 4885 ἀγαθὸν
985 4819 1048 4886 τῇ
1075 4815 1219 4886 ψυχῇ
1241 4813 1494 4885 αἰσθητὸν
1520 4812 1762 4884 βρῶμαῆ
1789 4812 1961 4882 πόμα.

416 4909 480 4961 Ἦ
507 4909 613 4978 γὰρ
645 4908 779 4979 σὰρξ
810 4907 1278 4980 προστρεφομὲνη,
1318 4905 1544 4976 πολεμεῖ
1587 4906 1651 4975 τῇ
1682 4903 1828 4975 ψυχῇ
1871 4904 1965 4956 καὶ

405 5000 751 5064 συστασιάζει
775 4999 914 5053 κατὰ
938 4999 1029 5052 τοῦ
1057 4999 1380 5069 πνεύματος.
1398 4996 1520 5060 Πῶς
1544 4995 1599 5049 δὲ
1630 4995 1721 5048 καὶ
1748 4995 1808 5048 οὺ
1832 5011 1969 5066 παρ-

406 5089 472 5145 ὲκ
500 5091 632 5145 Θεοῦ
662 5091 884 5145 ἀσώτων
916 5092 1254 5163 βρωμάτων*
1283 5091 1375 5144 καλ⁵
1401 5089 1569 5159 μέθης
1605 5087 1812 5142 Οὐκοῦν
1841 5087 1968 5158 περὶ

411 5181 685 5253 μυστικῶν
723 5200 874 5254 φησι.
917 5181 1298 5251 Πνευματικῆς
1345 5182 1454 5252 γὰρ
1487 5177 1763 5250 τραπέζης
1795 5179 1968 5241 οὐδεὶς

409 5274 794 5346 μεταλήψεται,
825 5274 898 5346 μὴ
920 5275 1047 5345 παρ’
1074 5274 1235 5329 αὐτοῦ
1266 5273 1616 5345 κεκλημένος,
1646 5271 1739 5325 καὶ
1766 5270 1862 5340 τῆς
1885 5285 1971 5322 σο-

408 5365 534 5436 φίας
568 5365 840 5430 ἀκούσας·
888 5366 1070 5430 Ἐλθέ,
1114 5367 1205 5420 καὶ
1243 5365 1411 5435 φάγε.

2069 4648 2202 4702 ctus,
2235 4653 2394 4707 quam
2416 4636 2484 4689 ad
2509 4636 2721 4690 domum
2749 4647 2900 4706 potus
2929 4634 2992 4699 “,
3017 4642 3070 4687 et
3095 4648 3216 4701 qua:
3233 4631 3347 4686 istis
3369 4644 3514 4684 nunc
3539 4629 3631 4682 ad-

2064 4727 2245 4798 junx-it
2269 4745 2284 4781 :
2317 4725 2382 4778 Et
2411 4727 2640 4780 ostendet
2661 4727 2851 4780 anima:
2870 4741 2980 4779 sua:
3009 4726 3198 4777 bonum
3223 4724 3277 4775 in
3301 4720 3477 4775 labore
3496 4720 3626 4788 ejus.

2070 4818 2138 4872 At
2159 4819 2304 4874 enim
2331 4833 2440 4871 non
2466 4827 2548 4873 est
2570 4818 2770 4873 bonum
2794 4818 2991 4870 anima:
3015 4816 3169 4870 cibus
3196 4822 3290 4869 aut
3316 4822 3472 4883 potus
3506 4828 3633 4866 seno

2071 4911 2262 4967 sibilis.
2305 4909 2446 4965 Caro
2486 4910 2633 4964 enim
2677 4909 2849 4979 magis
2892 4907 3173 4978 magisque
3219 4905 3477 4970 enutrita,
3518 4902 3634 4957 bel-

2073 5003 2184 5057 lum
2216 5000 2378 5056 infert
2409 5001 2624 5063 animae,
2649 5008 2702 5054 et
2732 4997 2984 5055 seditiose
3013 4998 3123 5068 agit
3166 4995 3427 5050 adversus
3466 4993 3628 5063 spiri-

2074 5104 2209 5149 tum.
2242 5092 2524 5161 Quomodo
2549 5100 2729 5146 autem
2759 5091 2921 5145 etiam
2956 5105 3061 5144 non
3098 5098 3287 5156 praater
3314 5086 3482 5140 Deum
3512 5084 3632 5137 fue-

2076 5187 2182 5241 rint
2203 5178 2306 5241 cibi
2330 5185 2750 5253 intemperantes
2777 5193 2830 5237 et
2857 5179 3124 5236 ebrietas?
3149 5177 3333 5248 Itaque
3355 5177 3422 5232 de
3443 5178 3630 5248 mysti-

2070 5280 2150 5334 cis
2178 5279 2442 5349 loquitur.
2475 5276 2550 5333 De
2579 5274 2846 5346 spirituali
2876 5273 3022 5328 enim
3051 5285 3239 5326 mensa
3267 5284 3426 5323 nemo
3466 5270 3633 5338 parti-

2070 5371 2290 5441 cipabit,
2323 5369 2430 5425 nisi
2461 5368 2530 5422 ab
2551 5381 2618 5422 eo
2639 5373 2882 5431 vocatus,
2908 5377 2971 5420 ac
2995 5362 3272 5434 sapientiae
3309 5361 3628 5428 obaudiens,

2070 5462 2264 5518 dicenti
2297 5480 2310 5516 :
2349 5459 2475 5514 Veni
2510 5469 2559 5512 et
2592 5456 2798 5512 comede
2822 5457 2888 5510 ¹⁹.

476 5709 522 5746 ⁸³
560 5709 736 5766 Eccle.
769 5727 828 5776 ιι,
856 5711 939 5767 l6.
1020 5712 1060 5744 "
1087 5711 1217 5768 lbid.
1298 5712 1527 5792 ".Psal.
1559 5709 1858 5774 xxxnl,2‘2.
1937 5709 1952 5738 ⁸

2075 5702 2232 5760 Prov.
2259 5719 2313 5771 ι,
2349 5703 2402 5760 7.
2481 5702 2522 5734 ¹⁸
2544 5699 2720 5756 Eccle.
2741 5715 2836 5766 vn,
2858 5699 2909 5754 5.
2990 5700 3029 5731 ⁸⁹
3052 5699 3212 5754 Prov.
3246 5713 3320 5762 Ix,
3355 5696 3409 5753 5.
