3998 7026
466 333 601 393 I537

1116 451 1263 508 CAP.
1305 452 1387 507 Ill.

540 506 599 596 ν.
642 541 695 595 5.
744 539 964 611 Tempus
993 506 1371 610 oecidendi,et
1410 555 1610 617 tempus
1643 530 1913 602 sanandi:

537 724 827 782 Occidendi
881 728 971 798 qui
1016 735 1203 798 peccat
1245 743 1352 783 nnn
1407 729 1761 800 indulgentia,
1805 731 2029 787 sanandi

469 819 754 874 habentem
782 819 973 875 vulnus
996 827 1143 889 quod
1172 819 1471 877 remedium
1501 821 1612 893 pati
1640 822 1830 892 possit.

541 1001 603 1057 V.
635 1003 689 1058 4.
735 1003 956 1074 Tempus
984 1006 1167 1075 ﬂendi,
1196 1018 1244 1062 et
1289 1016 1488 1079 tempus
1525 1010 1751 1065 ridendi.

541 1181 780 1253 Tempus
808 1184 991 1251 ﬂendi,
1027 1185 1248 1255 quando
1280 1196 1491 1257 tempus
1516 1198 1601 1246 est
1631 1190 1923 1260 passionis,
1949 1191 2033 1246 di-

469 1286 623 1331 cente
647 1274 875 1331 Domino
901 1294 915 1331 :
939 1276 1103 1331 Amen
1124 1278 1243 1332 dico
1269 1280 1433 1347 vobis,
1468 1281 1592 1350 quia
1621 1282 1814 1350 ﬂebilis
1833 1290 1885 1336 et
1912 1282 2031 1352 plo-

469 1368 655 1422 rabitis
687 1368 754 1423 ²⁰.
806 1366 1056 1431 Ridendi,
1104 1370 1171 1425 de
1215 1372 1631 1429 resurrectione.
1683 1373 1851 1429 Dolor
1894 1375 2033 1429 enim

467 1468 651 1524 uester,
681 1458 878 1530 inquit,
907 1459 961 1513 in
990 1461 1241 1531 gaudium
1265 1464 1366 1517 erit
1389 1464 1456 1519 “.

538 1651 598 1706 V.
632 1654 685 1708 4.
720 1653 940 1725 Tempus
967 1656 1269 1728 plangendi,
1297 1668 1348 1712 et
1377 1668 1572 1730 tempus
1597 1661 1855 1719 saltandi.

537 1841 767 1908 Quando
794 1843 917 1914 quis
948 1844 1132 1900 animo
1173 1855 1352 1902 versat
1398 1856 1651 1916 mortem,
1692 1864 1854 1921 quam
1902 1850 2031 1908 Atla:

468 1934 826 2005 transgressio
855 1935 1059 2005 intulit,
1103 1935 1414 2009 plangendi:
1429 1939 1637 2009 festivos
1659 1952 1820 1998 cretus
1843 1945 2031 2014 agendi

467 2031 678 2089 contra,
704 2025 926 2096 quando
951 2026 1007 2081 in
1035 2036 1267 2083 mentem
1292 2030 1439 2085 venit
1468 2046 1627 2101 quam
1649 2044 2031 2104 exspectamus

465 2132 561 2186 per
591 2133 790 2171 novum
821 2117 993 2174 Adam
1024 2120 1479 2177 resurrectionem
1511 2137 1578 2178 ex
1604 2125 1854 2182 mortuis.

536 2207 601 2263 ν.
640 2208 695 2264 6.
731 2209 953 2279 Tempus
978 2211 1329 2282 custodiendi,
1357 2222 1407 2267 et
1437 2223 1637 2285 tempus
1660 2217 1980 2288 proferendi.

537 2393 774 2467 Tempus
813 2396 1155 2453 custodiendi
1214 2396 1550 2469 Seripturam
1599 2399 1858 2456 adversus
1895 2401 2034 2457 indi-

467 2502 621 2556 gnos,
651 2486 965 2558 proferendi
998 2504 1130 2545 vero
1173 2488 1375 2560 dignis.
1408 2487 1506 2545 Vel
1546 2490 1732 2559 etiam,
1773 2492 1909 2565 legis
1946 2494 2034 2548 lit-

469 2587 578 2633 tera
612 2592 738 2635 ante
765 2578 1220 2647 lncarnationem,
1247 2590 1461 2648 tempus
1493 2583 1597 2639 fuit
1639 2594 1700 2640 ut
1731 2585 2036 2642 custodire-

470 2682 557 2724 tur
584 2689 597 2725 :
625 2679 684 2725 ut
711 2684 996 2742 promatur
1023 2688 1171 2741 vero,
1201 2674 1294 2730 ubi
1317 2674 1553 2731 etnoruit
1575 2675 1809 2732 Veritas.

541 2762 606 2819 V.
646 2763 696 2819 7.
742 2763 961 2836 Tempus
991 2766 1216 2835 tacendi,
1245 2777 1293 2821 et
1324 2776 1524 2839 tempus
1563 2768 1829 2840 loquendi.

536 2854 776 2928 Tempus
802 2856 1079 2929 loquendi,
1124 2859 1342 2929 quando
1388 2875 1497 2916 non
1541 2861 1722 2918 desint
1761 2863 2037 2920 auditores

465 2942 557 3017 qui
592 2962 900 3005 sermonem
928 2950 1266 3021 suscipiant:
1296 2951 1531 3020 tacendi,
1561 2952 1782 3023 quando
1816 2968 2037 3024 perver—

463 3049 585 3095 tunt
605 3055 914 3099 sermonem
951 3042 1246 3111 auditores,
1280 3052 1339 3099 ut
1376 3043 1509 3100 dicit
1535 3042 1776 3102 Paulus:
1808 3045 2037 3102 Ηωνειί-

1327 333 1668 391 ΑΠΒΕΝΒΑ.
1708 364 1777 377 --
1819 337 1874 392 S.
1913 333 2203 392 DlONYSll
2240 334 2704 391 ALEXANDRINI

2058 1815 2105 1874 Β

3563 333 3697 392 1583

2780 456 2933 508 ΚΕΦ.
2968 455 3042 508 Γ’.

2202 547 2347 618 Στιχ.
2375 553 2444 617 γ’.
2472 546 2686 616 Καιρὸς
2714 546 2821 602 τοῦ
2842 546 3200 611 ἀποκτεῖναι,
3231 546 3329 601 καὶ
3353 546 3560 614 καιρὸς
3591 548 3697 603 τοῦ

2134 637 2433 695 ἰάσασθαι.

2214 731 2551 785 Ἀποκτεῖναι
2603 731 2694 786 τὸν
2725 732 3082 803 ἀσύγγνωστα
3113 736 3392 803 πταίοντα,
3443 736 3696 793 ίάσασθαι

2130 819 2222 874 τὸν
2272 818 2463 890 ἔχοντα
2499 820 2711 893 πληγὴν
2745 822 3069 896 ἀνεξομένην
3112 826 3403 898 φάρμακον
3450 828 3702 894 ἐπιδέξαι

2132 911 2275 966 σθαι.

2206 1007 2353 1079 Στιχ.
2387 1008 2450 1061 δ’.
2498 1007 2715 1078 Καζοος
2750 1008 2856 1063 τοῦ
2895 1009 3177 1076 κλαῦσαι,
3216 1011 3313 1066 καί
3346 1010 3556 1080 καιρὸς
3591 1012 3694 1067 τοῦ

2134 1098 2404 1169 γελᾶσαι.

2204 1192 2411 1264 Καιρὸς
2459 1193 2554 1247 τοῦ
2604 1193 2858 1260 κλαῦσαι,
2910 1196 3001 1249 ὅτε
3044 1196 3074 1248 6
3103 1197 3291 1269 καιρὸς
3326 1196 3422 1250 τοῦ
3471 1197 3695 1265 πάθους,

2131 1282 2381 1353 λέγοντος
2407 1284 2501 1338 τοῦ
2528 1285 2757 1358 Κυρίου*
2801 1286 2988 1357 Ἀμὴν
3014 1286 3169 1358 λέγω
3199 1288 3357 1359 ὑμῖν,
3393 1288 3482 1343 ὅτι
3516 1293 3700 1345 κλαύ-

2132 1390 2273 1431 σετε
2302 1375 2403 1430 καί
2437 1375 2786 1445 θρηνήσετε.
2811 1377 3042 1432 Γελᾶσαι
3074 1379 3151 1444 δὲ,
3182 1379 3429 1451 περὶτῆς
3455 1380 3699 1436 dvas-1i.

2135 1484 2291 1532 σεως.
2331 1468 2393 1524 Ἠ
2412 1466 2523 1538 γὰρ
2550 1469 2717 1539 λύπη
2746 1468 2931 1540 ὑμῶν,
2956 1470 3140 1543 φησὶν,
3172 1472 3256 1536 είς
3298 1469 3492 1541 χαρὰν
3521 1472 3701 1540 rei-1i-

2131 1577 2330 1616 σεται.

2205 1837 2375 1892 Ὅταν
2416 1836 2697 1909 λογίσηταί
2740 1854 2825 1903 τις
2870 1837 2961 1893 τὸν
2999 1838 3245 1906 θάνατον,
3298 1843 3463 1915 ὅνπερ
3506 1845 3543 1915 ἡ
3603 1842 3699 1899 τοῦ

2146 1925 2315 1998 ’Δδὰμ
2349 1927 2661 2000 παράϐασις
2691 1928 2979 2001 ἐπήνεγκε,
3012 1931 3333 2000 κόψασθαν
3373 1937 3701 2005 παν-ητιφὶ-

2130 2033 2234 2073 σαι
2262 2019 2339 2087 δὲ,
2373 2022 2501 2075 ὅταν
2529 2021 2610 2085 είς
2647 2019 2774 2076 νοῦν
2814 2021 3065 2094 λάϐωμεν
3092 2024 3159 2095 ἢν
3200 2026 3579 2099 προσδοκῶμεν
3605 2028 3701 2082 διὰ

2130 2111 2221 2166 τὸν
2249 2112 2368 2167 νέον
2402 2111 2573 2184 Ἀδὰμ
2596 2112 2662 2167 ὲκ
2694 2114 2901 2185 νεκρῶν
2928 2113 3238 2169 ἀνάστασιν.

2202 2203 2352 2274 Στιχ.
2384 2194 2437 2264 ς’
2461 2243 2476 2258 .
2503 2203 2719 2273 Καιρὸς
2750 2204 2856 2260 τοῦ
2899 2202 3184 2275 φυλάξαι,
3224 2207 3320 2262 καί
3346 2207 3551 2278 καιρὸς
3591 2210 3700 2266 τοῦ

2130 2293 2427 2349 ἐκϐαλεῖν.

2205 2386 2410 2458 Καιρὸς
2432 2384 2526 2441 τοῦ
2554 2384 2783 2458 φυλάξαι
2805 2387 2905 2459 τὴν
2925 2388 3148 2462 Γραφὴν
3181 2390 3273 2444 ἐπὶ
3298 2392 3415 2455 τοῖς
3437 2389 3696 2457 ἀναξίοις,

2134 2476 2381 2531 ὲκὸαλεῖν
2408 2479 2466 2532 δὲ
2497 2482 2610 2543 τοῖς
2636 2478 2828 2544 ἀξίοις.
2861 2481 2933 2535 Ἣ
2962 2482 3076 2548 καὶ,
3120 2481 3182 2535 τὸ
3212 2482 3437 2554 νομικὸν
3466 2483 3700 2556 γράμμα

2136 2570 2242 2643 πρὸ
2283 2571 2384 2644 τῆς
2437 2572 2778 2645 Ἐπιδημίας,
2826 2574 3016 2646 καιρὸς
3059 2576 3268 2648 ὑπῆρχε
3317 2575 3700 2647 φυλάττεσθαν

2135 2662 2463 2734 ἐκϐληθῆναι
2491 2663 2569 2730 δὲ,
2593 2665 2755 2736 ἡνίκα
2784 2664 3017 2738 ἦνθησεν
3042 2668 3077 2738 ἡ
3116 2667 3389 2739 Ἀλήθεια.

2206 2755 2354 2826 Στιχ.
2388 2754 2450 2821 ζ’,
2482 2755 2696 2825 Καιρὸς
2718 2755 2918 2828 σιγᾷν,
2959 2759 3058 2812 καί
3086 2758 3293 2828 καιρὸς
3327 2759 3435 2814 τοῦ
3468 2758 3701 2815 λαλεῖν.

2207 2849 2412 2921 Καιρὸς
2438 2850 2531 2905 τοῦ
2559 2851 2757 2917 λαλεῖν,
2799 2853 2928 2908 ὅταν
2956 2845 3087 2906 ὦσιν
3130 2854 3180 2907 οἱ
3221 2853 3312 2907 τὸν
3351 2853 3514 2922 λόγον
3554 2853 3703 2926 δεχό-

2140 2956 2289 3009 μενοι
2333 2941 2631 3013 ἀκροαταί·
2677 2942 2771 2996 τοῦ
2820 2943 2878 2997 δὲ
2922 2944 3096 3015 σιγᾷν,
3145 2945 3309 3015 ἡνίκα
3351 2946 3708 3018 διαστρέφονο

2136 3048 2228 3096 τες
2254 3031 2344 3086 τὸν
2372 3032 2529 3104 λόγον
2573 3035 2622 3088 οί
2664 3033 3020 3107 ἀκροώμενοι,
3056 3035 3133 3100 ὥς
3172 3053 3305 3108 φησι
3336 3037 3566 3101 Παῦλος⁸
3600 3040 3702 3093 Al-

465 3147 582 3186 eum
603 3132 862 3188 hominem
888 3144 1005 3203 post
1032 3150 1193 3189 unam
1217 3144 1266 3189 et
1305 3135 1590 3191 secundam
1621 3138 2031 3194 admonitionem

2135 3125 2369 3192 ρετικὸν
2393 3125 2708 3197 ἄνθρωπον
2730 3128 2880 3199 μετὰ
2893 3131 3041 3200 μίαν
3064 3129 3163 3185 καὶ
3188 3129 3467 3198 δευτέραν
3491 3133 3699 3186 νουθε-

464 3226 654 3281 abdiea
675 3227 740 3280 ".

534 3316 601 3374 Υ.
634 3317 721 3373 10.
774 3318 894 3373 Vidi
920 3320 1081 3391 igitur
1111 3320 1531 3391 distractionem,
1546 3342 1705 3396 quam
1725 3325 1871 3381 dedit
1892 3325 2031 3382 Deus

467 3407 596 3478 (iliis
625 3409 918 3476 hominum,
947 3420 1006 3465 ut
1027 3411 1515 3472 dislraherenturin
1546 3434 1629 3473 ea.

531 3584 599 3641 ν.
629 3585 716 3641 il.
758 3585 1016 3643 Universa
1042 3605 1159 3661 qua
1190 3590 1313 3660 fecit
1342 3591 1476 3647 bona
1513 3593 1566 3647 in
1598 3602 1844 3664 tempore.
1871 3595 2034 3667 Atqui

462 3678 715 3736 seculum
740 3682 885 3735 dedit
918 3683 973 3736 in
997 3686 1153 3739 corde
1179 3700 1381 3749 eorum,
1407 3696 1465 3739 ut
1492 3703 1595 3740 non
1624 3688 1853 3742 inveniat
1878 3688 2033 3744 homo

463 3787 613 3841 opus,
639 3774 780 3843 quod
805 3783 1051 3844 operatus
1077 3789 1156 3831 est
1196 3776 1338 3833 Deus
1366 3778 1431 3832 ab
1482 3779 1634 3833 initio
1680 3790 1727 3834 et
1772 3796 1933 3851 usque
1977 3782 2032 3836 in

460 3865 636 3935 ﬁnem.

531 3955 600 4011 Et
628 3957 731 4012 hoc
757 3972 945 4014 verum
974 3967 1078 4014 est.
1110 3957 1279 4016 Nemo
1307 3960 1453 4017 enim
1493 3977 1656 4033 opera
1684 3963 1780 4020 Dei
1808 3964 2034 4019 omnino

461 4048 922 4118 comprehendere
952 4049 1111 4106 valet.
1138 4049 1287 4121 Opus
1324 4066 1488 4122 porro
1522 4051 1618 4108 Dei
1663 4064 1745 4110 est
1772 4054 2031 4110 mundus.

460 4138 639 4211 Hujus
676 4156 837 4197 nemo
868 4142 1113 4199 invenire
1156 4151 1337 4214 potest
1373 4145 1520 4216 quod
1552 4147 1625 4201 sit
1679 4147 1749 4203 ab
1794 4146 1952 4211 initio
1979 4155 2037 4204 et

459 4242 637 4304 usque
683 4233 740 4287 in
797 4234 983 4300 ﬁnem,
1011 4234 1067 4290 id
1118 4243 1223 4304 est,
1259 4236 1617 4292 constitutum
1669 4237 1720 4294 ei
1770 4246 1982 4308 tempus
2015 4278 2031 4303 ,

458 4335 513 4382 et
542 4325 834 4396 praefinitus
888 4327 966 4383 illi
1012 4318 1295 4387 terminos.
1343 4327 1624 4400 Siquidem
1668 4330 2030 4401 ignorantiam

460 4418 607 4475 Deus
629 4428 804 4476 totum
843 4421 1101 4477 saeculum
1127 4421 1183 4476 in
1218 4422 1476 4478 cordibus
1502 4422 1706 4478 nostris
1739 4422 1888 4478 dedit
1918 4462 1934 4489 ,
1974 4430 2035 4478 ut

2136 3217 2281 3270 σίαν
2307 3218 2616 3285 παραιτοῦ.

2202 3306 2348 3377 Στιχ.
2389 3314 2441 3363 ι’.
2470 3304 2651 3363 Εἶδον
2688 3307 2806 3366 οὖν
2834 3309 2939 3365 τὸν
2977 3310 3410 3380 περισπασμὼ,
3440 3309 3514 3364 6r
3550 3310 3694 3365 ἓδωο

2133 3416 2240 3459 κεν
2264 3402 2297 3454 ὁ
2327 3399 2471 3467 Θεὸς
2511 3400 2635 3468 τοῖς
2671 3401 2826 3469 υἱοῖς
2866 3402 2984 3457 τῶν
3019 3402 3367 3473 ἀνθρώπων,
3400 3402 3507 3458 τοῦ
3546 3418 3701 3473 περι-

2134 3490 2402 3547 σπᾶσθαι
2423 3492 2493 3547 ὲν
2518 3493 2695 3561 αὐτῷ.

2203 3586 2349 3659 Στιχ.
2377 3591 2466 3643 ια’.
2501 3588 2575 3643 Τὰ
2588 3588 2910 3657 σύμπαντα
2927 3586 2967 3643 d
2981 3587 3230 3656 ἐποίησε
3244 3586 3401 3642 καλὰ
3412 3588 3486 3641 ἐν
3500 3585 3701 3655 καιρῷ.

2136 3680 2249 3734 Kal
2291 3696 2360 3750 τε
2403 3680 2726 3750 σύμπαντα
2769 3679 2876 3734 τὸν
2904 3679 3089 3734 αἰῶνα
3121 3679 3347 3735 ἔδωκεν
3381 3679 3460 3733 ἐν
3493 3678 3703 3749 καρδίᾳ

2136 3772 2354 3839 αὐτῶν,
2404 3771 2562 3839 ὅπως
2602 3771 2689 3843 μὴ
2733 3772 2876 3842 εὕρῃ
2929 3771 3239 3841 ἄνθρωπος
3283 3770 3353 3825 τὸ
3397 3771 3642 3841 ποίημα,
3668 3769 3702 3823 6

2134 3865 2422 3935 ἐποίησεν
2440 3868 2473 3920 ὁ
2493 3865 2637 3931 Θεὸς
2660 3864 2762 3919 ἀπ’
2791 3864 2985 3933 ἀρχῆς
3006 3863 3102 3918 καί
3122 3863 3299 3934 μέχρι
3329 3863 3552 3929 τέλους.

2203 3959 2315 4014 Καὶ
2345 3957 2502 4012 τοῦτο
2543 3955 2739 4029 ἀληθές
2772 3956 2941 4011 ἐστιν.
2976 3955 3162 4020 Οὐδεὶς
3202 3955 3313 4028 γὰρ
3345 3954 3411 4008 τὰ
3442 3955 3569 4027 ἔργα
3598 3953 3694 4007 τοῦ

2135 4050 2271 4106 Θεοῦ
2304 4049 2607 4123 ὁλοκλήρως
2647 4047 2973 4103 καταλαϐεῖν
2996 4047 3236 4102 δύναται.
3274 4046 3494 4118 Ποίημα
3521 4045 3578 4099 δὲ
3603 4045 3699 4099 τοῦ

2135 4139 2269 4195 Θεοῦ
2294 4143 2322 4195 6
2343 4141 2565 4212 κόσμος.
2592 4138 2795 4194 Τούτου
2816 4137 2995 4201 οὐδεὶς
3013 4139 3190 4210 εὑρεῖν
3211 4137 3273 4191 τὸ
3296 4138 3392 4190 ἀπ’
3412 4134 3587 4206 ἀρχῆς
3609 4135 3703 4188 καὶ

2139 4234 2298 4305 μέχρι
2326 4230 2530 4296 τέλους,
2563 4229 2808 4283 τουτέστι
2835 4229 2926 4283 τὸν
2953 4227 3278 4299 τεταγμένον
3316 4226 3464 4300 αὐτῷ
3491 4227 3704 4297 χρόνον,

2135 4326 2230 4379 καὶ
2268 4324 2366 4397 τὴν
2410 4323 2716 4397 ὁρισθεῖσαν
2761 4323 2850 4376 ἐπ’
2892 4320 3041 4391 αὐτῷ
3086 4318 3425 4392 προθεσμίαν
3454 4318 3701 4372 δύναται.

2147 4415 2473 4489 Ἐπειδήπερ
2502 4416 2722 4486 ἄγνοιαν
2752 4416 2780 4469 6
2811 4414 2945 4477 Θεὸς
2991 4412 3279 4484 σύμπαντα
3309 4411 3402 4464 τὸν
3444 4409 3615 4463 αἰῶνα
3642 4410 3705 4462 ἐν

457 4508 681 4582 quidam
712 4511 821 4566 ait:
856 4511 1196 4568 Paucitatem
1234 4513 1442 4567 dierum
1495 4530 1729 4568 meorum
1768 4516 2029 4570 annuntia

2135 4511 2254 4572 ταῖς
2286 4506 2535 4581 καρδίαις
2561 4505 2721 4578 ἡμῶν
2750 4504 2969 4569 ἔδωκεν,
3014 4502 3093 4567 ὣς
3124 4501 3256 4574 φησί
3283 4518 3386 4565 τις·
3429 4498 3548 4568 Τὴν
3576 4500 3707 4552 ὀλι-

458 4603 590 4657 mihi
615 4603 680 4658 ³³.
712 4602 791 4659 ita
837 4620 937 4675 pro
964 4613 1151 4661 nostra
1198 4605 1431 4660 utilitate
1464 4604 1587 4662 linis
1628 4607 1811 4664 saeculi
1839 4607 2024 4679 hujus,

460 4694 583 4749 vita:
605 4709 800 4767 nempe
825 4697 1130 4767 praesentis,
1159 4697 1458 4769 ignoratur.

2134 4601 2356 4671 γότητα
2401 4597 2519 4653 τῶν
2563 4596 2800 4670 ἡμερῶν
2831 4614 2949 4667 μου
2980 4596 3350 4674 ,ἀναγγειλόν
3384 4611 3509 4665 μοι.
3548 4592 3710 4647 Οὕτω

2137 4694 2275 4766 πρὸς
2304 4692 2365 4747 τὸ
2401 4692 2677 4765 συμφέρον
2702 4694 2834 4764 ἡμῖν
2869 4689 2932 4744 τὸ
2960 4689 3112 4753 τέλος
3141 4687 3235 4741 τοῦ
3264 4687 3458 4752 αἰῶνος
3489 4684 3710 4751 τούτω,

2132 4787 2332 4859 δηλαδὴ
2354 4786 2454 4857 τῆς
2486 4785 2765 4858 παρούσης
2789 4783 2953 4854 ζωῆς,
2986 4782 3263 4854 ἠγνόηται.

524 4967 574 5002 ⁵⁸
621 4959 756 5027 Luc.
801 4986 887 5038 νι,
934 4970 1033 5037 25;
1079 4967 1234 5026 Joan.
1263 4972 1484 5039 m,20.
1563 4971 1605 5002 ’ί
1640 4969 1797 5027 Joan.
1835 4970 2033 5034 “1.20

2136 4973 2181 5003 ¹²
2217 4970 2321 5026 Tit.
2358 4986 2440 5035 tu,
2474 4969 2557 5026 l0.
2636 4969 2681 5001 ’³
2707 4967 2849 5024 Psal.
2879 4983 2953 5036 Cl,
2979 4966 3069 5023 24.
