3996 6208
370 580 487 596 *ιι-ν

1490 377 2045 434 INTEBPRETATIO
2085 376 2149 432 IN
2193 377 2448 435 LUCAM‘.

3466 573 3591 589 ..ι-ιιι.-

768 734 1680 869 ΔΙΟΝΥΣΙΟΥ
1756 729 3019 902 ΑΛΕΞΑΝΔΡΕΙΑὲ
3081 723 3199 803 (ιο)

1692 979 2249 1065 ΕΡΜΗΝΕΙΑ

994 1160 1094 1223 Εἰς
1119 1155 1224 1211 τοῦ
1247 1156 1418 1224 ἁγίου
1442 1160 1807 1230 Εὐαγγ-ελίου
1837 1160 1985 1214 κατὰ
2010 1160 2249 1215 Λουκᾶν
2275 1178 2405 1230 κερ.
2437 1166 2529 1233 φιβ’
2560 1166 2717 1231 στίχ.
2742 1164 2981 1231 με’-μιν.

1029 1483 1732 1614 DIONYSII
1830 1404 2917 1610 ALEXANDBINI

1486 1738 2475 1829 INTERPBETATIO

932 1938 1002 1998 ιη
1058 1939 1117 1999 S.
1174 1936 1502 2017 Evangelii
1561 1934 1915 1998 secundum
1954 1936 2185 1995 Lucam
2228 1950 2360 2012 cap.
2414 1952 2544 1994 xm
2588 1950 2744 1995 vers.
2782 1935 2989 1999 ItQ-hs.

410 2256 554 2327 Στιχ.
597 2256 698 2327 μβθ.
736 2257 943 2326 Πάτερ,
975 2260 1027 2312 εἰ
1065 2258 1279 2324 βούλει
1303 2260 1690 2328 παρενεγκεῖν
1712 2261 1774 2314 τὸ
1808 2276 1903 2314 πο-

2086 2259 2148 2313 V.
2186 2258 2273 2313 ω.
2307 2259 2502 2327 Pater,
2535 2264 2580 2315 si
2609 2262 2683 2315 vis
2710 2263 2995 2331 transferre
3018 2265 3150 2317 hunc
3182 2266 3395 2322 calicem
3427 2286 3457 2321 a
3487 2286 3584 2325 me.

337 2345 541 2412 τήριον
572 2346 744 2401 τοῦτο
784 2348 885 2402 ἀπ’
917 2349 1083 2418 ἐμοῦ.
1116 2347 1293 2417 Πλὴν
1316 2348 1401 2417 μὴ
1428 2348 1491 2402 τὸ
1522 2348 1745 2420 θέλημά
1768 2369 1906 2418 μου,

335 2439 495 2495 ἀλλὰ
520 2439 583 2493 τὸ
611 2439 729 2494 σὸν
759 2442 1039 2509 γενέσθω.

420 2531 576 2584 Ἀλλά
612 2530 786 2586 ταῦτα
830 2532 928 2603 μὲν
972 2531 1212 2603 εἰρήσθω
1265 2531 1390 2601 περὶ
1439 2530 1532 2585 τοῦ
1584 2531 1904 2605 Θελήματος.

336 2625 411 2677 τό
438 2642 500 2693 γε
535 2624 659 2696 μὴν,
702 2624 1049 2693 Παρελθέτω
1077 2626 1144 2680 τὸ
1175 2623 1493 2693 ποτήριονο
1524 2626 1622 2679 οὑκ
1654 2627 1767 2679 ἐστι
1797 2626 1907 2697 (ll)

342 2715 415 2783 μὴ
434 2714 796 2785 προσελθέτω,
818 2716 849 2786 ἦ
869 2717 1144 2784 ὲγγισάτω
1167 2733 1276 2787 μοι.
1297 2715 1370 2768 Τὸ
1387 2716 1493 2787 γὰρ
1510 2718 1911 2790 παρερχόμενον

338 2806 557 2867 παντως
578 2806 696 2858 κατ’
728 2806 930 2861 ἐκεῖνον
954 2809 1166 2877 γίνεται
1201 2809 1484 2879 πρότερον,
1520 2810 1613 2862 καὶ
1634 2812 1909 2881 πρόσεισιν

338 2896 487 2967 αὑτῷ
512 2898 647 2969 ὅπερ
691 2900 1047 2971 παρέρχεται.
1085 2903 1147 2955 Εἰ
1196 2901 1306 2973 γὰρ
1353 2903 1426 2973 μὴ
1472 2902 1767 2978 πλησιάσῃ,
1811 2906 1910 2959 οὑκ

339 2986 405 3040 ἂν
438 2988 717 3060 παρέλθοι.
762 2990 1070 3045 Οἰκειοῦται
1103 2992 1212 3063 γὰρ
1250 2992 1311 3045 τὸ
1356 2993 1643 3063 πρόσωπον
1675 2995 1782 3048 τῶν
1815 2996 1909 3049 ἀν-

337 3077 592 3149 Θρώπων,
636 3080 712 3144 ὼς
743 3081 1031 3152 γενόμενος
1063 3081 1370 3154 ἄνθρωπος.
1412 3084 1612 3152 Διόπερ
1640 3085 1732 3138 καὶ
1762 3086 1905 3150 τότε,

335 3172 399 3223 τὸ
425 3171 523 3241 μὲν
543 3172 603 3225 τὸ
624 3174 815 3227 ἑαυτοῦ
836 3174 897 3227 τὸ
917 3174 1132 3230 ἔλαττον
1156 3179 1500 3247 παραιτεῖται
1529 3182 1702 3231 ποιεῖν
1721 3197 1734 3209 ο
1768 3182 1909 3233 αἰτεῖ

336 3262 392 3317 δὲ
424 3266 483 3319 τὸ
510 3264 603 3318 τοῦ
636 3266 845 3338 Πατρὸς
882 3268 945 3321 τὸ
987 3267 1168 3338 μεῖζον
1202 3268 1472 3337 γενέσθαι,
1514 3270 1577 3323 τὸ
1611 3270 1790 3324 Θεῖκὸν
1819 3270 1907 3323 Θέ-

335 3352 503 3423 λημα,
534 3353 668 3425 ὅπερ
703 3354 863 3407 πάλιν
886 3355 1027 3408 κατά
1051 3355 1149 3426 τὴν
1188 3355 1436 3427 Θεότητα,
1467 3357 1524 3411 ἒν
1558 3356 1684 3429 ϐέλη
1696 3358 1770 3428 μά
1792 3359 1907 3410 ἐστι

333 3446 397 3499 τὸ
419 3444 581 3499 αὑτοῦ
608 3444 699 3498 καὶ
721 3446 1032 3517 Πατρός.Τὸ
1056 3447 1163 3517 γὰρ
1190 3448 1456 3519 Ila-cptbe
1482 3450 1606 3519 ϐέλη
1617 3468 1712 3519 μα,
1735 3448 1797 3502 τὸ
1823 3449 1907 3502 διὰ

337 3536 641 3608 πειρασμοῦ
676 3536 877 3601 παντὸς
908 3537 1111 3609 ἐπίσκη
1154 3538 1401 3602 διελθεῖν,
1438 3540 1717 3607 διάγοντος
1742 3540 1904 3593 αὑτὸν

2026 2348 2390 2405 Verumtamen
2416 2368 2515 2406 non
2541 2352 2780 2405 voluntas
2814 2369 2947 2420 mea,
2978 2354 3067 2407 sed
3101 2365 3190 2407 tua
3221 2357 3337 2423 ﬁat.

2082 2528 2141 2584 Et
2164 2530 2276 2585 haec
2300 2530 2515 2600 quidem
2538 2531 2604 2585 de
2639 2531 2913 2585 voluntate
2958 2529 3100 2583 dicta
3136 2530 3261 2584 sint.
3313 2530 3443 2584 Illud
3504 2541 3586 2585 ta-

2012 2638 2132 2677 men
2167 2642 2177 2676 :
2213 2622 2551 2677 Pertranseat
2590 2623 2753 2688 calix,
2788 2631 2903 2677 est:
2934 2620 3051 2675 Non
3078 2624 3309 2692 amplius
3335 2624 3581 2690 accedat,

2010 2715 2123 2769 sive
2160 2715 2553 2786 appmpinquet
2605 2715 2759 2769 mibi.
2837 2715 2992 2780 Quod
3043 2715 3188 2769 enim
3262 2716 3581 2783 pertransit,

2010 2808 2233 2861 omnino
2264 2822 2430 2877 prope
2463 2806 2594 2862 illud
2638 2807 2696 2862 tit
2730 2806 2915 2876 prius,
2958 2814 3012 2860 et
3045 2805 3200 2875 juxta
3253 2806 3381 2860 illud
3434 2807 3580 2875 quod

2011 2896 2323 2965 pertransit.
2360 2895 2417 2951 Si
2452 2898 2599 2952 enim
2633 2912 2740 2951 non
2794 2896 3209 2967 appropinquet,
3250 2897 3583 2967 pertransire

2009 3003 2116 3041 non
2148 2997 2344 3056 potest.
2379 2986 2615 3058 Usurpat
2650 3004 2887 3059 namque
2919 3003 3207 3059 personam
3248 2990 3531 3044 hominum
3564 3029 3579 3052 ,

2009 3078 2205 3149 quippe
2226 3078 2401 3136 factus
2434 3081 2620 3135 homo.
2654 3080 3023 3147 Quamobrem
3081 3090 3133 3135 et
3192 3090 3346 3147 tunc,
3400 3081 3582 3135 minus

2009 3172 2150 3241 quod
2178 3187 2338 3227 suum
2373 3181 2457 3227 est
2482 3182 2699 3227 recusat
2725 3172 2904 3228 facere
2940 3191 2952 3227 :
3019 3173 3258 3243 postulat
3284 3189 3414 3228 vero
3464 3173 3578 3227 lic-ri

2010 3260 2204 3329 majus,
2231 3262 2370 3330 quod
2404 3260 2582 3317 Patris
2602 3270 2706 3326 est,
2730 3262 2967 3318 divinam
2999 3278 3189 3332 nempe
3223 3263 3577 3328 voluntatem,

2008 3368 2127 3421 qua:
2182 3368 2373 3408 rursus
2409 3354 2710 3409 secnndum
2753 3354 3093 3409 divinitatem
3126 3396 3140 3417 ,
3182 3371 3288 3409 una
3326 3356 3581 3409 voluntas

2007 3453 2087 3498 est
2114 3445 2231 3515 ejus
2260 3456 2313 3500 et
2343 3445 2541 3501 Patris.
2576 3445 2806 3502 Paterna
2846 3448 2991 3503 enim
3025 3448 3281 3502 voluntas
3311 3447 3412 3503 fuit
3440 3490 3455 3515 ,
3523 3456 3582 3501 ut

2010 3548 2103 3601 per
2145 3548 2360 3589 onmem
2416 3536 2766 3590 tentationem
2820 3536 3116 3590 irruentem
3144 3538 3438 3592 transiret:
3489 3537 3582 3590 de-

337 3632 655 3702 Θαυμασίως
685 3632 848 3686 αὑτοῦ
883 3632 978 3685 τοῦ
1018 3633 1231 3704 Πατρὸς
1269 3633 1342 3704 μὴ
1386 3634 1547 3704 μέχρι
1585 3634 1679 3687 τοῦ
1710 3651 1903 3705 πειραο

2012 3624 2234 3680 ducente
2282 3641 2407 3679 eum
2460 3627 2783 3681 mirabiliter
2845 3628 2962 3695 ipso
3027 3627 3186 3682 Patre
3245 3645 3351 3684 non
3409 3645 3583 3699 usque

339 3723 499 3795 σμοῦ,
545 3724 678 3796 μηδὲ
727 3726 806 3788 εἰς
847 3724 1008 3779 αὑτὸν
1042 3726 1318 3791 εἰσελθεῖν,
1360 3725 1473 3778 ἀλλ’
1514 3726 1772 3797 ὑπεράνω
1811 3726 1903 3779 τοῦ

337 3813 642 3886 πειρασμοῦ
668 3855 682 3879 ,
749 3814 842 3869 καὶ
900 3818 1018 3887 μετ’
1075 3817 1238 3871 αὑτὸν
1301 3816 1588 3886 γενέσθαι·
1648 3816 1785 3880 ὅλως
1847 3815 1904 3868 δὲ

336 3905 456 3959 οὐδὲ
506 3905 799 3969 ἀδύνατον,
865 3907 987 3960 οὑδὲ
1049 3908 1362 3980 ἄπρακτον,
1430 3910 1539 3963 οὐδ’
1591 3908 1905 3963 ὑπεναντίον

334 3998 429 4051 τοῦ
462 3996 798 4070 βουλήματος
854 3998 948 4051 τοῦ
989 3998 1201 4070 Πατρὸς
1233 4000 1331 4052 τὸν
1378 4000 1603 4072 Σωτῆρα
1660 4001 1827 4052 αἰτεῖν
1864 4002 1900 4051 ³.

340 4091 494 4143 Ἐστι
545 4091 600 4144 δὲ
644 4090 888 4155 δυνατὸν,
921 4091 996 4154 ὡς
1039 4093 1068 4144 ὁ
1102 4093 1326 4164 Μάρκος
1361 4092 1525 4146 αὑτοῦ
1587 4090 1905 4163 ἀπεμνημό-

336 4201 489 4237 νευσε
529 4184 792 4253 λέγοντος
836 4182 1018 4249 Ἀϐϐᾶ,
1069 4188 1102 4239 ό
1158 4184 1365 4253 πάτερ,
1411 4185 1605 4239 πάντα
1664 4202 1760 4238 σοι
1797 4184 1902 4239 δυ-

334 4275 514 4329 νατά·
562 4277 654 4329 καὶ
698 4276 898 4331 δυνατά
948 4278 995 4329 εἰ
1040 4275 1305 4346 βούλεται,
1357 4276 1432 4340 ὡς
1480 4277 1692 4340 Λουκᾶς
1739 4292 1904 4346 φησιν

337 4368 497 4422 αὑτὸν
524 4368 831 4440 εἰρηκέναι·
867 4368 1074 4436 Πάτερ,
1115 4372 1166 4422 εἰ
1204 4370 1439 4433 βούλει,
1474 4369 1802 4437 παρένεγκε
1839 4368 1902 4422 τὸ

335 4461 618 4531 ποτήριον
642 4463 815 4517 τοῦτο
848 4463 949 4517 ἀπ’
987 4461 1155 4532 ἐμοῦ.
1188 4463 1260 4516 Τὸ
1286 4458 1378 4516 οὖν
1411 4461 1632 4533 Πνεῦμα
1660 4462 1720 4515 τὸ
1753 4461 1903 4529 ἅγιον

334 4556 415 4619 εἰς
440 4556 566 4619 τοὺς
596 4554 984 4625 εὐαγγελιστάς
1028 4554 1426 4625 κατανεμηθὲν.
1456 4553 1556 4625 τὴν
1596 4556 1775 4607 πᾶσαν
1808 4551 1902 4606 τοῦ

334 4648 585 4719 Σωτῆρος
609 4648 764 4719 ήμῶν
792 4648 1052 4712 διάθεσιν,
1079 4648 1144 4701 ὲκ
1174 4647 1275 4719 τῆς
1299 4648 1528 4700 ἑκάστου
1562 4646 1742 4717 φωνῆς
1783 4662 1903 4699 συν-

333 4740 561 4811 τίθησιν.
591 4740 727 4793 Οὑτε
753 4740 861 4813 γὰρ
886 4743 1117 4794 αἰτεῖται
1142 4739 1293 4812 παρά
1331 4738 1424 4792 τοῦ
1448 4740 1677 4811 Πατρὸς,
1702 4739 1730 4791 ὃ
1776 4738 1849 4809 μὴ
1875 4739 1902 4790 ὁ

334 4832 525 4903 Πατὴρ
556 4832 818 4901 βούλεται.
857 4833 929 4886 Τὸ
957 4833 1065 4905 γάρ
1085 4848 1100 4863 ·
1138 4835 1207 4886 Εἰ
1232 4834 1464 4897 βούλει,
1496 4831 1775 4901 ὑποταγῆς
1810 4832 1901 4883 καὶ

334 4922 633 4985 ἐπιεικείας
653 4924 819 4988 ἐστὶν,
839 4925 939 4977 οὑκ
954 4924 1198 4993 ἀγνοίας⁹
1224 4924 1344 4977 οὑδὲ
1371 4924 1697 4994 ἀμφιϐολίας
1717 4919 1784 4995 ἧν
1804 4922 1898 4993 δη-

334 5012 583 5068 λωτικόν.
603 5015 699 5069 Διὰ
716 5015 874 5070 τοῦτο
893 5018 926 5087 ἡ
944 5016 1106 5088 ἑτέρα
1133 5017 1322 5088 Γραφή
1356 5034 1518 5087 φησιν
1539 5034 1551 5046 ·
1581 5015 1781 5069 Πάντα
1800 5027 1899 5066 σοι

333 5105 579 5159 (υνατά.
624 5108 742 5161 Κᾶν
784 5108 940 5161 τοῦτο
975 5109 1135 5162 πάλιν
1164 5109 1225 5162 τὸ
1257 5110 1494 5162 εἰκτικὸν
1531 5108 1640 5179 (12)
1684 5109 1775 5162 καὶ
1803 5122 1900 5161 τα-

334 5197 620 5267 πεινόφρον
667 5200 696 5251 ὁ
736 5200 1010 5264 Ματθαῖος
1037 5201 1345 5272 διαγράφει,
1390 5203 1439 5253 εἰ
1473 5200 1731 5254 δυνατόν
1769 5202 1899 5255 ἐστι

333 5287 524 5356 λέγων.
550 5290 610 5342 Εἰ
644 5289 717 5360 μὴ
740 5290 850 5364 γὰρ
871 5290 993 5345 οὔτε
1026 5293 1322 5365 άρμόσοιμι
1345 5292 1441 5364 τὴν
1474 5293 1731 5357 διάνοιαν,
1762 5295 1899 5364 τάχα

333 5380 475 5445 τινὲς
520 5381 816 5445 ὲκδὲξοιντο
865 5382 1077 5448 ἀσεϐῶς
1119 5385 1201 5448 τό,
1245 5388 1297 5439 εἰ
1332 5385 1591 5439 δυνατόν
1622 5386 1772 5448 ἐστι,
1824 5386 1899 5445 ὡς

321 5496 328 5517 ¹
402 5516 885 5585 ἰΜπο.χιν,τδ.
962 5522 1006 5553 ιε
1035 5520 1223 5579 Matth.
1259 5540 1407 5587 xm,
1444 5525 1531 5580 59.

403 5678 515 5802 $10)
550 5679 641 5735 Hre
670 5681 790 5736 dua:
818 5690 1024 5738 tantum
1056 5699 1215 5740 voces
1264 5693 1394 5739 sunt
1422 5703 1485 5739 ex
1535 5687 1653 5741 cod.
1694 5685 1893 5742 Veneto

441 5790 455 5802 .
488 5752 524 5802 Γ.
552 5753 639 5802 56.
672 5754 814 5802 unde.
847 5753 1202 5802 framnentllm
1240 5756 1566 5802 dust-rituum
1606 5769 1679 5802 [ιρι
1715 5776 1725 5802 τ
1769 5761 1890 5802 n-li-

331 5750 455 5811 495,
480 5752 524 5828 ΔΓ.
552 5753 639 5828 5-6,
672 5754 814 5806 unde
847 5753 1567 5828 fragmentumfdi-scriptum
1606 5769 1679 5813 est
1715 5776 1727 5819 ;
1767 5761 1890 5814 reli-

332 5836 435 5888 qua
456 5823 593 5878 tituli
622 5832 671 5876 et
709 5839 962 5881 numeros
998 5826 1111 5897 ipse
1146 5827 1334 5896 ζωῇσι-ἱ.

2006 3717 2072 3770 ad
2110 3718 2477 3782 tentationem,
2507 3732 2605 3772 nec
2646 3729 2706 3777 ut
2737 3720 2788 3771 iu
2838 3719 3009 3787 ipsam
3054 3720 3387 3790 ingrediatur
3414 3762 3428 3785 ,
3486 3721 3580 3779 sed

2007 3816 2067 3861 ut
2141 3810 2232 3863 liat
2296 3825 2458 3879 super
2526 3813 2916 3876 tentationem,
2982 3822 3035 3866 et
3108 3822 3302 3883 praeter
3382 3816 3576 3885 ipsam.

2006 3899 2239 3956 Omnino
2288 3915 2465 3956 autem
2526 3918 2704 3973 neque
2758 3905 3141 3974 impossibile,
3202 3922 3379 3975 neque
3430 3908 3576 3976 quod

2007 3994 2121 4048 tieri
2148 4004 2398 4063 nequeat,
2442 4005 2536 4050 aut
2561 3996 2897 4051 contrarium
2933 3997 3004 4052 sit
3049 3998 3311 4053 voluntati
3354 3997 3531 4053 Patris
3560 4040 3573 4063 ,

2007 4086 2120 4140 lieri
2152 4086 2344 4143 credas
2374 4085 2709 4142 Salvatorem
2740 4091 3036 4158 postulare.
3072 4089 3340 4147 Possibile
3362 4102 3445 4146 est
3470 4132 3484 4154 ,
3521 4102 3579 4145 ut

2006 4178 2219 4233 Marcus
2251 4178 2373 4248 ejus
2399 4180 2645 4234 meminit
2692 4180 2921 4238 dicentis
2954 4202 2965 4235 :
3000 4182 3168 4247 Abba,
3192 4195 3373 4252 pater:
3401 4185 3577 4238 omnia

2009 4272 2102 4325 tibi
2134 4271 2405 4332 possibilia
2426 4272 2471 4303 ’³
2499 4287 2516 4325 :
2547 4274 2825 4343 possibilia
2854 4275 2897 4329 si
2933 4275 3064 4329 vult.
3098 4276 3250 4329 Sicut
3295 4276 3469 4331 Lucas
3500 4276 3579 4330 ait

2007 4367 2155 4420 illum
2184 4366 2389 4422 dixisse
2418 4382 2433 4422 :
2472 4368 2651 4437 Pater,
2675 4371 2723 4423 si
2747 4371 2841 4434 vis,
2876 4370 3107 4439 transfer
3138 4370 3357 4424 calicem
3387 4371 3521 4423 hunc
3542 4386 3574 4421 a

2006 4474 2103 4512 me.
2131 4456 2300 4527 Igitur
2323 4457 2558 4528 Spiritus
2580 4469 2801 4516 sanctus
2829 4462 2882 4514 in
2920 4461 3283 4531 evangelistas
3315 4460 3574 4515 distribu-

2008 4560 2095 4605 tus
2128 4550 2389 4621 integram
2442 4551 2740 4609 Salvatoris
2785 4554 2955 4607 nostri
2985 4553 3346 4616 alfectionem,
3386 4570 3449 4607 ex
3480 4568 3577 4607 cu-

2002 4645 2200 4715 jusque
2229 4647 2465 4701 dictione
2497 4650 2791 4717 componit.
2825 4646 3009 4715 Neque
3041 4649 3187 4701 enim
3223 4664 3252 4701 a
3288 4646 3443 4700 Patre
3478 4662 3575 4715 po-

2007 4736 2256 4803 stulatur,
2283 4739 2426 4806 quod
2462 4737 2620 4793 Pater
2672 4740 2786 4808 ipse
2819 4739 2973 4793 nolit.
3024 4736 3157 4791 lllud
3209 4753 3477 4807 namque:
3514 4736 3576 4792 Si

2007 4830 2102 4895 vis,
2134 4829 2487 4899 subjectionis
2522 4842 2576 4885 et
2606 4831 2900 4885 docilitatis
2930 4839 3034 4894 est,
3067 4845 3174 4883 non
3213 4830 3573 4900 ignorantiam

2007 4931 2099 4975 aut
2129 4920 2457 4977 dubietatem
2508 4922 2801 4977 indicabat.
2840 4922 3122 4991 Propterea
3154 4923 3254 4976 alia
3295 4921 3576 4991 Scriptura

2006 5014 2170 5070 dicit:
2200 5014 2392 5070 Omnia
2416 5016 2510 5070 tibi
2532 5017 2832 5086 possibilia.
2868 5016 3126 5082 Quamvis
3146 5018 3201 5069 in
3234 5017 3335 5069 hoc
3361 5031 3574 5069 rursum

2008 5108 2152 5178 quod
2186 5108 2526 5179 deprecantis
2565 5126 2629 5165 ac
2661 5110 2886 5164 humilis
2926 5109 2997 5163 sit
3042 5108 3326 5163 Matthznus
3374 5109 3578 5163 descri-

2009 5202 2109 5262 bit,
2143 5201 2201 5254 Si
2230 5201 2476 5270 possibile
2504 5212 2579 5256 est
2606 5204 2649 5235 ’⁸
2682 5202 2951 5271 inquiens.
2977 5199 3091 5255 Nisi
3116 5201 3258 5255 enim
3277 5201 3381 5256 hoc
3417 5202 3577 5255 modo

2009 5308 2233 5347 sensum
2273 5304 2541 5363 coaptem,
2576 5293 2733 5349 facile
2766 5303 2989 5361 possent
3022 5292 3243 5362 quidam
3293 5292 3455 5362 impie
3486 5307 3607 5367 ac-q

2010 5386 2189 5454 cipere
2220 5386 2348 5440 illud
2385 5404 2398 5440 :
2436 5386 2494 5439 Si
2516 5385 2763 5451 possibile
2810 5396 2924 5448 est,
2962 5386 3117 5455 quasi
3151 5384 3394 5454 quzedam
3434 5383 3577 5439 Deus

2073 5688 2116 5757 (Ι
2138 5689 2182 5745 l)
2213 5687 2371 5744 Forte
2396 5688 2595 5741 οὑκέτι.

2071 5758 2180 5840 (12]
2212 5758 2389 5823 Forte,
2425 5760 2522 5813 κᾶι
2549 5759 2719 5828 τούτῳ
2756 5778 2809 5812 π.
2848 5777 2896 5814 τ.
2932 5761 3194 5816 εὑκτικόν.
3240 5760 3357 5815 Mox
3404 5760 3584 5819 οὕτως

1999 5846 2094 5897 pro
2126 5846 2268 5881 ουτε.
