3998 7026
516 369 648 426 1591

1460 373 1804 431 ADDENDA.
1842 402 1913 418 —
1943 371 2000 426 S.
2043 369 2337 428 DIONYSII
2376 371 2834 430 ALEXANDRINI

3609 372 3634 426 1
3648 372 3743 427 392

516 486 696 542 facere
726 488 958 560 nequeat
989 531 1004 556 ,
1047 491 1288 562 exceptis
1327 492 1395 549 iis
1432 509 1554 563 quae
1586 493 1765 550 facere
1797 509 1904 548 non
1949 493 2078 547 vult.

2186 494 2347 547 τινῶν
2376 495 2544 548 ὄντων
2569 495 2841 549 ἀδυνάτων
2883 494 2958 566 τῷ
2991 495 3107 566 Θεῷ
3135 494 3380 565 ποιῆσαι.
3409 490 3552 564 πλὴν
3589 493 3741 563 μόνου

517 575 622 634 Sed
658 619 673 633 .
713 620 726 634 .
761 620 776 635 .
814 623 827 637 .
866 582 1150 639 confestim
1193 586 1484 641 roboratus
1535 589 1832 643 secundum
1887 589 2080 642 huma-

519 671 740 726 nitatem
773 689 802 728 a
828 674 1053 731 Paterna
1067 677 1366 745 divinitate,
1393 680 1644 735 tutiorem
1668 681 2080 752 postulationem

519 761 670 830 facit,
695 781 794 820 nec
829 768 1060 836 amplius
1094 768 1329 839 idipsum
1368 771 1500 835 vult,
1538 769 1630 826 sed
1658 780 1716 826 ut
1741 772 1916 842 placet
1936 769 2082 827 Patri

521 856 777 925 gloriose,
817 867 871 913 et
901 869 1233 929 constanter,
1263 873 1317 917 et
1353 863 1526 933 plene.
1561 863 1676 919 Hoc
1705 865 1850 919 enim
1879 866 2084 921 audivit

520 941 778 1012 Joannes,
808 949 926 1018 ipso
948 949 1181 1017 dicente,
1206 953 1300 1022 qui
1337 953 1725 1010 sublimissima
1754 964 1809 1010 et
1845 955 2081 1028 divinis-

521 1037 658 1091 sima
689 1054 916 1110 quaeque
945 1057 1256 1097 sermonum
1299 1053 1352 1099 et
1378 1060 1602 1114 operum
1649 1045 1947 1102 Salvatoris
2000 1049 2083 1102 di-

521 1127 689 1196 gessit
719 1149 730 1184 :
773 1127 842 1182 Et
864 1130 1079 1184 calicem
1102 1147 1252 1201 quem
1279 1133 1422 1186 dedit
1453 1133 1580 1186 mihi
1609 1131 1766 1187 Pater
1796 1150 1960 1198 meus,
1984 1150 2081 1188 an-

523 1235 624 1272 non
643 1219 815 1273 bibam
843 1220 992 1274 illum
1018 1221 1063 1252 "
1087 1222 1110 1275 ?
1149 1221 1338 1278 Bibere
1363 1240 1526 1294 porro
1547 1225 1770 1280 calicem
1799 1266 1814 1290 ,
1862 1235 1979 1282 erat
2025 1235 2082 1281 ut

523 1312 885 1366 ministerium
915 1313 1175 1382 impleas,
1219 1324 1496 1386 totamque
1524 1317 1839 1374 tentationis
1865 1333 2086 1374 oecono-

524 1403 711 1464 miam,
744 1401 952 1457 fortiter
979 1421 1182 1460 morem
1215 1417 1422 1478 gereret
1444 1408 1593 1464 Patri
1621 1411 1823 1466 volenti
1869 1420 1929 1466 ut
1977 1421 2087 1466 ter-

526 1494 758 1546 minaret
785 1503 837 1548 et
871 1499 1350 1567 supergrederetur
1401 1517 1692 1558 aerumnas.
1731 1503 1906 1558 Illud:
1943 1503 2084 1570 Quid

526 1601 606 1637 me
657 1584 978 1656 dereliquisti
1011 1589 1053 1619 ⁸⁷
1086 1588 1110 1640 ?
1163 1591 1494 1660 sequebatur
1545 1593 1730 1663 utique
1770 1610 1835 1648 ex
1863 1594 1931 1650 iis
1962 1610 2083 1664 qua:

525 1686 680 1730 antea
713 1679 1098 1747 postulaverat.
1126 1680 1238 1735 Cur
1264 1681 1396 1736 mihi
1439 1683 1700 1738 hactenus
1747 1699 1894 1738 mors
1952 1699 2084 1739 con-

2180 578 2241 638 οὖ
2285 585 2359 657 μὴ
2399 585 2663 656 βούλεται.
2723 586 2948 642 Ἀλλὰ...
3006 587 3343 658 παραχρῆμα
3384 581 3739 656 ἐπιρρωσθεὶς

2178 677 2318 731 κατὰ
2337 677 2725 750 ἀνθρωπότητα
2745 678 2848 732 ὑπὸ
2873 678 2970 749 τῆς
2991 679 3266 749 Πατρικῆς
3289 676 3564 746 θεότητος,
3582 677 3740 743 ἀσφα.

2179 767 2436 840 λεστέραν
2471 771 2702 823 ποιεῖται
2727 768 2826 840 τὴν
2853 769 3085 839 αἴτησιν,
3115 769 3206 822 καὶ
3236 768 3418 820 οὐκέτι
3450 767 3587 820 αὐτὸ
3605 765 3737 845 ,βου-

2178 857 2344 923 λεται,
2376 858 2490 911 ἀλλ’
2519 859 2595 923 ὡς
2621 859 2838 930 ἀρέσκει
2865 857 2942 928 τῷ
2964 858 3137 928 Πατρὶ
3169 857 3389 922 ἐνδόξως
3416 857 3508 909 καὶ
3542 873 3736 926 καρτε-

2181 951 2292 1022 ρῶς
2319 951 2411 1004 καὶ
2440 951 2641 1023 πλῆρές
2674 951 2855 1004 ποθεν.
2895 950 3062 1004 Τοῦτο
3090 951 3197 1022 γὰρ
3223 951 3452 1021 ἤκουσεν
3491 950 3737 1019 Ἰωάννης

2179 1045 2345 1099 αὑτοῦ
2374 1045 2640 1114 λέγοντος,
2672 1046 2701 1098 ὁ
2732 1044 2799 1098 τὰ
2829 1042 3217 1115 μεγαλειότατα
3248 1043 3340 1096 καὶ
3363 1041 3618 1094 Θειότατα
3639 1041 3735 1092 τῶν

2177 1137 2274 1191 τοῦ
2307 1139 2556 1209 Σωτῆρος
2595 1136 2767 1206 λόγων
2800 1137 2894 1190 καὶ
2929 1135 3103 1207 ἔργων
3133 1133 3732 1205 ὑπομνηματισάμενος’

2180 1230 2288 1284 Καὶ
2319 1229 2384 1284 τὸ
2405 1229 2686 1296 ποτήριον
2714 1228 2744 1282 ὃ
2770 1227 2984 1282 δέδωκέ
3003 1243 3102 1296 μοι
3132 1228 3163 1279 ό
3190 1225 3389 1294 Πατήρ
3406 1244 3548 1295 μου,
3569 1227 3638 1278 οὐ
3658 1225 3735 1293 μὴ

2181 1321 2295 1374 πίω
2337 1322 2517 1383 abte;
2551 1321 2697 1373 Πιεῖν
2725 1319 2781 1372 δὲ
2817 1314 2882 1390 ἦν
2921 1320 2982 1372 τὸ
3021 1320 3292 1390 ποτήριον,
3333 1316 3620 1389 πληρῶσαι
3649 1318 3736 1387 τὴν

2181 1413 2474 1476 διακονίαν,
2503 1415 2597 1466 καὶ
2627 1415 2804 1466 πᾶσαν
2828 1411 2921 1465 τοῦ
2950 1412 3250 1483 πειρασμοῦ
3279 1411 3377 1482 τὴν
3406 1409 3733 1480 οἰκονομίαν,

2183 1505 2443 1576 ἀνδρείως
2498 1504 2750 1576 ἐχόμενον
2795 1503 2886 1557 τοῦ
2937 1503 3147 1574 Πατρὸς
3185 1504 3435 1574 ἑλομένου
3476 1503 3736 1566 διανύσαι,

2184 1597 2279 1651 καὶ
2311 1597 2609 1670 ὑπερϐῆναι
2636 1597 2707 1650 τὰ
2741 1597 2904 1650 δεινάο
2935 1597 2996 1649 τὸ
3024 1596 3102 1662 δέ,
3147 1596 3208 1650 Τί
3227 1612 3301 1664 με
3324 1595 3737 1664 ἐγκατέλιπες

2183 1685 2252 1761 ἦν
2284 1690 2390 1762 ἄρα
2427 1685 2508 1754 οἷς
2536 1690 2870 1762 προηξίωσεν
2898 1687 3203 1742 ἀκόλουθον.
3236 1689 3301 1741 Τί
3333 1707 3421 1760 μοι
3458 1689 3621 1760 μέχρι
3651 1686 3740 1740 νῦν

519 1767 708 1839 juncta
735 1781 848 1835 est,
884 1781 938 1826 et
981 1773 1218 1827 nondum
1275 1776 1495 1830 calicem
1541 1775 2085 1832 circumferoillauc

2186 1784 2214 1834 ὁ
2247 1781 2471 1846 Θάνατος
2510 1781 2871 1846 συνέζευκται,
2910 1782 3003 1835 καὶ
3030 1780 3183 1834 οΰπω
3218 1780 3280 1832 τὸ
3307 1783 3562 1851 ποτήριον
3593 1796 3742 1848 περι-

524 1870 656 1931 puto
688 1861 857 1918 fuisse
899 1863 1196 1922 Salvatoris
1239 1869 1561 1923 sententiam
1614 1869 1669 1924 in
1714 1870 1932 1926 concisa
1987 1869 2085 1923 hac

2189 1867 2367 1940 φέρω;
2395 1867 2612 1938 Ταύτην
2638 1865 2732 1920 τοῦ
2763 1867 3009 1938 Σωτῆρος
3029 1865 3126 1936 τὴν
3154 1863 3388 1918 διάνοιαν
3421 1867 3477 1918 ἐν
3509 1866 3574 1934 τῇ
3618 1879 3742 1915 συν-

524 1967 672 2007 νοοθ.

592 2042 658 2097 Ει
683 2059 807 2098 vera
833 2059 962 2100 sane
992 2046 1159 2113 dicit,
1193 2057 1248 2102 et
1285 2055 1465 2103 tamen
1512 2065 1619 2103 non
1646 2051 1749 2104 fuit
1776 2051 2085 2114 derelictus.

525 2132 630 2190 Sed
660 2137 841 2190 statim
873 2136 1060 2202 ebibit,
1084 2140 1473 2208 utpostulavit,
1492 2150 1546 2196 et
1565 2144 1898 2212 pertransiit.
1915 2144 2088 2213 Atque

523 2227 688 2297 hujus
723 2228 802 2284 rei
841 2230 1056 2285 videtur
1085 2231 1220 2286 mihi
1250 2232 1422 2288 fuisse
1439 2235 1764 2306 symbolum,
1787 2238 1932 2307 quod
1958 2254 2086 2307 por-

523 2327 730 2376 rectum
756 2331 839 2378 est
866 2323 942 2378 illi
968 2333 1202 2379 acetum.
1238 2324 1500 2381 Mutatum
1521 2327 1665 2382 enim
1687 2329 1873 2383 vinum
1898 2331 2088 2384 innue-

524 2413 617 2468 bat
648 2413 804 2471 facile
827 2427 1130 2487 promptam
1169 2419 1317 2475 illius
1367 2421 1722 2476 mutationem
1765 2432 1924 2492 atque
1957 2438 2088 2477 con-

522 2506 826 2562 versionem
848 2523 1010 2579 quam
1046 2512 1280 2581 recepit,
1313 2527 1413 2583 pro
1457 2515 1710 2582 passione
1762 2530 1955 2584 nempe
1984 2515 2086 2568 im-

521 2599 952 2670 passibilitatem,
973 2613 1025 2657 et
1042 2620 1138 2674 pro
1160 2617 1332 2662 morte
1349 2608 1829 2674 immortalitatem,
1846 2618 1899 2663 et
1915 2625 2008 2679 pro
2023 2625 2088 2664 eo

521 2703 581 2748 ut
608 2694 962 2764 judicaretur,
994 2695 1274 2766 judicare;
1304 2708 1358 2754 et
1388 2715 1484 2769 pro
1511 2716 1576 2757 eo
1595 2709 1652 2755 ut
1682 2701 1783 2756 sibi
1810 2702 2087 2773 tyrannice

522 2785 903 2855 imperaretur,
940 2801 1167 2857 reg—nare
1207 2789 1502 2860 accipiens.
1551 2790 1786 2862 Spongia
1811 2793 1954 2847 enim
1983 2833 1996 2858 ,
2030 2800 2088 2846 ut

521 2877 776 2932 existimo
801 2919 817 2945 ,
877 2877 1142 2950 integram
1189 2883 1414 2936 omnino
1455 2884 1625 2938 sancti
1659 2883 1893 2952 Spiritus
1923 2885 1977 2938 in
2022 2900 2087 2937 eo

523 2978 824 3027 exstantem
873 2975 1374 3043 attemperationem
1417 2975 1699 3044 ostendit-;
1743 2984 1795 3031 et
1844 2977 2087 3032 calamus

523 3072 796 3134 sceptrum
825 3065 1027 3136 regale,
1055 3081 1117 3122 ac
1139 3067 1377 3122 divinam
1404 3070 1575 3139 legem
1611 3068 1992 3123 subindicavit.
2022 3070 2088 3122 At

2186 1961 2336 2032 τόμῳ
2364 1963 2509 2031 φωνῇ
2541 1959 2904 2031 τεκμαίρομαι
2923 1958 3224 2026 γεγονέναι.

2257 2053 2364 2105 Καὶ
2393 2051 2564 2122 ἀληθῆ
2606 2068 2669 2118 γε
2713 2049 2895 2118 ἔλεγεν
2937 2049 3065 2121 (15),
3110 2049 3203 2100 καὶ
3232 2047 3333 2099 οὐκ
3376 2046 3744 2114 ἐγκαταλέλει-

2188 2156 2335 2192 πται.
2378 2138 2513 2191 Ἀλλ’
2559 2137 2717 2200 εὐθὺς
2759 2136 2987 2200 ἐξέπιεν,
3032 2135 3107 2198 ὡς
3140 2132 3362 2203 ἠξίωσε,
3392 2134 3481 2184 καί
3507 2132 3748 2202 παρελήο

2187 2232 2334 2288 λυθε.
2361 2233 2471 2286 Kal.
2496 2230 2653 2284 τοῦτό
2691 2247 2779 2301 μοι
2820 2229 2962 2282 δοκεῖ
2983 2228 3041 2280 τὸ
3081 2225 3406 2298 παρενεχθὲν
3440 2224 3557 2288 ὅξος
3600 2225 3748 2294 αὑτῷ

2187 2323 2467 2392 γεγονέναι
2509 2320 2789 2392 σύμϐολον.
2841 2321 2900 2374 '0
2937 2318 3044 2390 γὰρ
3077 2319 3362 2390 ὲντροπίας
3401 2314 3544 2380 οἶνος
3569 2318 3746 2387 διεσή-

2190 2431 2376 2486 μαινεν
2399 2413 2525 2476 ἴσως
2551 2413 2648 2484 τὴν
2673 2412 2848 2478 ὀξεῖαν
2871 2411 3032 2465 αὑτοῦ
3064 2410 3270 2482 τροπὴν
3298 2411 3394 2464 καὶ
3425 2409 3744 2480 μεταϐολὴν,

2185 2509 2252 2578 ἣν
2290 2503 2626 2568 κατεδέξατο,
2669 2504 2786 2557 ἀντὶ
2818 2503 2911 2556 τοῦ
2957 2502 3159 2566 πάθους
3188 2502 3284 2572 τὴν
3328 2502 3623 2564 ἀπάθειαν,
3662 2503 3748 2554 καὶ

2186 2599 2306 2654 ἀντὶ
2326 2597 2419 2651 τοῦ
2449 2597 2674 2651 θανάτου
2706 2598 2804 2668 τὴν
2837 2596 3155 2660 ἀθανασίαν,
3188 2597 3280 2649 καὶ
3297 2596 3422 2648 ἀντὶ
3453 2594 3548 2647 τοῦ
3578 2594 3749 2665 κρίνε-

2188 2687 2311 2741 σθαι
2337 2688 2400 2740 τὸ
2429 2688 2655 2759 κρίνειν,
2691 2687 2810 2740 ἀντὶ
2834 2685 2928 2740 τοῦ
2955 2685 3324 2758 τυραννεῖσθαι
3358 2685 3419 2737 τὸ
3453 2684 3750 2754 βασιλεύειν

2191 2780 2522 2852 μεταλαϐών.
2561 2782 2626 2834 Ὅ
2660 2798 2717 2833 τε
2745 2780 2853 2852 γὰρ
2903 2781 3156 2849 σπόγγος,
3177 2779 3250 2842 ὡς
3289 2773 3465 2848 οἶμαι,
3498 2778 3596 2847 τὴν
3627 2777 3752 2844 ὃλην

2185 2876 2252 2928 δι’
2282 2875 2402 2928 ὅλου
2429 2873 2521 2927 τοῦ
2547 2875 2700 2944 ἁγίου
2726 2873 2863 2927 ΙΙνεύ
2873 2890 3038 2943 ματος
3062 2875 3116 2926 ὲν
3137 2871 3284 2942 αὐτῷ
3301 2870 3604 2941 γενομένην
3629 2869 3755 2921 ἀνά-

2187 2987 2382 3041 κρασιν
2423 2970 2664 3039 ἐνέφηνε·
2707 2968 2797 3021 καὶ
2846 2967 2874 3020 ὁ
2922 2966 3162 3036 κάλαμος
3205 2966 3268 3018 τὸ
3313 2964 3584 3034 βασίλειον
3624 2963 3753 3032 σκῆ-

2190 3080 2375 3132 πτρον,
2406 3064 2499 3116 καὶ
2524 3062 2614 3115 τὸν
2641 3063 2781 3115 θεῖον
2802 3061 2963 3132 νόμον
2987 3062 3283 3132 ὑπέφηνεν.
3329 3061 3388 3113 ’0
3416 3059 3472 3112 δὲ
3500 3059 3748 3120 ὖσσωπος

525 3153 793 3225 hyssopus
823 3156 1088 3212 viviﬁcam
1121 3158 1525 3228 salutarcmque
1572 3157 1694 3227 ejus
1726 3159 2085 3225 resurrectio-

2190 3153 2290 3225 τὴν
2322 3153 2554 3225 ζωτικὴν
2583 3155 2674 3208 καὶ
2705 3153 2965 3225 σωτήριον
2996 3153 3208 3226 ἔγερσιν
3241 3151 3420 3216 αὑτοῦ,
3460 3152 3526 3204 δι’
3551 3146 3620 3222 ἧς
3646 3149 3740 3204 καὶ

523 3261 668 3310 nem,
698 3261 795 3315 per
815 3262 978 3316 quam
1013 3257 1067 3302 et
1102 3262 1203 3303 nos
1243 3248 1604 3303 incolumitati
1644 3247 1922 3303 restitutos
1966 3249 2087 3302 red-

522 3338 676 3391 didit.

595 3425 659 3478 V.
692 3427 779 3480 45.
811 3429 1070 3496 Apparuit
1091 3436 1263 3482 autem
1293 3428 1373 3482 illi
1403 3429 1617 3500 angelus
1663 3446 1688 3484 e
1724 3428 1850 3483 caelo
1875 3431 2088 3500 confor-

523 3525 640 3571 tans
667 3532 804 3572 eum.

593 3606 661 3663 Υ.
691 3609 780 3664 44.
807 3609 875 3663 Et
900 3627 1018 3664 cum
1036 3611 1152 3680 jam
1188 3619 1320 3666 esset
1362 3612 1417 3664 in
1444 3613 1636 3683 agonia
1674 3613 1928 3669 intensius
1965 3631 2090 3669 ora-

522 3698 632 3756 bat.
664 3698 794 3756 Fuit
827 3711 1002 3756 autem
1035 3703 1202 3757 sudor
1225 3703 1361 3772 ejus,
1390 3715 1445 3757 ut
1471 3705 1698 3775 grummi
1719 3744 1734 3769 ,
1773 3707 1860 3776 qui
1881 3707 2092 3761 descen-

522 3793 656 3848 dunt
679 3794 734 3847 in
769 3804 981 3848 terram.

593 3885 954 3943 Proverbialis
985 3889 1190 3944 locutio
1223 3897 1306 3946 est
1325 3889 1392 3945 de
1413 3890 1480 3945 iis
1499 3890 1590 3960 qui
1615 3891 2093 3948 vehementissime

522 3977 707 4033 dolent
752 3986 809 4034 et
844 3979 1208 4035 colluctantur
1236 3998 1248 4035 :
1281 3979 1567 4052 Sanguinis
1594 3983 1796 4047 sudor;
1836 3995 1896 4038 et
1925 3985 1992 4040 de
2024 3984 2092 4040 iis

523 4070 619 4140 qui
665 4086 849 4126 amare
903 4081 1241 4142 queruntur:
1291 4072 1590 4144 Sanguine:
1619 4076 1728 4144 ﬂet.
1762 4074 1957 4131 Dicens
1981 4115 1996 4142 ,
2033 4085 2090 4130 ut

485 4162 751 4234 'grummi
771 4165 1080 4233 sanguinis,
1115 4181 1226 4220 non
1272 4181 1554 4236 grummos
1593 4169 1811 4224 sudoris
1856 4170 2093 4226 ostendit

523 4254 825 4323 sanguinis.
856 4253 975 4310 Non
1005 4257 1150 4312 enim
1173 4256 1238 4312 ad
1265 4257 1643 4313 instarhorum
1665 4259 1893 4315 dixisset
1921 4261 2091 4318 fuisse

523 4346 772 4400 sudores.
810 4343 922 4400 Hoc
946 4346 1114 4413 enim,
1139 4355 1196 4400 ut
1219 4348 1465 4417 grummi,
1498 4347 1782 4417 signiﬁcat.
1815 4350 1956 4417 Quin
1987 4366 2088 4422 po-

523 4435 633 4489 tius
655 4434 843 4490 volens
865 4436 1165 4500 ostendere,
1184 4437 1331 4506 quod
1353 4450 1461 4491 non
1487 4438 1741 4494 tenuibus
1761 4440 2085 4508 quibusdam

2193 3247 2337 3316 ἡμᾶς
2370 3245 2496 3313 ὕγια
2529 3245 2636 3317 (14)
2668 3245 2884 3310 ἔδειξεν.

2259 3428 2405 3498 Στιχ.
2444 3432 2552 3498 μγ’.
2593 3429 2778 3496 Ὠφθη
2799 3426 2866 3480 δὲ
2893 3425 3051 3492 αὐτῷ
3076 3425 3330 3496 ἄγγελος
3359 3425 3458 3479 ἀπ’
3486 3422 3741 3491 οὐραγοῦ

2189 3519 2488 3588 ἐνισχύων
2511 3520 2716 3573 αὐτόν.

2261 3613 2406 3682 Στιχ.
2442 3611 2542 3682 μδ’.
2583 3611 2688 3664 Καὶ
2722 3610 3035 3680 γενόμενος
3061 3609 3131 3661 ἐν
3158 3606 3379 3677 ἀγωνίᾳ
3412 3603 3753 3658 ἐκτενέστε-

2184 3721 2298 3771 ρον
2324 3703 2719 3770 προσηύχετο.
2769 3701 3034 3770 Ἐγένετο
3058 3699 3126 3752 δὲ
3155 3702 3186 3752 ό
3229 3697 3402 3766 ἱδρὼς
3434 3696 3640 3760 αὑτοῦ,
3669 3696 3750 3762 ὡς

2191 3799 2243 3850 οἱ
2276 3795 2512 3864 θρόμϐοι
2543 3793 2652 3864 (15)
2683 3796 2736 3847 οἱ
2761 3794 3213 3856 καταϐαίνοντες
3249 3790 3347 3843 ἐπὶ
3380 3788 3495 3857 τὴν
3525 3787 3659 3858 γῆν.

2261 3888 2534 3960 Παροιμία
2561 3887 2772 3955 λέγεται
2799 3887 2889 3939 ἐπὶ
2914 3883 3020 3937 τῶν
3047 3883 3249 3954 σφόδρα
3269 3880 3617 3951 λυπουμένων
3649 3877 3750 3932 καὶ

2191 3979 2564 4049 ἀγωνιώντων,
2597 3979 2841 4047 αἵματος
2877 3975 3134 4044 ἵδρωσιςθ
3170 3975 3358 4043 ὥσπερ
3387 3974 3484 4026 καὶ
3522 3974 3610 4025 ἐπὶ
3634 3970 3744 4022 τῶν

2191 4072 2401 4145 πικρῶς
2420 4071 2778 4142 ὀδυρομένων,
2799 4070 3014 4137 αἵματα
3036 4069 3247 4121 κλαίει.
3278 4068 3397 4119 Ὅτι
3417 4065 3558 4120 ὡσεί
3585 4068 3751 4134 θρόμ-

2190 4169 2278 4221 ϐοι
2313 4168 2558 4236 αἵματος
2584 4163 2772 4228 εἰπὼν,
2797 4165 2859 4216 οὐ
2885 4163 3153 4235 θρόμϐους
3181 4160 3402 4233 ἱδρῶτος
3436 4161 3756 4233 ἀπεφήνατο

2189 4261 2436 4331 αἵματος.
2479 4261 2551 4313 Οὐ
2585 4259 2693 4331 γὰρ
2733 4259 2799 4312 ἂν
2839 4257 2955 4311 καθ’
2992 4257 3285 4328 ὁμοιότητα
3327 4255 3533 4307 τούτων
3564 4255 3754 4324 εἴρηκε

2187 4352 2433 4421 γενέσθαι
2458 4352 2579 4415 τοὺς
2606 4349 3029 4420 ίδρῶτας.Τοῦτο
3052 4348 3156 4420 γὰρ
3179 4347 3320 4401 ὡσεί
3341 4348 3582 4415 θρόμϐοι
3609 4363 3755 4414 παρ-

2191 4444 2386 4515 ίστησι.
2429 4443 2608 4497 Θέλων
2657 4441 2712 4494 δὲ
2747 4441 2942 4512 μᾶλλον
2981 4439 3236 4511 δηλῶσαι,
3273 4438 3349 4501 ὡς
3376 4438 3497 4508 οὐχὶ
3527 4437 3756 4500 λεπταῖς

523 4525 782 4593 guttulis,
826 4527 1092 4597 quasique
1121 4526 1188 4582 ad
1212 4526 1472 4583 indicium
1511 4529 1673 4584 modo
1697 4533 2083 4600 apparentibus

2186 4553 2292 4590 τισι
2324 4534 2510 4599 valet,
2541 4536 2636 4588 καὶ
2653 4529 2761 4587 οἷον
2788 4531 3062 4596 ἐνδείξεως
3087 4531 3244 4602 χάριν
3277 4529 3754 4599 ἐπιφαινομέναις,

523 4617 868 4674 Dominicum
919 4634 1121 4690 corpus
1165 4619 1584 4690 perstillaverit:
1636 4622 1729 4676 sed
1763 4626 1908 4694 quod
1961 4642 2086 4682 vere

523 4711 836 4768 uberiorum
864 4719 1138 4782 guttarum
1167 4712 1336 4768 instar
1357 4722 1527 4769 totum
1548 4714 1841 4771 sudoribus
1864 4717 2086 4786 perfun-

522 4804 771 4871 debatur,
823 4803 1106 4874 sanguinis
1155 4820 1437 4874 grummos
1475 4805 1540 4861 ad
1592 4810 2082 4878 repraesentandam

519 4897 600 4953 rei
631 4896 922 4967 imaginem
939 4896 1252 4966 assumpsit.
1285 4895 1680 4955 Ostendebatur
1705 4915 1868 4970 porro
1893 4917 2084 4971 quem-

520 4989 815 5046 admodum
863 4989 1025 5044 etiam
1061 5005 1156 5059 per
1191 4989 1617 5048 intensissimam
1649 4995 1950 5050 orationem
1981 5036 1998 5061 ,
2032 5004 2085 5049 ct

519 5083 749 5138 multam
775 5083 1049 5152 agoniam,
1079 5082 1152 5136 ita
1173 5083 1334 5137 etiam
1359 5098 1457 5152 per
1479 5083 1741 5140 sudorum
1758 5087 2081 5150 crassitiem,

519 5176 648 5245 quia
673 5176 990 5231 naturaliter
1018 5185 1073 5230 et
1119 5175 1318 5246 reipsa,
1347 5190 1454 5231 non
1482 5191 1610 5232 vero
1661 5179 2002 5247 specietenus
2033 5191 2084 5235 et

517 5268 880 5338 phantastice,
912 5269 1076 5324 homo
1103 5277 1222 5323 erat
1247 5267 1513 5334 Salvator,
1547 5279 1602 5324 et
1623 5272 1961 5328 naturalibus
1987 5274 2086 5327 ho-

518 5357 754 5424 minum,
779 5359 1069 5428 inculpatis
1100 5367 1303 5425 tamen,
1353 5358 1681 5414 inserviebat
1713 5361 2078 5428 passionibus.

518 5445 884 5504 Nihilominus
907 5450 1036 5504 illud
1069 5467 1085 5505 :
1119 5449 1442 5506 Potestatem
1471 5450 1631 5506 habeo
1650 5455 2081 5522 ponereanimam

520 5559 710 5611 meam,
743 5556 792 5600 et
824 5556 1134 5616 potestatem
1162 5535 1327 5601 habeo
1356 5549 1548 5602 iterum
1593 5549 1833 5603 sumendi
1869 5566 1985 5604 eam
2015 5553 2078 5618 ³⁸,

2191 4628 2252 4681 τὸ
2303 4624 2615 4680 δεσποτικὸν
2673 4623 2938 4687 ὲνοτίζετο
2997 4622 3173 4694 σῶμα,
3231 4621 3342 4675 ἀλλ’
3401 4622 3477 4684 ὡς
3538 4621 3755 4690 ἀληθῶς

2191 4717 2366 4788 ἁδρῶν
2389 4715 2662 4784 σταγόνων
2683 4713 2835 4784 δίκην
2855 4714 2972 4767 ὅλον
2993 4715 3104 4776 τοῖς
3132 4711 3317 4784 ἱδρῶσι
3337 4729 3404 4764 πε
3413 4711 3754 4782 ριεστάζετο,

2189 4811 2314 4874 τοὺς
2337 4809 2444 4862 τῶν
2467 4808 2708 4879 αἱμάτων
2734 4806 3001 4878 θρόμϐους
3023 4808 3102 4869 είς
3126 4805 3307 4858 εἰκόνα
3329 4805 3424 4858 τοῦ
3452 4822 3656 4876 γεγενη
3666 4806 3760 4875 μὲ-

2191 4915 2281 4951 νου
2325 4898 2672 4969 παρείληφεν.
2715 4897 2931 4968 Ἐδήλου
2969 4897 3024 4949 δὲ
3052 4898 3158 4968 ἄρα
3188 4895 3375 4966 ὥσπερ
3409 4896 3501 4948 καὶ
3542 4895 3634 4947 διὰ
3663 4895 3758 4964 τῆς

2191 4990 2548 5061 ὲντεταμένης
2589 4988 2918 5061 προσευχῆς,
2964 4988 3055 5042 καὶ
3103 4989 3202 5058 τῆς
3245 4986 3443 5055 πολλῆς
3486 4985 3758 5053 ἀγωνίας,

2188 5082 2330 5136 οὕτω
2355 5083 2448 5136 καὶ
2480 5081 2566 5135 διά
2593 5081 2693 5151 τῆς
2717 5081 2824 5135 τῶν
2852 5080 3088 5153 ἱδρώτων
3123 5078 3451 5149 παχύτητος,
3483 5077 3562 5140 ὡς
3592 5077 3761 5146 φύσει

2187 5179 2280 5231 καὶ
2322 5176 2554 5248 άληθῶς,
2601 5176 2711 5230 ἀλλ’
2759 5176 2858 5228 οὑκ
2903 5173 3154 5240 ἐπιδείξει
3198 5174 3290 5226 καὶ
3330 5173 3626 5242 φαντασίᾳ,
3668 5172 3763 5225 ἄν⁴

2189 5272 2403 5344 θρωπός
2427 5288 2487 5324 τε
2519 5269 2882 5342 ἐχρημάτισεν
2921 5270 2949 5321 ό
2987 5268 3197 5339 Σωτὴρ,
3229 5267 3324 5320 καὶ
3351 5269 3464 5330 τοῖς
3502 5269 3761 5334 (gummi;

2188 5366 2295 5419 τῶν
2323 5363 2620 5436 ἀνθρώπων
2645 5365 2735 5416 καὶ
2764 5361 3099 5432 ἀδιαϐλήτοις
3124 5361 3505 5432 ὑπηρετήσατο
3534 5361 3750 5414 πάθεσι.

2189 5459 2262 5513 Τὸ
2291 5458 2492 5530 μέντοι,
2539 5455 2851 5520 Έξουσίαν
2870 5453 2985 5522 ἔχω
3016 5453 3200 5507 θεῖναι
3231 5453 3344 5520 τὴν
3374 5452 3589 5522 ψυχήν
3612 5472 3752 5523 μου,

2189 5552 2282 5607 καὶ
2311 5548 2597 5614 ἐξουσίαν
2623 5546 2739 5614 ἔχω
2769 5543 2953 5599 πάλιν
2983 5543 3188 5599 λαϐεῖν
3215 5543 3428 5609 αὐτὴν,
3457 5545 3517 5597 ὲν
3540 5544 3753 5608 τούτοις

590 5660 638 5694 ⁸⁸
664 5657 822 5714 Joan.
854 5677 1009 5725 xvm,
1048 5662 1134 5716 Η.
1215 5663 1259 5694 ’⁷
1296 5661 1483 5716 Matth.
1538 5679 1669 5726 xvn,
1705 5660 1794 5728 46;
1826 5662 1990 5720 Marc.
2025 5684 2085 5721 xv

2186 5669 2231 5723 4.
2307 5666 2352 5697 ³⁸
2380 5663 2534 5719 Joan.
2563 5677 2618 5727 x,
2646 5659 2729 5715 18.

592 5776 704 5918 ξίὸ)
735 5775 955 5831 Confer.
989 5777 1285 5850 Theophyl.
1313 5781 1363 5833 in
1389 5777 1647 5834 Marcum.

621 5849 704 5918 14)
733 5847 874 5918 Lege
910 5849 1148 5918 ὑγίασεν.

621 5849 704 5919 14)
733 5847 874 5918 Lege
910 5849 1148 5919 ὑγίασεν.

2261 5783 2371 5854 (l5)
2409 5781 2562 5837 Deest
2598 5781 2842 5850 αἵματος,
2867 5785 2924 5833 ιιι
2953 5785 3097 5846 patet
3123 5791 3188 5831 ex
3218 5776 3595 5846 sequentibus.
