3996 6208
394 311 533 369 1393

1532 314 2091 371 INTERPRETATIO
2131 314 2197 369 IN
2225 313 2481 374 LUCAM.

3480 321 3615 374 133M

388 431 559 503 δηλοῖ,
588 430 829 485 ἑκούσιον
858 428 1078 489 εἶναιτὸ
1110 435 1294 499 πάθος·
1329 436 1421 490 καὶ
1454 436 1554 501 ἔτι,
1584 437 1659 502 ὡς
1681 437 1813 509 ἄλλη
1848 438 1945 508 μὲν

2058 437 2105 492 in
2142 437 2227 494 his
2260 439 2515 505 ostendit,
2546 439 2906 494 voluntariam
2939 455 3059 495 esse
3088 441 3394 511 passionem
3427 457 3441 492 :
3480 455 3620 508 prte-

389 525 428 599 ἠ
460 526 710 595 τιθεμένη
734 524 825 578 καὶ
848 524 1230 599 λαμϐανομένη
1261 529 1427 600 ψυχὴ,
1451 529 1580 600 άλλη
1603 530 1658 583 δὲ
1685 533 1717 601 ή
1749 532 1956 585 τιθεῖσα

389 616 485 672 καὶ
524 614 872 686 λαμϐάνουσα
907 615 1113 689 θεότης.
1151 618 1373 689 (Ἄλλην
1407 620 1461 673 δὲ
1501 622 1595 674 καὶ
1621 620 1785 691 ἄλλην
1828 620 1953 691 ἔφη,

389 708 490 764 οὐκ
527 709 605 770 εἰς
640 706 733 761 δύο
766 710 1028 781 πρόσωπα
1061 710 1299 783 διαιρῶν,
1330 711 1462 764 ἀλλά
1487 712 1594 764 τῶν
1619 711 1711 765 δύο
1744 712 1957 781 φύσεων

389 800 599 861 δεικνὺς
619 799 678 852 τὸ
704 800 957 873 διάφορον
996 801 1148 871 (16).)
1182 803 1289 854 Καὶ
1314 801 1502 873 ὥσπερ
1544 804 1706 874 σαρκὶ
1737 803 1829 857 τὸν
1864 803 1959 857 θά-

387 907 547 947 νατον
586 891 881 962 ὑπομείνας
908 893 1069 956 ἑκὼν,
1102 895 1158 945 ὲν
1186 890 1318 964 α’)τῇ
1358 895 1455 965 τὴν
1494 893 1801 966 ἀφθαρσίαν
1828 894 1958 963 ἐφύ-

385 998 598 1047 τευσεν,
622 982 764 1035 οὕτω
792 985 883 1037 καὶ
912 984 969 1036 τὺ
990 984 1090 1052 τῆς
1119 983 1354 1048 δουλείας
1378 985 1487 1057 (17)
1517 986 1765 1056 βουλήσει
1793 1002 1959 1057 προσο

388 1075 663 1145 ηκάμενος
712 1074 899 1140 πάθος,
945 1077 1080 1147 αὐτῇ
1133 1076 1195 1129 τὸ
1221 1076 1415 1147 θάρσος
1443 1078 1535 1130 καὶ
1574 1077 1669 1148 τὴν
1708 1077 1956 1149 ἀνδρείαν

394 1164 727 1238 ὲνέσπειρεν,
765 1165 823 1231 ἐξ
862 1164 930 1238 ἧς
954 1168 1083 1231 τοὺς
1118 1168 1469 1233 πιστεύοντας
1504 1170 1583 1232 εἰς
1625 1169 1788 1221 αὑτὸν
1822 1168 1957 1239 πρὸς

394 1258 520 1320 τοὺς
543 1257 634 1311 τοῦ
663 1259 958 1331 μαρτυρίου
987 1260 1248 1331 μεγάλους
1273 1260 1464 1323 ἄθλους
1486 1259 1749 1331 ὲνεύρισε.
1776 1261 1956 1334 Ταύτῃ

393 1366 475 1402 τοι
505 1349 598 1403 καὶ
640 1348 864 1421 θρόμϐοι
902 1351 1120 1420 ἱδρῶτος
1160 1348 1321 1404 αύτοῦ
1365 1349 1679 1421 παραδόξως
1714 1345 1801 1402 οἷα
1832 1368 1957 1403 στα-

393 1437 546 1505 γόνες
581 1438 807 1507 αἵματος
840 1440 1125 1510 ἀπέρρεον,
1176 1440 1263 1493 ἵνα
1303 1440 1400 1511 τῆς
1428 1440 1701 1511 ἡμετέρας
1744 1440 1956 1509 φύσεως

393 1526 579 1599 ὥσπερ
608 1529 917 1602 άναξηράνῃ
950 1532 1042 1583 καὶ
1075 1529 1315 1600 ὲξοικίσῃ
1352 1528 1449 1599 τὴν
1483 1530 1581 1599 τῆς
1612 1530 1813 1593 δειλίας
1848 1542 1954 1599 πη-

393 1623 513 1693 γήν.
554 1623 703 1675 Ἐπεὶ
735 1624 781 1674 εί
810 1622 883 1692 μὴ
927 1622 1080 1675 τοῦτο
1111 1619 1176 1694 ἦν
1202 1623 1276 1686 ὠς
1313 1626 1371 1676 ὲν
1412 1622 1691 1695 μυστηρίῳ
1726 1623 1956 1694 πραττό-

395 1732 575 1786 μενον,
593 1716 711 1769 οὐδὲ
742 1718 774 1788 ή
802 1716 915 1785 (18)
939 1719 1140 1788 σφόδρα
1156 1717 1454 1781 δειλότατός
1465 1735 1547 1780 τις
1559 1718 1651 1770 καὶ
1668 1717 1956 1785 ἀγενέστα-

2059 539 2225 595 terea,
2262 534 2407 602 quod
2435 534 2539 588 alia
2565 534 2781 603 quidem
2818 533 2887 588 sit
2914 536 3086 602 posita
3102 542 3383 602 etsumpta
3415 533 3616 594 anima.

2056 623 2161 676 alia
2193 639 2319 678 vero
2341 640 2545 693 ponens
2580 636 2631 678 et
2660 640 2880 679 sumens
2906 625 3178 679 divinitas.
3214 626 3423 697 (Aliam
3458 634 3619 694 atque

2056 715 2216 768 aliam
2250 716 2405 783 dixit,
2456 732 2563 770 non
2597 717 2650 770 in
2674 717 2810 771 duas
2835 731 3096 786 personas
3119 717 3432 785 dispescens
3455 757 3469 781 ,
3524 716 3616 770 sed

2056 809 2286 862 duarum
2313 816 2629 861 naturarum
2665 808 2909 862 indicans
2939 807 3279 877 discrimen.)
3322 809 3388 861 Et
3430 822 3620 877 quem-

2058 897 2346 952 admodum
2369 913 2533 952 carne
2568 907 2795 952 mortem
2829 908 3019 967 sponte
3057 898 3364 965 sustinens,
3401 900 3453 953 in
3504 900 3617 968 ipsa

2056 986 2619 1056 incorruptibilitatem
2665 988 2970 1057 plantavit:
3019 990 3097 1045 sic
3128 991 3291 1043 etiam
3343 990 3621 1043 voluntate

2057 1076 2268 1131 timoris
2297 1076 2637 1146 tristitiaeque
2670 1078 2979 1146 passionem
3008 1078 3297 1134 admittens
3328 1119 3342 1141 ,
3374 1094 3468 1148 per
3499 1094 3616 1132 eam

2058 1167 2252 1221 insevit
2272 1168 2627 1221 constantiam
2655 1166 3131 1238 fortitudinemque
3156 1211 3172 1237 ,
3213 1186 3316 1240 qna
3343 1174 3621 1225 credentes

2057 1259 2111 1313 in
2135 1259 2334 1327 ipsum,
2362 1258 2427 1313 ad
2457 1260 2699 1329 martyrii
2747 1275 2940 1328 magna
2969 1261 3261 1315 certamina
3300 1264 3622 1315 corrobora-

2056 1350 2151 1405 vit.
2176 1349 2461 1419 Propterea
2493 1350 2655 1403 etiam
2690 1350 2923 1418 grummi
2964 1351 3179 1405 sudoris
3230 1352 3348 1420 ejus
3392 1362 3617 1421 stupen~

2055 1441 2184 1494 dum
2218 1440 2271 1493 in
2297 1440 2519 1494 modum
2553 1442 2709 1509 quasi
2742 1449 2905 1511 gutta:
2955 1444 3236 1513 sanguinis
3282 1444 3618 1510 defluebant,

2056 1541 2115 1585 ut
2149 1542 2346 1585 nostra:
2386 1540 2590 1585 natura:
2620 1532 3024 1600 quodammodo
3049 1532 3407 1589 arefacerctet
3439 1544 3623 1587 extru—

2055 1622 2202 1676 deret
2232 1622 2456 1692 ignaviae
2485 1621 2708 1679 fontem.
2733 1621 2865 1677 Nam
2904 1624 2947 1679 si
2981 1625 3084 1678 hoc
3120 1633 3375 1693 tauquam
3419 1635 3618 1695 myste-

2057 1710 2139 1764 rio
2162 1710 2361 1765 factum
2396 1727 2503 1765 non
2535 1712 2763 1779 fuisset;
2795 1730 2859 1767 ne
2890 1715 2933 1768 si
2970 1714 3186 1782 quidem
3233 1714 3621 1783 ignavissimus

391 1825 482 1873 τος
517 1810 780 1881 ὑπῆρχεν,
825 1787 1312 1881 αἴματοςίὲμελλεν
1370 1811 1570 1864 νοτίσιν
1615 1810 1672 1875 ἐξ
1718 1810 1954 1878 ἀγωνίας

2064 1803 2682 1873 meticulosissimusque
2730 1802 2960 1869 fuisset,
3019 1805 3297 1874 sanguinis
3343 1805 3502 1859 stillis
3555 1821 3622 1859 ex

394 1901 553 1971 μόνον
595 1902 783 1971 ὥσπερ
828 1904 1049 1973 ἱκμάσιν
1098 1903 1317 1973 ἱδρῶτος
1358 1903 1504 1975 παρὰ
1549 1902 1709 1973 φύσιν
1764 1900 1955 1974 ὑγραί-

393 1993 601 2047 νεσθαι.

460 2082 708 2138 Τοιοῦτόν
755 2085 869 2137 tm
911 2085 1128 2137 κάκεῖνο
1169 2082 1228 2137 τὸ
1264 2082 1570 2155 εἰρημένον,
1602 2084 1677 2148 ὡς
1725 2083 1953 2153 ἄγγελος

389 2170 458 2246 ἦν
488 2174 843 2246 παρεστηκὼς
870 2175 944 2245 τῷ
971 2176 1202 2247 Σωτῆρι,
1234 2178 1326 2228 καὶ
1348 2176 1606 2247 ἐνισχύων
1629 2178 1815 2232 αὐτόν.
1844 2180 1955 2232 Καὶ

388 2266 551 2319 τοῦτο
570 2266 675 2337 γάρ
715 2269 814 2337 τῆς
843 2269 969 2338 περὶ
1009 2269 1154 2337 ἡμᾶς
1178 2268 1360 2320 ἕνεκεν
1404 2268 1714 2339 οἰκονομίας
1748 2272 1953 2342 ἐπράτ-

389 2373 531 2409 τετο.
548 2356 667 2409 Τῶν
692 2357 797 2428 γάρ
822 2358 960 2429 ὑπὲρ
991 2357 1269 2421 εὐσεϐείας
1291 2357 1514 2426 ἀγώνων
1540 2360 1588 2411 oi
1618 2359 1797 2412 ἀθλεῖν
1828 2362 1954 2431 μὲλ-

391 2445 573 2509 λοντες
606 2447 731 2509 τοὺς
760 2447 933 2518 ἱεροὺς
961 2447 1173 2511 ἄθλους,
1208 2447 1469 2515 ἀγγέλους
1494 2448 1551 2515 ἐξ
1587 2449 1813 2520 ούρανοῦ
1840 2454 1956 2503 ἐπι-

391 2537 716 2610 κουροῦντας
742 2540 923 2602 αὐτοῖς
944 2538 1143 2608 ἔχουσι.
1173 2540 1323 2610 Τάχα
1348 2540 1403 2593 δὲ
1432 2542 1493 2593 τό
1512 2557 1525 2570 '
1558 2539 1768 2609 Πάτερ,
1808 2556 1955 2609 παρ-

391 2629 595 2697 ένεγκε
636 2629 701 2681 τὸ
748 2627 1048 2697 ποτήριον,
1102 2630 1198 2700 οὐχ
1246 2630 1321 2693 ὡς
1368 2629 1550 2695 δεδιὼς
1592 2632 1683 2684 τὸν
1731 2632 1955 2685 θάνατον

391 2718 609 2789 ἔφησεν,
643 2718 753 2771 ἀλλ’
787 2718 871 2771 ἵνα
901 2718 985 2771 διά
1017 2718 1216 2773 τούτων
1252 2719 1689 2791 προσκαλέσηται
1718 2720 1807 2772 τὸν
1833 2719 1953 2772 διά-

394 2809 548 2863 ϐολον
594 2810 760 2880 πῆξαι
807 2810 953 2881 αὐτῷ
1001 2811 1090 2864 τὸν
1138 2814 1382 2884 σταυρόν.
1444 2813 1677 2884 Ῥήμασι
1721 2812 1955 2883 δολεροῐς

392 2902 671 2972 ἠπάτησεν
710 2904 911 2965 ἐκεῖνος
961 2903 1051 2955 τὸν
1096 2904 1285 2974 Ἀδάμ⁸
1332 2904 1537 2974 ῥήμασι
1572 2902 1769 2965 θεῖκοῖς
1815 2903 1957 2954 ἀπα-

390 2991 608 3064 τηθήτω
639 2995 666 3047 ὁ
702 2994 931 3067 δολερός.
969 2994 1104 3047 Ἀλλ’
1132 2996 1249 3049 οὐδὲ
1283 2996 1408 3051 ἀλλο
1440 2996 1649 3066 θέλημα
1679 2994 1769 3049 τοῦ
1803 2995 1952 3060 Υἱοῦ,

392 3086 485 3138 κα).
508 3085 633 3139 ἀλλο
653 3087 744 3139 τοῦ
777 3088 1007 3160 Πατρός.
1046 3089 1103 3141 'U
1129 3088 1235 3159 γάρ
1262 3089 1427 3142 θέλων
1459 3089 1486 3142 ὃ
1521 3088 1665 3142 θέλει
1691 3089 1719 3140 ὁ
1747 3087 1953 3159 Πατὴρ,

2060 1894 2254 1963 agonia
2285 1895 2547 1949 duntaxat
2576 1936 2591 1960 ,
2645 1906 2899 1965 tanquam
2931 1898 3094 1964 guttis
3124 1897 3340 1952 sudoris
3367 1937 3381 1961 ,
3431 1906 3623 1952 contra

2061 1994 2307 2039 naturam
2343 1984 2747 2054 perfundendus
2780 1984 2990 2039 luisset.

2131 2074 2260 2131 Tale
2286 2086 2368 2132 est
2395 2086 2447 2131 et
2474 2076 2603 2130 illud
2633 2076 2779 2146 quod
2808 2077 3037 2144 dicitur,
3082 2078 3207 2147 quia
3239 2080 3464 2147 angelus
3494 2081 3626 2133 asti-

2062 2176 2199 2222 terat
2247 2164 2514 2221 Salvatori
2542 2208 2554 2231 ,
2602 2177 2656 2220 et
2697 2168 3037 2222 confortabat
3081 2184 3228 2223 eum.
3266 2169 3439 2223 Etiam
3482 2172 3622 2225 istud

2060 2260 2203 2313 enim
2237 2259 2659 2328 dispensationis
2692 2271 2887 2314 nostra:
2920 2261 3089 2329 gratia
3132 2261 3313 2314 ﬁebat.
3349 2262 3450 2328 Qui
3478 2265 3622 2317 enim

2061 2366 2158 2419 pro
2190 2351 2449 2421 religione
2478 2351 2709 2405 subituri
2746 2359 2874 2405 sunt
2901 2353 3057 2420 quasi
3075 2367 3229 2406 sacra
3260 2370 3489 2423 agonum
3507 2370 3625 2408 cer-

2063 2442 2285 2509 tamina,
2315 2442 2533 2513 angelos
2566 2442 2763 2496 habent
2792 2443 2857 2496 de
2876 2444 3014 2497 coelo
3039 2459 3193 2513 opem
3214 2443 3449 2499 ferentes
3468 2446 3621 2515 ipsis.

2060 2531 2239 2588 Facile
2265 2536 2427 2588 etiam
2454 2535 2581 2589 illud
2613 2553 2626 2588 :
2661 2534 2855 2599 Pater,
2887 2538 3119 2605 transfer
3158 2538 3371 2590 calicem
3401 2540 3444 2569 ”
3464 2580 3478 2603 ,
3512 2553 3621 2592 non

2061 2635 2317 2696 tanquam
2352 2636 2597 2681 metuens
2623 2635 2849 2681 mortem
2876 2628 3028 2692 dixit,
3054 2629 3145 2682 sed
3170 2638 3226 2681 ut
3248 2644 3341 2697 per
3362 2629 3473 2683 haec
3496 2645 3622 2699 pro-

2060 2728 2279 2773 vocaret
2310 2720 2580 2773 diabolum
2607 2760 2621 2784 ,
2654 2731 2713 2773 ut
2754 2721 2936 2789 figeret
2990 2721 3093 2775 sibi
3134 2736 3368 2775 crucem.
3435 2721 3621 2776 Verbis

2061 2810 2265 2867 dolosis
2293 2810 2479 2865 fefellit
2508 2812 2597 2866 ille
2624 2812 2793 2865 Adam
2831 2830 2842 2865 :
2883 2813 3062 2867 verbis
3098 2814 3294 2868 divinis
3324 2813 3623 2884 decipiatur

2062 2901 2454 2958 fraudulentus.
2487 2902 2590 2957 Sed
2613 2918 2719 2956 non
2749 2912 2831 2958 est
2860 2905 2963 2958 alia
2986 2905 3236 2960 voluntas
3266 2903 3411 2969 Filii,
3437 2916 3489 2961 et
3516 2908 3621 2962 alia

2062 2992 2258 3050 Patris.
2286 2994 2389 3061 Qui
2423 2995 2565 3048 enim
2619 2994 2736 3047 vult
2781 2996 2925 3063 quod
2957 2996 3070 3048 vult
3104 2995 3262 3049 Pater
3287 3037 3301 3060 ,
3352 2996 3622 3050 invenitur

2064 3087 2261 3141 habere
2289 3088 2617 3141 voluntatem
2652 3086 2844 3142 Patris.
2872 3086 2974 3141 Per
2998 3090 3220 3156 figuram
3252 3088 3414 3159 igitur
3455 3090 3619 3155 dicit,

390 3175 701 3249 εὑρίσκεται
749 3178 886 3251 ἔχων
933 3182 992 3234 τὸ
1038 3180 1247 3251 θέλημα
1287 3181 1379 3234 τοῦ
1428 3181 1660 3253 Πατρός.
1713 3181 1955 3252 Σχήματι

2061 3196 2162 3233 non
2192 3196 2325 3241 mea,
2353 3178 2439 3232 sed
2478 3187 2603 3242 tua;
2643 3193 2748 3232 non
2775 3180 2916 3233 enim
2936 3180 3286 3234 vultcalicem
3314 3180 3616 3247 transferri,

391 3262 482 3321 οὖν
513 3267 684 3335 λέγει,
706 3270 790 3337 μὴ
821 3271 886 3323 τὸ
919 3271 1081 3339 ἐμὸν,
1117 3273 1276 3325 ἀλλὰ
1303 3272 1369 3325 τὸ
1398 3273 1535 3327 σόν.
1570 3274 1644 3327 Οὐ
1671 3271 1781 3342 γάρ
1814 3270 1958 3326 θέλει

391 3360 524 3414 αὐτὸ
557 3361 973 3432 παρενεχθῆναι,
1009 3363 1141 3415 ἀλλά
1172 3364 1247 3433 τῷ
1287 3364 1585 3436 βουλήματι
1616 3364 1709 3418 τοῦ
1749 3364 1959 3434 Πατρὸς

391 3452 703 3523 ἀναπέμπει
746 3454 806 3506 τὸ
834 3455 897 3505 ὲκ
928 3454 1020 3506 τοῦ
1051 3454 1255 3517 πάθους
1296 3456 1647 3526 κατόρθωμα,
1682 3455 1757 3518 ὼς
1786 3456 1958 3527 ἀρχὴν

392 3544 569 3616 τιμῶν
600 3527 689 3598 τδν
716 3546 952 3616 Πατέρα.
984 3547 1044 3597 Ei
1080 3544 1187 3617 γὰρ
1220 3545 1445 3617 γνώμην
1477 3547 1575 3617 τὴν
1605 3547 1838 3600 διάθεσιν
1863 3564 1959 3598 κα-

394 3635 576 3689 λοῦσιν
602 3636 648 3687 οἱ
683 3635 923 3705 Πατέρες
942 3651 955 3664 ⁸
980 3634 1184 3703 γίνεται
1216 3634 1271 3688 δὲ
1302 3634 1538 3698 διάθεσις
1574 3635 1708 3706 πρὸς
1735 3633 1795 3685 τὸ
1828 3650 1959 3704 κρυ-

396 3728 488 3780 ϐὲν
531 3727 812 3798 ἐμφρόνως
856 3727 930 3789 ὡς
981 3726 1088 3779 ἀπὸ
1130 3727 1227 3797 τῆς
1280 3725 1636 3797 βουλεύσεως
1675 3725 1791 3789 πῶς
1828 3725 1958 3793 φασί

394 3837 540 3883 τινες
562 3820 650 3873 τὸν
678 3818 898 3890 Κύριον,
932 3818 1021 3871 τὸν
1043 3819 1182 3888 ὑπὲρ
1206 3818 1378 3872 ταῦτα
1406 3820 1601 3883 πάντα,
1634 3817 1842 3887 θέλημα
1865 3816 1959 3885 φέ-

399 3930 513 3989 ρειν
539 3913 839 3984 γνωμικόν;
870 3911 901 3982 ἢ
928 3911 1105 3982 δῆλον,
1141 3909 1197 3977 ἐξ
1231 3912 1469 3980 ἀλογίας.

464 4007 613 4075 Στιχ.
665 4011 766 4076 με’.
801 4004 910 4058 Καὶ
960 4004 1228 4071 ἀναστὰς
1274 4004 1392 4059 ἀπὸ
1439 4003 1548 4071 τῆς
1593 4001 1955 4072 προσευχῆς,

397 4098 589 4153 ἐλθὼν
615 4097 765 4165 πρὸς
796 4096 936 4163 τοὺς
973 4097 1261 4166 μαθητὰς,
1297 4092 1473 4166 εὗρεν
1500 4096 1720 4163 αὐτοὺς
1747 4113 1957 4165 κοιμω-

389 4189 613 4259 μένους
638 4188 755 4244 ἁπὸ
784 4188 892 4255 τῆς
928 4190 1148 4255 λύπης.

467 4283 616 4352 Στιχ.
672 4288 787 4352 pg’.
837 4281 945 4335 Καὶ
995 4277 1164 4334 εἶπεν
1209 4279 1443 4346 αὐτοῖς·
1494 4280 1557 4333 Τί
1608 4279 1958 4342 καθεύδετε;

392 4370 766 4437 ἀναστάντες
806 4371 1236 4438 προσεύχεσθε,
1271 4370 1372 4423 ἵνα
1393 4367 1479 4438 μὴ
1514 4368 1824 4436 εἰσέλθητε
1871 4371 1958 4434 εις

393 4464 747 4533 πειρασμόν.

2060 3272 2152 3327 sed
2180 3272 2442 3325 voluntati
2474 3269 2650 3325 Patris
2681 3271 2850 3325 defert
2892 3271 3184 3340 perfectum
3213 3272 3483 3340 passionis
3533 3272 3622 3326 of-

2057 3364 2262 3431 ﬁcium,
2298 3372 2555 3431 tanquam
2610 3362 2933 3431 principium
2982 3362 3197 3416 Patrem
3229 3363 3521 3417 bonorans.
3561 3362 3620 3418 Si

2058 3452 2201 3505 enim
2233 3450 2553 3504 sententiam
2596 3459 2793 3503 vocant
2822 3450 3009 3504 Patres
3046 3452 3210 3504 animi
3236 3450 3571 3505 affectionem
3601 3492 3619 3518 ,

2059 3545 2321 3614 contingit
2353 3560 2479 3597 vero
2513 3542 2724 3598 affectio
2752 3546 2818 3598 ad
2852 3546 2903 3599 id
2926 3547 3069 3615 quod
3093 3546 3363 3598 occultum
3393 3553 3476 3598 est
3500 3561 3622 3614 pru-

2058 3634 2245 3689 denter
2280 3642 2534 3703 tanquam
2581 3649 2611 3686 a
2645 3635 2874 3689 consilio
2904 3654 2917 3690 :
2972 3638 3244 3706 quomodo
3274 3637 3465 3689 dicunt
3498 3639 3621 3706 qui-

2058 3725 2180 3779 dam
2215 3722 2502 3779 Dominum
2530 3725 2622 3794 qui
2657 3742 2820 3796 super
2842 3728 2956 3781 hazc
2996 3727 3176 3780 omnia
3203 3737 3287 3780 est
3315 3768 3329 3792 ,
3372 3730 3624 3781 volunta-

2059 3827 2166 3873 tem
2198 3816 2339 3872 ferre
2361 3819 2747 3873 sententiosam
2771 3820 2795 3873 Ἰ
2816 3818 2990 3881 Certe,
3008 3828 3067 3873 ut
3093 3828 3257 3888 patet,
3293 3835 3358 3873 ex
3393 3822 3622 3876 rationis

2057 3908 2289 3966 defectu.

2128 3999 2192 4057 ν.
2224 4002 2312 4057 45.
2342 4002 2412 4056 Et
2444 4019 2658 4073 surgens
2691 4003 2754 4056 ab
2791 4002 3048 4065 oratione,
3086 4005 3289 4058 veniens
3337 4003 3406 4055 ad
3454 4001 3623 4056 disci-

2056 4090 2225 4160 pulos,
2260 4093 2451 4147 invenit
2477 4109 2562 4147 eos
2591 4093 2904 4146 dormientes
2938 4108 2968 4143 a
2993 4093 3237 4145 tristitia.

2128 4268 2194 4323 V.
2232 4270 2321 4325 46.
2360 4268 2427 4324 Et
2478 4269 2614 4323 dixit
2648 4270 2764 4323 eis:
2822 4267 2965 4333 Quid
3019 4269 3301 4323 dormitis!
3348 4277 3617 4339 surgentes

2057 4373 2223 4431 orate,
2260 4371 2315 4416 ut
2347 4378 2448 4415 non
2478 4361 2684 4414 intretis
2720 4362 2775 4413 in
2814 4362 3171 4413 tentationem.

463 4507 571 4608 ἰξαὶ
609 4507 720 4626 γὰρ
752 4553 1028 4617 ἀδύνατον,
1067 4552 1297 4623 μάλιστα
1345 4552 1443 4623 μὲν
1486 4554 1613 4616 ἴσως
1654 4552 1815 4605 παντὶ
1857 4553 1949 4603 άν-

2124 4536 2461 4607 lmpossibile
2490 4534 2636 4590 enim
2679 4542 2796 4599 est,
2847 4536 3147 4604 praesertim
3196 4534 3431 4589 fortasse
3470 4534 3619 4586 mind

392 4645 613 4719 θρώπῳ,
640 4647 701 4698 τὸ
735 4645 1008 4707 παντελῶς
1030 4644 1286 4713 ἄγευστον
1307 4643 1542 4713 χαλεποῦ
1566 4661 1706 4707 τινος
1733 4643 1947 4713 διαμεῖ-

393 4754 482 4791 ναι
502 4755 516 4768 ·
563 4738 745 4802 Ὄλος
777 4737 904 4807 γὰρ,
941 4736 1125 4806 φησὶν,
1170 4738 1203 4788 d
1250 4737 1476 4803 κόσμος
1506 4733 1576 4786 ἐν
1605 4733 1684 4799 τῷ
1716 4731 1955 4800 πονηρῷ

395 4826 604 4882 κεῖται·
639 4828 751 4881 καί·
784 4827 854 4881 Τὸ
881 4826 1069 4880 πλέον
1088 4824 1205 4879 τῶν
1235 4824 1470 4893 ἡμερῶν
1491 4824 1596 4878 τοῦ
1619 4822 1953 4891 ἀνθρώπου,

394 4922 581 4984 κόπος
600 4920 695 4972 καὶ
726 4920 926 4984 πόνος.
968 4917 1126 4971 Ἀλλά
1144 4916 1193 4970 τί
1211 4917 1528 4987 διενήνοχεν,
1558 4916 1683 4979 ἴσως
1713 4917 1873 4984 ἐρεῖς,
1898 4915 1958 4968 τὸ

392 5009 716 5079 πειραθῆναι
743 5009 836 5061 καὶ
848 5009 908 5061 τὸ
928 5012 1007 5071 είς
1023 5008 1321 5079 πειρασμὸν
1343 5009 1616 5078 ἐμπεσεῖν,
1650 5006 1765 5076 ῆτοι
1785 5006 1955 5059 είσελ-

394 5100 506 5154 θεῖν
532 5117 547 5165 ;
592 5101 650 5153 Ὀ
681 5101 778 5170 μὲν
810 5101 916 5173 γὰρ
948 5101 1200 5171 ἡττηθεὶς
1232 5100 1336 5152 ὑπὸ
1378 5100 1469 5153 τοῦ
1498 5097 1751 5170 πονηροῦ
1787 5096 1952 5171 ἡττη-

394 5194 616 5263 θήσεται
640 5193 695 5245 δὲ
722 5192 877 5263 εἴπερ
922 5193 994 5263 μὴ
1022 5192 1360 5261 ἀγωνίζοιτο,
1396 5191 1754 5264 ύπερασπίζει
1778 5192 1833 5244 δὲ
1857 5192 1952 5245 αύ-

391 5285 485 5338 τοῦ
522 5286 614 5338 καὶ
643 5286 669 5336 ὁ
701 5283 849 5347 Θεός·
880 5286 959 5347 είς
989 5285 1289 5357 πειρασμὸν
1317 5284 1551 5353 εἰσῆλθε,
1587 5286 1680 5337 καὶ
1718 5284 1863 5337 ἐστιν
1894 5285 1951 5336 ἐν

391 5375 561 5446 αὐτῷ,
592 5375 684 5428 καὶ
712 5375 800 5427 ὑπ’
842 5374 1022 5438 αὑτὸν,
1057 5373 1244 5445 ὥσπερ
1277 5375 1461 5445 ἀχθεὶς
1487 5374 1848 5445 αἰχμάλωτος.
1888 5373 1948 5426 '0

2059 4631 2297 4693 homini,
2340 4644 2558 4683 manere
2614 4644 2839 4698 prorsus
2891 4628 3227 4698 inexpertum
3263 4628 3339 4682 rei
3389 4628 3621 4695 alicujus

2060 4722 2409 4778 molestioris.
2437 4720 2597 4775 Totus
2626 4722 2796 4787 enim,
2822 4721 2916 4787 ait,
2942 4722 3167 4773 mundus
3197 4721 3253 4772 in
3284 4720 3511 4789 maligno
3533 4735 3621 4786 po-

2059 4816 2192 4869 situs
2220 4824 2296 4868 est
2328 4814 2375 4845 ⁸⁰
2407 4832 2421 4880 ;
2458 4823 2551 4869 et:
2588 4812 2725 4867 Pars
2756 4813 2990 4866 maxima
3030 4812 3233 4866 dierum
3263 4813 3489 4866 hominis
3534 4812 3612 4865 ia-

2063 4907 2155 4957 bor
2174 4914 2222 4958 et
2249 4903 2485 4957 molestia
2512 4904 2577 4958 3‘.
2610 4903 2679 4957 At
2714 4903 2863 4957 dices
2895 4900 3146 4965 fortasse,
3186 4899 3325 4967 Quid
3367 4900 3620 4955 differunt

2055 4997 2273 5061 tentari,
2307 5006 2361 5052 et
2384 4997 2437 5050 in
2465 4996 2818 5050 tentationem
2851 4994 3088 5059 incidere
3118 4994 3202 5047 vel
3232 4993 3439 5063 ingredi
3464 4994 3485 5045 ?
3514 4992 3618 5059 Qui

2058 5091 2232 5145 victus
2254 5099 2336 5144 est
2362 5105 2389 5143 a
2417 5090 2697 5159 maligno;
2733 5089 2981 5141 vincetur
3026 5094 3205 5140 autem
3237 5126 3252 5151 ,
3288 5085 3334 5140 si
3376 5101 3481 5140 non
3520 5102 3619 5156 pu-

2057 5193 2201 5254 gnet,
2228 5192 2281 5239 et
2301 5190 2543 5253 protegat
2571 5196 2695 5235 eum
2728 5177 2906 5241 Deus;
2944 5178 2990 5231 is
3043 5178 3097 5230 in
3151 5177 3501 5231 tentationem
3539 5177 3620 5231 in-

2055 5276 2205 5340 cidit,
2230 5284 2283 5329 et
2312 5275 2365 5328 in
2400 5275 2746 5329 tentationem
2782 5270 3025 5337 intravit,
3060 5277 3114 5323 et
3141 5278 3224 5324 est
3248 5269 3300 5323 in
3323 5284 3405 5332 ea,
3438 5276 3492 5322 et
3516 5268 3618 5322 sub

2057 5367 2195 5436 ipsa,
2220 5374 2476 5437 tanquam
2516 5365 2712 5419 ductus
2744 5361 3009 5432 captivus.
3062 5362 3129 5413 At
3165 5358 3255 5428 qui
3316 5357 3617 5413 resistit-et

472 5536 517 5567 ¹⁹
541 5532 707 5589 Marc.
747 5535 981 5600 xn','56.
1052 5536 1096 5568 ³⁰
1129 5537 1401 5601 lJoan.v,
1436 5540 1515 5595 19.
1595 5538 1634 5569 ³¹
1681 5537 1882 5592 Psalm.
1936 5550 2167 5599 Lxutx,
2220 5532 2306 5587 10.

464 5671 575 5736 (16)
610 5670 740 5737 Quae
771 5682 787 5744 (
829 5674 846 5744 )
880 5673 1223 5744 inclusimus,
1253 5677 1413 5732 verba
1450 5678 1719 5735 habentur
1763 5691 1949 5736 aucto-

393 5745 468 5799 ris
496 5744 730 5799 Catenae.

2128 5677 2172 5747 (1
2189 5676 2238 5741 7)
2264 5674 2423 5729 Forte
2459 5668 2676 5733 δειλίας.

2127 5747 2237 5817 (ιδ)
2279 5749 2361 5802 ει.
