3998 7026
430 272 569 332 £335

1335 271 1687 343 :ADDENDA.
1729 303 1794 312 —-
1831 269 1888 325 S.
1931 265 2228 323 DIONYSII
2269 261 2732 320 ALEXANDRINI

3536 257 3552 308 l
3573 256 3677 312 1'36

427 395 680 462 tustinet,
714 403 951 452 tentatur
980 395 1068 451 ille
1099 393 1316 465 quidem
1341 434 1356 460 ,
1390 411 1500 449 non
1527 404 1706 449 tamen
1736 394 1788 448 in
1821 401 1996 448 tenta-

2110 389 2149 442 Ξὲ
2191 387 2458 459 ἀντισχὼν
2498 387 2591 440 καὶ
2622 383 2936 455 ὑπομείνας,
2968 381 3221 454 πειρᾶται
3257 379 3356 450 μὲν
3389 370 3569 442 οὗτος,
3613 377 3676 430 οὗ

430 486 628 542 tionem
655 487 876 543 intravit
906 487 988 542 vel
1021 486 1228 542 incidit.
1262 486 1516 543 Elcvatus
1556 494 1641 542 est
1668 485 1810 541 enim
1834 483 1993 540 Jesus

428 592 459 631 a
487 576 714 648 spiritu,
746 593 854 635 non
886 587 945 633 ut
993 579 1046 632 in
1102 579 1452 633 tentationem
1503 578 1766 645 intraret,
1807 575 1901 632 sed
1936 585 1994 629 ut

430 679 719 724 tentaretur
746 687 777 724 a
803 671 1012 725 diabolo
1043 671 1108 724 ³².
1133 668 1244 726 Nec
1270 670 1544 725 Abraham
1571 670 1624 724 in
1645 669 1994 724 tentationem

431 761 677 827 intravit,
695 762 788 818 sed
810 777 985 832 neque
1002 763 1055 816 in
1080 763 1429 818 tentationem
1453 761 1663 817 induxit
1685 776 1808 816 eum
1831 761 1990 824 Deus,

430 850 520 903 sed
541 851 796 918 tentavit;
829 866 934 906 non
961 851 1174 922 impulit
1193 867 1372 908 autem
1399 868 1524 908 eum
1542 855 1595 906 in
1614 851 1992 907 tentationem.

430 935 572 1005 Quin
603 949 657 995 et
685 939 950 996 Dominus
977 941 1090 1011 ipse
1119 943 1358 997 tcntabat
1382 941 1696 1012 discipulos.
1727 939 1996 1010 Malignus

431 1041 669 1094 tentans,
701 1033 756 1088 in
785 1033 1108 1090 tentationes
1133 1036 1375 1101 attrahit,
1403 1034 1600 1105 quippe
1616 1043 1850 1090 tentator
1873 1048 1992 1087 ma-

429 1124 625 1179 lorum.
652 1124 794 1181 Deus
813 1141 944 1180 vero
975 1134 1213 1191 tentans,
1250 1127 1579 1181 tentationes
1615 1123 1773 1180 all‘ert
1813 1133 1873 1178 ut
1903 1123 1992 1177 in-

429 1217 703 1274 tentabilis
731 1219 1019 1274 malorum.
1054 1219 1192 1273 Deus
1221 1219 1390 1283 enim,
1427 1219 1637 1288 inquit,
1668 1214 1996 1270 intentabilis

428 1320 506 1365 est
539 1311 797 1365 malorum
834 1312 898 1365 ³³.
925 1312 1185 1369 Diabolus
1212 1314 1266 1368 in
1299 1314 1576 1367 interitum
1625 1311 1846 1366 trahens
1884 1311 1994 1364 vim

431 1402 652 1459 adhibet
681 1422 694 1458 :
727 1413 782 1458 at
814 1403 956 1459 Deus
991 1405 1043 1459 in
1069 1405 1246 1461 salute
1274 1418 1534 1459 exercens
1562 1401 1905 1458 manuducit.

504 1665 566 1718 V.
595 1667 682 1721 47.
718 1667 901 1723 Adhuc
927 1686 984 1723 eo
1015 1669 1254 1740 loquente
1274 1710 1288 1734 ,
1319 1686 1432 1724 ecce
1463 1671 1640 1734 turba,
1669 1678 1718 1724 et
1767 1671 1857 1741 qui
1913 1671 2000 1723 di-

2097 480 2204 552 μὴν
2235 481 2314 544 είς
2343 478 2648 552 πειρασμὸν
2671 475 2936 546 εἰσῆλθεν,
2960 475 3078 545 ἦτοι
3112 472 3390 526 ἐνέπεσεν.
3432 469 3674 540 Ἀνήχθη

2094 571 2200 641 γὰρ
2226 573 2255 626 6
2291 569 2499 641 Ἰησοῦς
2520 567 2624 622 ὑπὸ
2650 566 2743 621 τοῦ
2774 565 3098 636 πνεύματος,
3124 564 3222 617 οὐκ
3253 565 3335 626 εἰς
3368 558 3676 631 πειρασμὸν

2095 662 2375 727 εἰσελθεῖν,
2405 660 2538 716 ἀλλὰ
2567 657 2915 730 πειραθῆναι
2945 657 3058 711 ὑπὸ
3095 656 3197 710 τοῦ
3225 654 3529 709 διαϐόλου.
3560 653 3676 706 Καὶ

2093 754 2122 806 6
2169 753 2420 826 Ἀϐραὰμ
2456 751 2557 806 οὐκ
2581 751 2664 814 εἰς
2683 747 2988 821 πειρασμὸν
3013 745 3276 820 εἰσῆλθεν,
3305 743 3418 798 ἀλλ’
3442 742 3570 796 οὐδὲ
3593 744 3672 804 εἰς

2095 845 2401 918 πειρασμὸν
2433 843 2597 898 αὐτὸν
2635 837 2770 913 ἦγεν
2813 842 2842 894 6
2869 839 3022 904 Θεὸς,
3050 837 3182 893 ἀλλὰ
3212 835 3522 909 ἐπείραζενο
3570 835 3674 888 οὐκ

2095 935 2313 990 ἐνέϐαλε
2339 934 2395 988 δὲ
2428 934 2589 987 αὐτὸν
2622 935 2704 996 εἰς
2737 927 3061 1001 πειρασμόν.
3089 927 3199 980 Καὶ
3220 926 3380 990 αὑτὸς
3409 925 3469 978 δὲ
3491 928 3519 979 6
3555 923 3669 978 Κύ-

2099 1044 2210 1099 ριος
2256 1025 2514 1096 ὲπείραζε
2544 1024 2670 1088 τοὺς
2716 1020 2980 1094 μαθητάς.
3036 1019 3094 1072 '0
3139 1019 3236 1090 μὲν
3277 1018 3388 1089 γὰρ
3435 1016 3670 1089 πονηρὸς

2097 1116 2370 1190 πειράζων
2400 1117 2482 1179 είς
2507 1116 2630 1178 τοὺς
2667 1111 3003 1186 πειρασμοὺς
3035 1109 3306 1174 καθέλκει,
3343 1105 3434 1162 οἷα
3473 1126 3670 1180 argu-

2099 1209 2230 1282 στὴς
2258 1207 2468 1264 κακῶν.
2517 1208 2578 1261 '0
2612 1206 2670 1260 δὲ
2704 1206 2836 1271 Θεὸς
2875 1203 3149 1276 πειράζων
3172 1205 3295 1267 τοὺς
3329 1203 3671 1274 πειρασμοῖς

2099 1302 2406 1374 περιφέρει,
2423 1300 2499 1364 ὼς
2515 1300 2840 1371 άπείραστος
2860 1296 3062 1352 κακῶν.
3098 1297 3161 1350 '0
3178 1295 3284 1367 γάρ
3302 1295 3468 1362 Θεὸς,
3484 1293 3673 1364 φησὶν,

2099 1394 2465 1464 ἀπείραστός
2505 1392 2636 1448 ἐστι
2677 1388 2894 1445 κακῶν.
2935 1390 2990 1443 '0
3023 1389 3122 1460 μὲν
3162 1389 3272 1459 γὰρ
3309 1387 3560 1450 διάϐολος
3593 1388 3677 1438 ἐπ’

2097 1485 2319 1559 δλεθρον
2346 1485 2526 1540 ἕλκων
2551 1483 2818 1556 βιάζεται,
2845 1483 2873 1534 6
2899 1480 2954 1534 δὲ
2982 1480 3115 1544 Θεὸς
3141 1481 3230 1533 ἐπὶ
3263 1478 3544 1551 σωτηρίας
3577 1494 3677 1547 γυ-

2104 1577 2321 1651 μνάζων
2352 1579 2701 1650 χειραγωγεῖ.

2171 1669 2323 1740 Στιχ.
2361 1667 2471 1740 μζν.
2513 1668 2640 1720 Ἔτι
2681 1661 2867 1719 αὐτοῦ
2904 1661 3262 1729 λαλοῦντος,
3312 1661 3440 1716 ἰδοὺ
3468 1662 3679 1731 ὄχλος,

431 1759 647 1815 cabatur
667 1760 862 1826 ludas,
887 1779 1019 1815 unus
1049 1763 1112 1816 de
1137 1762 1438 1830 duodecim,
1471 1763 1686 1817 accessit
1717 1762 1785 1816 ad
1812 1779 1920 1827 eos,
1949 1773 1998 1817 et

2110 1764 2201 1819 καὶ
2231 1766 2264 1818 ό
2293 1763 2618 1832 λεγόμενος
2659 1757 2908 1824 Ἰούδας,
2932 1753 3023 1824 εἷς
3064 1756 3183 1811 τῶν
3213 1757 3457 1821 δώδεκα,
3488 1773 3680 1825 προσ-

430 1852 862 1921 appropinquavit
886 1851 1035 1916 Iesu,
1065 1851 1308 1907 osculans
1335 1870 1472 1909 eum.

504 2026 564 2082 V.
591 2029 680 2084 48.
707 2027 864 2082 Iesus
895 2045 1012 2084 vero
1038 2030 1114 2081 ait
1162 2028 1285 2082 illi:
1334 2027 1481 2082 Iuda
1502 2071 1517 2096 ,
1570 2028 1750 2083 osculo
1795 2027 2000 2083 Filium

430 2120 656 2174 hominis
687 2121 853 2174 tradis
879 2121 904 2174 ?

500 2211 545 2268 Ο
595 2212 938 2267 tolerantiam
983 2211 1217 2278 Domini,
1246 2212 1340 2283 qni
1373 2223 1427 2267 et
1452 2213 1732 2268 osculatus
1761 2221 1844 2268 est
1872 2227 2000 2284 pro.

430 2306 683 2370 ditorem,
707 2315 755 2360 et
785 2305 974 2360 osculo
994 2305 1216 2360 meliora
1242 2305 1463 2376 protulit
1484 2305 1679 2359 verba!
1713 2303 1829 2360 Non
1856 2304 1999 2360 enim

429 2396 563 2452 dixit
595 2414 609 2451 :
640 2396 683 2452 Ο
704 2397 949 2460 sceleste,
975 2405 1028 2451 et
1053 2397 1454 2464 scelestissime,
1479 2407 1532 2452 et
1559 2397 1801 2466 proditor
1828 2398 1841 2450 ι
1876 2397 2002 2451 has-

431 2491 554 2545 cine
592 2490 750 2546 nobis
785 2489 930 2546 vices
966 2490 1218 2559 rependis
1239 2490 1371 2545 tanti
1403 2489 1694 2546 beneﬁcii?
1731 2488 1836 2546 Sed
1865 2505 2005 2560 quo-

432 2581 596 2636 modo
623 2581 744 2636 ait?
774 2581 942 2648 Juda,
968 2582 1246 2652 proprium
1277 2597 1472 2638 nomen
1506 2597 1778 2652 usurpans
1802 2622 1818 2648 ,
1857 2582 2002 2652 quod

431 2675 746 2732 miserantis
773 2685 890 2731 erat
917 2675 1096 2744 peti-ts
1121 2687 1174 2729 et
1203 2675 1532 2739 revocantis,
1555 2690 1717 2744 quam
1771 2689 2002 2730 succen-

432 2769 620 2825 semis.
649 2767 714 2822 Et
749 2785 855 2822 non
881 2768 1018 2822 dixit
1048 2783 1061 2822 :
1098 2766 1415 2838 Magistrum
1445 2776 1598 2821 tuum
1623 2807 1638 2831 ,
1669 2764 1957 2820 Dominum
1984 2806 2001 2834 ,

433 2859 517 2916 hei
540 2859 854 2926 efactorein,
892 2859 1009 2921 sed,
1043 2858 1242 2914 Filium
1270 2858 1508 2915 hominis
1535 2899 1550 2924 ,
1595 2859 1647 2913 id
1679 2867 1763 2914 est
1788 2900 1803 2924 ,
1848 2873 2004 2938 man-

433 2964 673 3021 suetum,
703 2954 883 3008 mitem
910 2972 925 3009 :
952 2953 997 3009 si
1019 2953 1165 3010 enim
1202 2953 1462 3022 magister
1492 2967 1598 3007 non
1631 2950 1878 3016 luissem,
1905 2965 2005 3006 nec

433 3042 718 3109 Dominus,
755 3061 854 3102 nec
894 3045 1246 3110 benefactor;
1285 3044 1558 3100 hominem
1603 3054 1710 3101 tam
1753 3046 1999 3108 sincere,

2100 1855 2318 1926 ήρχετο
2360 1853 2602 1919 αὐτοὺς,
2635 1851 2732 1905 καὶ
2771 1849 2978 1922 ἥγτισε
3023 1849 3102 1916 τῷ
3151 1849 3372 1918 Ἰησοῦ,
3407 1849 3684 1919 φιλήσας

2099 1949 2305 2003 αὐτόν.

2171 2041 2321 2110 Στιχ.
2361 2044 2469 2110 μη’.
2528 2038 2590 2090 '0
2622 2035 2690 2090 δὲ
2747 2035 2984 2105 Ἰησοῦς
3029 2030 3197 2089 εἶπεν
3233 2033 3408 2101 αὐτῷ’
3454 2035 3681 2099 Ἰούδα,

2101 2133 2387 2203 φιλήματι
2415 2131 2522 2185 τὸν
2561 2128 2698 2184 Υἱὸν
2722 2128 2826 2183 τοῦ
2850 2126 3163 2199 ἀνθρώπου
3192 2127 3558 2198 παραδίδωςὲ

2175 2222 2348 2276 Βαϐαῖ
2371 2221 2472 2292 τῆς
2505 2218 2851 2285 ἀνεξικακίας
2871 2217 2962 2272 τοῦ
2997 2217 3287 2284 Δεσπότου,
3326 2217 3421 2271 τοῦ
3455 2220 3552 2272 καὶ
3587 2236 3684 2289 φι-

2102 2316 2366 2387 λήσαντος
2393 2315 2482 2369 τὸν
2523 2313 2804 2384 προδότην,
2842 2311 2935 2367 καὶ
2975 2310 3067 2366 τοῦ
3118 2310 3419 2382 φιλήματος
3455 2312 3686 2365 ἁπαλὼ-

2100 2425 2236 2480 τερα
2269 2409 2488 2479 ῥήματα
2513 2406 2889 2478 φθεγξαμένου
2915 2407 2928 2459 l
2964 2406 3038 2460 Ού
3070 2405 3179 2476 γάρ
3211 2401 3381 2459 εἶπενο
3409 2401 3481 2457 Ὦ
3515 2406 3684 2478 μιαρὲ

2104 2500 2198 2556 καὶ
2241 2499 2528 2572 παμμίαρε
2573 2500 2669 2552 καὶ
2709 2497 2960 2568 προδότα,
3009 2498 3209 2559 ταύτας
3241 2497 3370 2566 ἡμῖν
3417 2496 3683 2559 ἀποδίδως

2103 2592 2202 2657 τάς
2222 2591 2454 2663 ἀμοιϐὰς
2474 2593 2572 2663 τῆς
2585 2590 2849 2660 τοσαύτης
2869 2589 3207 2661 εὐεργεσίας;
3244 2587 3531 2650 ’Λλλάπῶς
3547 2588 3684 2658 (ί9);

2117 2686 2334 2752 Ἰούδα,
2369 2685 2460 2739 τὸν
2500 2686 2685 2758 κύριον
2717 2685 2889 2755 ὄνομα
2935 2681 3121 2746 τιθεὶς,
3165 2682 3194 2735 ὃ
3229 2681 3429 2752 μᾶλλον
3469 2681 3690 2733 mla-ii-

2105 2775 2288 2842 ζοντος
2313 2771 2379 2847 ἦν
2413 2776 2506 2830 καὶ
2533 2775 2945 2840 ἀνακαλοῦντος,
2978 2775 3010 2845 ἢ
3037 2770 3413 2846 ὀργιζομένου.
3446 2773 3560 2825 Καὶ
3585 2775 3689 2834 οὐκ

2104 2863 2224 2921 εἷπε
2246 2885 2259 2897 ·
2287 2867 2392 2920 Τὸν
2418 2866 2734 2920 διδάσκαλόν
2766 2883 2882 2933 σου,
2906 2863 2997 2918 τὸν
3016 2863 3311 2933 Δεσπότην,
3341 2861 3434 2914 τὸν
3459 2860 3688 2933 εὐεργέ-

2103 2977 2223 3031 την,
2239 2959 2397 3024 ἀλλά,
2412 2959 2501 3013 τὸν
2518 2959 2645 3014 Υἱὸν
2660 2958 2750 3012 τοῦ
2769 2955 3076 3030 ἀνθρώπου,
3093 2955 3337 3008 τουτέστι
3350 2954 3439 3007 τὸν
3451 2956 3482 3024 ἦ
3491 2971 3685 3024 μερον,

2104 3049 2195 3103 τὸν
2216 3051 2408 3121 πρᾶον·
2441 3051 2489 3102 εί
2532 3047 2639 3119 γάρ
2673 3048 2747 3120 μὴ
2779 3047 3093 3110 διδάσκαλος
3115 3042 3205 3117 ἦν,
3236 3047 3361 3116 μηδὲ
3375 3045 3677 3114 Δεσπότης,

432 3143 546 3189 tam
577 3145 859 3192 mansuete
888 3152 1014 3206 erga
1041 3146 1092 3190 tc
1125 3136 1401 3202 allectum,
1426 3145 1486 3190 ut
1513 3138 1567 3191 in
1601 3147 1843 3206 tempore
1878 3151 2001 3205 pro-

2110 3143 2243 3214 μηδὲ
2260 3113 2576 3214 εὐεργέτης⁹
2711 3113 2852 3195 οὕτω
2871 3113 3182 3203 ἀπλάστως,
3199 3113 3672 3208 τὸνοῦτωήμέρως

435 3227 662 3284 ditionis
696 3239 746 3282 te
779 3229 896 3297 ipse
925 3229 1202 3283 osculatus
1228 3227 1445 3293 fuerim,
1505 3238 1560 3282 et
1611 3228 1830 3298 quidem
1876 3243 2002 3283 cum

437 3319 685 3373 osculum
744 3319 1047 3390 symbolum
1094 3318 1416 3387 proditionis
1466 3328 1642 3383 esset,
1686 3318 1867 3384 hunc,
1921 3319 2005 3372 in-

358 3421 362 3424 "
437 3425 626 3481 quam,
648 3409 868 3478 prodis?
893 3409 1215 3465 Benedictus
1240 3425 1321 3475 es,
1346 3409 1603 3475 Domine!
1635 3409 2005 3480 quantatole-

435 3501 643 3568 rantite,
674 3511 890 3571 quanta:
923 3501 1246 3558 humilitatis
1274 3503 1584 3573 exemplum
1622 3502 1779 3558 nobis
1811 3501 2001 3558 fuisti!

437 3593 568 3663 quin
583 3602 636 3648 et
654 3603 791 3649 utne
815 3593 1132 3649 deseramus
1160 3594 1448 3650 consilium
1475 3610 1601 3665 erga
1633 3593 1850 3658 fratres,
1869 3602 2008 3648 tam-

437 3686 539 3744 etsi
590 3686 726 3740 nihil
754 3688 988 3757 amplius
1042 3703 1108 3742 ex
1133 3688 1337 3743 nostris
1369 3687 1554 3744 verbis
1572 3687 1869 3758 contingat,
1903 3686 2006 3743 hoc

440 3775 618 3847 ipsum
647 3778 923 3848 exemplar
949 3776 1118 3832 edidit
1141 3775 1428 3834 Dominus.

511 3949 979 4018 Quemadmodum
1004 3953 1147 4008 enim
1182 3953 1407 4009 vulnera
1437 3953 1760 4010 incurabilia
1783 3995 1799 4022 ,
1832 3969 2009 4026 neque

440 4045 839 4101 austerioribus
867 4045 1198 4115 pharmacis,
1226 4061 1403 4115 neque
1435 4046 1774 4103 dulcioribus
1823 4046 2007 4101 sanari

441 4153 672 4216 possunt
701 4161 714 4197 :
745 4144 820 4198 ita
851 4143 1016 4198 etiam
1045 4143 1249 4211 anima,
1281 4143 1374 4198 ubi
1401 4143 1567 4198 semel
1594 4143 1861 4214 captivata
1891 4142 2010 4198 fue-

443 4237 536 4302 rit,
590 4237 935 4306 seipsamque
980 4236 1263 4292 tradiderit
1295 4237 1604 4307 cuicunque
1629 4236 1832 4306 ﬂagitio
1858 4277 1874 4303 ,
1910 4252 2011 4291 nec

441 4330 570 4384 velit
591 4331 734 4400 quod
765 4329 865 4384 sibi
901 4329 1074 4400 prosit
1129 4330 1443 4398 attendere;
1496 4330 1746 4400 quamvis
1799 4328 2010 4385 infinita

2107 3235 2240 3306 πρὸς
2269 3235 2328 3288 σὲ
2351 3234 2710 3305 διακείμενον,
2726 3233 2801 3299 ὡς
2831 3231 2978 3304 ἐντῷ
3001 3230 3173 3304 καιρῷ
3191 3231 3291 3298 τῆς
3315 3228 3592 3300 προδοσίας
3614 3242 3680 3280 σι

2105 3326 2301 3396 φιλεῖν,
2329 3325 2424 3378 καὶ
2453 3324 2624 3378 ταῦτα
2646 3322 2740 3377 τοῦ
2779 3323 3081 3395 φιλήματος
3107 3320 3374 3392 συμϐόλου
3407 3320 3506 3390 τῆς
3540 3335 3683 3390 προ-

2103 3419 2283 3482 δοσίας
2303 3418 2471 3485 ὸντος,
2495 3416 2681 3471 τοῦτον
2706 3416 3039 3488 παραδίδως;
3065 3414 3365 3483 Εὐλογητὸς
3387 3408 3459 3477 εἴ,
3487 3412 3686 3482 Κύριε·

2105 3513 2278 3585 πόσης
2320 3512 2690 3579 ἀνεξικακίας,
2732 3512 2904 3580 πόσης
2934 3506 3434 3580 ταπεινοφροσύνης
3471 3505 3689 3558 ὑπόδει-

2106 3623 2221 3676 γμα
2247 3608 2378 3677 ἡμῖν
2401 3605 2626 3675 γέγονας
2649 3605 2662 3658 l
2703 3603 2778 3657 υὺ
2806 3603 2912 3675 μὴν
2939 3602 3073 3657 ἀλλά
3097 3602 3192 3656 καὶ
3219 3602 3314 3654 τοὺ
3356 3601 3433 3673 μὴ
3455 3600 3690 3670 ἀφίστα-

2108 3697 2230 3751 σθαι
2261 3698 2360 3768 τῆς
2392 3696 2530 3769 πρὸς
2555 3697 2682 3761 τοὺς
2711 3697 2970 3766 ἀδελφοὺς
3000 3693 3336 3766 συμϐουλῆς,
3383 3692 3489 3747 κᾶν
3517 3691 3688 3764 μηδὲν

2108 3789 2267 3844 πλέον
2295 3789 2360 3841 ὲκ
2385 3787 2494 3841 τῶν
2513 3787 2794 3859 ἡμετέρων
2821 3785 3079 3858 ῥημάτων
3104 3784 3344 3855 γίνηται,
3374 3783 3678 3854 ὑπόδειγμα

2106 3879 2262 3933 τοῦτο
2290 3879 2586 3950 πεποίηκεν
2615 3879 2644 3931 ὁ
2673 3878 2969 3949 Δεσπότης.

2179 3970 2290 4042 (20)
2325 3970 2590 4043 Καθάπερ
2613 3971 2721 4041 γὰρ
2746 3970 2814 4024 τὰ
2835 3969 3027 4023 ἀνίατα
3051 3967 3158 4022 τῶν
3177 3967 3528 4040 τραυμάτων,
3562 3965 3682 4020 οὐδὲ

2113 4065 2227 4127 τοῖς
2261 4063 2550 4135 αὐστηροῖς
2585 4062 2691 4116 τῶν
2725 4062 3051 4134 φαρμάκων,
3079 4060 3199 4114 οὐδὲ
3224 4063 3337 4123 τοῖς
3369 4057 3685 4128 γλυκαίνειν

2109 4155 2247 4210 αὐτὰ
2271 4156 2586 4226 δυναμένοις
2614 4155 2743 4227 (21)·
2785 4153 2907 4207 οὕτε
2954 4155 3048 4208 καὶ
3076 4153 3241 4223 ψυχὴ,
3275 4152 3494 4206 ἐπειδὰν
3536 4149 3685 4216 ἅπαξ

2108 4245 2455 4318 αἰχμάλωτος
2499 4245 2744 4318 γένηται,
2794 4245 2890 4299 καὶ
2926 4243 3120 4316 ἑαυτὴν
3157 4243 3322 4313 ἐπιδῷ
3360 4243 3538 4298 ὁτιοῦν
3571 4242 3682 4314 (22)

2109 4336 2562 4409 πλημμελήματι,
2595 4337 2688 4390 καὶ
2721 4335 2794 4407 μὴ
2825 4334 3081 4406 βούληται
3105 4333 3165 4386 τὸ
3185 4333 3378 4403 ἑαυτῆς
3408 4331 3684 4403 συμφέρον

440 4425 565 4494 quis
595 4424 820 4479 aurilius
849 4423 967 4491 ejus
986 4422 1222 4490 insonet,
1251 4422 1383 4476 nihil
1407 4421 1628 4492 profuit.
1661 4421 1764 4476 Sed
1787 4421 2001 4492 perinde

2114 4429 2373 4494 συνιδεῖν,
2420 4427 2522 4482 κᾶν
2575 4427 2740 4499 μυρία
2792 4444 2874 4490 τις
2923 4427 3119 4498 ἐνηχῇ,
3182 4424 3334 4478 οὐδὲν
3388 4423 3682 4493 κερδαίνει.

441 4527 604 4585 atque
625 4524 867 4571 mortuos
913 4515 1134 4570 auditus
1181 4513 1427 4580 haberet,
1460 4515 1669 4569 nullum
1713 4530 1780 4570 ex
1815 4513 2006 4569 admo-

441 4610 649 4664 nitione
672 4607 865 4678 recipit
893 4607 1355 4663 emolumentum:
1387 4621 1493 4661 non
1525 4606 1652 4676 quia
1681 4620 1788 4660 non
1809 4613 2005 4676 potest,

439 4704 536 4758 sed
565 4700 693 4773 quia
720 4715 827 4755 non
861 4700 994 4754 vult.
1026 4698 1142 4756 Hoc
1168 4708 1222 4755 et
1247 4699 1302 4754 in
1329 4697 1468 4754 Juda
1495 4697 2008 4769 contigit.Christus

440 4793 902 4864 tamen,quamvis
947 4793 1062 4848 hate
1093 4792 1277 4848 omnia
1327 4791 1643 4863 przesciret,
1676 4808 1783 4846 non
1827 4791 2011 4848 omisit

443 4887 511 4942 ab
537 4886 691 4942 initio
713 4885 778 4939 ad
814 4885 974 4939 ﬁnem
1029 4882 1284 4938 exhibere
1335 4897 1675 4952 quaecunque
1706 4897 1774 4936 ex
1827 4881 2006 4951 seipso

440 4989 613 5036 erant.
647 4979 777 5047 Qua!
802 4989 856 5035 et
886 4994 983 5034 nos
1010 4978 1243 5034 scientes
1270 5018 1286 5043 ,
1341 4983 1551 5046 oportet
1585 4984 1644 5030 ut
1671 4974 2007 5046 corrigamus

443 5088 656 5142 semper
685 5071 777 5142 qui
817 5071 1147 5141 negligentes
1175 5078 1336 5135 sunt,
1385 5067 1638 5138 quamvis
1687 5068 1894 5122 nullum
1937 5083 2002 5123 ex

443 5167 674 5224 consilio
706 5173 893 5222 nostro
922 5163 1348 5221 emolumentum
1375 5169 1653 5232 sequatur.

549 5284 592 5314 ³³
627 5281 814 5336 Matth.
839 5297 910 5348 tv,
943 5281 991 5335 l.
1068 5280 1112 5312 ³³
1141 5275 1326 5336 Iacob.
1358 5294 1394 5346 ι,
1428 5277 1512 5332 15.

515 5436 534 5508 (
546 5439 557 5468 ⁹
573 5438 626 5495 9)
653 5437 854 5508 Confer
878 5436 1351 5508 Chrysostomum.

537 5507 628 5564 20)
654 5507 851 5562 Confer
877 5507 1351 5578 Chrysostomum.

537 5507 628 5564 20)
654 5507 851 5562 Confer
877 5506 1351 5578 Chrysostomum.

513 5506 628 5652 ίὲι)
658 5578 814 5634 Deest
855 5578 1065 5650 ίαθῆναι
1095 5579 1336 5644 δύναται,
1365 5579 1442 5634 vel
1463 5578 1590 5648 quid
1624 5576 1819 5640 simile,
1855 5585 1906 5630 et
1933 5575 2007 5630 le-

2125 4520 2285 4574 ’Λλλά
2315 4519 2565 4591 καθάπερ
2603 4519 2800 4591 νεκρὰς
2841 4517 3012 4581 ἀκοὰς
3050 4517 3386 4588 κεκτημένη,
3426 4514 3684 4585 οὐδεμίαν

2111 4613 2221 4666 ἀπὸ
2269 4613 2371 4684 τῆς
2421 4611 2788 4682 παραινέσεως
2827 4611 3041 4681 δέχεται
3085 4609 3184 4682 τὴν
3239 4608 3536 4678 ὠφέλειαν·
3582 4608 3685 4661 οὐκ

2110 4705 2298 4776 ἐπειδὴ
2345 4705 2418 4777 μὴ
2451 4704 2691 4770 δύναται,
2738 4703 2853 4757 ἀλλ’
2897 4701 3082 4774 ἐπειδὴ
3133 4701 3206 4773 μὴ
3251 4699 3518 4770 βούλεται-
3568 4699 3683 4770 (9.5)

2111 4794 2280 4849 Τοῦτο
2306 4795 2400 4848 καὶ
2431 4794 2524 4849 ἐπὶ
2549 4794 2640 4848 τοῦ
2680 4793 2844 4848 Ἰούδα
2870 4793 3110 4862 γέγονεν.
3155 4791 3211 4844 '0
3248 4788 3305 4842 δὲ
3319 4785 3686 4858 Χρισῖὸ;,καί

2111 4888 2288 4942 ταῦτα
2327 4888 2504 4941 πάντα
2531 4886 2814 4959 προειδὼς,
2847 4861 2907 4939 οὗ
2947 4884 3181 4938 διέλιπεν
3224 4882 3285 4948 ἐξ
3313 4879 3485 4954 ἀρχῆς
3519 4881 3684 4954 μέχρι
3736 4861 3748 4911 ³

2109 4980 2295 5046 τέλους
2319 4980 2386 5034 τὰ
2416 4983 2545 5054 παρ’
2571 4979 2764 5035 ἑαυτοῦ
2791 4981 2965 5035 πάντα
2993 4977 3449 5048 ἐπιδεικνύμενος.
3484 4976 3552 5028 Ἀ
3586 4976 3686 5028 καὶ

2111 5072 2265 5145 ἡμῶν
2295 5073 2508 5127 είδότων
2550 5072 2829 5145 ῥυθμίζειν
2867 5072 2974 5146 χρὴ
3000 5073 3124 5133 τοὺς
3151 5069 3529 5143 ὴμελημένους
3559 5069 3682 5122 δια-

2109 5163 2328 5228 παντὸς,
2352 5159 2452 5219 κᾶν
2477 5164 2639 5236 μηδὲν
2671 5167 2734 5218 έκ
2756 5165 2856 5235 τῆς
2878 5162 3187 5236 συμϐουλῆς
3212 5163 3433 5235 γίνηται
3464 5161 3680 5236 κέρδος.

2115 5429 2595 5502 gendum_videtur
2630 5427 2770 5502 οὕτω
2797 5445 2894 5497 pro
2931 5427 3070 5482 οὔτε.

2188 5502 2299 5571 (22)
2338 5499 2496 5571 Forte
2529 5498 2794 5571 ᾡτινιοῦν.

2187 5563 2300 5642 (25)
2323 5563 2870 5640 (ἐοιιΐειν.’ϐιιι)ἐ‹)ει.,
2889 5584 3041 5626 conc.
3068 5569 3118 5637 l,
3137 5567 3202 5624 de
3219 5565 3453 5636 Lazaro,
3479 5580 3522 5635 ι,
3551 5563 3678 5628 7η.
