3998 7026
371 239 500 293 wh!

1790 231 1875 285 FB
1883 232 1968 286 AC
1976 230 2226 285 ΜΕΝΤΛ.

3468 234 3607 290 ιοςι

370 354 595 410 Πολλαὶ
625 352 685 407 aI
709 353 941 421 θλίψεις
969 349 1375 403 τῶνδιχαίων·
1404 348 1536 402 ἀλλά
1550 347 1610 400 τὸ
1637 348 1709 417 μὴ
1734 349 1810 410 εἰς
1830 363 1939 399 πει·
1966 357 2011 413 Α
2041 347 2340 419 πειρασμὸν
2369 340 2519 410 οὗτος
2541 347 2785 406 ἐνέπεσε,
2815 348 2907 401 καὶ
2933 350 3013 412 εἰς
3036 349 3338 420 πειρασμὸν
3365 350 3603 421 εἰσῆλθε.

372 447 578 520 ρασμὸν
603 445 859 499 εἰσελθεῖν
876 443 1052 509 λέγειν
1074 442 1236 494 αὑτὸν
1259 439 1638 511 ὑπολαμϐάνω,
1657 439 1717 491 τὸ
1743 438 1941 510 ρυσθῆ-

364 554 453 591 ναι
472 537 588 607 μὲν,
608 536 746 588 κατά
763 535 850 587 τὸν
866 534 1177 603 προφήτην,
1195 532 1301 587 τῶν
1323 531 1549 601 θλίψεων
1566 548 1578 560 ·
1612 532 1711 585 Ἐκ
1730 528 1941 583 πασῶν

368 631 476 700 γὰρ
496 626 709 689 αὐτῶν,
737 625 888 695 φησὶ,
900 626 1149 693 ῥύσεται
1169 624 1390 690 αὐτοὺς
1410 627 1442 677 ό
1459 624 1687 691 Κύριος
1706 621 1780 685 ὡς
1796 621 1852 674 δέ
1878 620 1939 673 τὸ

366 720 528 776 αὑτοῦ
567 720 717 790 ῥῆμα
756 718 1095 789 ὑπισχνεῖται
1130 719 1395 789 κρατῆσαι
1437 716 1545 769 τῶν
1579 715 1807 785 θλίψεων
1842 715 1937 768 καὶ

366 808 461 877 τῆς
488 806 645 877 νίκης
671 801 738 875 ἧς
780 806 922 878 ὑπὲρ
948 805 1103 877 ἡμῶν
1139 806 1355 877 ἐνίκησε
1380 845 1394 868 ,
1441 808 1727 876 μετασχεῖν
1746 822 1759 835 ·
1800 803 1939 875 μετὰ

364 899 469 970 γὰρ
484 897 544 950 τὸ
561 900 756 963 εἰπεῖν,
774 896 879 952 Ἑν
895 898 975 964 τῷ
992 900 1197 968 κόσμῳ
1212 899 1423 967 θλίψιν
1433 896 1616 961 ἕξετε,
1636 900 1932 964 ἐπήγαγενο

359 988 521 1043 ἀλλὰ
534 989 824 1056 θαρσεῖτε,
836 989 950 1059 ἐγὼ
960 991 1213 1057 ἐνίκησα
1228 989 1334 1042 τὸν
1345 991 1595 1057 κόσμονο
1610 989 1703 1040 καὶ
1716 1006 1756 1040 π
1762 1005 1879 1057 ροσε
1886 987 1939 1040 ύ-

363 1078 557 1148 χεσθαι
579 1078 633 1131 δὲ
663 1078 821 1132 πάλιν
844 1079 1086 1132 ἐδίδασκε
1121 1078 1194 1150 μὴ
1220 1080 1477 1148 ἐμπεσεῖν
1507 1077 1585 1139 είς
1610 1076 1932 1147 πειρασμόν·

361 1172 458 1225 καί
470 1170 534 1242 δὴ
553 1172 647 1225 καί
664 1172 748 1241 μὴ
764 1172 1114 1243 εἰσενέγκῃς
1129 1172 1383 1241 ἡμᾶςεὶς
1404 1171 1737 1237 πειρασμόν
1756 1185 1767 1198 ·
1793 1184 1939 1220 τουτ-

363 1262 480 1316 έστι
512 1264 588 1335 μὴ
618 1265 781 1335 ἐάσῃς
808 1265 953 1335 ἡμᾶς
987 1266 1251 1335 ἐμπεσεῖν
1282 1265 1361 1328 εἰς
1395 1261 1697 1333 πειρασμόν
1722 1277 1733 1289 ·
1768 1260 1849 1312 ὅτι
1881 1258 1936 1311 δὲ

364 1355 519 1409 τοῦτο
540 1352 605 1425 ἦν
638 1357 698 1409 ού
725 1359 785 1410 τὸ
822 1358 894 1428 μὴ
924 1355 1302 1428 πειρασθῆναι,
1330 1355 1590 1426 ῥωσθῆναι
1621 1353 1677 1406 δέ
1706 1351 1812 1405 ἀπὸ
1839 1348 1933 1403 τοῦ

367 1449 623 1519 πονηροῦ,
647 1449 1000 1521 προσέθηκεν,
1018 1450 1177 1504 ἀλλὰ
1189 1448 1373 1517 ῥῦσαι
1394 1447 1550 1517 ἡμᾶς
1571 1445 1688 1501 ἀπὸ
1706 1442 1811 1497 τοῦ
1826 1458 1934 1494 πο-

363 1540 549 1609 νηροῦ
572 1558 585 1571 ο
613 1543 703 1595 καὶ
724 1542 775 1594 τί
794 1543 1113 1614 διενήνοχεν,
1138 1543 1267 1605 ἴσως
1285 1542 1446 1612 ἐρεῖς,
1470 1538 1531 1592 τὸ
1558 1534 1932 1608 πειρασθῆναι,

363 1631 453 1683 καὶ
482 1631 540 1683 τὸ
559 1632 638 1695 εἰς
660 1633 963 1703 πειρασμὸν
987 1633 1247 1702 ἐμπεσεῖν
1279 1631 1397 1700 ἦτοι
1428 1628 1718 1690 εἰσελθεῖν;
1753 1625 1809 1676 Ὀ
1837 1622 1934 1693 μὲν

360 1722 468 1791 γὰρ
498 1722 752 1792 ἡττηθεὶς
802 1723 909 1776 ὑπὸ
948 1722 1041 1776 τοῦ
1078 1721 1345 1793 πονηροῦ,
1395 1718 1754 1790 ήττηθήσεται
1799 1712 1854 1765 δὲ
1880 1712 1930 1763 εἰ

363 1814 438 1885 μὴ
469 1815 802 1884 ἀγωνίζοιτο,
836 1815 1197 1887 ὑπερασπίζοι
1226 1813 1283 1867 δὲ
1310 1811 1472 1867 αὑτοῦ
1498 1812 1590 1865 καὶ
1612 1812 1641 1864 6
1669 1808 1821 1871 Θεὸς,
1850 1806 1927 1869 εἰς

2041 440 2135 492 καὶ
2184 438 2329 491 ἐστιν
2372 440 2429 491 ἐν
2469 438 2655 509 αὑτῷ,
2709 438 2802 492 καὶ
2848 438 2939 491 ὑπ’
2980 440 3140 493 αὑτὸν
3192 440 3378 512 ῶσπερ
3420 440 3606 511 ἀχθεὶς

2038 531 2407 601 αἰχμάλωτος·
2452 534 2479 585 6
2512 532 2567 584 δὲ
2598 528 2863 602 ἀντισχὼν
2895 532 2988 584 καὶ⁵
3034 533 3362 604 ὑπομείνας,
3410 534 3603 592 πεπει-

2040 641 2233 697 ρασται
2275 623 2373 693 μὲν
2404 618 2594 688 οὗτος,
2641 624 2701 677 οὑ
2753 624 2858 695 μὴν
2902 626 2981 688 εἰς
3026 627 3325 697 πειρασμὸν
3359 628 3603 697 εἰσῆλθεν

2037 717 2154 787 ήτοι
2186 717 2437 769 ἐνέπεσεν
2455 734 2468 746 ο
2501 717 2708 787 ἀνήχθη
2734 716 2863 783 γοῦν
2892 718 2919 768 6
2952 717 3155 787 Ἰησοῦς
3184 718 3287 771 ὑπὸ
3308 719 3400 773 τοῦ
3436 720 3607 774 Πνεύ-

2041 825 2237 878 ματος,
2262 809 2360 860 οὑκ
2385 808 2461 870 εἰς
2494 806 2795 879 πειρασμὸν
2828 807 3108 871 εἰσελθεῖν,
3137 808 3272 861 ἀλλὰ
3300 811 3598 884 πειρασθῆ-

2038 917 2123 953 ναι
2164 900 2267 952 ὑπὸ
2304 900 2396 952 τοῦ
2427 899 2669 952 διαὸόλου
2692 916 2704 928 ⁸
2753 899 2847 951 καὶ
2881 900 2909 951 6
2962 898 3210 969 Ἀϐραὰμ
3242 900 3339 953 οὑκ
3374 904 3453 964 εἰς
3485 919 3603 957 πει-

2039 992 2246 1064 ρασμὸν
2272 990 2547 1062 εἰσῆλθεν,
2587 991 2700 1043 ἀλλ’
2729 990 2847 1044 οὑδὲ
2878 993 2958 1054 εἰς
2995 991 3299 1063 πειρασμὸν
3340 988 3473 1063 ἦγεν
3504 994 3604 1048 αὑ-

2034 1085 2125 1137 τὸν
2158 1087 2186 1138 ὀ
2212 1085 2361 1147 Θεὸς,
2391 1083 2527 1137 ἀλλά
2558 1084 2843 1154 ἐπείραζεν
2862 1124 2876 1146 ,
2911 1085 3008 1136 οὑκ
3046 1085 3295 1137 ἐνέϐαλεν
3327 1085 3488 1139 αὑτὸν
3519 1088 3601 1152 εἰς

2036 1177 2336 1247 πειρασμόν
2358 1194 2370 1206 ³
2406 1177 2496 1229 καὶ
2522 1177 2681 1239 αὑτὸς
2707 1176 2760 1229 δὲ
2784 1178 2811 1228 6
2838 1176 3038 1248 Κύριος
3070 1177 3323 1249 ἐπείραζε
3346 1178 3472 1243 τοὺς
3502 1197 3604 1249 μα-

2036 1268 2231 1340 θητάς·
2262 1270 2290 1322 6
2324 1269 2419 1338 μὲν
2453 1268 2560 1339 γὰρ
2590 1268 2822 1340 πονηρὸς
2856 1270 3161 1339 πειράζων,
3197 1271 3276 1333 εἰς
3312 1273 3440 1336 τοὺς
3484 1291 3605 1327 πει-

2039 1358 2275 1430 ρασμοὺς
2302 1358 2558 1412 καθέλκει
2577 1400 2591 1423 ,
2615 1354 2703 1412 οἷα
2736 1359 3034 1429 πειραστής
3067 1360 3249 1413 κακῶν
3271 1378 3284 1390 ·
3314 1363 3343 1414 6
3375 1362 3431 1416 δὲ
3471 1362 3605 1427 Θεὸς

2034 1450 2328 1521 πειράζων,
2353 1452 2479 1515 τοὺς
2497 1454 2830 1523 πειρασμοὺς
2847 1453 3153 1523 παραφέρει
3177 1452 3250 1515 ὡς
3275 1453 3602 1526 ἀπείραστος

2035 1539 2237 1594 κακῶν⁸
2271 1542 2331 1593 '0
2348 1541 2455 1609 γὰρ
2474 1542 2635 1607 Θεὸς,
2656 1543 2838 1612 φησὶν,
2855 1544 3208 1611 ἀπείραστός
3228 1544 3359 1597 ἐστι
3377 1542 3599 1599 κακῶν.

2044 1631 2104 1684 '0
2135 1631 2232 1701 μὲν
2257 1630 2365 1703 γὰρ
2393 1632 2633 1697 διάϐολος
2655 1634 2739 1686 ἐπ’
2763 1634 2979 1707 ὄλεθρον
2999 1635 3171 1689 ἒλκων
3195 1634 3457 1706 βιάζεται,
3487 1638 3515 1695 ὁ
3540 1637 3598 1690 δὲ

2034 1718 2166 1786 Θεὸς
2193 1724 2286 1776 ἐπὶ
2310 1724 2582 1797 σωτηρίαν
2614 1725 2900 1796 γυμνάζων
2934 1730 3281 1799 χειραγωγεί.

432 2104 674 2162 Vidimus
698 2109 753 2159 in
785 2106 887 2174 [ine
920 2105 1075 2173 primi
1106 2101 1456 2174 fragmenti‘a
1490 2099 1736 2174 Dionysia
1771 2097 2022 2165 scriptum
2056 2098 2217 2174 [ιιίεεε
2242 2098 2401 2174 etiam
2441 2098 2491 2150 in
2523 2095 2866 2174 Evangelia";
2889 2097 3135 2174 Joannis:
3161 2098 3358 2174 Beapse
3388 2101 3442 2153 in
3472 2099 3593 2174 cod.

368 2176 490 2231 Vat.
525 2177 682 2241 1996,
712 2177 753 2245 f.
785 2168 877 2239 '78;
899 2168 1211 2243 ﬁervetueto;
1237 2188 1357 2226 saec.
1382 2171 1544 2240 ferme
1575 2186 1630 2233 χ,
1655 2168 1779 2222 olim
1813 2170 2116 2221 monasteria
2144 2169 2582 2238 (ἐγείρωμεν-ναίω,
2606 2169 2661 2220 in
2689 2168 2807 2223 Cat.
2843 2170 3041 2223 inedita
3068 2171 3135 2223 ad
3160 2169 3249 2226 lo.
3275 2187 3323 2224 c.
3354 2187 3473 2236 vnn,
3511 2171 3597 2239 12,

356 2248 553 2319 legitur
579 2256 635 2301 ut
656 2264 748 2303 nos
775 2247 915 2316 infra
942 2246 1201 2315 ponimus.

422 2407 743 2461 Διονυσίου
769 2400 1238 2469 Ἀλεξανδρείας.
1257 2398 1394 2452 Τὸδέ
1407 2396 1543 2466 είμί,
1562 2395 1621 2449 τὸ
1646 2394 1811 2449 ἀΐδιον
1828 2392 1927 2463 τῆς
1959 2401 2000 2455 Β
2028 2390 2093 2444 ἂν
2119 2385 2189 2461 ἦν
2231 2390 2323 2443 καὶ
2353 2388 2531 2461 ἡμέρα
2556 2406 2568 2418 ·
2606 2387 2698 2441 νῦν
2735 2388 2792 2441 δὲ
2839 2389 2899 2442 οὑ
2933 2390 3042 2461 γὰρ
3076 2389 3242 2455 ἔστιν,
3291 2380 3599 2463 ἀρξαμένου

355 2501 701 2561 ὑποστάσεως
747 2495 1037 2568 σημαίνει·
1081 2490 1418 2561 ἀπαύγασμα
1474 2490 1581 2560 γὰρ
1628 2486 1703 2540 ὢν
1748 2484 1923 2555 φωτὸς

354 2592 549 2655 ἀϊδίου,
572 2589 789 2650 πάντως
819 2587 910 2639 κα¹ι
935 2584 1095 2647 αὑτὸς
1128 2582 1295 2645 ἀΐδιός
1318 2582 1464 2633 ἐστιν
1483 2596 1496 2609 ’
1525 2578 1676 2641 ὄντος
1703 2575 1809 2649 γὰρ
1834 2574 1923 2628 ἀεὶ

354 2687 448 2743 τοῦ
482 2684 656 2755 φωτὸς
682 2723 696 2747 ,
736 2682 892 2752 δῆλον
917 2680 990 2744 ὡς
1024 2678 1167 2731 ἔστιν
1201 2676 1287 2730 ἀεὶ
1323 2674 1417 2728 καὶ
1447 2671 1507 2726 τὸ
1545 2670 1919 2739 ἀπαύγασμα*

354 2781 511 2834 τοῦτο
558 2779 665 2849 γὰρ
697 2778 724 2831 ὅ
761 2794 813 2829 τι
846 2773 957 2843 φῶς
1002 2775 1119 2825 ἐστι
1166 2769 1244 2841 τῷ
1290 2765 1653 2834 καταυγάζειν
1685 2764 1922 2826 νοεῖται,

354 2873 450 2927 καὶ
487 2870 601 2941 φῶς
638 2871 698 2923 οὐ
745 2866 963 2923 δύναται
1000 2864 1074 2937 μὴ
1125 2861 1358 2932 φωτίζον
1402 2856 1573 2912 εἶναι’
1618 2854 1778 2909 πάλιν
1815 2851 1923 2924 γὰρ

354 2963 587 3037 ῆλθομεν
644 2962 736 3015 ἐπὶ
788 2961 857 3014 τὰ
917 2956 1369 3030 παραδείγματαο
1418 2953 1467 3004 εἰ
1515 2950 1660 3002 ἐστιν
1710 2946 1921 3018 ἡμέρα,

361 3056 507 3110 ἐστιν
538 3055 680 3126 αὑγή
698 3072 710 3084 ·
744 3055 791 3106 εί
815 3051 1053 3105 τοιοῦτον
1076 3048 1238 3121 μηδέν
1265 3048 1400 3107 ἐστι,
1429 3041 1562 3095 πολύ
1589 3057 1650 3110 γε
1682 3040 1763 3093 δεῖ
1783 3056 1923 3108 παρα

353 3148 489 3200 εῖναι
534 3145 710 3215 ἥλιον·
748 3143 795 3194 εἰ
832 3141 929 3211 μὲν
962 3134 1055 3192 οὖν
1098 3137 1266 3199 ἀΐδιος
1293 3129 1361 3204 ἦν
1389 3134 1417 3185 6
1446 3130 1615 3202 ἥλιος,
1646 3128 1922 3189 ἄπαυστος

2028 2500 2087 2535 τε
2130 2481 2368 2553 ἤρξατο,
2404 2481 2497 2534 καὶ
2528 2480 2831 2551 παυομένου
2881 2481 3141 2535 παύεταιο
3184 2483 3212 2535 6
3250 2481 3308 2535 δέ
3354 2499 3417 2550 γε
3465 2483 3599 2547 Θεὸς

2029 2570 2245 2624 αἰώνιόν
2282 2572 2396 2624 ἐστι
2427 2570 2570 2640 φῶς,
2602 2570 2723 2623 οὑτε
2750 2570 3053 2643 ἀρξάμενον
3092 2570 3213 2626 οὑτε
3241 2572 3400 2643 λῆξον
3433 2574 3562 2627 ποτέ
3581 2592 3595 2605 ·

2029 2666 2123 2719 καὶ
2150 2664 2393 2717 σύνεστιν
2417 2663 2565 2735 αὑτῷ
2594 2664 2655 2717 τὸ
2679 2664 3016 2736 ἀπαύγασμα
3043 2665 3273 2736 ἄναρχον
3300 2666 3394 2719 καὶ
3423 2667 3600 2735 ἀειγε-

2031 2758 2120 2821 νές
2143 2774 2157 2787 ·
2198 2755 2351 2821 ὄντος
2389 2752 2481 2810 οὖν
2514 2755 2728 2809 αἰωνίου
2761 2753 2853 2809 τοῦ
2888 2756 3134 2829 Πατρὸς,
3162 2755 3376 2820 αἰώνιος
3410 2758 3439 2810 6
3471 2758 3597 2822 Υἰός

2028 2852 2178 2913 ἐστι,
2210 2848 2325 2918 φῶς
2365 2849 2431 2902 ἐκ
2473 2848 2648 2917 φωτὸς
2682 2846 2783 2900 ὢν*
2828 2847 3005 2917 φωτὸς
3049 2848 3147 2918 μὲν
3178 2844 3268 2901 οὖν
3315 2847 3465 2911 ὄντος
3499 2846 3595 2902 τοῦ

2029 2939 2189 3005 Θεοῦ,
2220 2942 2247 2993 6
2274 2940 2507 3011 Χριστός
2524 2941 2670 2993 ἐστιν
2697 2940 3061 3010 ἀπαύγασμα·
3090 2938 3403 3009 Πνεύματος
3426 2938 3482 2990 δὲ
3508 2938 3597 2991 ὅν-

2023 3048 2137 3095 τος,
2164 3029 2406 3099 Πνεῦμα
2432 3030 2561 3102 γὰρ,
2592 3031 2775 3102 φησὶν,
2802 3034 2834 3086 ό
2868 3032 3033 3096 Θεὸς,
3066 3030 3341 3099 ἀναλόγως
3376 3030 3537 3086 πάλιν
3567 3032 3597 3085 6

2024 3122 2259 3194 Χριστὸς
2288 3123 2455 3193 ἀτμὶς
2487 3122 2756 3177 λέλεκται.

424 3476 505 3529 Ex
543 3473 663 3527 Vat.
693 3473 867 3525 codice
891 3469 1147 3522 sumimus
1170 3467 1265 3519 hoc
1292 3462 1531 3532 Dionysii
1563 3432 1957 3532 (Alexaudiini.
1989 3470 2044 3511 ut
2064 3460 2369 3532 ppinamur)
2404 3460 2754 3528 fragmentum
2787 3480 2804 3511 ι
2835 3459 2910 3513 De
2941 3459 3104 3531 lapsis
3134 3461 3203 3512 ad
3228 3432 3586 3532 pmnitegtiam

350 3545 658 3611 recipiendis
690 3564 705 3593 ι
750 3542 884 3611 quod
915 3540 1208 3611 detractum
1241 3529 1543 3611 ινίιίςιιιῇετ
1570 3532 1691 3601 ejus
1722 3530 1961 3599 operibus
1998 3548 2017 3579 ‹
2048 3530 2122 3584 Ite
2154 3531 2491 3599 paenitentia,
2524 3550 2542 3580 ι
2593 3547 2811 3599 quarunt
2847 3532 2952 3584 tria
2998 3529 3370 3584 tommemorat
3406 3529 3597 3584 Hiero-

349 3604 535 3687 nynius
575 3634 592 3666 ι
620 3614 694 3668 De
719 3604 899 3682 séript.
930 3610 1054 3665 eccl.
1091 3630 1107 3661 ι
1146 3626 1260 3677 cap.
1300 3606 1364 3660 69
1404 3604 1501 3675 (ι).

941 3766 1320 3823 ΔΙΟΝΥΣΙΟΥ.

418 3868 531 3922 Νῦν
578 3867 633 3921 δέ
678 3864 982 3919 τούναντίον
1046 3858 1304 3928 ποιοῦμεν
1372 3850 1563 3927 ἡμεῖς’
1615 3854 1673 3907 ὃν
1726 3852 1836 3922 γὰρ
1888 3850 1917 3904 6

350 3963 579 4036 Χριστὸς
627 3958 827 4029 ἀγαθὸς
871 3956 945 4011 ὣν
990 3954 1081 4008 ἐπὶ
1130 3952 1198 4006 τὰ
1244 3950 1343 4023 ὅρη
1401 3947 1750 4017 πλανώμενον
1793 3948 1914 3999 ἐπι-

349 4057 530 4127 ζητεῖ,
562 4054 653 4107 καὶ
678 4050 1052 4122 ἀποφεύγοντα
1078 4042 1483 4117 προσκαλεῖται,
1508 4041 1602 4094 καὶ
1624 4038 1915 4110 εὑρεθέντα

352 4148 504 4218 μόλις
538 4146 627 4199 ἐπὶ
654 4144 761 4197 τῶν
789 4141 953 4213 ῶμων
989 4140 1131 4212 αἴρει
1153 4178 1167 4203 ,
1196 4138 1382 4191 τοῦτον
1425 4133 1714 4206 προσιόντα
1734 4172 1748 4195 ,
1785 4129 1914 4201 θρα-

349 4240 485 4301 σέως
536 4235 995 4305 ἀπολακτίζομεν·
1042 4231 1176 4286 ἀλλά
1235 4232 1307 4303 μὴ
1360 4227 1503 4282 οὑτω
1550 4225 1733 4288 κακῶς
1786 4223 1914 4295 περὶ

348 4334 553 4387 ἑαυτῶν
590 4326 998 4402 βουλευώμεθα,
1030 4326 1103 4397 μὴ
1139 4326 1195 4379 δέ
1243 4328 1321 4389 εἰς
1349 4325 1547 4386 αὑτοὺς
1582 4320 1809 4390 ὡθῶμεν
1854 4318 1914 4371 τὸ

348 4426 527 4493 ξίφος*
556 4425 605 4477 οἱ
641 4424 736 4494 μὲν
772 4420 881 4491 γὰρ
911 4419 1113 4472 ἀδικεῖν
1160 4434 1309 4479 τινας
1341 4417 1381 4494 ἦΔ
1416 4414 1723 4469 τούναντίον
1762 4412 1914 4483 εὑερ-

347 4491 526 4589 γετεῖν
556 4491 951 4590 ἐπιχειροῦντες
972 4553 986 4577 ,
1026 4510 1266 4574 ἐκείνους
1299 4491 1396 4581 μὲν
1420 4511 1482 4562 οὑ
1514 4510 1732 4571 πάντως
1760 4507 1913 4579 ἔδραο

2021 3756 2239 3810 ἐκπλεοι
2288 3753 2529 3807 ἔσονται·
2575 3749 2669 3805 καὶ
2716 3744 2861 3803 οὑτοι
2915 3749 3013 3820 μὲν
3060 3748 3306 3817 ἀγγέλων
3370 3748 3591 3817 ἀγαθῶν

2018 3850 2206 3904 ὀπαδοὶ
2240 3847 2333 3901 καὶ¹
2364 3843 2757 3914 ξυνοδοιπόροι,
2803 3842 2896 3895 καὶ
2941 3840 3127 3894 ἐνθάδε
3176 3840 3269 3894 καί¹
3313 3842 3454 3902 ἐκεῖ,
3497 3840 3591 3904 ξίιν

2020 3944 2168 4013 πάσῃ
2201 3940 2392 4011 εἰρήνῃ
2420 3937 2514 3991 καὶ
2543 3934 2822 4005 ἐλευθερίᾳ
2875 3934 3090 3987 πάντων
3129 3931 3345 3997 κακῶν,
3382 3932 3463 3995 εἰς
3498 3929 3590 3986 τὸν

2020 4037 2107 4091 ἀεὶ
2140 4035 2266 4087 ὄντα
2293 4031 2466 4085 αἰῶνα
2504 4028 2603 4091 τὰς
2645 4025 3068 4097 μακαριωτάτας
3110 4022 3589 4096 ἀποκληρώσονται

2021 4126 2197 4200 λήξεις
2217 4167 2231 4191 ,
2254 4122 2345 4178 καὶ
2372 4120 2509 4194 μετά
2536 4118 2671 4175 Θεοῦ
2699 4119 2785 4173 ἀεὶ
2812 4118 3023 4171 ἔσονται
3062 4115 3122 4169 τὸ
3153 4116 3365 4170 πάντων
3387 4115 3589 4184 ἀγαθὸν

2028 4222 2281 4293 μέγιστον
2301 4234 2314 4248 ⁸
2345 4212 2490 4270 οὑτοι
2521 4214 2579 4268 δὲ
2608 4210 3006 4267 ἀποπεσοῦνται
3038 4209 3138 4279 τῆς
3167 4207 3313 4271 θείας
3342 4208 3457 4278 ἅμα
3492 4208 3588 4262 καὶ

2017 4317 2116 4386 τῆς
2143 4311 2350 4367 ἑαυτῶν
2388 4311 2640 4381 εἰρήνης,
2672 4307 2767 4360 καὶ
2810 4304 2997 4358 ἐνθάδε
3042 4303 3134 4357 καὶ
3174 4300 3313 4373 μετά
3358 4300 3587 4356 θάνατον

2018 4408 2137 4479 ἀμα
2162 4408 2275 4469 τοῖς
2306 4400 2665 4472 παλαμναίοις
2693 4397 2903 4451 ἔσονται
2936 4395 3154 4466 δαίμοσι
3174 4411 3186 4423 ’
3217 4395 3291 4466 μὴ
3328 4389 3421 4447 οὑν
3446 4393 3583 4445 ἀπο-ε

2020 4497 2365 4571 πεμπὼμεθα
2401 4496 2525 4557 τοὺς
2568 4491 3027 4563 ἐπιστρέφοντας,
3064 4486 3179 4541 ἀλλ’
3219 4484 3469 4557 ἀσμένως
3492 4484 3586 4537 δε-

348 4578 447 4667 σαν
479 4612 614 4683 ὅπερ
644 4578 911 4679 ήθέλησαν
930 4648 944 4670 ,
977 4605 1185 4666 ἑαυτοῖς
1217 4602 1272 4654 δὲ
1300 4578 1507 4656 *κακίαν
1534 4602 1567 4673 ἢ
1598 4578 1907 4671 ἀγαθότητα
2013 4591 2234 4665 χώμεθα
2255 4630 2270 4655 ,
2310 4590 2406 4643 καὶ
2438 4590 2580 4683 τοῖς“
2596 4583 2890 4639 ἀπλανέσιν
2937 4578 3351 4652 ὲναριθμῶμεν,
3388 4579 3483 4633 καὶ
3522 4578 3586 4636 τὸ

347 4705 778 4767 συνοικίσαντες,
812 4700 846 4771 ἢ
879 4698 1037 4751 θείων
1064 4694 1352 4767 ἀρετῶν,ἢ
1391 4695 1695 4749 ἀτιθάσσων
1723 4692 1910 4747 παθῶν

413 4915 493 4990 (ί)
530 4916 657 4981 Mai,
699 4914 925 4971 Classici
954 4913 1227 4979 Auctares,
1256 4908 1303 4962 Χ
1324 4948 1338 4973 ,
1370 4906 1495 4961 684.

95 6195 1288 6476 ⁷⁷

2016 4685 2259 4741 ἐλλεῖπον
2293 4679 2505 4750 ἀναπλη
2515 4677 2715 4749 ρῶμεν.
