3996 6208
475 255 604 306 ιδυδ

1915 251 2256 306 ADDENDA.

3583 245 3700 296 15H

1007 497 1710 614 ACTORUM
1805 496 2323 611 SANCT'I
2431 495 3197 610 HlPPOLYTl

1316 710 1527 770 (irmce
1566 715 1626 770 et
1664 709 1882 770 Latine
1915 705 2083 769 infra
2120 707 2140 788 (
2173 707 2293 770 col.
2323 706 2464 783 ΞΗ)
2529 706 2844 770 editorum

1692 873 2128 968 VERSIO
2202 872 2564 966 NOVA.

1055 1185 1464 1241 PROOEMIUM.

536 1277 576 1333 1.
604 1277 930 1348 imperatore
955 1276 1184 1332 Claudio
1222 1295 1343 1335 cum
1385 1287 1528 1333 esset
1570 1279 1806 1335 vicarius
1845 1278 2034 1351 Ulpius

464 1369 748 1431 Romulus,
767 1370 1057 1424 vehemens
1077 1371 1278 1424 exarsit
1297 1375 1346 1424 in
1360 1370 1700 1426 Christianos
1715 1375 2032 1441 persecutio.

463 1459 597 1515 Nam
611 1461 940 1516 Censorinus
955 1461 1205 1532 magister
1220 1463 1514 1516 ofﬁciorum
1525 1507 1538 1529 ,
1557 1465 1766 1519 occulte
1781 1465 2038 1522 Christia-

465 1568 569 1606 nus
603 1567 666 1607 ac
692 1551 886 1606 timens
914 1551 1101 1616 Deum,
1121 1567 1150 1605 a
1169 1553 1448 1621 prmsentia
1479 1553 1692 1621 quidem
1726 1565 2038 1624 conspectu-

465 1660 571 1715 que
589 1644 927 1714 imperatoris
938 1643 1147 1697 Claudii
1172 1659 1274 1696 non
1290 1645 1598 1711 recedebat;
1625 1647 1670 1700 si
1691 1662 1826 1716 quos
1851 1657 2030 1703 tamen

466 1737 691 1792 vidisset
715 1752 744 1790 e
768 1735 1094 1790 Christianis
1127 1735 1192 1789 ad
1220 1745 1447 1790 mortem
1481 1738 1562 1790 vel
1589 1753 1858 1793 carcerem
1885 1739 2032 1802 duci,

465 1828 602 1883 clam
635 1843 729 1882 eos
761 1827 1152 1893 conﬁrmabat,
1197 1837 1251 1882 et
1293 1829 1470 1898 quoad
1523 1840 1734 1899 poterat
1779 1830 2034 1886 alimenta

467 1922 550 1977 his
581 1923 673 1993 qui
715 1923 766 1976 in
806 1922 1050 1977 custodia
1080 1929 1134 1975 et
1168 1922 1397 1978 vinculis
1424 1932 1580 1978 erant
1605 1925 1981 1994 suppeditabat
2016 1939 2031 1977 :

462 2015 592 2082 quin
643 2015 804 2068 etiam
853 2015 1256 2070 catechurnenis
1287 2051 1293 2058 -
1321 2023 1518 2085 praesto
1568 2024 1685 2070 erat
1728 2015 2032 2070 ministerio

465 2106 635 2160 verbi.
671 2107 790 2172 Quo
828 2107 1011 2177 agnito
1039 2105 1298 2160 Claudius
1327 2105 1508 2160 Caesar
1535 2107 1706 2161 iratrrs
1733 2107 1907 2176 ipsum
1937 2123 2033 2176 ap-

465 2195 762 2263 prehendi,
809 2205 862 2250 et
904 2196 1004 2250 sibi
1056 2211 1238 2250 coram
1294 2196 1407 2251 sisti
1458 2195 1610 2265 jubet
1652 2214 1665 2250 :
1711 2206 2030 2267 przesentem

462 2302 593 2340 vero
626 2287 710 2341 his
739 2303 903 2357 prope
930 2287 1109 2341 verbis
1141 2288 1408 2342 allocutus
1436 2295 1521 2342 est
1555 2306 1567 2342 :
1605 2286 1685 2342 Tu
1727 2303 1786 2342 es
1824 2288 1907 2342 vir
1943 2287 2032 2342 ille

461 2377 686 2433 deorum
722 2379 929 2443 cultor,
967 2389 1275 2450 nostrteque
1309 2379 1606 2450 majestatis
1634 2393 1810 2450 pratco
1842 2395 2032 2450 perpe-

461 2471 628 2526 tuus?
666 2471 926 2542 Equidem
957 2483 1140 2527 nostra
1171 2473 1454 2528 clementia
1485 2475 1755 2529 neminem
1787 2489 2026 2544 unquam

2065 1199 2108 1252 Α
2140 1187 2376 1258 luptates
2423 1194 2832 1256 temporaueas,
2889 1194 3053 1256 atque
3100 1188 3375 1257 agnoscite
3422 1184 3706 1242 Dominum

2141 1292 2382 1339 nostrrrm
2426 1279 2610 1337 Jesum
2637 1280 2937 1343 Christum,
2987 1290 3304 1350 perpetuum
3352 1295 3577 1350 regem,
3623 1286 3709 1350 qui

2137 1383 2254 1430 erat
2280 1382 2405 1428 ante
2436 1372 2652 1438 saecula,
2685 1371 2962 1441 quietiam
2988 1372 3165 1425 veniet
3185 1370 3536 1439 iudicaturus
3567 1372 3710 1425 vivos

2137 1473 2190 1519 et
2220 1472 2486 1528 mortuos,
2530 1471 2584 1516 et
2615 1460 2869 1516 saeculum
2898 1459 3041 1515 istud
3071 1475 3168 1529 per
3197 1460 3396 1528 ignem.
3440 1459 3707 1526 Quoniam

2136 1555 2430 1626 pertransit
2459 1560 2704 1608 nostrum
2728 1567 2925 1616 aevum,
2954 1563 3009 1606 et
3039 1552 3237 1607 coelum
3267 1566 3332 1606 ac
3364 1560 3508 1605 terra
3533 1560 3708 1605 trans-

2137 1648 2296 1702 ibunt
2330 1664 2342 1700 :
2382 1645 2648 1699 Dominus
2679 1653 2856 1698 autem
2907 1651 3093 1697 noster
3136 1640 3296 1696 Jesus
3336 1642 3591 1697 Christus
3632 1651 3710 1696 est

2137 1754 2385 1808 semper,
2426 1745 2589 1806 atque
2631 1735 2770 1790 idem
2807 1734 2930 1788 erit.
2971 1733 3240 1789 Custodes
3283 1747 3413 1787 vero
3457 1733 3709 1787 dixerunt

2135 1831 2293 1885 beato
2333 1828 2570 1884 Maximo
2610 1827 2922 1898 presbytero
2959 1845 2972 1880 :
3011 1824 3076 1879 Et
3119 1825 3250 1895 quid
3298 1823 3561 1879 faciemus
3603 1839 3701 1893 pro

2135 1921 2276 1987 isto,
2317 1935 2479 1991 quem
2521 1928 2580 1974 tu
2609 1918 2975 1990 depraedicas,
3024 1933 3184 1986 quem
3235 1916 3486 1971 novimus
3520 1931 3615 1985 per
3640 1931 3703 1969 ea

2133 2032 2254 2086 quae
2291 2030 2323 2070 a
2370 2023 2423 2070 te
2463 2013 2606 2069 dicta
2637 2020 2786 2076 sunt,
2815 2028 2879 2068 ac
2909 2027 3005 2082 per
3031 2012 3184 2081 signa
3224 2011 3340 2081 ipsa
3380 2011 3432 2064 in
3459 2011 3570 2080 ejus
3599 2026 3698 2063 no-

2133 2109 2279 2162 mine
2305 2114 2536 2176 patrata,
2573 2104 2790 2176 quando
2826 2104 2999 2172 ipsius
3026 2103 3290 2174 potentia.
3326 2103 3543 2170 tuisque
3571 2115 3696 2170 prec

2133 2199 2288 2254 cibus
2318 2198 2530 2253 vincula
2570 2195 3017 2266 disrumpuntur?
3054 2195 3251 2251 Beatus
3285 2195 3561 2266 presbyter
3597 2193 3706 2248 Ma-

2134 2291 2315 2346 ximus
2345 2274 2622 2361 respondit
2651 2307 2664 2344 :
2694 2288 3007 2359 Baptizatur
3031 2287 3414 2358 unusquisque
3442 2295 3703 2350 vestrum,

2131 2392 2186 2439 ct
2230 2382 2418 2438 credat
2467 2381 2522 2436 in
2574 2379 2850 2436 Christum
2909 2377 3106 2434 Filium
3143 2377 3239 2433 Dei
3282 2397 3295 2432 :
3337 2377 3431 2434 sed
3476 2387 3530 2432 et
3567 2393 3702 2432 vana

2131 2475 2274 2530 idola
2304 2473 2647 2544 derelinquat
2687 2480 2742 2527 et
2775 2470 3072 2542 paeniteat;
3116 2485 3180 2524 eo
3213 2469 3358 2538 quod
3394 2469 3696 2539 ignorantes

461 2564 841 2621 administrum
879 2565 1064 2636 rejecit
1095 2583 1108 2619 :
1139 2565 1250 2619 imo
1287 2582 1414 2620 vero
1460 2565 1527 2621 ad
1569 2581 1757 2621 eorum
1800 2564 2026 2622 famula-
2061 2560 2103 2615 B
2133 2567 2550 2638 blasphemastis
2593 2578 2794 2620 nomen
2843 2561 3035 2632 ipsius,
3075 2569 3447 2631 praetereaque
3489 2571 3697 2614 sanctos

464 2665 576 2710 tum
609 2671 711 2711 nos
744 2655 962 2711 omnino
998 2655 1389 2726 rempublicam
1430 2655 1758 2728 dirigentes,
1803 2655 2030 2712 feliciter

461 2747 847 2819 gubernamus.
890 2747 1027 2802 Tum
1051 2750 1382 2808 Censorinus
1411 2749 1687 2820 respondit
1723 2769 1736 2804 :
1784 2748 1896 2821 Ego
1951 2761 2031 2804 te—

461 2839 777 2896 stinrouiurn
829 2839 1004 2895 dicam
1053 2839 1120 2894 de
1169 2840 1396 2894 Domino
1447 2855 1568 2894 meo
1607 2838 1734 2896 Jesu
1770 2841 2026 2909 Christo;

461 2930 717 3000 quoniam
751 2931 866 3000 ipse
913 2939 992 2985 est
1032 2946 1196 2985 verus
1241 2929 1417 2996 Deus,
1469 2931 1562 3001 qui
1600 2931 1931 2998 cruciﬁxus,
1977 2941 2033 2988 et

461 3020 704 3090 sepultus
736 3019 853 3086 fuit,
883 3030 937 3076 et
970 3020 1264 3075 resurrexit
1296 3021 1450 3076 tertia
1476 3021 1581 3086 die,
1611 3021 2030 3092 advigilantibus

459 3113 553 3183 qui
575 3129 700 3168 eum
730 3114 878 3169 cruci
901 3113 1228 3168 suﬁixerant.
1255 3112 1304 3168 is
1330 3123 1681 3183 posteaquam
1713 3115 2026 3180 resurrexit,

460 3206 576 3262 suis
619 3207 868 3276 apparuit
913 3206 1114 3260 sanctis
1160 3205 1460 3273 discipulis,
1515 3207 1689 3274 iisque
1720 3207 2028 3260 videntibus

460 3296 704 3351 ascendit
734 3295 799 3349 ad
831 3294 1018 3348 coelos.
1053 3292 1150 3347 Hic
1179 3294 1378 3346 nostris
1413 3294 1745 3362 temporibus
1777 3296 2029 3365 dignatus

457 3397 540 3440 est
559 3384 811 3439 advenire
837 3399 866 3437 a
889 3381 1046 3435 Patre
1072 3396 1194 3445 suo,
1219 3390 1271 3434 et
1295 3385 1442 3436 nasci
1475 3398 1504 3436 e
1534 3392 1721 3436 ventre
1750 3381 1984 3454 Virginis
2011 3403 2026 3440 :

459 3489 524 3529 ac
553 3473 667 3543 ipse
698 3471 916 3542 quidem
946 3471 1226 3526 descendit
1254 3471 1306 3525 in
1336 3481 1532 3526 terram
1563 3473 1842 3528 hominum
1873 3491 2027 3530 amo-

459 3581 537 3631 re,
569 3565 738 3622 ctelos
769 3579 878 3619 non
901 3564 1298 3636 derelinquens.
1330 3565 1410 3619 Ad
1437 3564 1552 3620 hzec
1583 3565 1751 3622 iratus
1770 3566 2030 3624 Claudius

459 3659 597 3713 dixit
629 3677 642 3712 :
675 3656 906 3719 Insanis,
931 3655 1232 3712 Censorine
1264 3677 1276 3712 :
1311 3668 1364 3712 ct
1390 3657 1676 3713 confestim
1699 3659 1889 3716 abduci
1911 3661 2030 3731 jus-

461 3751 534 3805 sit
576 3767 670 3821 per
703 3751 901 3806 milites
943 3751 1008 3804 ad
1057 3751 1360 3805 Ostiensem
1405 3751 1710 3816 civitatem,
1757 3753 1937 3824 ibique
1975 3755 2028 3808 in

461 3846 707 3902 custodia
761 3846 1010 3902 detineri.
1059 3845 1134 3899 Eo
1179 3860 1302 3900 cum
1347 3853 1490 3900 esset
1537 3845 1845 3912 abductus,
1883 3848 2027 3902 haud

464 3939 653 4009 procul
677 3939 744 3995 ab
774 3941 906 3995 urbe
938 3939 1134 4001 Roma,
1168 3941 1261 3993 sed
1292 3938 1543 4008 passibus
1573 3938 1741 3994 ferme
1772 3955 1841 3994 xv
1873 3940 2032 3994 milli-

463 4031 604 4090 bus.
659 4046 875 4086 carcere
921 4039 975 4085 et
1012 4031 1247 4084 vinculis
1298 4029 1627 4084 constrictus
1671 4029 1857 4086 laudes
1918 4029 2028 4088 Deo

463 4123 814 4180 submittebat
841 4124 929 4178 die
959 4136 1252 4194 noctuque.

536 4215 598 4269 ll.
639 4215 694 4269 In
723 4217 907 4270 eodem
952 4217 1073 4270 loco
1107 4230 1271 4286 prope
1301 4215 1472 4286 ipsam
1505 4213 1808 4270 Ostiensem
1838 4216 2029 4271 civita-

463 4317 594 4370 tr'm,
634 4309 881 4378 princeps
907 4309 1151 4379 qumdam
1194 4309 1321 4362 hera
1359 4308 1748 4375 diversabatur,
1796 4309 2029 4379 impera—

463 4399 606 4454 torio
636 4415 848 4469 genere,
881 4400 1098 4452 nomine
1128 4399 1368 4469 Chryse.
1405 4415 1527 4468 qua:
1560 4400 1741 4468 plures
1776 4415 2027 4469 perpessa

465 4491 906 4560 persecutiones,
952 4500 1004 4544 et
1047 4490 1439 4552 condemnata,
1493 4505 1614 4544 eum
1653 4491 1756 4560 piis
1802 4492 1931 4546 viris
1977 4507 2030 4545 et

465 4582 765 4652 virginibus
810 4582 861 4636 in
915 4597 1015 4636 suo
1045 4583 1243 4651 praedio
1275 4581 1374 4636 sibi
1403 4581 1501 4652 ipsi
1533 4583 1775 4638 vacabat.
1819 4582 1942 4639 Haec
1969 4581 2026 4638 S.

463 4673 762 4730 Censorino
788 4689 818 4728 e
845 4675 1006 4728 domo
1034 4689 1130 4728 sua
1163 4675 1402 4743 quotidie
1429 4676 1627 4730 victum
1655 4675 1981 4746 largiebatur
2012 4695 2026 4730 :

466 4767 744 4838 ipsiusque
771 4767 983 4821 vincula
1012 4767 1245 4836 propriis
1275 4768 1526 4823 manibus
1552 4767 1799 4832 abluens,
1843 4768 2030 4824 ocrrlos

466 4870 521 4914 et
551 4859 740 4914 faciem
795 4861 1052 4930 tergebat.
1096 4858 1262 4914 Erant
1307 4861 1360 4914 in
1396 4862 1582 4915 eodem
1616 4860 1734 4915 loco
1761 4860 2030 4916 Maximus

470 4953 750 5023 presbyter
779 4953 1177 5017 sanctissimus,
1218 4964 1271 5006 et
1299 4952 1600 5008 Archelaus
1626 4953 1908 5017 diaconus,
1937 4953 2028 5022 qui

469 5045 699 5113 singulis
738 5045 930 5098 diebus
965 5044 1073 5099 Deo
1109 5045 1370 5099 sacriﬁcia
1397 5044 1693 5100 offerebant
1722 5061 1844 5100 cum
1877 5045 2031 5114 hyrn-

471 5135 556 5188 nis
589 5147 639 5190 et
673 5136 942 5192 laudibus.
1001 5138 1077 5192 Ac
1127 5137 1471 5192 beatissimus
1501 5137 1718 5207 quidem
1751 5137 2031 5207 presbyter

2131 2659 2425 2715 alﬁixistis.
2463 2657 2618 2713 Tunc
2650 2670 2756 2710 una
2794 2663 2973 2708 mente
2999 2667 3190 2708 omnes
3215 2694 3231 2719 ,
3285 2667 3483 2723 nempe
3523 2651 3704 2712 Feiix,

2132 2753 2421 2818 Maximus,
2452 2749 2769 2813 Faustinus,
2811 2745 3190 2812 Herculianus,
3219 2743 3536 2810 Numerius,
3583 2743 3706 2800 Sto-

2133 2846 2387 2909 racinus,
2433 2843 2652 2906 Menas,
2701 2839 3085 2902 Commodius,
3136 2835 3396 2904 Hermes,
3447 2835 3704 2901 Maurus,

2134 2936 2422 3000 Eusebius,
2459 2933 2756 2998 Rusticius,
2781 2931 3115 2997 Monacrius,
3142 2929 3505 2994 Amandinus,
3526 2927 3707 3000 Olym-

2133 3032 2256 3101 pius
2280 3069 2294 3093 ,
2329 3027 2592 3100 Cyprius,
2631 3041 2753 3082 cum
2791 3023 3081 3079 Theodoro
3124 3021 3379 3086 tribuno,
3433 3021 3502 3076 ad
3550 3022 3701 3092 pedes

2134 3120 2432 3176 beatissimi
2474 3115 2770 3188 presbyteri
2822 3115 3042 3168 Maximi
3069 3113 3228 3169 simul
3267 3128 3326 3168 se
3367 3113 3693 3183 abiecerunt,

2129 3211 2488 3281 postulantes,
2539 3209 2616 3261 uti
2644 3215 2835 3261 sancto
2861 3206 3183 3276 baptismate
3219 3203 3416 3273 dignos
3446 3215 3694 3261 censeret.

2130 3299 2222 3355 Ille
2251 3299 2318 3354 ad
2348 3299 2482 3363 haec,
2509 3313 2609 3368 pro
2643 3306 2904 3352 consueto
2926 3295 3034 3350 ritu
3061 3310 3186 3351 cum
3216 3297 3506 3350 universos
3539 3293 3705 3364 perfo-

2131 3391 2317 3455 cisset,
2345 3388 2588 3443 vestibus
2639 3402 2669 3439 a
2722 3385 2878 3440 beata
2911 3386 3119 3457 Chryse
3162 3384 3465 3453 adornatis,
3493 3386 3706 3440 eadem-

2131 3497 2236 3554 que
2289 3480 2492 3537 cibaria
2525 3478 2592 3533 ad
2623 3479 2825 3533 victum
2874 3478 3358 3545 subministrante;
3413 3478 3708 3548 baptizavit

2131 3589 2320 3628 omnes
2350 3573 2403 3627 in
2435 3571 2654 3626 nomine
2680 3569 2879 3640 Patris,
2907 3579 2961 3625 et
2982 3568 3126 3636 Filii,
3147 3579 3200 3624 et
3230 3569 3468 3641 Spiritus
3494 3571 3703 3626 sancti:

2134 3665 2423 3720 illuminati
2451 3664 2686 3734 denique
2713 3677 2897 3719 secum
2930 3662 3230 3717 retulerunt
3261 3663 3490 3734 gratiam
3522 3661 3702 3717 omni-

2132 3757 2370 3828 potentis
2402 3753 2518 3812 Dei.
2564 3754 2874 3810 Adveniens
2913 3763 3094 3809 autem
3141 3766 3307 3809 noctu
3356 3754 3709 3808 beatissimus

2131 3850 2393 3923 Cyriacus
2420 3849 2708 3919 episc0pus
2733 3888 2748 3914 ,
2809 3848 2957 3918 ipsos
2992 3863 3298 3918 pertingens
3331 3847 3536 3902 Christi
3570 3846 3715 3900 ebri-

2134 3950 2305 3997 smate
2340 3940 2603 4012 signavit,
2636 3939 3000 4010 erudiensque
3032 3941 3085 3994 in
3112 3941 3356 3995 doctrina
3386 3939 3530 4006 ﬁdei,
3562 3947 3709 4010 post-

2134 4048 2299 4104 quam
2334 4032 2526 4099 abluit,
2555 4031 2895 4100 consignavit
2916 4031 3069 4101 signo
3103 4032 3306 4087 crucis.

2205 4125 2291 4181 lll.
2333 4125 2541 4180 Interea
2580 4125 2782 4179 sutoris
2811 4124 3116 4193 cujusdam,
3156 4124 3246 4194 qui
3277 4125 3464 4179 eodem
3493 4124 3551 4178 in
3588 4125 3709 4178 loco

2134 4220 2486 4284 morabatur,
2525 4218 2668 4273 ﬁlius
2710 4217 2994 4272 defunctus
3040 4226 3142 4280 est,
3195 4232 3259 4272 ac
3299 4218 3711 4272 transeuntibus

2136 4312 2308 4368 beatis
2339 4311 2566 4383 Cyriaco
2593 4319 2648 4364 et
2679 4309 2914 4365 Maximo
2947 4327 3070 4366 cum
3107 4312 3259 4367 beata
3289 4311 3517 4382 Chryse,
3551 4310 3713 4379 ipsis-

2135 4421 2241 4475 que
2279 4404 2441 4458 etiam
2490 4401 2693 4457 sanctis
2729 4401 2933 4459 Christi
2980 4403 3277 4468 militibus,
3312 4402 3716 4457 lamentabatur

2137 4507 2289 4550 sutor
2320 4505 2546 4550 mortem
2581 4496 2676 4550 ﬁlii
2707 4496 2813 4551 sui.
2862 4495 3017 4552 Tunc
3062 4496 3410 4551 beatissimus
3441 4493 3719 4548 Maximus

2135 4589 2415 4660 presbyter
2440 4589 2610 4644 sutori
2637 4588 2770 4644 dixit
2807 4607 2820 4643 :
2852 4588 3023 4644 Crede
3051 4589 3102 4642 in
3135 4586 3427 4642 Dominum
3459 4596 3720 4640 nostrum

2135 4681 2318 4738 Jesum
2342 4682 2618 4738 Christum
2655 4685 2706 4737 in
2741 4692 3034 4753 conspectu
3070 4682 3311 4736 omnium
3346 4690 3615 4741 nostrum,
3654 4696 3724 4734 ac

2137 4785 2192 4830 tu
2239 4777 2418 4842 vives,
2468 4784 2523 4830 et
2565 4776 2734 4829 ﬁlium
2781 4784 2930 4828 tuum
2972 4773 3218 4843 recipies.
3259 4773 3353 4826 llle
3403 4787 3536 4825 vero
3585 4788 3728 4826 cum

2137 4868 2389 4940 lacrymis
2423 4886 2437 4921 :
2471 4865 2527 4920 ln
2567 4883 2726 4936 quem
2777 4864 3031 4920 credam?
3083 4865 3196 4918 ait:
3225 4863 3277 4917 in
3312 4878 3434 4917 eum
3480 4861 3729 4928 scilicet,

2137 4961 2222 5016 cui
2280 4960 2348 5015 ab
2397 4959 2758 5014 adolescentia
2805 4973 2926 5012 mea
2986 4971 3132 5010 nunc
3176 4971 3348 5024 usque
3405 4953 3731 5008 maledixi?

2137 5051 2404 5106 Maximus
2460 5050 2740 5120 presbyter
2797 5047 2934 5102 dixit
2981 5069 2993 5102 :
3038 5044 3418 5101 Pmnilendum
3478 5045 3580 5099 tibi
3636 5054 3735 5100 est

2137 5159 2324 5201 eorum
2355 5158 2476 5212 qua:
2509 5140 2706 5205 fecisti,
2736 5140 3177 5211 quandoquidem
3209 5137 3602 5208 ,pmnitentium
3639 5149 3739 5193 est

469 5224 737 5283 Maximus
796 5229 850 5283 in
886 5228 1102 5282 Domini
1163 5230 1332 5283 nostri
1384 5227 1511 5284 Jesu
1563 5229 1761 5284 Christi
1817 5229 2032 5284 nomine
2071 5235 2281 5305 nDeus
2316 5243 2518 5299 noster,
2566 5249 2675 5288 non
2725 5233 2954 5289 reddens
2995 5231 3290 5287 secundum
3343 5241 3570 5299 peccata
3619 5245 3738 5286 no-

467 5318 784 5376 admiranda
812 5336 1053 5390 eousque
1081 5321 1428 5391 operabatur,
1477 5329 1534 5374 ut
1582 5319 1874 5389 aliquando
1900 5333 2034 5373 corr-

469 5411 693 5468 veniens
721 5414 1102 5478 Censorinum,
1145 5413 1326 5468 subito
1361 5412 1506 5466 illius
1553 5412 1766 5466 vincula
1803 5427 1832 5465 e
1863 5411 2037 5464 nrani-

471 5505 575 5560 bus
619 5503 946 5573 pedibusque
988 5503 1435 5558 dissolverentur.
1486 5500 1640 5556 Tunc
1687 5501 1934 5572 aperiens
1975 5516 2036 5556 os

468 5609 631 5654 suum
659 5595 1002 5650 beatissimus
1028 5595 1328 5666 presbyter,
1357 5610 1652 5651 conversus
1679 5595 1745 5650 ad
1777 5593 1954 5664 ipsum
1985 5602 2040 5649 et

467 5687 759 5754 custodes,
800 5689 873 5744 ait
905 5706 918 5743 :
953 5687 1188 5755 Fratres,
1236 5689 1524 5752 relinquite
1553 5688 1826 5745 damones
1857 5697 1909 5745 et
1937 5702 2036 5743 vo-

2136 5337 2269 5388 stra,
2297 5326 2390 5381 sed
2427 5324 2632 5380 faciens
2659 5325 2956 5380 secundum
2987 5339 3234 5394 magnam
3279 5321 3734 5377 misericordiam

2137 5430 2314 5470 suarn.
2364 5414 2436 5467 At
2484 5424 2637 5469 sutor
2683 5413 2859 5468 dixit:
2896 5413 3035 5484 Ergo
3087 5413 3353 5484 baptizata
3392 5428 3478 5467 tne
3523 5413 3579 5466 in
3619 5429 3734 5469 no-

2139 5505 2284 5558 mine
2333 5502 2537 5573 ipsius,
2585 5509 2646 5557 ut
2691 5503 2928 5557 credam.
2973 5502 3126 5558 Tunc
3176 5502 3485 5572 baptizatus
3533 5513 3620 5556 est
3671 5503 3733 5556 in

2138 5596 2356 5650 nomine
2409 5604 2608 5652 sanctae
2637 5593 2917 5650 Trinitatis
2943 5636 2958 5660 ,
3009 5595 3290 5664 factusque
3327 5592 3692 5649 Christianus
3715 5631 3734 5658 ,

2139 5695 2490 5748 posteaquam
2537 5686 2777 5744 suscepit
2816 5686 3029 5746 signum
3083 5686 3322 5744 Christi.
3373 5685 3627 5747 gaudens
3672 5695 3735 5743 et
