1999 3513
167 101 179 128 l
186 102 239 129 6‘05

625 99 790 129 ACTORUM
812 99 840 128 S.
863 98 1045 127 lllPPOLYTl
1067 100 1192 130 VE'lSlO
1212 102 1317 131 NOVA.

1721 107 1788 135 lUiLG

165 164 309 191 exsultans
326 170 449 190 reversus
469 166 511 189 est
528 162 561 189 ad
586 162 669 189 ﬁlium
685 170 775 190 suum.
798 162 882 195 Quom
905 161 949 188 ubi
966 166 988 191 Α
1003 162 1088 196 ipsam
1116 164 1143 190 in
1165 168 1223 192 rota
1246 163 1375 199 suspendi
1400 164 1492 199 jussit.
1516 165 1584 193 Dum
1612 171 1702 194 autem
1728 167 1789 202 ejus

166 210 309 246 conspexit
331 209 462 236 Maximus
486 209 636 244 presbyter,
655 217 708 236 non
740 209 799 236 sine
824 210 951 245 lacrymis

166 257 237 285 dixit
255 266 262 284 :
282 255 390 283 Domine
409 254 475 283 Jesu
496 255 615 287 Christe,
635 256 681 291 qui
695 256 820 291 dignatus
843 265 873 284 es
896 256 951 285 for-

167 311 240 331 mam
257 301 326 330 servi
341 301 474 337 accipere,
489 306 519 329 ut
545 310 560 330 a
586 302 715 330 servitute
734 303 833 330 diaboli
856 311 906 331 nos
922 304 951 331 li-

168 349 288 380 berares;
304 348 408 383 respice
430 348 457 377 in
479 355 548 384 opus
572 356 700 376 manuum
718 354 836 381 tuarum,
852 354 882 377 ut
904 357 950 377 co-

162 391 280 429 'gnoscat
294 399 320 422 te
335 394 488 423 eﬁ‘ectorem
502 399 528 422 et
543 400 740 429 procreatorem
758 403 848 423 suum.
873 396 950 424 Tunc

164 439 342 468 beatissimus
357 440 487 477 Cyriacus
502 441 647 475 episcopus
664 441 734 468 dixit
751 451 758 468 :
777 441 900 474 Domine,
923 442 950 470 in

165 491 214 514 tuo
237 486 351 514 nomine
378 494 465 522 genua
495 492 588 514 nostra
614 487 722 522 ﬁgimus
741 497 747 514 ε
765 495 882 523 cumque
901 488 947 516 diu

165 537 308 564 oraSSent,
332 532 370 559 ait
402 533 499 560 iterum
523 533 552 559 B.
570 532 724 568 Cyriacus:
748 532 860 560 Domine
885 533 948 561 Jesu

165 577 285 609 Christe,
303 577 349 612 qui
372 582 481 611 propter
498 577 701 605 miserationem
726 577 886 605 immensam
908 582 949 605 at-

168 631 222 659 que
241 623 379 650 hominum
397 623 510 650 salutem
526 623 577 651 sub
590 622 687 651 Pontio
701 622 787 650 Pilato
802 623 949 652 cruciﬁxus

169 676 209 699 es,
223 668 268 703 qui
283 668 413 696 Lazarum
429 669 580 701 suscitasti,
596 673 623 696 et
639 669 749 696 unicum
764 669 852 697 viduae
864 669 948 697 ﬁlium

169 713 202 739 ad
227 713 309 740 vitam
336 715 479 745 revocasti,
502 714 613 742 ostende
624 714 705 741 etiam
720 722 793 742 nunc
815 716 949 743 mirabilia

169 763 215 786 tua
232 759 258 786 in
276 759 328 787 isto
342 759 444 787 famulo
455 764 512 792 tuo,
541 765 570 788 ut
595 765 740 796 cognoscat
762 766 787 789 te
801 761 885 789 Deum
909 763 950 790 vi-

169 811 232 830 vum
247 809 273 831 et
288 812 380 832 verum
400 805 427 832 in
444 805 619 832 renovatione
632 813 691 839 sua,
713 806 776 841 quia
792 812 948 841 procreator

167 858 198 878 es
215 851 346 884 omnium,
361 855 387 878 ct
401 860 498 887 regnas
514 852 540 879 in
559 852 656 880 saecula
674 854 846 881 saeculorum.
863 854 949 881 Cum-
965 843 987 871 Β
1002 853 1079 887 virgo
1103 853 1246 886 clamabat,
1267 853 1362 881 dicens
1387 863 1394 881 :

168 903 221 931 que
247 897 366 924 universi
393 898 614 933 respondissent,
636 898 736 931 Amen,
757 900 854 927 revixit
879 908 950 927 mor-

169 947 251 976 tuus,
272 947 353 978 atque
366 944 422 972 haec
441 944 514 978 loqui
528 944 610 980 cmpit
629 953 635 972 :
654 944 709 980 Ego
735 945 789 972 vidi
804 945 948 974 Dominum

168 988 259 1017 Iesum
274 989 411 1018 Christum
428 991 600 1018 reducentem
622 999 666 1018 me
681 999 696 1018 a
714 991 833 1020 tenebris
855 992 888 1020 ad
911 993 950 1020 lu-

168 1043 237 1063 cem.
256 1035 325 1063 Tum
339 1044 403 1063 vero
418 1044 465 1072 per
480 1037 643 1065 catechesim
656 1037 777 1071 edoctus,
796 1039 948 1074 baptizatus

168 1087 211 1110 est
233 1081 261 1108 iu
285 1082 394 1110 nomine
409 1082 507 1115 Patris,
531 1087 558 1111 et.
580 1083 652 1116 Filii,
666 1088 693 1112 et
708 1085 794 1113 sancti
811 1085 947 1121 Spiritus,

169 1128 335 1163 signaculum
350 1129 467 1164 Spiritus
486 1136 647 1159 consecutus
663 1140 669 1158 :
686 1139 767 1167 quem
787 1132 868 1160 etiam
887 1140 949 1161 sus-

167 1175 238 1209 cepit
261 1175 338 1202 beata
361 1175 473 1211 Chryse,
499 1183 596 1204 nomen
622 1176 672 1211 ipsi
705 1177 867 1212 imponens,
897 1187 947 1207 vo-

166 1227 286 1254 cansque
311 1220 490 1253 Faustinum,
516 1229 578 1249 eum
603 1226 676 1250 esset
700 1230 832 1252 annorum
863 1232 947 1260 prope

166 1266 319 1295 duodecim.
347 1266 424 1295 Haud
446 1268 531 1295 multo
559 1274 620 1303 post
644 1273 734 1297 autem
762 1272 945 1299 renuntiatum

166 1316 209 1340 est
226 1313 380 1348 imperatori
402 1313 531 1345 Claudio,
554 1322 666 1349 puerum
692 1316 853 1344 exstinctum
877 1318 947 1344 revi-

168 1358 241 1385 xisse
255 1366 270 1385 a
286 1359 411 1391 mortuis,
424 1367 471 1394 per
483 1362 630 1388 orationem
642 1360 781 1389 beatorum
795 1362 944 1390 hominum.

168 1404 203 1430 At
215 1403 344 1432 Claudius
361 1414 368 1431 :
386 1404 453 1438 Iloc,
476 1405 573 1441 inquit,
598 1407 665 1434 nihil
681 1413 723 1435 est
738 1407 810 1435 aliud
828 1408 879 1436 nisi
901 1416 945 1436 ars

169 1449 293 1484 magica;
309 1450 441 1486 jussoque
464 1452 590 1480 accersiri
615 1452 717 1481 vicario
740 1454 815 1481 urbis
836 1453 944 1487 Romae,

168 1495 277 1522 nomine
294 1495 371 1531 Ulpio
389 1496 515 1530 Romulo,
537 1498 597 1526 huic
614 1500 741 1535 pmcepit
757 1509 763 1527 :
781 1499 943 1536 Sacrilegum

165 1540 305 1576 Chrysem.
322 1542 426 1577 dicens,
444 1552 504 1579 qum
517 1544 669 1573 obscuravit
691 1554 775 1581 genus
799 1546 945 1582 imperato-

164 1586 213 1614 riae
226 1595 282 1615 sua:
296 1589 453 1623 nobilitatis,
475 1598 591 1627 cumque
608 1592 695 1627 magis
716 1592 866 1620 artiﬁcibus
881 1600 946 1620 con-

165 1632 243 1660 tinuo
258 1634 331 1668 cupit
343 1642 403 1662 esse
414 1643 446 1662 ac
459 1636 600 1668 diversari,
615 1638 699 1665 variis
712 1643 740 1665 tu
756 1639 843 1673 poenis
856 1639 944 1674 adige,

165 1686 308 1713 quousque
322 1680 511 1715 obtemperans
527 1687 669 1709 veneretur
683 1683 748 1710 deos
761 1684 889 1719 deasque.
906 1685 946 1712 Ac

165 1724 309 1759 siquidem
338 1727 474 1760 paruerit,
492 1727 563 1754 vivet
582 1737 587 1755 :
608 1728 672 1763 quin
700 1729 780 1755 etiam
805 1730 945 1766 inscriptio

163 1777 217 1803 qua
235 1769 361 1797 damnata
384 1775 435 1802 est,
452 1772 631 1799 rescindatur.
650 1772 677 1799 Si
697 1773 743 1808 qui
763 1781 826 1801 vero
846 1774 945 1802 fuerint

163 1822 226 1842 cum
241 1815 298 1850 ipsa
314 1816 484 1852 deprehensi,
499 1818 583 1845 variis
600 1818 749 1854 plectemur
768 1820 943 1848 cruciatibus.

407 1886 578 1915 INCIPIUNT
594 1888 696 1917 ACTA.

199 1952 218 1980 l.
239 1953 305 1982 Cum
328 1956 445 1984 venisset
460 1956 556 1993 Ulpius
578 1957 709 1987 Romulus
729 1959 846 1988 vicarius
861 1961 887 1988 in
906 1961 945 1989 ci-

164 2006 271 2029 vuatem
284 2001 446 2035 Ostiensem,
464 2009 573 2032 sanctos
587 2005 621 2032 ad
634 2013 717 2033 unum
733 2006 830 2034 abduci
846 2007 872 2034 in
886 2016 943 2035 car-

163 2053 251 2073 cerem
274 2047 366 2082 jussit.
393 2048 469 2076 Mane
499 2054 591 2078 autem
612 2059 726 2087 surgens
745 2054 891 2087 pracepit.
914 2058 945 2081 ut

164 2091 303 2119 sisteretur
318 2094 393 2121 beata
407 2094 519 2131 Chryse,
532 2104 613 2131 quam
633 2097 674 2124 his
693 2105 776 2133 prope
795 2098 884 2126 verbis
898 2107 944 2126 ex-

163 2138 235 2172 cepit
250 2148 257 2166 :
276 2138 299 2166 Ο
317 2140 421 2168 insania
436 2142 547 2177 magica:
569 2142 645 2172 artis.
660 2151 720 2178 qua:
736 2144 762 2170 in
782 2149 807 2171 te
819 2145 900 2179 viget,
915 2149 944 2172 ut

165 2185 262 2219 perdas
277 2186 479 2221 imperatorium
497 2187 589 2219 decus,
607 2188 781 2223 natalitiaquc
794 2193 838 2216 tua
854 2190 943 2224 splen-
959 2203 982 2230 υ

164 2231 226 2259 dida
251 2230 390 2261 obsieures.
415 2233 484 2261 Tutu
511 2233 589 2261 beata
616 2234 719 2269 Chryse
746 2235 914 2269 respondens
935 2245 942 2263 :

163 2277 219 2313 Ego
232 2280 332 2315 potius,
355 2280 452 2315 inquit,
474 2279 616 2308 obscuravi
633 2281 779 2313 dremones,
802 2281 849 2316 qui
866 2282 943 2310 vobis

162 2324 297 2357 illudunt.
314 2333 346 2353 ac
369 2326 484 2354 desertis
505 2326 632 2354 inanibus
655 2326 734 2354 idolis
760 2327 942 2361 manufactis,

160 2372 274 2407 cognovi
289 2380 372 2399 unum
389 2372 471 2400 Deum
493 2373 595 2406 vivum,
610 2377 637 2400 et
655 2380 759 2404 verum,
779 2378 805 2400 et
822 2373 942 2407 unigeni-

162 2423 218 2445 tum
233 2418 329 2445 Ftlium
355 2412 413 2452 ejus
431 2418 572 2445 Dominqu
597 2423 719 2446 nostrum
747 2418 839 2446 Jcsum
861 2420 942 2447 Chri-

162 2468 245 2494 stum.
261 2465 307 2499 qui
328 2465 426 2497 veniet,
449 2470 478 2492 ut
497 2465 600 2499 judicet
617 2465 692 2491 vivos
713 2469 739 2491 et
761 2469 893 2495 mortuos,
910 2473 941 2493 ac

161 2514 264 2544 patrem
287 2515 363 2538 tuum
379 2510 516 2538 diabolum
540 2518 593 2537 una
610 2518 671 2537 cum
694 2510 807 2537 Claudio
823 2510 941 2546 impera-

163 2559 220 2583 tore
236 2556 261 2582 in
282 2557 405 2584 tenebras
426 2556 590 2584 amandabit.
606 2555 700 2590 Ulpius
715 2556 846 2584 Romulus
867 2557 940 2584 vica-

162 2601 219 2629 rius
234 2602 301 2629 dixit
318 2601 453 2637 :Decepta
475 2607 516 2631 est
539 2602 590 2630 ista
614 2609 660 2637 per
686 2602 817 2636 magicam
843 2607 938 2636 artem,

161 2647 266 2682 ipsique
279 2648 316 2675 ait
332 2657 339 2675 :
356 2648 515 2683 Derelinque
539 2648 645 2675 tandem
670 2647 825 2682 hujusmodi
841 2656 937 2684 nugas,

159 2699 186 2723 et
201 2697 311 2724 consule
333 2698 423 2733 generi
447 2702 502 2725 tuo.
523 2698 556 2725 At
577 2698 653 2725 beata
667 2697 770 2733 Chryse
793 2697 939 2724 insulilavit

159 2742 187 2770 iu
209 2742 306 2770 faciem
325 2744 413 2776 iHius,
436 2744 530 2772 dicens
548 2753 554 2770 :
572 2743 652 2771 Miser
665 2764 672 2776 ,
698 2744 721 2771 si
744 2750 838 2770 nosses
855 2743 938 2770 Deum

157 2787 310 2817 effectorem
334 2790 394 2817 ωειί
418 2794 444 2817 et
457 2794 543 2822 teme,
566 2798 619 2817 non
635 2790 727 2825 utique
741 2798 789 2818 ore
806 2795 851 2816 tuo
868 2789 940 2816 blas-

158 2834 291 2870 phemiam
318 2835 484 2872 protulisscs.
510 2837 586 2864 Tunc
612 2844 675 2864 vero
704 2836 788 2864 iratus
810 2836 936 2870 vicarius,

1004 209 1077 236 nervi
1092 210 1320 242 distraherentur,
1343 211 1468 239 alacriter
1483 213 1527 240 illa
1544 217 1571 240 et
1587 213 1789 247 speciosissima

1003 255 1078 282 vultu
1105 256 1179 291 loqui
1205 256 1287 290 erepit
1308 264 1315 282 :
1337 255 1443 284 Gratias
1467 258 1514 285 tibi
1541 258 1647 291 refero,
1675 257 1789 286 Domine

1003 300 1066 328 Jesu
1082 300 1189 329 Christe
1201 322 1209 335 ,
1231 302 1277 337 qui
1297 310 1338 329 me
1354 310 1387 329 ex
1406 302 1501 330 inferis
1516 304 1549 331 ad
1566 303 1687 332 ecelestia
1703 304 1789 332 subli—

1003 347 1056 374 mia
1084 346 1210 382 dignatus
1224 356 1254 375 es
1270 348 1385 375 elevare.
1408 348 1449 375 Ad
1468 356 1548 383 quam
1563 349 1680 377 vicarius
1695 349 1762 377 dixit
1779 357 1787 377 :

1005 391 1150 421 Videamus
1163 401 1197 420 an
1212 393 1323 421 veniens
1342 393 1469 421 Christus
1485 399 1547 421 tuus
1571 399 1596 422 te
1612 395 1715 423 liberet.
1736 394 1789 422 Re-

1004 439 1112 473 spondit
1132 439 1209 466 beata
1230 438 1333 475 Chryse
1356 448 1363 466 :
1382 438 1440 466 Non
1462 447 1512 475 ego
1534 440 1642 474 quidem
1665 448 1724 467 sum
1744 440 1788 467 di-

1003 492 1066 518 gna,
1089 484 1135 512 sed
1159 485 1202 511 ille
1217 485 1264 519 qui
1277 492 1311 512 ex
1328 484 1441 520 caligine
1456 485 1549 512 mundi
1570 485 1650 520 hujus
1665 493 1707 512 mc
1723 486 1789 513 lihe-

1003 538 1064 558 rare
1074 530 1200 566 dignatus
1209 535 1260 563 est,
1276 535 1365 566 potest
1377 530 1458 558 etiam
1472 536 1497 558 te
1514 538 1545 558 ac
1558 536 1632 558 tuum
1644 531 1787 559 Claudium

1002 576 1125 610 perdere.
1143 576 1211 604 Dum
1235 576 1291 604 haec
1307 576 1477 611 loqueretur,
1499 577 1589 604 subito
1608 583 1666 604 rota
1681 577 1788 605 confra-

1002 626 1045 649 cta
1060 626 1111 653 est,
1130 622 1246 656 indeque
1261 621 1303 648 illa
1319 626 1467 657 asportata,
1481 623 1602 649 constitit
1618 631 1695 650 sana.
1712 623 1788 651 Man-

1002 668 1075 696 davit
1088 676 1151 704 ergo
1168 668 1299 696 Romulus
1321 668 1405 703 ipsam
1423 668 1539 696 fustibus
1554 669 1631 702 caedi,
1654 670 1706 697 sub
1723 678 1788 698 voce

1003 715 1134 749 pneconis
1150 714 1323 743 inclamantis
1340 725 1347 742 :
1368 715 1504 749 Sacrilega
1521 714 1633 751 Chryse,
1648 723 1709 750 quae
1722 716 1787 745 deos

1002 760 1211 795 blasphemavit,
1237 765 1264 788 et
1287 761 1430 796 imperium
1453 761 1565 789 rectoris
1582 766 1682 789 nostra:
1706 762 1788 790 liber-

1002 807 1065 834 tatis
1084 806 1190 835 Claudii
1220 807 1401 842 contempsit,
1429 809 1546 843 vapulet.
1572 808 1672 837 Saucta
1695 813 1786 836 autem

1420 853 1580 882 Benedictus
1601 862 1649 887 es,
1673 854 1787 883 Domine

1002 898 1064 926 Jesu
1078 899 1194 932 Christe,
1213 907 1291 934 quem
1312 907 1362 935 ego
1385 900 1577 934 propemodum
1597 900 1714 928 intueor.
1732 899 1787 928 Ro-

1003 946 1092 973 mulus
1114 945 1232 973 vicarius
1246 946 1314 973 dixit
1331 955 1337 973 :
1353 946 1500 974 Admovcte
1513 947 1650 982 lampades
1661 947 1786 975 ardentes

1002 991 1035 1018 ad
1056 992 1140 1018 latera
1154 991 1224 1025 ejus.
1240 990 1275 1018 Ut
1288 996 1378 1018 autem
1401 991 1590 1024 admoverunt.
1606 992 1699 1020 hilaris
1713 992 1786 1020 clara

1001 1045 1067 1064 voce
1090 1041 1171 1072 atque
1195 1044 1242 1064 ore
1266 1037 1449 1072 pulcherrimo
1473 1037 1517 1065 illa
1535 1047 1541 1065 :
1559 1037 1617 1065 Non
1643 1043 1668 1066 te
1694 1038 1785 1073 pudet,

1001 1082 1107 1117 inquit,
1136 1089 1153 1109 o
1175 1081 1286 1115 infelix,
1310 1082 1336 1109 in
1359 1083 1479 1110 membra
1502 1083 1624 1118 corporis
1647 1083 1787 1112 intendere

1001 1128 1073 1156 illius
1089 1135 1150 1163 quae
1175 1132 1201 1155 te
1226 1128 1339 1163 genuit,
1364 1136 1445 1163 quam
1466 1128 1513 1156 tibi
1536 1137 1627 1157 coram
1650 1131 1788 1158 statuisti?

1002 1174 1096 1209 Ulpius
1112 1173 1255 1207 Romulus,
1273 1175 1384 1201 adversa
1402 1179 1447 1201 tua
1463 1174 1580 1207 fortuna,
1595 1176 1671 1209 dixit,
1688 1176 1785 1211 hujuse

1000 1220 1073 1248 modi
1088 1225 1269 1256 consequetur
1284 1229 1291 1248 :
1306 1228 1366 1255 quze
1390 1221 1557 1249 immortales
1576 1221 1642 1249 deos
1665 1228 1784 1254 uestros,

999 1274 1060 1301 quat
1073 1266 1273 1301 imperatoriam
1293 1266 1450 1300 dignitatem
1465 1266 1619 1300 deseruisti,
1636 1275 1696 1302 qua:
1708 1268 1782 1295 abuti

1000 1319 1140 1346 magorum
1156 1311 1258 1339 artibus
1274 1312 1418 1347 exoptasti.
1436 1312 1469 1339 At
1483 1313 1526 1339 illa
1540 1312 1614 1340 lmmi
1631 1321 1693 1341 cum
1707 1321 1788 1349 appa-

999 1362 1071 1385 reret
1087 1359 1227 1390 sem’assa,
1243 1358 1269 1385 in
1290 1366 1426 1386 carcerem
1443 1359 1544 1386 retrudi
1561 1359 1680 1393 juhctur.

1035 1404 1064 1430 ll.
1078 1403 1145 1431 Tum
1164 1404 1257 1432 beatos
1271 1404 1342 1431 viros
1355 1404 1466 1439 produci
1481 1404 1627 1438 mandavit,
1642 1405 1787 1434 Maximum

998 1450 1194 1485 presbyterum,
1210 1454 1237 1477 et
1248 1449 1409 1477 Archelaum
1423 1450 1566 1478 diaconum
1581 1461 1587 1478 :
1602 1459 1672 1486 quos
1693 1452 1729 1479 ita
1744 1457 1787 1480 est

999 1495 1132 1522 allocutus
1146 1503 1152 1521 :
1165 1494 1266 1530 Ecquid
1280 1495 1390 1523 nomina
1404 1495 1537 1530 majorum
1549 1496 1660 1524 deorum
1676 1503 1723 1531 per
1737 1504 1788 1525 vos

999 1542 1235 1577 blasphemantur,
1252 1546 1279 1569 ct
1292 1541 1444 1576 pervertitis
1462 1542 1585 1570 homines
1599 1550 1632 1569 ue
1654 1542 1719 1577 ipsis
1732 1551 1788 1571 crc-

998 1580 1080 1616 dant?
1101 1587 1131 1615 Β.
1158 1588 1299 1623 presbyter
1318 1587 1452 1616 Maximus
1476 1588 1635 1623 respondit:
1655 1588 1710 1617 Nos
1729 1591 1787 1625 qni-

998 1634 1059 1662 dem
1079 1634 1215 1661 neminem
1238 1634 1430 1669 pervertimus,
1447 1639 1474 1661 at
1493 1635 1582 1669 p0tius
1605 1642 1652 1670 per
1672 1635 1785 1670 gratiam

998 1680 1105 1708 Domini
1124 1680 1209 1708 nostri
1223 1679 1286 1707 Jesu
1302 1680 1405 1707 Christi
1421 1688 1517 1708 omnes
1533 1681 1679 1709 liberamus
1693 1681 1728 1709 ab
1740 1689 1785 1708 er-

999 1735 1061 1755 rore
1084 1727 1228 1754 idolorum.
1254 1726 1340 1754 Iratus
1365 1726 1497 1755 Romulus
1518 1727 1587 1755 dixit
1612 1736 1620 1755 :
1646 1727 1690 1755 lsti
1713 1731 1785 1755 certe

999 1773 1073 1808 digni
1091 1777 1155 1800 sunt.
1179 1776 1287 1799 morte:
1303 1772 1484 1807 praecepitque
1508 1772 1616 1800 beatum
1639 1773 1784 1800 diaconum

998 1819 1160 1847 Archelaum
1186 1818 1248 1846 duci
1278 1818 1312 1846 ad
1331 1826 1424 1846 arcum
1449 1823 1510 1846 ante
1536 1819 1785 1854 theatrum,ibique

998 1865 1095 1901 capitis
1109 1872 1215 1900 poenam
1232 1864 1380 1897 sustinere;
1396 1864 1440 1891 cui
1459 1864 1550 1892 cervix
1567 1863 1662 1892 eodem
1681 1865 1707 1892 in
1725 1865 1784 1893 loco

998 1912 1118 1940 abscissa
1137 1916 1187 1939 est.
1210 1910 1321 1938 Beatum
1345 1918 1409 1938 vero
1424 1910 1571 1938 Maximum
1593 1911 1627 1938 ad
1646 1918 1782 1939 carcerem

998 1957 1100 1993 rejecit.
1115 1956 1202 1985 Noctu
1218 1962 1308 1984 autem
1324 1955 1355 1983 Β.
1371 1956 1511 1991 presbyter
1525 1954 1658 1984 Eusebius
1676 1956 1783 1991 collegit

998 2012 1096 2039 corpus
1110 2004 1181 2031 beati
1194 2002 1331 2035 Archelai,
1346 2007 1373 2029 et
1387 2003 1413 2029 in
1431 2009 1496 2038 agro
1512 2002 1643 2037 sepelivit.
1661 2002 1700 2029 Ad
1714 2003 1782 2035 haec,

998 2049 1098 2076 milites
1120 2050 1200 2076 etiam
1220 2048 1266 2082 qui
1294 2055 1375 2083 opera
1400 2047 1431 2074 Β.
1459 2047 1567 2074 Maximi
1590 2048 1618 2075 in
1643 2048 1781 2076 Christum

998 2095 1189 2127 crediderant,
1216 2094 1273 2129 pari
1300 2094 1396 2121 mortis
1415 2101 1513 2129 genere
1535 2095 1687 2129 consumpti
1706 2100 1779 2123 sunt.

998 2141 1077 2175 Quod
1096 2149 1156 2169 cum
1182 2140 1282 2168 factum
1307 2140 1456 2175 accepisset
1481 2139 1631 2173 Romulus,
1655 2142 1781 2177 przecepit

997 2188 1089 2215 statim
1112 2192 1142 2215 ut
1167 2187 1252 2215 sancti
1276 2192 1407 2222 martyres
1434 2186 1568 2214 Maximus
1594 2187 1732 2223 presbyter
1754 2193 1780 2215 et

997 2233 1127 2270 Cyriacus
1149 2234 1293 2269 episcopus
1318 2233 1344 2260 in
1367 2241 1474 2260 carcere
1489 2233 1576 2268 rapite
1588 2234 1669 2269 plexi,
1685 2243 1779 2262 eorum

997 2287 1110 2315 corpora
1122 2280 1148 2307 in
1163 2287 1238 2307 mare
1253 2278 1462 2314 projicerentur.
1477 2279 1542 2312 Qua:
1556 2288 1618 2308 cum
1635 2281 1781 2309 invenisset

997 2326 1093 2354 beatus
1107 2326 1240 2353 Eusebius
1255 2325 1404 2361 presbyter,
1420 2325 1514 2353 sedulo
1525 2326 1641 2362 collegit,
1651 2331 1731 2362 atque
1745 2328 1779 2355 ad

996 2372 1080 2399 maris
1095 2372 1171 2399 littus
1188 2379 1270 2407 prope
1283 2371 1434 2400 Ostiensem
1451 2372 1544 2399 urbem
1562 2372 1588 2399 in
1605 2380 1670 2407 agro
1683 2374 1780 2408 sepeli-

995 2419 1045 2450 vit,
1066 2418 1177 2453 ipsaqne
1192 2417 1218 2443 in
1233 2417 1325 2444 eadem
1341 2417 1439 2444 vicinia
1454 2417 1481 2444 in
1500 2422 1593 2453 crypta
1611 2419 1738 2453 deposuit
1751 2428 1777 2446 a.

994 2464 1021 2491 d.
1038 2471 1065 2490 vt
1088 2463 1126 2491 ld.
1149 2462 1264 2498 Augusti
1290 2463 1329 2489 via
1354 2461 1482 2491 Ostiensi.
1500 2461 1649 2490 Taurinqu
1668 2471 1732 2490 vero
1752 2469 1779 2492 et

994 2509 1187 2537 Herculiauum
1211 2508 1238 2535 in
1258 2507 1340 2535 Portu
1358 2508 1480 2535 Romano
1495 2508 1655 2536 recondidit.
1675 2508 1777 2542 Quarto

993 2554 1165 2590 postmodum
1185 2554 1226 2580 die
1242 2553 1345 2581 invertit
1363 2560 1476 2588 corpora
1495 2558 1653 2580 cancrorum
1669 2559 1778 2582 sancto-

993 2610 1054 2629 rum
1069 2601 1102 2629 ad
1118 2600 1200 2628 maris
1221 2600 1296 2627 littus
1311 2599 1407 2634 ejecta,
1431 2603 1457 2626 et
1475 2599 1580 2626 beatum
1604 2598 1777 2628 Theodorum

994 2649 1132 2675 tribunum
1149 2645 1273 2680 deposuit
1296 2645 1322 2671 in
1345 2644 1502 2672 testudine:
1520 2645 1601 2673 simul
1623 2651 1712 2674 autem
1734 2655 1776 2674 Ie-

993 2696 1081 2729 iiquos
1098 2699 1192 2720 omnes
1206 2691 1321 2726 collegit,
1338 2698 1438 2726 eosque
1451 2691 1527 2727 juxta
1547 2697 1641 2720 sancta
1662 2700 1778 2728 corpora

992 2744 1141 2775 martyrum
1158 2737 1307 2768 sociorum,
1324 2736 1432 2771 Cyriaci
1445 2742 1472 2764 et
1487 2737 1607 2768 Maximi.
1621 2738 1756 2773 deposuit.

1027 2786 1071 2812 111.
1092 2785 1192 2818 Quinto
1207 2787 1296 2810 autem
1309 2782 1352 2810 die
1366 2784 1491 2819 praecepit
1511 2784 1644 2813 Romulus
1660 2790 1687 2813 ut
1702 2785 1775 2813 exhi-

992 2834 1099 2861 bcrctur
1117 2833 1192 2860 beata
1207 2829 1319 2865 Chryse,
1343 2838 1403 2865 qua:
1426 2835 1455 2858 ut
1472 2831 1498 2858 in
1515 2836 1686 2867 conspectum
1703 2839 1771 2867 pra:-
