4038 6352
630 440 709 497 ’15
1777 438 1836 496 5.
1872 436 2091 495 ΖΕΗῐῖ
2100 438 2220 495 BIN!

2313 437 2465 495 ΑΗΕ
2499 430 2892 496 ΕΡΙΒΤΟῐηΕμ
3568 435 3573 439 ’
3789 436 3874 491 l6

743 647 818 704 Ds
842 647 1096 719 episcopis
1126 647 1277 702 rebus
1306 640 1569 717 spoliatis,
1600 646 1677 704 uel
1706 664 1739 702 a
1763 648 1882 705 sede
1908 648 2096 725 pulsis.

714 760 1029 823 Nuntiatum
1073 770 1159 817 est
1183 761 1329 815 enim
1372 761 1487 817 sedi
1528 762 1838 832 apostolicae
1868 764 2207 834 perapocri-

646 854 822 909 uarios
849 863 1062 909 vestros
1090 852 1137 885 ⁸⁸
1166 851 1266 924 (7),
1300 853 1562 923 quosdam
1594 844 1824 911 fratrum
1870 866 2203 920 nostrorum,

645 943 1033 1016 episcoporum
1060 943 1323 1010 videlicet,
1353 944 1421 999 ab
1448 940 1705 1002 Ecclesiis
1741 955 1795 1000 et
1825 946 2044 1003 sedibus
2082 938 2199 1019 pro-

649 1035 785 1108 priis
826 1032 973 1106 pelli,
1021 1048 1229 1105 suaque
1268 1035 1348 1091 eis
1379 1033 1583 1089 auferri
1612 1036 1985 1105 supellectilis,
2025 1046 2080 1092 et
2126 1037 2207 1093 sic

650 1126 828 1181 nudos
860 1134 914 1181 et
937 1125 1263 1199 exspoliatos
1301 1126 1369 1181 ad
1392 1125 1601 1196 judicia
1631 1114 2023 1199 vocariiquod
2056 1130 2206 1184 omni

650 1218 1048 1285 ratione'caret,
1076 1232 1202 1273 cum
1243 1218 1534 1273 constituta
1564 1218 1954 1288 apostolorum,
1986 1235 2206 1276 eorum-

653 1323 761 1380 que
808 1323 1207 1387 successorum,
1248 1317 1304 1365 et
1346 1320 1613 1379 praecepta
1665 1309 2047 1381 imperatorum
2072 1312 2118 1344 ⁸⁸
2142 1327 2208 1369 ac

652 1400 1065 1456 constitutiones
1104 1399 1313 1471 legum,
1347 1398 1581 1471 idipsum
1613 1401 1952 1473 prohibeant,
1983 1412 2037 1459 et
2071 1420 2207 1476 apo-

654 1493 859 1548 stolica:
886 1493 1033 1551 sedis
1063 1493 1361 1548 auctoritas
1394 1491 1629 1563 idipsum
1645 1495 1767 1549 ﬁeri
1784 1503 1943 1550 vetet.
1996 1494 2211 1552 Praece-

658 1592 806 1657 ptum
822 1581 964 1641 est"
988 1601 1121 1657 ergo
1156 1585 1212 1641 in
1245 1586 1481 1655 antiquis
1522 1588 1761 1654 statutis,
1791 1588 2071 1658 episcopos
2105 1588 2212 1658 eje-

655 1686 773 1734 ctos
795 1677 861 1745 ³⁸,
893 1686 1055 1749 atque
1087 1679 1202 1735 suis
1231 1680 1392 1735 rebus
1412 1680 1767 1750 exspoliatos,
1786 1679 2060 1737 Ecclesias
2083 1696 2210 1751 pro-

626 1790 628 1793 ·
657 1770 803 1839 prias
845 1773 1201 1842 recipere,'et
1229 1774 1404 1843 primo
1450 1788 1551 1828 sua
1596 1772 1778 1829 omnia
1814 1775 1894 1829 eis
1919 1766 2069 1839 reddi
2105 1791 2119 1829 :
2156 1783 2211 1829 et

659 1866 773 1918 tum
822 1864 1059 1931 demum,
1091 1865 1139 1920 si
1184 1868 1309 1936 quis
1345 1880 1439 1921 eos
1466 1866 1614 1936 juste
1653 1881 1910 1922 accusare
1954 1867 2184 1929 voluerit

2232 563 2277 621 Α
2306 565 2408 610 tem
2432 555 2500 611 ι’.
2543 553 2654 611 Nos
2678 570 2824 611 etum
2850 571 2945 628 qm
2972 555 3087 611 haec
3112 555 3367 626 patimur,
3396 552 3600 625 judicio
3623 550 3715 608 Dei
3743 552 3875 608 haec

2302 660 2581 703 reservare
2606 645 2888 712 debemus,
2915 647 3009 717 qui
3035 647 3219 702 reddet
3245 645 3535 715 unicuique
3558 644 3872 700 secundum

2302 752 2466 809 opera
2492 738 2612 808 ejus
2636 736 2703 793 “.
2746 736 2855 804 Qui
2892 739 3053 793 etiam
3097 740 3193 808 per
3223 738 3500 793 ministros
3540 751 3672 791 suos
3716 737 3878 790 into-

2303 830 2444 894 nuit,
2468 828 2693 885 dicens:
2728 826 2864 882 lihi
2894 829 3160 893 uindicta,
3189 844 3282 900 ego
3328 826 3607 881 retribuam
3651 826 3716 881 “.
3736 824 3881 905 ,νος

2302 921 2447 975 enim
2481 921 2533 975 in
2562 920 2873 985 rectaiide,
2923 927 2978 975 et
3028 936 3229 991 opere,
3282 934 3349 975 ac
3396 920 3535 975 bona
3586 918 3878 972 voluntate
3935 990 3939 991 ί

2304 1012 2606 1069 succurrite
2632 1012 2895 1077 vicissim,
2932 1028 3031 1068 nec
3057 1013 3255 1082 aliquis
3282 1028 3312 1067 a
3342 1012 3719 1083 supplemento
3743 1009 3876 1063 fra-

2304 1105 2405 1160 tris
2432 1104 2721 1160 subtrahat
2749 1119 2994 1171 manum,
3036 1106 3291 1175 quoniam
3321 1107 3376 1158 in
3410 1105 3527 1169 hoc,
3559 1104 3635 1159 ait
3674 1100 3895 1157 Domi;

2306 1211 2429 1263 nus,
2448 1204 2757 1267 cognoscent
2782 1212 2955 1251 omnes
2988 1197 3111 1266 quia
3139 1198 3239 1252 mei
3251 1197 3377 1250 estis
3405 1195 3672 1265 discipuli,
3707 1196 3753 1249 si
3776 1194 3878 1247 di-

2302 1286 2576 1344 lectionem
2604 1288 2892 1343 habueritis
2922 1289 3209 1343 adiuuicem
3230 1289 3295 1342 ⁸⁸.
3343 1286 3500 1343 Unde
3541 1282 3599 1343 et
3625 1287 3740 1358 ipse
3765 1301 3879 1357 per

2264 1396 2271 1409 *
2305 1378 2625 1451 Prophetam
2655 1381 2937 1459 loquitur,
2961 1382 3180 1439 dicens:
3228 1380 3361 1435 Ecce
3400 1396 3555 1451 quam
3597 1378 3784 1445 bonum
3812 1385 3879 1433 et

2306 1486 2464 1542 quam
2480 1471 2801 1542 jucundum,
2832 1454 3075 1535 habitare
3108 1472 3298 1541 fratres
3326 1474 3380 1525 in
3409 1470 3661 1527 unum“.
3693 1468 3880 1541 Spiri-

2308 1561 2399 1617 tali
2422 1564 2544 1618 dico
2572 1548 2879 1619 habitacuio
2906 1573 2959 1619 et
2988 1548 3278 1620 concordia
3302 1564 3368 1628 ιι,
3397 1577 3517 1632 qua:
3545 1562 3601 1614 iu
3624 1559 3732 1616 Deo
3756 1568 3871 1622 est,

2307 1662 2363 1709 et
2396 1654 2602 1711 unitate
2637 1655 2782 1721 fidei,
2814 1656 2987 1726 hujus
3026 1656 3356 1711 deiectabilis
3391 1657 3686 1709 secundum
3720 1652 3832 1705 veri

2312 1753 2476 1808 tatem
2506 1746 2819 1814 habitaculi,
2846 1764 2968 1818 qua:
2997 1748 3242 1804 videlicet
3273 1748 3327 1801 in
3361 1746 3539 1800 Aaron
3567 1733 3736 1815 magis
3761 1745 3830 1800 de

2313 1837 2813 1908 corabatur,atque
2841 1840 3212 1896 sacerdotibus
3238 1839 3287 1872 "
3317 1836 3661 1893 induentibus
3694 1836 3875 1906 digni-

656 1909 1083 2024 usquospericui’o
1116 1909 1314 2017 faciere,
1334 1909 1543 2026 judities
1566 1972 1688 2012 esse
1708 1909 2211 2028 deeernentes,epi:
2241 1912 2281 1967 Β
2311 1938 2471 2028 fa”?
2494 1971 2510 1996 ν
2551 1931 2694 2028 δίθυξ
2729 1941 3059 2028 ¹ξ¹¹8¹¹θ¹³¹¹¹¹¹¹
3092 1948 3255 2002 “per
3290 1940 3471 2028 θένων
3509 1929 3868 2002 Ρτί¹¹⁶ί9³¹⁸¹¹¹

655 2062 855 2119 scopos
887 2055 1034 2103 recta
1060 2046 1351 2121 sapientes,
1387 2056 1442 2101 et
1469 2048 1524 2107 in
1554 2049 1780 2104 ecclesia
1804 2050 2207 2117 convenientes,

657 2139 751 2194 ubi
786 2149 950 2194 testes
967 2124 1148 2193 essent
1172 2138 1535 2208 singulorum,
1559 2142 1651 2211 qui
1676 2140 1921 2211 oppressi
1955 2140 2207 2195 videban-

659 2240 795 2287 tur:
853 2245 953 2286 nec
1001 2229 1152 2300 prius
1199 2244 1294 2285 eos
1348 2232 1675 2301 respondere
1721 2234 1916 2289 debere
1937 2232 2003 2299 ",
2046 2247 2209 2302 quam

659 2325 843 2395 omnia
886 2338 985 2379 sua
1022 2322 1102 2378 eis
1124 2330 1179 2379 et
1209 2321 1455 2378 ecclesiis
1486 2338 1676 2379 eorum
1719 2324 1928 2396 legibus
1972 2324 2210 2395 integer-

659 2420 801 2475 rime
824 2406 1199 2473 restituantur.
1234 2416 1575 2479 Necmirum
1593 2457 1609 2481 ,
1644 2415 1859 2484 fratres,
1886 2419 1930 2474 si
1960 2434 2057 2473 vos
2086 2434 2212 2489 per-

661 2507 985 2579 sequuntur,
1036 2523 1160 2563 cum
1207 2519 1367 2579 caput
1422 2516 1659 2564 vestrum
1706 2508 1984 2564 Christum
2028 2508 2215 2564 Domi-

665 2617 795 2658 num
847 2609 1093 2656 nostrum
1134 2614 1306 2671 usque
1354 2601 1423 2655 ad
1489 2610 1715 2656 mortem
1768 2602 1878 2658 sint
1922 2601 2210 2672 persecuti.

664 2694 802 2765 ipsa
828 2702 1009 2748 tamen
1033 2693 1433 2763 persecutiones
1459 2694 1724 2762 patienter
1756 2694 2030 2763 portanda:
2062 2702 2211 2760 sunt,

667 2794 728 2841 ut
761 2784 879 2856 ejus
905 2784 1126 2854 dicipuli
1166 2799 1287 2840 esse
1320 2783 1744 2853 cognoscamini,
1769 2799 1868 2854 pro
1893 2798 2004 2853 quo
2040 2793 2095 2840 et
2120 2800 2216 2856 pa-

665 2878 862 2933 timini.
920 2875 1074 2933 Unde
1112 2884 1167 2933 et
1213 2876 1329 2947 ipse
1368 2877 1483 2932 ait:
1517 2876 1665 2930 Beati
1691 2877 1780 2947 qui
1809 2878 2215 2946 persecutionem

665 2968 945 3039 patiuntur
974 2977 1185 3039 prapter
1202 2968 1472 3037 justitiam
1501 2968 1564 3024 “.
1613 2967 1709 3024 His
1754 2967 1875 3024 fulti
1922 2968 2213 3040 suﬂ'ragiis,

667 3074 777 3113 non
818 3059 1048 3113 multum
1093 3056 1352 3112 debemus
1391 3052 1581 3113 timere
1625 3059 1977 3128 oppxobrium
2039 3062 2217 3117 homi—

666 3164 800 3205 num
823 3147 892 3216 δι,
930 3162 1105 3217 neque
1134 3161 1319 3201 eorum
1357 3148 1865 3217 exprobratonibus
1896 3151 2059 3214 vinci,
2082 3167 2219 3221 quo-

667 3243 814 3295 niam
845 3238 947 3295 hoc
974 3237 1134 3294 nobis
1170 3236 1430 3294 Dominus
1454 3240 1606 3309 jubet
1639 3230 1735 3311 per
1760 3239 1954 3296 lsaiam
1980 3244 2213 3312 prophe-
2241 3251 2283 3306 (ζ

668 3332 805 3405 tam,
842 3324 1029 3381 dicens
1064 3343 1078 3380 :
1110 3324 1305 3381 Audite
1337 3342 1417 3380 me
1444 3328 1534 3397 qui
1560 3329 1707 3382 scitis
1729 3328 2018 3399 judicium,
2049 3348 2218 3402 popu-

666 3418 753 3474 lus
782 3435 927 3474 meus
947 3460 971 3489 ,
997 3406 1054 3474 in
1084 3435 1303 3491 quorum
1345 3420 1588 3475 cordibus
1632 3422 1716 3476 lex
1758 3440 1873 3477 mea
1905 3434 2003 3479 est.
2041 3424 2222 3482 Nolite

669 3514 849 3569 timere
879 3515 1217 3585 opprobrium
1243 3513 1543 3582 hominum,
1578 3524 1626 3568 et
1660 3515 2006 3587 blasphemias
2040 3536 2221 3574 eorum

668 3625 733 3663 ne
787 3606 1044 3669 ,timeatisj
1084 3605 1152 3674 δ’,
1215 3607 1622 3662 considerantes
1687 3610 1830 3678 quod
1882 3610 1935 3663 in
2003 3609 2222 3666 Psalmo

566 3754 576 3763 ,.
670 3700 933 3770 scriptum
992 3704 1078 3753 est
1119 3715 1135 3753 :
1190 3695 1377 3751 Nonne
1421 3695 1563 3751 Deus
1622 3698 1857 3767 requirat
1908 3701 2050 3756 ista?
2103 3700 2223 3772 Ipse

670 3791 811 3845 enim
840 3791 984 3844 nouit
1012 3782 1338 3874 abscondita"
1365 3790 1539 3845 cordis
1562 3790 1628 3859 ”,
1659 3799 1710 3845 et
1755 3792 2093 3861 cogitationes
2143 3804 2225 3849 ta-

671 3880 807 3936 lium
841 3881 1128 3946 hominum,
1162 3882 1405 3950 quoniam
1439 3898 1585 3937 vana:
1626 3892 1749 3937 sunt
1774 3883 1847 3941 “.
1883 3881 2031 3938 Vana
2053 3896 2226 3940 autem

674 3974 838 4030 locuti
872 3984 997 4029 sunt
1039 3975 1389 4045 unusquisque
1427 3975 1495 4029 ad
1542 3978 1839 4047 proximum
1877 3993 2051 4041 suum,
2085 3977 2227 4034 labia

674 4067 863 4122 dolosa
901 4068 953 4121 in
984 4066 1158 4134 corde,
1184 4074 1233 4120 et
1254 4065 1411 4120 corde
1444 4066 1606 4121 locuti
1640 4079 1761 4137 sunt
1788 4072 1951 4132 mala.
1982 4072 2083 4129 Sed
2116 4076 2230 4129 dis-

676 4158 856 4228 perdet
888 4157 1140 4220 Dominus
1182 4158 1424 4212 universa
1464 4157 1607 4213 labia
1648 4160 1864 4237 dolosa,
1908 4174 1957 4219 et
1996 4165 2232 4234 linguam

679 4248 1194 4320 magniloquomﬂui
1216 4249 1465 4304 dixerunt
1478 4269 1495 4305 :
1508 4251 1649 4305 labia
1669 4264 1849 4308 nostra
1870 4240 2063 4311 anobis
2081 4267 2231 4325 sunt;

678 4341 796 4411 quis
824 4349 997 4393 noster
1022 4338 1275 4395 Dominus
1315 4352 1390 4396 est
1436 4343 1525 4397 “7
1554 4340 1689 4398 Nam
1723 4344 1771 4399 si
1802 4347 1915 4402 haec
1943 4348 1996 4401 in
2030 4364 2235 4406 memo-

682 4435 765 4491 ria
798 4435 1121 4499 retinerent,
1168 4434 1389 4489 minime
1429 4435 1494 4490 ad
1547 4446 1751 4493 tantam
1792 4440 2103 4508 prosilirent
2134 4441 2236 4497 ini-

683 4530 967 4600 quitatem.
1009 4527 1128 4582 Non
1163 4527 1307 4582 enim
1350 4527 1612 4597 probabili
1644 4538 1697 4583 et
1729 4542 1946 4600 paterna
1990 4534 2237 4589 doctrina

686 4622 790 4678 hoc
816 4620 1020 4675 faciunt
1044 4619 1111 4685 “,
1152 4620 1245 4675 sed
1272 4627 1329 4673 ut
1355 4634 1507 4674 suam
1538 4633 1822 4677 exerceant
1847 4624 1898 4677 in
1932 4638 2115 4679 servos
2143 4624 2234 4680 Dei

686 4713 996 4768 vindictam.
1038 4711 1305 4781 Scriptum
1350 4725 1583 4782 namque
1612 4724 1692 4766 est
1727 4733 1741 4769 :
1788 4713 1879 4769 Via
1914 4714 2065 4769 stulti
2096 4726 2235 4772 recta

686 4803 742 4857 in
767 4803 929 4857 oculis
960 4803 1093 4873 ejus.
1126 4803 1223 4857 Et:
1258 4802 1391 4859 Sunt
1434 4806 1564 4870 vite,
1609 4820 1724 4875 qua:
1766 4808 2005 4863 videntur
2043 4808 2238 4864 homini

676 4892 871 4961 justts,
906 4894 1188 4947 novissima
1236 4903 1408 4949 autem
1450 4910 1629 4948 earum
1678 4895 1939 4951 deducunt
1987 4898 2056 4951 ad
2099 4915 2240 4955 mor-

690 5089 818 5149 est,
896 5079 940 5149 ξ’
995 5078 1125 5132 Adr.
1174 5082 1299 5135 coll.
1348 5081 1441 5145 15,
1480 5099 1542 5135 ex
1595 5080 1744 5149 'l‘nip.
1809 5097 1914 5149 vn,
1972 5101 2019 5139 c.

630 5166 634 5173 '
678 5150 737 5181 -⁸⁰
775 5148 956 5202 Matth.
983 5164 1045 5212 v,
1073 5149 1155 5202 l0.

692 5219 737 5253 “
766 5218 964 5272 Psalm.
998 5232 1150 5282 xcut,
1178 5220 1261 5271 il.

1334 5223 1378 5252 ⁸⁵
1412 5220 1606 5275 Psa'lm.
1638 5237 1699 5285 ll,
1726 5221 1778 5287 5,
1816 5223 1867 5282 ι,
1898 5222 1950 5275 5.

756 5006 800 5040 ³⁸
826 5008 888 5061 in
910 5008 1053 5062 decr.
1082 5002 1282 5071 ivonis.
1314 5009 1351 5065 ι.
1382 5027 1452 5066 tv.
1528 5011 1572 5043 ³⁸
1604 5008 1953 5091 Ethnicorum
1979 5012 2164 5138 utique
2193 5026 2258 5073 et
2281 5016 2531 5076 Ecclesia:
2558 5012 2980 5090 persecuturum.

756 5089 794 5133 l.
896 5079 940 5110 ⁸⁸
995 5078 1125 5132 Adr.
1174 5082 1299 5135 coll.
1348 5081 1441 5138 i5.
1480 5099 1542 5135 ex
1595 5081 1744 5138 Τιιο.
1809 5097 1914 5138 νιι.
1972 5101 2019 5138 c.
2100 5085 2152 5138 2.
2265 5088 2307 5119 ³⁸
2365 5094 2492 5138 Adr-
2530 5093 2652 5138 coll-
2696 5092 2759 5138 5-
2801 5107 2863 5138 ex
2902 5106 2980 5138 sv:

2309 2021 2633 2077 intellectum
2666 2024 2930 2094 irrigans,
2980 2035 3035 2079 et
3075 2039 3248 2093 usque
3274 2023 3341 2077 ad
3367 2028 3539 2093 ipsam
3565 2030 3871 2077 extremam

2307 2114 2590 2169 scientiam
2617 2116 2909 2171 deducens.
2952 2114 3010 2170 lu
3040 2116 3143 2171 hoc
3178 2116 3322 2171 enim
3362 2115 3665 2171 habitaculo
3700 2117 3871 2168 bene-

2307 2205 2597 2262 dictionem
2644 2217 2698 2263 et
2733 2188 2999 2263 aeternam
3058 2210 3221 2263 vitam
3269 2209 3518 2277 promisit
3578 2194 3867 2261 Dominus.

2308 2294 2485 2366 Hujus
2543 2299 2707 2366 igitur
2773 2299 3100 2369 prophetica:
3159 2286 3556 2353 vaticinationis
3610 2297 3867 2351 meritum

2309 2388 3049 2465 amplectentes,pr:esentem
3082 2389 3372 2444 fraternam
3407 2390 3664 2461 syllabam
3695 2401 3871 2455 expo-

2311 2478 2540 2547 suimus,
2575 2491 2758 2542 nostra
2788 2493 3005 2552 propter
3027 2468 3341 2537 charitatcm
3375 2483 3596 2535 minimc
3625 2498 3875 2551 qna-ren-

2311 2577 2413 2635 tes,
2445 2580 2538 2625 aut
2564 2567 2868 2641 quaesituri.
2909 2572 3196 2640 Nonenim
3224 2574 3625 2628 detrahentibus
3661 2575 3871 2627 bonum

2311 2673 2397 2721 est
2423 2662 2735 2727 detrahere,
2762 2671 2856 2718 aut
2884 2663 3005 2733 palo
3037 2661 3373 2733 (secundum
3406 2662 3872 2735 vulgaremfabu-

2314 2760 2421 2813 lam
2448 2756 2465 2826 )
2489 2765 2743 2811 excutere
2766 2755 2972 2825 palum.
3012 2755 3192 2812 Absit!
3225 2753 3342 2809 Non
3372 2765 3498 2811 sunt
3522 2760 3624 2812 ista
3657 2765 3869 2811 nostra.

2320 2850 2449 2906 Haec
2478 2850 2619 2904 enim
2652 2856 2857 2903 avertat
2872 2847 3151 2904 Divinitas.
3181 2845 3335 2902 Iusto
3358 2847 3560 2917 judicio
3588 2848 3681 2903 Dei
3708 2849 3875 2903 datur

2315 2943 2635 3013 plerumque
2680 2940 3056 3010 peccatoribus
3086 2948 3323 3010 potestas
3356 2939 3441 3005 “,
3495 2956 3601 3009 qua
3651 2949 3878 2995 sanctos

2316 3035 2488 3105 ipsius
2539 3032 2966 3103 persequantur,
3021 3042 3079 3087 ut
3116 3032 3206 3101 qui
3248 3031 3451 3103 Spiritu
3481 3029 3577 3086 Dei
3613 3030 3879 3100 jnv'antur

2316 3134 2370 3181 et
2405 3132 2659 3196 aguntur.
2705 3124 2837 3181 ﬂant
2881 3140 2979 3197 per
3008 3125 3255 3180 laborum
3297 3124 3551 3181 exercitia
3591 3122 3874 3177 clariores.

2319 3214 2452 3283 ipsis
2485 3225 2686 3287 tamen,
2727 3216 2818 3285 qui
2846 3230 2942 3271 eos
2976 3224 3392 3286 pcrsequuntur,
3434 3224 3489 3269 et
3522 3204 3877 3285 exprobrant,

2321 3316 2481 3375 atque
2507 3307 2815 3374 detrahunt,
2850 3309 2954 3363 erit
2978 3309 3167 3378 procul
3190 3308 3354 3363 dubio
3382 3321 3480 3363 vae.
3514 3307 3624 3373 Ve,
3652 3322 3732 3361 vae
3768 3306 3885 3363 illis

2320 3397 2413 3467 qui
2438 3395 2728 3452 detrahunt
2746 3390 2924 3467 servis
2956 3398 3086 3465 Dei,
3126 3398 3253 3469 quia
3295 3398 3557 3454 detractio
3588 3410 3775 3455 eurum
3808 3398 3882 3453 ad

2319 3503 2444 3543 eum
2480 3480 2715 3558 pertinet
2747 3489 2827 3559 ⁸⁵,
2877 3490 3035 3559 cujus
3072 3490 3431 3544 ministerium
3467 3499 3634 3561 agunt
3668 3476 3724 3545 et
3760 3489 3885 3545 vice

2321 3579 2637 3651 funguntur.
2684 3580 2913 3650 Oramus
2956 3589 3158 3647 autem,
3192 3581 3389 3635 ostium
3434 3581 3877 3647 circumstantia,

2321 3673 2416 3742 qui
2441 3671 2708 3727 neminem
2742 3673 2914 3743 perire
2940 3681 3034 3726 aut
3061 3672 3217 3727 labiis
3245 3672 3359 3728 suis
3398 3673 3563 3742 pollui
3600 3672 3882 3741 volumus,

2322 3780 2511 3820 eorum
2541 3764 2729 3820 oribus
2773 3764 2997 3833 imponi,
3030 3772 3084 3817 et
3113 3762 3332 3818 verbum
3375 3764 3597 3818 minime
3626 3765 3881 3818 nocivum

2324 3854 2645 3926 concipere,
2688 3861 2783 3908 aut
2844 3869 2938 3910 ore
2998 3850 3256 3927 proferre.
3321 3850 3472 3907 Unde
3516 3863 3569 3908 et
3614 3851 3883 3909 Dominus

2328 3960 2422 4013 per
2460 3944 2779 4015 Prophetam
2818 3944 3090 4014 loquitur,
3128 3942 3341 3998 dicens:
3386 3939 3544 4009 Dixi,
3585 3945 3883 3998 custodiam

2326 4031 2438 4088 vias
2485 4050 2664 4099 meas,
2714 4043 2771 4087 ut
2815 4050 2916 4087 non
2970 4033 3269 4103 delinquant
3312 4032 3367 4085 in
3414 4032 3596 4103 lingua
3648 4049 3761 4091 mea
3808 4034 3880 4087 ⁸⁴.

2329 4125 2590 4181 Dominus
2618 4124 2979 4194 omnipotens,
3015 4136 3068 4179 et
3111 4125 3231 4194 ejus
3266 4124 3574 4195 unigenitus
3609 4123 3799 4191 Filius,
3827 4137 3883 4181 et

2331 4216 2576 4274 Salvator
2608 4227 2793 4271 noster
2832 4214 2991 4271 Jesns
3018 4216 3308 4289 Christus,
3334 4216 3437 4272 hoc
3483 4218 3633 4273 vobis
3680 4218 3883 4272 tribuat

2332 4310 2759 4374 incitamentum,
2795 4318 2855 4363 ut
2881 4309 3132 4364 omnibus
3160 4308 3439 4377 fratribus,
3468 4310 3881 4380 quibuscunque

2334 4398 2737 4459 tribulationum
2762 4401 3019 4456 molestiis
3038 4402 3428 4466 laborantibus,
3455 4397 3658 4458 viribus
3682 4405 3881 4473 quibus

2334 4497 2560 4564 potestis
2606 4496 2961 4559 succurratis,
3000 4478 3091 4547 ‘et'
3139 4508 3327 4549 eorum
3372 4495 3467 4562 (ut
3511 4496 3729 4564 dignum
3764 4498 3881 4561 est)

2264 4602 2311 4663 ι)
2337 4586 2565 4657 injurias
2594 4596 2801 4660 vestras
2827 4586 3136 4652 aestimetis;
3172 4590 3463 4641 maximum
3495 4588 3879 4642 adminiculum

2338 4680 2417 4735 eis
2445 4679 2624 4733 verbis
2652 4686 2705 4733 et
2736 4678 2890 4733 factis
2921 4680 3220 4748 praebcatis,
3269 4689 3328 4733 ut
3360 4680 3479 4749 ejus
3513 4680 3760 4749 discipuli
3800 4682 3882 4736 in-

2338 4772 2627 4827 veniamini
2655 4772 2787 4840 veri,
2812 4773 2903 4843 qui
2938 4771 3151 4839 fratres,
3183 4781 3238 4826 ut
3272 4787 3350 4838 se,
3382 4772 3630 4827 omnibus
3662 4774 3882 4845 diligere

2342 4868 2611 4929 prazcepu.

3068 5020 3110 5051 "’
3140 5021 3196 5093 2,
3223 5031 3408 5089 quaest.
3448 5023 3482 5074 ἓ
3509 5042 3521 5077 :
3554 5024 3878 5093 Prszceptum

1470 5099 1542 5162 ex
1595 5088 1744 5149 'l‘nip.
1807 5097 2019 5164 ξυμ-ιε.
2067 5088 2152 5138 12.

2365 5094 2492 5144 Adr.
2530 5088 2652 5164 ccli.
2696 5092 3019 5164 ὅκως-ενι.
3045 5105 3123 5154 ιιι,
3166 5088 3492 5164 ijo’tuHstib
3538 5088 3875 5164 Symmacho.

1254 5151 1300 5181 υ
1331 5149 1592 5205 Martinus
1635 5152 1866 5205 consult.
1926 5153 1991 5217 3,
2024 5170 2176 5210 conc.
2222 5155 2619 5215 Lateranensis.

2047 5226 2092 5256 “
2132 5228 2273 5281 idem
2304 5228 2583 5285 Martinus.

694 5289 739 5363 ξ’
771 5289 928 5343 Rom.
956 5288 1190 5363 x_tl,__i9._
1244 5288 1598 5363 '°_Joa_n._xm
1631 5333 1643 5355 ,
1684 5288 1770 5345 35.
1847 5294 1891 5323 ἰ
1920 5292 2117 5349 Psalm.
2160 5312 2383 5363 cxxxu,
2438 5304 2487 5356 t.

2770 5161 2814 5191 δ’
2863 5159 2985 5214 isai.
3035 5175 3117 5223 LI,
3174 5160 3224 5215 7.
3332 5163 3375 5193 ⁸⁸
3408 5162 3547 5218 Psal.
3579 5159 3749 5225 'me,
3791 5167 3877 5227 22.

2670 5230 2712 5261 ⁸⁷
2745 5229 2897 5284 Prov.
2946 5247 3038 5291 xu,
3070 5231 3151 5297 i5,
3187 5232 3275 5284 28.
3350 5233 3394 5265 ⁸⁸
3421 5234 3607 5287 Matth.
3637 5251 3743 5298 xvi,
3792 5235 3877 5289 ‘27.

2594 5299 2835 5375 "anuli
2876 5315 2967 5375 ep:
3015 5300 3115 5355 CP.
3169 5302 3335 5375 epist.
3385 5304 3613 5375 consult.
3642 5304 3702 5375 4,
3729 5320 3857 5358 conc

695 5359 873 5439 natet.
909 5360 1010 5414 sub
1041 5348 1267 5439 Μρςιίῃρ
1294 5357 1331 5411 ι.
1404 5361 1448 5392 ιι
1468 5348 1858 5439 sacerdotalem
1887 5380 1900 5429 ;
1928 5364 1999 5416 ita
2026 5378 2079 5439 et
2107 5348 2343 5423 ὲηὲξἿῖ
2364 5348 2419 5423 's.
2440 5348 2706 5439 i’rosperi—
2728 5348 2971 5427 tntis
2996 5348 3131 5437 ﬁt;
3164 5348 3877 5436 s:"t't.:'i'a"13t.‘eam:

694 5432 739 5463 ⁸⁸
765 5430 921 5500 Greg.
950 5446 1033 5499 ep.
1081 5430 1168 5495 5i,
1199 5428 1292 5483 lib.
1324 5444 1420 5484 xu.
1491 5433 1536 5463 ⁸⁸
1571 5432 1767 5489 Psaltu.
1803 5449 2029 5501 xxxviii,
2056 5437 2105 5488 l.

767 5610 843 5679 (7)
877 5612 1241 5679 Apocrisarios
1276 5620 1487 5666 vestros.
1528 5614 1850 5682 Apocrisarii
1882 5616 2133 5671 dicuntur
2162 5619 2237 5673 le—

695 5684 801 5756 gati
832 5684 1225 5756 episcoporum,
1265 5691 1318 5756 et
1355 5684 1499 5735 velut
1534 5699 1716 5737 eorum
1762 5687 1937 5739 locum
1984 5696 2242 5756 tenentes,

696 5750 786 5835 qui
825 5750 1171 5835 resE'Eclesia:
1198 5753 1755 5835 gubernanthnegotia
1781 5758 2119 5835 singulorum
2152 5750 2247 5811 au;

2344 5618 2394 5675 id
2433 5627 2546 5681 est,
2592 5619 2906 5688 respondeo.
2952 5617 3150 5673 Horum
3197 5620 3254 5672 lit
3286 5618 3483 5672 mentio
3512 5617 3563 5671 in
3592 5619 3762 5687 capite
3801 5621 3881 5675 Si-

2347 5689 2608 5761 gnilicasti
2636 5730 2650 5753 ,
2696 5691 2760 5743 de
2801 5690 2977 5751 elect,
3010 5699 3062 5742 et
3108 5691 3245 5757 apud
3280 5688 3638 5761 lustiuiauum
3688 5688 3878 5747 Novell.

2348 5756 2627 5824 Quomodo
2649 5768 2891 5828 oporteat
2916 5756 3213 5827 episcopos,
3245 5774 3360 5827 cap.
3393 5756 3475 5819 i2,
3509 5758 3650 5812 etde
3672 5766 3883 5817 sanctis-

698 5820 892 5898 diunt,
944 5827 1009 5900 c_t_
1041 5820 1423 5903 adepiscopos
1470 5820 1727 5903 referunt.
1780 5820 2051 5903 Dicuntur
2090 5830 2249 5897 igitur
2353 5820 2505 5883 simis
2532 5820 2797 5903 episcopis
2831 5828 2859 5899 ᾗ
2890 5820 3572 5903 Βὸνθτβὶιὼῴβηιὶιὶλετιουξ
3620 5844 3712 5897 per
3759 5848 3879 5903 apo-

698 5891 1010 5957 apocrisarii
1033 5930 1047 5957 ,
1095 5891 1147 5945 id
1177 5901 1259 5948 est
1281 5932 1298 5961 ,
1332 5891 1679 5965 ’responsales
1704 5934 1719 5961 ,
1759 5897 1829 5973 ab
1855 5891 2211 5971 ἀποκρίνοξιαι
2235 5940 2251 5967 ,
2356 5891 2609 5956 crisantis
2640 5891 2859 5958 nuntios
2884 5904 3032 5970 papae
3062 5899 3326 5969 intelligit.
3370 5895 3495 5953 Ssv.
3536 5891 3651 5953 But.
