4038 6352
650 244 739 332 η
1145 269 1147 273 ‘
1836 262 2039 331 catus
2072 271 2193 326 Pnr

2288 241 2468 325 vim
2504 270 2886 327 nouimus;
3078 340 3081 341 ί
3771 271 3854 327 ξι)Δ

643 364 805 460 scopi
826 392 986 445 creati
1016 391 1105 461 qui
1135 392 1359 461 gentiles
1397 402 1788 448 converterent.
1827 394 1905 447 lbi
1938 390 2189 446 Ecclesia:
2218 394 2259 445 A
2289 392 2390 444 tari
2425 405 2533 445 non
2557 388 2733 443 debet.
2770 384 3027 454 Quamvis
3055 388 3196 442 enim
3227 386 3494 443 Eusebius
3516 403 3614 443 nec
3641 403 3834 442 nomen

538 553 540 555 ρ
643 482 925 551 episcopos
964 493 1285 552 receperunt
1325 504 1337 537 :
1374 484 1460 539 hic
1489 485 1748 554 episcopi,
1777 501 1915 554 quas
1945 494 2189 553 regerent

644 572 909 629 Koch-sies
955 575 1269 629 fundarunt.
1317 574 1607 632 Ordinatos
1656 586 1937 646 propterea
1996 575 2188 645 primis

551 704 555 707 -
640 663 892 719 Ecclesia:
919 657 1253 737 temporibus
1279 666 1331 720 in
1358 665 1665 733 Occidente,
1697 683 1803 723 non
1838 668 1996 722 modo
2028 673 2189 721 certae

637 740 812 823 gentis
837 772 959 825 qua:
989 757 1041 809 in
1076 758 1177 811 [ide
1204 758 1406 813 erudiri
1438 758 1675 827 deberet,
1714 761 1811 815 sed
1838 760 2001 814 etiam
2045 773 2192 812 crea-

638 858 723 901 tos
747 840 875 900 non
900 857 1059 901 certa:
1098 850 1270 917 gentis
1312 865 1411 906 nec
1440 860 1602 905 εει-ιω
1635 849 2189 921 'regionis‘episcopos

638 935 909 999 novimus,
934 936 1023 1003 qui
1058 934 1305 1005 gentibus
1328 920 1698 1007 praedicantes,
1718 920 1811 991 ubi
1834 938 2191 993 consisterent

638 1027 717 1081 ibi
744 1034 957 1109 certam
990 1028 1093 1102 sibi
1126 1030 1304 1083 sedem
1343 1029 1652 1084 funderent.
1699 1029 1828 1098 Ejus
1861 1031 1960 1093 rei,
1987 1039 2053 1109 et-
2068 1022 2192 1100 post

636 1118 929 1185 apostolica
956 1106 1195 1187 trampora
1222 1121 1272 1173 in
1305 1120 1548 1174 moribus
1580 1121 1785 1188 positzc,
1808 1120 1948 1175 etab
1974 1106 2191 1190 aposto-

636 1209 703 1262 lis
742 1211 926 1277 procnl
956 1210 1123 1264 dubio
1148 1211 1398 1275 ﬂuentis,
1441 1220 1646 1265 certum
1681 1213 2065 1266 documentum
2096 1226 2190 1265 ex-

613 1299 782 1353 hibet
814 1300 1040 1356 Photius
1074 1302 1253 1367 "°...ld
1278 1318 1467 1372 nempe
1494 1304 1560 1356 ab
1590 1303 1747 1357 initio
1773 1304 2097 1367 obtinuerat,
2132 1312 2191 1357 ut

580 1396 581 1399 “
634 1391 948 1460 hujusmodi
992 1391 1270 1462 Evangelii
1298 1394 1615 1461 emissariis,
1651 1393 1801 1447 orbis
1820 1384 2097 1464 gentilium
2122 1395 2189 1448 ad

632 1480 909 1537 Christum
961 1493 1384 1548 converteretur,
1437 1486 1530 1554 qui
1587 1483 1844 1540 Romana:
1872 1484 2028 1555 {sedis
2072 1498 2191 1539 tan-

634 1584 796 1638 quam
826 1574 1140 1642 metropolis
1159 1576 1401 1629 colonias
1419 1574 1706 1630 lundarent
1728 1576 1780 1629 in
1802 1575 2109 1643 Occidente,
2123 1576 2190 1631 de

634 1662 830 1729 quibus
856 1662 1261 1719 lnnocentius’l
1307 1667 1467 1735 epist.
1500 1666 1567 1720 ad
1615 1665 1925 1721 Decentium
1956 1667 2189 1739 Eugubi—

2290 482 2529 543 auctoris
2554 496 2651 535 nec
2682 480 2805 533 libri
2836 479 3046 533 titulum
3074 495 3137 533 ex
3165 495 3272 550 quo
3298 483 3546 549 escerpta
3576 480 3833 533 vei-halitu

2291 573 2651 642 transcripsit,
2689 580 3090 631 commemoret,
3120 571 3335 624 titulum
3376 581 3553 625 tamen
3588 571 3710 625 libri
3738 587 3835 625 co-

2290 664 2605 735 gnoscimus
2645 659 2858 730 μικρὸν
2896 660 3257 727 Λαϐύρινθον
3290 659 3489 714 luisse.
3544 658 3676 713 Nam
3728 676 3834 713 non

2289 762 2497 809 tantum
2518 750 2851 819 Nicephorus
2872 749 3099 807 alIirmat
3123 750 3189 813 ⁸⁸,
3209 749 3299 803 τὸν
3312 750 3527 819 μικρὸν
3554 738 3839 822 ειρτῖμένον

2295 846 2666 912 Λαϐύρινθον
2681 841 3018 910 redarguisse
3041 841 3426 896 absurditatem
3451 842 3756 896 Artemonis
3784 853 3841 895 et

2291 934 2579 996 Theodoti,
2616 946 2777 1001 quam
2825 932 3012 984 beatus
3042 928 3227 985 Victor
3264 929 3628 1002 depugnavit;
3664 933 3754 986 sed
3783 939 3840 984 ct

2292 1012 2665 1080 Theodoretus
2692 1023 2736 1053 '"
2773 1022 2935 1076 trium
2968 1023 3342 1094 pericOparum
3378 1023 3517 1093 apud
3545 1023 3839 1078 Eusebium

2291 1131 2559 1171 summam
2589 1131 2657 1169 ex
2690 1116 2850 1185 parvo
2865 1112 3182 1183 Labyrintho
3213 1115 3451 1177 deducit,
3483 1116 3549 1170 de
3566 1114 3842 1170 Theodoto
3937 1100 3944 1104 ”

2290 1219 2475 1277 agens.
2534 1207 2759 1260 Parvum
2799 1202 2982 1261 autem
3030 1206 3174 1261 hunc
3212 1205 3593 1277 Labyrinthum
3614 1206 3842 1263 Photius

2290 1298 2451 1352 Γαΐου
2478 1299 2697 1370 πόνημα
2728 1299 2975 1368 agnoscit
3002 1298 3046 1331 ⁸²
3070 1340 3085 1365 ,
3117 1303 3181 1372 τῇ
3211 1300 3437 1373 ἀληθείᾳ
3461 1301 3622 1354 αὐτοῦ
3654 1317 3839 1354 συντε-

2293 1388 2539 1459 ταχότος,
2577 1387 2714 1457 quod
2738 1404 2799 1441 re
2828 1404 2949 1441 uera
2979 1388 3067 1443 ille
3107 1391 3409 1459 composuit,
3443 1392 3535 1460 qui
3568 1400 3621 1445 et
3665 1391 3840 1444 διάλε-

2292 1482 2373 1545 ξιν
2400 1489 2589 1535 contra
2614 1479 2905 1545 Proculum
2938 1479 3317 1537 Montanistam
3368 1483 3550 1537 edidit.
3583 1501 3601 1535 ι
3658 1482 3844 1538 Hacte-

2265 1588 2396 1627 nus
2426 1573 2509 1625 vir
2540 1572 2803 1652 eruditus.
2837 1570 2984 1626 Haud
3014 1572 3169 1627 velim
3195 1582 3373 1629 tamen
3405 1575 3622 1631 omittas
3646 1592 3763 1647 quin
3786 1578 3840 1631 in

2290 1665 2533 1737 eamdem
2564 1662 2888 1718 sententiam
2927 1663 3218 1719 observant
3242 1665 3543 1719 doctissimi
3577 1667 3698 1730 viri,
3734 1666 3843 1724 Til-

633 1768 762 1807 num
798 1754 913 1809 haec
944 1755 1105 1810 habet
1145 1775 1158 1812 :
1204 1756 1401 1827 Legant
1445 1759 1492 1811 si
1523 1760 1579 1811 in
1604 1760 1684 1811 liis
1722 1762 2004 1827 provinciis
2046 1761 2185 1815 alius

2288 1744 2579 1809 leinontius
2594 1754 2660 1821 ⁸⁸,
2689 1752 2942 1807 Historia:
2966 1753 3242 1810 lilteraria:
3264 1754 3481 1819 Gallica:
3511 1767 3758 1812 auctores
3772 1757 3841 1823 ”,

634 1847 990 1913 apostolorum
1024 1850 1306 1912 invenitur,
1338 1859 1429 1902 aut
1463 1850 1651 1921 legitur
1673 1853 1931 1907 docuisse.
1962 1853 2113 1917 Quod
2141 1856 2188 1908 si

633 1954 734 1990 non
768 1938 966 2008 legant,
1011 1940 1134 2008 quia
1164 1944 1420 2008 nusquam
1442 1936 1734 2007 invenitur,
1762 1952 1958 2011 oportet
1982 1959 2066 2005 eos
2094 1943 2187 1997 hoc

632 2029 777 2097 sequi
810 2029 949 2099 quod
980 2027 1215 2082 Romana
1241 2028 1477 2083 Ecclesia
1510 2032 1758 2096 custodit,
1790 2049 1823 2083 a
1851 2049 1955 2101 qua
1979 2035 2188 2087 ουδ’ἱηὶ-

633 2123 763 2173 tium
807 2122 1066 2188 accepisse
1112 2138 1212 2175 non
1241 2120 1455 2177 dubium
1496 2134 1593 2178 est.
1633 2143 1652 2175 ι
1684 2123 1956 2181 Hactenus
1986 2126 2067 2179 vir
2093 2126 2190 2181 do-

632 2220 773 2265 ctus.
804 2207 909 2263 Sed
936 2208 1035 2264 hac
1058 2210 1202 2265 de're
1225 2209 1626 2267 Tillemontium
1645 2227 1861 2282 quoque
1873 2212 2185 2269 consulas“

632 2297 815 2361 velim.

613 2454 615 2456 η
704 2385 766 2440 ll.
798 2386 1005 2443 Claruit
1029 2387 1213 2457 Caius,
1255 2391 1335 2444 vir
1380 2391 1812 2459 disertissimus,
1866 2391 2189 2461 λογιώτατος

634 2479 775 2549 ἀνήρ
800 2480 866 2544 ⁷¹,
898 2482 999 2535 sub
1020 2481 1327 2553 Zephyrino
1364 2482 1623 2539 Romana:
1657 2486 1808 2540 urbis
1825 2486 2100 2555 episcopo,
2132 2494 2191 2540 ut

635 2580 755 2637 post
781 2569 1075 2626 Eusebium
1111 2574 1155 2605 ⁷³
1178 2575 1584 2635 ιηιάίῑνεεηιοιυε
1615 2574 1973 2648 Hieronymus
1998 2576 2065 2644 “,
2087 2575 2192 2632 An-

637 2661 821 2717 tonino
850 2661 1128 2719 Caracalla
1160 2666 1475 2736 imperante,
1524 2666 1577 2722 id
1602 2678 1709 2735 est,
1735 2668 1933 2723 sarculo
1989 2682 2050 2722 Ill
2104 2668 2220 2721 in-'

634 2761 813 2818 eunte,
840 2754 952 2809 sive
966 2745 1108 2810 circa
1132 2772 1253 2811 eam
1273 2756 1506 2827 vulgaris
1531 2772 1732 2811 annum
1754 2757 1876 2812 212.
1904 2756 2049 2835 Inter
2070 2758 2189 2828 ejus

638 2845 837 2913 scripta
891 2840 1195 2903 celebratur
1248 2846 1548 2917 Disputatio
1602 2848 1863 2904 adversus
1898 2847 2187 2904 Proeulum

639 2932 875 2993 Montani
903 2945 1243 3001 sectatorem,
1295 2942 1457 3008 Quam
1505 2940 1654 2993 ualde
1692 2940 1948 3010 insignem
1987 2938 2189 2995 Doctor

640 3026 931 3091 maximus;
949 3038 1273 3092 accuratam,
1292 3029 1601 3094 σπουδαίαν,
1616 3028 1843 3101 Photius
1859 3020 2153 3100 appellat"
2172 3051 2185 3086 :

641 3117 797 3186 cujus
829 3116 1125 3190 fragmenta
1152 3134 1219 3174 ex
1245 3117 1475 3175 Eusebio
1494 3120 1899 3192 descripsimus.

714 3208 925 3281 Stylum
954 3210 1083 3265 item
1118 3209 1404 3271 strinxisse
1434 3209 1597 3267 Caius
1639 3211 1901 3286 adversus
1948 3213 2168 3267 Artemo

642 3293 727 3357 nis
755 3300 1026 3367 haeresim,
1058 3316 1325 3373 suamque
1353 3303 1785 3359 lucubrationem
1816 3312 2036 3375 panum
2063 3300 2163 3385 .La
2243 3315 2248 3319 '

642 3392 941 3463 bgsinthum
995 3392 1361 3464 inscripsisse,
1413 3410 1478 3449 ex
1531 3404 1773 3450 veterum
1832 3398 2197 3453 monumentis

644 3483 969 3550 perhibetur.
1003 3484 1177 3555 Hujus
1205 3484 1423 3555 quidem
1451 3485 1639 3555 scripti
1674 3486 1775 3539 tria
1810 3485 2047 3556 insignia
2088 3485 2200 3540 fra-

644 3586 856 3643 gmenta
886 3579 1039 3633 nobis
1061 3580 1291 3634 servavit
1318 3575 1693 3641 Eusebius";
1736 3578 1829 3647 qui
1870 3586 2047 3631 tamen
2083 3586 2195 3631 tum

644 3668 881 3720 auctoris
911 3672 1264 3735 nomen,tum
1312 3671 1491 3739 operis
1534 3668 1750 3723 titulum
1808 3669 2014 3723 reticet.
2063 3666 2199 3723 Hinc

645 3759 891 3812 nonnulli
916 3761 1055 3829 apud
1092 3761 1133 3815 Τ
1141 3762 1491 3819 hcodoretum
1523 3763 1564 3793 ""
1598 3760 1813 3833 Origeni
1838 3776 1977 3831 opus
2006 3776 2199 3829 perpe-

630 3841 762 3901 ‘ram
796 3847 1048 3904 tribuisse
1082 3863 1399 3907 noscuntur.
1433 3851 1523 3906 Sic
1550 3852 1693 3905 enim
1747 3852 1867 3905 ille:
1917 3850 2073 3905 Κατὰ
2104 3850 2202 3921 τῆς

642 3940 846 3994 τούτων
872 3941 1127 4011 αἱρέσεως
1166 3946 1195 4002 ὁ
1226 3943 1471 4012 σμικρὸς
1492 3943 1798 4014 συνετράφη
1822 3942 2200 4009 Λαϐύρινθος,

2289 1861 2388 1900 nec
2422 1861 2529 1900 non
2560 1844 2948 1915 Wesselingius
2977 1845 3043 1898 ⁸⁸.

2357 1934 2446 1990 Ill.
2477 1933 2678 1991 Tribus
2706 1936 2934 2004 hujusce
2962 1936 3143 2006 operis
3199 1939 3469 2007 excerptis
3522 1938 3845 1994 Euscbianis

2288 2042 2411 2098 quae
2438 2043 2563 2083 cum
2592 2027 2739 2082 notis
2769 2024 2965 2081 Valesii
2995 2036 3048 2080 et
3077 2025 3349 2081 Coutantii
3372 2029 3714 2097 protulimus,
3740 2028 3846 2082 l'ra-

2288 2104 2560 2188 gmentum
2582 2119 2897 2188 acephalum
2930 2119 2993 2172 de
3014 2117 3224 2174 canone
3250 2136 3520 2173 sacrarum
3545 2118 3845 2190 Scriptura-

2290 2226 2407 2263 rum
2436 2212 2761 2276 addidimus,
2797 2208 2941 2265 haud
2988 2211 3061 2265 ila
3098 2212 3306 2282 pridem
3360 2226 3392 2265 a
3445 2211 3512 2268 cl.
3546 2212 3845 2267 Muratorio

2288 2298 2630 2369 evulgatum:
2673 2300 2831 2369 cujus
2883 2300 3110 2371 proinde
3162 2302 3423 2356 monitum
3458 2302 3547 2357 hic
3577 2318 3848 2373 apponere

2238 2414 2243 2417 -
2289 2405 2466 2460 Opera:
2490 2392 2721 2459 pretium
2751 2392 3148 2467 existimamus.
3171 2388 3263 2463 Sic
3291 2400 3469 2444 autem
3496 2407 3553 2447 se
3583 2392 3741 2470 habet
3760 2394 3805 2425 "
3833 2413 3843 2445 :

2296 2498 2314 2531 ι
2348 2480 2604 2534 Asservat
2651 2476 3005 2534 Ambrosiam
3059 2474 3475 2536 Hediclanensis
3521 2482 3848 2538 bibliotheca

2250 2600 2253 2605 λ
2290 2572 2763 2636 membranaceum
2793 2572 3054 2639 codicem,
3083 2587 3114 2626 e
3142 2571 3394 2629 Bobiensi
3422 2585 3723 2644 acceptum,
3752 2592 3848 2629 eu-

2286 2665 2378 2735 jus
2407 2664 2704 2733 antiquitas
2730 2678 2879 2733 paene
2909 2662 2975 2719 ad
3028 2678 3201 2718 annos
3257 2664 3403 2728 mille
3429 2668 3683 2721 accedere
3713 2668 3845 2721 mihi

2291 2758 2407 2812 visa
2438 2766 2540 2812 est.
2573 2754 2818 2826 Scriptus
2850 2756 2995 2810 enim
3048 2754 3150 2809 fuit
3199 2755 3395 2811 litteris
3433 2757 3750 2824 majuseulis
3795 2765 3849 2809 ct

2291 2831 2591 2919 quadratis.
2632 2847 2849 2903 Titulus
2906 2847 3158 2918 praeﬁxus
3211 2846 3392 2902 Omnia
3425 2847 3612 2902 tribuit
3652 2846 3848 2901 Joanni
3912 2920 3921 2929 ι

2290 2941 2798 3012 Chrysostomu,sed
2815 2940 3105 3015 immerito.
3127 2934 3373 2994 Mutilum
3393 2940 3446 2995 in
3468 2939 3728 3009 principio
3756 2953 3843 2992 co-

2291 3033 2464 3087 dicem
2491 3032 2839 3102 deprehendi.
2863 3072 2877 3085 .
2900 3071 2913 3086 .
2933 3071 2947 3085 .
2984 3018 3063 3086 Ex
3097 3033 3199 3088 hoc
3224 3017 3354 3103 ergo
3392 3032 3583 3087 codice
3613 3046 3715 3101 ego
3751 3031 3847 3085 de-

2293 3124 2467 3193 cerpsi
2497 3123 2857 3194 fragmentum
2887 3123 3349 3193 antiquissimum,
3378 3125 3445 3179 ad
3468 3123 3746 3181 Canonem
3765 3124 3850 3177 di-

2297 3208 2545 3269 vinarum
2572 3213 2970 3284 Scripturarum
2990 3222 3263 3283 spectans.
3289 3213 3429 3268 Nulli
3458 3214 3744 3285 diligentia:
3764 3228 3853 3283 pe-

2273 3290 2452 3377 ﬁperci
2506 3314 2567 3359 ut
2613 3305 2733 3374 ejus
2764 3315 3043 3359 auctorem
3078 3303 3381 3375 detegerem
3415 3347 3431 3372 ,
3466 3306 3734 3376 simulque
3762 3321 3852 3360 re-

2297 3398 2490 3451 scirem
2526 3412 2652 3450 num
2681 3396 2944 3451 hactenus
2971 3395 3173 3451 editqu
3204 3394 3384 3451 fuerit.
3436 3395 3551 3452 Nisi
3583 3412 3671 3451 me
3696 3395 3853 3452 fefel-

2296 3485 2475 3541 lerunt
2517 3486 2685 3548 oculi,
2721 3493 2817 3539 aut
2867 3485 3228 3555 complurium
3285 3488 3548 3542 librorum
3606 3487 3853 3542 defectus

2298 3593 2458 3645 quem
2493 3593 2600 3631 non
2629 3578 2796 3631 semel
2827 3577 3008 3643 doleo,
3039 3593 3306 3645 nusquam
3346 3580 3670 3649 deprehendi
3696 3564 3853 3633 evul-

2298 3663 2511 3737 gatum;
2540 3682 2605 3721 ac
2632 3677 2911 3737 propterea
2936 3682 3058 3738 spes
3095 3668 3227 3723 mihi
3259 3680 3524 3741 superest,
3553 3669 3668 3725 fore
3699 3680 3758 3725 ut
3782 3671 3849 3724 li-

2302 3758 2518 3814 bentius
2548 3775 2577 3814 a
2615 3744 3261 3828 lectoribus‘excipiatur,
3318 3777 3382 3817 ac
3411 3763 3677 3837 prmcipue
3704 3763 3851 3830 quod
3876 3832 3896 3842 -

2303 3851 2676 3921 antiquitatem
2700 3850 2938 3904 redoleat
2969 3849 3203 3903 maxime
3224 3852 3603 3905 venerabilem.
3638 3851 3691 3905 Si
3718 3868 3851 3908 con-

2298 3940 2561 4010 jccturam
2594 3956 2767 3993 meam
2784 3954 3034 3995 exserere
3063 3937 3145 3993 fas
3168 3949 3269 4004 est,
3299 3941 3352 3995 in
3376 3942 3518 3997 illam
3542 3942 3851 4012 opinionem

645 4035 704 4087 ὃν
729 4048 872 4106 τιγες
915 4033 1210 4101 Ὠριγένους
1265 4035 1697 4105 ὑπολαμϐάνουσι
1741 4036 1989 4104 πόνημαο
2040 4031 2193 4087 ἀλλ’ἐ

2302 4031 2469 4097 feror,
2504 4032 2787 4087 tribuenda
2820 4032 2935 4085 haec
2960 4046 3079 4085 esse
3136 4030 3265 4085 Caio
3314 4031 3564 4089 Ecclesia:
3603 4032 3855 4087 Romame

647 4123 933 4200 χαρακτὴρ
964 4123 1171 4192 ἐλέγχει
1198 4125 1321 4188 τοὺς
1349 4125 1621 4193 λέγοντας.
1671 4146 1689 4176 r
1727 4124 1929 4180 Contra
1976 4125 2193 4181 istorum

2302 4124 2621 4195 presbytero,
2654 4124 2745 4195 qui
2769 4122 2862 4176 sub
2894 4121 3097 4176 Victore
3115 4133 3162 4177 et
3185 4122 3475 4195 Zephyrino
3498 4126 3854 4198 pontiﬁcibus,

647 4214 984 4290 (Artemonis
1014 4223 1069 4269 et
1098 4214 1360 4270 Theodoti
1409 4218 1649 4286 coriarii)
1693 4218 1937 4273 haeresim
1967 4217 2208 4271 eonscri-
2304 4225 2438 4271 teste
2467 4215 2660 4271 Photio
2693 4216 2759 4279 "',
2792 4216 2896 4269 hoc
2926 4222 3030 4277 est,
3057 4216 3150 4284 qui
3190 4218 3403 4272 circiter
3441 4233 3640 4272 annum
3692 4215 3853 4270 Chri-

646 4322 773 4383 ptus
796 4317 881 4363 est
893 4322 1083 4376 paruus
1103 4304 1655 4377 Labyrinthus,quem
1679 4308 1925 4385 nonnulli
1957 4306 2206 4377 Origenis
2306 4310 2377 4363 sti
2408 4308 2507 4362 l96
2535 4307 2737 4361 ﬂoruit.
2772 4304 3200 4374 Disputationem
3236 4309 3353 4367 Caii
3406 4310 3584 4373 istius,
3616 4308 3857 4380 disertis-

646 4392 789 4475 opus
810 4416 930 4457 esse
956 4408 1178 4481 putant;
1212 4399 1305 4453 sed
1329 4414 1422 4454 eos
1449 4402 1539 4469 qui
1561 4402 1664 4455 hoc
1685 4401 1897 4462 dicunt,
1910 4398 2089 4481 'stylus
2115 4412 2201 4452 re-
2231 4415 2275 4471 υ
2306 4400 2427 4451 simi
2453 4399 2572 4463 viri,
2596 4396 2829 4452 habitam
2860 4395 3039 4463 Romae
3089 4398 3401 4467 temporibus
3444 4397 3723 4469 Zephyrini
3754 4398 3855 4449 ad»

650 4496 885 4569 darguit.
913 4514 930 4546 ι
952 4476 1137 4564 Neque
1168 4491 1322 4547 aliter
1350 4489 1597 4547 Photius.
1626 4492 1875 4561 Plerique
1914 4476 2092 4543 tamen
2118 4504 2207 4543 re-
2304 4507 2484 4545 versus
2529 4487 2779 4543 Proclum
2828 4491 3102 4557 quemdam
3150 4489 3601 4561 Cataphrygarum
3643 4492 3857 4545 lim-esis

651 4587 951 4642 ceutiorum
985 4582 1279 4655 genuinum
1318 4578 1463 4635 fetus
1493 4590 1770 4650 parentem
1799 4580 1991 4635 Caium
2014 4592 2211 4647 agnos—
2305 4591 2773 4651 propugnatorem,
2809 4589 3076 4634 memorat
3103 4579 3369 4651 Eusebius
3399 4582 3756 4636 Casariensis.
3776 4583 3854 4649 ⁸⁸;

652 4688 805 4735 cunt.
854 4677 1081 4746 Jamque
1134 4690 1246 4729 rem
1291 4670 1590 4727 confecisse
1634 4672 1846 4731 videtur
1874 4668 2211 4724 Pearsonius
2308 4674 2365 4727 in
2396 4687 2503 4741 qua
2533 4670 2622 4725 ille
2645 4668 2773 4724 dum
2804 4670 3235 4729 adversariorum
3264 4674 3319 4727 in
3348 4673 3730 4742 componendis
3752 4690 3854 4729 no-

655 4768 742 4825 his
767 4768 943 4822 verbis
961 4769 1037 4822 πε
1067 4785 1085 4818 ε
1110 4767 1250 4834 Quin
1268 4766 1503 4834 scriptor
1526 4763 1618 4833 qui
1633 4763 1893 4817 adversus
1906 4760 2213 4814 Artemonis
2290 4766 2391 4833 vis
2415 4760 2710 4835 Scripturis
2727 4761 3081 4818 temeritatem
3104 4772 3158 4816 et
3187 4764 3468 4817 audaciam
3489 4763 3723 4832 sugillat,
3750 4767 3859 4820 τῶν

656 4856 904 4913 heresim
939 4858 1040 4913 sub
1082 4858 1386 4927 Zep‘hyrinu
1433 4855 1680 4924 scripsit,
1708 4852 1847 4907 idem
1890 4850 2050 4904 fuerit
2082 4867 2193 4906 cum

2309 4856 2405 4906 τοῦ
2457 4851 2600 4923 ἱεροῦ
2641 4853 2954 4907 Ἀποστόλου
3001 4852 3295 4925 δεκατριῶν
3342 4853 3515 4923 μόνων
3566 4854 3860 4911 ἐπιστολῶν

564 4956 565 4959 “
661 4964 730 5004 eo
776 4950 869 5033 qui
920 4949 1019 5002 sub
1064 4951 1338 5004 Antonino
1395 4948 1579 5003 Severi
1622 4945 1732 5001 lilio
1782 4945 2193 5015 disputationem

2309 4943 2650 5018 μνημονεύει,
2690 4946 2789 5016 τὴν
2850 4947 2985 5018 πρὸς
3026 4946 3304 5017 Ἑϐραίους
3336 4945 3407 5018 μὴ
3459 4948 3860 5019 συναριθμήσας

659 5055 783 5097 cum
815 5037 1046 5093 Proculo
1082 5039 1402 5095 Moutanista
1440 5041 1580 5105 iniit,
1608 5053 1800 5107 nempe
1827 5034 2013 5103 Caius,
2045 5036 2193 5091 dubi-

2305 5040 2426 5100 ταῖς
2454 5036 2687 5100 λοιπαῖς·
2719 5038 2841 5091 ἐπεὶ
2865 5040 2957 5095 καὶ
2987 5040 3066 5102 εἰς
3088 5038 3244 5111 δεῦρο
3285 5036 3433 5107 παρὰ
3477 5038 3754 5108 Ῥωμαίων
3780 5058 3863 5094 τι-

756 5198 807 5229 ¹⁶
850 5193 1007 5264 Phor.
1059 5193 1204 5264 Bibl.
1277 5197 1399 5251 cod.
1443 5198 1531 5262 48,
1589 5196 1679 5249 ubi
1727 5195 1793 5249 de
1838 5193 1990 5259 Caio,
2043 5196 2200 5264 cujus
2254 5192 2576 5264 locifverba
2640 5194 2800 5247 modo
2859 5195 3160 5264 retulimus.
3302 5193 3350 5264 ’ἦ
3395 5190 3630 5264 Tillem.,
3691 5192 3856 5252 Mem.

650 5281 799 5324 .tom.
829 5263 952 5338 _tl_.
1003 5279 1122 5338 pag.
1318 5304 1332 5327 ,
1389 5277 1490 5319 art.
1536 5268 1626 5338 757‘,
1681 5282 1789 5338 sur
1840 5266 1889 5319 la
1948 5262 2578 5338 persecut.__d‘Adrien.‘
2616 5265 2745 5338 ___"
2774 5264 2971 5338 Euseb.
3017 5262 3162 5338 _Hist.
3240 5262 3373 5338 geel.
3427 5262 3520 5338 lib.
3570 5278 3661 5338 ἐξ,
3737 5282 3858 5338 cap.

660 5340 751 5395 20.
828 5335 875 5366 "
905 5332 978 5386 Id.
1004 5329 1143 5405 ibid.
1172 5333 1263 5405 lib.
1292 5348 1355 5405 ρ,
1382 5349 1497 5402 cap.
1528 5337 1696 5405 25.7""
1726 5329 1967 5401 Hierom,
2004 5335 2077 5390 De
2104 5336 2204 5388 vir.
2240 5332 2456 5405 illus_t_r.,
2476 5348 2592 5405 cap.
2610 5333 2701 5405 59.
2728 5404 2737 5405 ί
2774 5334 2819 5405 ’ξ
2836 5333 3055 5405 Phot._l.
3096 5348 3145 5386 c.
3184 5329 3517 5405 n'iEusebq
3570 5329 3706 5387 Hist.
3743 5329 3859 5393 ec'e.

554 5436 557 5437 ν
663 5411 755 5464 lib.
785 5422 841 5472 v,
871 5419 989 5473 cap.
1032 5403 1122 5455 ‘28.
1178 5399 1580 5473 7"_Theodor.,
1614 5403 1807 5460 Haeret.
1844 5399 1961 5460 fab.
1997 5406 2089 5459 lib.
2120 5419 2179 5467 ιι,
2211 5416 2327 5470 cap.
2350 5402 2406 5473 5,
2443 5418 2497 5473 ρ.
2521 5399 2647 5457 200.
2719 5404 2763 5437 ’⁸
2792 5402 2970 5473 Phot..
2996 5403 3111 5473 l._c.
3182 5400 3228 5473 '_’
3258 5399 3535 5473 Pea‘rsonq
3570 5417 3691 5472 opp.
3718 5417 3861 5473 post.

667 5419 755 5464 lib.
785 5422 841 5472 v,
871 5419 932 5458 ca
976 5442 989 5453 .
1032 5419 1122 5455 ιδ.
1204 5419 1236 5432 ··
1339 5419 1580 5466 neouor.,
1615 5419 1807 5460 meret.
1844 5419 1950 5486 tan.
1997 5419 2089 5459 hu.
2120 5419 2179 5485 rt,
2211 5419 2327 5470 cap.
2355 5419 2406 5466 θ,
2437 5419 2497 5483 _p.
2521 5419 2647 5457 2w.
2723 5419 2763 5437 ιο
2792 5419 2970 5458 νυοι..
3000 5419 3035 5456 ι.
3064 5419 3111 5455 c.
3188 5419 3227 5433 "
3258 5419 3535 5466 rearson.,
3570 5419 3691 5472 opp.
3788 5419 3861 5463 δι,

667 5480 905 5551 Dissert._
927 5419 1133 5551 ἕξειν.
1168 5469 1278 5551 l,.§
1302 5419 1356 5535 Ξ,
1380 5473 1643 5551 μεθ-148.
1718 5477 1762 5506 ⁸ο
1795 5474 2039 5551 Nicephs.
2064 5472 2211 5551 _i_l_ist.
2233 5472 2382 5551 _eccl.
2414 5473 2506 5551 lib.
2535 5489 2608 5551 tv,
2624 5488 2754 5551 rcap.
2783 5472 2871 5525 20.
2918 5472 2989 5551 ν⁸¹
3027 5469 3316 5551 Theodon,
3368 5472 3406 5526 l.
3456 5486 3506 5525 c.
3619 5421 3861 5551 ﬁrst:

666 5551 702 5603 l.
738 5564 785 5602 c.
860 5543 906 5579 ⁸³
938 5541 1169 5605 Tillem.,
1196 5539 1377 5599 ne"...
1430 5539 1470 5594 tl
1497 5541 1585 5606 Ill,
1643 5559 1764 5612 pag.
1790 5539 1940 5598 176.’
1985 5545 2032 5576 ⁸³
2062 5543 2193 5596 Hist.

668 5615 1017 5666 Wessebnau
1048 5612 1139 5662 lib.
1177 5610 1440 5662 Probabil.
1475 5626 1591 5666 can.
1618 5612 1706 5666 21.
1743 5630 1894 5666 uana.
1934 5613 2051 5666 175.
2087 5612 2184 5665 177

2288 5542 2489 5597 .te’rade
2520 5542 2587 5595 ‘la
2624 5539 2850 5621 France,
2912 5550 3041 5594 tum.
3086 5539 3128 5605 l,
3190 5549 3327 5609 part.
3388 5555 3426 5605 ι,
3466 5555 3585 5666 ﬂag.
3618 5543 3741 5600 559.
3815 5548 3862 5578 ⁸⁸

2315 5611 2530 5666 Murat..
2560 5619 2773 5666 Animo.
2805 5609 2919 5666 Ital.
2943 5610 3082 5666 med.
3128 5625 3249 5666 rev"
3277 5612 3457 5666 tom.l
3512 5652 3529 5666 .
3582 5628 3701 5666 nan.
3753 5616 3855 5666 851

668 5612 1139 5684 \\’esselttig._,_lib.
1177 5610 1440 5684 gropabil.
1475 5626 1591 5684 cap.
1618 5609 1894 5684 Ἥρωες.
1934 5613 2051 5677 175,
2087 5612 2184 5665 177

2297 5611 2530 5684 _Hurat.,
2560 5611 2773 5684 Antiqq.
2805 5609 2919 5666 Ital.
2943 5610 3082 5666 med.
3128 5625 3249 5677 rem,
3277 5618 3410 5666 tom.
3441 5609 3529 5678 Ill,

668 5616 1017 5680 \\’esseltttg.,
1048 5616 1139 5662 lib.
1177 5616 1440 5662 Probabil.
1475 5626 1591 5678 cap.
1618 5616 1706 5675 21,
1743 5630 1894 5684 pagg.
1934 5616 2051 5677 175,
2087 5616 2184 5665 177

659 5704 831 5758 .81“(¹(¹.
913 5684 933 5714 ⁸
980 5680 1159 5745 Phot.,
1184 5678 1317 5734 Bibl.
1344 5681 1460 5737 cod.
1494 5680 1577 5735 48.
1654 5684 1697 5713 ⁵⁸
1725 5682 1944 5752 Euseb,
1968 5684 2101 5741 Hist.
2133 5697 2193 5737 ec

2315 5616 2530 5675 Murat.,
2560 5616 2773 5679 Antiqq.
2805 5616 2919 5666 Ital.
2943 5616 3082 5666 med.
3128 5625 3249 5677 rem,
3277 5618 3410 5666 tom.
3441 5616 3529 5678 Ill,
3580 5628 3701 5686 pag.
3753 5616 3856 5672 851

2296 5681 2391 5736 lib.
2419 5697 2493 5746 vr,
2522 5695 2647 5749 cap.
2672 5682 2760 5736 20.
