4038 6352
268 282 340 339 2|
1196 321 1200 324 ρ
1762 275 2061 337 NOTITIA.
3422 274 3492 326 22

275 399 387 462 civ,
416 397 481 451 οὐ
508 398 783 469 νομίζεται
807 397 921 470 τοῦ.
954 397 1272 451 Ἀποστόλου
1324 393 1639 465 τυγχάνεινε
1678 390 1824 444 ινεάε·

1947 386 2187 455 veniunt.
2218 382 2481 438 Eusebius
2500 380 2642 435 enim
2663 376 3028 449 Apocalypsin
3062 376 3208 433 Petri
3237 380 3374 455 inter
3396 382 3496 436 du-

271 492 384 542 cim
436 499 642 545 tantum
674 491 835 544 divini
858 490 1098 559 Apostoli
1145 483 1689 555 recenset‘Epistolas,
1721 496 1837 535 eam

274 599 401 653 qua:
423 584 496 636 ad
519 581 767 635 Hebraeos
799 583 1053 652 inscripta
1085 592 1181 644 est,
1212 598 1329 634 cum
1368 579 1577 647 reliquis
1606 591 1705 629 non
1736 573 1850 651 ad-_

275 650 583 721 numerans.
617 666 755 722 Sane
777 669 887 723 hwc
914 650 1136 739 epistola
1147 667 1451 723 Etiamnum
1477 682 1509 719 a
1527 650 1838 735 quibusdam

276 757 532 811 Romanis
559 760 796 827 Apostoli
817 777 927 814 esse
952 776 1053 813 non
1082 759 1334 814 Creditur.
1387 756 1617 810 Sanctus
1646 753 1836 807 Hiero-

276 860 480 916 nymus
511 847 737 902 totidem
761 849 874 904 fere
897 849 1097 914 verbis,
1128 848 1195 903 de
1223 846 1357 901 Caio
1384 847 1489 901 isto
1511 847 1736 915 loquens
1768 842 1848 925 δ’..

277 937 515 991 reddidit
542 939 861 993 sententiam
888 938 1138 994 Eusebii:
1165 938 1267 994 nisi
1292 938 1439 1008 quod
1469 934 1637 995 addit.
1655 931 1835 1002 dispu-

276 1026 532 1080 tationem
564 1042 596 1079 α
620 1026 750 1081 Caio
779 1026 1010 1080 habitam
1037 1026 1448 1097 sub‘Zephgrino
1479 1024 1732 1078 Romam?
1756 1037 1847 1075 ur-.
1877 1060 1883 1063 -

278 1119 355 1170 bis
377 1118 639 1186 episcopo,
672 1118 725 1171 id
747 1127 822 1171 est
846 1121 939 1172 sub
965 1116 1421 1173 Antonino'Severi
1444 1115 1595 1185 ﬁlio,-
1621 1118 1838 1183 aepro‘-

218 1236 221 1237 ν
275 1217 462 1278 pterea
484 1207 785 1263 secundum
816 1208 968 1263 illum
989 1208 1155 1265 Caius
1185 1210 1301 1264 bare
1324 1208 1602 1277 scripserit
1625 1204 1837 1261 circiter

275 1312 484 1351 annum
509 1297 747 1366 vulgaris
770 1297 988 1365 epochen
1014 1298 1140 1352 212.
1166 1297 1329 1351 Addit
1358 1296 1520 1351 etiam
1554 1296 1619 1349 de
1649 1294 1834 1364 eadem

272 1387 523 1456 epistola:
545 1386 645 1441 Sed
659 1396 708 1441 et
729 1387 865 1449 apud
889 1386 1146 1441 Romanos
1167 1402 1325 1457 usque
1348 1376 1497 1438 hodie
1512 1384 1662 1454 quasi
1677 1380 1840 1435 Pauli

244 1478 518 1556 -Apostoli
568 1494 671 1532 non
717 1459 1141 1542 habeturfcum
1198 1485 1381 1531 tamen
1426 1474 1693 1529 Eusebius
1723 1482 1837 1527 tan-

275 1578 386 1620 tum
412 1567 699 1637 scripserit
724 1569 864 1635 apud
883 1568 1135 1636 quosdam
1152 1566 1432 1622 Romanos.
1458 1564 1689 1619 Photius
1708 1570 1838 1633 quo-

232 1719 239 1725 ,
272 1674 379 1728 que
402 1659 440 1714 l.
477 1674 529 1714 c.
554 1667 744 1713 auctor
775 1666 888 1723 est,
923 1657 1113 1713 Caium
1138 1660 1383 1713 tredecim
1406 1659 1668 1711 duntaxat
1695 1653 1832 1708 beati

1941 476 2060 530 bios
2080 475 2294 544 quidem
2324 474 2492 527 libros
2538 479 2786 530 recenset
2814 469 3021 542 “unca
3076 479 3254 525 tamen
3306 471 3493 539 abjicit

1942 567 2086 620 velut
2118 565 2491 620 haereticorum
2516 560 2703 617 fetum.
2756 561 2953 616 Eodem
2998 576 3211 630 quoque
3241 570 3487 626 testante,

1940 656 2189 711 Clemens
2216 653 2615 708 Alexandrinus
2641 652 2829 707 eadem
2875 651 3194 722 Apocalypsi
3222 662 3304 707 est
3334 669 3486 719 usus,

1940 763 2047 801 non
2077 761 2235 803 secus
2263 759 2326 799 ac
2354 743 2591 813 Epistula
2640 744 2923 798 Barnabas.
2960 741 3291 799 Sozom’enus
3343 745 3490 813 pari-

1939 844 2020 889 ter
2043 849 2144 889 nos
2168 834 2379 887 monuit
2408 832 2477 897 ⁹⁵,
2506 832 2647 885 hanc
2667 832 3044 902 Apocalypsim
3078 834 3133 885 in
3176 833 3487 903 quibusdam

1940 922 2192 977 Ecclesiis
2228 910 2547 977 Palaestinis
2568 936 2726 991 usque
2771 921 2941 975 adhuc
2988 923 3207 993 singulis
3235 922 3383 976 annis
3406 939 3488 977 se-

1940 1014 2040 1068 mel
2074 1010 2249 1085 legi.“
2410 1054 2455 1088 κ.
2578 1078 2582 1095 λ
2657 1069 2660 1073 ,

2015 1124 2033 1155 ι
2076 1103 2435 1174 Temporibus
2467 1102 2631 1158 etiam
2663 1100 2779 1156 Caii
2813 1102 2983 1171 ipsius
3011 1103 3485 1162 circumferebatur

1936 1195 2163 1264 epistola
2194 1194 2376 1263 spuria
2402 1192 2555 1246 Pauli
2579 1192 2806 1261 apostoli
2823 1192 2889 1244 ad
2911 1190 3281 1260 Laodicenses,
3305 1209 3336 1248 a
3365 1194 3488 1249 sa‘n-

1937 1295 2023 1341 eto
2053 1284 2381 1354 Hieronymo
2410 1293 2466 1337 et
2496 1281 2831 1364 Theodereto
2873 1282 3110 1351 explosa,
3136 1297 3298 1352 quam
3348 1283 3489 1339 Mar-
3537 1306 3541 1314 -

1938 1376 2057 1431 cion
2089 1374 2447 1429 haeresiarchas
2483 1376 2536 1428 in
2569 1368 2874 1429 subsidium
2909 1374 2992 1429 sui
3021 1374 3195 1428 delirii
3224 1375 3488 1441 adhibuit,

1936 1468 2014 1522 uti
2044 1482 2143 1522 nos
2168 1467 2324 1521 docet
2346 1469 2566 1521 sanctus
2586 1456 2923 1537 Epiphanius
2944 1467 3008 1518 ".
3040 1467 3111 1521 At
3130 1476 3323 1537 pmter
3350 1457 3504 1524 hanc.

1934 1574 2001 1614 ex
2030 1558 2147 1627 ipso
2190 1557 2490 1627 fragmento
2516 1572 2659 1610 nunc
2715 1556 3003 1623 discimus,
3057 1558 3279 1613 alteram
3321 1556 3488 1613 Paulo

1935 1647 2267 1717 suppositam
2307 1648 2497 1713 fuisse,
2544 1662 2745 1717 nempe
2796 1647 2865 1700 ad
2894 1648 3301 1714 Alexandrinos,
3334 1650 3489 1719 cujus

274 1748 433 1803 Ραιιί
455 1747 1102 1817 Epulataunumeraue,
1133 1767 1235 1804 ηοη
1278 1762 1482 1821 recepta
1529 1753 1582 1805 ίη
1621 1767 1831 1805 censum
1860 1745 1902 1799 B
1930 1737 2114 1793 nescio
2140 1753 2206 1791 an
2227 1736 2515 1807 quisquam
2539 1736 2679 1792 alius
2700 1736 3024 1790 meminerit.
3045 1737 3182 1791 Cum
3200 1753 3329 1793 vero
3351 1740 3487 1807 Apoe

271 1857 386 1910 qua
413 1850 497 1895 est
520 1841 591 1893 ad
624 1838 890 1895 Hebraeos.
940 1839 1033 1895 Ille
1057 1857 1272 1912 quoque
1318 1842 1432 1897 haec
1478 1842 1545 1897 ab
1595 1841 1825 1897 Eusebio

277 1930 473 1985 hausit.
512 1928 779 1983 Caeterum
806 1944 909 1983 non
940 1938 1027 1984 est
1049 1930 1213 1999 hujus
1250 1929 1354 1986 loci
1377 1944 1677 1993 recensere,
1701 1929 1826 1997 qui-

278 2020 366 2075 bus
399 2020 728 2075 auctoribus
750 2031 803 2073 et
825 2021 1127 2076 rationibus
1160 2022 1213 2074 in
1242 2020 1517 2076 Canonem
1547 2034 1824 2083 sacrarum

271 2108 919 2177 Scripturarum'merito
966 2118 1186 2179 recepta
1225 2110 1417 2165 deinde
1465 2108 1533 2163 ab
1573 2109 1827 2163 omnibus

268 2200 435 2254 fuerit
467 2198 715 2270 Epistula
752 2200 817 2254 ad
843 2198 1118 2263 Hebraaos,
1153 2200 1221 2254 de
1253 2215 1360 2268 qua
1414 2199 1553 2253 idem
1606 2211 1827 2256 sanctus

264 2290 629 2359 Hieronymus
690 2290 755 2343 ad
800 2288 1089 2359 Evagrium
1135 2285 1397 2355 scribens,
1446 2288 1607 2343 dicit:
1656 2288 1828 2354 Quam

261 2396 443 2433 omnes
467 2378 637 2435 (ἓνωεὶ
654 2380 909 2450 recipiunt
925 2392 972 2435 et
986 2365 1222 2435 nonnulli
1242 2379 1569 2434 Latinorum.
1589 2380 1665 2435 Ita
1682 2396 1829 2450 qua:-

260 2473 500 2527 slionem
528 2472 669 2527 hanc
692 2472 804 2543 jam
830 2473 922 2527 diu
950 2482 1238 2530 versarunt
1266 2487 1330 2527 ac
1359 2472 1700 2529 illustrarunt
1725 2474 1825 2527 viri

258 2564 594 2628 doctissimi,
622 2574 681 2619 ut
710 2569 903 2621 rursus
936 2567 1180 2623 eamdem
1220 2569 1423 2639 agitare
1450 2566 1605 2632 velle,
1633 2578 1824 2636 super-

257 2669 565 2710 vacaneum
592 2654 748 2710 foret.
1289 2655 1295 2660 ’
1712 2720 1713 2727 γ

343 2762 364 2796 ι
383 2743 519 2798 Illud
535 2745 676 2815 quod
693 2745 862 2802 adme
876 2755 1102 2818 spectat,
1121 2746 1339 2824 arripio.
1358 2743 1675 2815 Hippolytus
1686 2754 1823 2811 quo-

262 2849 377 2903 que
403 2832 721 2891 Portuensis
747 2836 1055 2906 episcopus,
1082 2836 1198 2905 Caii
1230 2851 1393 2906 supra
1411 2834 1612 2890 laudati
1639 2847 1821 2901 arqua-

263 2922 360 2986 lis,
394 2922 581 2980 Photio
607 2934 746 2980 teste
770 2925 838 2987 ’°,
863 2923 1334 2993 seusitEpistolam
1356 2924 1424 2977 ad
1447 2922 1693 2991 Hebraeos
1719 2936 1821 2974 non

1927 1827 2177 1897 calypsim
2200 1826 2378 1890 Pauli,
2410 1826 2785 1896 abAugustino
2809 1836 2863 1881 et
2896 1825 3196 1882 Sozomeno
3221 1843 3489 1885 memora-

1926 1926 2061 1991 tam,
2096 1918 2329 1987 scriptor
2358 1918 2446 1972 hic
2475 1930 2816 1986 nequaquam
2852 1926 3161 1983 recenseat;
3194 1918 3484 1972 conﬁrma-

1929 2018 2015 2065 tur
2052 2010 2317 2085 sententia
2340 2006 2564 2062 loannis
2584 2004 2793 2066 Ernesti
2823 1998 3030 2071 Grabii,
3058 2009 3150 2077 qui
3197 2008 3409 2065 censuit
3434 2010 3481 2043 "

1926 2102 2169 2170 erupisse
2201 2101 2343 2155 hanc
2377 2100 2731 2170 imposturam
2766 2100 2971 2154 saculo
3002 2099 3263 2154 duntaxat
3298 2098 3485 2156 Eccle-

1927 2191 2021 2244 siae
2040 2190 2363 2244 Christianae
2385 2206 2459 2245 ιν.
2494 2188 2592 2243 Hic
2618 2204 2834 2259 quoque
2866 2189 3050 2249 videas
3084 2191 3379 2258 memorari,
3415 2190 3485 2243 li-

1929 2280 2076 2332 brum
2110 2278 2446 2333 Psalmorum
2477 2295 2507 2333 a
2542 2279 2830 2335 Valentino
2852 2280 3213 2335 baeresiarcha
3242 2278 3485 2336 elabora-

1927 2380 2060 2425 tum.
2086 2369 2237 2424 Unus
2269 2368 2654 2435 Tertullianus,
2688 2371 2832 2441 quod
2862 2372 3055 2435 sciam,
3124 2372 3257 2427 istos
3278 2372 3485 2439 indica-

1926 2462 2021 2527 vit,
2051 2461 2291 2515 scribens
2310 2462 2375 2514 '3:
2400 2460 2566 2515 Nobis
2580 2477 2781 2531 quoque
2799 2465 2867 2514 ad
2883 2461 3016 2514 hanc
3040 2464 3257 2530 speciem
3283 2461 3484 2517 Psalmi

1924 2553 2417 2622 patrocinabantur,
2445 2569 2551 2605 non
2579 2553 2789 2620 quidem
2821 2562 3077 2620 apostolos
3098 2564 3147 2607 et
3175 2555 3405 2609 hteretici
3434 2566 3484 2609 et

1925 2640 2193 2695 Platonici
2224 2640 2509 2706 Valentini,
2557 2643 2650 2699 sed
2698 2643 3020 2698 sanctissimi
3061 2654 3113 2698 et
3144 2648 3485 2715 receptissimi

1921 2733 2184 2801 prophetae
2207 2731 2393 2786 David.
2428 2733 2561 2799 Quis
2589 2748 2715 2789 vero
2748 2732 2911 2791 fuerit
2934 2733 3201 2789 Miltiades
3228 2736 3318 2791 ille
3366 2736 3482 2792 ba:—

1924 2822 2144 2888 retieus,
2175 2822 2289 2878 sive
2320 2822 2589 2878 Miltiades
2613 2822 2772 2893 cujus
2797 2835 2881 2879 est
2902 2827 3108 2879 mentio
3132 2826 3185 2879 in
3214 2825 3315 2880 hoc
3336 2824 3484 2896 frag-

1923 2922 2125 2978 mento,
2162 2914 2406 2969 divinent
2435 2915 2548 2970 alii.
2579 2914 2831 2973 Profecto
2857 2929 2967 2970 non
3020 2915 3184 2971 fuerit
3212 2914 3481 2987 Miltiades

259 3029 377 3067 esse
433 3012 590 3068 Pauli
639 3013 884 3084 apostoli.
941 3012 1055 3068 lmo
1096 3028 1165 3068 ne
1221 3014 1556 3084 temporibus
1600 3014 1817 3085 quidem
1854 3077 1887 3085 _
1924 3005 2133 3074 rhetor,
2157 3007 2225 3063 ab
2250 3005 2487 3065 Eusebio
2516 3022 2580 3062 ac
2604 3006 2931 3079 Hieronymo
2956 3008 3230 3077 laudatus,
3258 3009 3351 3079 qui
3378 3009 3481 3064 sub

259 3102 439 3157 sancti
462 3077 773 3173 Hieronymi
794 3101 1037 3158 Romana
1060 3101 1304 3159 Ecclesia
1326 3077 1471 3157 illam
1502 3077 1643 3158 inter
1661 3118 1816 3188 canp-
1842 3077 1888 3138 α
1918 3096 2191 3152 Δηιοηὶηο
2222 3096 2519 3153 Commodo
2537 3099 2704 3153 multa
2734 3077 2949 3168 scripsit
2986 3115 3084 3170 pro
3108 3077 3366 3155 catholica
3388 3098 3483 3153 Ec-

256 3195 418 3249 nicas
444 3195 692 3263 Apostoli
720 3193 873 3250 Pauli
903 3194 1172 3265 Epistolas
1193 3203 1485 3264 receperat.
1525 3194 1662 3249 Cum
1692 3208 1821 3265 ergo

252 3302 383 3341 eam
412 3282 660 3341 omiserit
707 3286 874 3343 Caius
930 3288 1209 3359 presbyter
1257 3286 1555 3350 Romanus,
1590 3285 1821 3354 scriptor

258 3376 699 3446 antiquissimus,
729 3382 953 3436 ceteras
995 3392 1313 3444 recensens;
1350 3377 1465 3432 veri
1507 3378 1718 3432 videtur
1740 3376 1818 3429 si-

253 3466 387 3521 mile
424 3467 595 3522 eidem
620 3468 753 3523 Caio
774 3470 1116 3524 tribuendum
1148 3483 1269 3523 esse
1297 3466 1656 3539 fragmentum
1680 3460 1818 3522 infra

146 3599 159 3607 .
248 3559 642 3629 evulgandum,
668 3561 723 3614 in
750 3576 859 3630 quo
880 3561 1297 3632 praetermissam
1325 3560 1480 3635 plane
1498 3559 1677 3613 videas
1692 3557 1819 3626 Epi-

250 3650 451 3703 stolam
474 3650 540 3705 ad
572 3649 907 3705 Hebraeos“.
937 3652 1154 3706 Accedit
1204 3659 1259 3705 et
1292 3652 1520 3704 alterum
1544 3647 1818 3704 robustius

247 3754 389 3809 argu
397 3738 921 3795 mentumJlemorat
932 3742 1024 3797 hic
1041 3741 1322 3812 scriptor”
1336 3741 1595 3795 celebrem
1610 3738 1819 3793 Hermas

246 3831 481 3895 librum,
502 3830 657 3883 titulo
683 3828 923 3884 Pastoris
937 3832 1277 3901 inscriptum,
1297 3831 1383 3886 bis
1398 3830 1576 3885 verbis
1594 3847 1607 3882 :
1622 3827 1818 3882 Pasto-

246 3936 365 3973 rem
378 3936 497 3974 vero
512 3934 820 3974 νιωιιειιιιιιε
846 3903 1175 3977 τειροκιιιιςε
1189 3936 1412 3976 uos'rms
1429 3921 1481 3973 in
1512 3920 1635 3986 urbe
1647 3918 1815 3973 Roma

246 4009 460 4065 Henna
492 4011 821 4079 conscripsit,
864 4014 1070 4068 sedente
1101 4014 1155 4068 in
1186 4014 1433 4068 cathedra
1457 4010 1600 4064 urbis
1638 4009 1817 4065 Rome

245 4095 510 4154 Ecclesia!
539 4095 641 4151 Pio
677 4098 936 4167 episcopo,
977 4100 1144 4169 fratre
1162 4100 1296 4169 ejus.
1328 4097 1445 4152 Jam
1480 4097 1617 4149 inter
1630 4095 1815 4149 erudi-

245 4198 341 4245 tos
362 4195 595 4253 constat,
623 4186 879 4243 Hermam
928 4188 1177 4245 ﬂoruisse
1206 4190 1273 4243 ad
1318 4186 1596 4242 dimidium
1633 4186 1815 4245 saeculi

248 4295 281 4334 a
327 4278 551 4333 Christo
580 4287 709 4355 nato
740 4276 981 4333 secundi.
1014 4279 1081 4333 Et
1107 4289 1255 4339 certe
1286 4279 1331 4333 si
1363 4288 1491 4335 tunc
1514 4275 1815 4331 Romanam

1916 3190 2104 3245 'clesia.
2135 3191 2246 3259 Age
2265 3206 2395 3246 vero
2415 3190 2527 3260 jam
2550 3190 2889 3260 proferamus
2912 3191 3269 3263 fragmentum
3299 3193 3477 3262 ipsum

1918 3281 2339 3336 exvetustissimo
2364 3280 2550 3335 codice
2575 3281 2936 3338 Ambrosiauo
2952 3284 3290 3354 decerptum,
3318 3290 3477 3350 atque

1918 3372 2051 3429 illud
2067 3373 2402 3427 eruditorum
2428 3376 2669 3429 omnium
2688 3360 2924 3432 examini
2953 3377 3323 3445 subjiciamus,
3356 3376 3475 3430 nul-

1918 3462 2030 3516 lum
2057 3462 2324 3519 demendo
2349 3479 2417 3519 ex
2447 3465 2749 3534 erroribus,
2775 3466 2971 3536 quibus
2999 3466 3341 3521 librariorum
3374 3467 3475 3522 im.

1915 3553 2104 3622 peritia
2119 3553 2437 3627 scripturam
2458 3558 2718 3627 saturavit
2733 3567 2891 3628 atque
2909 3555 3148 3624 ftedavit,
3164 3572 3473 3629 quanquam

1916 3643 2050 3699 nihil
2081 3644 2343 3722 iiobstent
2358 3648 2650 3717 quominus
2671 3648 2902 3719 pretium
2934 3646 3013 3701 rei
3040 3648 3421 3720 intelligamus.
3451 3670 3468 3701 ι

1916 3732 2033 3792 Huc
2061 3752 2233 3811 usque
2257 3738 2605 3795 doctissimus
2644 3737 2989 3797 Muratorius.

1985 3826 2076 3884 Ν.
2105 3827 2234 3885 Post
2260 3831 2392 3889 tanti
2420 3830 2521 3908 viri
2553 3830 2814 3900 judicium
2843 3828 3004 3884 liceat
3039 3839 3094 3886 et
3123 3832 3283 3890 nobis
3335 3847 3473 3889 nom

1916 3919 2093 3975 nullas
2121 3919 2527 3976 observationes
2555 3919 2810 3989 adjicere,
2834 3919 3032 3987 quibus
3061 3921 3179 3992 ejus
3207 3926 3470 3979 sententia

1917 4010 2089 4078 magis
2120 4009 2402 4079 magisque
2432 4010 2694 4064 ﬁrmetur.
2730 4008 2795 4065 Et
2817 4010 3053 4080 primum
3094 3997 3309 4083 quidem
3340 4015 3470 4070 illud

1914 4099 2587 4171 advertimus,fragmenti
2620 4104 2900 4172 auctorem
2933 4116 3000 4155 ex
3033 4118 3098 4158 eo
3134 4104 3278 4173 quod
3328 4105 3469 4160 haud

1917 4199 2200 4245 recenseat
2232 4191 2373 4245 inter
2405 4191 2714 4259 Scripturas
2742 4193 3033 4249 canonicas
3058 4191 3355 4264 Epistulam
3403 4196 3470 4251 ad

1917 4278 2191 4344 Hebraeos,
2219 4281 2460 4350 apprime
2509 4278 2714 4336 referre
2748 4281 2862 4337 sive
2893 4283 3128 4353 sodalem
3170 4285 3281 4339 sive
3305 4285 3469 4339 disci-

249 4369 567 4426 eathedram
594 4369 768 4423 tenuit
790 4368 959 4425 Pius]
988 4386 1147 4441 papa,
1172 4371 1319 4428 illius
1340 4370 1524 4433 frater,
1546 4368 1593 4421 is
1615 4368 1812 4422 librum
1843 4407 1889 4464 Β
1916 4372 2098 4443 pulum
2129 4372 2334 4440 lrenaei,
2390 4370 2587 4429 Caium
2640 4372 2897 4428 nimirum
2931 4373 3186 4429 Ecclesiae
3216 4373 3469 4429 Romanae

254 4462 495 4516 Pastoris
544 4460 829 4530 scripsisse
881 4462 1144 4517 dicendus
1192 4470 1279 4517 est
1333 4460 1550 4515 circiter
1602 4474 1809 4517 annum

249 4553 453 4608 Christi
489 4552 610 4607 l50.
646 4553 715 4607 At
738 4567 839 4607 nos
878 4568 1043 4621 supra
1069 4554 1327 4621 vidimus,
1360 4552 1551 4608 Caium
1587 4548 1809 4605 'Roma-

248 4654 386 4696 Ilum
444 4641 815 4711 presbyterum
844 4638 1049 4695 vixisse
1082 4642 1298 4696 circiter
1342 4654 1544 4695 annum
1599 4638 1722 4705 196.
1755 4647 1810 4695 et

245 4730 387 4786 nihil
420 4732 618 4800 obstat,
652 4732 787 4802 quin
822 4742 982 4786 antea
1026 4732 1142 4787 haec
1174 4732 1470 4802 scripserit.
1500 4731 1569 4787 At
1593 4733 1809 4801 quando

242 4821 540 4893 fragmenti
568 4832 758 4879 auctor
783 4832 1031 4888 testatur,
1060 4820 1311 4877 Hermam
1346 4824 1639 4893 nuperrime
1674 4832 1806 4877 tem-

239 4914 464 4983 poribus
490 4917 684 4969 nostris
706 4915 905 4970 librum
923 4914 1164 4968 Pastoris
1185 4915 1590 4984 conscripsisse,
1622 4929 1813 4982 quem-

240 5020 375 5059 nam
406 5008 760 5076 opportunius
806 5023 969 5077 quam
1016 5005 1263 5062 eumdem
1289 5006 1479 5062 Caium
1530 5005 1815 5077 fragmenti

242 5097 425 5165 ipsius
458 5106 729 5167 parentem
785 5097 956 5155 fuisse
994 5098 1301 5169 conjicias?
1344 5096 1584 5152 Tandem
1626 5100 1813 5168 scribit

240 5186 535 5257 fragmenti
574 5196 764 5241 auctor
791 5188 871 5243 “z
906 5188 1274 5260 Apocalypsim
1316 5188 1478 5240 etiam
1508 5184 1732 5241 Joannis
1761 5199 1812 5243 et

1914 4464 2309 4533 presbyterum,
2361 4472 2421 4517 ut
2465 4464 2718 4534 superius
2771 4465 3139 4535 {ostendimus
3190 4463 3466 4533 Siquidem

1870 4560 1873 4563 ’
1916 4564 2137 4610 sanctus
2159 4555 2248 4608 ille
2303 4551 2683 4625 Lugdunensis
2733 4546 2978 4622 antistes,
3019 4564 3151 4609 teste
3196 4551 3466 4622 Stephano

1913 4646 2378 4702 Gobarotritbeita
2406 4648 2550 4718 apud
2586 4647 2837 4703 Photium
2861 4646 2938 4711 e”,
2982 4644 3225 4700 eamdem
3246 4645 3465 4715 Episto-

1912 4739 2019 4793 lam
2056 4740 2278 4808 perinde
2304 4755 2412 4794 non
2445 4734 2779 4796 admittebat.
2820 4735 2918 4790 Hic
2946 4730 3122 4790 tamen
3146 4736 3285 4792 haud
3314 4739 3465 4793 omit-

1913 4830 2132 4883 tendum
2161 4830 2392 4897 edicere,
2416 4847 2445 4891 a
2472 4832 2661 4901 primis
2681 4825 3002 4904 Christianae
3022 4827 3297 4899 religionis
3328 4838 3459 4884 tem-

1913 4920 2137 4988 poribus
2162 4919 2493 4976 Clementem
2519 4919 2820 4990 Romanum
2853 4912 3002 4973 Pauli
3025 4921 3251 4991 apostoli
3278 4936 3463 4993 συνερ-

1912 5009 2007 5079 γόν
2038 5011 2079 5073 ¹,
2103 5011 2345 5081 adeoque
2366 5010 2664 5067 Romanam
2696 5006 3012 5076 Ecclesiam,
3036 5010 3353 5068 canonicam
3396 5009 3462 5062 il-

1912 5102 2020 5156 lius
2051 5100 2306 5172 Epistolas
2331 5102 2705 5157 auctoritatem
2724 5103 3016 5173 agnovisse
3040 5104 3094 5157 ἐ
3124 5103 3266 5172 quod
3292 5103 3460 5158 miror

1913 5193 2433 5262 sacrosinterpretes
2450 5192 2711 5249 hactenus
2737 5195 3077 5263 praeteriisse.
3112 5194 3168 5248 Si
3195 5194 3457 5264 ejusmodi

243 5278 419 5344 Petri,
435 5288 641 5333 tantum
663 5280 964 5349 recipimus,
990 5297 1146 5352 quam
1171 5280 1459 5350 quidamea:
1483 5279 1676 5334 nostris
1700 5280 1803 5351 legi
1906 5281 2265 5351 fragmentum
2302 5283 2520 5338 ineunte
2572 5284 2676 5338 hoc
2729 5284 2926 5340 sazculo
2970 5285 3024 5338 in
3065 5284 3237 5338 lucem
3271 5284 3458 5339 fuisset

241 5370 297 5421 in
328 5368 567 5423 Ecclesia
592 5370 797 5424 nolunt.
833 5370 998 5427 Recte
1020 5372 1134 5426 haec
1161 5372 1215 5426 in
1243 5370 1360 5425 Caii
1395 5380 1637 5438 tempora
1667 5386 1797 5425 con~

241 5544 287 5575 "
310 5543 447 5599 Ibid.
492 5548 520 5617 ς
553 5549 608 5603 4.
683 5552 730 5582 ’δ
753 5546 970 5615 Euseb.,
1001 5543 1137 5606 Hist.
1172 5543 1338 5607 neckl

245 5610 387 5690 Hier.
413 5616 860 5690 42,__'_’_AGrab.,
910 5619 1092 5690 Spicil.
1138 5631 1271 5690 tom.
1297 5620 1338 5687 Ι,

240 5682 370 5734 252.
478 5684 495 5714 ¹
523 5683 717 5755 Philip.
740 5701 813 5751 tv,
837 5690 893 5742 ὃ.

1906 5373 2130 5439 editum,
2154 5372 2335 5429 nullus
2372 5373 2559 5428 dubito
2584 5376 2715 5447 quin
2744 5374 2874 5429 illud
2908 5375 2961 5428 in
2995 5389 3123 5428 suos
3164 5390 3294 5430 usus
3324 5390 3455 5429 con-

312 5475 615 5551 fineron.
662 5478 738 5534 De
753 5481 866 5551 yir.
898 5480 1116 5548 illustr.,
1142 5498 1261 5551 cap.
1294 5480 1381 5536 59.
1459 5481 1505 5514 ’⁸
1532 5478 1713 5545 Phot.,
1741 5481 1877 5551 Bibl.
1905 5483 2025 5540 cod.
2059 5482 2180 5537 121.

492 5548 520 5617 ς
553 5549 608 5603 4.
683 5552 730 5582 ’δ
753 5546 970 5615 Euseb.,
1001 5540 1137 5606 Hist.
1172 5540 1317 5607 δέοις
1336 5552 1426 5605 lib.
1457 5567 1539 5615 ιιι,
1573 5540 1709 5616 (τειρί
1754 5540 1845 5607 25.

1378 5637 1429 5690 p.
1463 5621 1550 5695 84.
1580 5621 1625 5651 "
1648 5619 2021 5695 Tertull.,_lib.
2055 5620 2128 5695 De
2152 5637 2311 5695 earn.
2346 5622 2497 5691 Chr.,
2530 5640 2646 5695 cap.
2684 5625 2772 5680 20.

993 5691 1013 5722 ³
1035 5689 1204 5745 Clem.
1250 5689 1429 5758 Rom”
1458 5691 1611 5761 epist.
1644 5692 1669 5746 1
1708 5690 1773 5748 ad
1800 5691 2041 5748 Corinth.
2053 5731 2069 5760 ,
2097 5690 2166 5747 36
2434 5730 2437 5731 ν

2354 5481 2474 5566 Ϋίά.
2509 5485 2777 5566 ιιι-[νεηοοι.
2814 5486 2906 5553 35,
2939 5485 2966 5556 ﬁ
2999 5485 3076 5566 ξε.
3101 5486 3147 5519 ⁸⁸

1922 5554 1965 5586 ⁸⁸
1990 5552 2233 5615 Sozom.,
2269 5550 2407 5606 Hist.
2463 5556 2593 5609 cccl.
2624 5556 2718 5610 lib.
2746 5572 2841 5623 vu,
2872 5550 2993 5623 cap.
3014 5556 3101 5612 19.
3171 5555 3216 5591 ’⁴
3246 5550 3449 5623 Ερίβὴ..

1928 5622 2021 5676 lib.
2055 5620 2128 5691 De
2163 5637 2311 5677 earn.
2346 5622 2497 5691 Chr.,
2530 5640 2646 5691 cap.
2684 5625 2772 5680 20.
2896 5625 3131 5691 “Phot.,
3158 5616 3289 5679 Bibl.
3327 5624 3446 5677 cod.
