4038 6352
559 377 629 430 ‘23
1725 373 1859 429 CAII
1896 374 2162 429 ROMANI
2198 371 2625 430 PRESBYTER!
3707 368 3782 424 ’ὶῶ

560 489 812 545 vertisset
839 488 1082 544 eruditus
1104 485 1433 542 Humfredus
1462 485 1686 554 Hodius,
1708 486 1835 541 dum
1858 486 2112 541 librorum
2141 493 2185 549 Α
2215 486 2556 557 consignavit
2582 483 2778 540 Pastor
2818 483 3163 554 inscriptum.
3196 485 3361 540 Docet
3390 483 3553 555 igitur
3577 481 3781 541 Ponta-

562 578 867 634 biblicorum
911 594 1183 632 numerum
1236 594 1298 631 ac
1328 576 1564 630 ordinem
1594 576 1750 646 juxta
1779 578 2124 632 usteculorum

558 672 751 727 seriem
779 678 1058 741 pertexere
1090 670 1338 724 studebat
1360 670 1402 722 ³.
1459 681 1472 696 ε
1862 728 1863 733 η

628 760 763 814 illud
833 776 1049 831 quoque
1120 758 1590 822 animadversione
1621 758 1844 831 dignum
1868 760 2125 821 occurrit,

560 865 619 909 ut
663 853 823 923 modo
861 851 1113 909 monebat
1158 859 1341 904 noster
1382 849 1591 917 editor,
1634 852 1780 920 quod
1828 850 2123 922 fragmenti

560 947 786 1015 scriptor
811 944 838 1014 ς
862 941 928 996 iV
955 942 1213 997 Miltiadis
1258 941 1494 997 haeretici
1515 943 1845 997 mentionem
1868 934 2078 1011 injiciat
2106 981 2120 995 .

562 1046 620 1090 ut
659 1043 936 1105 propterea
968 1047 1177 1102 aequum
1228 1030 1391 1086 fuerit
1430 1032 1775 1097 existimare,
1819 1041 2127 1101 excerptum

562 1132 706 1184 istud
732 1128 799 1182 ad
844 1127 990 1179 illam
1022 1125 1441 1194 disputationem
1484 1123 1788 1193 pertinere,
1821 1138 1986 1192 quam
2034 1122 2130 1177 ad-

562 1236 751 1276 versus
775 1219 1063 1274 Proculum
1105 1218 1573 1290 Cataphrygarum
1615 1224 1937 1272 sectatorem
1963 1216 2129 1270 Caius

564 1312 817 1368 instituit.
854 1311 1100 1367 Asterius
1139 1311 1284 1366 enim
1313 1308 1564 1365 Urbanus
1606 1309 1747 1376 apud
1782 1307 2077 1363 Eusebium
2106 1308 2129 1339 ⁸

564 1403 668 1457 sub
700 1402 874 1472 ipsum
909 1402 1122 1456 initium
1148 1402 1325 1471 operis
1360 1398 1504 1470 quod
1530 1400 1795 1456 adversus
1830 1400 2129 1472 Cataphry-

565 1510 661 1565 gas
695 1494 1033 1563 composuit,
1075 1491 1330 1548 Miltiadis
1364 1490 1609 1547 hzeresim
1654 1492 1919 1547 nominat.
1978 1490 2129 1547 Unde

567 1588 921 1643 conlirmatur
969 1584 1187 1641 Eusebii
1232 1585 1424 1651 lectio,
1454 1584 1537 1639 'ut
1571 1594 1624 1640 et
1669 1583 1959 1654 Nicephori
2006 1601 2155 1655 eam,

566 1674 922 1732 exscribentis
954 1677 997 1742 ',
1043 1690 1075 1729 a
1108 1673 1322 1731 Valesio
1361 1684 1414 1731 et
1443 1674 1631 1746 Laugo
1666 1675 1991 1742 sollicitata,
2030 1666 2149 1746 qui”

568 1770 690 1824 loco
749 1767 1009 1822 Miltiadis
1060 1768 1493 1824 substituendum
1552 1768 1877 1823 Alcibiadem
1934 1769 2123 1824 existi-

2230 576 2391 644 ninus
2412 592 2479 633 ex
2507 577 2763 648 Catalogo
2796 575 3131 632 Bucheriano
3152 614 3170 642 ,
3200 575 3488 630 Anastasio
3518 573 3745 644 aliisque
3763 613 3782 639 ,

2229 666 2534 724 Hermetem
2565 666 2648 723 Pii
2678 667 2902 751 fratrem
2932 667 3130 722 librum
3172 665 3482 735 scripsisse,
3520 680 3665 720 nunc
3681 666 3785 719 de-

2229 762 2531 830 perditum,
2571 760 2635 814 de
2686 759 2945 814 Paschate
2973 759 3060 814 die
3098 758 3377 814 Dominico
3423 756 3777 824 celebrando,

2180 829 2284 907 fin
2319 870 2420 923 quo
2458 852 2768 906 mandatum
2806 848 3167 903 continebatur
3205 848 3341 919 quod
3379 848 3427 901 ei
3470 856 3787 916 praeparat

2229 944 2486 1015 Angelus,
2514 960 2630 997 cum
2664 943 2798 996 venit
2829 941 2898 995 ad
2917 957 3036 995 eum
3059 942 3113 994 in
3136 940 3321 994 habitu
3349 942 3597 1008 pastoris.
3630 938 3786 994 Unde

2229 1037 2305 1091 illi
2337 1037 2403 1091 ab
2433 1035 2676 1108 angelico
2706 1034 2926 1088 Pastore
2956 1033 3111 1103 cujus
3141 1033 3313 1087 visum
3347 1033 3402 1086 in
3433 1048 3532 1088 suo
3553 1032 3616 1086 de
3648 1031 3789 1086 Pas-

2230 1127 2377 1181 chate
2408 1128 2548 1182 libro
2582 1125 2885 1189 enarravit,
2925 1134 3112 1196 postea
3150 1135 3569 1194 cognomentum
3599 1125 3786 1181 adhae-

2230 1218 2300 1274 sit
2318 1258 2332 1284 ,
2360 1218 2639 1289 dictusque
2673 1217 2797 1273 inde

2298 1309 2574 1378 Angelicus
2603 1308 2818 1373 Pastor,
2846 1311 2971 1379 quia
3002 1311 3202 1365 tradita
3240 1312 3396 1366 verba
3433 1309 3640 1364 locutus
3660 1349 3677 1376 ,

2229 1408 2287 1455 ut
2315 1400 2884 1457 canitvetustissimus
2917 1400 3149 1471 scriptor
3182 1400 3446 1471 poematis
3480 1402 3533 1455 in
3556 1399 3790 1455 Marcio-

2226 1509 2351 1547 nem
2376 1493 2478 1548 sub
2513 1493 2673 1549 tinem
2698 1492 2821 1548 libri
2853 1509 2931 1547 Ill.
2959 1491 3083 1549 Haec
3115 1495 3327 1566 aliaque
3354 1495 3509 1565 plura
3547 1494 3601 1548 in
3638 1508 3791 1549 eam-

2225 1584 2345 1638 dem
2394 1585 2713 1639 sententiam
2740 1585 3015 1651 ,-laudatus
3066 1586 3150 1640 vir
3197 1586 3467 1641 eruditus.
3514 1584 3790 1639 Habemus

2226 1674 2390 1743 igitur
2418 1674 2665 1729 Hermem
2682 1652 2775 1728 Pii
2788 1673 2808 1727 i
2838 1674 3079 1741 fratrem,
3108 1686 3467 1748 cognomento
3489 1676 3789 1741 Pastorem,

2228 1766 2320 1835 qui
2351 1766 2552 1820 librum
2585 1766 2649 1819 de
2673 1765 2933 1822 Paschate
2961 1767 3197 1838 scripsit.

570 1818 1497 1933 ἑιέξιῖιι.’ἆέὲίᾷἐᾌιῐιέἷῦᾼζιῖξεζιῖιὶέ
1531 1818 2127 1945 -;‘i;.;;.{j.i:;..'.:;,1;.
2158 1836 2201 1890 Β
2236 1818 2258 1835 “’
2295 1818 2367 1912 gn
2398 1818 2547 1912 si...
2583 1818 3245 1928 τηειηξηιίὶιῖἐίᾼῖ-’ὲξὸη
3272 1858 3527 1927 Hermam
3567 1860 3653 1913 cui
3684 1818 3809 1913 nl...

569 1952 673 2007 loci
704 1968 919 2007 causam
947 1964 999 2006 et
1032 1954 1297 2007 rationein
1328 1954 1491 2007 ineat.

643 2043 778 2099 Sunt
809 2054 1063 2114 prazterea
1096 2052 1287 2099 notatu
1313 2045 1469 2113 plane
1500 2043 1819 2116 dignissima
1840 2085 1855 2111 ,
1884 2058 2004 2115 qua:
2032 2058 2128 2097 eo-

570 2134 691 2190 dem
730 2133 757 2205 §
801 2132 893 2199 IV,
941 2133 1211 2189 memoriae
1270 2134 1505 2204 prodidit
1552 2134 1840 2205 fragmenti
1886 2143 2076 2189 auctor
2113 2146 2127 2183 :

569 2226 879 2287 Pssroneu,
903 2225 1112 2294 inquit,
1154 2225 1449 2294 nuperrime
1491 2228 1803 2294 temporibus
1843 2226 2034 2279 nostris
2076 2222 2131 2276 in

571 2315 695 2370 urbe
722 2314 888 2368 Roma
915 2312 1113 2366 Herma
1144 2313 1488 2382 conscripsit,
1520 2314 1722 2383 sedente
1760 2315 2009 2370 cathedra
2038 2330 2131 2366 ur—

510 2480 513 2483 _
574 2409 650 2461 bis
684 2406 858 2461 Romae
888 2404 1137 2459 Ecclesia:
1166 2403 1269 2459 Pio
1304 2406 1541 2475 episcopo
1571 2406 1737 2475 fratre
1755 2407 1888 2475 ejus.
1923 2406 2133 2472 Quibus

571 2498 750 2558 verbis
779 2498 888 2551 vim
924 2496 1104 2552 inesse
1153 2496 1449 2551 maximam
1488 2495 1611 2564 jure
1630 2482 1853 2552 “censuit
1880 2495 2135 2552 eruditis-

573 2591 750 2645 simus
778 2588 973 2644 editor.
1007 2586 1134 2654 Sed,
1161 2596 1221 2642 ut
1254 2603 1381 2643 vere
1411 2587 1611 2654 dicam,
1640 2595 1723 2642 est
1754 2588 1808 2642 in
1836 2588 1941 2643 loci
1974 2587 2137 2656 hujus

572 2681 1010 2752 interpretatione
1060 2678 1428 2735 Muratoriana
1449 2720 1465 2742 ,
1500 2679 1647 2750 quod
1682 2694 1791 2734 non
1828 2680 1960 2736 satis
1991 2696 2137 2735 asse-

580 2788 739 2841 quor.
778 2771 1001 2827 Videtur
1053 2772 1197 2826 enim
1243 2772 1358 2841 ipse
1403 2771 1565 2825 allata
1610 2772 1776 2826 verba
1826 2772 1893 2826 de
1939 2771 2136 2827 Herma

575 2878 693 2916 viro
740 2862 1038 2933 apostolico
1070 2862 1371 2932 accepisse,
1404 2862 1630 2932 ejusque
1668 2864 1971 2932 respexisse
2003 2879 2138 2934 Opus

576 2952 719 3021 quod
742 2954 1040 3008 etiamnum
1068 2961 1305 3021 superat,
1333 2953 1491 3008 titulo
1520 2953 1762 3008 Pastoris
1795 2955 2135 3026 inscriptum.

580 3053 637 3101 tu
668 3043 807 3097 hanc
838 3050 1017 3097 autem
1040 3046 1359 3097 sententiam
1390 3059 1457 3097 ex
1490 3058 1557 3097 eo
1588 3044 1927 3112 potissimum
1969 3046 2140 3100 addu-

2228 1966 2349 2003 men
2380 1950 2610 2003 inditum
2638 1948 2851 2015 Pastor,
2885 1950 2979 2004 sed
3009 1949 3261 2006 Hermam
3292 1951 3532 2007 Pastoris
3560 1951 3791 2020 scripto-

2229 2057 2342 2096 rem
2388 2041 2638 2111 appellat.
2679 2040 2780 2095 Cui
2811 2041 3025 2111 quidem
3060 2043 3350 2112 objectioni
3399 2051 3460 2097 ut
3500 2043 3594 2097 tiat
3617 2043 3788 2104 satis,

2230 2134 2360 2188 illud
2392 2150 2559 2213 unum
2586 2133 2901 2204 reponimus
2931 2134 3077 2203 quod
3113 2134 3179 2189 de
3201 2132 3411 2190 Hermae
3437 2134 3655 2190 Pastore
3688 2150 3791 2189 nos

2231 2225 2354 2280 alibi
2389 2226 2593 2281 dixisse
2614 2224 2985 2281 meminimus.
3006 2222 3271 2281 Nimirum
3292 2268 3308 2293 ,
3332 2228 3791 2296 quemadmodum

2231 2320 2331 2372 viri
2381 2320 2661 2391 apostolici
2704 2334 2841 2391 opus
2879 2319 3118 2390 antiquis
3161 2318 3415 2376 Patribus
3456 2317 3647 2374 Pastor
3692 2334 3791 2375 seu

2234 2411 2365 2464 liber
2386 2411 2627 2466 Pastoris
2659 2412 2956 2483 appellatus
2983 2410 3103 2475 fuit,
3135 2411 3261 2467 inde
3287 2410 3517 2467 fortasse
3548 2411 3792 2467 derivata

2234 2500 2672 2557 denominatione
2723 2500 3074 2571 hujusmodi,
3128 2499 3271 2570 quod
3333 2500 3387 2554 in
3452 2510 3565 2556 toto
3622 2501 3796 2557 ferme

2206 2672 2207 2675 η
2235 2578 2399 2662 Opei'e
2412 2590 2606 2646 Pastor
2639 2586 2911 2649 inducitur
2936 2582 3195 2645 Hermam
3226 2590 3506 2661 alloquens
3535 2600 3589 2648 et
3615 2590 3797 2647 infor-

2236 2699 2390 2738 mans
2421 2700 2434 2734 :
2464 2685 2534 2737 ita
2561 2699 2777 2754 quoque
2816 2682 3131 2752 contigerit,
3167 2691 3227 2737 ut
3264 2692 3317 2737 et
3354 2680 3622 2739 Hermetis
3654 2682 3796 2738 liber

2235 2776 2298 2829 de
2316 2773 2573 2828 Paschate
2590 2771 2771 2839 fuerit,
2791 2772 3067 2828 nonnullis
3091 2772 3303 2835 saltem,
3331 2771 3529 2826 Pastor
3551 2772 3801 2829 nomina-

2237 2876 2325 2921 tus
2349 2884 2364 2931 ;
2388 2865 2516 2934 quia
2552 2860 2697 2918 illius
2724 2872 2915 2918 auctor
2940 2862 3003 2917 de
3029 2864 3094 2916 iis
3116 2862 3357 2931 scripsit,
3390 2877 3507 2932 qua
3526 2862 3574 2915 ei
3596 2876 3794 2929 prece-

2236 2960 2314 3028 pit
2348 2956 2575 3026 Angelus
2597 2995 2613 3019 ,
2648 2970 2766 3008 cum
2794 2956 2929 3009 venit
2958 2956 3027 3009 ad
3055 2972 3173 3010 eum
3206 2956 3262 3008 in
3294 2953 3479 3007 habitu
3510 2951 3747 3006 Pastoris
3774 2990 3791 3016 ς

2237 3058 2298 3103 ut
2334 3047 2494 3101 habet
2527 3045 2816 3115 Catalogus
2856 3043 2899 3098 ii
2943 3044 3388 3101 Henschenianus
3413 3060 3439 3110 ς
3490 3044 3630 3097 unde
3682 3056 3794 3095 non

579 3148 692 3198 cor,
726 3133 871 3203 quod
901 3132 964 3186 V.
989 3133 1051 3187 C.
1086 3133 1235 3187 illum
1280 3132 1490 3189 Hermae
1520 3135 1716 3188 librum
1760 3134 2004 3187 celebrem
2043 3153 2138 3192 vo-
2164 3172 2207 3228 α
2240 3138 2416 3195 solum
2462 3136 2711 3206 scriptori
2732 3176 2746 3199 ,
2772 3136 2865 3192 sed
2893 3137 3012 3205 ejus
3044 3137 3207 3190 etiam
3242 3136 3380 3189 libro
3417 3133 3655 3187 Pastoris
3692 3147 3794 3186 no-

581 3236 685 3291 cet,
717 3236 777 3280 ut
805 3242 930 3279 vere
962 3235 1043 3280 est
1070 3224 1309 3280 Pastoris
1340 3242 1477 3296 Opus
1504 3232 1659 3297 cujus
1686 3238 1874 3281 auctor
1890 3225 2135 3294 Hermas,

580 3317 816 3387 antiquis
860 3316 1111 3370 Patribus
1160 3318 1388 3398 summis
1420 3318 1671 3375 laudibus
1704 3320 2047 3374 celebratum.
2082 3322 2137 3375 Si

581 3406 846 3475 ejusmodi
874 3408 944 3461 sit
971 3404 1249 3461 Huratorii
1283 3423 1473 3463 sensus
1501 3418 1555 3463 et
1584 3410 1789 3479 opinio,
1822 3410 1875 3463 in
1910 3410 2145 3466 nihilum

587 3498 699 3551 abit
734 3499 853 3567 ejus
883 3510 1242 3568 argumentum
1278 3500 1539 3555 robustius
1574 3515 1593 3554 :
1630 3502 1894 3577 siquidem
1926 3492 2149 3579 aposto's

585 3587 724 3641 licus
755 3586 978 3643 Hermas
1010 3605 1184 3658 neque
1228 3589 1316 3642 Pii
1352 3589 1383 3643 Ι
1417 3592 1581 3659 frater
1601 3593 1840 3658 exstitit,
1864 3607 2039 3661 neque
2071 3594 2140 3647 ad

586 3675 861 3729 dimidium
890 3678 1069 3731 steculi
1096 3696 1128 3731 a
1158 3677 1364 3733 Christo
1398 3690 1521 3733 nato
1553 3682 1762 3736 secundi
1796 3682 2016 3749 floruit;
2048 3684 2140 3752 qui

522 3832 523 3835 η
588 3764 844 3819 nimirum
888 3776 1108 3823 centum
1151 3777 1276 3823 ante
1330 3784 1502 3825 annos
1550 3773 1651 3827 sub
1699 3773 1990 3829 Clementis
2034 3770 2142 3828 Ho-

589 3855 735 3911 mani
773 3856 1081 3925 pontiﬁcatu
1134 3858 1335 3913 vixisse
1380 3863 1731 3931 comperitur,
1778 3875 1837 3918 ut
1880 3862 1947 3918 ad
1991 3864 2142 3918 volu-

588 3962 711 4001 men
742 3944 765 3999 l
792 3946 1133 4004 Bibliotheca
1190 3956 1391 4005 nostra:
1436 3950 1642 4020 praefati
1686 3970 1877 4010 sumus
1905 3954 1944 4007 ⁷.
1991 3954 2144 4010 Alius

587 4039 751 4109 igitur
790 4042 1112 4113 quaerendus
1166 4042 1392 4101 Hermas
1448 4045 1533 4101 vel
1583 4045 1852 4117 Hermes,
1900 4050 1995 4120 qui
2050 4066 2145 4105 sae-

588 4131 711 4185 culo
751 4144 789 4185 tt
832 4133 1047 4197 clarus,
1092 4131 1226 4187 Piii
1270 4132 1436 4189 frater
1467 4133 1659 4202 fuerit,
1702 4140 1902 4210 quique
1944 4140 2143 4197 librum

592 4219 835 4275 Pastoris
875 4222 1027 4276 titulo
1058 4224 1334 4294 scripserit
1363 4245 1375 4280 :
1410 4243 1518 4296 quo
1558 4229 1723 4284 semel
1761 4232 1966 4299 posito,
2002 4229 2145 4301 frag-

593 4311 760 4365 menti
800 4311 1038 4379 acephali
1071 4326 1347 4381 auctorem.
1376 4317 1566 4373 Caium
1604 4333 1724 4373 esse
1758 4330 1986 4377 constet.
2024 4320 2145 4377 1am

592 4415 723 4456 vero
753 4397 841 4453 vir‘
862 4402 1166 4456 eruditione
1195 4415 1455 4472 praestans
1489 4406 1676 4464 Justus
1708 4408 2041 4467 Fontaninus
2064 4412 2147 4465 lu-

2240 3245 2364 3283 men
2392 3227 2682 3282 inhazserit.
2718 3226 2842 3282 Haec
2869 3235 3076 3281 tantum
3109 3226 3160 3278 in
3185 3224 3590 3293 prasentiarum
3621 3223 3795 3278 habe-

2240 3334 2384 3384 mus,
2411 3318 2609 3387 quibus
2645 3313 3262 3387 propositae!diliicultati
3284 3327 3654 3367 occurramus.
3688 3309 3797 3366 Ve—

2240 3425 2359 3463 rum
2395 3406 2730 3462 eruditorum
2772 3404 2998 3461 arbitrio
3034 3416 3148 3459 rem
3180 3401 3537 3457 deliniendam
3569 3398 3798 3457 dimitti-

2240 3514 2385 3554 mus.

2269 3568 2274 3575 ’
2310 3592 2576 3647 Caeterum
2630 3587 2788 3641 doleo
2830 3585 3081 3655 equidem
3125 3582 3391 3653 ejusmodi
3422 3581 3795 3652 fragmentum

2238 3699 2358 3739 esse
2390 3683 2545 3737 laedis
2570 3679 2926 3736 deformatum
2958 3678 3252 3747 erroribus.
3286 3674 3387 3730 Sed
3410 3715 3425 3740 ,
3451 3684 3511 3729 ut
3532 3690 3653 3728 cum
3681 3688 3801 3726 ma-

2241 3788 2348 3843 gno
2390 3772 2621 3825 Baronio
2666 3773 2858 3840 loquar
2895 3771 2938 3837 ',
2974 3764 3228 3841 quidquid
3274 3768 3559 3838 antiquitas
3601 3765 3792 3831 offert,

2240 3867 2345 3918 sive
2385 3880 2651 3917 corrosum
2690 3863 3049 3916 mendosumve
3080 3866 3182 3927 sit,
3226 3859 3393 3929 accipi
3438 3867 3604 3910 tamen
3645 3866 3797 3926 grato

2244 3956 2416 4008 animo
2445 3956 2594 4009 solet.

2314 4045 2386 4101 De
2411 4048 2519 4101 alio
2552 4055 2729 4101 autem
2763 4060 2924 4115 opere
2954 4044 3088 4117 Περὶ
3115 4044 3214 4114 τῆς
3240 4042 3332 4096 τοῦ
3363 4040 3559 4103 παντὸς
3588 4037 3801 4100 οὐσίας,

2242 4137 2383 4206 quod
2407 4153 2438 4192 a
2464 4153 2521 4192 se
2547 4138 2804 4208 scriptum
2835 4138 2889 4191 in
2925 4137 3031 4191 line
3056 4134 3360 4205 Labyrintlii
3382 4142 3612 4190 testatur
3633 4131 3801 4185 Caius

2246 4230 2384 4297 apud
2423 4228 2673 4283 Photium
2706 4230 2829 4284 loco
2861 4226 3113 4297 superius
3135 4229 3294 4280 citato
3315 4267 3330 4292 ,
3362 4233 3556 4295 przeter
3584 4239 3646 4279 ea
3676 4238 3800 4291 qua:

2244 4318 2383 4375 infra
2416 4321 2641 4376 dicenda
2683 4330 2811 4376 sunt
2849 4319 2941 4373 ubi
2989 4319 3056 4373 de
3080 4315 3361 4389 Hippolyti
3392 4318 3641 4387 scriptis,
3672 4331 3801 4371 con-

2246 4412 2395 4468 sulas
2435 4416 2594 4469 velim
2637 4430 2747 4485 pra:
2783 4412 2978 4468 ceteris
3015 4409 3410 4466 Tillemontium
3444 4412 3507 4476 ⁸⁸,
3549 4425 3647 4465 nec
3687 4423 3795 4462 non

595 4492 838 4551 culenter
878 4493 1112 4547 ostendit
1162 4493 1206 4561 ⁸,
1250 4494 1550 4554 Iiermetem
1598 4502 1771 4556 sancti
1808 4502 1887 4557 Pii
1928 4503 2147 4558 fratrem
2179 4502 2223 4558 Β
2252 4512 2501 4561 auctores
2542 4505 2798 4560 Historia
2824 4504 3102 4559 litterario:
3130 4502 3349 4560 Galliae
3374 4504 3438 4571 “,
3476 4503 3569 4559 sed
3602 4503 3654 4556 in
3686 4499 3801 4569 pri-

593 4585 752 4655 plane
788 4582 1059 4638 diversum
1104 4597 1224 4638 esse
1270 4586 1338 4640 ab
1374 4587 1565 4645 ilerma
1591 4632 1605 4657 ,
1635 4594 1728 4661 qui
1773 4608 1909 4663 opus
1950 4594 2151 4649 litteris.

666 4699 685 4729 ⁸
722 4696 880 4783 Heri”
910 4668 1224 4783 de_
1255 4702 1442 4783 ιεξιὶρἶ
1471 4705 1664 4773 origin.
1699 4708 2139 4783 lib.tv,_c_ap._4,
2167 4724 2288 4783 pag.
2322 4712 2456 4779 6M,
2484 4728 2633 4783 seqq.

596 4767 711 4837 26.7
754 4766 1053 4837 '_lfiiceph.,
1081 4767 1212 4823 Hist.
1237 4772 1367 4824 eccl.
1390 4772 1482 4825 lib.
1508 4766 1711 4837 tv‘,cap.
1734 4778 1824 4832 25.
1881 4766 1915 4809 ’⁸
1953 4766 2133 4834 Dodva

600 4834 736 4912 Hibl.
778 4834 880 4888 PP.
919 4834 1286 4912 toni._i,_cap.
1316 4842 1383 4906 2,
1420 4841 1479 4912 ξς
1505 4842 1617 4912 191

604 4990 723 5043 pag.
756 4974 878 5027 176.
953 4976 993 5007 ⁸³

603 5044 707 5098 sua
735 5058 886 5113 seqq.

2213 4778 2385 4851 issert.
2417 4778 2450 4837 4
2517 4778 2655 4836 ireh.
2678 4820 2693 4845 ,
2725 4780 2751 4851 ᾗ
2788 4780 2855 4835 58

625 4845 736 4919 itbl.
780 4845 880 4888 PP.
919 4845 1383 4919 toni.“l,_cap;2,
1420 4845 1479 4912 ἧς
1505 4845 1617 4919 t__gt
1650 4845 1718 4907 2,
1753 4845 2041 4919 pagg._26,
2076 4847 2143 4901 9.8
2168 4846 2332 4919 (Patr.
2367 4853 2499 4915 Gr.;
2533 4861 2569 4905 t.
2600 4852 2684 4919 II).

600 4904 695 4957 lib.
728 4920 929 4989 Ill-23p.
953 4909 1015 4989 ,
1185 4904 1319 4989 eti,
1341 4904 1605 4989 _pag§._55
1823 4904 1884 4947 νδ
1918 4904 2136 4989 Harum,
2171 4904 2238 4971 ad
2264 4904 2525 4978 anni-iii
2549 4962 2565 4989 ,
2592 4904 2723 4989 {27.

1079 4979 1166 5033 ist.
1189 4979 1291 5038 litt.
1322 4979 1389 5037 de
1412 4979 1724 5049 ia'France,
1748 4979 1887 5040 'tom.
1916 4984 1966 5053 l,
1999 4997 2137 5057 part.
2168 5003 2215 5056 l,
2243 5005 2366 5062 pag.
2393 4993 2519 5051 359.

2250 4595 2355 4654 luis
2390 4597 2717 4653 Dodwcllum
2748 4598 2817 4653 ".

2750 4712 2773 4743 ⁸
2804 4710 2999 4765 Euseb.
3024 4751 3040 4776 ,
3087 4710 3220 4765 Hist.
3280 4710 3410 4765 eccl.
3461 4707 3554 4761 lib.
3594 4720 3647 4767 v,
3676 4718 3799 4776 cap:

2878 4822 2894 4845 ,
2948 4774 3067 4851 pag.
3113 4782 3271 4851 371.“
3322 4781 3342 4813 "
3380 4774 3799 4851 Proiegom.__ad

2842 4852 2863 4882 '
2918 4845 3180 4916 Famam,
3228 4849 3363 4906 Hist.
3418 4848 3517 4903 litt.
3547 4845 3798 4916 ’Aquiln

2894 4922 2936 4953 ¹⁰
2974 4914 3185 4977 Tillem.
3209 4962 3223 4987 ,
3249 4920 3407 4975 Mém.
3432 4960 3447 4984 ,
3505 4914 3655 4987 tom;
3694 4914 3797 4979 Ill,

2618 4994 2638 5025 ³
2676 4989 2860 5047 Dodw.
2906 4986 3405 5056 Dissert.61ren.,
3455 4986 3612 5060 $18.
3672 5000 3798 5055 ρδδι
