4038 6352
217 332 278 387 εΗ
1691 338 1987 396 ΝΟΤΙΤΙΑ.

3348 290 3418 396 ιε

224 454 467 509 :issimus
510 453 785 512 Boivinius
830 461 1069 529 coniicit.
1123 462 1390 518 Caeterum
1426 462 1767 519 Christianos
1799 469 1839 522 Α
1870 457 2084 513 Labbeo
2140 467 2275 512 tom.
2308 456 2327 511 ι
2377 457 2518 510 Bibl.
2571 472 2713 510 noua
2748 474 2895 523 mss.,
2928 474 3047 528 pag.
3074 458 3200 525 298,
3240 460 3418 515 editus

221 546 379 601 etiam
412 546 681 619 τερατώδη
710 558 967 615 sectatos,
999 568 1063 606 ac
1094 555 1567 623 superstitionibus
1596 572 1769 625 quan-

222 635 397 703 doque
424 637 631 691 deditos
662 637 866 705 fuisse,
896 651 1076 697 vetera
1112 646 1444 701 convincunt
1488 648 1727 715 exempla
1750 689 1763 712 ,

223 734 274 778 et
304 725 631 794 Ceoponicon
685 731 918 800 scriptor
980 732 1145 803 (haud
1175 738 1335 791 dubie
1368 738 1762 806 Christianus),

226 825 275 870 et
332 814 632 885 Tryphonis
694 823 944 891 martyris
1026 828 1362 882 exorcismos
1440 829 1762 882 insectorum

227 906 389 961 hortis
447 908 721 978 vineisque
768 914 1052 968 noxiorum
1092 919 1240 987 apud
1286 917 1628 973 Lambecium
1666 936 1775 981 vn,-

227 1013 337 1066 pag.
361 999 489 1063 217,
519 1009 570 1053 et
597 1001 746 1070 plura
788 1004 1054 1073 ejusmodi
1098 1022 1206 1061 non
1238 1011 1373 1063 adeo
1423 1010 1635 1064 inobvia
1682 1010 1766 1065 fu-

226 1098 336 1142 tura
373 1092 417 1143 si
459 1092 578 1160 quis
605 1094 916 1164 diligentius
957 1100 1299 1168 inquisierit:
1341 1101 1501 1171 inque
1542 1103 1625 1158 his
1661 1103 1764 1157 fre-

226 1190 469 1245 qurutata
498 1183 742 1250 quaedam
770 1188 1145 1255 superstitiosa
1177 1189 1247 1243 ita
1289 1191 1520 1259 publice,
1554 1203 1611 1245 ut
1635 1208 1763 1247 con-

224 1271 459 1324 ciliorum
504 1265 735 1330 decretis
787 1278 1117 1345 prohibenda
1164 1278 1398 1345 fuerint,
1452 1281 1517 1335 de
1561 1284 1760 1351 quibus

226 1356 456 1421 Brunus,
480 1363 711 1420 Oratorii
738 1361 864 1419 Jesu
904 1368 1198 1438 presbyter,
1243 1383 1393 1439 parte
1428 1372 1584 1425 tertia
1614 1373 1760 1439 libri,

225 1447 413 1503 Gallice
443 1464 567 1504 ann.
595 1452 755 1517 1702,
790 1454 871 1520 12,
917 1457 1068 1521 editi,
1099 1474 1258 1528 quem
1289 1456 1614 1529 inscripsit:
1659 1462 1761 1516 Hi-

228 1542 371 1593 stoire
414 1543 639 1612 critique
674 1552 764 1599 des
806 1551 1073 1619 pratiques
1104 1554 1515 1621 superstitieuses
1555 1556 1642 1624 qui
1674 1566 1761 1609 ont

229 1632 380 1684 sedsit
407 1633 481 1686 les
515 1635 720 1703 peuples
749 1650 798 1691 et
828 1641 1156 1697 cmbarrassé
1190 1644 1263 1697 les
1322 1662 1527 1699 savans.
1555 1646 1630 1700 Ex
1665 1661 1759 1701 eo-

230 1721 332 1777 dem
359 1721 683 1792 Geoponicon
714 1728 977 1799 scriptore
1008 1743 1151 1789 recte
1180 1736 1419 1805 colligas,
1446 1736 1757 1792 Africanum

1868 548 2092 613 Latine,
2139 564 2298 617 quem
2344 547 2472 621 Julii
2519 548 2754 603 Africani
2792 565 2927 603 .esse
2980 551 3239 618 su‘spicati
3292 566 3419 608 sunt

1868 638 2091 695 Vossius
2116 638 2185 692 111
2215 638 2292 692 De
2322 640 2509 692 histor.
2539 638 2714 693 Latin.
2767 650 2903 709 part.
2937 656 3008 704 tv,
3042 655 3161 710 cap.
3192 642 3247 705 5,
3289 656 3413 713 pag.

1868 730 1987 797 756,
2018 741 2075 784 et
2105 730 2337 784 Sandius
2374 729 2437 783 ad
2470 727 2720 785 Vos‘sium
2779 746 2899 801 pag.
2936 731 3039 785 279
3073 748 3180 801 sq.,
3236 736 3417 802 potius

1865 809 2297 876 i'eferendusiest
2340 823 2407 875 ad
2440 819 2808 892 Hippolytum,
2852 821 3236 889 Portuensem,
3266 823 3411 877 Afri-

1863 914 1982 967 cani
2015 914 2296 982 aequalem.
2343 912 2662 984 Quanquam
2696 912 2937 967 Africani
2980 915 3142 968 etiam
3183 912 3413 969 Chroni-

1862 1019 1965 1057 con
1998 1002 2146 1057 fuere
2181 1004 2274 1073 qui
2313 1003 2503 1057 Latine
2549 1004 3050 1075 interpretarentur,
3087 1014 3141 1059 et
3168 1003 3410 1068 fortasse,

1863 1090 2245 1147 utDodwellus
2272 1092 2405 1147 diss.
2451 1092 2526 1146 De
2571 1094 2892 1147 successione
2921 1096 3245 1162 ponti/ictam,
3285 1110 3407 1165 pag.

1862 1183 1951 1245 98,
1976 1199 2041 1236 ex
2066 1185 2290 1253 antiquo
2317 1200 2419 1237 ms.
2441 1182 2634 1237 Latino
2656 1183 2900 1235 Chronici
2918 1182 3209 1238 Eusebiani
3230 1188 3414 1240 codice

1862 1269 2184 1359 Mergenensi
2239 1270 2474 1339 colligit,
2524 1260 2811 1338 antequam
2856 1269 3072 1325 Eusebii
3116 1271 3411 1328 Chronicon

1863 1355 2091 1416 verteret
2133 1360 2510 1431 Hieronymus.
2578 1355 2659 1414 illi
2695 1362 3009 1429 interpretes
3039 1362 3121 1415 vel
3153 1364 3313 1418 etiam
3348 1365 3385 1418 li

1861 1454 2047 1520 brarii,
2095 1463 2186 1508 aut
2232 1456 2324 1524 qui
2368 1453 2781 1508 describendum
2838 1452 2939 1507 sibi
2979 1453 3217 1509 Africani
3263 1472 3403 1523 opus

1861 1555 2203 1609 curaverunt,
2256 1544 2483 1598 diversis
2530 1543 2722 1597 deinde
2768 1544 3098 1613 temporibus
3141 1546 3207 1599 ad
3254 1561 3410 1600 suam

1859 1636 2141 1703 cujusque,
2172 1650 2277 1701 qua
2310 1634 2461 1697 vixit,
2510 1640 2724 1687 attatem
2776 1635 3165 1688 continuarunt
3216 1636 3411 1690 seriem

1859 1727 2160 1788 consulum,
2186 1726 2395 1794 aliaque
2418 1740 2515 1795 pro
2540 1739 2639 1779 suo
2655 1724 2886 1794 quisque
2909 1736 3063 1794 captu
3089 1727 3412 1781 addiderunt
3478 1794 3481 1795 ν

227 1810 573 1870 Christianum
623 1793 974 1885 fuisse,-cum
1013 1822 1192 1879 οεδιο,
1227 1793 1507 1894 δοτῖδεξ-ει,
1544 1827 1597 1881 in
1641 1828 1759 1895 qui-
1790 1793 1834 1851 Β
1864 1814 1945 1866 vel
1975 1814 2276 1867 omiserunt
2314 1793 2812 1882 interpolaruntve.
2843 1793 3155 1869 Africanum
3201 1816 3259 1867 ὲν
3290 1819 3409 1878 ταῖς

234 1904 314 1959 bus
348 1908 747 1964 commendavit
787 1911 970 1968 eliicax
1016 1918 1276 1972 adversus
1307 1918 1413 1971 vini
1455 1919 1757 1986 corrunptio-

236 2008 330 2047 nem
380 1996 717 2063 remedium,
766 2000 811 2056 si
854 2002 1000 2058 dolio
1052 2006 1424 2061 inscribantur
1484 2006 1600 2059 θεῖα
1647 2007 1760 2061 hzec

232 2082 366 2138 verba
393 2084 565 2157 (Psal.
588 2104 774 2154 xxxiv,
799 2091 852 2162 8)
884 2110 899 2146 :
930 2092 1149 2150 Gustata
1188 2107 1239 2151 et
1275 2079 1462 2163 videte,
1512 2099 1757 2165 quoniam

230 2179 378 2230 sueris
411 2178 682 2243 Dominus,
714 2183 817 2248 vel,
864 2185 910 2238 si
942 2201 1185 2253 ponium,
1232 2188 1317 2243 his
1344 2188 1524 2242 verbis
1560 2189 1759 2243 inscri—

229 2277 379 2335 ptum,
428 2271 741 2339 projiciatur
787 2274 842 2327 in
884 2276 1091 2341 vinum,
1138 2293 1248 2341 ιιν,
1287 2279 1331 2333 ‘5
1381 2279 1705 2352 Ἀφριιιάνου
1740 2298 1754 2312 ι

239 2357 514 2429 Ἀμήχανον
539 2363 815 2432 τραπῆναι
840 2364 931 2418 τὸν
961 2362 1099 2419 οἶνον
1136 2368 1231 2420 ἐὰν
1256 2370 1562 2444 ὲπιγράψῃς
1596 2372 1652 2423 ὲν
1680 2370 1757 2443 τῷ

225 2446 410 2519 ἀγγείῳ
458 2450 488 2521 ἢ
534 2453 592 2504 ἐν
642 2456 755 2517 τοῖς
804 2454 975 2519 πίθοις
1018 2456 1190 2511 ταῦτα
1234 2459 1301 2512 τὰ
1346 2461 1462 2515 Otia
1512 2464 1753 2533 ῥήματα·

228 2540 518 2596 Γεύσασθε
551 2544 650 2595 καὶ
677 2543 850 2609 ἴδετε,
871 2540 955 2599 ὅτι
971 2549 1234 2617 χρηστὸς
1261 2552 1295 2603 ό
1323 2551 1549 2619 Κύριος.
1568 2552 1758 2616 Καλῶς

224 2629 274 2681 δὲ
301 2632 531 2702 ποιήσεις
570 2636 665 2689 καὶ
703 2640 782 2700 εις
823 2639 987 2708 μῆλον
1019 2640 1159 2694 οὕτω
1193 2642 1437 2713 γράφων,
1480 2644 1757 2714 ἐμϐάλλων

226 2719 279 2770 τὸ
313 2720 465 2791 μῆλον
499 2724 580 2787 εἰς
610 2726 699 2778 τὸν
734 2722 898 2781 οἶνον.
946 2728 1108 2784 Plura
1151 2730 1523 2801 hujuscemodi
1570 2733 1756 2788 farina:

226 2826 287 2864 ex
306 2810 591 2883 Geoponicis
639 2818 777 2873 infra
824 2820 961 2874 libro
992 2838 1044 2876 vr
1077 2822 1272 2889 refero,
1305 2824 1396 2879 ubi
1438 2826 1505 2880 de
1536 2824 1754 2896 Hippia-

229 2903 364 2958 tricis
401 2921 606 2977 quoque
651 2909 892 2965 dicturus
935 2927 1088 2978 sum,
1132 2930 1364 2983 quorum
1407 2918 1655 2972 collectio
1698 2926 1752 2972 et

228 2992 332 3060 ipsa
371 3012 432 3052 ex
464 2999 710 3056 Africani
752 2999 916 3055 Cestis
965 3004 1209 3071 quaedam
1258 3008 1421 3062 habet
1470 3008 1746 3072 adnotata,

228 3086 298 3139 uti
342 3088 471 3146 alius
518 3091 657 3146 liber
705 3107 809 3146 ms.
880 3092 1221 3150 Constantini
1269 3095 1816 3181 Porphyrogenetmc

221 3178 391 3247 jussu,
429 3191 486 3236 ut
522 3183 758 3247 videtur,
799 3184 1073 3250 collectus,
1123 3187 1189 3241 de
1233 3204 1342 3257 quo
1371 3189 1649 3244 Boivinius
1696 3192 1747 3245 in

224 3273 644 3343 castigationibus
682 3277 747 3330 ad
770 3275 1111 3344 Africanum,
1144 3294 1265 3349 pag.
1297 3280 1421 3335 360.
1461 3281 1751 3337 Fannio.—

224 3360 345 3416 Add.
394 3361 449 3418 L.
488 3363 571 3417 El.
614 3365 687 3425 du
726 3365 859 3435 Pin,
908 3367 1079 3423 Nouv.
1126 3371 1503 3442 Bibliotltéque,
1548 3382 1675 3426 tom.
1704 3374 1748 3439 Ι,

224 3458 333 3518 pag”.
368 3453 481 3509 115.
537 3452 705 3509 Stolle
732 3496 747 3521 ,
812 3455 1166 3513 Naclrrichten
1221 3478 1314 3515 von
1347 3462 1445 3514 den
1485 3460 1745 3515 Kirchen-

226 3544 401 3607 «item,
446 3543 627 3613 p.13!
673 3559 816 3615 sqq.,
848 3549 937 3618 qui
982 3550 1116 3605 alios
1162 3550 1225 3606 V.
1254 3549 1315 3603 D.
1363 3550 1566 3614 laudat,
1611 3551 1747 3605 lenae

227 3628 367 3698 1733,
392 3633 469 3710 ι,
498 3630 548 3688 J.
570 3632 783 3687 Fabric.
834 3634 889 3690 in
929 3636 1173 3693 Historia
1204 3639 1457 3695 Bibliotli.
1506 3638 1743 3706 Fabric.,

227 3730 346 3790 part.
373 3740 426 3788 ιι,
458 3740 580 3796 pag.
604 3724 734 3787 379,
788 3734 842 3780 et
866 3739 1002 3797 part.
1028 3746 1109 3794 ιιι,
1147 3745 1267 3801 pag.
1296 3732 1436 3796 559;
1468 3730 1517 3785 J.
1543 3733 1740 3787 Christ.

226 3806 347 3880 Neu,
392 3817 443 3870 in
471 3815 891 3873 Accessionihus
925 3819 1009 3891 ad
1044 3818 1265 3875 Wbeari
1304 3820 1588 3877 Relection.
1636 3823 1744 3877 hie-

233 3904 383 3972 males,
409 3923 529 3978 pag.
555 3906 683 3960 255.
1120 3966 1123 3969 ,
1162 3912 1175 3915 ﬂ

286 3966 595 4068 Prz'cipt‘ium
646 3994 883 4053 Africani
936 3990 1073 4072 opus
1120 3966 1229 4056 fuit
1274 4002 1738 4076 Chronographia,
1778 4000 1781 4003 ’

231 4098 459 4144 annorum
504 4088 665 4163 5625,
691 4088 804 4145 sive
838 4090 960 4146 libri
982 4110 1014 4146 ν
1042 4092 1117 4147 De
1145 4094 1481 4166 temporibus,
1510 4096 1578 4150 ab
1608 4096 1738 4150 orbe

229 4181 410 4237 condito
438 4181 700 4251 usquead
731 4198 781 4237 a.
808 4181 941 4240 Chr.
973 4186 1097 4263 221,
1135 4188 1331 4258 olymp.
1362 4188 1545 4254 δοιά,
1577 4186 1738 4243 Grato

231 4280 273 4324 et
303 4272 510 4331 Seleuco
560 4290 702 4331 coss.
757 4274 835 4331 Ex
877 4293 1007 4347 quo,
1055 4280 1178 4335 licet
1226 4280 1386 4335 hodie
1438 4270 1734 4350 deperdito,

233 4364 365 4420 multa
388 4366 648 4421 Eusebius
698 4367 751 4419 in
795 4381 896 4422 suo
922 4367 1179 4424 Chronico
1230 4381 1285 4425 et
1315 4369 1612 4442 Syncellus,
1647 4369 1732 4424 ιο.

1861 1906 2278 1975 χρονογραφίαις
2324 1904 2508 1958 laudat
2550 1906 2710 1958 etiam
2749 1902 3014 1959 Maximus
3068 1904 3136 1960 ad
3162 1904 3399 1976 Dionysii

1857 1995 2195 2064 AreOpagitae
2223 1996 2501 2065 epistolam
2528 1998 2580 2048 4.
2618 1995 2735 2050 Alia
2765 2005 3003 2049 veterum
3030 1995 3410 2064 loca,yAlrica«
3456 2045 3461 2049 .

1856 2099 1985 2137 num
2037 2085 2330 2149 laudantia,
2380 2086 2635 2153 quoniam
2684 2086 2879 2140 a’viris
2905 2087 3406 2158 doctis,‘_Scaligero

1854 2185 1909 2229 et
1938 2173 2152 2231 Valesio
2199 2178 2269 2230 ad
2316 2175 2535 2241 Euseb.,
2583 2175 2780 2231 Allatio
2819 2178 2883 2230 ad
2928 2175 3172 2232 Eustath.
3214 2178 3406 2232 Antio-

1855 2267 2036 2331 chen.,
2066 2285 2185 2340 pag.
2217 2270 2251 2323 5
2321 2284 2429 2338 sq.,
2467 2268 2702 2332 Labbeo,
2737 2267 3101 2337 Tillcmontio,
3139 2271 3315 2326 Caveo
3351 2282 3407 2326 et

1857 2360 2151 2416 Wetstenio
2192 2362 2269 2429 (in
2314 2363 2453 2416 notis
2484 2363 2547 2413 ad
2576 2360 2858 2429 epistolam
2912 2363 2978 2415 ad
3006 2359 3288 2429 Origenem
3332 2363 3400 2416 de

1856 2452 2125 2517 Susanna,
2157 2468 2276 2521 pag.
2308 2453 2409 2506 148
2442 2454 2549 2521 sq.)
2582 2452 2743 2505 allata
2769 2460 2914 2516 sunt,
2947 2453 3154 2507 omitto.

1924 2543 2003 2597 Ex
2045 2545 2237 2598 eodem
2278 2541 2520 2595 Africani
2567 2548 2728 2609 Opere
2772 2540 2932 2608 petita
2976 2543 3205 2608 videtur,
3239 2560 3401 2615 quam

1854 2648 1957 2686 ms.
1986 2633 2037 2686 in
2062 2633 2190 2687 bibl.
2224 2630 2624 2686 Vindobonensi
2668 2642 2878 2686 exstare
2923 2642 3144 2688 testatur
3176 2631 3404 2691 Lambe-

1852 2725 1988 2786 cius,
2044 2734 2173 2778 tom.
2205 2722 2267 2789 V,
2310 2739 2430 2794 pag.
2468 2724 2568 2779 297
2616 2726 2760 2797 “mg.
2805 2726 2908 2780 625
2949 2726 3074 2779 edit.
3126 2724 3397 2802 Kollarii].

1851 2816 2109 2886 Διήγησις
2137 2814 2454 2885 Ἀφρικανοῦ
2483 2818 2608 2887 περὶ
2634 2818 2738 2870 τῶν
2767 2821 2822 2869 ὲν
2849 2816 3062 2886 Περσίδι
3091 2817 3399 2887 γενομένων

1849 2905 1936 2959 διὰ
1976 2907 2071 2975 τῆς
2114 2906 2567 2979 ἐνανθρωπήσεως
2622 2909 2715 2961 τοῦ
2764 2908 2965 2982 Κυρίου
3023 2910 3113 2961 καὶ
3154 2910 3400 2982 Σωτῆρος

1853 2997 2006 3069 ἡμῶν
2029 2997 2198 3067 Ἰησοῦ
2226 2997 2476 3069 Χριστοῦ.
2511 2998 2697 3069 incipit
2730 2980 3128 3072 ςῈκἸΙερσξδος
3158 2980 3397 3071 sumliqu

1850 3089 1943 3143 ἀπ’
1972 3090 2144 3161 ἀρχῆς
2193 3090 2221 3141 ὁ
2248 3087 2504 3159 Χριστός·
2550 3091 2699 3143 οὐδὲν
2736 3090 2843 3162 γὰρ
2889 3091 3135 3145 λανθάνει
3178 3094 3301 3156 τοὺς
3340 3094 3403 3167 ἐν

1847 3181 1983 3251 αὐτῇ
2031 3180 2353 3252 νομομαθεῖς
2394 3180 2602 3234 ἅπαντα
2642 3180 3075 3249 φιλοπονοῦντας.
3125 3182 3259 3235 Ὅσα
3290 3182 3398 3255 γάρ

1849 3290 1901 3326 κ.
1934 3288 1982 3324 τ.
2025 3271 2073 3326 λ.
2116 3272 2246 3341 (il).
2308 3269 2435 3325 Vide
2492 3280 2545 3324 et
2590 3271 2828 3324 Africani
2895 3271 3192 3339 fragmenta
3250 3275 3394 3342 apud

1847 3362 2192 3419 Lambecium
2237 3362 2329 3417 lib.
2360 3378 2397 3425 ι,
2454 3358 2723 3431 pagJil,
2772 3371 2825 3415 et
2868 3362 2961 3415 lib.
3000 3378 3083 3425 ιιι,
3146 3378 3267 3433 pag.
3298 3364 3387 3418 39.

1848 3451 2019 3522 [Adde
2067 3451 2228 3508 catal.
2278 3450 2432 3505 codd.
2484 3449 2574 3503 Cr.
2604 3448 2790 3504 Venet.
2841 3447 2903 3502 D.
2950 3448 3139 3515 Marci,
3173 3466 3295 3522 pag.
3321 3452 3393 3505 42

1847 3545 1963 3607 lin.,
1993 3554 2046 3598 et
2069 3544 2225 3597 ratal.
2259 3541 2385 3595 bibl.
2424 3539 2668 3595 Monach.
2704 3540 2919 3604 Bavar..
2950 3556 3072 3611 pag.
3101 3541 3215 3615 55.]

1936 3634 2109 3689 Etiam
2156 3635 2289 3687 Acta
2337 3631 2577 3700 martyrii
2623 3629 2988 3701 Symphorosw
3047 3630 3391 3704 ﬁliorumque

1843 3725 1984 3795 ejus,
2036 3712 2151 3780 subi
2187 3723 2419 3778 Adriano
2466 3737 2772 3792 passorum,
2822 3724 2879 3777 in
2932 3738 3061 3778 mss.
3112 3723 3391 3779 codicibus

1841 3816 1984 3871 Julio
2026 3816 2278 3870 Africano
2324 3813 2637 3868 tribuuntur
2690 3823 2743 3868 et
2792 3815 2896 3869 sub
2938 3814 3056 3885 ejirs
3102 3817 3317 3871 nomine
3358 3834 3388 3870 a

1843 3907 2146 3962 Momhritio
2189 3892 2595 3967 Mediolanensi,
2645 3912 2779 3958 tom.
2818 3904 2857 3958 11
2892 3906 3007 3958 Act.
3042 3904 3286 3961 Sanctor.
3336 3917 3389 3960 et

1840 3999 1895 4053 in
1928 4008 2192 4069 postrema
2228 3995 2373 4050 Surii
2422 3995 2663 4051 editione
2706 3995 2771 4048 ad
2800 3994 2866 4047 18
2894 3994 3023 4050 Julii
3056 3997 3195 4050 edita
3239 4006 3383 4052 sunt.

1846 4089 1972 4146 Vide
2012 4088 2301 4143 Baronium
2350 4088 2416 4142 ad
2464 4085 2806 4157 Martyrolog.
2858 4085 3014 4139 Rom.
3043 4086 3107 4141 18
3158 4085 3267 4141 Jul.
3315 4085 3388 4140 Et

1836 4181 2039 4251 quidem
2070 4179 2185 4247 ﬁeri
2212 4179 2401 4247 potuit,
2452 4176 2627 4245 inquit
2667 4174 3039 4231 Theodericus
3063 4176 3383 4245 Ruinartus,

1837 4271 1928 4338 qui
1965 4270 2155 4322 iterum
2204 4268 2387 4322 recudi
2420 4265 2631 4321 curavit
2677 4268 2730 4319 in
2758 4267 2903 4319 Actis
2944 4268 3146 4320 selectis
3184 4279 3382 4339 marry-

1837 4375 1952 4413 rum
1986 4359 2078 4425 20,
2124 4359 2179 4412 iu
2227 4358 2374 4413 Actis
2404 4356 2505 4412 SS.
2526 4359 2807 4427 Antwerp.,
2833 4357 2899 4411 ad
2928 4358 2983 4413 d.
3012 4357 3078 4413 18
3104 4357 3234 4427 Jul,
3261 4376 3378 4430 pag.

230 4444 385 4509 Malala
432 4454 545 4528 [qui
595 4454 763 4510 octies
804 4470 949 4538 eum‘
982 4458 1144 4525 citat,
1191 4460 1504 4531 plerumque
1555 4460 1739 4521 addito
1768 4465 1814 4524 υ
1839 4450 1962 4516 558,
1990 4461 2122 4505 ιοιη.
2148 4449 2239 4516 ιγ,
2266 4460 2321 4503 ut
2351 4451 2405 4503 in
2431 4450 2669 4520 Africani
2702 4450 2850 4503 libris
2871 4451 2935 4504 de
2956 4446 3382 4520 Chronograpliia

230 4540 303 4593 τοῦ
328 4548 620 4624 σοφωτάτου
662 4545 959 4618 epitheto],
1015 4545 1368 4619 TheOphanes
1392 4593 1407 4618 ,
1431 4616 1433 4619 ι
1461 4550 1733 4607 Cedrenus

228 4632 393 4704 aliique
441 4638 776 4709 cbronologi,
824 4646 986 4708 atque
1038 4640 1091 4691 in
1135 4640 1221 4696 bis
1260 4654 1451 4697 auctor
1487 4641 1763 4713 Chronicil

225 4730 473 4794 paschalis,
502 4732 645 4802 quod
686 4730 1106 4789 Alexandrinum
1156 4734 1317 4802 vulgo
1361 4744 1572 4796 vocant,
1616 4744 1729 4788 tum

223 4809 680 4878 Latino-Barbarus
721 4824 950 4891 scriptor
995 4830 1373 4890 excerptorum
1420 4824 1732 4879 utilissimo-

224 4916 322 4960 rum
360 4924 420 4964 es
449 4910 703 4979 Eusebio,
747 4912 999 4967 Africano
1043 4919 1097 4963 et
1142 4911 1282 4974 aliis,
1326 4930 1448 4984 quae
1494 4914 1733 4985 Scaliger

221 4993 361 5053 edidit
386 5000 450 5054 ad
470 5003 671 5058 calcem
702 4992 955 5058 ChroniCi
980 4999 1379 5071 llieronymiani
1405 5019 1525 5073 pag.
1548 5003 1616 5059 58
1644 5020 1725 5074 sq.

223 5081 329 5154 [Sed
362 5088 942 5171 fragmenta'Mrieani,
973 5092 1188 5148 Eusebii
1213 5100 1267 5146 et
1292 5091 1524 5163 Syncelli
1557 5094 1728 5161 Scali-

222 5186 295 5242 ger
329 5180 547 5237 confuse
590 5182 804 5252 posuit;
856 5190 1044 5238 contra
1073 5178 1189 5234 Jac.
1240 5175 1451 5232 Goarus
1506 5180 1729 5234 sollicite

223 5262 577 5329 discriminavit
617 5274 675 5329 in
715 5287 814 5328 sua
852 5270 1131 5349 editione]
1182 5270 1250 5322 At
1294 5269 1438 5323 enim
1487 5270 1621 5325 liber
1656 5271 1727 5323 Dc

222 5353 521 5419 divisionibus
562 5373 613 5420 et
637 5362 1050 5435 generationibus
1079 5362 1305 5432 gentium
1338 5360 1556 5415 Cauisio
1590 5370 1723 5416 tom.

222 5438 257 5498 ll
283 5450 549 5523 Antiquar.
599 5453 848 5511 Lectica.
883 5469 1004 5526 pag.
1032 5454 1158 5519 579,
1188 5462 1349 5521 atque
1386 5452 1725 5507 emendatius

274 5586 369 5663 (ις)
392 5588 718 5663 Opuscuhtm
760 5592 863 5657 hoc
897 5608 963 5647 ex
987 5592 1209 5663 duobus
1238 5588 1728 5663 codicibusblena-

207 5656 629 5717 .mnsibus'edidit
650 5656 994 5716 et~latinitate
1019 5661 1241 5715 donavit
1268 5656 1316 5712 J.
1335 5657 1464 5713 Chr.
1490 5658 1724 5712 Freheru

223 5734 302 5799 Μ
326 5729 520 5807 Aretin,
556 5733 609 5784 in
635 5731 808 5787 diario
835 5747 849 5783 :
881 5731 1131 5803 Beytrége
1161 5747 1256 5786 sur
1282 5727 1591 5801 Geschichte
1618 5729 1722 5782 unci

499 5824 764 5889 Ριτιιοι..
803 5824 895 5887 Gn
956 5826 1039 5887 Χ.

1835 4543 2034 4595 inserta
2064 4540 2279 4609 fuerint.
2320 4539 2423 4593 Sed
2475 4540 2527 4593 in
2563 4539 2893 4608 temporibus
2933 4554 2963 4594 ο
2999 4540 3216 4593 Christo
3254 4550 3381 4593 nan

1834 4634 1988 4704 longe
2020 4632 2341 4695 breviorem,
2371 4645 2533 4699 quam
2578 4630 2631 4683 in
2662 4628 3098 4684 antecedentibus
3134 4632 3379 4683 mtatibus
3400 4648 3413 4655 δ

1835 4724 2028 4788 fuisse,
2077 4731 2307 4779 testatur
2335 4720 2559 4775 Photius
2584 4721 2704 4774 cdd.
2735 4735 2918 4772 xxxiv.
2968 4718 3169 4788 Itaque,
3211 4720 3261 4775 si
3291 4738 3380 4775 ve-

1831 4829 1950 4867 rum
2005 4820 2089 4868 est
2138 4811 2377 4871 Eusebii,
2430 4810 2573 4880 quod
2621 4811 2674 4863 in
2725 4808 2913 4863 iisdem
2961 4809 3109 4865 Actis
3140 4811 3376 4877 additur,

1832 4904 2240 4969 testimonium,
2324 4902 2469 4972 quod
2523 4899 2811 4953 Africanus
2870 4907 2989 4953 acta
3054 4913 3370 4971 martyrum,

1828 5001 2089 5061 quotquot
2133 4992 2315 5047 Romzr.
2346 5001 2399 5045 et
2439 5005 2533 5059 per
2558 4988 2759 5041 Italiam
2790 4989 2934 5057 passi
2977 5002 3150 5056 erant,
3185 4993 3374 5048 litteris

1830 5084 2281 5152 consignaverit,
2307 5085 2360 5137 in
2402 5082 2508 5135 alio
2551 5094 2711 5148 opere
2754 5095 2817 5133 ac
2855 5081 2910 5133 iu
2946 5081 3372 5153 Chronographia

1829 5172 2035 5228 fecerit.
2832 5220 2835 5223 ,

1898 5265 2137 5336 Denique
2166 5263 2345 5319 Hebed
2382 5260 2506 5315 Jesu
2550 5261 2605 5316 in
2628 5261 2882 5340 catalogo
2926 5263 3183 5316 librorum
3212 5260 3372 5316 Chal-

1826 5357 2089 5422 daeorum,
2126 5374 2178 5410 ιι.
2207 5357 2290 5418 15,
2326 5353 2571 5415 allirmat,
2628 5362 2837 5408 exstare
2873 5353 2933 5406 Β.
2956 5351 3217 5419 Africani,
3258 5354 3368 5422 epi-

1824 5449 1966 5517 scopi
2017 5446 2235 5512 Emaits,
2288 5446 2683 5497 commentarios
2738 5443 2803 5495 Ν.
2860 5442 2917 5496 Τ.
2960 5451 3009 5495 et
3050 5439 3366 5499 Chronicou.

1762 5604 1765 5607 η
1830 5582 2069 5635 Litteras.
2102 5592 2227 5639 ete.,
2256 5591 2396 5628 anno
2424 5574 2577 5634 lSiH,
2614 5558 2681 5643 p.“
2701 5572 2832 5633 u,P.
2862 5571 2951 5643 49,
2979 5573 3371 5643 conoerscri.

1828 5647 2059 5706 lit-udum
2117 5646 2323 5702 curavit
2384 5654 2435 5697 et
2480 5640 2635 5697 nobis
2672 5640 2974 5698 transmisit
3022 5640 3380 5697 D'llenricus-

1830 5718 2145 5790 Dcnzinger,
2179 5713 2664 5783 Wirccburgensis.
2700 5710 2855 5765 Eon.
2888 5709 3058 5767 Pun.
