4038 6352
572 496 641 559 t3
787 548 793 555 .
1212 532 1216 538 ι
1685 503 1690 510 '
1829 470 2068 556 rotans

2189 497 2523 554 quassos.
2641 534 2644 542 .
3063 468 3067 473 ’
3216 469 3295 566 ,'
3396 479 3400 488 ’
3694 498 3785 557 tt

573 624 715 679 Sane
738 622 1013 695 Origenes,
1044 586 1298 693 pagaiﬂ
1332 622 1570 693 epistolae
1594 621 1658 675 de
1684 620 1930 675 Susanna
1964 620 2106 673 Afri-
2136 629 2180 683 Α
2210 622 2268 674 S.
2312 620 2599 683 Trinitate,
2643 617 2717 671 De
2751 617 3160 684 circumcisione,
3197 620 3269 671 Ds
3309 612 3509 684 Altalo,
3545 619 3622 674 De
3656 621 3767 675 Pa-

570 732 765 771 canum
797 716 999 784 laudat,
1035 723 1092 769 ut
1130 710 1322 778 πολλὰς
1355 712 1631 785 διατριϐὰς
1672 714 1860 783 ἔχοντα
1894 715 1951 764 ἐν
1993 715 2108 775 ταῖς

567 806 841 871 ὲξετάσεσι
880 809 973 861 καὶ
1001 796 1247 878 μελέὲαις
1270 807 1365 878 τῆς
1391 792 1627 875 Γῳφῆς.
1699 793 1764 859 Et
1787 804 1960 858 Julius
1989 804 2107 872 qui-

568 900 692 953 dam
733 898 961 954 subinde
1004 898 1058 951 in
1083 897 1298 952 Catenis
1325 879 1542 963 citatur,
1577 904 1631 949 et
1654 896 1706 949 in
1739 895 1943 948 Catena
1968 893 2105 947 Cor-

567 988 785 1042 deriana
814 987 868 1041 in
895 985 1150 1041 Joannem
1182 994 1404 1041 vocatur
1428 983 1602 1039 Julius
1629 984 1931 1051 episcopus.
1966 981 2106 1036 Lau—

568 1082 727 1135 datur
783 1080 943 1134 etiam
995 1077 1117 1133 Julii
1171 1074 1606 1134 commentarius
1648 1076 1702 1129 in
1758 1074 2016 1128 Joannem
2075 1090 2103 1127 a

569 1172 715 1227 Blose
762 1171 1062 1241 Barcepha,
1120 1168 1306 1241 Syro,
1345 1169 1411 1223 de
1464 1166 1732 1236 paradiso.
1793 1164 1874 1236 [In
1905 1163 2104 1221 Nicetae

569 1262 772 1317 Catena
795 1247 907 1317 sive
954 1262 1155 1332 sylloge
1208 1260 1557 1328 interpretum
1603 1257 1801 1327 Evang.
1841 1256 1997 1311 Lucae
2037 1273 2102 1311 ex

514 1333 816 1407 L'Africa'no
844 1354 1086 1422 quaedam
1115 1366 1232 1407 esse
1261 1359 1531 1419 excerpta,
1561 1349 1634 1403 ait
1665 1347 2015 1403 Montfaucon
2043 1349 2099 1401 in

570 1442 821 1499 Biblioth.
853 1442 1207 1507 Coisliniana,
1242 1457 1360 1512 pag.
1381 1439 1491 1511 65.]
1523 1438 1721 1495 Confer
1756 1436 1907 1492 Pauli
1940 1437 2100 1491 Colo-

564 1535 718 1603 mesii
755 1534 819 1589 de
858 1535 1210 1604 scriptoribus
1250 1531 1628 1587 ecclesiasticis
1666 1530 2095 1600 Paralipomena.

631 1626 706 1680 De
739 1626 956 1695 epistola
988 1627 1055 1679 ad
1087 1625 1355 1695 Origenem
1391 1625 1585 1692 scripta
1617 1624 1681 1677 de
1710 1621 1972 1677 Susanna.-
2018 1623 2070 1676 hi
2083 1652 2098 1663 -

560 1718 724 1771 storia
765 1726 819 1771 et
848 1717 1091 1787 Origenis
1128 1716 1193 1770 ad
1226 1714 1538 1771 Africanum
1572 1714 1945 1782 responsione,
1974 1729 2096 1783 qua:

558 1790 740 1862 Graece
769 1817 821 1862 et
848 1806 1034 1862 Latine
1067 1812 1260 1870 exstat,
1288 1805 1491 1860 dictum
1525 1812 1606 1858 est
1637 1803 1847 1857 abunde
1890 1803 1947 1857 in
1974 1817 2092 1870 cap.

556 1901 622 1953 de
646 1898 1051 1969 0rigene1(l5).
1107 1897 1393 1952 Meminere
1442 1896 1587 1950 illius
1634 1891 1828 1949 Euseb.
1879 1910 1954 1957 vi,
2004 1894 2093 1959 51,

2209 713 2362 776 scha,
2398 710 2470 763 De
2499 709 2727 764 Sabbato
2750 749 2764 773 ,
2795 709 2976 764 nullus
3010 718 3246 771 veterum
3266 749 3280 772 ,
3321 711 3466 779 quod
3507 711 3761 782 equidem

2209 804 2398 865 sciam,
2432 811 2841 858 commemorat.

2274 892 2651 947 Commentum
2692 892 2989 946 absurdum
3038 890 3104 944 de
3141 890 3321 946 Abdiae
3345 891 3653 962 Babylonici
3696 894 3763 946 lt-

2205 982 2317 1035 bris
2364 996 2432 1035 ex
2480 980 2747 1035 llebraico
2796 996 2893 1049 per
2939 979 3278 1049 Eutropium,
3330 984 3757 1052 nescioquem,

2203 1072 2403 1135 Grzcce,
2447 1083 2606 1140 atque
2655 1070 2776 1124 inde
2822 1087 2851 1125 a
2878 1069 3021 1125 Julio
3053 1071 3307 1124 Africano
3340 1070 3534 1127 Latine
3563 1074 3782 1135 versis.’
3846 1136 3851 1140 ,

2201 1173 2255 1215 et
2281 1178 2401 1231 qua:
2442 1162 2495 1218 in
2533 1162 2702 1217 Abdia
2738 1162 2853 1229 ipso
2886 1162 2978 1215 lib.
3008 1178 3082 1225 vr,
3122 1177 3241 1231 cap.
3268 1163 3357 1228 20,
3389 1166 3455 1220 de
3482 1165 3756 1230 Cratonis,

2200 1252 2447 1321 discipuli
2479 1252 2865 1320 apostolorum,
2896 1251 3044 1305 libris
3074 1252 3248 1305 decem
3292 1264 3502 1307 actuum
3547 1270 3757 1325 aposto-

2201 1346 2444 1407 licorum,
2462 1359 2556 1414 per
2576 1342 2777 1398 Julium
2803 1339 3117 1397 Africanum
3142 1342 3329 1397 Latine
3355 1346 3647 1405 translatis.
3680 1348 3755 1402 le—

2200 1444 2418 1503 guntur,
2456 1434 2713 1503 rejectum
2752 1448 2781 1487 a
2815 1448 2900 1487 me
2924 1434 3125 1497 videre,
3166 1434 3212 1488 si
3245 1434 3379 1487 tanti
3412 1444 3515 1500 cst,
3548 1436 3673 1491 licet
3698 1438 3753 1491 in
3794 1434 3795 1439 “

2197 1526 2392 1580 Codice
2423 1524 2734 1595 apocrypho
2766 1523 2902 1578 Novi
2929 1524 3165 1580 Testam.
3203 1535 3341 1593 part.
3376 1539 3436 1579 ιι.

2263 1612 2465 1667 Julium
2518 1622 2764 1669 nostrum
2808 1612 3145 1677 Africanum,
3180 1612 3452 1667 Gestorum
3497 1622 3551 1668 et
3582 1614 3750 1669 Chro-

2194 1704 2414 1773 nologia:
2452 1704 2802 1772 scriptorem,
2851 1705 2904 1756 in
2958 1704 3064 1757 duo
3095 1706 3179 1759 vel
3228 1714 3337 1759 tres
3391 1714 3583 1773 praeter
3635 1721 3751 1760 rem

2194 1795 2503 1849 distrahunt
2532 1795 2633 1847 viri
2665 1794 2828 1847 docti.
2866 1792 2923 1846 ιιι
2958 1794 3113 1863 longe
3148 1795 3328 1863 plures
3368 1803 3547 1848 autem
3575 1792 3755 1849 Hend-

2196 1884 2429 1939 reichius
2460 1885 2511 1937 in
2529 1882 2805 1936 Pandectis
2822 1883 3556 1954 Brandenburgicis.——Fuere
3573 1894 3751 1939 tamen

559 1987 730 2055 Hist,-
760 1986 1113 2056 Hieronymus
1152 1990 1205 2040 in
1247 1985 1520 2067 Catalogo,
1563 1998 1683 2053 cap.
1713 1982 1809 2048 63;
1844 1982 2089 2047 Photius,
2126 1997 2165 2055 Β
2195 1992 2224 2030 a
2269 1984 2456 2029 nostro
2517 1975 2758 2067 distincti
2795 1994 2808 2029 :
2862 1974 2927 2067 l.‘
2951 1974 3128 2027 Julius
3182 1977 3489 2045 Africanus,
3544 1986 3749 2041 orator,

555 2078 678 2132 cod.
703 2073 901 2142 xxxiv;
935 2077 1266 2146 Nicephorus
1296 2093 1349 2140 ν,
1374 2076 1463 2141 21,
1497 2085 1551 2130 et
1579 2074 1775 2129 Suidas
1817 2074 1872 2127 in
1906 2076 2089 2143 Ἀφρι-

554 2171 736 2234 κανός
761 2185 825 2229 ac
849 2168 1155 2222 Σωσάννα.
1178 2199 1248 2208 -
1275 2167 1441 2238 [edita
1467 2176 1551 2223 est
1577 2167 1721 2221 illius

624 2259 863 2329 Epistula
910 2260 979 2312 ad
1027 2259 1297 2329 Origenem
1342 2260 1404 2313 de
1451 2258 1725 2325 Susanna,
1777 2276 1895 2313 cum
1924 2260 2091 2313 initio

555 2349 897 2417 responsionis
923 2347 1182 2417 Origenis,
1204 2346 1385 2423 Graece
1409 2363 1503 2418 per
1526 2348 1661 2401 Dan.
1694 2347 2088 2414 Hoeschelium,

554 2438 931 2492 cum.Adriani
978 2431 1279 2507 lsagoge‘in
1325 2454 1505 2492 sacras
1542 2438 1792 2505 Litteras,
1839 2440 2092 2507 Augustae

555 2527 813 2581 Vindelie.
846 2528 1002 2591 1602,
1027 2528 1184 2593 4;-
1204 2536 1257 2583 et
1285 2542 1407 2582 cum
1441 2529 1789 2597 responsione
1821 2528 2087 2599 Origenis,

553 2620 647 2675 Gr.
683 2627 736 2674 et
758 2618 876 2673 Lat.
910 2634 1037 2674 cum
1062 2618 1206 2672 notis
1233 2616 1281 2671 J.
1313 2617 1575 2687 Rudolphi
1631 2617 1936 2685 Wetstenii,
1964 2636 2088 2673 cum

551 2708 793 2780 Origenis
820 2708 1030 2778 dialogo
1058 2718 1239 2761 contra
1267 2705 1628 2761 Marcionitas.
1660 2706 1821 2762 Basil.
1851 2707 2004 2773 1674,
2034 2708 2086 2772 4,

549 2814 670 2870 pag.
698 2797 1024 2853 220.——Pars
1050 2798 1289 2866 epistola:
1307 2794 1552 2866 Origenis
1581 2798 1646 2851 ad
1672 2796 1980 2851 Africanum
2008 2809 2090 2854 est

551 2896 603 2946 in
632 2891 753 2947 cod.
779 2890 1002 2945 Coislin.
1031 2888 1173 2954 XXI,
1203 2890 1327 2944 olim
1356 2887 1725 2950 CCXXXVIII,
1761 2898 1893 2945 teste
1916 2888 2088 2944 Mont-

550 2982 741 3037 faucon
776 2982 829 3034 in
858 2979 993 3034 Bibl.
1020 2978 1269 3041 Coislin.,
1308 2994 1425 3049 pag.
1460 2978 1548 3033 65.
1584 2977 1775 3049 ΗΑιιι..]

619 3072 695 3125 Ex
736 3070 954 3139 epistola
994 3070 1061 3121 ad
1094 3058 1534 3137 Aristidem-qua
1565 3068 1799 3123 Matthxi
1841 3079 1894 3124 et
1930 3069 2089 3125 Luca:

551 3162 882 3217 narrationes
914 3160 977 3212 de
1000 3158 1299 3230 genealogia
1324 3158 1517 3211 Christi
1546 3159 1683 3213 inter
1709 3174 1768 3213 se
1795 3160 2089 3214 concilian-

550 3263 658 3319 tur,
684 3251 886 3322 profert
907 3249 1162 3303 nonnulla
1191 3247 1454 3305 Eusebius
1484 3250 1575 3303 lib.
1605 3264 1619 3301 ι
1643 3249 1873 3317 Histor.,
1899 3267 2011 3321 cap.
2028 3252 2087 3323 7,

548 3332 709 3413 atque
738 3359 803 3398 ex
838 3342 929 3396 illo
962 3340 1295 3410 Nicephorus
1324 3340 1417 3395 lib.
1453 3358 1489 3403 ι,
1526 3356 1647 3411 cap.
1672 3342 1733 3396 11
1768 3358 1875 3412 sq.,
1906 3353 1958 3398 et
1983 3346 2085 3399 (Σει-
2111 3340 2154 3397 C

549 3446 669 3489 lena
699 3448 801 3487 ms.
846 3433 901 3487 in
926 3430 1125 3487 Lucam
1159 3430 1298 3502 apud
1345 3430 1689 3487 Lambecium
1723 3449 1805 3499 ιιι,
1839 3450 1957 3504 pag.
1992 3437 2081 3500 62,

546 3527 670 3580 licet
723 3522 1060 3577 traditionem
1115 3522 1183 3576 ab
1221 3523 1473 3578 Africano
1506 3523 1557 3576 in
1589 3523 1677 3577 illa
1711 3526 1933 3593 epistola
1969 3528 2086 3581 lau—

546 3617 724 3671 datam
754 3628 850 3682 pro
879 3619 1125 3680 suspecta
1158 3612 1352 3667 habeat
1380 3612 1703 3681 Dodwellus,
1734 3631 1859 3685 pag.
1888 3617 1976 3683 58,
2017 3618 2085 3671 ad

546 3708 825 3762 Irenaeum.
868 3703 1073 3761 Laudat
1110 3703 1254 3757 illam
1281 3704 1562 3773 epistolam
1593 3704 1859 3761 Eusebius
1894 3707 2083 3760 iterum

547 3813 622 3862 γι,
649 3798 737 3864 51,
770 3811 833 3851 ac
859 3804 1052 3865 praeter
1078 3794 1481 3865 Hieronymum,
1505 3795 1865 3865 Photiumque
1901 3813 1964 3851 ac
1992 3796 2085 3851 Ni-

549 3888 836 3957 cephorum
860 3888 1023 3954 ν,21,
1048 3885 1391 3956 Augustinus-
1438 3902 1500 3951 ιι,
1530 3886 1582 3952 7,
1611 3886 2081 3941 Retractationum.

618 3978 1003 4049 [Scriptoribus
1041 3978 1133 4048 qui
1165 3979 1231 4033 de
1256 3977 1491 4033 Africani
1527 3979 1633 4032 vita
1675 3988 1728 4045 et
1757 3979 1879 4034 fatis
1920 3995 2086 4049 expo—

549 4080 771 4125 suerunt
814 4070 1250 4125 annumerandus
1304 4076 1387 4123 est
1412 4068 1703 4125 Gallandus
1755 4071 1807 4123 in
1838 4069 2081 4140 Prolegg.

548 4162 614 4217 ad
650 4161 895 4223 Biblioth.
926 4161 1098 4225 Patr.,
1136 4172 1173 4216 t.
1206 4161 1284 4226 li,
1316 4178 1364 4216 c.
1391 4160 1480 4225 26,
1541 4178 1595 4231 p.
1626 4179 1806 4216 xxxvu
1854 4179 1960 4231 sq.,
1992 4162 2083 4230 qui

546 4262 601 4308 et
623 4253 799 4307 omnia
826 4252 1278 4323 Chronographize
1301 4253 1419 4321 ejus
1449 4252 1767 4321 fragmenta,
1798 4270 1915 4322 qua:
1944 4254 2083 4321 apud

544 4330 855 4406 Eustbium,
881 4341 1157 4409 Basilium,
1190 4344 1493 4414 Syncellum
1527 4355 1579 4399 et
1610 4345 1745 4398 alios
1771 4355 2082 4409 occurrunt,

540 4436 694 4505 juxta
722 4432 963 4487 ordinem
1002 4433 1261 4487 librorum
1293 4437 1405 4489 sive
1428 4451 1524 4504 pro
1550 4446 1847 4504 temporum
1879 4435 2085 4488 ratione

544 4525 771 4594 digesta.
810 4539 916 4579 una
946 4539 1067 4578 cum
1110 4523 1330 4592 epistola
1368 4526 1434 4576 ad
1468 4526 1739 4594 Origenem
1774 4527 1835 4578 de
1862 4525 2082 4579 historia

522 4616 1193 4685 .Susannw,'0rigenisque
1218 4615 1581 4684 responsione,
1602 4617 1835 4684 itemque
1850 4616 2084 4684 epistolae
2114 4657 2158 4711 Ι)

547 4707 613 4761 ad
629 4708 915 4762 Aristidem
940 4706 1182 4779 ῥήσειέιῦ
1197 4706 1427 4759 Eusebio
1446 4713 1675 4768 servata,
1700 4705 1869 4759 eidem
1885 4704 2082 4757 Biblio-

548 4799 703 4851 theca:
731 4814 840 4853 sua).
865 4797 1009 4853 tom'o
1052 4797 1173 4851 inde
1213 4814 1243 4851 a
1273 4812 1391 4868 pag.
1420 4795 1653 4850 559-576
1690 4796 1934 4859 inseruit,
1967 4795 2085 4849 bis-

546 4890 651 4954 que
687 4886 999 4957 fragmentis
1024 4887 1231 4954 Proleg.
1273 4904 1325 4953 p.
1349 4902 1437 4939 xu
1479 4886 1622 4940 aliud
1661 4886 1840 4941 adhuc
1879 4885 2085 4939 addidit

545 4992 612 5029 ex
636 4974 829 5029 Euseb.
856 4977 1101 5045 Prop/tet.
1132 4978 1312 5047 Eclog.
1354 4979 1416 5030 de
1448 4976 1656 5031 Christo
1688 4977 1864 5031 adhuc
1894 4976 2079 5031 inedit.

547 5066 637 5119 lib.
677 5080 759 5128 ιιι,
804 5079 920 5133 cap.
960 5068 1080 5127 ult.,
1120 5067 1517 5135 depromptum,
1552 5073 1605 5117 ct
1643 5080 1673 5117 a
1703 5062 1993 5119 Lambecio
2028 5064 2080 5117 in

545 5155 832 5209 Comment.
861 5154 922 5206 de
944 5154 1069 5208 bibl.
1098 5156 1406 5218 Vindobon.,
1435 5156 1470 5209 l.
1499 5173 1533 5219 ι,
1559 5153 1734 5223 p.254
1748 5154 2079 5217 ed.Kollar.,

546 5248 599 5301 in
631 5246 802 5299 lucem
827 5244 1057 5311 primum
1084 5255 1429 5313 protractum.
1469 5246 1599 5299 Acta
1630 5253 1807 5299 autem
1828 5247 2081 5315 martyrii

545 5343 743 5388 sanctae
785 5333 1157 5403 Symphorosa:
1201 5335 1412 5389 exhibet
1462 5335 1698 5403 ejusdem
1738 5334 2080 5398 Bibliotheca,

547 5434 583 5476 t.
611 5422 658 5485 1,
693 5438 745 5490 p.
767 5422 891 5476 529.
933 5421 1218 5490 flantem]

610 5511 744 5577 Quae
780 5510 828 5567 Ξ.
858 5510 1184 5567 Trithemius
1220 5513 1286 5565 ab
1309 5513 1559 5569 Africano
1596 5517 1789 5584 scripta
1819 5516 1979 5569 refert
2010 5514 2082 5567 De

616 5699 725 5770 (15)
761 5700 892 5755 Vide
923 5712 1050 5755 tom.
1094 5668 1211 5764 Χιξ
1239 5704 1479 5770 proxime
1537 5712 1865 5771 sequentem.
1922 5703 2075 5756 Emr.

546 5772 723 5921 aliis}
758 5832 857 5921 Est
882 5840 1197 5921 vocabulum
1214 5826 1682 5921 .r'nilitarelJacobi
1702 5858 1772 5903 IV,
1800 5841 1854 5921 6τ
1870 5840 2018 5921 Pluta
2030 5856 2079 5891 r—

544 5908 675 5967 ebus
701 5908 755 5965 in
783 5908 1007 5977 Pyrrho,
1050 5922 1177 5963 tum.
1214 5911 1256 5963 ll
1294 5912 1421 5967 edit.
1452 5911 1649 5975 Oxon.,
1680 5926 1802 5981 pag.
1832 5910 1954 5975 466,
1988 5910 2082 5962 av.

2193 2080 2351 2134 quem
2381 2066 2809 2127 concitatiorem,
2836 2064 2929 2120 sed
2965 2067 3017 2119 in
3047 2081 3176 2120 cura
3204 2067 3491 2123 verborum
3523 2070 3749 2124 cimium

2193 2167 2245 2212 et
2273 2155 3084 2225 compositione.nonnunquam
3121 2154 3443 2225 longiorem,
3475 2171 3540 2210 ac
3568 2165 3749 2213 trans-

2193 2248 2480 2301 lotionibus
2517 2261 2705 2315 parum
2743 2244 3014 2299 modicum
3047 2244 3234 2310 fuisse,
3274 2244 3460 2301 scribit
3495 2247 3753 2312 Quincti-

2191 2336 2367 2390 lianus
2395 2352 2449 2399 x,
2480 2338 2505 2389 1
2528 2353 2629 2401 ;-—
2649 2335 2705 2387 2.
2738 2334 2969 2388 oratoris
3020 2349 3206 2403 nepos,
3232 2333 3409 2389 Julius
3442 2336 3750 2404 A[rieanus,

2190 2428 2255 2480 de
2290 2442 2400 2495 quo
2438 2424 2648 2480 Plinius
2681 2442 2779 2488 vu,
2804 2426 2868 2491 6,
2890 2424 3163 2494 Epist.;-—
3192 2425 3247 2478 5.
3278 2423 3468 2479 Sextus
3503 2426 3751 2481 Ccecilius

2192 2516 2833 2586 Africanus,juriscons.,
2854 2525 2906 2570 et
2937 2516 3070 2570 alter
3096 2517 3299 2585 junior,
3322 2503 3604 2588 Papiniani
3636 2520 3749 2574 dis-

2194 2594 2439 2673 cipulus,
2476 2606 2542 2661 de
2570 2606 2766 2675 quibus
2795 2605 2906 2658 dixi
2942 2606 2995 2658 in
3021 2604 3347 2661 Bibliotheca
3378 2607 3745 2663 Latina.lllud

2190 2708 2317 2747 vero
2345 2694 2600 2763 lepidum,
2634 2694 2780 2765 quod
2807 2694 3121 2748 Africanum
3157 2705 3389 2764 poetam,
3425 2713 3647 2763 caecum,
3674 2698 3745 2752 ab

2190 2783 2363 2838 Ennio
2388 2786 2682 2849 laudatum,
2701 2785 2963 2854 exsculpit
2979 2782 3364 2843 Hendrcichius
3391 2804 3457 2844 ex
3482 2789 3742 2845 Lactantii

2188 2877 2279 2932 lib.
2316 2878 2611 2933 Ilnstitutt.
2641 2879 2887 2945 divinar.,
2923 2894 3041 2947 cap.
3064 2879 3152 2946 18,
3180 2896 3303 2935 cum
3333 2882 3406 2935 ibi
3431 2882 3746 2939 Lactantius

2188 2970 2378 3025 all‘erat
2410 2986 2597 3024 versus
2624 2969 2803 3034 Ennii,
2836 2970 3034 3039 quibus
3067 2971 3296 3040 loquens
3329 2972 3601 3029 inducitur
3628 2974 3745 3030 Sci—

2188 3063 2276 3130 pio
2306 3061 2628 3128 Africanus,
2669 3055 2989 3132 jactansque
3032 3064 3213 3119 clades
3269 3066 3451 3134 generi
3506 3066 3785 3122 humano~

2190 3166 2221 3205 a
2250 3166 2307 3212 se
2338 3153 2514 3207 illatas
2533 3194 2548 3218 ,
2582 3153 2729 3207 hisce
2757 3153 2964 3207 verbis:

2258 3265 2321 3320 Si
2350 3266 2432 3334 fas
2453 3265 2709 3337 cadendo
2743 3267 2969 3320 celestia
3000 3268 3248 3321 scandere
3278 3268 3524 3337 cuiquam
3553 3283 3632 3325 est
3651 3310 3667 3334 ,

2443 3335 2518 3388 Mi
2557 3335 2657 3389 soli
2695 3337 2810 3390 cali
2846 3337 3079 3390 maxima
3115 3347 3266 3405 porta
3301 3335 3466 3405 patet.

2187 3447 2395 3513 Quibus
2423 3448 2617 3503 deinde
2652 3446 2966 3504 Lactantius
3009 3449 3326 3520 subiungit:
3358 3444 3650 3520 O'quantis
3685 3453 3742 3506 in

2187 3539 2442 3601 tenebris,
2487 3540 2772 3607 Africane,
2828 3550 3063 3593 versatus
3110 3556 3185 3601 es,
3237 3540 3315 3593 vel
3365 3544 3537 3609 potius
3587 3555 3743 3612 poeta

2185 3628 2445 3699 (Ennii),
2491 3632 2580 3699 qui
2619 3647 2709 3698 per
2749 3632 2912 3683 condes
2948 3638 2996 3683 et
3030 3632 3332 3699 sanguinem
3366 3643 3542 3701 patere
3570 3636 3743 3687 homi-

2185 3721 2334 3773 nibus
2366 3722 2671 3774 adscensum
2702 3721 2759 3773 in
2787 3720 2971 3774 coelum
2999 3715 3201 3791 putas.‘
3230 3720 3501 3779 Hactenus
3545 3724 3736 3779 Fabri-

2186 3810 2320 3863 cius.
2352 3808 2521 3863 Hanc.

2254 3899 2468 3954 Claudit
2520 3899 2893 3955 collectionem
2938 3899 3400 3958 Thevenotianam
3448 3913 3735 3972 tractatus,

2185 3992 2505 4046 Casaubono
2541 3991 2745 4059 pridem
2778 3991 2845 4044 ad
2876 3991 3156 4062 Polybium
3193 4002 3246 4048 et
3270 3993 3497 4048 Eneam
3542 3996 3734 4061 lectus,

2186 4092 2343 4151 atque
2394 4083 2446 4135 in
2492 4081 2781 4135 Barbarina
2833 4082 3059 4151 aliisque
3146 4083 3484 4140 bibliothecis
3548 4086 3741 4142 obvius

2186 4174 2317 4247 [vid.
2349 4172 2857 4229 notitiam‘eodieum
2888 4190 3052 4243 supra
3081 4175 3309 4248 datam],
3340 4186 3501 4247 atque
3532 4192 3561 4230 a
3585 4176 3735 4248 Pari-

2185 4266 2453 4322 siensibus
2484 4265 2664 4319 itidem
2692 4262 2874 4319 Graece
2903 4273 3111 4318 tantum
3145 4265 3323 4320 editus
3354 4268 3419 4320 de
3452 4254 3735 4322 obsidione

2185 4357 2458 4413 toleranda
2506 4363 2560 4409 et
2604 4354 2927 4423 repellenda,
2980 4356 3161 4410 nescio
3210 4357 3365 4424 cujus
3416 4339 3732 4427 scriptoris,

2186 4450 2299 4511 sed,
2345 4458 2401 4501 ut
2429 4447 2662 4512 videtur,
2694 4443 3016 4509 Christiani,
3051 4446 3151 4500 διώ
3186 4446 3338 4501 titulo
3367 4464 3381 4499 :
3412 4449 3597 4511 Ὅπως
3627 4447 3733 4519 χρὴ

2184 4540 2272 4590 τὸν
2296 4538 2395 4607 τῆς
2424 4534 2885 4605 πολιορκουμένης,
2912 4534 3115 4598 πόλεως
3152 4538 3449 4608 στρατηγὸν
3475 4539 3610 4614 προς
3636 4538 3737 4610 τὴν

2187 4629 2494 4699 πολιορκίαν
2539 4624 2947 4679 ἀντιτάσσεσθαι
2996 4625 3234 4695 (16),καὶ
3284 4629 3415 4690 οἵοις
3454 4628 3735 4697 ἐπιτηδεύ-

2189 4737 2319 4789 μασι
2364 4719 2563 4783 ταύτην
2611 4714 3024 4784 ἀποκρούεσθαι,
3076 4733 3196 4788 pag.
3225 4718 3482 4781 516-550,
3524 4729 3577 4773 et
3608 4734 3741 4789 pag.

2187 4812 2279 4865 561
2291 4810 2440 4864 -564.
2826 4814 2835 4821 ’

2255 4900 2296 4953 Ε
2322 4898 2574 4968 Polybio,
2619 4896 2868 4961 Arriano,
2902 4895 3147 4967 Polyaeno
3189 4906 3243 4952 et
3281 4896 3467 4950 Flavio
3499 4892 3733 4965 Josepho

2185 4992 2436 5061 pleraque
2465 4988 2533 5041 ad
2557 4988 2778 5040 verbum
2802 4987 3172 5056 descripsisse,
3200 4987 3311 5056 jam
3344 4987 3411 5040 ab
3437 4986 3729 5041 editoribus

2184 5082 2497 5137 adnotatum
2528 5086 2629 5133 est.
2676 5078 3025 5132 Archimedes
3056 5078 3359 5147 εὐμήχανον
3394 5076 3584 5145 σοφίαν
3616 5076 3728 5129 lsu-

2183 5170 2311 5239 dat,
2348 5185 2472 5240 pag.
2498 5169 2621 5235 519,
2662 5169 2764 5222 526
2796 5184 2896 5237 sq-
2931 5170 3049 5221 Non
3094 5170 3248 5222 valde
3289 5167 3569 5235 antiquum
3614 5182 3731 5220 esse

2183 5270 2352 5329 patet,
2390 5261 2535 5329 quod
2583 5276 2704 5329 pag.
2736 5254 2839 5313 525
2868 5258 3159 5327 Josephum
3200 5265 3445 5333 accenset
3486 5257 3594 5316 τοῐς
3628 5272 3730 5304 παι-

2183 5352 2368 5413 λαιοῖς.
2420 5350 2486 5403 Et
2518 5349 2719 5403 Heroni
2757 5348 2914 5403 tertio
2948 5349 3110 5401 tribui
3153 5348 3204 5399 in
3239 5346 3422 5399 codice
3456 5342 3729 5396 Vindobo-

2184 5441 2355 5507 nensi,
2380 5441 2490 5509 jam
2516 5456 2677 5510 supra
2693 5425 2836 5503 dixi,
2870 5439 2896 5508 §
2933 5438 3037 5490 Vll.
3074 5437 3218 5506 [για.
3256 5434 3503 5488 Lambec.
3531 5442 3583 5488 et
3605 5432 3729 5485 Kel-

2186 5530 2281 5584 lar.
2312 5544 2386 5582 vn
2419 5528 2706 5582 Comment.
2757 5525 2820 5578 de
2862 5526 2987 5577 bibl.
3016 5522 3240 5576 Cresam.
3281 5536 3402 5589 pag.
3429 5519 3549 5572 451.
3581 5517 3729 5571 Afri-

2183 5704 2493 5767 τιτάξασθαι
2541 5704 2638 5772 μὲν
2680 5702 3042 5772 ὲφοϐήθηᾳαν,
3076 5700 3129 5772 in
3165 5697 3627 5772 aciem_proce_det.'e
3657 5697 3734 5749 li~

2184 5764 2439 5825 iuuerunt.
2478 5764 2656 5841 [0an
2695 5764 2862 5825 Krebs
2907 5764 3058 5841 Olus.
3107 5770 3162 5841 in
3178 5767 3272 5841 QN.
3308 5764 3366 5818 T.
3402 5784 3441 5841 ._e
3484 5766 3731 5841 Josepnu,

2184 5858 2302 5911 pag.
2327 5842 2453 5901 22‘2,
2479 5835 2829 5911 .et‘quzeAego
2864 5837 3059 5911 notavi
3085 5837 3154 5911 ad
3178 5835 3552 5891 Demosthenis
3592 5842 3732 5891 orat.

2186 5904 2496 5976 Devcorona,
2532 5904 2649 5979 cap.
2675 5904 2920 5980 88,vpag.
2956 5906 3079 5961 547.
3112 5904 3277 5958 llan.
