4038 6352
208 330 276 386 ὖὸ

1303 287 1649 380 Ειηετοιπ(
1702 323 1793 376 AD
1838 274 2223 377 amsrtnsn.

3175 324 3180 333 ’
3333 326 3399 377 Ν

206 446 489 521 ἀρχιερεύς
539 446 658 515 ἔστιν
696 445 939 518 Πατρδς,
980 445 1078 521 τάς
1114 445 1385 517 ἡμετέρας
1420 444 1554 513 πρὸς
1592 444 1758 497 αὑτὸν

292 540 366 559 γι-
419 537 689 559 ,μμ-ηιμ---
782 538 867 559 ___\
917 535 1167 559 .___,-,.,
1221 536 1581 559 _.___-__1___.-_
1669 534 1759 559 Α,

1864 465 1936 520 sit
1964 465 2103 559 apud
2148 462 2358 517 Patrem
2409 461 2678 532 pontifex»,
2724 476 2907 532 preces
2932 469 3148 517 nostras
3179 460 3227 516 ei
3269 461 3370 517 ale

210 540 367 610 εὐχάς
412 537 723 609 ἀναφέρων,
781 538 875 591 καὶ
917 535 1167 607 βασιλεὺς
1210 536 1615 608 ⁸ὑίιτερκόσμιος,
1666 534 1759 597 οὒς

209 629 538 699 ἠλευθέρωσε
580 627 755 697 νέμων
802 626 878 698 τῷ
907 627 1214 697 Πνεύματι,
1246 626 1502 698 συνεργὸς
1545 627 1623 689 είς
1662 625 1759 696 τὴν

209 720 556 789 διακόσμησιν
596 717 885 793 τῶννὸλων
932 717 1249 787 γενόμενος⁹
1293 718 1388 770 καὶ
1438 714 1591 769 τοῦτο
1631 717 1761 787 ἡμῖν

212 807 594 877 προσήγγειλεν
633 807 732 877 οὐχ
774 810 805 860 ό
852 808 1149 881 κατάλογος
1186 807 1299 860 τῶν
1341 805 1552 876 φυλῶν,
1589 806 1685 876 οὐχ
1724 808 1759 877 ἠ

216 898 351 967 μίξις
378 897 482 951 τῶν
514 898 874 969 άναγράπτων
903 898 1094 966 γενῶν,
1120 892 1270 953 ’ἀλλὰ
1313 897 1641 969 πατριάρχαι
1669 898 1762 950 καὶ

213 986 495 1058 προφῆταυ
530 986 602 1057 μὴ
623 983 717 1040 οὖν
743 987 1016 1057 κατίωμεν
1044 988 1121 1050 είς
1162 987 1425 1059 τοσαύτην
1456 985 1759 1048 θεοσεϐείας

215 1073 608 1145 σμικρολογίαν,
650 1075 738 1127 ἵνα
773 1077 842 1145 τῇ
884 1073 1149 1145 ὲναλλαγῇ
1190 1073 1298 1127 τῶν
1340 1072 1634 1145 ὀνομάτων,
1661 1072 1761 1144 τὴν

212 1164 435 1235 Χριστοῦ
466 1165 737 1235 βασιλείαν
782 1164 875 1217 καὶ
914 1163 1211 1235 ἱερωσύνην
1256 1162 1607 1233 συνιστῶμεν·
1641 1162 1760 1215 ἐπεὶ

210 1258 269 1325 τῇ
305 1255 471 1316 Ἰούδα
496 1253 632 1325 φυλῇ
661 1256 726 1324 τῇ
761 1253 1030 1324 βασιλικῇ,
1063 1253 1097 1324 ἡ
1130 1250 1223 1305 τοῦ
1265 1250 1394 1304 Λευὶ
1427 1250 1564 1321 φυλὴ
1611 1250 1759 1321 ἱερα-

210 1346 327 1416 τικὴ
353 1344 640 1415 συνεζύγη,
670 1343 764 1397 τοῦ
803 1342 1069 1398 Ναασσὼν
1096 1340 1325 1411 ἀδελφὴν
1350 1340 1446 1411 τὴν
1486 1339 1760 1396 Ἑλισάόετ

222 1435 421 1507 ’Δαρὼν
467 1436 766 1506 άξαμένου,
815 1435 907 1488 καὶ
950 1434 1107 1488 πάλιν
1162 1432 1421 1504 Ἐλεάζαρ
1454 1431 1549 1504 τὴν
1595 1430 1759 1499 θυγα-

209 1529 329 1599 τέρα
375 1526 572 1597 Φατιὴλ
590 1567 604 1591 ,
634 1526 728 1579 καὶ
771 1526 976 1578 ἐνθένδε
1013 1525 1567 1595 παιδοποιησαμένων’
1603 1520 1762 1591 ἑψεύ·

212 1635 357 1671 σαντο
382 1616 477 1671 οὖν
504 1620 551 1671 οἱ
580 1615 976 1685 εὐαγγελισταὶ,
999 1616 1338 1679 συνιστάντες
1364 1616 1463 1667 οὐκ
1481 1611 1756 1685 ἀλήθειαν,

213 1713 312 1764 ἀλλ’
357 1712 706 1781 εἰκαζόμενον
750 1707 985 1762 ἔπαινον·
1030 1710 1122 1761 καὶ
1168 1708 1256 1761 διὰ
1294 1705 1451 1759 τοῦτο
1476 1707 1503 1757 ὁ
1546 1705 1641 1775 μὲν
1672 1702 1760 1757 διὰ

208 1799 516 1869 Σολομῶνος
547 1796 656 1850 άπὸ
693 1795 855 1850 Δαὸὶδ
878 1797 1299 1868 ἐγενεαλόγησεν
1328 1796 1418 1848 τὸν
1461 1791 1650 1847 Ἰακὼϐ
1669 1791 1759 1844 τὸν
1790 1784 1831 1838 Β

214 1890 289 1942 τοῦ
332 1890 531 1959 Ἰωσὴφ
557 1889 787 1960 πατέρα’
820 1891 849 1942 ὁ
878 1889 1073 1967 δὲάπὺ
1116 1887 1301 1942 Νάθαν
1328 1886 1420 1940 τοῦ
1451 1884 1630 1948 Δαδὶδ,
1670 1884 1759 1938 τὸν

223 1980 352 2033 Ἠλεὶ
380 1981 472 2033 τὸν
497 1979 590 2051 τοῦ
630 1979 824 2051 Ἰωσὴφ
851 1972 1050 2051 ὁμοίως
1079 1979 1251 2043 ἄλλως
1291 1978 1498 2048 πατέρα
1517 1993 1528 2005 ·
1560 1975 1650 2028 καί
1680 1992 1760 2027 τοι

207 2075 405 2139 ἀγνοεῖν
443 2071 640 2134 αὐτοὺς
672 2072 770 2124 οὐκ
804 2070 990 2141 ἐχρῆν,
1031 2072 1106 2134 ὡς
1137 2069 1368 2139 ἑκατέρα
1398 2069 1504 2122 τῶν
1538 2084 1761 2138 κατηρι-

206 2163 493 2232 θμημένων
534 2162 703 2227 τάξις,
746 2161 808 2214 τὸ
850 2162 943 2214 τοῦ
976 2161 1137 2214 Δαϐὶδ
1180 2162 1296 2214 ἐστὶ
1341 2160 1532 2228 γένος,
1584 2161 1617 2227 ὴ
1668 2157 1779 2210 τοῦ

215 2252 373 2304 Ἰούδα
409 2251 551 2322 φυλὴ
592 2252 859 2323 βασιλική·
907 2253 957 2305 εί
1001 2251 1108 2323 γὰρ
1154 2252 1438 2322 προφήτης
1482 2250 1510 2300 ό
1555 2248 1758 2315 Νάθαν,
1819 2265 1823 2271 ·

204 2345 304 2398 ἀλλ’
333 2340 429 2396 οῦν
462 2344 558 2396 καὶ
590 2343 858 2413 Σολομὼν,
889 2344 917 2396 ὃ
945 2361 1005 2396 τε
1028 2343 1231 2395 τούτων
1270 2343 1448 2412 πατὴρ
1481 2341 1756 2412 έκατέροψ

202 2438 261 2489 ἐκ
291 2434 503 2488 πολλῶν
527 2434 583 2487 δὲ
612 2435 790 2504 φυλῶν
819 2434 1056 2503 ἐγίνοντο
1079 2433 1386 2503 προφῆται,
1426 2433 1588 2503 ἱερεῖς
1618 2432 1674 2483 δὲ
1704 2431 1762 2498 ἐξ

200 2528 457 2599 οὐδεμιᾶς
483 2528 561 2596 (2)
598 2527 704 2580 τῶν
734 2526 940 2580 δώδεκα
972 2525 1180 2594 φυλῶν,
1230 2524 1377 2595 μόνοι
1424 2523 1479 2574 δὲ
1519 2524 1758 2576 Λευῖται·

204 2618 374 2686 μάτην
408 2615 592 2679 αὐτοῖς
634 2616 741 2686 ἄρα
785 2614 1087 2666 πέπλασται
1130 2612 1191 2664 τὸ
1236 2609 1589 2680 ἐψευσμένον⁸
1629 2610 1765 2681 μηδὲ

200 2707 420 2779 κρατοίη
452 2704 687 2769 τοιοῦτος
717 2689 872 2773 λόγος
914 2707 971 2758 ὲν
1001 2701 1292 2772 Ἐκκλησία
1310 2699 1542 2771 Χριστοῦ
1576 2697 1762 2772 [κατὰ]

197 2798 454 2870 ἀκριϐοῦς
499 2797 787 2868 ἀληθείας,
820 2797 901 2849 ὃτι
938 2794 1129 2865 ψεῦδος
1172 2793 1454 2861 σύγκειται
1494 2794 1571 2855 είς
1619 2786 1762 2844 αἶνον

200 2892 289 2943 καὶ
317 2890 621 2958 δοξολογίαν
668 2884 920 2960 Χριστοῦ·
967 2888 1051 2950 τίς
1093 2886 1200 2956 γάρ
1250 2886 1351 2938 οὐκ
1386 2880 1491 2938 οἵδε
1518 2884 1763 2937 κάκεῖνον

198 2982 283 3033 τὸν
316 2980 609 3051 ἱερώτατον
629 2976 721 3029 τοῦ
741 2976 1058 3031 ’Διτοστόλου
1097 2978 1252 3045 λόγον
1288 2975 1647 3047 κηρύσσοντος
1672 2970 1762 3024 καὶ

197 3071 600 3141 διαγγέλλοντος
653 3071 750 3140 τὴν
803 3070 1094 3124 ἀνάστασιν
1149 3068 1241 3121 τοῦ
1295 3067 1541 3138 Σωτῆρος
1586 3063 1759 3135 ἡμῶν,

197 3165 285 3215 καὶ
327 3161 788 3233 διισχυριζομένου
846 3162 943 3232 τὴν
982 3161 1305 3231 ’ἁλήθειαν,
1350 3158 1565 3228 μεγάλῳ
1614 3155 1761 3224 φόϐῳ

196 3255 461 3322 λέγοντος,
481 3272 499 3303 ι
520 3254 602 3305 ὅτι
628 3254 674 3304 εί
688 3252 918 3323 Χριστὸν
944 3250 1160 3318 λέγουσί
1197 3266 1340 3311 τινες
1360 3249 1432 3318 μὴ
1450 3245 1759 3318 ὲγηγέρθαι,

196 3347 354 3413 ἡμεῖς
392 3344 450 3396 δὲ
486 3344 642 3413 τοῦτο
680 3343 772 3395 καὶ
814 3342 991 3411 φαμὲν
1030 3342 1122 3393 καὶ
1165 3338 1623 3407 πεπιστεύκαμεν,
1671 3336 1763 3386 καὶ

197 3410 323 3487 αύτὸ
355 3427 451 3486 καὶ
480 3410 767 3503 ἐλπίζομεν
794 3410 1258 3501 καὶῗκηρύσσομεν
1277 3467 1291 3491 ,
1319 3426 1763 3495 καταψευδομαρ-

197 3523 467 3595 τυροῦμεν
510 3522 604 3575 τοῦ
636 3523 795 3588 Θεοῦ,
844 3523 924 3575 ὅτι
957 3522 1141 3590 ἤγειρε
1185 3518 1274 3571 τὸν
1312 3517 1543 3587 Χριστὸν
1576 3516 1633 3568 ὃν
1664 3516 1763 3567 οὐκ

197 3616 417 3685 ἤγειρεν
438 3630 449 3642 ·
490 3633 508 3664 ι
532 3616 580 3667 εί
616 3615 672 3668 δὲ
701 3613 873 3676 οὕτως
894 3614 923 3664 ὁ
941 3608 1228 3677 δοξολογῶν
1258 3607 1389 3660 Θεὸν
1417 3607 1650 3678 Πατέρα,
1677 3606 1760 3659 δέ-

148 3728 151 3729 ν
196 3708 344 3760 δοικε
376 3707 449 3776 μὴ
474 3705 785 3775 ψευδολόγος
810 3704 1011 3772 δοκοίη,
1046 3701 1202 3771 ἔργον
1234 3698 1527 3770 παράδοξον
1546 3699 1757 3769 διηγού-

203 3815 380 3866 μενος,
412 3794 714 3860 πῶςούκᾶν
742 3794 961 3855 δικαίως
984 3790 1265 3864 φοϐηθείη,
1282 3792 1363 3844 ὅτι
1390 3789 1451 3862 [L
1470 3790 1641 3862 ὅστις]
1677 3791 1761 3843 διὰ

203 3889 540 3957 ψευδολογίας
560 3886 819 3956 ἀληθείας
838 3884 1093 3953 σύστασιν
1107 3883 1476 3955 ποριζόμενος,
1494 3882 1648 3946 δόξαν
1666 3882 1763 3935 οὐκ

210 3979 375 4049 ἀληθῆ
414 3976 710 4039 συντιθείς;
745 3978 793 4025 εἰ
828 3974 937 4046 γάρ
983 3972 1052 4026 τὰ
1082 3974 1212 4044 γένη
1242 3974 1493 4044 διάφορα,
1535 3974 1625 4025 καὶ
1658 3990 1763 4043 μη-

206 4071 288 4125 δὲν
319 4069 615 4138 καταφέρει
656 4068 875 4137 γνήσιον
920 4066 1139 4138 σπέρμα
1183 4068 1273 4121 ἐπὶ
1302 4067 1391 4119 τὸν
1446 4064 1660 4134 Ἰωσὴφ,
1690 4066 1763 4116 εί-

206 4179 359 4232 ρηται
409 4161 464 4211 δὲ
508 4160 664 4228 μόνον
712 4160 791 4221 είς
837 4158 1091 4213 σύστασιν
1138 4160 1231 4213 τοῦ
1280 4157 1759 4229 γεννηθησομένου,

204 4252 277 4305 δτι
307 4250 559 4321 βασιλεὺς
585 4250 675 4301 καὶ
700 4251 875 4320 ἱερεὺς
902 4250 1051 4305 ἐσται
1079 4254 1108 4304 ό
1138 4251 1410 4321 ἐσόμενος,
1436 4244 1760 4307 ἀποδείξεως

1863 572 1987 612 rens
2017 553 2054 623 ς’
2083 571 2176 611 rex
2219 566 2399 610 autem
2441 553 2925 625 supermundialis,
2977 568 3115 624 quos
3158 554 3397 609 liberavit

1861 662 2091 717 pascens
2137 645 2377 715 Spiritu,
2420 656 2737 716 cooperator
2778 644 2996 699 enectus
3046 644 3113 704 in.
3138 632 3399 698 omnium

1862 754 2044 794 rerum
2094 736 2452 793 ordinatione.
2503 735 2667 805 quue
2715 735 2872 814 nobis
2915 734 3249 804 exploratum
3277 733 3395 788 fecil

1862 846 1969 885 non
2002 829 2241 907 tribuum
2268 828 2565 899 catalogus,
2597 844 2770 898 neque
2799 827 3217 898 perscriptarum
3242 839 3397 895 ganeo

1786 980 1787 983 η
1860 923 2133 976 rationum
2176 922 2362 976 mistio
2384 961 2398 987 ,
2437 922 2530 976 sed
2564 920 2883 989 patriarcha:
2912 926 3072 987 atque
3108 915 3397 986 propheta.

1860 1012 2159 1066 Caveamus
2190 1011 2353 1079 igitur
2381 1024 2422 1064 av
2440 1010 2647 1064 minuto
2672 1010 2977 1079 hujusmodi
3009 1005 3280 1077 religionis
3310 1020 3400 1060 ar-

1860 1102 2046 1165 tificio,
2075 1110 2137 1155 ut
2169 1102 2446 1156 nominum
2488 1099 2881 1175 permutatione
2928 1098 3129 1154 Christi
3183 1111 3399 1167 regnum

1859 1208 1927 1245 ac
1953 1191 2315 1247 sacerdotium
2356 1193 2708 1261 comprobare
2742 1190 2987 1245 velimus.
3022 1188 3155 1242 Nam
3184 1197 3237 1243 et
3271 1188 3401 1257 alio-3

1859 1283 1950 1351 qui
1983 1282 2148 1352 regali
2175 1280 2327 1338 Judae
2348 1283 2513 1337 tribui
2544 1281 2894 1339 sacerdotalis
2918 1279 3043 1334 Levi
3069 1279 3239 1335 tribus
3264 1276 3399 1333 facta

1859 1385 1976 1431 erat
2006 1374 2213 1438 aﬂinis,
2252 1389 2319 1447 ex
2349 1389 2459 1443 quo
2489 1373 2780 1430 Naassonis
2811 1386 3049 1428 sororem
3081 1369 3401 1427 Elisabetam

1858 1466 2013 1520 duxit
2059 1466 2239 1522 Aaron
2279 1476 2502 1520 uxorein
2544 1467 2584 1529 ί,
2625 1480 2924 1534 rursusque
2969 1463 3189 1519 Eleazar
3218 1461 3399 1517 Phati—

1861 1556 1994 1610 helis
2043 1555 2209 1610 filiam
2250 1558 2292 1621 ',
2324 1555 2470 1624 prole
2512 1556 2636 1610 inde
2681 1563 2947 1625 suscepta.
2997 1554 3136 1624 Ergo
3176 1554 3427 1622 evange-'

1858 1650 1994 1704 listae
2040 1649 2245 1703 mentiti
2281 1659 2426 1713 sunt,
2473 1648 2600 1703 dum
2647 1664 2755 1703 non
2803 1650 3077 1703 veritatem
3123 1654 3402 1713 asserunt,

1858 1743 1950 1797 sed
1976 1743 2287 1796 simulatam
2316 1743 2523 1796 laudem
2557 1742 2753 1810 :cujus
2787 1742 2863 1794 rei
2907 1756 3089 1805 causa,
3120 1741 3252 1794 alter
3280 1739 3403 1808 qui.

1858 1829 1979 1884 dem
2010 1846 2103 1899 per
2137 1829 2480 1886 Salomonem
2520 1845 2551 1884 a
2587 1829 2786 1885 Davide
2817 1829 3001 1884 Jacobi
3047 1830 3266 1899 stirpem
3297 1839 3406 1883 tra-

1860 1924 1958 1987 xit,
1997 1923 2091 1992 qui
2123 1922 2223 1977 fuit
2247 1921 2466 1992 Josephi
2499 1931 2679 1991 pater;
2713 1921 2847 1975 alter
2877 1931 3053 1974 autem
3099 1936 3129 1973 a
3155 1919 3405 1975 Nathano

1860 2014 2077 2069 Davidis
2103 2014 2216 2068 tilio
2244 2011 2414 2068 Helim
2444 2012 2662 2067 deduxit
2683 2009 2904 2081 Iosephi
2936 2011 3157 2081 pariter,
3185 2011 3405 2067 sed‘alia

1860 2104 2093 2169 ratione,
2121 2112 2349 2175 patrem.
2379 2103 2542 2173 Atqui
2571 2117 2664 2158 eos
2689 2104 2949 2173 ignorare
2971 2118 3076 2156 non
3103 2104 3403 2171 Oportebat,

1863 2207 2152 2266 utrumque
2180 2204 2586 2249 numeratorum
2616 2195 2895 2249 hominum
2939 2192 3205 2257 ordinem,
3237 2209 3407 2266 genus

1861 2302 1978 2342 esse
2004 2285 2239 2348 Davidis,
2270 2282 2421 2337 Iudae
2450 2297 2640 2355 nempe
2681 2284 2883 2353 regiam
2930 2283 3151 2339 tribum.
3178 2281 3404 2338 Etiamsi

1860 2379 2002 2433 enim
2031 2375 2293 2446 propheta
2320 2373 2598 2429 Nathanus
2635 2373 2757 2441 fuit,
2784 2376 3076 2445 et.quidem
3105 2375 3266 2430 etiam
3302 2373 3404 2430 Sa-

1863 2470 2063 2529 lomon,
2115 2476 2167 2520 et
2219 2466 2414 2519 horum
2473 2468 2754 2535 utriusque
2808 2481 3004 2534 parens
3043 2467 3285 2538 (David);
3338 2485 3405 2522 ex

1862 2558 2045 2613 multis
2090 2572 2219 2612 sane
2266 2556 2512 2609 tribubus
2552 2557 2806 2610 exstitere
2847 2557 3152 2626 prophetae:
3200 2560 3290 2613 sed
3326 2569 3407 2612 ta-

1863 2659 1984 2702 men
2029 2648 2333 2703 sacerdOtes
2381 2647 2515 2700 nulli
2560 2646 2777 2701 fuerunt
2823 2661 2889 2699 ex
2933 2648 3076 2701 nulla
3122 2648 3406 2703 duodecim

1862 2739 2241 2805 tribuum;.sed
2274 2738 2374 2792 soli
2413 2736 2628 2792 Levitae.
2665 2735 2888 2792 Frustra
2918 2738 3081 2807 igitur
3107 2742 3406 2807 composita

1862 2830 1930 2882 ab
1959 2828 2064 2883 illis
2103 2827 2206 2881 fuit
2245 2826 2360 2881 haec
2395 2824 2641 2890 falsitas;
2672 2840 2843 2894 neque
2872 2828 3180 2896 praevalebit
3216 2828 3408 2899 hujus--

1862 2918 2007 2975 modi
2055 2932 2233 2973 sermo
2276 2917 2331 2971 in
2360 2917 2560 2972 Christi
2602 2916 2840 2971 Ecclesia
2870 2929 3058 2972 contra
3099 2929 3408 2974 accuratam

1864 3010 2139 3064 veritatem
2162 3050 2177 3075 ,
2209 3024 2400 3078 nempe
2446 3018 2503 3062 ut
2534 3008 2872 3063 mendacium
2908 3008 3310 3064 consarcinetur
3341 3009 3408 3062 ad

1788 3118 1829 3173 ε
1861 3097 2061 3152 Christi
2100 3097 2311 3151 laudem
2342 3106 2501 3166 atque
2536 3097 2884 3165 praeconium.
2914 3094 3045 3163 Quis
3074 3104 3201 3152 Vero
3239 3105 3294 3151 et
3319 3096 3407 3149 illa

1867 3188 2040 3243 nescit
2078 3189 2442 3245 sacratissima
2485 3188 2724 3258 Apostoli
2771 3189 2933 3243 verba
2961 3188 3408 3246 resurrectionem

1865 3281 2169 3337 Servatoris
2201 3281 2369 3336 nostri
2400 3280 2741 3351 praedicantis
2768 3289 2930 3348 atque
2966 3281 3280 3345 nuntiantis,
3304 3279 3409 3335 rei-

1863 3388 1969 3442 qne
1996 3373 2273 3428 veritatem
2312 3386 2508 3442 magno
2537 3387 2661 3425 cum
2709 3386 2905 3439 pavore
2942 3370 3255 3426 aﬂirmantis
3279 3373 3409 3426 dum

1863 3464 1937 3515 ait
1954 3463 1972 3491 ³
1994 3481 2005 3516 :
2031 3481 2049 3513 ι
2081 3461 2141 3514 Si
2162 3461 2435 3515 Christum
2461 3460 3047 3528 resurrexissequidam
3079 3467 3294 3529 negant,
3309 3474 3409 3515 nos

1862 3564 2041 3609 autem
2102 3554 2395 3607 asseriinus
2449 3561 2608 3619 atque
2657 3550 2959 3615 credimus,
3013 3562 3293 3619 speramus
3340 3565 3410 3605 ac

1862 3646 2239 3714 praedicamus,
2281 3642 2398 3696 falsi
2426 3650 2586 3696 testes
2621 3640 2709 3695 Dei
2752 3656 2938 3695 sumus
2959 3681 2973 3706 ,
3004 3641 3147 3709 quod
3175 3640 3409 3695 suscita-

1862 3737 2000 3790 verit
2028 3735 2325 3798 Christum,
2359 3747 2517 3801 quem
2542 3747 2650 3787 non
2676 3732 2977 3786 suscitavit.
3006 3752 3023 3783 ι
3045 3732 3197 3799 Quod
3212 3731 3258 3801 si
3278 3732 3411 3787 adeo

1865 3830 1953 3883 hic
1981 3828 2072 3897 qui
2104 3826 2269 3879 Deum
2303 3823 2514 3876 Patrem
2541 3823 2789 3889 honorat,
2811 3838 2879 3877 ne
2906 3824 3136 3878 mendax
3166 3822 3411 3877 videatur

1864 3919 2037 3983 timet,
2074 3915 2199 3984 quia
2230 3928 2343 3966 rem
2374 3913 2566 3966 miram
2600 3922 2817 3978 narrat;
2846 3928 2945 3967 cur
2987 3926 3095 3967 non
3129 3912 3320 3967 merito
3345 3913 3412 3965 ti-

1865 4017 2010 4063 meat
2036 4006 2283 4075 quisquis
2331 4002 2469 4057 falso
2503 4018 2751 4056 sermone
2776 4002 3057 4057 veritatem
3088 4004 3199 4057 vult
3239 4002 3407 4057 stabi-

1864 4100 1993 4161 lire,
2027 4110 2134 4150 non
2170 4110 2353 4148 veram
2398 4094 2721 4148 sententiam
2768 4094 3141 4151 concinnans?
3179 4090 3311 4147 Nam
3364 4093 3407 4144 si

1863 4186 2232 4259 generationes
2253 4187 2595 4251 ,abluderent,
2636 4186 2876 4255 nihilque
2916 4186 3156 4255 germani
3194 4184 3413 4238 seminis

1864 4280 1929 4334 ad
1968 4270 2263 4350 Josephum
2305 4276 2660 4341 conferretur,
2707 4278 2801 4332 sed
2834 4292 2896 4331 ea
2933 4292 3015 4331 res
3052 4277 3117 4331 ad
3159 4274 3409 4327 fulcinien

213 4344 280 4413 μὴ
320 4341 659 4414 προσούσης,
692 4340 827 4394 άλλά
852 4342 953 4413 τῆς
988 4342 1097 4395 τῶν
1136 4342 1307 4409 λόγων
1340 4338 1659 4407 σεμνότητος
1683 4336 1763 4396 είς

1866 4368 2237 4424 tantummodo
2266 4369 2523 4422 nascituri
2549 4368 2691 4424 dicta
2727 4378 2899 4435 esset,
2928 4381 3116 4435 nempe
3152 4362 3291 4431 quod
3316 4376 3409 4413 rex

208 4434 369 4505 ὕμνον
402 4430 605 4503 ἀδρανῆ
610 4476 629 4501 λ
650 4431 952 4503 φερομένης
971 4473 985 4495 ,
1018 4432 1176 4501 δῆλον
1206 4431 1281 4493 ὡς
1306 4428 1400 4482 τοῦ
1432 4427 1565 4481 Θεοῦ
1603 4427 1699 4497 μὲν
1733 4427 1761 4477 ὁ

1867 4468 2029 4529 atque
2054 4459 2307 4524 sacerdos
2334 4457 2472 4513 foret
2496 4459 2539 4513 is
2564 4460 2656 4529 qui
2685 4470 2942 4514 venturus
2966 4466 3105 4519 erat,
3135 4450 3411 4505 deficiente

207 4528 416 4589 ἔπαινος
453 4525 551 4592 οὐχ
587 4522 836 4585 ἅπτεται,
878 4522 1071 4590 ψεῦδος
1096 4522 1188 4575 ὣν·
1225 4521 1401 4592 κρίσις
1429 4519 1483 4571 δὲ
1510 4516 1586 4585 τῷ
1614 4517 1759 4586 εἰρη-

96 4662 99 4663 ν
207 4619 357 4682 κότι,
405 4617 465 4669 τὸ
506 4615 608 4668 οῦκ
643 4612 702 4665 ὃν
747 4613 822 4676 ὡς
880 4613 939 4663 ὃν
982 4613 1343 4681 κομπάσαντι.
1394 4612 1509 4662 Ἷνα
1550 4603 1641 4662 οὖν
1668 4606 1759 4659 καὶ

204 4710 358 4763 τοῦτο
394 4708 490 4779 μὲν
538 4706 629 4758 τοῦ
682 4704 960 4774 εἰρηκότος
1015 4703 1318 4773 ὲλέγξωμεν
1356 4703 1453 4772 τὴν
1505 4698 1759 4770 ἀμαθίαν,

204 4802 495 4870 παύσωμεν
549 4798 605 4849 δὲ
654 4794 746 4847 τοῦ
806 4793 1005 4864 μηδένα
1056 4794 1146 4844 ὑπ’
1206 4795 1424 4860 ἀγνοίας
1488 4789 1761 4844 σκανδαλι-

206 4893 429 4961 σθῆναι,
470 4891 567 4959 τὴν
622 4885 794 4956 ἀληθῆ
836 4884 942 4936 τῶν
981 4885 1276 4951 γεγονότων
1335 4884 1569 4953 ἱστορίαν
1607 4881 1765 4949 ἐκθή-

204 4978 413 5051 σομαι.)
750 4980 755 4983 “

274 5281 343 5342 B’.’
353 5282 406 5349 5)
424 5278 641 5349 Ἐπειδὴ
652 5278 721 5346 γά
727 5294 759 5349 ρ
775 5276 841 5330 τὰ
855 5274 1087 5342 ὀνόματα
1098 5271 1169 5337 (4]
1190 5271 1293 5322 τῶν
1308 5272 1477 5335 γενῶν
1493 5274 1545 5321 ἓν
1565 5272 1766 5335 Ἰσραὴλ

281 5418 293 5443 ¹
327 5415 500 5471 Exod.
532 5430 610 5478 v1,
637 5414 727 5469 23.
803 5408 977 5464 'lbid.
1176 5404 1237 5455 ³1
1272 5404 1397 5457 Cor.
1437 5420 1525 5463 xv,
1560 5406 1621 5454 Η.
1646 5421 1727 5471 sq.

276 5545 351 5610 (2)
384 5545 444 5598 In
471 5546 714 5614 epitome
739 5544 905 5596 rodex
936 5537 1345 5614 liabetpmnino
1364 5537 1432 5614 ob
1460 5536 1645 5614 δξζνες,
1672 5536 1762 5587 scd

212 5603 387 5667 veram
416 5603 565 5667 nunc
598 5613 745 5666 vides
773 5614 1046 5665 lectionem
1076 5608 1132 5671 ἐξ
1170 5605 1436 5673 οὐδεμιᾶς.
1500 5603 1621 5653 MAI.

280 5682 355 5746 ('5)
392 5681 491 5734 llic
532 5681 720 5746 incipit
754 5680 1035 5734 Eusebius.

282 5687 334 5746 (⁷»
392 5687 491 5734 llic
532 5687 720 5746 incipit
754 5687 1035 5734 Eusebius.

282 5687 356 5819 μς
397 5747 640 5813 Ἐπειδὴ
667 5755 771 5815 γάι-
807 5752 871 5801 tri
898 5749 1170 5815 ι’νὸματα.
1206 5742 1467 5797 Pat'licula
1494 5743 1595 5807 γὰρ
1624 5743 1771 5795 abest

1866 4553 2217 4621 probatione,
2272 4560 2494 4620 totoque
2543 4551 2808 4605 orationis
2853 4558 3049 4603 ornatu
3107 4543 3158 4593 in
3205 4538 3409 4591 fulilem

1870 4644 2128 4713 hymnum
2157 4643 2457 4707 desinente,
2494 4643 2692 4697 nullam
2735 4641 2857 4695 hinc
2897 4634 3100 4690 laudem
3126 4629 3230 4681 ί)θο
3261 4642 3411 4682 acce-

1873 4736 2002 4789 dere
2045 4735 2380 4805 exploratum
2427 4734 2513 4799 tit,
2543 4735 2666 4801 quia
2713 4740 2882 4782 totum
2929 4719 3263 4774 mendacium
3289 4726 3407 4781 est;

1872 4826 1963 4878 sed
1994 4826 2393 4880 damnationem
2421 4824 2594 4893 potius
2621 4818 2816 4873 dicenti
2842 4806 3082 4869 conﬂari,
3106 4805 3231 4873 quia
3268 4810 3410 4875 quod

1874 4917 2004 4969 nihil
2044 4930 2150 4982 est,
2191 4918 2393 4986 aliquid
2433 4929 2549 4965 esse
2575 4904 2814 4975 ,ιδῢιυνίισ
2843 4897 3021 4962 Quare
3056 4907 3114 4949 υι
3148 4906 3200 4949 ει
3231 4898 3301 4950 ila
3336 4898 3405 4951 l0-

1876 5008 2153 5072 qnentium
2182 5017 2469 5075 coarguu-
2512 4993 2796 5050 inscitiam,
2834 4997 2887 5041 et
2926 4988 2979 5041 in
3012 4999 3281 5057 posterum
3320 5004 3412 5041 ca-

1879 5110 2026 5146 veam
2058 5113 2125 5148 ne
2157 5108 2281 5161 quis
2326 5094 2377 5140 in
2420 5079 2728 5153 huiusmodi
2787 5078 3108 5147 imperitiam
3160 5079 3415 5143 incutiat,

1874 5196 2056 5235 veram
2080 5192 2349 5247 gestarum
2381 5187 2556 5226 rerum
2584 5170 2860 5222 historiam
2887 5168 3206 5238 proferam]

1944 5268 2003 5319 ll.
2030 5270 2291 5332 Quoniam
2316 5266 2451 5331 apud
2485 5261 2749 5315 Israelitas
2772 5261 3173 5329 generalionum
3201 5260 3416 5314 nomina

1877 5548 1903 5583 a
1940 5528 2135 5581 nostris
2166 5527 2441 5580 codicibus
2472 5526 2825 5590 Maz.,'Me:l.,
2855 5527 2987 5578 Fuk.
3022 5536 3071 5577 et
3100 5525 3288 5588 Savil.,
3319 5538 3414 5575 nec.

1772 5648 1780 5658 .
1877 5602 2098 5651 habetur
2140 5598 2189 5647 in
2226 5599 2661 5664 interpretatione
2693 5598 2888 5650 ltulini.
2924 5596 3105 5649 Exstat
3140 5608 3311 5646 tmm-n
3356 5596 3411 5643 in

1875 5670 2052 5723 (odire
2083 5665 2269 5735 Regio,
2305 5678 2355 5719 rt
2386 5669 2523 5736 apud
2556 5667 2910 5735 Nicephoitun
2958 5668 3007 5718 in
3039 5681 3152 5734 Cap.
3184 5679 3217 5715 ιι
3252 5664 3340 5714 lib.
3373 5677 3411 5716 ι.
