4038 6352
644 421 711 473 75
1017 484 1025 494 _
1994 414 2172 474 JULll
2211 413 2531 471 armum
2844 387 2848 391 ’
3192 439 3195 442 -
3798 419 3864 472 re

640 537 859 609 piaclum
913 534 1069 590 annis
1141 549 1278 589 .cum
1328 533 1646 604 utriusque,
1701 544 1814 589 tum
1865 542 2186 588 emterorum
2216 531 2470 600 deinceps
2491 530 2868 585 convenientia
2914 531 2981 586 ad
3026 546 3127 588 nos
3162 546 3334 602 usque
3355 531 3570 586 ducitur
3610 549 3625 585 :

3673 532 3864 602 quippe

640 631 734 702 qui
787 630 855 684 ab
907 645 974 685 eo
1015 628 1180 682 veluti
1227 627 1448 682 cardine
1507 626 1811 697 progressi,
1873 631 2270 695 consequentes
2322 624 2525 693 pariter
2581 623 2838 678 historias
2876 625 3062 680 eadem
3102 624 3241 680 inter
3279 641 3397 683 sese
3469 629 3680 684 ratione
3715 644 3862 684 eom-

642 721 864 777 missuri
899 720 1311 789 contexturique
1343 721 1538 776 simus.

711 813 797 867 lll.
836 815 906 866 At
936 813 987 865 in
1027 826 1376 880 superiorum
1419 811 1804 882 consignandis
1837 813 2201 881 temporibus,

2378 805 2452 858 I".
2503 803 2614 867 Τάς
2660 803 2715 858 δὲ
2761 803 2866 875 πρὸ
2905 805 3108 861 τούτων
3157 799 3257 859 ὧδέ
3307 823 3422 868 πως
3462 806 3561 876 τῆς
3623 808 3865 880 Ἀττικῆς

643 907 687 960 si
726 906 914 960 Attica-
945 905 1390 974 chronographize
1417 905 1677 957 rationem
1708 903 1860 973 sequi
1913 903 2080 971 libet,
2133 903 2202 955 ab

642 998 855 1068 Ogyge,
904 1013 1064 1067 quem
1113 997 1350 1050 indidem
1398 1003 1575 1049 satum
1627 1010 1750 1049 esse
1795 994 2059 1058 credunt,
2100 994 2222 1048 snb‘

641 1105 752 1158 quo
802 1089 992 1157 ingens
1040 1087 1170 1140 illud
1212 1086 1557 1154 primumque
1599 1083 2203 1152 diluvium,,rcgnante

643 1177 802 1246 Argis
880 1175 1213 1239 Phoroneo,
1274 1175 1505 1228 Atticam
1586 1173 1847 1227 invasisse
1916 1173 2203 1236 Acusilaus

642 1276 835 1322 auctor
870 1276 991 1330 est,
1040 1265 1104 1318 ad
1149 1266 1378 1334 primam
1410 1279 1595 1333 usque
1642 1263 2013 1334 Olympiadem
2061 1265 2203 1319 unde

575 1431 578 1435 τ
645 1359 817 1413 Crteci
853 1366 1159 1412 accuratam
1194 1357 1295 1412 sibi
1333 1365 1637 1426 temporum
1672 1357 1870 1410 seriem
1898 1357 2201 1411 ducendam

644 1458 996 1519 putaverunt,
1041 1449 1167 1503 anni
1200 1450 1532 1518 colliguntur
1567 1448 1758 1518 viginti
1804 1463 1971 1517 supra
2017 1449 2200 1514 mille;

642 1541 737 1610 qui
773 1557 1028 1595 numerus
1048 1553 1101 1595 et
1128 1557 1250 1596 cum
1283 1541 1656 1610 superioribus
1683 1540 1887 1609 optime
1913 1542 2167 1612 congruit
2186 1581 2202 1606 ,

641 1640 697 1683 et
721 1645 782 1684 ex
815 1631 1153 1699 sequentium
1187 1631 1553 1684 declaratione
1581 1629 1875 1688 constabit.
1919 1628 2042 1683 Haec
2058 1630 2202 1682 enim

643 1720 953 1778 Hellanicus
991 1733 1044 1778 et
1077 1722 1403 1777 Pilochorus
1429 1761 1443 1784 ,
1479 1721 1585 1790 qui'
1611 1737 1696 1776 res
1734 1723 1972 1783 Atticas,
2039 1721 2202 1774 item-

643 1828 749 1883 que
773 1814 969 1869 Castor
991 1824 1044 1869 et
1072 1814 1297 1869 Thallus
1314 1856 1329 1878 ,
1358 1812 1450 1881 qui
1484 1809 1736 1882 Syriacas
1759 1819 2028 1882 prosecuti
2055 1823 2202 1880 sunt,

642 1906 843 1974 quique
881 1906 1120 1976 gentium
1161 1907 1402 1960 omnium
1429 1890 1709 1957 historiam
1748 1905 1799 1956 in
1827 1902 2204 1976 Bibliothecam

644 2010 798 2049 suam
845 1994 1066 2051 inclusit
1108 1995 1406 2062 Diodorus,
1452 2008 1506 2052 et
1547 1995 1852 2051 Alexander
1896 1995 2207 2065 Polyhistor

644 2090 920 2143 memoria:
960 2090 1356 2159 prodiderunt:
1399 2107 1631 2160 quorum
1683 2091 1847 2144 etiam
1875 2133 1889 2156 ,
1923 2074 1961 2144 Ie
2001 2090 2204 2144 nostris

2303 896 2703 973 χρονογραφίας
2740 897 3168 968 ἀριθμουμένης,
3213 896 3320 951 ἀπὸ
3367 898 3592 966 Ὠγύγου
3622 899 3716 952 τοῦ
3746 907 3866 969 παρ’

2304 990 2533 1053 ἐκείνοις
2573 987 2891 1058 αὐτόχθονος
2932 987 3309 1052 πιστευθέντος
3333 1029 3347 1054 ,
3383 990 3467 1058 ἐφ’
3499 984 3816 1060 οῦγέγονεν
3840 993 3869 1046 δ

2307 1083 2480 1152 μέγας
2514 1079 2608 1132 καὶ
2635 1080 2848 1150 πρῶτος
2881 1080 2937 1133 ὲν
2977 1083 3041 1150 τῇ
3089 1080 3304 1151 Ἀττικῇ
3337 1081 3744 1152 κατακλυσμὸς,
3776 1085 3870 1137 Φο-

2301 1173 2518 1243 ρωνέως
2558 1170 2813 1242 Ἀργείων
2834 1169 3223 1240 βασιλεύοντος,
3246 1172 3321 1236 ὡς
3359 1173 3700 1237 Ἀκουσίλαος
3733 1176 3869 1229 ιστο-

2308 1267 2410 1335 ρεῖ,
2456 1263 2619 1334 μέχρι
2666 1261 2885 1332 πρώτης
2939 1263 3325 1333 Ὀλυμπιάδος,
3382 1265 3573 1318 ὁπόθεν
3619 1266 3870 1337 ’Έλληνες

2306 1355 2561 1425 ἀκριϐοῦν
2585 1357 2710 1418 τοὺς
2740 1354 2960 1425 χρόνους
2993 1355 3267 1427 ἐνόμισαν,
3302 1355 3395 1426 ἔτη
3418 1357 3705 1426 συνάγεται
3732 1358 3870 1429 χίλια

2309 1450 2534 1500 εἰκοσιν-
2580 1447 2655 1511 ὡς
2703 1447 2938 1510 καὶτοῖς
2976 1448 3390 1520 προειρημένοις
3430 1453 3736 1519 συμφωνεῖ,
3783 1453 3872 1505 καὶ

2307 1541 2416 1601 τοῖς
2461 1539 2586 1610 ἑξῆς
2630 1539 2983 1610 δειχθήσεται.
3031 1540 3212 1593 Ταῦτα
3256 1539 3366 1611 γάρ
3407 1540 3702 1611 Ἀθηναίων
3743 1544 3874 1596 ίστο-

2309 1630 2528 1702 ροῦντες
2582 1630 2716 1701 (55),
2782 1631 3095 1694 Ἑλλάνικός.
3125 1647 3185 1684 τε
3233 1633 3326 1684 καὶ
3371 1631 3653 1702 Φιλόχορος
3698 1637 3747 1686 οἱ
3778 1635 3872 1698 τὰς

2321 1722 2581 1786 Ἀτθίδας,
2602 1723 2653 1775 οῖ
2665 1740 2722 1776 τε
2755 1724 2823 1777 τὰ
2856 1723 3026 1795 Σύρια
3054 1725 3286 1796 Κάστωρ
3318 1726 3410 1778 καὶ
3437 1722 3658 1788 Θαλλδς,
3693 1726 3783 1778 καὶ
3809 1729 3872 1780 τὰ

2309 1816 2524 1868 πάντων
2549 1817 2810 1888 Διόδωρος
2839 1819 2868 1870 ό
2894 1818 2991 1878 τὰς
3009 1817 3420 1883 Βιϐλιοθήκας,
3439 1817 3787 1889 Ἀλέξανδρός
3816 1836 3871 1871 τε

2306 1908 2334 1959 ὁ
2365 1907 2694 1979 Πολυΐστωρ,
2736 1909 2827 1963 καί
2854 1926 2994 1972 τινες
3020 1910 3124 1970 τῶν
3163 1910 3282 1964 καθ’
3315 1911 3460 1981 ἡμᾶς
3489 1909 3874 1982 ἀκριϐέστερον

2309 2000 2654 2071 ἐμνήσθησαν
2675 2043 2689 2067 ,
2713 2003 2805 2055 καὶ
2835 2002 2941 2056 τῶν
2970 2002 3225 2056 Ἀττικῶν
3255 2004 3508 2056 ἁπάντων
3538 2004 3671 2073 (55).
3702 2004 3770 2056 Εἴ
3797 2021 3874 2066 τις

2308 2086 2400 2143 οὖν
2436 2093 2493 2143 ὲν
2531 2095 2641 2156 τοῖς
2677 2093 2866 2163 χιλίοις
2918 2095 3119 2147 εἴκοσιν
3141 2093 3316 2147 ἐτεσιν
3374 2093 3640 2166 ἐπίσημος
3673 2095 3878 2165 ἱστορία

638 2191 902 2252 praeterea
934 2181 1176 2235 nonnulli
1199 2223 1212 2247 ,
1249 2183 1566 2252 diligentius
1593 2165 1951 2253 quam‘Attici
1985 2197 2197 2247 omnes,

2311 2185 2577 2254 τυγχάνει,
2609 2185 2750 2238 κατᾶ
2773 2187 2832 2239 τὸ
2860 2189 3131 2258 χρήσιμον
3157 2187 3530 2260 ὲκλεγήσεται.

635 2277 1060 2344 accuratiusque
1098 2277 1412 2330 meminere.
1476 2276 1698 2346 Itaque,
1759 2279 1805 2331 si
1845 2291 1967 2344 qua:
2006 2275 2150 2330 mille
2209 2289 2273 2330 ac
2324 2277 2510 2348 viginti
2557 2293 2829 2333 annorum
2876 2282 3050 2349 spatio
3103 2282 3262 2351 paulo
3313 2275 3606 2352 insignior"
3628 2289 3875 2337 occurret

646 2373 871 2427 historia
894 2414 908 2437 ,
940 2386 1060 2425 eam
1094 2373 1377 2426 commode
1407 2385 1506 2426 suo
1535 2373 1654 2427 loco
1681 2373 1952 2426 dabimus.

706 2484 802 2539 .lV.
852 2485 1108 2540 Volumus
1139 2485 1323 2555 igitur,
1356 2485 1544 2552 scripti
1576 2485 1738 2539 etiam
1769 2484 1931 2552 hujus
1967 2484 2205 2538 auctori-

641 2587 752 2631 tate
783 2576 938 2646 freti,
970 2574 1206 2645 Ogygem
1240 2565 1390 2627 illum
1425 2575 1516 2642 qui
1544 2616 1558 2636 ,
1595 2574 1739 2642 quod
1781 2573 1990 2626 haustis
2034 2587 2205 2642 aqua-

643 2684 764 2723 rum
797 2668 849 2720 vi
881 2667 1297 2736 quamplurimis
1321 2706 1335 2728 ,
1371 2665 1555 2720 salvus
1593 2673 1647 2719 et
1687 2665 1976 2718 incolumis
2011 2679 2203 2718 evase-

641 2771 726 2821 t'at
747 2802 763 2824 ,
793 2762 967 2828 primo
995 2760 1196 2814 diluvio
1223 2774 1418 2812 nomen
1444 2757 1610 2819 dedit,
1638 2756 1780 2810 circa
1810 2752 2200 2823 tempusillud,

635 2869 752 2922 quo
790 2852 1022 2922 p0pulus
1059 2866 1125 2904 ex
1165 2849 1397 2920 Egypto
1429 2864 1551 2902 cum
1588 2845 1771 2917 Moyse
1802 2845 2089 2914 migravit,
2117 2859 2207 2897 ex-

643 2946 869 2999 stitisse.
913 2942 968 2995 id
1003 2941 1145 3010 quod
1188 2942 1333 2994 hunc
1381 2940 1440 2993 id
1476 2939 1697 2993 modum
1737 2938 2082 2992 conticimus.
2123 2935 2206 2990 Ab

644 3034 825 3106 Ogyge
863 3035 928 3087 ad
968 3035 1196 3103 primam
1235 3030 1606 3102 Olympiadem
1648 3029 1775 3084 anni
1828 3037 2091 3097 putantur
2124 3028 2207 3082 vi-

643 3128 776 3198 ginti
811 3141 975 3197 supra
1007 3125 1192 3192 mille;
1223 3124 1290 3178 ab
1319 3122 1636 3194 Olympiade
1663 3124 1837 3192 prima
1867 3120 1933 3175 ad
1967 3121 2203 3189 primum

642 3215 1111 3286 quinquagesimae
1157 3215 1358 3282 quintae
1398 3209 1600 3267 annum
1627 3255 1640 3276 ,
1685 3212 1778 3280 qui
1819 3213 2028 3279 primus
2053 3213 2203 3263 item

645 3307 770 3376 Cyri
805 3309 944 3376 regis
979 3323 1154 3387 annus
1184 3314 1299 3369 cst,
1333 3304 1585 3371 idemque
1613 3302 1944 3367 captivitatis
1970 3292 2207 3356 Judaicaé

2382 2485 2453 2536 A'.
2501 2481 2682 2551 Φαμὲν
2725 2480 2902 2532 τοίνυν
2947 2480 3009 2533 ἐκ
3041 2497 3098 2531 τε
3135 2480 3243 2550 (56)
3277 2480 3432 2536 τοῦδε
3470 2483 3562 2536 τοῦ
3593 2475 3877 2557 συγγράμ-

2312 2589 2496 2642 ματος,
2518 2574 2768 2639 Ὤγυγον,
2787 2573 2844 2634 ὃς
2867 2574 2960 2626 τοῦ
2993 2575 3205 2646 πρώτου
3242 2578 3878 2651 κατακλυσμοῦ.γέγονεν

2312 2662 2616 2732 ἐπώνυμος,
2649 2664 2760 2730 (57)
2782 2664 2987 2716 πολλῶν
3004 2666 3404 2737 διαφθαρέντων
3420 2670 3725 2737 διασωθεὶς,
3744 2675 3876 2728 κατὰ

2306 2755 2404 2824 τὴν
2423 2756 2688 2821 Αἴγυπτον
2714 2754 2805 2806 τοῦ
2835 2754 2964 2806 λαοῦ
2993 2757 3130 2826 μετά
3152 2759 3428 2823 Μωῦσέως
3459 2760 3630 2826 ἔξοδον
3658 2768 3878 2836 γεγενῆ-

2308 2845 2450 2909 σθαι,
2469 2846 2616 2899 τόνδε
2642 2848 2733 2898 τὸν
2757 2847 2975 2917 τρόπον.
3008 2849 3128 2901 Ἐπὶ
3160 2851 3382 2922 πρώτην
3422 2853 3760 2925 Ὀλυμπιάδα
3786 2864 3870 2931 τὴ.

2307 2932 2726 3010 προειρημένην,
2749 2932 2857 2986 ἀπὸ
2886 2933 3108 3002 Ὠγύγου
3125 2937 3218 3006 ἔτη
3245 2938 3583 3012 δειχθήσεται
3605 2944 3720 3015 (58)
3748 2955 3842 3010 ,ακ¹
3861 2966 3873 2980 ·

2307 3021 2414 3077 ἀπὸ
2459 3023 2514 3075 δὲ
2560 3022 2781 3110 πρώτης
2830 3025 3185 3095 Ὀλυμπιάδος
3228 3031 3319 3084 ἐπὶ
3347 3033 3446 3102 τῆς
3477 3041 3549 3086 νε⁹
3583 3035 3705 3100 ἔτος
3734 3039 3877 3107 πρῶ·

2306 3132 2415 3180 τον,
2471 3118 2743 3170 τουτέστιν
2789 3120 2886 3171 ἐπὶ
2921 3121 3111 3192 -Κύρου
3159 3125 3422 3194 βασιλέως
3469 3129 3588 3193 ἔτος
3641 3133 3876 3202 πρῶτον,

2305 3209 2441 3280 ὅπερ
2465 3204 2531 3279 ἦν
2564 3211 2939 3280 αἰχμαλωσίας
2967 3214 3117 3278 τέλος
3139 3255 3152 3276 ,
3187 3218 3280 3287 ἔτη
3313 3219 3431 3283 σις’.
3482 3221 3610 3275 Ἀπὸ
3653 3224 3877 3293 Ὠγύγου

2305 3303 2483 3354 τοίνυν
2517 3305 2607 3355 ἐπὶ
2640 3303 2840 3375 Κῦρον,
2877 3305 2968 3375 ἔτη
3011 3307 3191 3371 ,ασλζ’.
3221 3310 3342 3362 Εἰδ’
3360 3313 3617 3383 ἀναφέρει
3644 3331 3732 3378 τις
3767 3317 3878 3368 ἐπι-

646 3397 801 3460 tinis,
833 3397 961 3449 anni
992 3393 1379 3463 septemdecim
1411 3408 1574 3461 supra
1619 3390 1887 3445 ducentos
1917 3409 1931 3456 ;
1975 3407 2102 3460 ergo
2137 3391 2204 3444 ab

2311 3391 2670 3462 λογιζόμενος,
2692 3395 2798 3446 ἀπὸ
2820 3394 2913 3447 τοῦ
2947 3396 3133 3460 τέλους
3160 3399 3260 3468 τῆς
3294 3403 3691 3471 αἰχμαλωσίας,
3723 3407 3878 3472 ,ασλς

645 3489 827 3558 Ogyge
865 3486 930 3539 ad
968 3484 1172 3556 Cyrum
1217 3498 1421 3552 usque,
1463 3483 1591 3535 anni
1622 3482 1842 3552 triginta
1877 3489 2078 3547 septem
2113 3496 2205 3533 su-

645 3595 740 3648 pra
775 3579 921 3632 mille
948 3594 1012 3632 ac
1040 3578 1304 3632 ducentos
1339 3590 1530 3629 omnes
1559 3573 1907 3643 colliguntur.
1938 3570 2080 3636 Jam,
2110 3570 2204 3638 qui

645 3687 863 3725 sursum
907 3685 1096 3725 versus
1123 3671 1190 3724 ab
1220 3671 1367 3722 exitu
1399 3668 1725 3738 captivitatis
1755 3681 1924 3720 annos
1964 3673 2208 3718 retexere

645 3765 907 3828 voluerit,
934 3763 980 3817 is
1007 3763 1222 3833 triginta
1256 3772 1460 3830 septem
1490 3776 1653 3829 supra
1686 3759 1831 3814 mille
1853 3773 1917 3812 ac
1943 3757 2206 3811 ducentos

649 3856 969 3910 revolvenda
999 3855 1341 3920 numerabit;
1377 3855 1477 3907 hoc
1501 3862 1583 3907 est
1612 3852 1751 3905 idem
1783 3866 2004 3920 prorsus
2037 3850 2206 3904 inter-

647 3949 844 4001 vallum
895 3947 966 4002 ad
996 3963 1119 4002 eum
1175 3962 1348 4017 usque
1391 3961 1638 4009 annum,
1688 3961 1795 4014 quo
1847 3942 2082 4012 primum
2133 3955 2200 3994 ex

2311 3481 2440 3552 ἔτη·
2499 3483 2634 3536 κατὰ
2682 3485 2934 3537 ἀνάλυσιν
2991 3488 3298 3559 εὑρίσκεται
3346 3494 3538 3546 ταυτὸν
3584 3495 3879 3569 διάστημα,

2313 3573 2405 3624 ἐπὶ
2440 3573 2500 3625 τὸ
2529 3575 2740 3643 πρῶτον
2768 3577 2884 3640 ἔτος
2913 3578 3012 3650 τῆς
3043 3581 3150 3634 άπὸ
3184 3582 3453 3650 Αἰγύπτου
3478 3585 3564 3640 διὰ
3596 3589 3880 3654 Μωῦσέως

2312 3662 2486 3726 ἐξόδου
2533 3665 2745 3737 Ἰσραὴλ
2765 3708 2778 3730 ,
2811 3669 3065 3724 ὅσον-ἀπὸ
3096 3672 3195 3742 τῆς
3224 3679 3588 3749 πεντηκοστῆς
3618 3680 3882 3753 πέμπτης

2325 3754 2681 3826 Ὀλυμπιάδος
2739 3761 2829 3812 ἐπὶ
2897 3763 3160 3830 Ὤγυγον,
3211 3765 3268 3828 ὃς
3316 3765 3524 3842 ἔκτισεν
3580 3772 3878 3828 Ἐλευσῖνα.

2315 3846 2478 3900 Ὅθεν
2521 3849 2919 3923 ὲπισημότερόν
2961 3857 3073 3908 ἐστι
3122 3857 3448 3912 καταλαϐεῖν
3478 3861 3578 3932 τὴν
3602 3863 3881 3940 ,.Ἀττικὴν

2315 3956 2507 4012 χρονογ
2517 3941 2732 4009 ραφίαν.

651 4039 882 4111 IEgypto
903 4058 994 4111 per
1014 4042 1251 4114 Moysem
1269 4042 1497 4094 eductus
1513 4039 1674 4094 Israel
1690 4050 1792 4103 est,
1809 4037 1954 4108 'quod
1972 4037 2069 4090 alis
2082 4035 2530 4105 quinquagesima
2549 4037 2736 4104 quinta
2753 4035 3067 4108 Olympiade
3085 4040 3150 4095 ad
3169 4039 3425 4113 Ogygem,
3446 4045 3538 4112 qui
3567 4045 3878 4101 Eleusinem

651 4133 919 4200 condidit,
957 4149 1246 4188 excurrere
1284 4133 1490 4187 dictum
1528 4140 1630 4186 est.
1672 4138 1845 4200 Atque
1878 4128 2002 4184 inde
2021 4128 2238 4198 quidem
2263 4127 2529 4198 insignius
2548 4128 2734 4182 Attica:
2756 4129 3120 4201 chronologiae
3151 4130 3475 4204 principium
3507 4136 3630 4192 duci
3662 4147 3865 4206 potest.

725 4219 788 4272 V.
834 4220 1028 4277 Verum
1053 4225 1120 4277 de
1146 4233 1388 4292 tempore
1412 4223 1645 4292 Ogygem
1673 4231 1992 4291 antegressa
2023 4220 2209 4272 hacte-

653 4330 775 4368 nus.
804 4312 1065 4370 Caaterum
1099 4316 1246 4370 illius
1273 4326 1552 4384 tempore,
1591 4316 1824 4368 excessit
1864 4313 1932 4366 ab
1972 4308 2206 4380 Egyplo

653 4405 896 4474 Moyses:
939 4406 992 4458 id
1029 4408 1173 4474 quod
1211 4406 1322 4459 veri
1361 4423 1525 4476 quam
1568 4406 1744 4459 simile
1795 4406 1898 4466 sit,
1954 4404 2101 4456 hunc
2149 4401 2204 4453 in

653 4495 874 4549 modum
903 4496 1250 4550 ostendimus.
1281 4498 1363 4550 Ab
1389 4497 1537 4550 exitu
1565 4495 1765 4565 Moysis
1790 4495 1855 4547 ad
1883 4493 2082 4562 Cyrum
2109 4491 2202 4559 qui

2367 4217 2441 4268 E'.
2468 4217 2575 4268 Καὶ
2597 4217 2830 4270 τοσαῦτα
2855 4219 2952 4288 μὲν
2972 4219 3073 4290 πρὸ
3106 4220 3349 4289 Ὠγύγου.
3372 4225 3524 4278 Κατὰ
3547 4225 3603 4277 δὲ
3620 4228 3751 4289 τοὺς
3771 4229 3882 4281 τού-

2314 4325 2405 4360 του
2428 4310 2668 4379 χρόνους,
2684 4309 2872 4380 ἐξῆλθε
2889 4301 3125 4380 Μωῦσῆς
3148 4314 3242 4364 ἀπ’
3257 4315 3526 4382 Αἰγύπτου
3547 4334 3559 4346 .
3586 4319 3682 4370 καὶ
3697 4319 3774 4382 ὡς
3788 4321 3884 4375 οὐκ

2314 4398 2536 4450 ἄπιστον
2569 4399 2688 4450 τότε
2706 4398 2878 4450 ταῦτα
2903 4397 3192 4466 συμϐῆναι,
3219 4401 3502 4471 δείκνυμεν
3529 4402 3721 4465 οὕτως.
3756 4406 3882 4458 Ἀπὸ

2312 4488 2412 4557 τῆς
2438 4488 2615 4554 ἐξόδου
2629 4489 2903 4549 Μωῦσέως
2920 4488 3009 4539 ἐπὶ
3022 4489 3100 4540 Κῦ
3111 4506 3217 4560 ρον,
3233 4493 3290 4554 ὃς
3303 4493 3612 4545 ἐϐασίλευσε
3633 4497 3775 4563 μετὰ
3790 4499 3882 4565 τὴν

652 4594 776 4653 post
809 4585 1169 4654 captivitatem
1206 4588 1480 4654 regnavit,
1510 4587 1636 4639 anni
1670 4592 1929 4654 putantur
1960 4581 2107 4633 mille
2142 4594 2204 4633 ac

2311 4579 2701 4648 αἰχμαλωσίαν,
2727 4578 2820 4646 ἔτη
2853 4578 3029 4642 ,ασλζ’.
3067 4583 3341 4645 Μωῠσέως
3362 4584 3471 4652 γὰρ
3501 4583 3592 4652 ἔτη
3622 4585 3692 4638 τὰ
3724 4585 3884 4640 λοιπά

652 4680 869 4732 ducenti
910 4692 1030 4730 cum
1070 4677 1287 4745 triginta
1324 4685 1546 4744 septem.
1590 4675 1788 4743 Moysis
1821 4673 1964 4725 enim
2009 4669 2200 4738 reliqui

2311 4672 2726 4740 τεσσαράκοντα.
2785 4670 2957 4738 Ἰησοῦ
3001 4672 3092 4726 τοῦ
3136 4676 3249 4743 μετ’
3273 4677 3474 4726 ἐκεῖνον
3509 4675 3878 4746 ἡγησαμένου,

652 4772 720 4824 ah
759 4785 978 4839 egressu
1019 4769 1144 4822 anni
1184 4767 1538 4835 quadraginta
1579 4775 1743 4827 sunt;
1795 4762 1952 4820 Jesu.
1993 4761 2084 4831 qni
2125 4777 2204 4815 se-

2311 4761 2406 4832 ἐτη
2419 4761 2910 4835 κε’,πρεσϐυτέρων
2942 4762 3034 4833 ἔτη
3057 4764 3119 4826 λ’,
3143 4765 3248 4817 τῶν
3284 4765 3418 4834 μετὰ
3442 4764 3615 4833 Ἰησοῦ
3645 4769 3874 4838 κριτῶν·

652 4858 889 4909 cundum
908 4857 1054 4909 illum
1077 4856 1272 4924 populo
1302 4854 1617 4908 deducendo
1636 4853 1864 4922 praefuit,
1887 4853 2124 4922 quinque
2151 4867 2204 4904 ac

2311 4853 2417 4904 τῶν
2434 4852 2490 4904 δὲ
2507 4855 2562 4904 ὲν
2586 4852 2650 4920 τῇ
2676 4849 2836 4921 βίϐλῳ
2852 4852 2954 4904 τῶν
2972 4855 3013 4905 Κ
3027 4855 3186 4924 ριτῶν
3204 4855 3621 4925 περιεχομένων,
3652 4858 3751 4929 ἐτη
3778 4865 3881 4928 UL."

653 4949 878 5014 viginti;
922 4949 1228 5011 seniorum,
1269 4946 1362 5015 qui
1395 4953 1518 5013 post
1554 4941 1738 4996 Jcsum
1778 4943 1985 5009 judices
2023 4944 2204 5004 tuere,

2313 4942 2499 5010 ίερέων
2526 4929 2584 4992 δὲ
2624 4941 2766 4992 Ἠλεὶ
2790 4944 2879 4995 καὶ
2896 4945 3142 5015 Σαμουὴλ
3162 4942 3254 5015 ἔτη
3279 4951 3326 5009 1.]
3349 4962 3360 4974 ο
3381 4945 3484 4997 τῶν
3512 4947 3568 4998 δὲ
3584 4947 3714 5018 ἑξῆς
3731 4951 3886 5020 βασιο,

657 5039 870 5104 uiginta
905 5056 918 5099 :_
953 5039 1199 5105 judicum
1238 5039 1480 5091 omnium
1515 5077 1528 5101 ,
1571 5035 1663 5103 qui
1701 5035 1923 5102 pr0prio
1965 5033 2204 5115 ipsorum

2311 5023 2728 5102 λέων³⁹Ε6ραίων
2742 5033 2833 5104 ἕτη
2853 5036 3174 5104 τετρακόσια
3205 5034 3351 5106 ιίσῆς
3381 5037 3878 5113 τὸτελευταῖον(59)

654 5129 791 5181 Lbro
833 5131 1196 5192 continentur,
1219 5129 1511 5198 nonaginta
1535 5142 1698 5194 supra
1739 5125 2166 5194 quadringentos
2192 5140 2204 5186 ;

2311 5122 2423 5183 ἔτος
2435 5118 2500 5191 ἦν
2515 5121 2694 5193 Κύρου
2715 5124 2983 5192 βασιλείας
2997 5126 3111 5188 ἔτος
3127 5125 3433 5196 πρῶτον,ώς
3456 5133 3877 5203 προειρήκαμεν.

655 5221 996 5276 sacerdotum
1016 5219 1163 5273 Eliet
1181 5219 1427 5283 Samuel,
1469 5216 1796 5283 nonaginta;
1823 5212 2271 5280 consequentium
2287 5225 2472 5278 regum
2505 5209 3178 5280 llebrteorummonaginta
3215 5230 3378 5279 supra
3415 5218 3844 5289 quadringentos
3865 5261 3876 5282 ,

657 5320 962 5379 sequuntur
999 5309 1323 5376 captivitatis
1361 5308 1702 5376 septuaginta
1732 5322 1745 5369 ;
1777 5305 1935 5372 cujus
1963 5314 2268 5370 postremus
2296 5314 2473 5354 annus
2501 5303 2648 5369 regni
2686 5302 2810 5372 Cyri
2833 5304 3042 5372 primus
3081 5299 3212 5364 fuit,
3245 5312 3302 5354 ut
3324 5303 3436 5371 jam
3465 5318 3588 5361 ante
3613 5308 3875 5365 diximus.

2317 5482 2409 5526 aut
2441 5473 2640 5542 aliquid
2672 5473 2819 5527 aliud
2870 5471 3124 5539 postulat.
3160 5471 3233 5524 ln.

2391 5545 2499 5614 (57)
2527 5545 2684 5598 Κατὰ
2708 5546 2821 5614 ῖὴξι
2847 5543 3296 5614 Αῖγη-κττονηνυῖ
3337 5545 3451 5600 hac
3499 5547 3750 5612 delenda,
3800 5552 3877 5604 vel

2314 5610 2677 5685 reponendum
2713 5610 2803 5685 ἀπ’
2857 5611 3154 5685 Αἰγύπτουἱ
3184 5613 3255 5668 lo,

2393 5677 2502 5755 (38)
2535 5683 2930 5755 ᾼειχϊῌξσεται.
2961 5681 3045 5755 Fu:
3065 5692 3111 5734 te
3137 5682 3451 5755 δεικνύεται.
3484 5684 3556 5738 lt).

2393 5751 2499 5824 (59')
2537 5753 2636 5816 ’Hg
2665 5752 3111 5824 τὸτελευταῖον.
3155 5754 3307 5807 Deest
3352 5759 3436 5808 hic
3479 5754 3705 5822 aliquid.
3758 5751 3875 5824 0H0

2324 5845 2461 5884 3mm
2486 5820 2553 5877 ’τὸ
2577 5825 2641 5896 ἧς
2677 5820 2974 5875 I‘cleratur?
3012 5821 3168 5876 Forte
3219 5836 3339 5878 ante
3391 5826 3534 5878 hunc
3569 5820 3878 5883 articulum

727 5488 839 5556 (55)
876 5485 1064 5540 Ταῦτα
1092 5481 1198 5552 γὰρ
1219 5541 1223 5547 _
1477 5487 1662 5556 ἱστορ.
1694 5480 1873 5532 Malim
1906 5478 2073 5531 ταῦτα
2105 5478 2211 5547 γὰρ

659 5551 977 5625 ἱστοροῦσιν,
1025 5551 1200 5625 deleto
1245 5551 1774 5625 Ἀθηναέιυνηνιοειι.

731 5621 862 5693 (55⁸)
887 5625 991 5678 Καὶ
1024 5623 1139 5675 τῶν
1167 5622 1282 5674 Ἀτ.
1306 5621 1403 5693 ᾶπΣ
1425 5621 1603 5693 _\'ertit
1637 5623 1895 5687 interpres
1924 5621 2096 5689 quasi,
2117 5633 2211 5671 ex-

664 5689 857 5763 puncto
903 5693 1016 5755 καί,
1054 5693 1346 5762 genitivum
1393 5689 1645 5763 ’ςᾏττικῷν
1679 5693 1742 5741 ad
1785 5694 2206 5759 comparativum

660 5759 1041 5833 ἀκριϐέστερον
1061 5759 1364 5833 ﬁni-tulisset.
1385 5759 1553 5833 libri.
1586 5760 1818 5815 l’n‘nOL.

733 5829 845 5899 ως)
900 5829 999 5884 Ἐκ
1033 5848 1114 5886 τε.
1158 5829 1429 5887 Particula
1485 5846 1538 5880 τε
1590 5841 1677 5884 aut
1728 5835 2077 5901 expung-rnda
2113 5841 2214 5897 est,
