4038 6352
191 443 279 501 it?
1408 446 1409 449 “
1666 457 1679 494 λ

1781 440 1870 493 ΓΑ.
2078 482 2094 496 ,
3176 412 3179 414 ’
3267 434 3375 487 iis

190 563 519 622 catechizavit
543 581 664 620 eum
693 574 785 618 tet
821 564 1036 617 allatam
1065 577 1261 634 aquam
1285 563 1350 616 de
1375 561 1589 633 lympha
1618 575 1718 630 pu—
1750 566 1796 621 Α
1821 555 2059 627 peccavi.
2087 555 2298 612 Eadem
2321 555 2454 609 hora
2481 553 2765 608 subridens
2792 552 3109 609 Alexander.
3152 552 3369 605 tradidit

192 659 374 726 tei,qui
396 667 517 712 erat
539 659 592 710 in
618 657 802 711 eadem
836 657 1016 715 domo.
1044 655 1316 709 benedixit
1347 695 1360 706 .
1394 663 1446 706 et
1473 652 1717 720 deposito
1818 663 1941 701 eum
1976 647 2189 702 cuidam
2220 645 2496 714 Simplicio
2531 646 2786 709 senatori,
2819 646 3001 699 dicens
3030 661 3045 699 :
3073 635 3220 695 Habe
3241 657 3362 698 eum

190 743 424 798 Palmatio
454 745 509 797 in
533 745 728 814 pelvim
751 728 892 812 ’(15),
918 745 1052 797 dixit
1074 746 1120 796 ei
1149 743 1204 797 S.
1233 743 1474 798 Calixtus
1500 743 1715 810 episco-
1815 751 1979 805 penes
2003 746 2054 791 te
2079 736 2197 792 sine
2229 736 2412 806 aliquo
2457 735 2650 788 timore
2693 751 2709 800 ;
2739 742 2790 787 et
2819 734 3069 788 mollibus
3096 731 3364 787 sermoni-

187 849 271 903 pus
295 852 306 888 :
332 833 520 888 Credis
551 830 618 887 ex
649 843 760 888 toto
790 836 952 888 corde
983 835 1040 899 in.
1076 830 1240 888 Deum
1284 832 1496 887 Patrem
1536 832 1714 886 omni-
1814 828 1918 882 bus
1942 837 2130 884 revoea
2157 844 2279 884 eum
2317 830 2382 881 ad
2426 818 2692 881 culturam
2726 826 2978 887 deorum;
3017 824 3178 878 talem
3219 823 3364 878 enim

187 915 450 992 potentem,
481 922 744 979 factorem
773 925 1066 979 visibilium
1094 935 1147 977 et
1188 923 1574 978 iuvisibilium?
1610 921 1715 981 Re-
1815 916 2089 974 hominem
2127 919 2452 988 Respublica
2489 917 2855 972 necessarium
2902 915 3081 970 habet.
3132 910 3364 984 Accepto
3405 988 3413 1000 ε

185 1013 693 1081 sponditPalinatius
727 1033 738 1067 :
774 1014 965 1068 Credo.
1013 1013 1076 1067 Et
1114 1014 1248 1067 dicit
1276 1014 1322 1067 ei
1359 1009 1399 1067 εί
1418 1013 1482 1066 Et
1528 1013 1579 1066 in
1626 1011 1713 1065 Je—
1813 1009 2111 1077 Palmatio,
2166 1005 2476 1079 Simplicius
2529 1008 3112 1064 senator‘vestimenta
3160 1004 3362 1060 nobilia
3407 1005 3423 1030 ‘-

184 1117 281 1155 sum
313 1101 608 1164 Christum,
647 1102 838 1156 Filium
874 1103 990 1172 ejus
1023 1103 1163 1173 (16)?
1186 1103 1455 1158 Etiterum
1487 1118 1707 1171 respon-
1811 1103 1970 1156 allata
2018 1103 2192 1156 induit
2239 1117 2385 1164 eum,
2425 1109 2479 1154 et
2517 1101 2669 1154 duxit
2712 1100 2765 1152 in
2799 1100 3018 1154 domum
3058 1113 3228 1152 suam.
3257 1096 3362 1161 Qui

180 1194 244 1246 dit
288 1213 298 1246 :
347 1193 538 1248 Credo.
573 1194 636 1258 Et
667 1193 803 1248 dixit
826 1194 875 1248 ei
911 1214 923 1247 :
956 1194 1020 1248 Et
1051 1195 1104 1248 in
1143 1195 1401 1263 Spiritum
1439 1204 1708 1261 sanctum;
1813 1193 2126 1263 Simplicius
2156 1192 2410 1263 pracepit
2439 1191 2588 1246 uxori
2617 1207 2747 1253 suae,
2771 1199 2822 1244 et
2853 1189 3148 1258 majoribus
3171 1187 3360 1240 domus

180 1283 446 1338 Ecclesiam
502 1284 835 1338 Catholicam
858 1328 871 1348 ,
921 1287 1292 1340 remissionem
1346 1297 1707 1353 peccatorum,
1810 1300 1940 1351 suae,
1979 1293 2037 1338 ut
2069 1277 2290 1338 omnem.
2321 1283 2550 1351 domum
2595 1282 2852 1348 Simplicii
2885 1282 2937 1335 in
2967 1297 3063 1335 sua
3102 1289 3360 1350 potestate

179 1377 334 1430 carnis
370 1377 862 1430 resurrectionem?
896 1375 959 1429 Et
989 1378 1314 1432 exclamavit
1347 1393 1477 1432 voce
1511 1393 1708 1447 magna
1809 1377 2046 1431 haberet.
2083 1377 2235 1430 Tunc
2274 1375 2569 1429 Palmatius
2597 1374 2816 1443 jejuniis
2842 1383 2894 1427 et
2915 1375 3251 1427 orationibus
3289 1375 3363 1426 vi-

179 1482 280 1518 cum
328 1466 579 1536 lacrymis
631 1465 925 1520 Palmatius
961 1487 972 1519 :
1016 1467 1210 1534 Credo,
1241 1466 1481 1520 Domine.
1510 1467 1705 1522 Eadem
1807 1470 2055 1536 giliarum
2094 1483 2314 1532 vacans,
2341 1482 2448 1520 non
2477 1467 2719 1520 cessabat
2758 1481 2880 1520 cum
2907 1466 3158 1536 lacrymis
3194 1463 3366 1520 Deum

179 1557 288 1610 hora
320 1559 476 1626 coepit
504 1558 736 1612 clamare
777 1567 828 1610 et
854 1558 1034 1612 dicere
1066 1577 1077 1610 :
1111 1557 1247 1611 Vere
1277 1557 1385 1611 vidi
1421 1557 1703 1612 Dominum
1779 1558 2017 1621 .Patrem
2037 1560 2456 1626 omnipotentem
2486 1571 2661 1618 orare,
2688 1565 2740 1610 et
2763 1556 2946 1611 Iesum
2976 1557 3245 1610 Christum
3270 1555 3365 1610 Fi-

175 1646 332 1699 JeSIlm
379 1646 650 1701 Christum
699 1661 883 1699 rerum
942 1647 1146 1709 lumen,
1189 1645 1281 1715 qui
1317 1659 1403 1699 me
1443 1644 1709 1700 illumina-
1803 1649 1932 1702 lium
1964 1648 2102 1716 ejus,
2128 1645 2566 1716 utpaenitentiam
2590 1655 2767 1714 ageret
2797 1648 2863 1700 de
2887 1659 3068 1699 errore
3097 1661 3214 1702 suo.

175 1740 238 1791 rit
266 1739 389 1806 (l7).
420 1738 716 1806 Baptizavit
745 1745 926 1790 autem
973 1747 1026 1790 et
1063 1753 1277 1791 omnem
1316 1738 1533 1790 domum
1577 1735 1704 1791 Pal-
1873 1741 1923 1791 5.
1966 1737 2192 1790 Veniens
2221 1747 2397 1790 autem
2430 1737 2492 1787 ad
2519 1752 2640 1789 eum
2676 1737 2895 1804 quidam
2925 1736 3071 1789 Felix
3118 1736 3352 1796 nomine,

174 1828 318 1890 inatii,
351 1838 402 1880 et
431 1843 653 1880 uxorem
695 1836 748 1878 et
793 1827 952 1892 ﬁlios,
983 1838 1036 1881 ct
1067 1828 1362 1896 promiscui
1402 1841 1564 1880 sexus
1603 1841 1702 1879 nu-
1735 1895 1747 1896 γ
1802 1830 1956 1896 cujus
1987 1843 2121 1880 uxor
2155 1826 2345 1880 eliriica
2375 1826 2588 1892 jaccbat
2632 1826 2787 1878 annis
2830 1836 3065 1895 quatuor
3107 1826 3157 1878 in
3194 1824 3367 1889 lecto,.

173 1932 301 1968 mero
338 1917 692 1984 quadraginta
729 1917 885 1969 duos.
914 1916 999 1968 Ab
1033 1895 1221 1970 eadem
1260 1915 1348 1966 die
1386 1913 1549 1980 coepit
1581 1911 1702 1977 Pali
1733 1895 1771 1948 Β
1801 1895 1946 1974 misit
1975 1932 2032 1971 se
2058 1918 2124 1970 ad
2158 1920 2319 1984 pedes
2349 1917 2618 1981 Palinatii,
2642 1917 2858 1970 dicens:
2911 1914 3203 1968 Confessoi'
3243 1913 3350 1977 Do.-

172 2006 343 2059 inatius
369 2021 583 2058 omnem
619 2004 929 2059 facultatem
961 2021 1113 2060 suam
1167 2002 1496 2073 pauperibus
1538 2001 1696 2054 Chri-
1798 2010 1927 2062 mini
1962 2010 2132 2064 nostri
2164 2007 2290 2063 Jesu
2319 2002 2540 2072 Christi,
2559 2023 2718 2061 exora
2748 2022 2844 2076 pro
2869 2006 3059 2059 ancilla
3078 2014 3166 2058 tua
3183 2020 3360 2077 uxore

172 2097 337 2149 stianis
380 2110 619 2164 erogare,
650 2097 966 2164 perquirens
997 2097 1246 2164 regiones
1272 2101 1326 2148 et
1367 2100 1601 2162 cryptas,
1639 2103 1697 2144 ut
1746 2079 1751 2084 l
1798 2116 1915 2154 mea
1969 2101 2190 2166 Blanda,
2229 2109 2300 2154 ut
2340 2099 2596 2154 liberetur
2627 2099 2692 2152 de
2735 2098 2874 2152 lecto
2924 2096 3126 2151 doloris
3170 2094 3348 2166 et'ego

171 2187 449 2254 ubicunque
474 2188 737 2241 inveniret
770 2195 865 2241 aut
891 2186 943 2239 in
978 2187 1223 2240 custodia
1264 2196 1358 2238 aut
1401 2185 1695 2236 absconsos
1797 2193 2083 2260 percipiam
2122 2192 2449 2260 baptismum
2490 2205 2612 2245 cum
2639 2205 2735 2254 ea;
2763 2190 2888 2258 quia
2914 2189 3008 2248 diu
3044 2198 3160 2254 est,
3203 2191 3356 2258 quod.

167 2279 498 2340 Christianos,
550 2279 618 2332 de
664 2278 1017 2335 facultatibus
1051 2277 1166 2332 suis
1198 2277 1397 2332 victum
1425 2275 1507 2328 vel
1545 2285 1696 2345 tegu-
1797 2283 1984 2336 morbo
2006 2282 2298 2351 paralytico
2327 2290 2540 2335 tenetur
2566 2289 2617 2334 et
2637 2279 2748 2347 jam
2776 2278 3005 2364 facqltas
3046 2289 3224 2333 nostra
3253 2280 3380 2334 de--'

167 2378 380 2422 mentum
417 2369 770 2423 ministraret.
983 2415 986 2418 .
1021 2416 1028 2422 .
1797 2371 1934 2425 fecit.
1971 2370 2121 2426 Tune
2158 2371 2453 2425 Palmatius
2476 2413 2489 2433 ,
2533 2379 2798 2439 praesente
2841 2385 3010 2423 uxore
3047 2369 3341 2445 Simplicii,

221 2461 268 2535 ιτ
297 2460 422 2515 Post
449 2461 564 2515 dies
588 2476 717 2535 vero
767 2463 991 2530 triginta
1047 2462 1184 2513 duos
1227 2458 1359 2528 (18),
1403 2458 1695 2528 requiritur
1793 2461 1987 2514 cecidit
2007 2462 2059 2514 in
2085 2471 2303 2523 terrain,
2335 2473 2386 2513 et
2415 2476 2538 2513 eum
2578 2460 2829 2529 lacrymis
2851 2475 3005 2514 orare
3035 2462 3195 2529 comit
3221 2478 3370 2518 eum.

163 2534 430 2606 Palmatius
457 2553 524 2605 ab
576 2553 903 2630 Alexandro,
941 2551 1026 2605 cui
1070 2553 1374 2604 nuntiatum
1422 2560 1525 2612 est,
1568 2552 1693 2618 quia
1794 2550 1968 2604 Felice
1993 2551 2212 2605 dicens:
2241 2551 2465 2605 Domine
2495 2551 2653 2613 Deus,
2685 2551 2775 2618 qui
2798 2551 3110 2630 illuminasti
3131 2567 3348 2607 servum

161 2641 474 2696 Christianus
533 2651 635 2708 est,
684 2651 734 2696 et
754 2643 906 2719 “aliis
952 2642 1162 2698 suadet.
1199 2641 1349 2710 Tunc
1389 2641 1693 2696 Alexander

158 2731 299 2798 jussit
319 2747 436 2785 eum
471 2732 970 2801 praesentari._Qui
1019 2748 1140 2786 cum
1187 2740 1367 2785 tentus
1422 2731 1611 2785 fuisset
1660 2747 1691 2784 a

161 2823 372 2888 quodam
402 2823 675 2894 Torquato
703 2825 939 2888 tribuno,
972 2833 1024 2877 et
1059 2824 1261 2878 missus
1302 2823 1353 2876 in
1385 2823 1686 2877 custodiam

160 2899 431 2969 Mamertini
456 2913 597 2982 (l9);
623 2922 746 2981 post
771 2913 1006 2967 triduum
1040 2911 1151 2982 (20)
1175 2911 1428 2966 indicavit
1455 2913 1688 2964 Alexan-

160 2997 245 3054 dro
273 2995 588 3069 Torquatus,
620 2997 943 3056 Palmatium
997 3004 1050 3056 in
1105 3004 1350 3058 custodia
1416 3001 1687 3068 mancipa-

160 3097 280 3142 tum.
311 3091 454 3146 Tune
487 3095 790 3149 Alexander
812 3099 1050 3163 gaudens
1073 3095 1234 3164 jussit
1266 3109 1388 3148 eum
1420 3090 1522 3144 sihi
1552 3106 1689 3158 pra-

158 3181 356 3233 sentari.
383 3180 445 3234 Et
464 3184 676 3236 vinctus
699 3185 904 3238 catenis
933 3183 1228 3237 Palmatius
1253 3179 1547 3249 ingreditur
1564 3187 1686 3232 ante

156 3269 512 3326 Alexandrum.
538 3272 708 3337 Quem
735 3291 857 3328 cum
899 3276 1142 3339 vidisset,
1174 3271 1337 3340 jussit
1368 3285 1489 3324 eum
1524 3270 1681 3334 solvi,

154 3369 200 3412 et
223 3360 346 3414 dixit
372 3363 418 3415 ei
451 3382 465 3417 :
516 3363 607 3416 Sic
637 3381 825 3439 amens
856 3365 1028 3418 factus
1061 3379 1141 3425 es,
1168 3378 1202 3415 ο
1233 3361 1477 3422 Palmati,
1518 3371 1575 3416 ut
1602 3363 1687 3416 de-

155 3465 286 3505 seras
337 3454 478 3517 dens,
532 3465 583 3509 et
631 3473 842 3526 quaeras
893 3467 944 3509 et
1009 3457 1156 3507 colas
1217 3455 1490 3508 hominem
1543 3471 1687 3509 mor-

153 3550 285 3594 tuum
317 3545 458 3616 (Si)?
489 3546 785 3600 Palmatius
820 3547 1002 3600 tacuit.
1050 3544 1194 3598 Dixit
1241 3548 1286 3599 ei
1334 3547 1634 3600 Alexander
1669 3566 1680 3599 :

153 3629 369 3700 Loquere
395 3637 712 3690 liducialiter
741 3656 751 3689 :
794 3654 858 3688 ne
898 3637 1110 3688 timeas.
1144 3635 1440 3703 Resimniiit
1468 3637 1682 3690 Palma-

154 3722 250 3775 tius
275 3725 447 3779 dicens
473 3744 486 3779 :
517 3726 571 3778 Si
603 3728 742 3779 datis
767 3727 1056 3786 licentiam,
1088 3726 1360 3792 loquimur
1386 3729 1679 3780 veritatem.

157 3807 284 3864 Dixit
318 3815 360 3867 ei
412 3816 714 3869 Alexander
745 3835 758 3868 :
804 3815 1041 3883 Excepta
1085 3817 1309 3870 deorum
1347 3818 1562 3886 injuria,
1598 3818 1682 3870 lo-

153 3915 312 3967 quere.
341 3904 482 3958 Dixit
509 3907 558 3957 ei
587 3906 883 3959 Palmatius
914 3926 926 3959 :
957 3905 1168 3975 Optime
1196 3907 1460 3974 princeps,
1495 3909 1537 3960 si
1584 3909 1681 3960 ad-

149 4003 320 4059 vertas,
337 4011 444 4049 non
468 4003 597 4050 sunt
621 3997 716 4062 dii,
734 3997 826 4051 sed
853 4007 979 4052 sunt
1000 3998 1207 4053 factura
1229 4001 1511 4054 hominum
1536 3987 1681 4054 mor;

150 4085 330 4139 talium.
356 4086 512 4141 Modo
536 4087 754 4156 quidem
780 4091 1071 4156 cognoscat
1097 4091 1453 4145 mansuetudo
1479 4101 1676 4154 vestra,

149 4176 228 4234 (iui
251 4178 428 4233 debent
455 4179 562 4232 coli
595 4197 608 4232 :
639 4179 732 4248 qui
767 4189 892 4232 sunt
915 4189 1008 4234 aut
1039 4179 1377 4234 fabricantur
1405 4197 1435 4235 a
1477 4193 1679 4235 morta‘

150 4263 290 4332 libus,
308 4270 485 4337 quales
519 4270 648 4332 sint,
681 4285 776 4324 vos
810 4271 1067 4339 judicate.
1104 4271 1210 4326 Sed
1239 4288 1432 4340 precor
1465 4289 1566 4341 ego
1595 4275 1678 4328 in-

151 4356 258 4410 felix
286 4360 575 4414 claritatem
605 4371 838 4414 vestram
876 4380 889 4415 :
920 4363 1071 4416 dicas
1100 4363 1202 4417 deo
1241 4372 1336 4416 tuo
1378 4372 1436 4415 ut
1484 4364 1674 4432 loqua-

149 4452 240 4508 tur,
268 4457 310 4499 et
335 4464 455 4503 cum
485 4450 906 4516 interrogavere,
933 4455 1254 4521 respondeat
1288 4473 1300 4508 :
1331 4465 1384 4508 et
1412 4471 1533 4507 eum
1572 4456 1673 4510 hoc

1793 2650 1966 2704 tuum,
2015 2641 2082 2695 da
2135 2641 2264 2694 mihi
2319 2642 2492 2694 lucem
2527 2651 2784 2694 aeternam
2819 2639 2999 2694 Jesum
3026 2627 3340 2708 Christum:

1791 2731 1936 2783 salva
1965 2731 2210 2784 ancillam
2243 2740 2387 2784 tuam
2409 2728 2688 2792 Blandam,
2713 2742 2764 2783 et
2787 2731 2954 2785 alleva
2977 2723 3095 2786 eam
3118 2733 3182 2787 dc
3207 2734 3367 2788 lecto.

1790 2819 2024 2873 doloris:
2059 2829 2117 2872 ut
2144 2829 2473 2887 cognoscant
2500 2834 2686 2874 omnes
2714 2860 2731 2884 ,
2778 2821 2916 2888 quia.
2946 2832 3002 2874 tu
3041 2837 3101 2875 es
3131 2832 3343 2878 creator.

1789 2911 2029 2963 omnium
2056 2922 2258 2964 rerum.
2287 2910 2484 2964 Eadem
2524 2910 2656 2963 hora
2696 2912 2841 2963 venit
2883 2911 3080 2966 Blanda
3115 2914 3362 2980 pedibus.

1790 3002 1905 3054 suis
1935 3017 2158 3070 currens
2203 3002 2266 3055 ad
2311 3003 2530 3054 domum
2577 3000 2838 3069 Simplicii
2876 3005 3144 3057 senatoris
3182 3012 3233 3058 et
3258 3005 3362 3064 di-

1788 3106 1947 3145 cens:
1978 3092 2194 3160 Baptiza
2242 3108 2325 3145 me
2367 3094 2420 3145 in
2457 3093 2670 3145 nomine
2705 3090 2917 3146 Domini
2953 3092 3079 3148 Jesu
3117 3095 3340 3161 Christi,

1789 3184 1878 3250 qui
1910 3185 2081 3237 tenuit
2115 3200 2332 3236 manum
2365 3200 2537 3237 meam
2563 3173 2847 3237 et-sanavit
2869 3200 2972 3238 me.
3002 3185 3150 3239 Tunc
3193 3185 3339 3240 Felix

1789 3275 1946 3342 coepit
1971 3289 2159 3343 urgere
2193 3274 2251 3325 B.
2283 3274 2600 3328 Palmatium
2638 3285 2694 3328 ut
2731 3277 3110 3344 baptizaretur.
3141 3275 3337 3330 Eadem
3410 3315 3417 3323 .

1790 3365 1917 3418 hora
1951 3365 2012 3418 B.
2037 3365 2334 3419 Palmatius
2365 3367 2510 3420 misit
2538 3368 2604 3421 ad
2629 3366 2682 3420 S.
2709 3366 2973 3420 Calixtum
2999 3368 3355 3435 episcopumz.

1785 3467 1838 3509 et
1861 3459 2079 3512 veniens
2096 3447 2386 3526 baptizavit
2409 3457 2639 3511 Felicem
2664 3476 2785 3513 cum
2804 3472 2972 3512 uxore
2995 3472 3091 3510 sua
3111 3458 3329 3511 Blanda.

1791 3548 1987 3604 Videns
2025 3535 2127 3603 hoc
2148 3548 2479 3616 Simplicius,
2521 3550 2712 3603 cecidit
2738 3550 2802 3602 ad
2831 3549 2990 3616 pedes
3020 3547 3210 3602 Calixti
3249 3549 3333 3602 di-

1785 3658 1931 3702 cens,
1967 3651 2023 3693 ut
2049 3657 2169 3694 cum
2205 3640 2349 3692 omni
2379 3640 2540 3691 duino
2565 3654 2663 3692 sua
2689 3639 3064 3705 baptizaretur.
3091 3637 3239 3690 Tunc
3265 3635 3326 3694 Β.

1783 3733 2026 3785 Calixtus
2056 3733 2339 3800 episcopus
2370 3729 2683 3783 ﬁducialiter
2700 3729 2864 3783 dixit:
2899 3728 3198 3797 Congreget
3224 3728 3330 3784 Do-

1784 3822 1964 3875 minus
1998 3821 2231 3873 triticum
2264 3818 2317 3869 lu
2351 3818 2602 3870 horreum
2634 3832 2791 3872 suum
2821 3817 2955 3887 (9.2),
3001 3828 3053 3872 et
3088 3820 3328 3874 cateehi-

1782 3913 1922 3964 zavit
1945 3926 2154 3965 omnem
2180 3909 2394 3962 domum
2428 3907 2713 3974 Simplicii,
2744 3917 2797 3962 et
2843 3923 3066 3963 uxorem
3095 3919 3148 3963 et
3187 3911 3327 3966 filios

1780 4011 1833 4054 et
1869 4002 2124 4055 familiam
2152 3999 2290 4066 ejus,
2338 3998 2546 4051 animas
2579 4000 2867 4066 promiscui
2901 3998 3062 4055 serius
3100 4001 3209 4056 fere
3241 4018 3327 4057 se-

1781 4092 1995 4159 xaginta
2024 4099 2162 4144 octo.
2193 4087 2250 4138 Β.
2290 4088 2607 4155 Calcpodius
2641 4090 2916 4159 presbyter
2938 4093 3132 4160 gaudio
3148 4095 3347 4162 reple-‘

1782 4191 1887 4244 tus,
1915 4179 2076 4247 cmpit
2104 4178 2335 4230 clamare
2358 4176 2410 4227 in
2441 4174 2604 4231 domo
2630 4175 2912 4246 Simplicii,
2949 4181 3156 4234 dicens:
3193 4179 3320 4234 Glo-

1778 4272 1989 4332 riatibi,
2022 4268 2240 4321 Domine
2268 4266 2394 4320 Jesu
2417 4265 2649 4330 Christe,
2680 4269 2770 4337 qui
2793 4270 2858 4324 de
2874 4273 3108 4326 tenebris
3135 4274 3322 4341 digna-

1777 4364 1854 4414 ris
1874 4363 1937 4415 ad
1966 4361 2136 4414 lucem
2169 4358 2460 4424 perducere
2482 4355 2745 4412 facturam
2777 4369 2946 4424 tuam,
2977 4372 3030 4414 et
3058 4365 3120 4415 de
3137 4377 3320 4416 errore

1775 4462 2018 4514 liberare.
2063 4458 2172 4511 Hoc
2225 4456 2450 4513 audiens
2477 4458 2802 4521 Alexander,
2859 4458 2985 4526 quia
3035 4454 3319 4507 multitudo

128 4531 318 4591 Afactum
349 4538 528 4606 fuerit,
556 4558 660 4594 non
695 4544 882 4595 desero
907 4545 1035 4597 deos
1075 4553 1215 4607 tuos,
1246 4560 1381 4612 quos
1420 4554 1470 4597 tu
1501 4545 1674 4600 dicis?
1705 4566 1748 4619 ι)
1778 4551 2051 4603 hominum
2102 4550 2426 4616 baptismum
2459 4552 2789 4619 percepisset
2815 4565 2909 4617 per
2952 4548 3010 4599 Β.
3048 4547 3316 4599 Calixtum

152 4620 270 4677 Dixit
301 4629 343 4681 ei
389 4632 690 4686 Alexander
724 4652 735 4685 :
766 4633 827 4686 Et
866 4636 1138 4701 quomodo
1164 4652 1192 4689 a
1226 4637 1512 4690 cunabulis
1562 4637 1667 4690 tuis

133 4711 265 4765 vislos
293 4720 543 4782 adorasti,
603 4732 654 4774 et
702 4724 862 4774 modo
912 4724 1172 4792 relinquis
1215 4727 1342 4778 eos?
1378 4725 1668 4792 Respondit

152 4799 447 4860 Palmatius:
483 4809 607 4862 Feci
653 4813 809 4878 quasi
857 4811 1042 4864 infelix
1086 4831 1098 4864 :
1151 4817 1309 4868 modo
1358 4826 1534 4868 autem
1584 4833 1669 4869 co—

153 4894 283 4954 gnovi
310 4897 448 4962 quod
482 4915 669 4951 verum
698 4909 801 4964 est,
835 4901 897 4954 de
928 4916 1031 4968 qua
1065 4919 1122 4954 re
1157 4921 1348 4972 precor
1380 4906 1666 4958 Dominum

151 4978 302 5037 Jesum
323 4986 616 5051 Christum,
661 5001 720 5042 ut
753 4992 993 5058 ignoscat
1034 4993 1188 5057 mihi,
1238 4998 1362 5064 quia
1412 4998 1670 5067 ignorans

216 5116 413 5193 (i_5)_lta
438 5119 826 5193 constantiuus
866 5122 1087 5193 Magnus
1129 5128 1268 5193 apud
1316 5128 1665 5193 Anastasium

158 5180 592 5267 Bibliothecarium
628 5191 680 5267 in
710 5189 827 5242 Vita
863 5191 920 5243 S.
953 5180 1206 5246 ‘Silvesti’i
1234 5185 1384 5267 dedit
1411 5180 1452 5247 ’i
1475 5180 1666 5265 peilvini

157 5264 208 5336 fx
229 5265 516 5336 argentohad
540 5260 884 5336 baptismum,
903 5272 1212 5336 pensantem
1234 5264 1397 5319 libras
1426 5260 1630 5336 viginti.
1645 5288 1662 5319 ι

155 5315 398 5395 Ῑιᾳᾼξᾷἄξηι.
429 5327 588 5380 Plura
612 5315 666 5378 lsi
701 5315 881 5395 cupis,
904 5315 1027 5382 'vide
1055 5315 1454 5388 illorclluineit.

209 5392 298 5467 (iﬁ)
323 5397 468 5463 Apud
494 5392 783 5467 Morettuui
803 5399 1070 5452 adduntur
1095 5402 1231 5452 haec:
1271 5421 1288 5450 ‹
1324 5402 1388 5462 Et
1418 5406 1552 5458 dixit
1585 5408 1661 5460 ei:

152 5451 232 5544 Qui
269 5451 412 5544 natus
431 5476 526 5544 est
553 5469 620 5520 de
643 5466 856 5544 Spiritu
895 5451 1081 5544 sancto
1115 5451 1174 5522 ex
1213 5451 1388 5522 Marii;
1416 5451 1669 5544 vii-gin‘éi

153 5521 764 5606 ne15.9.0119“Palmatius:
799 5539 986 5590 (Li-edo.
1026 5557 1042 5585 ι
1129 5521 1134 5522 ί
1355 5521 1377 5522 "
1464 5521 1622 5549 "0'":

150 5598 303 5711 uti”)
333 5601 531 5658 Lumen
581 5609 682 5659 hoc
740 5607 943 5659 videtur
994 5608 1157 5661 fuisse
1189 5609 1404 5660 (anteme
1437 5622 1490 5663 et
1525 5614 1667 5666 inso-

201 5679 294 5711 nm-

167 5677 294 5717 num.

179 5735 299 5815 ,(l8)
488 5742 731 5815 Vlimerii
791 5768 808 5798 ι
846 5746 1031 5815 viginti
1088 5747 1251 5799 duos:
1295 5767 1310 5795 ι
1348 5749 1459 5802 Ade
1514 5768 1529 5801 ‹
1567 5753 1662 5805 tri-

150 5814 281 5864 ginta.
317 5827 333 5858 ι
362 5809 580 5864 Ueusc/i.
615 5818 696 5866 cit.

1775 4642 2102 4708 episcopum,
2129 4639 2277 4691 misit
2307 4640 2608 4692 exercitum
2634 4640 2885 4700 militum,
2917 4652 2977 4689 ac
3012 4634 3178 4687 tenuit
3201 4647 3318 4684 om-

1772 4747 1865 4781 nes
1894 4732 1981 4797 qui
2013 4728 2341 4794 baptismum
2364 4738 2734 4796 perceperant,
2774 4742 2910 4796 quos
2937 4723 3182 4791 praecepit
3220 4736 3315 4772 ca-

1771 4822 1893 4888 pitis
1926 4821 2102 4872 subire
2128 4819 2467 4882 sententiam,
2493 4830 2546 4874 et
2582 4836 2675 4887 per
2698 4819 2937 4870 diversas
2962 4820 3142 4880 portas
3165 4810 3315 4864 urbis

1772 4910 1953 4962 Romae
1983 4909 2152 4974 capita
2181 4922 2370 4961 eorum
2398 4909 2671 4978 suspendi,
2707 4906 2771 4957 ad
2801 4901 3100 4968 exemplum
3158 4900 3315 4951 Chri-

1770 5001 2081 5051 stianorum.

1770 5139 1771 5142 ‘
1841 5124 1947 5193 (19)
1978 5124 2053 5194 Ad
2076 5125 2320 5194 radicem
2361 5125 2603 5194 Capitolii
2649 5132 2730 5194 est
2763 5123 2913 5175 locus
2940 5162 2953 5184 ,
3001 5119 3315 5194 nobilitatus

1768 5189 1997 5248 vinculis
2025 5191 2120 5245 SS.
2141 5193 2280 5247 Petri
2311 5207 2363 5247 et
2389 5189 2536 5246 Pauli
2561 5202 2613 5245 et
2637 5193 2864 5248 aliorum
2892 5200 3212 5259 martyrum,
3241 5189 3312 5241 uti

1771 5265 1962 5330 saepius
1985 5262 2257 5330 diximus.
2296 5264 2515 5315 Hensclt.
2543 5264 2630 5313 cit.

1838 5329 1947 5400 (7‘20)
1984 5329 2113 5384 Vide
2143 5333 2278 5384 infra
2316 5343 2423 5384 not.
2465 5332 2553 5383 94.

1840 5393 1946 5469 (ﬁt)
1984 5402 2143 5468 Atqui
2177 5402 2449 5454 Christum
2481 5401 2617 5452 inter
2651 5399 2788 5472 _dc0s
2817 5400 2976 5453 coluit
3000 5393 3311 5472 ‘Alexandet

1771 5467 1916 5539 ipse:
1956 5467 2079 5521 non
2116 5472 2277 5538 igitur
2327 5471 2612 5539 amentiam
2651 5469 2910 5523 Palmatio
2955 5467 3312 5539 exprobraril.

1771 5535 1864 5610 nec
1895 5540 1960 5610 ita
1988 5535 2332 5610 eiiiiteiiiiiiiiii
2371 5538 2436 5610 de
2467 5539 2681 5610 Christo
2716 5535 3137 5610 locutusfugrit.
3217 5599 3248 5610 υ

1788 5601 1797 5610 “
1840 5609 1947 5675 ('22)
2001 5606 2178 5682 Verba
2203 5600 2313 5682 iure
2337 5647 2349 5668 ,
2384 5608 2506 5682 licet
2556 5609 2609 5682 in
2651 5607 2708 5661 S.
2741 5606 2946 5661 Callisti
2978 5600 3148 5656 olfacio
3180 5600 3308 5682 oliui

1770 5682 2011 5738 recitata,
2037 5691 2097 5728 ex
2135 5677 2250 5742 ejus
2289 5677 2433 5728 Actis
2471 5678 2608 5729 sumi
2658 5687 2904 5744 potuere;
2964 5688 3062 5725 nec
3095 5685 3156 5720 ex
3192 5677 3304 5744 ejus

1771 5767 1864 5800 ore
1895 5746 2063 5812 magis
2102 5743 2329 5797 fortasm
2365 5743 2752 5813 prm'esscrint,
2805 5757 2965 5812 quam
3013 5754 3075 5792 ca
3114 5753 3176 5789 ex
3215 5743 3312 5785 ore

1770 5815 2077 5879 Alexandri,
2104 5815 2166 5868 de
2197 5816 2392 5884 quibus
2418 5817 2576 5885 paulo
2603 5826 2743 5870 ante.
