4038 6352
645 424 752 479 155,

1888 423 1942 477 s.
1977 387 2312 476 cliLLIsrn
2338 419 2533 473 rarus

2307 351 2312 394 ἱ
2338 419 2533 472 DARE
2839 399 2842 402 ’
3749 420 3841 472 iis

649 541 869 597 Factum
896 554 969 598 est
995 543 1201 598 verbum
1228 543 1439 596 Domini
1465 543 1532 595 ad
1558 557 1658 608 me,
1677 513 1894 596 dicens:
1919 542 2046 596 Ηωο
2066 543 2192 595 dicit
2225 546 2266 599 Α
2294 542 2421 610 quia
2473 540 2750 608 indignum
2791 529 2898 603 est,
2948 547 3006 592 ut
3051 540 3239 593 doctor
3312 540 3476 594 stulto
3499 539 3568 592 'et
3607 538 3842 599 indocto.

643 630 898 686 Dominus
919 636 1274 688 exercituum:
1292 632 1437 686 Sicut
1463 635 1705 702 cogitavi,
1726 642 1779 684 ut
1797 633 2069 703 aﬂiigerem
2089 650 2194 696 vos,

609 719 761 774 "cum
784 720 851 775 ad
875 725 1199 777 iracundiam
1239 731 1602 792 provocassem
1642 740 1721 776 me
1742 733 1916 791 patres
1944 725 2120 786 vestri,
2148 734 2198 776 ct

642 828 745 864 non
787 820 908 866 sum
944 815 1220 877 misertus;
1258 815 1334 866 sic
1359 829 1631 868 conversus
1676 814 1900 883 cogitavi
1939 815 1992 865 in
2018 814 2194 866 diebus

568 947 570 954 ,
639 903 779 967 istis,
808 914 865 956 ut
895 903 1211 970 benefaciam
1231 895 1525 958 Jerusalem
1557 915 1605 966 et
1631 905 1808 956 domui
1826 903 1987 971 Iuda.
2020 903 2196 957 Nolite

642 994 840 1046 timere.
871 992 1000 1045 ﬂre
1020 1001 1139 1065 sunt
1169 990 1319 1047 verba
1335 981 1448 1062 aute
1475 993 1681 1060 facietis
1708 1010 1724 1046 :
1748 993 2025 1063 loquimini
2056 994 2193 1048 veri-

640 1093 800 1139 tatem
816 1071 1169 1152 unusquisque
1193 1101 1311 1137 cum
1327 1069 1713 1153 proxinio'suo;
1734 1084 2001 1138 veritatem
2031 1093 2078 1135 et
2104 1083 2195 1150 ju-

638 1173 835 1226 dicium
859 1175 1006 1245 pacis
1014 1174 1250 1241 judicate
1281 1176 1334 1228 in
1354 1177 1515 1244 portis
1537 1173 1740 1240 vestrii,
1771 1185 1819 1229 et
1846 1174 2193 1243 unusquisque

638 1264 838 1316 malum
869 1275 1052 1318 contra
1078 1267 1302 1319 amicum
1331 1283 1482 1320 suum
1506 1282 1568 1320 ne
1600 1268 1835 1337 cogitetis
1868 1267 1923 1318 in
1951 1264 2192 1317 cordibus

636 1354 914 1416 vestris,‘et
930 1353 1309 1423 juramentum-
1344 1357 1568 1408 mendax
1608 1372 1670 1408 ne
1699 1340 1952 1424 diligatis“.
2002 1352 2193 1405 Omnia

635 1443 776 1496 enim
803 1444 911 1496 lucc
935 1454 1054 1500 sunt
1077 1461 1193 1513 quin
1220 1445 1381 1508 odivi,
1409 1446 1539 1497 dicit
1565 1444 1816 1519 Dominus
1849 1444 2188 1496 exercituum.

636 1532 707 1585 Et
756 1521 963 1600 factum.
999 1547 1074 1588 est
1122 1531 1327 1587 uerbum
1367 1536 1578 1588 Domini
1631 1535 1952 1587 exercituum
1981 1532 2048 1585 ad
2092 1549 2189 1592 me,

635 1611 807 1675 dicens
839 1639 856 1674 :
898 1621 1024 1677 Htec
1055 1625 1184 1678 dicit
1217 1625 1470 1679 Dominus
1498 1621 1824 1687 exercituum
1859 1639 1875 1674 :
1919 1621 2188 1690 Jejunium

635 1715 829 1781 quarti,
875 1725 924 1767 et
954 1715 1213 1796 jejunian
1252 1717 1440 1784 quinti.
1479 1725 1527 1767 et
1555 1711 1824 1783 jejunium
1871 1714 2099 1780 septimi,
2142 1722 2190 1764 et

629 1805 886 1871 jejunium
925 1803 1126 1860 decimi
1153 1807 1250 1860 erit
1276 1807 1456 1859 domui
1482 1804 1625 1858 Iuda
1663 1807 1716 1857 in
1748 1805 2022 1874 gaudium,
2053 1814 2101 1856 et
2135 1805 2188 1856 in

2298 641 2464 699 atque,
2499 627 3004 698 reprehensibiliter,
3044 630 3278 695 viventi,
3325 630 3644 698 respondeat
3692 629 3846 698 juxta

2298 721 2578 775 stultitiam
2609 734 2785 781 suam,
2814 719 3024 773 dicente
3049 718 3326 788 Scriptura
3353 737 3366 774 :
3392 719 3511 772 Non
3536 721 3847 787 respondeas

2296 811 2460 866 stulto
2477 809 2638 878 juxta
2666 809 2948 862 stultitiam
2979 826 3129 862 suam
3155 811 3217 863 η.
3256 809 3375 863 Νοιι
3400 810 3540 880 bene
3566 796 3718 875 vivit,
3749 811 3850 878 qui

2297 916 2403 952 non
2444 908 2585 952 recte
2610 898 2651 929 ¹³
2675 899 2861 951 credit.
2897 897 3038 952 Nihil
3074 900 3199 952 mali
3229 891 3374 966 vult,
3404 901 3494 969 qui
3526 899 3695 954 ﬁdelis
3739 908 3845 954 est.

2297 989 2353 1041 Si
2383 989 2504 1057 quis
2530 988 2700 1042 ﬁdelis
2731 997 2830 1052 est,
2859 988 3034 1042 videat
3070 1006 3136 1044 ne
3161 990 3293 1045 falsa
3324 991 3700 1060 loquatur,aut
3726 991 3852 1043 cui-

2293 1095 2456 1147 quam
2482 1079 2713 1133 insidias
2747 1088 2928 1148 ponat.
2957 1081 3153 1136 Fidelis
3182 1082 3593 1151 homOsemper
3618 1083 3852 1137 ﬁdeliter

2295 1171 2421 1237 agit,
2473 1178 2526 1222 et
2575 1170 2801 1223 inﬁdelis
2847 1172 3037 1225 callide
3091 1174 3394 1238 insidiatur,
3444 1186 3603 1242 atque
3662 1174 3880 1229 ﬁdeles.

2293 1267 2345 1308 et
2369 1258 2452 1323 pie
2480 1272 2545 1311 ac
2568 1257 2711 1325 juste
2736 1259 2972 1313 viventes
2999 1260 3222 1328 perdere
3247 1262 3452 1326 nititur,
3485 1262 3610 1331 quia
3651 1262 3852 1316 similis

2293 1345 2521 1398 similem
2553 1347 2655 1400 sibi
2691 1349 2898 1414 quaerit.
2923 1360 2927 1365 ‘
2955 1351 3188 1404 inﬁdelis
3215 1333 3380 1404 homo
3402 1359 3647 1405 mortuus
3677 1361 3755 1404 est
3792 1352 3848 1402 in

2292 1436 2776 1501 corpore'vivente.
2835 1439 2898 1491 Et
2925 1448 3110 1492 contra
3159 1456 3432 1494 sermones
3467 1440 3638 1493 ﬁdelis
3671 1441 3849 1492 homi-

2294 1526 2376 1579 nis
2408 1526 2567 1578 vitam
2600 1528 2908 1581 cuStodiunt
2941 1530 3268 1583 auditorum.
3321 1529 3601 1582 Doctorem
3629 1531 3772 1583 enim
3804 1530 3848 1560 “'

2291 1617 2634 1682 catholicum,
2667 1628 2719 1671 ct
2747 1620 3014 1687 przrcipue
3051 1620 3264 1673 Domini
3300 1621 3652 1684 sacerdotem,
3701 1621 3846 1674 sicut

2292 1706 2439 1760 nullo
2481 1722 2663 1760 errore
2711 1710 3009 1777 implicari,
3061 1712 3135 1763 ita
3186 1712 3328 1769 nulla
3375 1719 3586 1778 oportet
3636 1711 3841 1764 machi»
3932 1695 3933 1702 ἶ

2292 1795 2510 1868 natione
2532 1805 2632 1849 aut
2655 1798 2946 1865 cupiditate
2976 1800 3187 1852 violari.
3223 1787 3436 1854 Dicente
3465 1803 3662 1870 quippe
3683 1802 3846 1856 Seri-

638 1896 902 1958 thitiam,
959 1904 1008 1947 et
1062 1898 1118 1949 in
1163 1897 1513 1949 solemnitates
1566 1896 1885 1964 praeturas;
1925 1896 2188 1948 veritatem

2293 1895 2446 1953 plura
2493 1894 2678 1948 sancta
2719 1906 2732 1939 :
2768 1886 2900 1940 Post
2938 1891 3381 1957 concupiscentias
3430 1901 3545 1944 tuas
3584 1908 3686 1943 non
3729 1907 3844 1958 eas,

633 1996 835 2039 tantum
867 1997 913 2040 et
938 1971 1352 2056 pa'cemdiligite,
1376 1987 1505 2048 dicit
1524 1985 1773 2039 Dominus
1804 1988 2126 2040 exercituum
2146 1985 2185 2038 ⁸.

630 2075 690 2129 In
722 2079 824 2131 hoc
851 2093 979 2146 ergo
1018 2091 1208 2133 omnes
1258 2095 1354 2133 nos
1395 2079 1416 2111 ⁸
1460 2078 1746 2149 unanimes
1791 2082 2001 2145 opdrtet
2046 2093 2186 2142 esse,

632 2178 692 2220 ut
729 2161 1022 2220 secundum
1055 2168 1418 2236 apostolicam
1450 2169 1774 2231 doctrinam,
1797 2167 2022 2235 idipsum
2046 2168 2190 2221 dica-

600 2242 744 2310 Imus
785 2273 990 2320 omnes,
1024 2267 1088 2326 et.
1116 2274 1214 2310 non
1259 2261 1365 2313 sint
1399 2261 1454 2312 in
1484 2260 1976 2313 nobisischismata.
2011 2257 2185 2311 Simus

630 2357 805 2398 autem
845 2346 1058 2414 perfecti
1103 2347 1156 2398 in
1179 2347 1356 2400 eodem
1397 2362 1570 2412 sensu,
1596 2358 1644 2402 et
1684 2350 1735 2402 in
1775 2342 1953 2402 eadem
1986 2357 2188 2400 senten-

582 2442 583 2445 ‘
617 2437 705 2488 'tia
729 2435 771 2501 ‘.,
798 2435 849 2489 in
879 2436 1034 2504 cujus
1061 2438 1240 2505 operis
1263 2437 1549 2492 devotiOne
1574 2441 1910 2507 gratulamur
1939 2435 2182 2491 dilectio-

628 2540 750 2579 nem
785 2534 930 2579 tuam
958 2541 1078 2580 esse
1110 2537 1436 2582 consortem.
1463 2518 1580 2583 Non
1609 2529 1762 2585 decet
1783 2531 1927 2584 enim
1961 2544 1990 2582 a
2014 2530 2187 2597 capite

627 2616 868 2670 membra
920 2616 1187 2672 dissidere
1209 2619 1250 2681 ⁷,
1304 2619 1429 2680 sed,
1479 2619 1631 2689 juxta
1681 2635 1849 2675 sacra:
1895 2618 2186 2687 Scripturte

626 2705 1016 2770 testimonium,
1042 2708 1220 2760 omnia
1240 2711 1471 2761 membra
1492 2717 1648 2779 caput
1671 2709 2017 2779 sequantur“.
2040 2707 2191 2786 Nulli

537 2790 540 2793 ’
622 2813 754 2852 vero
798 2797 1020 2854 dubium
1071 2807 1154 2854 est
1203 2800 1357 2870 (58),
1407 2803 1551 2870 quod
1599 2803 1895 2871 apostolica
1945 2801 2183 2856 Ecclesia

622 2896 796 2942 mater
824 2890 899 2946 sit
921 2890 1164 2942 omnium
1209 2889 1594 2958 Ecclesiarum,
1630 2909 1660 2946 a
1685 2894 1841 2960 cujus
1863 2908 1957 2946 vos
1984 2893 2184 2961 regulis
2256 2936 2259 2937 ν

620 2979 930 3032 nullatenus
983 2982 1528 3049 convenitdeviare.
1574 2982 1643 3051 Et
1693 2985 1835 3037 sicut
1878 2982 1969 3036 Dei
2016 2981 2184 3036 Filius

625 3068 777 3120 venit
810 3066 991 3133 facere
1024 3071 1350 3122 voluntatem
1384 3070 1560 3124 Patris
1587 3071 1628 3132 θ,
1667 3074 1747 3124 sic
1782 3081 1838 3124 et
1865 3087 1961 3124 vos
1991 3073 2182 3125 volun-

624 3168 786 3211 tatem
817 3167 1005 3212 vestree
1039 3161 1306 3227 impleatis
1355 3163 1542 3214 matris
1572 3162 1635 3226 ιο,
1669 3143 1788 3229 qua:
1815 3172 1897 3216 est
1923 3163 2180 3227 Ecclesia,

623 3247 795 3314 cujus
827 3257 1009 3315 caput.
1061 3257 1119 3299 ut
1161 3239 1479 3316 praedictum
1528 3258 1630 3312 est,
1682 3249 1924 3305 Romana
1973 3247 2180 3308 exSistit
2211 3221 2251 3278 θ

623 3337 884 3391 Ecclesia.
928 3337 1197 3405 Quidquid
1237 3353 1368 3406 ergo
1394 3339 1435 3369 “
1461 3339 1580 3392 sine
1609 3339 1934 3416 discretione
1956 3343 2184 3410 justitias
2209 3390 2224 3396 η

622 3437 814 3482 contra
847 3429 1008 3498 hujus
1037 3430 1380 3500 disciplinam
1429 3440 1609 3486 actum
1649 3431 1839 3498 fuerit,
1869 3442 2056 3489 ratum
2081 3435 2181 3490 ba-

621 3519 732 3573 beri
767 3521 905 3573 ratio
939 3520 1085 3573 nulla
1113 3522 1395 3590 permittit.
1459 3539 1461 3544 ·

969 3721 1045 3799 De
1077 3745 1537 3800 criminationibus
1563 3748 1858 3799 doctorum.

687 3856 1104 3914 Criminationes
1129 3873 1256 3912 vero
1291 3866 1479 3912 contra
1509 3856 1782 3911 doctorem
1819 3873 1980 3912 nemo
2009 3862 2183 3914 susci-

619 3946 752 4018 piat,
788 3940 913 4015 quia
954 3961 1062 4000 non
1095 3955 1308 4016 Oportet
1344 3947 1486 4001 ﬁlios
1535 3947 1927 4016 reprehendere
1977 3963 2204 4018 patres,

573 4109 576 4111 Α
621 4050 722 4091 nec
748 4049 932 4091 servos
963 4036 1211 4093 dominos
1233 4039 1490 4093 lacerare.
1527 4035 1650 4089 Filii
1679 4052 1810 4107 ergo
1837 4049 1962 4093 sunt
1988 4040 2175 4093 docto—

621 4143 766 4191 rum,
810 4140 999 4181 omnes
1021 4142 1176 4196 .lquos
1213 4127 1522 4190 instruunt.
1572 4126 1639 4180 Et
1680 4129 1822 4182 sicut
1859 4129 1953 4182 ﬁlii
2001 4141 2178 4197 patres

621 4215 887 4278 carnales,
915 4216 994 4270 sic
1022 4226 1077 4270 et
1104 4217 1159 4270 hi
1183 4227 1362 4285 patres
1381 4218 1580 4272 debent
1598 4217 1823 4292 diligere
1847 4219 2174 4288 spirituales.

622 4304 740 4360 Non
785 4308 929 4361 enim
979 4306 1114 4359 bene
1154 4307 1306 4374 vivit,
1357 4309 1450 4377 qui
1502 4325 1611 4363 non
1663 4321 1807 4365 recte
1851 4313 2043 4376 credit,
2087 4323 2181 4366 aut

622 4405 803 4465 patres
864 4392 1225 4462 reprehendit,
1280 4401 1363 4452 vel
1419 4401 1652 4453 detrahit
1708 4418 1858 4476 suos.
1923 4402 2179 4456 Doctores

621 4503 772 4558 ergo,
805 4487 896 4556 qni
927 4496 981 4539 et
1013 4477 1197 4564 patres
1224 4500 1502 4552 vocantur,
1540 4491 1711 4559 magis
1735 4493 1979 4559 portandi
2012 4507 2173 4560 quam

620 4571 1048 4648 reprehendendi
1085 4586 1238 4640 sunt,
1280 4574 1397 4631 nisi
1422 4580 1474 4630 in
1513 4590 1658 4632 recta
1705 4580 1807 4633 ﬁde
1851 4583 2172 4634 erraverint.

606 4669 962 4738 .anlnsergo
986 4669 1260 4721 doctorem
1305 4684 1393 4733 per
1436 4669 1636 4735 scripta
1668 4679 1903 4731 accuset,
1944 4685 2040 4723 nec
2076 4663 2177 4723 ιιἱεί

620 4765 761 4816 ﬁdeli
787 4771 839 4815 et
867 4761 1126 4830 legitimo,
1152 4760 1244 4828 qni
1276 4760 1436 4813 etiam
1470 4759 1988 4827 irreprehensibilem
2015 4761 2176 4812 vitam

618 4870 683 4908 ac
711 4852 1176 4907 conversationem
1230 4850 1414 4911 ducat,
1469 4849 1768 4902 aecusatori
1823 4851 2174 4916 respondeat:

688 4997 710 5029 ⁵
733 4995 895 5051 Zach.
919 5015 1038 5063 vm,
1061 4997 1206 5055 1-19.

607 5067 641 5097 "
664 5065 814 5120 lnan.
841 5083 914 5130 v1,
943 5068 1032 5122 58.

623 5137 664 5166 ¹²
690 5134 845 5187 Prov.
876 5152 1021 5199 xxvi,
1050 5138 1104 5189 4.

621 5204 922 5275 sent._?.02,'
950 5222 1012 5258 ex
1043 5207 1178 5275 Aug.
1220 5209 1269 5258 in
1312 5223 1393 5273 ps.
1429 5221 1536 5275 Liv.

1280 4998 1298 5028 ⁸
1327 4995 1382 5050 5.
1407 4995 1514 5048 Leo
1542 5009 1626 5061 ep.
1646 4995 1713 5046 55
1733 5003 1786 5046 et
1807 4994 1894 5046 84.

620 5357 771 5394 ιαιιι,
837 5343 891 5412 _“
922 5345 1181 5395 S.'Ambr.
1217 5346 1422 5412 epqil.
1500 5347 1543 5376 ²²
1569 5344 1623 5397 5.
1652 5343 1759 5397 Leo
1784 5359 1868 5411 cp.
1899 5344 1987 5394 5'2.

620 5410 876 5463 detractis
921 5413 1184 5466 additisve
1210 5410 1532 5482 quibusdam
1579 5410 1924 5482 interpolata.

692 5521 805 5587 (58)
863 5520 1014 5573 Nulli
1057 5540 1172 5576 vero
1218 5526 1452 5581 dubium.
1525 5527 1821 5581 Romanam
1881 5525 2171 5578 Ecclesiam

621 5601 848 5644 matrem
897 5602 947 5643 et
978 5603 1137 5659 caput
1179 5610 1297 5649 esse
1335 5601 1575 5651 omnium
1637 5600 1864 5650 aliarum
1909 5596 2171 5647 Ecclesia-

622 5676 764 5722 rum,
797 5660 1016 5713 evidens
1054 5665 1416 5731 testimonium
1457 5676 1638 5719 notatu
1676 5668 2052 5730 dignissimum
2090 5663 2173 5714 hic

609 5732 892 5804 traditur:
927 5731 1076 5804 plura
1129 5733 1432 5804 testimonia
1463 5738 1583 5804 side
1624 5739 1763 5804 apud
1799 5736 2049 5789 Bellarm.
2100 5733 2173 5785 De

619 5800 771 5858 lieni.
806 5809 948 5868 pont.
979 5801 1102 5854 δεῖν.
1137 5803 1336 5856 Βικιυς.
1463 5800 1465 5804 ’

1972 4996 1991 5025 6

1151 4997 1206 5051 9.
1280 4998 1298 5028 ⁵
1327 4995 1382 5050 5.
1407 4995 1514 5048 Leo
1542 5009 1626 5061 ep.
1646 4995 1713 5046 55
1733 5003 1786 5046 et
1807 4994 1894 5046 84.
1972 4993 2027 5045 ⁸1
2059 4994 2200 5046 Petr.
2230 5011 2308 5046 ιιι.
2420 4995 2637 5049 'distin.
2665 4998 2765 5048 12:
2795 4996 2910 5048 Non
2945 4997 3003 5046 de

1145 5070 1184 5098 '°
1211 5068 1348 5119 idem
1387 5066 1611 5117 habetur
1641 5064 1778 5116 inira
1807 5065 1860 5116 in
1891 5065 2035 5116 decr.
2063 5065 2097 5115 2
2128 5064 2382 5128 Stephani
2435 5064 2450 5114 ι
2500 5077 2549 5117 et
2580 5068 2712 5118 Sixti
2746 5082 2893 5133 papzc
2923 5064 3003 5115 Ill.

1185 5139 1225 5168 ¹³
1251 5137 1387 5188 Sixti
1435 5135 1710 5206 sentcntiae
1755 5134 1807 5196 6,
1843 5133 1960 5206 16ῖ,
1994 5135 2113 5206 189,
2148 5134 2272 5206 205.

1616 5205 1875 5258 "‘canon.
1909 5204 1940 5256 9
1968 5201 2122 5257 conc.
2148 5201 2365 5254 Nicaini.

619 5275 672 5331 5,
699 5272 960 5340 lnjuStum
982 5268 1376 5340 judicittﬂhcic:
1397 5279 1435 5306 ⁸³
1461 5274 1516 5326 5.
1543 5273 1792 5341 Prosperi
1825 5282 1962 5326 sent.
1992 5273 2110 5332 179,
2141 5288 2201 5321 ex
2219 5270 2444 5341 _S.Aug.
2467 5288 2517 5323 ix
2537 5268 2842 5324 Confess.c.
2873 5270 2923 5341 9.

2063 5341 2106 5372 ³³
2133 5341 2185 5391 S.
2215 5338 2321 5394 Leo
2352 5357 2436 5409 cp.
2481 5342 2566 5403 51,
2624 5344 2779 5407 cujus
2815 5339 2971 5389 verba
3014 5350 3069 5389 ut
3099 5340 3506 5404 prteeedentium
3538 5338 3822 5397 auctorum

2289 1982 2339 2025 et
2382 1991 2412 2024 a
2444 1973 2705 2026 uoluntate
2736 1986 2827 2026 tua
2858 1987 3085 2029 auertere
3126 1979 3168 2008 ¹⁵
3196 1992 3209 2030 :
3247 1979 3430 2040 multis
3463 1980 3624 2047 hujus
3656 1982 3844 2036 mundi

2289 2052 2584 2125 illecebris,
2629 2066 2812 2118 multis
2856 2068 3186 2121 vanitatibus
3232 2071 3588 2124 resistendum
3639 2081 3742 2134 est,
3782 2080 3846 2127 ut.

2261 2195 2264 2197 .
2287 2167 2426 2206 vera:
2449 2153 2790 2206 continentize
2817 2154 3122 2208 obtineatur
3150 2155 3444 2224 integritas.
3470 2155 3640 2225 Cujus
3667 2160 3844 2226 prima

2286 2251 2368 2295 est
2407 2241 2555 2306 labes
2588 2242 2858 2309 superbia,
2892 2243 3104 2295 initium
3140 2245 3588 2311 transgressionis
3609 2253 3661 2297 et
3691 2244 3847 2313 origo

2286 2333 2520 2398 peccati:
2548 2332 2802 2400 quoniam
2836 2345 2988 2384 mens
3017 2338 3206 2399 sponte
3231 2331 3406 2392 avida,
3439 2346 3537 2384 nec
3570 2319 3855 2385 abstinere

2286 2423 2452 2482 novit,
2491 2438 2586 2476 nec
2609 2422 2792 2491 pietati
2822 2422 3077 2476 adbibere
3105 2437 3423 2476 consensus.
3453 2421 3643 2477 Nullus
3671 2423 3846 2477 bono-

2284 2529 2404 2566 rum
2437 2514 2480 2544 ¹⁶
2511 2516 2787 2569 inimicum
2834 2516 3014 2580 habet,
3048 2516 3153 2570 nisi
3193 2515 3415 2581 malum,
3443 2515 3536 2583 qui
3572 2515 3692 2568 ideo
3719 2529 3846 2568 esse

2244 2641 2249 2646 .
2286 2605 2629 2670 permittitur,
2661 2615 2717 2660 ut
2746 2597 2838 2660 aut
2864 2607 3184 2674 corrigatur,
3216 2615 3309 2660 aut
3336 2620 3428 2672 per
3463 2606 3637 2672 ipsum
3664 2605 3846 2658 bonus

2286 2703 2619 2748 exerceatur.
2672 2695 2939 2763 Quidquid
2979 2710 3107 2764 ergo
3139 2695 3180 2724 ¹⁷
3209 2693 3681 2763 irreprehensibiie
3729 2703 3841 2755 est,

2286 2783 2546 2836 catholica
2582 2783 2818 2836 defendit
2849 2782 3107 2836 Ecclesia.
3159 2780 3300 2834 Nulli
3340 2781 3650 2848 imperatori
3676 2782 3721 2813 ¹⁸
3754 2784 3847 2835 vei

2286 2873 2520 2942 cuipiam
2554 2874 2806 2940 pietatem
2857 2871 3201 2934 custodienti,
3253 2873 3379 2925 licet
3413 2872 3612 2940 aliquid
3647 2881 3840 2926 contra

2286 2966 2536 3018 mandata
2595 2962 2773 3016 divina
2820 2977 3160 3031 praesumere.
3215 2962 3478 3028 Injustum
3524 2976 3652 3030 ergo
3686 2961 3859 3032 judi-l

2283 3057 2426 3108 cium
2461 3063 2513 3107 et
2541 3053 2786 3106 diﬁinitio
2810 3054 3031 3119 injusta,
3067 3053 3214 3123 regio
3238 3061 3380 3104 metu
3412 3059 3504 3103 aut
3528 3051 3839 3118 jussu,-aut

2283 3146 2655 3214 cujuscunque
2696 3144 2931 3211 episcopi
2961 3153 3053 3194 aut
3083 3144 3334 3211 potentis,
3382 3159 3410 3195 a
3434 3143 3706 3210 judicibus
3739 3160 3838 3197 or-

2281 3235 2464 3286 dinata
2487 3234 2569 3286 vel
2599 3243 2741 3295 acta,
2769 3248 2875 3285 non
2904 3233 3091 3284 valeat.
3125 3231 3338 3286 Homini
3370 3233 3620 3301 religioso
3647 3250 3839 3301 parum

2280 3339 2402 3377 esse
2425 3325 2583 3377 debet
2613 3325 2654 3354 ¹⁹
2687 3323 2996 3376 inimicitias
3027 3322 3256 3374 aliorum
3308 3339 3411 3374 non
3449 3339 3718 3386 exercere,
3755 3327 3840 3378 vel

2281 3427 2478 3487 augere
2514 3412 2651 3464 male
2691 3412 2981 3480 loquendo,
3014 3411 3118 3462 nisi
3162 3414 3320 3465 etiam
3362 3428 3454 3466 cas
3495 3413 3841 3482 exstinguere

2280 3501 2414 3554 bene
2433 3501 2701 3568 loquendo
2726 3500 3009 3555 studuerit.
3037 3501 3222 3554 Melior
3249 3512 3329 3556 est
3352 3505 3395 3534 ²⁰
3418 3505 3473 3556 in
3496 3504 3653 3556 malis
3679 3503 3841 3558 factis

2285 3587 2828 3653 humilisconfessio,
2855 3604 3017 3657 quam
3043 3591 3095 3642 in
3127 3591 3280 3644 bonis
3307 3592 3534 3658 superba
3566 3592 3838 3661 gloriatio.

2281 3675 2480 3730 Omnes
2522 3675 2659 3730 vero
2696 3679 2786 3746 qui
2839 3673 3021 3732 amant
3047 3682 3090 3710 ’ί
3122 3681 3286 3734 vitam
3341 3683 3572 3749 beatam,
3627 3685 3833 3738 malum

2280 3783 2397 3818 eam
2440 3769 2846 3837 tranquillitatis
2891 3787 3002 3825 suae
3038 3782 3091 3825 et
3129 3773 3349 3841 justitiaa
3395 3785 3536 3828 statu
3589 3791 3834 3841 currere,

2278 3874 2438 3926 quam
2487 3868 2793 3914 nostrorum
2837 3873 3186 3931 peccatorum
3221 3866 3397 3932 pinnis
3435 3867 3716 3926 ultricibus
3746 3868 3837 3919 in-

2282 3949 2553 4015 terpolal'i.
2602 3947 2805 4003 Memor
2840 3952 2982 4004 enim
3033 3968 3154 4006 sum
3183 3955 3250 4017 υ,
3296 3969 3383 4007 me
3409 3938 3525 4009 sub
3555 3956 3698 4008 illius
3731 3969 3836 4007 no-

2282 4040 2424 4091 mine
2454 4040 2707 4094 Ecclesia:
2755 4042 3041 4109 prmsidere
3064 4042 3195 4110 (59),
3229 4044 3384 4110 cujus
3421 4060 3451 4096 a
3479 4043 3704 4096 Domino
3733 4040 3856 4096 no-'

2280 4140 2392 4182 stro
2415 4128 2538 4184 Jesu
2573 4131 2787 4186 Christo
2823 4143 2905 4185 est
2940 4133 3234 4201 gloriﬁcata
3278 4133 3566 4198 confessio,
3595 4141 3648 4186 et
3674 4133 3836 4199 cujus

2279 4221 2410 4274 ﬁdes
2458 4235 2648 4276 omnes
2694 4237 2903 4290 semper
2940 4224 3173 4277 destruit
3217 4238 3450 4278 errores.
3499 4221 3564 4274 Et
3595 4223 3846 4291 intelligo.

2278 4311 2432 4363 aliter
2483 4311 2616 4363 mihi
2672 4326 2781 4363 non
2834 4311 3016 4377 licere,
3061 4328 3223 4381 quam
3275 4323 3336 4367 ut
3376 4327 3563 4365 omnes
3602 4321 3843 4365 conatus.

2280 4417 2430 4456 meos
2473 4403 2522 4454 ei
2558 4418 2770 4466 causae,
2812 4401 2864 4453 in
2899 4418 3004 4470 qua
3039 4402 3362 4457 universalis
3394 4399 3649 4454 Ecclesia;
3683 4401 3832 4455 salus

2260 4486 2585 4555 infestatur,
2634 4491 2962 4558 impendam.
3019 4491 3186 4560 Spero
3223 4503 3400 4545 autem
3453 4489 3839 4543 adfuturam“

2279 4573 2699 4634 misericordiam
2728 4581 3004 4648 Dei,;qu0d
3030 4591 3353 4651 cooperante
3377 4580 3494 4646 ejus
3519 4581 3828 4646 clementia,

2280 4671 2455 4723 omnis
2497 4670 2716 4735 pestifer
2766 4673 3015 4735 morbus,
3064 4673 3179 4739 ipso
3221 4669 3465 4745 pellente,
3515 4667 3826 4725 auferatur.

2280 4771 2330 4812 et
2355 4759 2615 4826 quidquid
2646 4761 2762 4826 ipso
2802 4763 3096 4829 inspirante
3127 4772 3285 4827 atque
3312 4758 3607 4812 auxiliante
3633 4764 3832 4829 poterit.

2282 4849 2566 4924 salubriter
2612 4850 2747 4918 ﬁeri,
2788 4835 2914 4907 cum
2953 4864 3057 4904 tua:
3083 4851 3204 4903 ﬁdei
3234 4858 3288 4902 et
3324 4849 3625 4907 devotionis
3667 4854 3840 4910 laude-

2420 4995 2637 5049 7distin.
2665 4998 2765 5048 12:
2795 4996 2910 5048 Non
2945 4997 3097 5047 decet
3130 5009 3157 5045 a
3187 4994 3376 5059 capite.
3484 4995 3504 5025 ⁸
3535 4995 3702 5050 ICor.
3727 5014 3824 5051 ιιι.

2435 5064 2450 5114 ι
2500 5077 2549 5117 et
2580 5068 2712 5117 Sixti
2747 5082 2893 5117 rana?
2923 5064 3003 5115 ΙΙΙ.
3109 5064 3144 5092 ¹¹
3179 5064 3396 5117 Adrian.
3424 5066 3548 5117 coll.
3589 5067 3621 5117 5
3656 5077 3708 5117 et
3735 5069 3823 5117 67.

3224 5067 3396 5118 (li-ian.
3424 5067 3548 5119 coll.
3589 5067 3621 5118 5
3656 5077 3708 5119 et
3735 5069 3823 5121 67.

2351 5133 2392 5164 ”
2417 5133 2471 5187 S.
2504 5134 2609 5187 Leo
2643 5151 2725 5202 ep.
2747 5132 2846 5186 ’55.
2923 5135 2964 5162 ¹⁸
2993 5132 3314 5203 Eccl.__xvm,
3343 5134 3426 5186 5t).
3508 5135 3549 5165 ¹⁶
3573 5135 3825 5203 Prosperi

2464 5204 2506 5233 ¹⁸
2535 5199 2686 5274 gone;
2709 5204 2862 5253 Roiii.
2881 5217 2963 5274 Λγι,
2997 5199 3442 5274 subSyrnmacho
3474 5218 3633 5274 papa,
3655 5206 3673 5254 l
3693 5199 3740 5268 1',
3767 5223 3824 5274 ιι.

3004 5273 3045 5298 ³ο
3068 5269 3304 5342 ejusdem
3336 5286 3399 5321 ex
3426 5269 3629 5324 eodem
3654 5274 3706 5324 in
3740 5269 3820 5342 ps.

2350 5523 2458 5586 (59)
2489 5523 2687 5573 Memor
2707 5520 2842 5571 enim
2867 5536 2999 5579 sum,
3027 5536 3103 5569 me
3130 5519 3221 5569 sub
3257 5520 3399 5573 illius
3425 5523 3627 5576 nomine
3650 5525 3823 5578 Eccle-

2278 5592 2370 5642 sia:
2410 5591 2704 5655 praesidere.
2738 5588 3036 5640 Romanum
3088 5589 3390 5656 pontiﬁcem
3450 5606 3817 5649 suCCCSSm-em

2278 5659 2416 5710 Petri
2473 5674 2619 5715 esse.
2672 5658 2755 5708 hic
2810 5659 3090 5710 indicatur.
3151 5656 3308 5711 Plura
3365 5664 3668 5716 testimonia
3701 5667 3820 5717 vide

2279 5730 2417 5795 apud
2448 5726 2751 5803 Bellarmin.
2802 5726 2869 5775 Dc
2913 5725 3131 5803 lionzan.
3176 5739 3315 5794 poni.
3367 5731 3457 5784 lib.
3489 5747 3546 5797 tt,
3582 5749 3703 5803 cap.
3737 5735 3826 5798 ii,

2281 5811 2329 5853 et
2366 5799 2543 5850 multis
2575 5797 2691 5847 aliis
2720 5797 3079 5865 sequentibus.
3123 5799 3190 5850 ιυ.
