4038 6352
175 431 272 485 125

1604 443 1608 448 ’
1644 432 2016 486 EPISTOLIE.

3270 439 3369 496 126

169 558 470 619 peragatur.
505 536 773 620 Quoniam
797 564 891 620 res
921 566 1106 604 omnes
1134 550 1286 604 aliter
1315 560 1437 603 tune
1467 541 1582 604 esse
1615 566 1721 603 non
1754 546 2123 617 Arecipiendi
2155 546 2220 613 ³³,
2273 561 2371 601 nec
2408 546 2610 601 ‘eorum
2665 548 2746 601 vel
2796 551 3369 611 anathematizatorum

174 628 414 710 possunt,
462 640 591 698 nisi,
632 656 752 709 qum
800 641 865 694 ad
906 642 1073 694 divini
1123 642 1360 696 muneris
1401 641 1712 695 famulatum

175 729 478 797 pertinent,
529 727 878 783 sacerdotalis
929 728 1178 783 defendat
1222 730 1538 783 auctoritas.
1589 727 1716 781 Data

176 818 454 872 undecimo
494 815 758 872 Kalendas
805 816 1143 880 Decembris,
1194 818 1467 872 Antonino
1509 825 1562 871 et
1596 817 1718 869 Ale—

177 908 375 962 xandro
407 907 541 960 viris
572 907 888 962 clarissimis
917 900 1228 963 consulibus
1249 910 1315 962 “.

725 1038 1056 1094 EPISTOLA
1097 1039 1159 1093 ΙΙ.

474 1148 544 1183 ΑΙ)
583 1146 752 1192 ομκεε
790 1146 1087 1185 GALLIABUI
1128 1146 1420 1186 EPISCOPOS.

179 1241 250 1295 De
293 1239 764 1307 conspirationibus
814 1249 862 1290 et
902 1240 1112 1306 reliquis
1167 1240 1374 1292 illicitis
1423 1242 1623 1305 causis,
1658 1259 1720 1295 ne

239 1312 392 1378 ﬁant,
423 1311 559 1362 etde
597 1310 917 1374 reparatione
944 1308 1078 1375 lapsi
1116 1322 1227 1377 post
1262 1311 1642 1378 paenitentiam.

245 1399 618 1458 Dtlectissimis
647 1398 901 1452 fratribus
929 1413 1021 1467 per
1035 1398 1234 1454 Gallias
1257 1399 1583 1466 constitutis,
1604 1400 1724 1454 uni-

178 1491 344 1544 versis
384 1489 671 1556 episcopis,
704 1473 1023 1540 CsLLisrus.
1439 1558 1448 1563 _

263 1577 629 1632 Plurimorum
682 1575 846 1629 relatu
898 1576 1258 1643 comperimus
1295 1576 1341 1606 "
1389 1575 1723 1630 dilectionem

177 1677 407 1721 vestram
451 1666 661 1720 fervore
687 1663 918 1734 Spiritus
947 1667 1116 1719 sancti
1152 1665 1224 1719 ita
1256 1664 1504 1720 Ecclesiae
1528 1665 1722 1734 guber-

177 1760 363 1811 nacula
399 1757 623 1810 ﬁrmiter
647 1764 832 1811 contra
865 1754 1097 1824 impetus
1132 1764 1312 1810 tenere
1339 1764 1392 1809 et
1424 1771 1628 1826 regere,
1659 1765 1718 1810 ut

152 1871 159 1883 -
177 1849 454 1918 naufragia
474 1856 566 1901 aut
589 1846 985 1928 naufragiorum
1003 1847 1340 1913 detrimenta,
1362 1847 1470 1902 Deo
1486 1858 1722 1913 auctore,
1756 1887 1796 1940 Β

178 1958 279 1994 non
335 1940 555 1993 sentiat.
628 1936 846 1993 Talibus
912 1939 1076 2008 igitur
1139 1939 1430 2008 gloriantes
1487 1939 1718 2000 indiciis,

177 2045 431 2101 rogamus
465 2071 480 2094 ,
561 2042 630 2082 ne
688 2029 739 2082 in
805 2029 912 2084 illis
966 2029 1228 2099 partibus.
1277 2038 1462 2096 contra
1526 2037 1721 2084 statuta

177 2119 474 2187 apostolica
527 2116 816 2184 quidquam
867 2116 979 2171 ﬁeri
1008 2117 1228 2181 sinatis,
1262 2117 1354 2171 sed
1386 2124 1573 2170 nostra
1605 2113 1722 2166 fulti

154 2208 514 2270 auctoritate,
543 2207 729 2260 nociva
761 2207 1296 2275 eompescite,illicita
1321 2202 1617 2275 prohibete.

178 2432 252 2485 De
288 2433 354 2493 iis
391 2432 482 2501 qui
519 2431 817 2499 conspirant
853 2432 1099 2511 adversus
1124 2429 1406 2498 episcopos,
1433 2427 1509 2483 uel
1530 2429 1618 2498 qui
1647 2429 1724 2483 eis

804 2508 1145 2554 consentiunt.

243 2593 721 2662 Conspirationum
753 2606 880 2645 vero
910 2591 1138 2646 crimina
1166 2590 1366 2645 vestris
1390 2591 1444 2643 in
1478 2591 1723 2660 partibus

179 2685 357 2752 vigere
394 2683 738 2747 audivimus,
769 2693 822 2735 et
852 2682 1032 2750 plebes
1063 2691 1251 2736 contra
1280 2682 1565 2751 episcopos
1594 2696 1726 2736 suos

181 2775 494 2843 conspirare
546 2775 702 2828 nobis
750 2771 1153 2828 manifestatum
1181 2774 1366 2828 -“-est.
1405 2773 1575 2839 Cujus
1615 2773 1722 2826 cri-

182 2867 339 2919 minis
366 2864 567 2919 astutia
596 2881 699 2918 non
731 2865 903 2918 solum
935 2865 1075 2936 inter
1129 2864 1468 2919 Christianos
1520 2864 1729 2918 abomi-

183 2956 377 3008 nabilis
407 2965 492 3008 est
517 2973 529 3006 ε
564 2955 654 3007 sed
683 2954 843 3007 etiam
877 2954 1016 3006 inter
1040 2955 1282 3008 ethnicos
1301 2994 1316 3019 ,
1343 2963 1396 3007 et
1427 2955 1496 3007 ab
1525 2951 1726 3007 exteris

183 3046 392 3115 legibus
441 3045 729 3113 prohibita.
785 3042 851 3096 Et
886 3042 1088 3121 idcirco
1124 3044 1286 3113 hujus
1323 3044 1570 3097 criminis
1609 3058 1728 3096 reos

187 3153 293 3189 non
336 3137 515 3190 solum
554 3131 966 3205 ecclesiasticae,
1008 3134 1100 3189 sed
1137 3136 1296 3187 etiam
1340 3125 1532 3189 saeculi
1580 3133 1729 3184 dam—

1818 654 1952 701 vox,
1991 639 2159 692 ullum
2193 653 2389 692 nocere
2425 626 2516 693 vel
2543 652 2801 692 accusare
2830 649 3022 707 potest.

2574 750 2638 803 ll.

1820 847 1896 901 De
1934 848 2000 899 iis
2037 850 2126 917 qui
2165 846 2627 966 excommunigafiz
2686 848 3105 912 communicant,
3149 851 3225 904 vel
3258 852 3368 921 inﬁ.

2529 931 2594 966 ei
2633 931 2712 966 ns.

2529 931 2712 968 etwns.

1893 1005 2406 1059 Excommunicatos
2439 1021 2654 1074 quoque
2688 1022 2716 1058 a
2752 1007 3124 1063 sacerdotibus
3155 1011 3221 1077 ³³,
3249 986 3370 1064 nul-

1799 1096 1908 1151 ‘lus
1937 1097 2162 1165 recipiat
2190 1104 2316 1149 ante
2345 1096 2628 1165 atriusque
2658 1098 2823 1164 partis
2851 1098 3053 1166 justam
3085 1101 3364 1157 examina-

1823 1190 2019 1242 tionem
2048 1203 2146 1241 nec
2173 1202 2296 1240 cum
2322 1187 2404 1240 eis
2431 1187 2482 1239 in
2509 1187 2778 1256 oratione,
2807 1197 2896 1242 aut
2925 1190 3069 1252 cibo,
3095 1201 3188 1245 aut
3214 1203 3374 1261 potu,
3426 1201 3430 1205 '

1824 1266 2140 1332 aut-osculo
2179 1276 2582 1340 communicet,
2625 1292 2727 1331 nec
2765 1293 2863 1332 ave
2899 1278 2979 1333 eis
3017 1264 3160 1334 dicat
3199 1299 3212 1334 :
3247 1267 3375 1352 quia

1822 1367 2227 1438 quicunquedn
2267 1365 2352 1419 his
2385 1365 2467 1418 vel
2502 1365 2625 1420 aliis
2662 1369 2983 1436 prohibitis,
3015 1371 3245 1426 scienter
3281 1388 3377 1426 ex-

1823 1459 2239 1512 eonimunicatis
2273 1471 2389 1508 com
2400 1456 2759 1511 municaverit
2777 1498 2791 1521 ,
2817 1460 2986 1533 juxta
3005 1463 3375 1529 apostolorum

1746 1557 1749 1560 '
1825 1550 2220 1604 institutionem
2251 1547 2360 1615 (40)
2380 1587 2392 1608 ,
2422 1557 2474 1600 et
2495 1546 2608 1615 ipse
2631 1547 2794 1608 simili
2819 1551 3385 1609 excommunicationer
3476 1575 3479 1578 ·

1827 1640 2130 1710 subiacebit
2155 1640 2216 1692 ³⁸.
2251 1639 2331 1692 Ab
2363 1639 2448 1693 bis
2476 1653 2604 1709 ergo
2640 1638 2820 1692 clerici
2855 1649 2908 1693 et
2946 1639 3070 1694 laici
3109 1657 3167 1696 se
3205 1642 3376 1697 absti-

1825 1739 2025 1794 neant,
2065 1731 2158 1799 qui
2196 1730 2384 1783 eadem
2424 1730 2536 1800 pati
2567 1729 2858 1783 noluerint.
2891 1730 3206 1787 Infldelibus
3238 1749 3377 1809 quo-

1824 1837 1930 1890 que
1962 1821 2130 1874 nolite
2162 1821 2452 1889 conjungi,
2489 1836 2589 1875 nec
2620 1835 2741 1876 cum
2774 1821 2853 1875 eis
2885 1821 3048 1876 ullam
3085 1823 3377 1890 participa-

1825 1907 2024 1960 tionem
2072 1905 2290 1958 habere.
2346 1904 2496 1960 Talia
2537 1921 2665 1960 vero
2714 1918 3122 1980 agentes,_non
3155 1910 3374 1973 ﬁdeles,
3459 1892 3496 1960 .-

1823 1999 1916 2052 sed
1947 1997 2192 2052 inﬁdeles
2216 1997 2556 2075 iudicantur.
2597 1998 2750 2072 Unde
2782 2001 2856 2086 ait
2883 1983 3208 2070 Apostolus:
3248 2003 3381 2080 Qum
3426 2008 3430 2013 ‘

1823 2104 1947 2156 pars
1984 2088 2130 2157 ﬁdeli
2164 2105 2280 2140 cum
2311 2089 2513 2157 inﬁdeli
2539 2091 2564 2142 ?
2595 2100 2688 2143 aut
2712 2107 2827 2160 qua:
2853 2093 3190 2161 participatio
3211 2092 3379 2161 justi--

1825 2182 1916 2232 tice
1947 2196 2064 2233 cum
2097 2181 2373 2247 iniquitate
2409 2181 2499 2233 ³⁵2
2565 2183 2569 2186 ’
2810 2195 2814 2202 ·
3159 2174 3164 2178 ί

1829 2421 1896 2488 Ut
1921 2422 2096 2476 nullus
2124 2425 2394 2492 episcopus
2419 2421 2481 2477 de
2510 2412 2724 2493 alterius
2747 2422 2995 2488 parochia
3019 2423 3220 2492 aliquid
3249 2438 3379 2493 prat-

2000 2491 2205 2558 sumat,
2232 2506 2282 2546 et
2311 2494 2382 2544 de
2417 2491 2794 2544 mutationibus
2830 2491 3204 2567 episcoporum.

1897 2603 2065 2658 Nemo
2102 2604 2318 2673 quoque
2353 2603 2576 2655 alterius
2618 2602 2874 2654 terminos
2913 2610 3137 2669 usurpet
3169 2601 3232 2664 ⁸⁸,
3275 2615 3376 2654 nec

1827 2695 2048 2749 alterius
2079 2695 2463 2764 parochianum
2490 2693 2733 2759 judicare
2764 2700 2857 2743 aut
2906 2688 3379 2744 excommunicar'e

1830 2791 2120 2854 praesumat
2149 2801 2161 2845 ;
2192 2782 2316 2850 quia
2341 2780 2463 2833 talis
2491 2778 2752 2847 judicatio
2782 2780 2862 2830 vel
2889 2778 3161 2832 ordinatio
3189 2779 3256 2842 ³⁷,
3287 2787 3380 2832 aut

1829 2867 2351 2929 excommunicatio,
2383 2865 2465 2917 vel
2496 2865 2800 2928 damnatio,
2833 2878 2930 2918 nec
2961 2875 3075 2920 rata
3105 2864 3237 2926 erit.
3274 2880 3378 2920 nec

1830 2959 1970 3010 vires
2001 2956 2138 3010 ullas
2165 2955 2416 3021 habebit;
2445 2955 2703 3023 quoniam
2747 2956 2928 3010 nullus
2976 2956 3198 3009 alterius
3235 2952 3381 3023 judi-

1828 3047 1927 3109 eis,
1959 3045 2064 3100 nisi
2089 3046 2207 3109 sui,
2230 3051 2495 3103 sententia
2525 3045 2816 3109 tenebitur,
2839 3054 2931 3098 aut
2952 3039 3295 3098 damnabitur
3314 3045 3377 3097 ³⁸.

1834 3136 1986 3191 Unde
2013 3147 2067 3192 et
2094 3136 2355 3190 Dominus
2385 3136 2625 3204 loquitur
2655 3135 2838 3190 dicens
2866 3153 2878 3188 :
2918 3134 2997 3188 Ne
3030 3119 3384 3204 transgrediu-

186 3237 315 3278 nant
353 3226 541 3293 19388:
568 3235 622 3278 ει
651 3240 755 3277 non
791 3224 964 3278 solum
997 3225 1401 3292 c008pirantes,
1447 3223 1537 3276 sed
1569 3227 1728 3274 etiam
1756 3217 1796 3271 Ο
1831 3229 1904 3280 ris
1944 3230 2193 3281 terminos
2226 3229 2503 3294 antiquos,
2532 3243 2660 3296 quos
2689 3239 2968 3296 posuerunt
3001 3237 3175 3296 patres
3208 3229 3285 3279 ιυξ
3314 3228 3379 3280 ³⁸,

183 3315 559 3367 consentientes
601 3313 674 3366 eis
707 3313 771 3364 ’⁷.
812 3313 1192 3367 Antecessorcs
1231 3327 1359 3366 vero
1394 3312 1560 3366 nostri
1604 3328 1728 3366 cum

181 3404 412 3470 plurima
438 3403 592 3455 turba
621 3401 1339 3472 episcoporum,qui¢unque
1368 3402 1622 3456 eorumin
1644 3417 1730 3456 sa-

188 3494 447 3548 cerdotali
487 3493 693 3546 honore
719 3500 845 3557 sunt
870 3491 1062 3562 positi,
1098 3503 1189 3547 aut
1215 3493 1480 3547 exsistunt
1516 3494 1727 3560 clerici,

187 3582 421 3646 honore,
462 3597 570 3651 quo
601 3589 854 3661 tttuntur,
889 3581 1082 3636 cadere
1107 3581 1151 3612 ⁸³
1180 3591 1548 3653 prteceperunt
1576 3601 1590 3635 :
1624 3595 1726 3636 cae-

187 3684 327 3726 tcros
360 3687 492 3726 vero
524 3661 917 3739 communione
935 3670 1131 3740 privari
1150 3711 1164 3736 ,
1195 3680 1246 3728 et
1276 3673 1346 3726 ab
1373 3672 1610 3727 Ecclesia
1638 3690 1732 3728 ex-

188 3770 357 3814 torres
412 3762 532 3814 ﬁeri
564 3763 878 3829 jusserunt;
910 3763 1202 3829 omnesque
1244 3763 1405 3819 simul
1448 3765 1731 3832 utriusque

186 3850 393 3902 ordinis
431 3850 580 3905 viros
614 3851 842 3908 infames
878 3865 998 3904 esse
1032 3861 1353 3906 censuerunt
1381 3869 1395 3918 ;
1426 3864 1482 3906 et
1514 3869 1615 3906 non
1647 3869 1731 3906 so-

188 3942 294 3994 lum
333 3942 621 4009 facientes,
663 3945 751 3997 sed
789 3947 838 3998 et
866 3946 940 3998 eis
980 3946 1363 4018 consentientes.
1406 3945 1616 4002 Iustum
1651 3958 1732 4001 est

187 4032 328 4082 enim
365 4032 433 4094 ",
467 4042 524 4084 ut
575 4035 664 4100 qui
712 4035 890 4089 divina
936 4044 1284 4090 contemnunt
1331 4038 1577 4090 mandat:
1605 4076 1618 4101 ,
1671 4047 1725 4092 et

189 4121 562 4175 inobedientes
582 4133 791 4189 patrum
818 4127 1084 4179 exsistunt
1100 4126 1434 4193 jussionihus
1453 4165 1468 4188 ,
1497 4117 1752 4180 scvcrio—h

191 4215 339 4267 ribus
376 4213 720 4280 corrigmtur
760 4215 1044 4280 vindiciis,
1087 4227 1348 4285 quatenus
1384 4218 1560 4272 canori
1605 4218 1731 4272 talia

191 4306 535 4360 committere
562 4304 814 4368 timeant,
840 4315 893 4358 et
917 4321 1103 4361 omnes
1135 4309 1398 4377 gaudeant
1423 4310 1465 4340 ³ο
1497 4309 1732 4363 fraterna

189 4395 517 4454 concordia,
548 4402 602 4446 et
635 4395 815 4446 cuncti
848 4407 1066 4449 sumant
1104 4398 1404 4456 severitatis
1438 4410 1598 4468 atque
1639 4401 1733 4452 ho-

191 4487 376 4539 nitatis
401 4482 864 4553 exemplum.Nam
885 4487 1110 4555 si,quod
1135 4489 1291 4548 absit,
1314 4485 1733 4546 ecclesiasticam

190 4573 612 4627 sollicitudinem
639 4572 680 4602 ἰ
709 4571 1054 4640 vigoremque
1081 4569 1616 4656 negligimus-{perdit
1642 4579 1734 4632 de-

190 4666 330 4716 sidia
367 4664 704 4732 disciplinam
728 4703 742 4728 ,
787 4671 840 4716 et
886 4663 1169 4718 animabus
1213 4665 1470 4724 ﬁdelium";
1500 4655 1734 4738 profecto

197 4753 503 4806 iioeebitur.
545 4752 609 4806 lii
647 4767 771 4808 vero
811 4753 865 4805 in
911 4752 1113 4806 nullius
1161 4746 1557 4826 accusationem
1607 4771 1734 4814 sunt

122 4932 130 4938 ί
203 4935 226 4938 _
252 4868 300 4898 “
331 4882 456 4920 ann.
486 4868 608 4922 222.
711 4871 755 4900 "
791 4867 1094 4937 Simplicius
1125 4882 1210 4937 ep.
1236 4869 1284 4921 l.

189 4935 282 4989 Gr.
335 4944 481 4989 textu
526 4938 735 4992 concilii
767 4935 1016 4992 Chalced.

190 5006 446 5074 gaudeat.
506 5003 562 5037 ·³¹
598 5005 651 5058 S.
686 5007 867 5080 Grcg.__
901 5024 983 5080 ep.
1035 5006 1094 5060 11
1125 5047 1139 5068 .
1196 5008 1285 5060 lib.
1334 5003 1428 5061 ini.
1462 5078 1508 5080 __
1531 5014 1572 5045 ³³
1602 5015 1664 5080 2,

190 5087 349 5128 catos
397 5090 611 5145 quoque
660 5093 709 5129 a.
834 5078 879 5108 “
936 5078 1124 5145 Apost.
1179 5093 1298 5131 can.
1336 5078 1537 5141 11,12.

191 5143 402 5212 "Adr.
460 5145 564 5200 col.
617 5145 705 5198 16.
802 5147 1115 5201 "Anianus
1171 5157 1342 5200 const.
1398 5150 1466 5212 2,

189 5212 261 5266 2:
295 5211 490 5268 Nullus
516 5216 715 5284 primas
738 5260 752 5281 ,
787 5217 900 5271 nul.
975 5218 1016 5248 ⁶¹
1043 5219 1170 5272 Adr.
1205 5219 1308 5271 col.
1341 5216 1426 5269 4'5.

267 5349 580 5420 (AOEAJuxta
636 5354 984 5420 apostolorum
1047 5355 1444 5407 institutionem.
1499 5351 1743 5415 Canones

195 5418 593 5496 apostolorum"
623 5418 682 5496 ii
727 5423 892 5496 tat-12
950 5424 1221 5492 intelligit,
1263 5425 1313 5496 in
1338 5438 1568 5496 quorum
1603 5429 1743 5481 notis

194 5487 318 5609 Ede
359 5503 491 5606 gum
544 5491 779 5548 diximus
828 5493 896 5547 de
960 5487 1444 5548 excommunicatis
1492 5492 1742 5550 vitandis.

241 5571 328 5607 ev.
408 5572 474 5608 ur.

241 5571 328 5607 εγ.
359 5571 474 5608 DIN.

233 5694 244 5703 .
270 5623 397 5703 (41)⁸
415 5629 563 5703 Quod
587 5629 650 5680 ab
684 5630 953 5703 apostolis.
997 5629 1220 5703 Canone
1244 5632 1312 5683 55
1343 5640 1394 5683 et
1427 5630 1526 5703 56,
1548 5619 1752 5696 quibus.

200 5696 434 5769 singulis
478 5697 747 5765 episcopis
802 5701 1094 5769 apostolica
1151 5701 1261 5767 lege
1318 5701 1644 5767 pt'a'tripilur,
1679 5718 1742 5756 ne

200 5764 501 5836 dimseos
554 5764 676 5836 sua!
718 5764 974 5821 tertiiinos
1037 5764 1519 5836 transgrediuntur,
1557 5785 1737 5822 verum

202 5835 385 5902 potiris
414 5834 611 5903 singuli
671 5836 808 5889 intra
869 5854 998 5893 suos
1049 5834 1346 5894 tincsﬂscsc
1405 5839 1736 5892 contineant.

1396 4872 1440 4901 "
1467 4877 1772 4931 "laudatum

1049 4953 1152 5009 ,_c.
1197 4938 1275 5009 728
1295 4977 1308 5000 ,
1337 4939 1524 5009 legitur
1551 4947 1977 5001 ὲκπιπτὲτωσαν.

1696 5032 1749 5084 q.
1783 5017 1814 5068 4
1842 5037 1852 5069 :
1887 5019 2291 5085 Conspiratorcs
2326 5022 2374 5070 in
2405 5021 2515 5070 nul.

1673 5086 1717 5116 ³⁸
1745 5085 1786 5137 ll
1814 5085 1940 5140 Cor.
1976 5088 2182 5140 v1.14.
2278 5088 2321 5116 ³⁸
2353 5089 2405 5140 9.
2432 5103 2483 5140 a.

1571 5154 1651 5207 tit.
1685 5123 1786 5219 ηδτ
1798 5123 1909 5210 ’ῐῖιῗῖ
1925 5123 2182 5221 ἶνῗάιὶιιῗ
2197 5123 2400 5209 The-od:

1829 3319 2022 3375 Nullus
2055 3330 2236 3375 autem
2269 3321 2470 3389 primas
2500 3321 2581 3371 vel
2614 3320 3060 3386 metropolitanus
3089 3318 3382 3373 dioecesani

1828 3411 2110 3465 ecclesiam
2134 3411 2216 3463 vel
2266 3408 2578 3478 parochiam
2623 3407 2688 3471 ⁸ο,
2733 3416 2825 3459 aut
2863 3408 3093 3474 aliquem
3143 3407 3209 3461 de
3261 3407 3381 3475 ejus
3419 3419 3431 3444 -‘
3475 3390 3486 3395 ’ν

1830 3502 2084 3570 parochia
2118 3507 2406 3569 prresumat
2447 3496 2915 3550 exeommunicare
2963 3495 3044 3548 vel
3093 3495 3407 3562 judicare,
3467 3495 3472 3498 ’

1833 3591 1916 3644 vel
1956 3590 2159 3658 aliquid
2193 3603 2349 3658 agere
2379 3587 2582 3654 absque
2614 3586 2732 3651 ejus
2768 3584 2996 3638 consilio
3029 3585 3109 3636 vel
3135 3583 3376 3651 judicio:

1833 3677 1926 3730 sed
1960 3677 2061 3731 hoc
2092 3678 2374 3737 observet,
2413 3671 2556 3741 quod
2589 3672 2654 3724 ab
2686 3673 2945 3741 apostolis
2975 3669 3088 3742 (41)
3117 3688 3179 3725 ac
3209 3673 3382 3740 patri-

1833 3766 1933 3818 bus
1968 3773 2019 3817 et
2057 3761 2543 3832 praulecessoribus
2582 3762 2786 3814 nostris
2823 3771 2904 3815 est
2941 3769 3202 3830 statutum
3226 3803 3241 3826 ,
3273 3771 3327 3815 et
3353 3779 3383 3814 a

1835 3855 1994 3909 nobis
2026 3855 2400 3907 conlirmatum
2429 3870 2442 3905 :
2482 3851 2531 3902 id
2568 3859 2652 3902 est
2678 3853 2744 3917 ⁸³,
2781 3853 2825 3906 si
2856 3853 2979 3920 quis
3005 3853 3387 3922 metropolita-

1835 3960 1937 3998 nus
1993 3945 2317 4014 episcopus,
2367 3941 2492 3995 nisi
2527 3942 2670 4008 quod
2722 3942 2788 3995 ad
2843 3958 2996 3996 suam
3039 3941 3384 3997 solummodo

1834 4035 2106 4102 propriam
2143 4032 2373 4098 pertinet
2403 4032 2713 4099 parochiam
2735 4072 2750 4097 ,
2788 4033 2904 4087 sine
2937 4033 3166 4086 consilio
3194 4047 3256 4086 ac
3287 4049 3384 4086 vo-

1836 4125 2039 4178 luntate
2086 4123 2327 4174 omnium
2378 4123 2919 4191 comprovincialium
2967 4125 3384 4193 episcoporum.

1833 4225 1986 4268 extra
2018 4211 2221 4279 aliquid
2255 4227 2412 4280 agere
2445 4215 2767 4276 tentavcrit,
2803 4215 3000 4283 gradus
3028 4215 3110 4268 sui
3145 4215 3386 4283 periculo

1834 4302 2135 4370 subjaccbit
2160 4320 2174 4358 :
2199 4313 2252 4355 et
2278 4303 2418 4369 quod
2451 4306 2622 4372 egerit
2643 4344 2656 4367 ,
2687 4305 2899 4357 irritum
2932 4305 3194 4358 habeatur
3221 4314 3275 4357 et
3305 4321 3388 4358 va-

1835 4411 1994 4448 cuum
2033 4415 2044 4448 :
2094 4396 2188 4449 sed
2242 4396 2501 4465 quidquid
2545 4397 2612 4449 de
2657 4399 3071 4466 provincialium
3109 4400 3388 4466 coepisco—

1839 4502 2030 4555 porum
2078 4487 2290 4551 causis,
2342 4502 2642 4556 eorumque
2686 4490 3038 4543 ecclesiarum
3070 4500 3121 4542 et
3163 4490 3385 4542 clerico-

1842 4595 1961 4633 rum
2018 4588 2176 4648 atque
2223 4580 2564 4636 saecularium
2622 4584 3039 4637 necessitatibus
3089 4596 3244 4648 agere
3295 4588 3388 4636 aut

1843 4672 2129 4739 disponere
2167 4687 2389 4728 necesse
2428 4672 2632 4738 fuerit,
2675 4677 2778 4728 hoc
2817 4689 2938 4728 cum
2979 4673 3219 4724 omnium
3260 4674 3412 4723 con-'

1844 4779 2006 4817 sensu
2047 4767 2585 4834 comprovincialium
2633 4773 2823 4833 agatur
2867 4762 3176 4830 pontilicum
3233 4759 3386 4827 (49.);

1867 4880 1910 4908 ’⁷
1941 4877 2099 4934 Rom.
2133 4897 2177 4944 ι,
2214 4882 2303 4933 52.
2403 4882 2447 4912 ’⁸
2474 4896 2693 4935 cat-ere:
2730 4881 2800 4930 ita
2831 4886 2882 4929 et
2931 4890 3030 4927 ms.
3066 4873 3203 4927 Just.
3236 4885 3286 4944 at
3336 4875 3390 4927 in

2113 4943 2255 5002 ³⁸⁷55
2275 4991 2288 5013 ,
2317 4953 2432 5016 q._5
2457 4968 2470 5001 :
2497 4949 2707 5003 Justum
2735 4957 2852 5008 est,
2888 4955 2944 5016 ut
2967 4945 3077 5016 qui.
3109 4968 3113 4973 λ
3177 4944 3219 4975 ³ο
3250 4943 3390 5016 Deus

2615 5017 2658 5048 ³³
2688 5016 2746 5067 21
2771 5054 2785 5076 ,
2821 5032 2873 5080 q.
2905 5015 2937 5064 5
2966 5033 2977 5066 ;
3011 5013 3393 5066 Excouimuni—

2432 5103 2483 5154 q.
2517 5085 2550 5136 ἓ
2579 5105 2590 5136 :
2626 5083 2814 5135 Nullus
2859 5084 3079 5154 alterius
3107 5085 3388 5154 terminus.

2477 5156 2518 5185 ”
2549 5154 2706 5206 Prov.
2737 5168 2874 5216 XX“,
2905 5152 2995 5205 28.
3124 5152 3168 5183 ⁸ο
3221 5152 3273 5216 9,
3335 5168 3389 5219 q.

2278 5088 2321 5116 ..
2353 5089 2405 5149 9,

1852 5349 2190 5423 Vide_quae'
2215 5349 2449 5402 diximus
2498 5348 2550 5400 in
2605 5347 2749 5401 notis
2794 5347 2861 5401 ad
2917 5346 3173 5414 allegatos
3228 5358 3392 5396 cano-
3455 5384 3457 5392 .

1851 5440 1965 5477 nes.
2003 5421 2087 5473 In:

1921 5491 2030 5557 (4‘).)
2071 5486 2596 5553 Comprovincialium
2647 5498 2836 5556 agatur
2869 5481 3393 5557 pontiﬁcum._L_ocus

1851 5553 2141 5621 notabilis,
2193 5557 2335 5611 unde
2391 5553 2702 5627 perspicue:
2740 5565 2956 5627 constat
3004 5553 3312 5627 pontiﬁcis.
3341 5558 3391 5598 ιιι

1849 5631 2083 5700 episcopi
2113 5642 2304 5700 nomen
2339 5623 2628 5700 counuune
2683 5623 3390 5700 fuissemomnibusIonvninu

1847 5689 2110 5767 episcopis
2139 5696 2384 5749 Romano
2417 5696 2766 5767 dignitateet
2799 5693 2972 5767 officio
3004 5689 3384 5767 inferioribus;

1847 5758 2316 5835 adeoquenemini
2375 5758 2574 5820 miriun
2607 5765 2768 5816 videri
2825 5763 3030 5821 debeat,
3090 5758 3389 5835 Romanum

1847 5824 2147 5908 pontificem
2181 5851 2228 5889 et
2264 5837 2593 5904 epist-opum,
2632 5837 2714 5888 cui
2750 5835 2980 5887 maxima
3023 5844 3147 5883 cura
3207 5824 3387 5877 tit-cleo
