4038 6352
626 2368 637 2373 η
701 2348 887 2412 ροηεμ

733 425 832 483 127

1988 429 2058 482 ‘S.
2094 425 2406 482 CALLISTI
2445 425 2465 475 1
2505 422 2703 477 PAPA'J

3805 415 3903 472 19.8

731 534 1056 616 nccaliquo
1101 545 1485 601 dominationis
1538 547 1709 613 fastu,
1752 547 1846 601 sed
1881 547 2179 601 humillima
2219 554 2271 599 ct
2298 550 2342 605 Α
2374 541 2639 597 Domino:
2674 541 2731 595 Si
2761 542 3017 609 persecuti
3051 555 3135 592 vos
3181 539 3374 607 fuerint
3412 538 3465 589 in
3511 551 3615 589 una
3661 536 3902 597 civitate,

727 637 979 690 concordi
1012 637 1471 691 administratione
1492 681 1505 703 ,
1541 640 1682 693 sicut
1711 640 1968 693 Dominus
1994 639 2069 691 ait
2096 658 2107 691 :
2146 636 2265 690 Non

721 724 839 777 Ioni
870 726 1191 787 ministrari,
1222 726 1307 778 sed
1334 727 1627 779 ministrare
1653 728 1714 780 θ’.
1741 726 1801 779 Et
1831 728 1952 780 alibi
1986 745 1998 780 :
2028 727 2127 791 Qui
2156 745 2264 779 ma-

713 827 806 877 jot‘
837 822 912 865 est
946 822 1200 876 uestrum,
1235 816 1333 866 erit
1365 816 1600 867 minister
1633 825 1795 868 vester
1827 816 1890 880 ‘3,
1927 825 1982 869 et
2034 818 2258 885 reliqua.

723 900 984 954 Similiter
1022 912 1073 955 et
1114 902 1213 970 ipsi
1255 906 1732 970 comprovincialcs
1783 908 2021 975 episcopi
2067 916 2261 960 cuncta

725 1006 850 1043 cum
888 991 1008 1057 ejus
1049 992 1303 1057 consilio,
1338 994 1441 1049 nisi
1483 1004 1742 1062 quantum
1775 1000 1837 1050 ad
1867 999 2110 1066 preprias
2140 1014 2231 1064 per

719 1081 853 1134 tinet
884 1083 1194 1150 parochias,
1224 1092 1413 1152 agant,
1442 1084 1599 1153 juxta
1633 1096 1939 1141 sanctorum
1972 1090 2162 1140 constit
2190 1098 2263 1140 ita

716 1184 925 1240 patrum
978 1174 1105 1242 (qui
1161 1177 1408 1243 quamvis
1437 1178 1617 1245 aliquo
1650 1187 1949 1246 temporum
1983 1179 2117 1230 inter
2158 1180 2265 1231 allo

716 1276 818 1316 nos
840 1265 1249 1325 antecesserint,
1273 1265 1341 1316 ab
1370 1280 1477 1317 uno
1506 1274 1682 1319 tamen
1701 1267 1998 1335 eodemque
2014 1267 2262 1334 puritatis

716 1350 893 1415 fonte,
927 1354 1168 1405 veritatis
1193 1362 1247 1406 et
1275 1353 1395 1405 lidei
1429 1355 1607 1408 lumen
1636 1356 1965 1419 hauserunt,
1992 1356 2257 1410 eteodem

716 1441 1045 1497 illustratore
1071 1452 1125 1495 et
1153 1444 1418 1495 directore
1445 1446 1656 1512 spiritu,
1685 1445 1937 1500 Ecclesia:
1966 1446 2057 1499 Dei
2088 1448 2257 1500 stabi-

711 1531 996 1585 limentum
1020 1573 1036 1596 ,
1077 1542 1131 1585 et
1169 1534 1410 1586 omnium
1443 1534 1877 1589 Christianorum
1918 1551 2258 1591 communem

680 1682 690 1697 ν,
710 1623 1075 1690 quaesiverunt
1114 1624 1396 1678 utilitatem
1431 1625 1477 1656 “
1501 1627 1548 1690 ),
1590 1636 1650 1677 ut
1678 1641 1785 1679 uno
1822 1626 2005 1681 animo
2042 1629 2106 1692 ",
2151 1645 2259 1682 uno

708 1726 803 1765 ore
832 1702 1169 1767 concorditer
1202 1725 1386 1768 sancta
1419 1717 1749 1785 glorilicetur
1783 1716 2025 1773 Trinitas
2058 1719 2112 1773 in
2150 1736 2255 1774 sa:-

706 1803 849 1857 cula.
882 1801 1069 1859 Nullus
1110 1808 1346 1874 primas,
1388 1807 1569 1862 nullus
1608 1809 2092 1876 metropolitanus,
2136 1813 2257 1864 nul-

2367 638 2531 706 fugite
2556 637 2612 689 in
2638 635 2802 687 aliam
2826 636 2889 685 δ’.
2928 631 2983 684 Si
3028 640 3205 685 autem
3252 630 3495 683 utilitatis
3536 642 3699 682 causa
3744 626 3905 679 fuerit

2366 727 2657 779 mutandus
2687 725 2753 789 ”,
2800 732 2905 775 n0n
2958 737 3049 789 per
3076 736 3134 774 se
3174 720 3278 773 hoc
3316 727 3473 787 agat,
3513 718 3602 775 sed
3644 717 3906 771 fratribus

2372 813 2758 875 invitantibus,
2793 820 2846 865 et
2876 810 3192 864 auctoritate
3221 808 3382 877 hujus
3421 818 3619 861 sancta:
3648 807 3793 861 sedis
3818 804 3903 859 fa-

2363 908 2497 968 ciat,
2527 920 2633 957 non
2665 903 2895 956 ambitus
2921 916 3081 956 causa
3102 941 3116 965 ,
3150 900 3243 955 sed
3272 900 3533 954 utilitatis.

3090 1030 3178 1086 ιν.

2362 1125 2437 1179 De
2473 1125 2914 1194 coniunctionibus
2949 1123 3442 1194 consanguineorum
3460 1138 3492 1194 ,°_
3518 1127 3567 1173 et
3604 1120 3666 1172 de
3692 1119 3909 1194 εἰδείηηὶ

2429 1212 2492 1249 ea:
2521 1189 2594 1248 eis
2630 1206 2935 1260 nascuntur,
2972 1204 3018 1247 et
3053 1196 3115 1246 de
3144 1189 3567 1245 accusationibus
3597 1205 3730 1258 quas
3771 1189 3907 1257 leges

2431 1267 2697 1332 rejiciuut.

2429 1355 2855 1425 Conjunctiones
2880 1339 3054 1407 autem
3082 1352 3601 1421 consanguineorum
3633 1348 3749 1403 ﬁeri
3775 1363 3908 1417 pro-

2361 1446 2614 1499 bibentur
2643 1448 2709 1511 δι,
2739 1445 2957 1514 quando
2989 1444 3086 1498 bas
3113 1452 3165 1497 et
3196 1443 3391 1497 divina:
3413 1451 3468 1496 et
3495 1440 3675 1495 saculi
3706 1439 3905 1509 prohi-

2356 1538 2483 1592 bent
2516 1539 2679 1609 leges.
2717 1536 2883 1605 Leges
2914 1551 3041 1605 ergo
3070 1535 3264 1590 divina:
3287 1535 3389 1589 hoc
3416 1540 3635 1601 agentes
3659 1572 3673 1597 ,
3705 1540 3759 1585 et
3808 1545 3905 1585 eos

2355 1630 2444 1698 qui
2485 1644 2550 1682 ex
2589 1626 2669 1682 eis
2707 1628 3010 1695 prodeunt,
3049 1642 3155 1680 non
3194 1625 3366 1681 solum
3391 1624 3671 1693 'ejiciunt,
3710 1622 3813 1677 sed
3852 1632 3907 1676 et

2356 1715 2670 1769 maledictos
2706 1714 2991 1782 appellant.
3032 1714 3200 1783 Leges
3235 1727 3365 1783 ergo
3403 1711 3621 1777 saeculi,
3662 1710 3904 1764 infames

2358 1804 2495 1857 tales
2523 1811 2751 1868 vocant,
2787 1810 2840 1854 et
2867 1803 2935 1856 ab
2964 1802 3270 1856 haereditate
3302 1800 3585 1869 repellunt.
3625 1798 3734 1854 Nos
3762 1815 3903 1853 vero

704 1894 901 1961 Iusque
932 1896 1263 1963 reliquorum
1296 1899 1675 1967 episcoporum
1693 1940 1708 1963 ,
1736 1899 1959 1954 alterius
1988 1902 2146 1955 adeat
2174 1904 2241 1955 ci-

2353 1900 2637 1960 sequentes
2672 1900 2851 1959 patres
2874 1902 3121 1955 nostros,
3154 1901 3208 1945 et
3233 1907 3422 1945 eorum
3448 1889 3686 1959 vestigiis
3713 1889 3898 1943 inhie-

702 1984 921 2038 vitatem
943 2028 956 2050 ,
985 1994 1077 2039 aut
1101 1988 1165 2040 ad
1191 1990 1587 2056 possessionem
1614 1991 1865 2054 accedat,
1886 2007 2005 2060 qua:
2033 1992 2099 2045 ad
2124 2008 2248 2047 eum

701 2090 808 2127 non
836 2076 1097 2144 pertinet,
1124 2087 1177 2131 et
1198 2078 1428 2132 alterius
1452 2079 1688 2148 episcopi
1716 2089 1801 2135 est
1827 2083 2129 2149 parochias,
2156 2099 2250 2137 su-

701 2180 798 2234 per
841 2165 1160 2234 cujusquam
1206 2168 1593 2243 dispositione,
1643 2171 1748 2225 nisi
1790 2181 2017 2226 vocatus
2048 2173 2117 2227 ab
2144 2190 2244 2238 eo,

700 2254 861 2319 cujus
883 2252 1025 2318 juris
1057 2268 1177 2307 esse
1204 2256 1540 2324 dignoscitur
1567 2276 1580 2324 ;
1617 2269 1710 2314 aut
1738 2262 2031 2329 quidquam
2060 2260 2253 2320 ibidis-

967 2342 1050 2395 vel
1083 2344 1312 2408 ordinet,
1350 2357 1444 2398 aut
1473 2347 1712 2415 judicet,
1742 2352 1786 2404 si
1816 2351 1898 2404 sui
1926 2351 2125 2419 gradus
2151 2353 2247 2405 ho-

701 2444 833 2483 nore
862 2431 1023 2499 potiri
1053 2432 1300 2485 voluerit.
1339 2434 1432 2488 Sin
1459 2437 1613 2491 aliter
1638 2442 2057 2508 przesumpserit,
2102 2442 2247 2497 dam-

700 2519 921 2573 nabitur
944 2538 959 2586 ;
985 2532 1036 2576 et
1068 2538 1174 2577 non
1204 2524 1379 2577 solum
1409 2526 1517 2593 ille,
1542 2528 1634 2581 sed
1659 2543 2062 2599 cooperatores,
2087 2533 2246 2602 eique

701 2613 1104 2667 consentientes
1133 2632 1146 2665 :
1187 2614 1314 2684 quia
1348 2616 1489 2669 sicut
1518 2618 1788 2673 ordinatio
1809 2662 1823 2685 ,
1861 2621 1934 2675 ita
1964 2622 2045 2676 eis
2072 2631 2127 2676 et
2152 2623 2242 2691 ju-

697 2700 898 2756 dicatio
926 2703 989 2769 “,
1030 2714 1085 2758 et
1112 2705 1342 2759 aliarum
1374 2723 1555 2762 rerum
1586 2710 1871 2779 dispositio
1903 2714 2239 2782 prohibetur.

694 2789 829 2844 Nam
865 2793 959 2861 qui
999 2794 1250 2848 ordinare
1278 2811 1383 2849 non
1412 2799 1639 2867 poterit,
1665 2802 1898 2868 qualiter
1931 2803 2242 2871 judicabit?

693 2880 1016 2939 Nulla‘tenus
1063 2887 1252 2953 procul
1301 2888 1467 2942 dubio
1509 2884 1808 2958 judicabit,
1864 2904 1956 2947 aut
1997 2895 2241 2962 judicare

691 2973 926 3041 poterit;
962 2976 1216 3043 quoniam
1256 2977 1399 3031 sicut
1434 2979 1655 3035 alterius
1693 2992 1831 3035 uxor
1862 2981 1928 3047 ‘7,
1962 3000 2061 3039 nec
2086 2987 2240 3040 adul-
2272 3002 2275 3005 λ

694 3063 864 3115 terari
899 3063 966 3116 ab
1003 3064 1213 3132 aliquo,
1253 3067 1337 3119 vel
1370 3066 1602 3133 judicari
1640 3079 1734 3123 aut
1769 3072 2022 3141 disponi,
2063 3077 2169 3131 nisi
2208 3095 2236 3131 a

689 3150 912 3219 proprio
946 3151 1083 3214 viro,
1116 3168 1179 3205 eo
1209 3150 1438 3217 vivente,
1472 3156 1838 3222 permittitur:
1872 3162 1952 3216 sic
1979 3179 2077 3218 nec
2104 3182 2238 3221 uxor
2264 3202 2326 3258 Ο,

691 3240 927 3309 episcopi
957 3241 1085 3310 (45),
1118 3258 1238 3311 quae
1267 3244 1383 3311 ejus
1419 3242 1656 3298 Ecclesia
1686 3248 1767 3300 vel
1796 3251 2049 3317 parochia
2080 3253 2236 3313 indu,-

692 3332 925 3401 hilariter
952 3335 1285 3404 intelligitur,
1312 3351 1377 3389 eo
1401 3337 1637 3401 vivente,
1664 3338 1867 3407 absque
1892 3342 2009 3408 ejus
2031 3343 2235 3411 judicio

691 3434 745 3479 et
782 3427 1087 3492 voluntate,
1131 3428 1281 3481 alteri
1315 3428 1548 3496 judicari
1582 3429 1665 3482 vel
1700 3430 1948 3499 disponi,
1990 3442 2084 3487 aut
2118 3437 2237 3503 ejus

688 3518 977 3570 concubitu
1008 3517 1144 3583 frui,
1176 3519 1225 3571 id
1255 3528 1337 3572 est
1356 3560 1372 3584 ,
1407 3519 1744 3576 ordinatione
1768 3560 1784 3585 ,
1809 3520 2078 3576 ullatenus
2108 3540 2235 3577 con-

686 3609 914 3664 ceditur.
941 3608 1091 3665 Unde
1114 3610 1188 3662 ait
1210 3609 1495 3676 Apostolus
1524 3628 1536 3662 :
1568 3609 1804 3678 Alligata
1837 3621 1914 3664 est
1939 3628 2073 3665 uxor
2096 3612 2195 3682 legi
2217 3654 2231 3677 ,

685 3700 918 3767 quandiu
943 3700 1021 3751 vir
1044 3700 1155 3767 ejus
1184 3698 1303 3750 vit‘it
1327 3715 1345 3760 ;
1372 3714 1429 3750 eo
1456 3714 1571 3750 vero
1594 3701 1856 3767 defuncto,
1888 3702 2062 3755 soluta
2089 3713 2164 3756 est
2201 3690 2232 3755 ὰ

687 3789 795 3856 lege
817 3789 914 3841 viri
932 3789 995 3841 ‘3.
1023 3787 1281 3840 Similiter
1308 3795 1360 3840 et
1386 3801 1583 3855 sponsa
1605 3788 1843 3857 episcopi
1869 3792 2015 3859 (quia
2036 3806 2232 3860 sponsa

690 3895 931 3943 uxorque
955 3880 1071 3948 ejus
1099 3880 1290 3933 dicitur
1328 3881 1587 3952 Ecclesia)
1615 3881 1704 3934 illo
1735 3880 1945 3934 vivente
1969 3884 2019 3935 ei
2045 3892 2127 3937 est
2156 3885 2233 3935 al-

688 3972 883 4040 ligata;
911 3986 976 4025 eo
1002 3986 1129 4024 vero
1155 3970 1426 4033 defuncto,
1456 3972 1627 4025 soluta
1654 3980 1753 4035 est,
1781 3979 1834 4025 et
1858 3971 1945 4024 cui
1968 3972 2228 4033 voluerit,

684 4064 881 4127 nnbat,
923 4070 1128 4115 tantum
1168 4063 1222 4115 in
1261 4061 1517 4127 Domino,
1558 4062 1610 4116 id
1645 4070 1757 4128 est,
1786 4060 2125 4131 regulariter.
2174 4062 2229 4115 Si

682 4154 824 4206 enim
843 4195 856 4216 ,
883 4168 946 4205 eo
972 4154 1212 4218 vivente,
1241 4155 1389 4207 alteri
1418 4156 1678 4223 nupserit,
1727 4153 1970 4207 adultera
2016 4152 2231 4221 judicav-

689 4237 851 4288 bitur.
897 4238 1156 4292 Similiter
1183 4250 1235 4293 et
1273 4241 1359 4295 ille
1380 4280 1394 4303 ,
1439 4242 1485 4295 si
1514 4242 1734 4295 alteram
1766 4252 1956 4310 sponte
1984 4240 2226 4307 duxerit,

684 4326 889 4379 adulter
918 4329 1291 4394 azstimabitur,
1323 4340 1375 4385 et
1402 4334 1783 4386 communione
1813 4334 2136 4401 privahitur.
2171 4332 2227 4386 Si

592 4469 612 4477 ,
684 4426 862 4469 autem
892 4430 1205 4485 persecutus
1236 4422 1394 4477 fuerit
1419 4425 1471 4476 in
1499 4440 1597 4477 sua
1624 4423 1885 4489 Ecclesia,
1915 4423 2225 4492 fugiendum

2350 1991 2529 2036 rentes
2550 2025 2564 2048 ,
2598 1980 2821 2035 infamia
2845 1996 2939 2035 eos
2967 1992 3247 2044 notamus,
3274 1990 3327 2036 et
3355 1979 3582 2034 infames
3600 1970 3731 2034 esse
3756 1995 3898 2034 ceu—

2348 2087 2560 2137 scmus,
2592 2071 2719 2140 quia
2747 2070 2979 2125 infamiae
3006 2071 3230 2125 maculis
3254 2078 3381 2126 sunt
3406 2070 3630 2140 aspersi.
3658 2068 3769 2124 Nec
3800 2086 3899 2125 eos

2347 2161 2519 2225 viros,
2556 2176 2655 2215 nec
2691 2161 3063 2215 accusationes
3092 2176 3305 2221 eorum,
3344 2176 3483 2230 quos
3518 2160 3662 2229 leges
3699 2161 3899 2213 muli

2346 2250 2629 2319 rejiciunt,
2661 2248 2932 2319 suscipere
2966 2250 3241 2306 debemus.
3276 2250 3451 2321 (Quis
3477 2250 3626 2304 enim
3648 2249 3903 2315 dubitat,

2345 2341 2488 2409 leges
2520 2342 2817 2408 humanas,
2849 2342 3043 2396 rationi
3072 2351 3124 2397 et
3153 2343 3418 2397 honestati
3446 2356 3551 2396 non
3582 2356 3903 2411 repugnan-

2345 2438 2423 2482 tes
2443 2470 2456 2494 ,
2491 2446 2610 2485 esse
2639 2432 3035 2499 amplectendas
3055 2472 3071 2495 ,
3102 2433 3398 2501 praesertim
3430 2433 3517 2487 ubi
3550 2432 3634 2487 vel
3660 2432 3904 2501 publicae

2347 2520 2638 2587 consulunt
2674 2522 2894 2575 utilitati
2935 2520 3015 2575 vel
3053 2521 3433 2589 ecclesiasticae
3468 2521 3746 2593 dignitatis
3789 2537 3898 2577 au—

2343 2599 2644 2685 ctoritatem
2706 2612 3033 2677 defendunt,
3084 2627 3149 2665 ac
3205 2628 3304 2681 pro
3354 2613 3681 2669 adminiculo
3731 2621 3902 2667 tuen-

2345 2708 2431 2752 tur
2464 2701 2596 2768 "?)
2657 2700 2763 2755 Eos
2825 2710 3002 2755 autem
3062 2704 3493 2771 consanguineos
3542 2704 3778 2758 dicimus
3812 2706 3898 2770 ",

2341 2804 2478 2854 quos
2542 2791 2741 2845 divinae
2792 2796 2846 2844 et
2901 2792 3319 2859 imperatorum,
3382 2808 3445 2847 ac
3514 2794 3897 2855 Romanorum

2341 2890 2503 2948 atque
2534 2880 2841 2935 Grecorum
2877 2882 2923 2913 “
2952 2883 3094 2952 leges
3124 2883 3896 2953 consanguineosappellant,
3931 2947 3935 2951 ,

2341 2978 2393 3022 et
2444 2971 2499 3022 in
2540 2969 2903 3024 hmreditatem
2941 2972 3275 3041 suscipiunt,
3316 2988 3415 3027 nec
3451 2974 3705 3042 repellere
3760 2990 3902 3044 pos-

2340 3069 2489 3113 sunt.
2541 3058 2749 3114 Talium
2808 3062 2949 3116 enim
3008 3062 3570 3129 conjunctionesvnec
3628 3064 3901 3134 legitimae

2340 3158 2497 3215 sunt,
2538 3166 2637 3205 nec
2688 3168 2905 3207 manere
2944 3162 3200 3222 possunt,
3244 3154 3336 3209 sed
3374 3162 3500 3208 sunt
3538 3155 3893 3223 repellendae.

2340 3236 2443 3303 (Et
2472 3238 2517 3291 si
2554 3254 2673 3306 quae
2702 3255 2836 3294 ausu
2879 3243 3166 3295 temerario
3204 3251 3423 3297 tentata:
3458 3243 3597 3310 sint,
3638 3247 3896 3299 auctori-

2338 3336 2449 3383 tate
2480 3319 2773 3398 apdstolica
2804 3333 3168 3387 rescindenda:
3198 3334 3425 3388 veniunt
3449 3336 3562 3405 ⁵⁵.)

3078 3463 3141 3519 V.

2338 3569 2443 3633 Qui
2482 3588 2583 3625 non
2625 3573 2842 3626 debeant
2892 3572 3100 3627 admitti
3145 3574 3214 3626 ad
3254 3580 3653 3643 accusationem,
3696 3584 3783 3634 vel
3823 3585 3895 3635 ad

2406 3642 2758 3693 testimonium
2785 3658 2803 3694 :
2821 3658 2917 3714 nec
2954 3644 3055 3714 nisi
3073 3644 3135 3696 de
3155 3644 3221 3696 iis
3242 3660 3357 3714 qua:
3382 3648 3435 3699 in
3456 3642 3736 3712 prementia
3762 3666 3896 3704 acta

2402 3720 2545 3773 sunt,
2573 3712 2921 3763 testimonium
2944 3712 3195 3765 dandum.
3244 3712 3259 3757 ‘l

2404 3796 2662 3865 Quisquis
2690 3814 2817 3868 ergo
2842 3816 2948 3854 non
2975 3812 3056 3857 est
3084 3802 3319 3871 legitime
3342 3804 3664 3872 coniunctus
3691 3806 3766 3873 ⁵⁸,
3799 3811 3898 3863 vel

2334 3881 2535 3950 absque
2564 3883 2727 3938 dotali
2763 3885 2915 3939 titulo
2941 3902 3003 3941 ac
3028 3889 3401 3945 benedictione
3425 3892 3723 3955 sacerdotis
3744 3910 3897 3950 con-

2335 3982 2442 4025 stat
2471 3975 2781 4042 c0pulatus,
2814 3977 3119 4035 sacerdotes
3148 3981 3235 4034 vel
3276 3980 3510 4051 legitime
3552 3984 3895 4053 conjunctos

2336 4061 2643 4129 criminari,
2691 4065 2773 4119 vel
2826 4066 2879 4120 in
2924 4083 3017 4125 eos
3072 4070 3346 4127 testiﬁcari
3392 4074 3615 4128 minime
3658 4084 3889 4143 potest,

2343 4154 2601 4220 quoniam
2633 4158 2810 4211 omnis
2842 4158 3031 4214 incesti
3081 4164 3292 4217 macula
3338 4164 3574 4233 pollutus
3616 4164 3892 4234 infamis,

2330 4254 2449 4312 est,
2476 4255 2529 4300 et
2559 4246 2815 4303 accusare
2842 4252 3178 4331 supradictus
3208 4269 3314 4308 non
3345 4244 3694 4324 permittitur.
3742 4246 3893 4311 Non

2333 4337 2505 4391 solum
2535 4352 2665 4408 ergo
2711 4340 2763 4393 bi
2797 4341 3075 4410 rejiciendi
3110 4352 3236 4398 sunt
3272 4353 3326 4400 et
3361 4344 3589 4400 infames
3623 4344 3895 4401 efﬁciun-

2332 4438 2438 4496 tur,
2473 4432 2566 4485 sed
2597 4434 2759 4487 etiam
2793 4449 2981 4489 omnes
3014 4438 3093 4490 eis
3133 4438 3549 4493 consentientes.
3603 4436 3889 4493 Similiter

685 4506 760 4559 illi
790 4516 869 4560 est
909 4507 975 4560 ad
1006 4508 1224 4565 alteram
1248 4551 1264 4576 ,
1309 4514 1464 4583 eique
1491 4523 1573 4568 est
1610 4517 1993 4582 associandus,
2017 4517 2226 4573 dicente
2257 4522 2299 4575 D
2328 4522 2393 4576 de
2423 4526 2736 4593 raptoribus
2757 4566 2770 4589 .
2800 4527 2881 4580 vel
2912 4529 2991 4581 eis
3022 4528 3113 4598 qui
3145 4530 3387 4583 seniores
3412 4530 3675 4599 impetunt
3694 4572 3710 4596 ,
3758 4532 3891 4587 ﬁeri

749 4642 793 4728 ις
813 4639 1259 4728 μειψςιιξιὲδί
1309 4641 1637 4728 hiarcgt,
1666 4644 1756 4728 15.
1831 4644 1878 4676 ⁸⁸
1899 4662 2021 4728 qua;
2050 4650 2257 4728 ansulis
2284 4654 2471 4728 clausa
2504 4666 2662 4721 sunt,
2697 4673 2801 4711 non
2834 4660 3083 4728 leguntur
3108 4663 3160 4714 in
3204 4678 3251 4715 c.
3292 4660 3430 4716 Just.
3456 4661 3532 4716 Ita
3560 4672 3613 4716 et
3651 4664 3704 4716 in
3736 4664 3889 4723 Luc.

756 4712 883 4788 5dr.
916 4710 1165 4788 c_oll.l_d3,
1192 4727 1281 4788 qq.
1312 4711 1605 4788 interjectis
1658 4727 1687 4764 a
1713 4710 2101 4788 superiOribus
2152 4722 2327 4788 verbis
2354 4726 2618 4788 sejuncta.
2649 4710 2707 4778 in
2743 4710 3188 4783 oécéé’ii'iib'nii.
3210 4710 3292 4782 iv.

680 4780 722 4810 ⁸⁷
757 4782 805 4844 7,
836 4798 889 4850 q.
930 4783 951 4833 1
989 4798 1001 4833 :
1035 4780 1184 4850 Sicut
1214 4780 1433 4833 alterius
1456 4796 1607 4832 uxor.
1709 4782 1753 4812 ⁴⁸
1805 4782 1960 4833 Rom.
2015 4799 2122 4847 vn,
2162 4785 2213 4837 8.

678 4986 726 5016 ”
757 4987 809 5039 in
861 4986 1068 5043 Deerat;
1117 4991 1265 5043 lvon.
1323 4989 1413 5042 lib.
1453 5004 1527 5042 iv.

678 5158 770 5212 sia:
796 5159 1083 5211 commissa
1115 5161 1325 5226 est,‘qui
1365 5175 1469 5212 non
1500 5169 1703 5211 tantum
1741 5161 2003 5215 universa
2028 5164 2216 5228 plebis,

678 5228 771 5282 sed
796 5228 953 5278 etiam
1014 5230 1174 5279 totius
1228 5232 1386 5289 clcri,
1458 5232 1698 5282 omnium
1767 5233 2105 5284 sacerdotum
2168 5243 2221 5285 et

678 5296 1052 5363 episcoporum
1078 5300 1393 5362 pastoralem
1416 5314 1598 5352 curam
1620 5299 1815 5351 habere
1838 5302 2009 5365 debet,
2031 5303 2221 5354 discri-

679 5365 842 5417 minis
878 5380 1036 5437 causa
1065 5377 1223 5431 atque
1259 5368 1431 5419 ollicio
1465 5386 1562 5420 suo
1595 5370 1973 5421 convenienter
2001 5371 2218 5437 pontifi-

677 5449 791 5507 cem
824 5433 1113 5507 maximum
1143 5445 1191 5484 et
1217 5437 1519 5502 episcopum
1541 5440 1913 5506 episcoporum
1939 5433 2217 5507 appellari.

678 5500 811 5576 Vide
842 5519 960 5576 qua;
994 5502 1227 5576 disimus
1254 5500 1496 5576 suprain
1547 5500 1691 5576 n'otis
1722 5500 1787 5560 ad
1818 5500 1984 5561 vitam.
2011 5500 2216 5576 Zephy~

676 5573 875 5627 rini,et
900 5573 963 5622 ad
998 5571 1273 5635 epistolam
1308 5570 1461 5625 Sixti.
1494 5575 1614 5627 Ssv.
1648 5575 1760 5628 Bm.

750 5641 859 5714 (15)
908 5639 1052 5714 Uxor
1100 5641 1341 5714 episcopi.
1375 5642 1547 5714 ‘Sicut
1598 5646 1831 5712 virgines
1885 5664 1977 5714 per
2032 5656 2211 5699 votum

676 5712 955 5774 emissum,
989 5710 1238 5784 dicuntur
1266 5709 1475 5784 Clu-isto
1506 5709 1705 5765 nubere
1735 5709 1957 5784 ejusque
1984 5731 2213 5784 sponsse,

678 5791 785 5834 tota
810 5796 968 5833 causa
993 5779 1079 5843 27,
1119 5788 1307 5852 qnzest.
1335 5778 1381 5838 1,
1423 5780 1493 5830 ita
1550 5786 1738 5852 merito
1764 5778 2026 5837 'Ecclesia‘
2072 5786 2208 5852 ejus,

676 5869 757 5905 cui
786 5868 905 5922 qu.s
935 5866 1027 5919 per
1062 5848 1452 5904 ordinationem
1501 5850 1763 5919 ascriptus
1791 5865 1888 5920 ρει,
1925 5872 2060 5909 uxor
2091 5848 2211 5909 esse

1306 4795 1433 4859 irtus
1456 4796 1607 4832 uxor.
1709 4790 1753 4812 ⁵⁸
1788 4790 1960 4860 _ttom.
2015 4799 2087 4835 vn
2108 4790 2213 4860 ,__8.
2242 4856 2252 4860 _
2290 4790 2333 4819 ‘9
2364 4791 2549 4844 Matth.
2581 4810 2645 4857 ι,
2673 4796 2761 4847 25.
2834 4798 2879 4828 ⁸ο
2907 4798 2963 4850 In
2994 4798 3198 4851 Decret.
3231 4801 3375 4853 lvon.
3407 4800 3443 4853 Ι.
3477 4817 3556 4856 Ill.

679 4866 732 4917 q.
764 4850 830 4912 Ξ,
854 4849 918 4903 ίὸ
967 4868 979 4903 :
1035 4849 1460 4938 (Eonjunctione‘s
1490 4851 2053 4938 consanguineorum.
2206 4856 2400 4938 abstini
2426 4876 2457 4938 .3
2494 4876 2596 4915 ms,
2620 4849 2776 4938 ’λιιι-ξι,
2819 4873 2872 4917 ει
2905 4883 2933 4920 a
2954 4849 3303 4938 ’L'ué’Ya’g,‘

679 4934 901 4998 {reorum
955 4918 1382 4998 conjunctiones.
1418 4918 1462 4948 ⁵⁸
1490 4918 1677 4972 inscite
1702 4920 1825 4973 hinc
1856 4922 2095 4989 arguitur
2123 4922 2395 4980 distinctio
2425 4930 2589 4998 impp.
2618 4931 2671 4984 in
2698 4918 2969 4988 Romanos
2995 4918 3302 4993 etiGrazcos:

3373 4732 3418 4761 ⁸⁸
3464 4730 3594 4786 Λᾶν.
3624 4734 3754 4787 coll.
3794 4741 3887 4790 lli.

3686 4805 3729 4835 ⁸¹
3772 4807 3888 4869 55,

3336 4870 3453 4945 q._§
3478 4889 3491 4926 :
3514 4871 3891 4945 AConsangui-

3402 4940 3447 4973 ⁸⁵
3479 4943 3675 4997 absunt
3704 4960 3737 4997 a
3760 4940 3884 5003 ins.

2324 5167 2538 5221 dicitur.
2580 5169 2732 5249 Unde
2780 5184 2918 5226 recte
2970 5178 3265 5249 apostolica
3294 5178 3711 5249 constitutione,
3748 5196 3888 5249 qme

2323 5248 2498 5293 exstat
2524 5244 2821 5296 canonihus
2850 5247 3211 5312 apostolorum
3248 5248 3333 5311 14,
3377 5247 3443 5299 15
3468 5256 3520 5299 et
3551 5247 3635 5307 16,
3661 5244 3888 5305 con-sti-

2324 5316 2492 5383 t_utum
2524 5323 2625 5383 est,
2654 5327 2721 5365 ne
2745 5316 2981 5383 episcopi
3007 5318 3163 5369 aliive
3190 5324 3373 5369 curata
3402 5315 3653 5371 beneﬁcia
3684 5321 3886 5383 possi-

2322 5375 2505 5452 dentes
2528 5375 2790 5452 diceceses
2810 5400 2873 5438 ac
2897 5375 3179 5452 parochias
3206 5400 3333 5437 suas
3362 5385 3477 5436 sine
3510 5386 3658 5452 gravi
3684 5375 3879 5443 causa

2324 5450 2542 5519 majoris
2566 5450 2835 5515 utilitatis,
2882 5450 2977 5507 sua
3032 5462 3219 5519 sponte
3252 5460 3454 5505 mutent
3480 5468 3495 5515 ;
3518 5450 3683 5507 Vsicut
3710 5466 3770 5509 et
3812 5460 3885 5511 il-

2321 5514 2431 5581 lud,
2456 5522 2596 5585 quod
2620 5522 2710 5589 qui
2742 5531 2858 5589 post
2890 5514 3073 5574 sacros
3104 5522 3326 5592 ordines
3347 5530 3647 5592 susceptos,
3684 5540 3882 5592 quan-

2322 5592 2516 5641 tumvis
2560 5588 2809 5651 invalide,
2866 5591 3269 5642 matrimonium
3318 5590 3370 5641 in
3426 5588 3562 5643 facie
3604 5588 3882 5651 Ecclesiae

2320 5659 2637 5732 contrahere
2668 5659 3149 5732 ριξίεευηιρςετίηιἰ
3179 5661 3652 5732 interpretativam,
3695 5676 3878 5732 quam

2319 5736 2509 5777 vocant
2534 5729 2845 5801 bigamiam,
2878 5730 3116 5801 adeoque
3139 5727 3580 5801 irregularitates,
3611 5727 3879 5801 aliasque

2319 5808 2503 5859 ptenas
2534 5797 2828 5861 incurrant,
2847 5812 2958 5849 can.
2986 5795 3275 5863 Quotquot,
3299 5797 3384 5862 Ἦ,
3408 5810 3596 5867 qua-st.
3629 5804 3678 5855 1.
3713 5795 3798 5856 Ιυζ
