4038 6352
126 448 216 502 i5?

1481 448 1780 533 ‘NOTITIA
1811 450 2105 506 ALTERA.

135 629 2510 654 Ἥ

1203 792 1703 884 NOTITIA
1771 793 2224 882 ALTERA

905 994 985 1054 (D.
1013 992 1279 1048 Consum,
1303 983 1538 1054 Epistola;
1558 992 1693 1040 Rom“.
1716 994 1865 1049 pont.,
1886 994 2012 1038 tom.
2044 987 2063 1035 l
2095 992 2148 1034 et
2179 986 2332 1045 unic.,
2369 1001 2415 1049 p.
2440 985 2528 1058 tl5
2553 987 2570 1048 )
2596 946 2599 949 Ι

1664 1155 1732 1167 ..-

196 1270 238 1324 i.
290 1268 350 1325 In
388 1265 1027 1340 BucberianoCatalogo,
1065 1277 1122 1323 ut
1145 1277 1222 1323 et
1268 1269 1320 1322 in
1353 1268 1662 1326 Fossatensi

1769 1264 2058 1334 episcopus
2103 1256 2415 1320 damnavit,
2465 1255 2626 1324 hujus
2676 1255 2954 1309 sententia:
3006 1254 3327 1323 subscripsit

130 1375 176 1418 et
207 1365 370 1419 altero
399 1363 595 1432 reginae
640 1360 961 1423 Succorum,
1010 1361 1077 1415 de
1119 1359 1386 1415 Pontiano
1429 1361 1543 1415 baae
1572 1361 1667 1414 ba-

132 1456 312 1508 bentur
338 1473 351 1509 :
383 1454 670 1508 Pontianus
693 1453 844 1508 annis
877 1454 1121 1523 quinque,
1154 1452 1411 1506 mensibus
1440 1451 1662 1516 duobus,

133 1546 294 1599 diebus
319 1554 524 1614 septem.
573 1542 698 1597 Fuit
742 1545 1054 1613 temporibus
1091 1543 1380 1597 Alexandri
1411 1560 1443 1595 a
1478 1559 1656 1595 consu-

135 1635 231 1688 latu
257 1635 553 1706 Pompeiani
575 1643 622 1689 et
652 1633 967 1705 Peligniani.
988 1634 1067 1689 Eo
1095 1645 1318 1704 tempore
1341 1632 1666 1704 Nepotianus

137 1724 242 1799 (leg.
270 1727 582 1797 Pontianus)
607 1736 655 1781 et
687 1726 998 1797 Hippolytus
1023 1728 1287 1798 presbyter
1317 1727 1520 1782 exsules
1544 1737 1663 1780 sunt

140 1821 370 1889 deportati
401 1820 455 1873 in
495 1818 724 1872 insulam
769 1820 1002 1872 nocivam
1036 1818 1342 1872 Sardiniam
1387 1817 1572 1873 Severo
1616 1828 1665 1872 et

147 1910 454 1976 Quiatiniano
485 1909 803 1964 consulibus.
841 1908 907 1964 In
937 1911 1119 1964 eadem
1162 1909 1338 1964 insula
1377 1911 1664 1983 discinctus

153 2015 268 2058 est"
295 2003 558 2060 Kalendas
602 2001 864 2067 Octobris,
894 2011 942 2056 et
978 2002 1090 2055 loco
1134 2004 1246 2072 ejus
1280 2004 1550 2056 ordinatus
1589 2009 1665 2054 est

146 2098 328 2150 Anteros
357 2112 405 2150 sl
439 2093 709 2150 Kalendas
735 2094 1053 2160 Decembris,
1081 2075 1378 2150 consulibus
1411 2094 1534 2158 SS.,
1563 2095 1665 2149 boc

141 2197 206 2242 est
229 2201 373 2256 supra
411 2186 652 2256 scriptis.
1265 2191 1268 2193 λ

197 2318 245 2375 3.
270 2317 391 2384 Quid
422 2320 534 2375 illic
560 2319 848 2374 discinctus
870 2319 973 2374 sibi
997 2320 1143 2383 velit,
1187 2321 1286 2374 etsi
1317 2321 1456 2373 inter
1477 2321 1662 2374 erudi-

139 2420 209 2465 tos
253 2427 347 2466 non
394 2412 669 2474 convenit,
713 2412 789 2465 illi
839 2420 1019 2466 tamen
1067 2413 1171 2466 hoc
1213 2414 1375 2466 verbo
1414 2411 1661 2466 Pontiani

137 2514 333 2559 mortem
372 2505 643 2558 enuntiari
687 2519 792 2558 non
838 2494 1103 2559 dubitant.
1140 2503 1206 2557 Et
1235 2520 1362 2559 vero
1388 2506 1432 2560 si
1467 2506 1663 2559 discin-

1769 1356 1962 1410 Roma.
1986 1349 2316 1420 ,Hicronymi
2362 1363 2424 1402 ea
2456 1349 2520 1402 de
2567 1364 2624 1401 re
2662 1348 2822 1402 verba
2870 1345 3100 1410 Ruﬁnus
3126 1347 3322 1402 Invect.

1745 1450 1860 1516 qlib.
1898 1463 1935 1500 ιι
1985 1445 2065 1500 sic
2106 1435 2272 1497 refert
2303 1442 2320 1473 ί
2349 1456 2362 1492 :
2393 1438 2684 1493 Damnatur
2715 1457 2746 1492 α
2785 1439 3043 1494 Demetrio
3088 1441 3326 1508 episcopo

1768 1536 2144 1610 (Origenes)...
2186 1520 2254 1586 In
2297 1532 2686 1586 damnationem
2740 1532 2854 1600 ejus
2903 1533 3154 1585 consentit
3207 1532 3328 1583 urbs

1768 1631 1955 1686 Roma.
1989 1629 2116 1698 Ipsa
2143 1639 2324 1682 contra
2355 1627 2490 1679 hunc
2522 1627 2659 1694 cogit
2701 1633 2959 1688 senatum,
2991 1639 3090 1676 non
3119 1635 3330 1693 propter

1767 1723 2068 1790 dogmatum
2097 1720 2398 1783 novitatem,
2430 1732 2531 1769 non
2562 1724 2770 1783 propter
2801 1712 3060 1777 Iiwresim,
3094 1722 3150 1765 ut
3189 1727 3326 1766 nunc

1766 1812 2012 1865 adversus
2049 1825 2163 1861 eum
2198 1809 2371 1862 rabidi
2409 1824 2561 1861 canes
2610 1807 2895 1870 sinmlant;
2931 1808 3021 1860 sed
3058 1808 3183 1877 quia
3213 1807 3326 1875 gla-

1766 1903 1901 1954 riam
1931 1899 2240 1969 eloquentia:
2282 1899 2395 1967 ejus
2436 1908 2485 1952 et
2521 1894 2751 1951 scientia:
2780 1897 2913 1965 ferre
2939 1912 3040 1949 non
3064 1905 3324 1965 poterant.
3390 1890 3391 1893 “

1767 1988 1891 2044 11ωο
1922 2004 2082 2058 porro
2111 1987 2326 2041 invidia:
2357 1988 2502 2041 Iabes
2531 1985 2920 2049 Alexandrino,
2945 1999 3051 2038 non
3085 1983 3328 2037 Romano

1765 2080 1991 2134 antistiti
2037 2080 2104 2134 ab
2145 2078 2470 2149 Hieronymo
2519 2066 2776 2131 inuritur.
2818 2073 2926 2132 Nec
2957 2075 3227 2138 immerito
3260 2076 3324 2129 ad

1667 2197 1677 2207 ιν
1766 2170 2068 2225 Romanum
2102 2169 2405 2239 pontiﬁcem
2447 2169 2676 2237 ejusque
2715 2169 2918 2222 clerum
2953 2167 3036 2220 vir
3067 2166 3328 2237 religione

1763 2273 1817 2318 et
1845 2263 2149 2318 eruditione
2177 2262 2359 2316 clarus
2388 2261 2438 2315 id
2464 2261 2869 2334 accommodat,
2896 2258 3042 2329 quod
3070 2258 3326 2328 Augusti-

1765 2369 1868 2407 nus
1894 2353 1914 2383 ¹
1951 2353 2017 2407 de
2059 2352 2246 2416 altera,
2293 2350 2386 2405 sed
2437 2349 2602 2404 simili
2632 2364 2796 2405 causa
2840 2347 3018 2401 dixit:
3056 2344 3326 2400 Creditum

1764 2456 1840 2499 est
1888 2446 2078 2500 litteris
2118 2444 2366 2507 concilii;
2417 2458 2577 2512 neque
2608 2442 2744 2494 enini
2791 2440 2946 2492 aliter
2987 2439 3322 2508 oportebat...

1766 2537 1925 2592 Salva
1955 2537 2091 2589 enim
2122 2535 2436 2587 conscientia
2468 2533 2658 2586 litteris
2705 2533 2915 2584 concilii
2945 2526 3270 2584 crediderant
3297 2545 3324 2582 -:

136 2612 230 2698 pere
260 2595 309 2649 id
326 2605 415 2698 est
443 2596 584 2666 apud
617 2597 1022 2698 grammaticos,
1053 2597 1386 2698 mimi-.00?“
1412 2608 1456 2650 εί
1487 2599 1663 2667 digni"
1695 2611 1738 2670 Β
1766 2644 1926 2698 neque
1954 2628 2090 2680 enim
2118 2625 2186 2677 ab
2219 2624 2514 2676 hominibus
2542 2623 2605 2675 de
2645 2623 2767 2674 aliis
2797 2621 3092 2674 hominibus
3119 2620 3322 2690 aliquid

138 2696 220 2739 tate
260 2689 491 2755 privare,
541 2699 655 2741 non
707 2687 884 2758 inepte
921 2688 1118 2742 dicitur
1162 2689 1448 2742 discinctus
1497 2704 1656 2758 papa,

137 2792 268 2844 quem
301 2792 438 2833 mors
467 2777 743 2847 pontiﬁcis
765 2778 1023 2847 dignitate
1054 2778 1301 2848 privavit.
1339 2777 1450 2832 Hoc
1478 2787 1655 2831 autem

133 2867 304 2932 posito,
353 2868 596 2939 sequitur
642 2877 702 2922 ut
746 2867 1045 2935 Pontianus
1085 2883 1229 2921 anno
1275 2868 1399 2934 250,
1432 2867 1558 2922 Julii
1588 2865 1658 2919 22

133 2958 221 3018 die,
253 2957 375 3014 feria
413 2963 602 3030 quinta
638 2959 956 3026 ordinatus,
995 2975 1138 3013 anno
1161 2960 1286 3026 255,
1330 2954 1665 3029 Septembris

133 3046 187 3100 98
217 3049 297 3104 die
323 3067 422 3105 una
472 3067 595 3119 cum
638 3051 747 3104 vita
795 3061 1101 3118 susceptam
1139 3051 1383 3122 amiserit
1421 3048 1657 3118 dignita-

135 3146 239 3192 tem.
267 3141 368 3196 Nec
397 3144 581 3196 obstat
605 3143 748 3211 quod
775 3157 918 3196 anno
947 3142 1052 3196 250
1077 3158 1183 3196 non
1209 3141 1568 3211 Pompeianus
1603 3148 1658 3195 et

133 3227 445 3301 'r‘elignianus
465 3272 478 3294 ,
512 3232 604 3286 sed
645 3231 892 3302 Agricola
928 3244 980 3286 et
1010 3232 1379 3288 Clementinus
1407 3233 1660 3288 consula.

133 3330 230 3373 tum
261 3322 536 3390 gesserint.
575 3321 667 3376 Sic
713 3323 855 3377 enim
902 3323 1183 3385 hactenus,
1210 3323 1284 3376 uti
1322 3323 1435 3392 jam
1467 3325 1519 3377 in
1556 3322 1659 3378 Te-

134 3409 355 3479 lesphoro
402 3413 720 3482 observavi,
769 3415 1101 3485 compositus
1149 3425 1234 3469 est
1287 3415 1658 3472 Bucberianus

132 3505 395 3574 catalogus,
448 3513 504 3561 et
555 3509 620 3562 ad
673 3509 791 3579 ejus
842 3508 1192 3563 imitationem
1239 3508 1438 3571 cazteri,
1480 3508 1658 3578 utqui

134 3593 261 3648 illum
293 3599 632 3668 conscripsit,
664 3601 916 3654 consules
940 3601 1136 3670 quibus
1162 3601 1390 3670 quisque
1419 3601 1657 3670 pontifex

88 3730 92 3734 .
134 3687 272 3741 vitam
305 3692 520 3757 tiuierit,
554 3694 720 3746 semel
759 3702 973 3747 notasse
1009 3701 1314 3764 contentus,
1342 3695 1558 3748 eosdem
1605 3696 1657 3748 iu
1741 3697 1744 3702 ’

137 3791 478 3837 successorum
508 3785 666 3837 initio
693 3783 1026 3852 designando
1058 3793 1297 3852 repetere
1334 3786 1554 3840 caverit.
1585 3787 1659 3840 Ac

138 3869 238 3925 licet
265 3875 541 3944 plerosque
587 3875 776 3929 iisdem
808 3875 1152 3940 consulibus,
1180 3877 1380 3945 quibus
1410 3877 1660 3932 decesso-

138 3973 207 4014 res
232 3961 487 4029 obierunt,
521 3965 586 4018 iis
617 3965 944 4018 successisse
970 3974 1198 4030 constet,
1236 3967 1429 4019 borum
1479 3977 1656 4021 tamen

139 4048 318 4110 initium
361 4072 467 4109 non
519 4057 588 4109 ab
629 4055 849 4121 iisdem,
881 4059 972 4111 sed
1007 4072 1034 4110 a
1074 4057 1421 4128 sequentibus
1461 4075 1658 4114 consu-

141 4140 254 4200 libus
280 4147 598 4216 consignare
626 4150 924 4203 consuevit.
953 4148 1217 4204 Prredicto
1245 4159 1421 4203 autem
1453 4150 1659 4203 calculo

141 4247 293 4291 secum
343 4238 659 4293 conciliatur
714 4238 1013 4302 Eusebius,
1063 4243 1154 4311 qui
1216 4242 1537 4295 Pontianum
1603 4243 1654 4292 iu

142 4325 360 4386 Chronico
398 4333 616 4405 quidem
665 4336 815 4386 annis
848 4337 1094 4406 quinque,
1126 4338 1178 4390 in
1223 4336 1463 4388 Historia
1505 4337 1655 4387 annis

141 4434 212 4472 κατ
246 4425 608 4494 episcopatum
657 4426 895 4480 tenuisse
949 4429 1156 4481 scribit.
1206 4426 1340 4480 Nam
1392 4435 1445 4480 et
1502 4429 1658 4480 anuis

142 4512 345 4584 quinque
393 4516 708 4587 completis,
744 4525 799 4571 et
842 4533 932 4572 sex
983 4520 1320 4589 incompletis
1361 4518 1655 4572 Ecclesiam

143 4602 516 4662 administravit.
535 4607 593 4660 In
612 4617 927 4663 transcursu
945 4610 1031 4663 hic
1057 4626 1250 4663 moneo
1267 4610 1317 4662 in
1348 4608 1658 4663 Victoriano

144 4701 320 4752 canone
351 4701 484 4769 apud
533 4699 856 4754 Bucberium
882 4742 898 4763 ,
925 4718 976 4770 p.
1010 4703 1108 4764 '54,
1156 4701 1481 4770 Pompeiano
1531 4719 1657 4755 con-

146 4789 225 4843 suli
268 4809 367 4847 non
416 4793 825 4863 Pelignianum,
871 4796 962 4848 sed
1010 4795 1340 4848 Felicianum
1399 4795 1656 4866 collegam

146 4881 347 4954 adiungi.
375 4885 569 4938 Verum
615 4885 716 4939 iste
752 4902 924 4940 canon
969 4903 1073 4941 non
1109 4889 1268 4941 modo
1296 4903 1358 4941 ex
1386 4886 1657 4942 Romano-

145 4981 236 5028 rum
267 4978 570 5042 pontiﬁcum
605 4977 868 5048 catalogo,
912 4979 1003 5034 sed
1048 4988 1101 5032 et
1134 4996 1200 5034 ex
1227 4983 1452 5050 antiquo
1486 4981 1656 5036 fasto-

144 5073 234 5120 mm
267 5063 951 5141 consulariumfragmento
984 5073 1123 5141 apud
1149 5075 1397 5129 eumdem
1448 5074 1660 5130 Buche-

147 5153 252 5211 rium
277 5175 389 5231 pag.
415 5161 519 5214 247
541 5171 622 5216 est
652 5164 1017 5231 Corrigendus.

173 5244 229 5301 De
258 5251 488 5323 Origenis
518 5255 875 5320 damnatione,
904 5269 953 5310 et
983 5258 1046 5310 de
1075 5257 1326 5311 Pontiani
1360 5260 1616 5328 epistolis.

201 5343 236 5393 1.
293 5343 579 5417 Postquam
626 5343 907 5416 Origenem
967 5349 1267 5405 Demetrius
1316 5350 1651 5405 Alexandria:

204 5465 373 5570 Ἀρίιὰ
401 5503 652 5574 Hierom,
673 5504 797 5562 nov.
830 5505 958 5564 edit.
989 5517 1120 5565 tom.
1146 5508 1234 5577 iV,
1263 5525 1382 5582 pag.
1409 5511 1529 5567 450.

1759 2717 2060 2773 incredibile
2103 2715 2407 2776 dicebatur,
2461 2725 2553 2766 aut
2609 2713 2684 2765 eis
2742 2710 3324 2781 contra‘Evangelium

1759 2810 2128 2864 credebatur...
2164 2806 2306 2859 Sane
2335 2802 2624 2858 concordia
2655 2800 3023 2855 Ecclesiarum
3065 2802 3321 2870 postulat,

1758 2899 2211 2971 quemadmodum
2236 2897 2528 2951 concilium
2553 2892 2850 2956 Nicaanum,
2873 2907 2993 2945 can.
3015 2890 3067 2957 5,
3093 2892 3325 2960 subinde

1759 2994 1960 3057 sanxit,
1989 3001 2047 3046 ut
2076 3006 2105 3044 a
2129 2988 2346 3068 proprio
2368 2988 2626 3056 episcopo
2647 2987 2768 3055 quis
2793 2983 3319 3046 excommunicatus,

1758 3086 1828 3148 ab
1866 3084 1987 3139 aliis
2015 3097 2119 3136 non
2167 3065 2482 3150 recipiatur,
2525 3079 2630 3133 nisi
2677 3065 3195 3149 aliunde’co'inperla
3226 3073 3322 3127 ba-

1759 3176 1950 3231 beatur
1995 3173 2113 3242 ejus
2159 3153 2490 3235 innocentia,
2525 3168 2702 3238 quoad
2744 3169 2912 3237 ipsius
2942 3181 3104 3220 causa
3137 3163 3205 3218 de
3235 3163 3322 3216 in-

1760 3276 1910 3337 tegro
1943 3264 2191 3320 discussa
2221 3263 2552 3316 absolvatur.
2587 3257 2719 3314 llinc
2749 3271 3006 3328 przeterea
3032 3264 3321 3311 excusatur

1760 3355 2128 3411 Romanorum
2168 3368 2292 3407 cum
2346 3351 2618 3406 Demetrio
2659 3352 2710 3402 in
2740 3349 2988 3418 Origenis
3015 3346 3321 3402 damnatio-
3403 3398 3408 3403 ,

1760 3465 1882 3504 nem
1907 3445 2215 3506 consensio,
2246 3444 2408 3513 quod,
2450 3451 2582 3495 teste
2617 3440 2811 3495 Ruﬁno
2843 3441 2996 3510 Apol.
3031 3457 3123 3508 pro
3144 3439 3317 3507 0rig.,

1761 3537 1987 3594 Romam
2019 3536 2176 3590 delati
2208 3533 2420 3586 fuerant
2450 3532 2571 3585 libri
2609 3529 2823 3600 Origeui
2865 3530 3152 3598 suppositi,
3185 3529 3318 3594 imo,

1762 3640 1820 3685 ut
1851 3613 2206 3697 Hieronymus
2247 3624 2402 3691 epist.
2432 3621 2500 3674 65
2534 3622 2599 3675 ad
2635 3620 2970 3685 Pammacb.,
3008 3635 3058 3674 c.
3096 3619 3160 3685 5,
3193 3635 3321 3673 nar-

1761 3732 1863 3784 rat,
1890 3696 2107 3789 quidam
2158 3717 2326 3785 ipsius
2372 3716 2576 3784 proprii
2627 3728 2733 3767 non
2777 3713 2909 3767 satis
2954 3713 3229 3782 castigati,
3263 3696 3319 3766 in

1761 3815 1960 3882 quibus
1989 3809 2244 3866 nonnulla
2278 3818 2432 3861 erant
2455 3805 2915 3880 reprehendenda,
2948 3821 3176 3879 quaeque
3198 3802 3322 3858 Ori-

1762 3919 1970 3972 genem,
2003 3912 2057 3955 ut
2097 3903 2322 3969 ipsemet
2359 3909 2544 3969 postea
2583 3899 2636 3952 in
2670 3898 2894 3966 epistola
2922 3897 2988 3950 ad
3019 3896 3318 3951 Fabianum

1686 4005 1726 4060 ρ
1767 3995 1944 4049 fassus
1970 4002 2071 4054 est,
2112 3992 2390 4060 scripsisse
2417 3990 2728 4059 poenitebat.
2755 3989 2885 4043 Cum
2925 3998 3105 4042 autem
3134 3986 3320 4042 Deme-

1759 4086 1846 4138 trii
1881 4097 2025 4136 mors
2054 4097 2196 4133 anno
2219 4081 2317 4135 251
2353 4083 2585 4140 labente,
2622 4078 2704 4130 vel
2749 4086 2806 4129 ut
2831 4077 3005 4131 serius
3034 4093 3177 4132 anno
3213 4070 3318 4142 252

1758 4174 2123 4242 eonsiguetur,
2160 4173 2273 4226 base
2297 4170 2542 4240 Origenis
2573 4167 2852 4221 damnatio
2886 4165 3156 4221 Pontiano
3183 4184 3320 4238 pon~

1757 4266 1917 4328 tilice,
1944 4273 1996 4316 et
2024 4258 2210 4332 primis
2243 4264 2457 4332 quidem
2499 4261 2640 4313 illius
2680 4259 2836 4314 annis
2859 4301 2874 4324 ,
2917 4260 3208 4330 contigisse
3234 4252 3318 4316 di-

1757 4352 1922 4406 cenda
1954 4360 2054 4405 est.
2082 4350 2194 4406 Hae
2223 4352 2289 4405 de
2322 4366 2380 4404 re
2412 4349 2706 4402 Pontianus
2742 4363 2847 4402 non
2874 4351 3048 4418 solus,
3074 4352 3166 4405 sed
3196 4368 3316 4406 cum

1758 4451 1986 4508 senatu,
2042 4444 2144 4497 hoc
2185 4451 2268 4496 est
2315 4456 2437 4495 cum
2477 4440 2643 4502 clero,
2692 4441 3082 4508 pronuntiavit.
3134 4441 3317 4512 Neque

1759 4537 1898 4590 male
1921 4537 2093 4590 caelus
2129 4536 2215 4588 ille
2236 4533 2387 4596 cieri,
2412 4526 2571 4600 quem
2600 4532 2978 4602 presbyterium
3007 4550 3198 4589 vocare
3227 4551 3316 4587 ve-

1757 4634 1900 4680 teres
1928 4625 2123 4684 solent.
2169 4631 2376 4674 senatus
2405 4621 2473 4672 ab
2513 4619 2841 4691 Hieronymo
2881 4621 3178 4689 appellatus
3207 4629 3309 4672 est.

1758 4716 1949 4770 Latine
1991 4715 2187 4786 quippe
2243 4720 2455 4765 senatus
2511 4710 2711 4766 Graeca:
2759 4711 2880 4765 voci
2929 4708 3314 4779 πρεσϐυτέριον

1759 4816 1878 4876 apte
1910 4803 2216 4872 respondet.
2240 4801 2506 4857 Caeterum
2545 4811 2721 4858 coetus
2753 4800 2841 4855 ille
2876 4800 3249 4869 presbyterium
3283 4818 3311 4854 a

1757 4896 1988 4966 diguiori
2023 4903 2173 4963 parte
2213 4905 2576 4964 nuncupatur,
2607 4892 2854 4963 quamvis
2885 4891 3047 4944 etiam
3096 4892 3313 4961 presby-

1757 4987 1892 5041 teris
1934 4983 2220 5040 inferiores
2265 4984 2450 5041 clerici
2489 4984 2776 5039 convenire
2820 4983 2873 5036 in
2924 4997 3049 5036 eum
3089 4997 3313 5037 consue-

1757 5077 1949 5132 verint.

1825 5168 2076 5224 Pontiani
2105 5171 2225 5227 dua:
2250 5172 2474 5241 :exstant
2503 5168 2742 5239 epistolae
2782 5167 2987 5223 Isidoro
3019 5167 3310 5221 architecto

1758 5259 2114 5327 concinnatae,
2147 5262 2388 5332 adeoque
2436 5261 2490 5313 in
2535 5274 2722 5314 earum
2773 5260 3033 5324 classem,
3065 5274 3200 5327 quas
3223 5258 3311 5311 ille

1756 5352 1958 5421 pariter
1987 5355 2259 5421 conﬂavit,
2284 5351 2654 5407 amandandre.

1678 5508 1698 5539 ³
1725 5505 1843 5563 Lib.
1877 5505 1950 5564 De
1975 5508 2108 5565 unit.
2141 5508 2307 5571 Eccl.,
2335 5506 2581 5582 c.25,_n.
2609 5506 2694 5582 18.

3223 444 3458 537 158‘.
