4038 6352
678 420 777 473 163

1793 410 2111 466 romam
2148 407 2349 463 mea
2422 403 2797 461 EPISTOLAE.

3782 395 3809 447 1
3819 392 3891 445 ιη

678 546 905 607 oportet,
935 551 1093 606 quam
1126 535 1302 589 dicere
1346 550 1462 601 qua:
1500 550 1608 587 non
1658 542 1887 602 oportet.
1932 530 1997 583 Et
2032 529 2076 581 si
2106 528 2227 597 quis
2255 531 2301 585 Λ
2327 541 2416 593 per
2442 538 2699 576 sermones
2725 530 2839 573 tuos
2871 517 3234 571 admirabitur.
3264 513 3551 569 Novissime
3573 521 3741 566 mitem
3766 528 3894 579 per—

682 631 852 683 tidelis
875 639 975 693 est,
1020 629 1197 682 videat
1249 641 1315 679 ne
1360 626 1497 678 mala
1548 628 1814 694 loquatur,
1856 634 1947 676 aut
1976 622 2225 689 cuiquam

682 724 904 777 insidias
952 734 1135 792 ponat.
1170 720 1231 775 in
1277 723 1378 776 hoc
1425 735 1551 788 ergo
1598 717 1978 769 discernuntur
2008 712 2102 765 ﬁlii
2138 711 2230 765 Dei

680 824 733 866 et
759 813 849 866 ﬁlii
880 814 1100 867 diaboli.
1131 812 1248 864 Filii
1289 825 1517 877 namque
1554 806 1643 859 Dei
1678 819 1886 873 semper
1921 803 2156 873 cogitant
2181 811 2232 855 et

682 920 837 973 agere
862 904 1201 959 contendunt
1244 918 1361 971 qua:
1400 901 1490 952 Dei
1528 907 1675 962 sunt,
1719 906 1772 949 et
1803 895 1997 948 fratres
2037 892 2273 979 indesi-.

682 1006 867 1049 neuter
897 996 1171 1061 adjuvant,
1199 1002 1251 1046 et
1278 993 1407 1045 nulli
1448 1004 1641 1043 nocere
1666 989 1873 1041 volunt.
1907 986 2024 1039 Filii
2055 994 2230 1039 autem

681 1085 883 1139 diaboli
908 1092 1124 1137 econtra
1171 1084 1305 1135 mala
1346 1091 1397 1133 et
1432 1081 1619 1133 nociva
1655 1092 1865 1147 semper
1892 1077 2232 1141 meditantur,

683 1176 809 1243 quia
842 1190 1001 1249 opera
1041 1189 1225 1227 eorum
1264 1173 1402 1229 mala
1443 1169 1589 1224 sunt.
1638 1167 1714 1221 De
1759 1169 1957 1237 quibus
1999 1167 2236 1234 loquitur

624 1270 625 1273 “
683 1265 944 1320 Dominus
970 1282 1063 1334 per
1087 1266 1375 1320 Jeremiam
1406 1263 1744 1331 prophetam,
1781 1261 1996 1313 dicens:
2028 1258 2238 1327 Loquar

674 1356 885 1425 judicia
928 1373 1036 1409 mea
1062 1372 1177 1408 cum
1208 1356 1303 1415 eis,
1346 1369 1501 1422 super
1542 1353 1679 1409 omni
1720 1351 1923 1403 malitia
1967 1366 2141 1402 eorum
2173 1348 2237 1401 ¹⁵.

688 1446 969 1514 Propterea
1014 1446 1219 1513 judicio
1263 1442 1566 1494 contendam
1614 1440 1784 1492 adhuc
1828 1440 2116 1500 vobiscum,
2165 1436 2239 1490 ait

691 1534 957 1596 Dominus,
987 1543 1038 1585 et
1061 1549 1175 1586 cum
1201 1532 1328 1601 [illis
1360 1530 1539 1583 vestris
1572 1529 1867 1597 disceptabo
1895 1529 1956 1579 ".
1984 1526 2113 1579 Ecce
2150 1542 2240 1596 ego

689 1627 825 1694 ﬁngo
863 1634 1040 1678 contra
1084 1639 1168 1676 vos
1200 1622 1416 1685 malum,
1446 1633 1491 1675 et
1522 1624 1688 1691 rogito
1719 1633 1900 1675 contra
1927 1636 2010 1673 vos
2046 1622 2241 1689 cogita-

690 1715 878 1768 tionem
919 1714 982 1765 ”.
1018 1711 1160 1775 llazc,
1209 1712 1423 1773 fratres,
1455 1713 1607 1765 valde
1640 1720 1766 1765 sunt
1807 1710 2061 1774 timenda,
2094 1719 2146 1763 et
2175 1710 2244 1764 ab

2329 625 2486 670 vertet
2528 631 2583 666 os
2631 628 2810 677 suum,
2844 621 2891 664 et
2935 612 2990 664 in
3023 609 3185 663 verbis
3224 608 3324 660 tuis
3369 604 3888 658 dabit'scandalum.

2298 711 2303 714 ’
2334 705 2502 757 Multa
2538 703 2695 762 oditri,
2724 712 2771 753 ct
2800 717 2898 752 non
2924 698 3180 766 [θα-(ιιιαυὶ
3202 699 3275 771 ci,
3299 708 3347 750 et
3379 696 3625 747 Dominus
3651 692 3791 745 odiet
3827 691 3897 743 il-

2332 797 2458 848 lum.
2491 793 2674 858 Qui'in
2706 793 2871 843 altum
2897 790 3119 857 lapidem
3150 788 3332 847 mittit,
3376 801 3531 857 super
3574 783 3686 851 ejus
3731 790 3895 846 caput

2333 889 2501 947 cadet,
2535 894 2582 937 et
2626 884 2781 952 plaga
2831 882 3010 934 dolosa
3045 880 3211 931 dolosi
3258 878 3452 931 dividet
3502 875 3735 927 vulnera.
3786 872 3896 936 Qui

2334 978 2465 1045 [odit
2496 979 2715 1043 foveam,
2748 972 2938 1025 incidet
2965 972 3018 1023 in
3047 969 3224 1031 illam;
3254 976 3301 1021 et
3336 967 3423 1035 qui
3452 967 3634 1019 statuit
3654 964 3898 1029 lapidem

2334 1070 2592 1137 proximo,
2634 1064 2856 1133 o/fendet
2896 1064 2948 1117 in
2987 1078 3073 1127 eo;
3110 1071 3156 1115 et
3186 1063 3275 1130 qui
3304 1062 3544 1128 laqueum
3575 1058 3669 1109 alii
3708 1054 3897 1124 ponit,
3946 1067 3953 1071 ‘

2334 1160 2515 1226 peribit
2542 1160 2595 1211 in
2622 1158 2734 1211 illo.
2764 1155 2997 1209 Facienti
3022 1154 3389 1222 nequissimum
3414 1150 3710 1207 consilium,
3737 1160 3899 1214 super

2336 1256 2502 1320 ipsum
2542 1250 2870 1311 devolretur;
2921 1256 2968 1300 et
3007 1262 3107 1298 non
3160 1253 3427 1314 cognoscet
3475 1241 3609 1294 unde
3655 1240 3901 1292 adveniet

2338 1345 2437 1397 illi.
2483 1342 2668 1395 Illusio
2698 1355 2742 1394 et
2778 1338 3138 1407 improperium
3169 1335 3525 1403 superborum,
3566 1342 3619 1385 et
3660 1331 3900 1384 vindicta

2338 1437 2471 1488 sicut
2513 1436 2589 1487 leo
2618 1432 2958 1486 insidiabitur
2997 1428 3097 1489 illi.
3140 1426 3345 1496 Laqueo
3372 1421 3609 1493 peribunt
3639 1422 3728 1490 qui
3754 1420 3899 1474 oble-

2340 1538 2549 1580 ctantur
2580 1541 2703 1578 casu
2740 1524 3030 1591 iustorum;
3074 1518 3222 1572 dolbr
3260 1528 3432 1570 autem
3466 1522 3728 1567 consumet
3772 1511 3900 1564 illos

2340 1629 2613 1687 antequam
2649 1616 2963 1667 moriantur.
3013 1609 3104 1664 Ira
3128 1619 3174 1662 et
3214 1608 3381 1679 furor,
3416 1615 3630 1672 utraque
3661 1618 3904 1656 exsecra-

2343 1709 2468 1761 bilia
2499 1716 2650 1770 sunt;
2693 1714 2741 1759 et
2779 1706 2857 1757 vir
2893 1711 3129 1772 peccator
3157 1701 3435 1756 continens
3453 1696 3551 1750 erit
3588 1694 3804 1763 illorum
3831 1692 3899 1744 ³¹.

684 1804 939 1859 omnibus
976 1806 1242 1871 cavenda;
1282 1805 1538 1873 quoniam
1587 1818 1745 1871 super
1785 1816 1943 1870 quem
1980 1800 2241 1870 judicium
2279 1862 2315 1873 __
2346 1800 2448 1866 Qui
2482 1798 2737 1869 vindicari
2767 1795 2898 1861 vult,
2946 1811 2977 1847 a
3014 1791 3121 1846 Deo
3147 1791 3367 1845 inveniet
3394 1787 3676 1841 vindictam
3710 1792 3759 1837 et
3791 1799 3906 1852 pec—

687 1892 782 1949 Dei
808 1896 1079 1961 ceciderit,
1131 1912 1237 1949 non
1291 1896 1435 1949 exiet
1475 1894 1789 1963 impunitus.
1839 1891 1904 1944 Et
1932 1892 2051 1945 ideo
2080 1905 2245 1945 unus-
2279 1862 2318 1917 Β
2351 1904 2469 1947 cata
2508 1890 2651 1945 illius
2688 1866 2899 1943 servans
2946 1884 3188 1939 servabit.
3236 1882 3483 1949 Relinque
3526 1878 3763 1946 proximo
3815 1885 3903 1928 tuo

686 1990 915 2056 quisque
933 1990 1214 2058 praevidcat
1239 2005 1304 2042 ne
1321 1989 1423 2042 hoc
1439 1987 1773 2053 maeliinetur
1800 1993 1889 2039 aut
1917 1993 2039 2054 agat
2064 1983 2115 2036 in
2138 1982 2250 2035 fra-

690 2089 845 2145 trem,
869 2082 1009 2148 quod
1042 2081 1152 2150 ipse
1178 2082 1284 2149 pati
1312 2080 1565 2134 noluerit.
1597 2078 1660 2132 Et
1683 2093 1781 2131 nec
1807 2077 1860 2130 in
1890 2060 2248 2145 suspicionem

690 2171 871 2224 veniat
899 2173 1061 2224 homo
1086 2171 1275 2234 fidelis,
1310 2181 1366 2225 ut
1395 2169 1539 2226 dicat
1574 2180 1666 2224 aut
1709 2168 1869 2239 faciat
1904 2182 1964 2220 ea
1986 2182 2117 2234 quae
2144 2166 2250 2237 pati

690 2276 796 2314 non
825 2261 954 2315 vult.
988 2259 1140 2315 Unde
1178 2271 1479 2330 suspectos,
1519 2272 1611 2316 aut
1650 2258 1904 2315 inimicos
1933 2258 1995 2321 ³⁸,
2033 2264 2123 2325 aut
2174 2255 2251 2311 fa-

689 2350 792 2404 cile
821 2350 1110 2419 litigantes,
1141 2361 1193 2404 et
1222 2366 1317 2405 eos
1350 2354 1442 2420 qui
1485 2367 1591 2404 non
1628 2361 1753 2405 sunt
1778 2351 1937 2405 bona:
1962 2361 2250 2401 conversa-

689 2440 1009 2523 tionis,_aut
1039 2457 1269 2511 quorum
1320 2442 1431 2496 vita
1457 2450 1541 2496 est
1578 2439 1920 2503 accusabilis,
1951 2447 2004 2491 et
2031 2436 2122 2506 qui
2168 2452 2253 2490 re-

689 2541 832 2586 ctam
863 2540 967 2587 non
1006 2543 1189 2588 tenent
1230 2542 1283 2587 et
1317 2536 1512 2588 docent
1553 2532 1731 2594 ﬁdem,
1767 2537 2107 2584 accusatores
2134 2541 2253 2581 esse

650 2662 653 2663 ν
689 2636 743 2684 et
771 2636 955 2691 testes,
986 2636 1040 2681 et
1077 2637 1448 2682 antecessores
1487 2624 1659 2680 nostri
1704 2614 1995 2691 apostolica
2040 2618 2251 2686 repule-

690 2722 816 2772 runt
842 2716 1179 2777 auctoritate,
1210 2723 1267 2769 et
1291 2730 1387 2769 nos
1417 2715 1821 2776 submovemus,
1856 2717 2016 2777 atque
2057 2703 2252 2760 futuris

669 2807 1021 2876 temporibus
1063 2807 1423 2868 excludimus,
1479 2820 1546 2858 ne
1591 2804 1819 2859 libenter
1864 2799 1972 2854 labi
2022 2798 2249 2867 possint,

691 2913 828 2966 quos
858 2913 957 2953 nos
990 2909 1169 2951 tenere
1206 2905 1260 2951 et
1292 2897 1499 2950 salvare
1524 2894 1812 2948 debemus:
1862 2905 1928 2943 ne
1956 2887 2131 2958 (quod
2161 2887 2254 2941 ab-

693 2988 799 3058 sit)
858 2988 1169 3058 praedictum
1213 2987 1304 3041 Dei
1350 2985 1651 3054 judicium,
1700 2997 1810 3037 non
1856 2990 2061 3057 tantum
2094 2993 2254 3048 super

690 3092 951 3149 utrosque
972 3081 1171 3143 veniat,
1198 3081 1291 3134 sed
1315 3088 1369 3132 ct
1398 3094 1500 3132 nos
1529 3087 1714 3132 eorum
1748 3074 1880 3128 vitio
1906 3072 2067 3142 (quod
2113 3071 2253 3126 Deus

693 3172 933 3237 avertat)
997 3185 1300 3239 pereamus.
1346 3168 1614 3241 Scriptum
1649 3177 1731 3219 est
1766 3166 1942 3218 enim:
1992 3163 2251 3215 Rectorem
2280 3206 2321 3260 Ο

690 3270 743 3325 te
775 3261 1093 3330 posuerunt?
1119 3277 1297 3313 curam
1323 3259 1534 3315 illorum
1558 3256 1706 3321 habe,
1739 3264 1793 3308 ut
1825 3254 2016 3307 tortoris
2049 3263 2255 3321 propter

696 3352 840 3418 illos,
872 3362 921 3404 et
946 3346 1306 3407 ornamentum
1333 3350 1517 3420 gratia:
1554 3348 1779 3416 accipias
1809 3358 2072 3419 coronam.
2100 3352 2149 3395 et
2174 3344 2251 3395 dl-
2280 3328 2289 3338 ’γ

694 3440 991 3507 gnationem
1058 3438 1389 3509 consequaris
1461 3435 1839 3506 corrogationis
1888 3433 1965 3485 ¹⁹.-
2023 3429 2255 3484 Verbum

693 3532 839 3586 enim
866 3546 1096 3600 nequam
1125 3530 1373 3584 immutat
1407 3543 1521 3591 cor,
1563 3543 1627 3582 ex
1665 3542 1773 3596 quo
1810 3530 2043 3595 quatuor
2081 3531 2257 3590 partes

695 3620 967 3685 oriuntur,
1005 3619 1206 3676 bonum
1255 3627 1308 3672 et
1353 3618 1577 3682 malum,
1615 3617 1721 3669 vita
1758 3621 1809 3669 et
1850 3629 2018 3677 mors,
2071 3600 2125 3665 et
2161 3610 2258 3663 do-

698 3709 952 3763 minatrix
991 3718 1076 3775 est
1125 3723 1311 3763 eorum
1373 3707 1590 3767 assidue
1642 3706 1841 3774 lingua.
1906 3704 2007 3765 Pro
2048 3702 2257 3757 talibus

697 3799 937 3868 praedicti
958 3798 1161 3854 vitandi
1194 3797 1482 3875 admodum
1518 3804 1662 3857 sunt,
1698 3795 2089 3865 etpriusquam
2122 3809 2257 3863 prm-

666 3890 854 3957 ‘dictte
878 3888 1199 3948 enucleatirn
1230 3876 1606 3943 examinentur
1633 3887 1941 3955 opiniones,
1980 3895 2034 3939 et
2064 3886 2132 3939 ab
2156 3886 2257 3939 illis

625 4014 628 4015 ν
698 3980 860 4037 alieni
908 3979 1272 4042 inveniantur,
1310 3992 1430 4031 non.
1460 3984 1592 4031 sunt
1619 3976 1968 4046 suscipiendi,
2006 3976 2257 4045 quoniam

698 4070 1014 4139 sacriﬁcium
1058 4068 1292 4122 salutare
1335 4076 1432 4133 est,
1455 4066 1715 4120 attendere
1758 4066 2042 4144 mandatis,
2073 4072 2121 4116 et
2151 4063 2261 4115 dis-

697 4162 877 4216 cedere
909 4160 971 4213 ab
995 4162 1133 4214 omni
1158 4159 1456 4229 iniquitate.
1490 4150 1881 4225 Bencplacitum
1930 4163 2006 4209 est
2038 4152 2258 4206 Domino

700 4255 932 4308 recedere
960 4253 1021 4306 ab
1047 4253 1356 4321 iniquitate;
1391 4260 1441 4305 et
1472 4249 1733 4310 laudatio,
1768 4230 1998 4301 recedere
2026 4246 2089 4298 ab
2120 4244 2261 4314 inju-

700 4346 850 4398 stitia
866 4345 933 4398 '°.
964 4344 1226 4409 Quoniam
1251 4344 1511 4412 scriptum
1546 4350 1628 4396 est
1667 4350 1684 4395 ε’
1712 4339 1907 4410 Dilige"
1919 4340 2212 4407 proximum
2242 4378 2257 4401 ,

699 4449 746 4489 et
775 4436 1077 4504 conjungere
1108 4434 1210 4502 ﬁde
1235 4452 1349 4487 cum
1379 4435 1493 4489 illo’.’
1514 4434 1662 4499 Quod
1689 4435 1733 4487 si
1754 4424 2099 4513 denudaveris
2141 4433 2259 4486 abs-

2351 1986 2551 2041 nocenti
2585 1993 2651 2047 te,
2681 1992 2729 2036 et
2765 1992 2885 2034 tunc
2914 1978 3208 2049 deprecanti
3238 1975 3330 2029 tibi
3366 1983 3579 2044 peccata
3614 1968 3902 2024 solventur.

2353 2078 2523 2131 Homo
2559 2075 2756 2129 homini
2792 2080 3015 2126 reservat
3043 2070 3207 2133 iram,
3242 2076 3291 2121 et
3331 2083 3365 2120 a
3393 2064 3499 2119 Deo
3526 2062 3908 2134 quwritmede—

2350 2169 2499 2222 tum?
2529 2165 2594 2220 In
2620 2161 2880 2218 hominem
2911 2159 3131 2214 similem
3170 2158 3270 2212 sibi
3295 2172 3400 2210 non
3430 2152 3579 2208 habet
3604 2152 3906 2206 misericor-

2350 2260 2529 2322 diam,
2574 2255 2713 2310 etde
2750 2254 2976 2323 peccatis
3015 2252 3123 2304 suis
3172 2249 3476 2317 deprecatur
3522 2243 3908 2322 Altissimum.’

2352 2348 2470 2418 Ipse
2494 2360 2611 2401 Cum
2648 2361 2771 2400 caro
2798 2346 2903 2409 sit,
2940 2348 3162 2395 reservat
3195 2340 3328 2391 iram
3351 2378 3366 2402 ,
3399 2344 3448 2391 et
3482 2319 3906 2404 propitiutionem

2350 2434 2534 2509 petito
2560 2439 2707 2495 Deo?
2730 2436 2859 2502 Quis
2884 2435 3051 2488 orabit
3074 2448 3167 2502 pro
3195 2431 3399 2485 delictis
3432 2428 3617 2482 illius?
3646 2424 3906 2509 Memento

2354 2532 2768 2593 nouissimorum,
2798 2540 2853 2591 et
2874 2528 3051 2579 desine
3088 2522 3381 2585 iuimicari;
3421 2503 3673 2572 tabitudo'
3692 2517 3833 2569 enim
3857 2525 3905 2567 et

2354 2638 2489 2676 mors
2514 2623 2779 2674 imminent
2804 2617 3070 2688 mandatis
3098 2616 3165 2667 ”.
3208 2612 3495 2664 Memorare
3525 2608 3761 2661 timorem
3788 2604 3905 2668 Dei,

2352 2725 2525 2767 etnon
2554 2712 2801 2767 irascaris
2823 2709 3079 2779 proximo.
3108 2704 3393 2757 Memorare
3426 2698 3720 2753 testamenti
3750 2696 3911 2748 Altis-

2352 2806 2505 2869 simi,
2537 2813 2589 2856 et
2625 2801 2827 2871 despice
2867 2796 3214 2867 ignorantiam
3242 2791 3488 2862 proximi.
3532 2787 3747 2841 Abstine
3790 2793 3838 2837 te
3878 2802 3907 2835 α

2352 2894 2543 2960 Ιὲιειει
2576 2893 2772 2945 minues
2800 2898 3031 2960 peccata.
3069 2886 3235 2940 Homo
3259 2884 3395 2937 enim
3421 2878 3702 2933 iracundus
3734 2878 3910 2929 incen-

2353 2985 2431 3037 dit
2458 2983 2620 3043 litem‘,
2644 2990 2692 3035 et
2716 2981 2795 3034 vir
2815 2990 3055 3049 peccator
3081 2974 3309 3030 turbabit
3336 2972 3553 3037 amicos,
3580 2981 3629 3024 et
3660 2970 3717 3021 in
3739 2968 3909 3022 medio

2353 3090 2531 3144 pacem
2578 3065 2880 3127 habentium
2918 3062 3158 3123 immittet
3206 3064 3557 3119 inimicitiam.
3614 3058 3911 3115 Secundum

2353 3168 2488 3220 enim
2530 3167 2671 3235 ligna
2700 3163 2877 3225 silvaz,
2917 3164 2991 3224 sic
3033 3158 3166 3229 ignis
3197 3154 3520 3215 exardescet;
3549 3159 3597 3203 et
3631 3146 3910 3224 secundum

2357 3260 2595 3312 virtutem
2623 3256 2863 3317 hominis,
2899 3253 2975 3307 sic
3002 3248 3274 3303 iracundia
3311 3246 3453 3300 illius
3481 3245 3578 3298 erit
3590 3259 3609 3307 ;
3645 3252 3693 3296 et
3725 3248 3909 3295 secun-

2356 3348 2480 3399 dum
2502 3346 2846 3412 substantiam
2884 3336 3317 3405 suamexoltabit
3359 3335 3495 3387 iram
3522 3346 3690 3386 suam.
3727 3329 3911 3383 Certa-

2357 3449 2471 3489 men
2497 3436 2798 3505 {estinatum
2841 3431 3073 3486 incendet
3108 3431 3295 3497 ignem,
3340 3436 3389 3480 et
3435 3423 3499 3479 lis
3536 3422 3911 3494 festinanscf-

2359 3528 2537 3599 fundet
2585 3523 2918 3594 sanguinem‘,
2948 3531 2995 3581 et
3024 3520 3204 3587 lingua
3248 3518 3533 3599 testiﬁcaris
3584 3516 3630 3550 "
3688 3516 3909 3569 adducet

2358 3592 2596 3682 mortem.
2637 3592 2699 3669 Si
2724 3599 3012 3683 sttﬂlavcris'
3047 3611 3102 3664 in
3138 3592 3446 3671 scintillam,
3482 3607 3631 3676 quasi
3658 3607 3799 3675 ignis
3828 3622 3909 3657 ar-

2358 3706 2526 3769 debit;
2575 3714 2622 3775 et
2657 3705 2703 3756 si
2740 3696 3005 3769 exspueris
3041 3712 3195 3768 super
3230 3696 3411 3761 illam;
3445 3697 3837 3765 exstinguetur,
3864 3703 3911 3747 ct

2358 3809 2576 3867 utraque
2609 3778 2672 3850 es:
2712 3810 2797 3847 ore
2836 3790 3258 3862 proﬁciscuntur.
3307 3783 3533 3839 Susurro
3572 3795 3620 3836 et
3668 3784 3909 3852 bilinguis

2359 3889 2667 3943 maledictus
2694 3928 2710 3950 ,
2741 3883 2931 3938 multos
2973 3883 3111 3935 enim
3158 3877 3383 3948 turbavit
3425 3890 3604 3944 pacem
3650 3873 3906 3927 habentes.

2360 3980 2564 4049 Lingua
2590 3977 2742 4031 tertia
2776 3973 2965 4028 multos
3007 3969 3298 4033 commovit,
3344 3974 3392 4020 et
3429 3964 3671 4034 dispersit
3701 3963 3825 4016 illos
3854 3964 3910 4013 de

2360 4082 2503 4139 gente
2532 4071 2587 4121 in
2606 4076 2822 4137 gentem.
2863 4064 3106 4118 Civitates
3136 4060 3355 4113 divitum
3380 4058 3605 4133 munitas
3634 4054 3679 4086 “
3707 4053 3909 4105 destru-

2359 4164 2458 4225 xit,
2488 4168 2537 4213 et
2569 4160 2744 4211 domos
2782 4165 3080 4225 magnotum
3114 4152 3313 4220 eﬁ'odit.
3360 4139 3585 4225 Virtutes
3606 4144 3907 4215 papulorum

2362 4252 2674 4316 concidit,et
2695 4258 2863 4319 gentes
2892 4246 3050 4315 fortes
3076 4227 3333 4298 dissolvit.
3377 4239 3584 4304 Lingua
3611 4235 3766 4289 tertia
3803 4248 3907 4285 mu-

2361 4344 2509 4396 lieres
2534 4341 2730 4393 viratas
2754 4338 2799 4369 ²⁸
2828 4337 3002 4413 ejecit,
3026 4345 3073 4389 et
3096 4334 3235 4402 prim.
3278 4322 3313 4383 it
3345 4330 3464 4383 illas
3493 4325 3751 4379 laboribus
3782 4323 3902 4377 suis.

2363 4427 2465 4494 Qui
2491 4428 2695 4502 respicit
2721 4419 2889 4484 illam,
2916 4439 3019 4499 non
3049 4420 3253 4485 habebit
3276 4416 3520 4485 requiem,
3544 4429 3635 4466 nec
3658 4412 3905 4465 habitabit

702 4541 857 4579 coma
885 4525 1081 4587 ~illius,
1128 4540 1233 4583 non
1269 4514 1587 4592 persequeris
1620 4532 1734 4592 post
1758 4506 1894 4577 eum.
1942 4521 2089 4575 Sicut
2126 4524 2261 4575 enim
2295 4532 2335 4583 ο
2364 4536 2481 4571 cum
2522 4517 2694 4591 requie
2739 4517 2804 4569 ".
2852 4514 3077 4584 Flagelli
3107 4512 3261 4581 plaga
3301 4509 3511 4561 livorem
3535 4506 3715 4573 facit,
3756 4506 3906 4573 plaga

702 4615 850 4677 homo
876 4616 963 4683 qui
992 4614 1159 4683 perdit
1187 4615 1411 4665 anticum
1443 4631 1614 4678 suum,
1649 4615 1722 4675 sic
1756 4615 1841 4681 qui
1888 4614 2057 4680 perdit
2084 4614 2261 4665 amici-

703 4707 830 4757 tiam
856 4707 1077 4771 proximi
1103 4706 1204 4758 sui.
1238 4703 1305 4757 Et
1327 4705 1464 4758 sicut
1494 4706 1583 4772 qui
1608 4704 1823 4756 dimittit
1846 4720 1989 4757 avem
2013 4703 2075 4755 de
2101 4707 2261 4769 manu

702 4809 821 4854 sua,
854 4794 926 4846 sic
950 4796 1036 4862 qui
1059 4795 1382 4864 dereliquisti
1410 4796 1704 4863 proximum
1736 4804 1903 4857 tuum,
1940 4801 1986 4844 et
2014 4808 2114 4844 non
2145 4774 2259 4847 eum

702 4884 894 4951 capies.
943 4882 1060 4936 Non
1112 4886 1261 4938 illum
1314 4886 1583 4955 sequaris,
1630 4879 2054 4951 quoniamlonge
2095 4880 2255 4936 abest.

706 4970 907 5039 Effugit
936 4974 1069 5025 enim
1096 4976 1245 5043 quasi
1275 4991 1461 5043 caprea
1495 4975 1557 5027 de
1598 4974 1798 5044 laqueo,
1838 4974 1961 5043 quia
1992 4974 2261 5026 vulnerata

701 5074 777 5120 est
818 5067 995 5118 anima
1031 5069 1160 5136 ejus.
1200 5069 1347 5122 Ultra
1391 5056 1510 5123 eum
1548 5085 1649 5121 non
1679 5070 1867 5137 poteris
1902 5068 2176 5138 colligare,
2219 5074 2267 5134 et

704 5155 970 5209 maledicti
1005 5167 1081 5208 est
1141 5161 1495 5214 concordatio.
1552 5159 1826 5213 Denudare
1884 5169 2055 5213 autem
2106 5158 2263 5209 amici

704 5249 953 5316 mysteria
979 5287 992 5312 ,
1033 5249 1321 5317 desperatio
1374 5261 1451 5305 est
1496 5251 1687 5307 animos
1726 5248 1970 5318 infelicis.
2019 5251 2261 5304 Annaeus

703 5340 851 5391 orulo
876 5338 1103 5404 fabricat
1143 5342 1340 5408 iniqua,
1368 5354 1415 5395 et
1451 5358 1597 5394 nemo
1626 5357 1743 5394 eum
1781 5340 2005 5406 objiciet.
2038 5339 2105 5391 In
2131 5353 2254 5391 con-

646 5509 648 5512 ν
705 5440 877 5497 spcctu
902 5430 1166 5483 oculorum
1211 5420 1415 5484 tuorum
1451 5430 1775 5486 conculcabit
1800 5448 1855 5485 os
1896 5448 2065 5495 suum,
2096 5439 2145 5484 et
2172 5447 2261 5482 su—

778 5608 820 5639 "
842 5607 1037 5662 Jerem.
1092 5624 1139 5669 ι,
1172 5608 1252 5661 l6.
1373 5607 1631 5665 "Jerem.
1673 5628 1746 5672 ιι,
1788 5612 1839 5665 9.

710 5674 993 5743 Suspectos
1024 5686 1202 5731 autem
1242 5678 1373 5743 ini.;
1414 5690 1465 5733 et
1496 5681 1547 5744 2,

709 5746 753 5776 ³ο
784 5745 944 5798 Eccli.
978 5764 1139 5809 xxxv,
1169 5748 1223 5811 2,
1253 5746 1305 5799 5.
1382 5749 1423 5779 “
1459 5745 1631 5803 Eccli.‘
1662 5766 1825 5813 xxvn,
1860 5750 2037 5803 1853.

706 5812 752 5847 "
778 5815 988 5871 habebit
1022 5819 1250 5873 amicum
1294 5818 1347 5873 in
1374 5834 1481 5887 quo
1524 5812 1837 5891 requiescat.
1913 5821 1954 5850 ’⁷
1982 5821 2055 5873 in.

1943 5614 1983 5643 ’τ
2012 5612 2216 5683 ,ιω-ειη,
2264 5629 2413 5676 xvm,
2448 5616 2532 5671 ll.

1600 5698 1652 5749 q.
1702 5681 1729 5731 7
1767 5699 1778 5733 :
1822 5679 2175 5745 Quaerendum
2199 5679 2312 5743 est;
2341 5694 2390 5735 et
2422 5687 2472 5737 in
2503 5687 2701 5739 decrct.
2760 5679 2906 5735 lvon.
2940 5680 3031 5731 lib.
3065 5694 3133 5730 iv.

1610 5791 1621 5803 .
1662 5766 1825 5809 xxvn,
1860 5750 2037 5803 1855.
2116 5753 2158 5782 ”
2186 5752 2235 5805 in
2264 5755 2528 5809 mandatis
2558 5756 2693 5809 eius.
2770 5752 2815 5783 ”
2846 5750 3124 5805 festinans.

2186 5769 2235 5805 lll
2264 5768 2528 5811 mandatis
2558 5770 2693 5825 eius.

2362 4620 2534 4663 autem
2572 4608 2764 4678 lingua:
2806 4607 3116 4660 comminuet
3156 4617 3295 4655 ossa.
3341 4597 3497 4652 Multi
3519 4597 3826 4675 ceciderunt
3857 4597 3906 4647 in

2362 4716 2448 4753 ore
2475 4699 2672 4769 gladii;
2712 4699 2799 4751 sed
2828 4714 2927 4750 non
2965 4697 3059 4762 sic,
3095 4691 3347 4764 quomodo
3374 4690 3460 4758 qui
3492 4690 3797 4757 interierunt
3826 4701 3906 4754 per

2365 4792 2595 4859 linguam
2637 4804 2805 4843 suam.
2861 4787 3050 4841 Beatus
3086 4786 3173 4854 qui
3217 4778 3378 4836 tectus
3416 4789 3505 4855 est
3551 4796 3580 4831 a
3612 4780 3796 4849 lingua
3822 4794 3903 4830 ne-

2366 4898 2539 4951 quam,
2576 4882 2663 4948 qui
2691 4882 2745 4931 in
2780 4879 3107 4931 iracundiam
3140 4875 3284 4927 illius
3316 4889 3415 4925 non
3443 4872 3706 4935 transivit,
3745 4882 3793 4924 et
3826 4869 3905 4937 qui

2365 4989 2466 5027 non
2496 4972 2717 5025 attraxit
2738 4972 2922 5039 jugum
2962 4969 3092 5036 ejus,
3126 4979 3176 5021 et
3206 4967 3420 5020 vinculis
3462 4966 3572 5036 ejus
3608 4981 3708 5018 non
3742 4973 3817 5017 est
3854 4962 3908 5013 li-

2367 5075 2538 5134 gatus.
2575 5062 2769 5130 Iugum
2800 5062 2935 5113 enim
2963 5060 3106 5113 illius
3136 5059 3319 5127 jugum
3346 5058 3569 5126 ferreum
3596 5067 3690 5125 est,
3734 5063 3782 5106 et
3807 5054 3908 5106 vin-

2367 5154 2541 5206 culum
2570 5152 2712 5205 illius
2767 5151 3023 5204 vinculum
3059 5161 3247 5203 aereum
3275 5158 3370 5203 est.
3404 5148 3543 5200 Mors
3574 5146 3741 5220 illius,
3779 5159 3905 5195 mors

2367 5236 2712 5311 nequissima;
2754 5250 2801 5294 et
2835 5240 2977 5293 utilis
3010 5239 3180 5308 potius
3205 5239 3436 5307 infernus
3461 5220 3748 5304 quantillo.
3794 5231 3905 5283 Per-

2366 5336 2652 5389 severantia
2683 5334 2827 5387 illius
2874 5349 2977 5386 non
3017 5332 3352 5400 permanebit,
3394 5327 3479 5380 sed
3524 5326 3767 5377 obtinebit
3807 5324 3905 5375 vitis

2362 5426 2704 5495 injustorum,
2738 5435 2785 5479 et
2819 5428 2863 5465 ’τ
2892 5426 3107 5494 ﬂamma
3152 5438 3251 5474 sua
3290 5434 3391 5471 non
3427 5415 3684 5469 comburet
3715 5414 3901 5483 justas.

2636 5616 2677 5646 ὀ
2703 5614 2835 5667 smi
2865 5611 3101 5680 ejusdem
3131 5599 3266 5662 sent.
3290 5604 3391 5657 ws
3422 5602 3619 5657 et169.
3654 5564 3724 5665 3:
3758 5602 3897 5673 q.~5:

2636 5694 2700 5727 et-
2760 5683 2906 5727 lvnn.
2940 5680 3031 5727 lib.
3065 5694 3133 5727 IV.
3213 5677 3253 5705 ¹⁹
3283 5674 3444 5727 Eccli.
3469 5689 3647 5727 χχιιι.
3692 5674 3741 5727 1.
3778 5679 3829 5727 τε.
3852 5673 3897 5724 3.

2770 5752 2815 5783 “
2846 5750 3124 5805 festinans.
3200 5744 3245 5777 “
3272 5752 3525 5800 moratas.
3548 5780 3549 5783 η
3573 5742 3618 5776 ’⁸
3650 5744 3900 5801 veridicae
