4038 6352
734 438 805 494 τι·
2053 429 2305 495 ᾸΝΤΕΗΙ
2343 434 2544 494 ΡΑΡᾸΞ

3789 440 3883 498 173

680 558 841 627 scopi
868 559 1103 613 mutandi
1135 558 1200 612 de
1230 542 1444 612 civitate
1474 558 1540 611 ad
1572 558 1864 620 civitatem,
1916 558 2008 612 sed
2035 560 2230 614 utilita-
2261 566 2303 621 Α
2332 572 2413 613 tus
2445 559 2487 591 ³³
2526 568 2603 612 est
2663 559 2716 611 in
2745 559 2957 611 naribus
3003 558 3215 619 nostris,
3266 566 3316 612 et
3357 575 3526 612 sermo
3554 558 3789 627 scintilla
3820 562 3883 613 ad

695 652 762 704 tis
806 658 859 704 et
889 638 1239 705 necessitatis.
1301 648 1455 715 Quod
1501 661 1659 703 nemo
1705 660 1878 719 negat,
1928 650 2030 704 nisi
2078 651 2131 703 hi
2168 650 2234 704 de

691 740 888 810 quibus
914 739 1115 795 dictum
1143 750 1225 795 est
1255 739 1625 793 :‘Erraverunt
1659 741 1711 790 in
1739 739 2005 802 ebrietate,
2043 740 2235 792 nescie—

691 840 815 885 runt
856 829 1126 895 videntem,
1174 831 1540 900 ignoraver‘unt
1593 828 1854 897 judicium
1881 830 1945 883 ’⁷.
1998 829 2130 883 Nam
2188 830 2233 883 si

691 914 996 979 enarranda
1022 938 1244 993 cogerer
1276 923 1479 993 aperire
1505 932 1776 977 transacta
1801 924 1865 985 ³⁸,
1898 924 2233 978 ostenderem

689 1016 843 1071 vobis
871 1016 1076 1068 nullum
1112 1014 1325 1069 evenire
1351 1014 1695 1087 solatinquc
1726 1015 2128 1085 comparatione
2154 1012 2234 1067 fa-

690 1117 918 1161 ctorum.
950 1105 1207 1159 Caeterum
1234 1111 1385 1168 state,
1406 1104 1732 1177 clipri‘SSimi,
1760 1121 1913 1172 super
1941 1106 2073 1166 vias.
2094 1108 2234 1174 aspi-

636 1226 641 1235 ι
687 1199 875 1252 cientes
903 1206 949 1250 et
976 1198 1347 1266 interrogantes
1360 1196 1427 1250 de
1454 1197 1651 1250 semitis
1680 1197 1890 1249 Domini
1909 1199 2134 1267 antiquis
2164 1200 2229 1260 ⁸³,

684 1298 735 1343 et
769 1288 928 1342 videte
956 1305 1072 1359 qua:
1114 1299 1190 1342 est
1237 1290 1319 1341 via
1353 1287 1502 1341 bona?
1523 1290 1579 1342 et
1601 1296 1760 1351 recta,
1801 1294 1849 1341 et
1879 1289 2145 1341 ambulate
2177 1291 2231 1341 in

640 1440 643 1442 η
684 1396 767 1444 ea,
799 1388 848 1432 et
872 1374 1138 1433 invenietis
1168 1379 1392 1447 requiem
1434 1368 1708 1445 animabus
1741 1380 1925 1433 vestris
1956 1379 2021 1433 ”.
2081 1378 2145 1433 Et
2172 1387 2231 1433 ut

604 1530 608 1537 ,
682 1468 835 1536 juxta
862 1468 1148 1537 Sapientia:
1180 1482 1359 1520 vocem
1389 1466 1633 1521 dicamus
1656 1482 1675 1521 τ
1712 1467 1925 1538 Diligite
1938 1468 2228 1535 justitiam,

684 1561 1042 1631 qitijudicatis
1075 1568 1286 1613 terram.
1335 1557 1527 1612 Sentite
1560 1557 1624 1611 de
1644 1543 1870 1617 Domino
1901 1559 1955 1610 in
1983 1558 2228 1625 bonitate,

684 1661 733 1704 et
764 1654 819 1705 in
848 1651 1181 1719 simplicitate
1211 1650 1380 1703 cordis
1418 1651 1630 1719 qua’rite
1660 1648 1848 1709 illum;
1876 1646 2123 1718 quoniam
2151 1651 2231 1701 in.

686 1744 884 1797 venitur
921 1741 984 1811 ab
1015 1742 1093 1794 his
1121 1742 1221 1811 qui'
1237 1758 1337 1793 non
1374 1750 1572 1793 tentant
1602 1740 1753 1792 illum
1771 1724 1794 1803 ,‘l
1819 1750 2031 1808 apparet
2058 1750 2230 1792 autem

680 1835 753 1887 eis
782 1835 869 1903 qui
901 1832 1051 1898 fidem
1076 1832 1259 1885 habent
1306 1833 1358 1884 in
1397 1831 1568 1884 illum.
1629 1830 1891 1884 Perversre
1923 1833 2057 1884 enim
2090 1835 2228 1902 cogi-

2336 649 2755 702 eommovendum
2778 664 2867 700 cor
2897 656 3163 711 nostrum;
3193 664 3293 717 qua
3317 626 3596 713 exstinctir,
3638 649 3766 707 cinis
3792 652 3883 702 erit

2338 756 2520 808 corpus
2550 749 2807 802 nostrum,
2842 748 2889 791 et
2910 740 3125 807 spiritus
3153 737 3462 805 e/fundetur.
3492 750 3739 808 tanquam
3762 742 3883 792 mol-

2336 830 2401 883 lis
2437 845 2547 881 aer.
2606 826 2673 879 Et
2711 828 2954 880 transibit
2981 829 3083 881 vita
3114 838 3295 880 nostra
3326 838 3574 897 tanquam
3620 830 3881 898 vestigium

2336 920 2509 983 nubis,
2552 929 2600 973 et
2636 919 2771 972 sicut
2818 918 3001 971 nebula
3032 919 3362 983 dissolvetur,
3393 937 3507 989 qua:
3545 922 3727 990 fugata
3752 930 3826 974 est
3854 941 3885 976 α

2336 1013 2499 1064 radiis
2530 1012 2676 1071 solis,
2724 1020 2771 1063 et
2803 1027 2833 1062 a
2862 1006 3033 1065 calore
3066 1011 3212 1064 illius
3249 1022 3553 1080 aggravata.
3612 1012 3679 1064 Et
3707 1030 3882 1065 nomen

2335 1112 2573 1155 nostrum
2626 1100 2933 1153 oblivionem
2982 1102 3196 1167 accipiet
3250 1114 3337 1168 per
3382 1111 3599 1169 tempus,
3650 1089 3702 1154 et
3745 1120 3882 1155 nemo

2334 1194 2638 1246 memoriam
2666 1192 2867 1244 habebit
2907 1208 3111 1259 operum
3155 1202 3468 1245 nostrorum.
3513 1193 3721 1247 Umbra:
3753 1210 3880 1247 enim

2336 1286 2592 1338 transitus
2632 1293 2705 1337 est
2739 1293 2933 1349 tempus
2979 1293 3233 1357 nostrum,
3278 1292 3325 1337 et
3354 1299 3454 1337 non
3477 1294 3550 1337 est
3582 1285 3802 1337 reversio
3831 1285 3884 1351 fi-

2334 1378 2415 1430 nis
2439 1377 2627 1439 nostri,
2672 1376 2916 1445 quoniam
2961 1375 3266 1444 consignata
3289 1378 3390 1435 est,
3414 1385 3465 1428 et
3495 1392 3641 1427 nemo
3668 1387 3881 1428 reverte-

2336 1478 2421 1520 tnr
2451 1468 2516 1521 ³⁵.
2566 1466 2851 1535 Propterea
2908 1464 3195 1541 unicuique
3238 1468 3633 1535 pnevidendnm
3671 1476 3777 1530 est,
3830 1478 3881 1519 ut

2335 1571 2678 1627 summopere
2721 1573 2777 1611 se
2824 1556 3107 1622 custodiat,
3136 1563 3215 1611 ‘et'
3254 1557 3454 1611 utiliter
3493 1573 3548 1610 sc
3579 1559 3879 1625 pracrideat.

2334 1659 2391 1702 ut
2423 1665 2541 1703 cum
2573 1650 2688 1703 dies
2717 1658 2958 1703 extrema
2994 1648 3221 1715 ﬁnisque
3271 1651 3391 1702 vitae
3432 1650 3730 1707 advenerit.
3779 1668 3880 1703 non

2337 1749 2575 1795 transeat
2600 1742 2663 1793 ad
2692 1750 3001 1809 perpetuam
3041 1749 3288 1801 mortem.
3328 1743 3416 1795 sed
3449 1742 3512 1794 ad
3542 1738 3707 1794 vitam
3736 1753 3881 1794 auer-

2336 1850 2481 1886 nam.
2510 1831 2672 1887 Facta
2704 1835 2845 1886 enim
2880 1833 3215 1909 subditorum
3243 1835 3550 1903 iudicantur
3578 1851 3603 1885 a
3632 1837 3794 1889 nobis
3817 1837 3880 1899 ",

681 1925 903 1979 taliones
952 1932 1193 1991 separant
1230 1940 1261 1974 a
1298 1921 1422 1984 Deo,
1471 1921 1690 1987 probata
1711 1930 1881 1975 autem
1918 1923 2080 1975 virtus
2111 1939 2227 1975 cor-
2258 1913 2297 1965 Β
2331 1934 2512 1978 nostra
2562 1938 2689 1976 vero
2728 1923 2939 1991 judicat
2983 1922 3143 1977 Deus.
3200 1923 3274 1976 Ex
3307 1927 3498 1978 merito
3547 1940 3674 1979 vero
3716 1926 3882 1995 plebis

680 2017 802 2083 ripit
828 2016 1147 2083 insipientes.
1180 2014 1437 2077 Quoniam
1465 2016 1520 2064 in
1544 2012 1847 2065 malevolam
1872 2014 2099 2067 animam
2125 2030 2225 2067 non

624 2100 625 2103 η
678 2109 914 2161 introibit
962 2106 1241 2174 sapientia,
1290 2120 1378 2156 nec
1410 2103 1663 2155 habitabit
1692 2105 1740 2155 in
1777 2120 1988 2171 corpore
2017 2104 2225 2158 subdito

636 2199 921 2267 "peccatis.
981 2195 1207 2263 Spiritus
1257 2195 1391 2247 enim
1432 2204 1643 2246 sanctus
1691 2194 1982 2263 disciplina:
2019 2196 2225 2265 effugiet

680 2290 879 2358 ﬁctum,
926 2298 974 2341 et
1004 2287 1201 2355 auferet
1233 2303 1285 2338 se
1311 2303 1343 2338 a
1372 2285 1770 2355 cogitationibus
1819 2302 1935 2353 qua:
1973 2288 2226 2340 sunt-sine

638 2426 651 2431 ,.
679 2365 963 2441 intellectu,
1013 2388 1060 2432 et
1098 2378 1415 2446 corripietur.
1458 2393 1489 2428 a
1516 2378 1894 2442 superveniente
1928 2375 2219 2445 iniquitate.

596 2514 600 2518 ι
678 2471 938 2540 Benignus
976 2480 1049 2522 est
1077 2470 1213 2521 enim
1243 2468 1458 2535 spiritus
1487 2468 1775 2533 sapientite,
1832 2476 1881 2519 et
1905 2483 2006 2518 non
2036 2466 2224 2519 libera-

598 2618 599 2621 η
675 2561 750 2623 bit
780 2560 1112 2613 maledictum
1139 2560 1180 2589 ³¹
1214 2575 1244 2610 a
1271 2558 1423 2609 labiis
1470 2559 1607 2621 suis;
1653 2559 1897 2625 quoniam
1949 2576 2125 2613 renum
2152 2560 2219 2612 il-

678 2652 777 2705 lius
822 2651 967 2703 testis
1014 2658 1088 2702 est
1133 2647 1291 2727 Deus,
1336 2658 1384 2701 et
1410 2649 1578 2699 cordis
1606 2649 1716 2715 ejus
1755 2660 2015 2702 scrutator
2035 2660 2110 2704 est
2141 2669 2222 2705 ve-

677 2756 789 2803 rus,
823 2748 871 2792 et
896 2738 1090 2809 lingua:
1120 2738 1263 2792 illius
1293 2740 1521 2791 auditor.
1555 2738 1821 2802 Quoniam
1855 2740 2082 2809 Spiritus
2118 2743 2221 2795 Do-

586 2882 591 2886 .
674 2832 801 2883 mini
826 2830 1031 2898 replevit
1081 2828 1253 2882 orbem
1282 2840 1560 2890 terrarum,
1608 2840 1654 2883 et
1686 2834 1798 2888 hoc.
1834 2830 1968 2899 quod
1993 2833 2220 2883 continet

674 2922 867 2983 omnia,
921 2921 1193 2973 scientiam
1223 2919 1371 2972 habet
1403 2920 1557 2972 vocis.
1616 2919 1835 2987 Propter
1862 2922 1974 2984 hoc,
2019 2924 2106 2989 qui
2138 2923 2217 2973 lo—

671 3009 848 3076 quitur
876 3009 1074 3077 iniqua,
1127 3023 1225 3058 non
1251 3017 1412 3074 potest
1439 3008 1623 3072 latere,
1662 3025 1752 3061 nec
1784 3011 2044 3076 prteteriet
2069 3010 2217 3063 illum

671 3100 950 3166 corripiens
987 3096 1265 3164 judicium.
1332 3096 1395 3148 In
1442 3098 1839 3164 cogitationibus
1888 3101 2023 3151 enim
2070 3101 2219 3167 impii

672 3188 1009 3256 interrogatio
1036 3189 1156 3241 erit.
1208 3186 1515 3240 Sermonum
1544 3202 1715 3239 autent
1750 3189 1892 3243 illius
1918 3191 2116 3242 auditio
2150 3191 2217 3243 ad

672 3278 951 3352 Dominum
989 3278 1170 3341 veniet,
1211 3287 1259 3329 et
1291 3276 1358 3329 ad
1382 3278 1756 3345 correptionem
1780 3278 2115 3345 iniquitatum
2146 3282 2217 3333 il-

670 3366 805 3430 lius;
858 3368 1105 3436 quoniam
1136 3369 1279 3420 auris
1313 3368 1409 3419 zeli
1452 3368 1599 3420 audit
1641 3369 1835 3431 omnia,
1886 3381 1933 3422 et
1964 3373 2217 3425 tumultus

672 3459 1257 3526 murmurationum‘non
1278 3458 1631 3511 abscondetur.
1648 3458 1915 3512 Custodite
1942 3476 2061 3528 ergo
2084 3476 2166 3511 vos
2186 3479 2217 3513 a

670 3556 1100 3610 murmuratione,
1149 3562 1265 3616 qua:
1308 3547 1436 3599 nihil
1468 3549 1708 3615 prodest;
1756 3559 1804 3599 et
1835 3566 1864 3599 a
1901 3549 2216 3603 detractione

668 3638 863 3705 parcite
890 3639 1112 3706 lingunt;
1160 3640 1403 3707 quoniam
1448 3656 1614 3691 sermo
1643 3644 1888 3694 obscurus
1920 3641 1972 3691 in
1999 3656 2214 3693 vacuum

592 3784 593 3787 η
626 3724 633 3727 ’
672 3744 772 3780 non
799 3728 911 3780 ibit.
970 3728 1039 3781 0s
1068 3729 1202 3796 quod
1235 3731 1498 3788 mentitur,
1528 3731 1714 3782 occidit
1746 3732 1995 3782 animam.
2059 3729 2214 3783 Noli-

642 3812 648 3860 ᾇ
671 3828 715 3870 tc
744 3804 911 3869 zelare
942 3828 1158 3870 mortem
1185 3820 1238 3870 in
1260 3823 1431 3870 errore
1457 3822 1574 3870 vitw
1605 3830 1799 3884 vestrm,
1848 3838 2004 3890 neque
2032 3824 2211 3890 acqui-

669 3910 800 3961 ratis
848 3909 1184 3975 perditionem
1226 3910 1280 3961 in
1323 3908 1559 3977 operibus
1606 3925 1851 3962 manuum
1884 3924 2203 3975 vestrarum;

665 3999 911 4067 quoniam
948 3997 1082 4051 Deus
1113 4010 1327 4051 mortem
1353 4015 1452 4050 non
1480 3998 1622 4066 fecit,
1670 4016 1758 4050 nec
1781 4000 1990 4054 laztatur
2015 4004 2065 4055 in
2092 4020 2207 4071 per-

665 4090 862 4141 ditione
891 4089 1137 4141 vivorum.
1194 4086 1397 4142 Creavit
1425 4092 1581 4153 enim,
1612 4099 1665 4141 ut
1696 4100 1883 4152 essent,
1935 4094 2128 4155 omnia,
2158 4104 2203 4146 et

598 4177 634 4223 ’τι
665 4178 923 4232 sanabiles
969 4194 1077 4229 esse
1123 4178 1283 4231 voluit
1314 4182 1546 4231 nationes
1577 4180 1716 4231 orbis
1744 4190 2022 4235 terrarum.
2086 4182 2203 4235 Non

663 4278 739 4322 est
773 4270 827 4319 in
858 4269 963 4321 illis
992 4270 1417 4323 medicamentum
1447 4272 1765 4335 exterminii,
1802 4288 1889 4321 nec
1921 4272 2205 4337 inferorum

663 4378 875 4431 regnum
905 4362 958 4411 in
984 4370 1122 4414 terra
1168 4364 1460 4416 viventium.
1519 4363 1737 4416 Justitia
1782 4376 2025 4430 perpetua
2054 4378 2125 4418 est
2153 4375 2200 4418 et

662 4451 1005 4513 immortalis;
1053 4452 1313 4518 injustitia
1361 4464 1532 4505 autem
1576 4456 1756 4513 mortis
1798 4464 1871 4507 est
1901 4458 2195 4524 acquisitio.

2329 2030 2714 2082 nonnunquam
2741 2015 2976 2082 episcopi
3003 2016 3441 2083 depravantur”,
3467 2025 3737 2082 quatenus
3764 2033 3881 2085 pro-

2327 2107 2517 2160 clivius
2545 2105 2740 2179 cadant
2765 2104 2855 2171 qui
2884 2116 3204 2173 sequuntur.
3247 2106 3433 2173 Capite
3475 2108 3876 2179 languescente.

2326 2208 2515 2251 caetera
2566 2196 2807 2263 corporis
2860 2198 3113 2250 'membra
3172 2198 3505 2253 inticiuntur.
3578 2198 3878 2253 Deteriores

2325 2298 2470 2353 sunt,
2519 2288 2609 2357 qui
2657 2291 2819 2342 vitam
2872 2303 3161 2357 moresque
3204 2288 3468 2342 bonorum
3504 2300 3875 2359 corrumpunt,

2326 2379 2409 2432 his
2453 2380 2543 2447 qui
2600 2379 2932 2433 substantias
2984 2380 3209 2433 aliorum
3255 2380 3557 2449 praediaque
3597 2380 3874 2451 diripiant.

2324 2466 2520 2520 Caveat
2552 2469 2927 2536 unusquisque
2962 2484 3029 2520 ne
3060 2479 3150 2521 aut
3179 2469 3437 2538 linguam,
3469 2478 3561 2523 aut
3589 2485 3754 2526 aures
3782 2472 3873 2522 ha-

2326 2556 2448 2609 beat
2495 2557 2794 2623 prurientes
2817 2556 2888 2619 ⁸⁷,
2931 2556 2982 2608 id
3022 2564 3103 2609 est
3151 2572 3216 2611 ne
3259 2568 3351 2611 aut
3389 2558 3501 2625 ipse
3528 2557 3648 2610 aliis
3702 2558 3876 2610 detra-

2325 2645 2435 2707 hat,
2486 2654 2579 2698 aut
2625 2647 2759 2699 alios
2801 2647 2982 2699 audiat
3012 2647 3371 2701 detrahentes.
3426 2647 3639 2710 Sedens,
3679 2649 3872 2715 inquit,

2324 2735 2565 2789 adversus
2618 2736 2834 2803 fratrem
2868 2745 3010 2788 tuum
3056 2738 3379 2804 loquebaris,
3428 2740 3781 2805 detrahendo,
3829 2748 3882 2790 et

2322 2828 2564 2879 adversus
2614 2828 2783 2894 filium
2829 2829 3014 2878 matris
3069 2838 3170 2879 ture
3207 2830 3428 2895 ponebas
3466 2832 3781 2883 scandalum
3811 2831 3870 2890 ³⁸,

2320 2926 2423 2971 etc.
2469 2915 2699 2990 Parcant
2728 2918 2921 2986 singuli
2956 2919 3269 2972 detractioni
3297 2920 3509 2986 linguae,
3537 2922 3871 2975 custodiant-

2320 3023 2425 3076 que
2455 3024 2733 3062 sermones
2773 3023 2934 3071 suos;
2974 3018 3027 3061 et
3056 3010 3248 3073 sciant,
3283 3009 3405 3077 quia
3432 3022 3625 3062 cuncta
3656 3025 3782 3077 quae
3809 3010 3873 3062 de

2320 3101 2441 3154 aliis
2470 3102 2783 3168 loquuntur,
2814 3116 2909 3154 sua
2941 3101 3208 3154 sententia
3233 3101 3633 3169 iudicabuntur.
3704 3099 3869 3154 Nemo

2323 3190 2490 3243 inrito
2536 3188 2769 3242 auditori
2816 3190 3042 3243 libenter
3074 3189 3261 3243 refert.
3318 3188 3485 3243 Ofﬁcii
3530 3190 3867 3257 singulorum

2321 3282 2411 3343 sit,
2446 3280 2802 3343 dilectissimi,
2860 3296 2965 3333 non
2994 3281 3165 3333 solum
3202 3281 3388 3334 oculos
3420 3290 3599 3335 castos
3628 3297 3866 3339 scrvare.

2319 3372 2412 3426 sed
2436 3379 2491 3425 ct
2516 3366 2777 3440 linguam.
2820 3370 2927 3424 Nec
2959 3372 3086 3437 quid
3122 3372 3174 3422 in
3207 3372 3525 3439 cujusquam
3552 3372 3720 3425 domo
3748 3387 3871 3441 aga-

2319 3474 2427 3527 tur,
2475 3464 2579 3517 alia
2609 3464 2803 3517 domus
2830 3478 2921 3530 per
2954 3477 3049 3515 vos
3078 3477 3311 3529 unquam
3342 3464 3565 3517 noverit.
3621 3456 3869 3517 Habeant

2316 3566 2506 3604 omnes
2556 3551 2953 3617 simplicitatem
2985 3547 3247 3601 col’umbm
3274 3548 3336 3613 '9,
3375 3564 3441 3605 ne
3470 3550 3726 3617 cuiquam
3756 3564 3868 3600 ma-

2314 3641 2600 3693 chinentur
2628 3639 2781 3692 dolos
2814 3656 2829 3704 ;
2855 3649 2905 3690 et
2936 3638 3196 3706 serpentis
3226 3639 3500 3698 astutiam,
3536 3655 3600 3693 ne
3630 3640 3863 3692 aliorum

2315 3730 2724 3798 supplantentur
2774 3729 3002 3782 insidiis.
3055 3726 3177 3779 Non
3214 3738 3295 3782 est
3346 3724 3666 3781 humilitatis
3715 3745 3863 3791 meae,

2315 3837 2485 3888 neque
2534 3836 2816 3885 mensum,
2864 3821 3111 3888 judicare
3155 3820 3481 3880 decreteris,
3526 3828 3578 3872 et
3605 3819 3675 3872 de
3708 3822 3865 3871 mini-

2310 3913 2437 3965 stris
2460 3911 2817 3965 Ecclcsiarum
2850 3912 3126 3965 sinistrum
3157 3908 3429 3977 quidpiam
3457 3907 3656 3961 dicere.
3691 3908 3862 3967 Absit.

2311 4014 2366 4055 ut
2394 4004 2685 4071 quidquam
2732 4002 3010 4057 sinistrum
3059 4002 3123 4055 de
3150 4001 3233 4054 his
3264 4001 3456 4068 loquar
3494 3999 3557 4063 ‘°,
3605 4000 3705 4068 qui
3734 4014 3860 4067 apo-

2308 4096 2498 4148 stolico
2522 4096 2708 4163 gradui
2733 4093 3098 4157 succedentes,
3126 4092 3322 4147 Christi
3353 4107 3547 4160 corpus
3579 4106 3743 4144 sacro
3774 4104 3864 4142 ore

2306 4184 2616 4249 coniiciunt,
2666 4200 2759 4252 per
2785 4190 2931 4251 'quos
2975 4199 3075 4236 nos
3120 4184 3278 4236 etiam
3313 4182 3600 4239 Christiani
3637 4197 3850 4238 sumus,

2305 4275 2397 4339 qui
2445 4274 2620 4325 claves
2668 4273 2815 4340 regni
2858 4272 3115 4325 cmlorum
3164 4274 3441 4329 habentes.
3479 4279 3600 4323 ante
3655 4270 3846 4335 jutt'fcii

2303 4364 2443 4416 diem
2464 4364 2728 4430 judicant;
2786 4359 2963 4414 Veteri
2990 4362 3204 4429 quidem
3234 4363 3346 4431 lege
3379 4362 3604 4416 habetur
3635 4360 3705 4422 “,
3740 4360 3859 4426 qui-

2303 4469 2514 4520 eunque
2542 4451 2911 4506 sacerdotibus
2957 4466 3062 4504 non
3091 4439 3552 4519 obtemperasset,
3578 4458 3675 4500 aut
3706 4457 3855 4500 extra

664 4543 818 4611 lmpii
851 4552 1021 4595 autem
1066 4541 1302 4596 manibus
1338 4554 1384 4595 et
1420 4546 1580 4597 verbis
1623 4550 1966 4600 aceersicrunt
2013 4549 2195 4614 illam;
2229 4554 2274 4610 ι)
2303 4555 2477 4598 castra
2534 4545 2741 4614 positus
2810 4542 3144 4610 lapidabatur
3199 4560 3228 4593 a
3279 4540 3499 4609 papula,
3543 4550 3637 4591 aut
3678 4544 3857 4609 gladio

654 4644 702 4685 et
733 4632 1047 4684 wstim‘antes
1077 4646 1187 4681 eam
1216 4633 1438 4684 amicam
1497 4634 1843 4701 defluxerunt,
1877 4649 1922 4690 et
1959 4643 2195 4706 sponsio-

656 4739 742 4774 nes
772 4731 1047 4788 posuerunt
1090 4721 1156 4771 ad
1188 4719 1367 4782 illam,-
1396 4724 1641 4790 quoniam
1678 4736 1843 4777 morte
1876 4728 2019 4795 digni
2053 4740 2195 4791 smtt,

656 4812 742 4876 qui
777 4820 891 4861 sunt
920 4826 982 4862 ex
1010 4822 1156 4875 parte
1181 4812 1323 4862 illius
1361 4814 1424 4864 ³¹.
1490 4800 1741 4867 Dixerunt
1766 4796 1922 4879 enim,
1979 4819 2195 4882 apud’se

610 4923 626 4941 τ
658 4899 936 4963 cogitantes
992 4913 1091 4949 non
1130 4910 1294 4951 recte:
1324 4898 1581 4968 Exiguum
1622 4913 1718 4975 est.
1766 4917 1812 4958 et
1862 4924 1975 4960 cum
2014 4909 2190 4967 ta'dio,

660 4998 856 5050 tempus
903 4986 1017 5035 vita:
1060 4994 1267 5047 nostra,
1314 4998 1361 5040 et
1396 5006 1496 5042 non
1539 4999 1615 5045 est
1656 4994 1980 5059 refrigerium
2010 4998 2061 5048 in
2092 4997 2193 5060 fine

658 5075 900 5135 hominis,
948 5083 995 5125 et
1022 5090 1119 5125 non
1145 5079 1331 5148 estqui
1375 5082 1582 5143 agnitus
1612 5082 1679 5129 sit
1709 5098 1932 5133 reversus
1966 5084 2026 5132 ab
2057 5084 2192 5145 infe-

657 5167 751 5217 ris.
806 5163 1063 5226 Quoniam
1104 5178 1163 5215 ex
1192 5165 1352 5217 nihilo
1372 5166 1483 5218 nati
1517 5184 1714 5223 sumus.
1754 5178 1802 5221 et
1832 5180 1943 5237 post
1968 5172 2060 5220 hoc
2091 5170 2197 5220 eri-

658 5272 770 5308 ntus
797 5263 1039 5320 tanquam
1079 5269 1175 5304 non
1205 5254 1471 5320 fuerimus.
1528 5257 1785 5321 Quoniam
1824 5259 1995 5324 fumus
2034 5259 2191 5325 afﬂav

2303 4637 2511 4689 cervice
2591 4634 2867 4702 subjecta,
2917 4629 3277 4698 contemplatu
3324 4629 3569 4696 expiabat
3633 4648 3852 4686 cruore.

2301 4724 2453 4778 Nunc
2511 4739 2635 4776 vero
2696 4722 3008 4774 inobediens
3059 4719 3322 4787 spirituali
3386 4719 3856 4777 animadversione

2300 4824 2600 4875 truncatur,
2647 4821 2700 4862 et
2750 4812 2950 4878 eiectus
3003 4813 3069 4862 ab
3091 4807 3362 4868 Ecclesia,
3411 4809 3595 4860 rabido
3648 4812 3852 4865 dmmo—

2302 4918 2427 4956 num
2494 4916 2585 4952 ore
2639 4900 2957 4964 discerpitur
3014 4902 3077 4949 ".
3151 4896 3369 4963 Oportet
3423 4899 3562 4950 enim
3632 4911 3692 4953 ut
3758 4898 3863 4971 qui

2304 4992 2467 5042 [lenm
2516 4988 2819 5040 inmeditate
2866 4989 3139 5055 possident
3188 4987 3266 5050 ⁸³,
3321 4988 3521 5055 absque
3574 4990 3687 5044 ullo
3750 4994 3850 5046 im-

2299 5077 2602 5142 pedimento
2634 5078 2807 5128 sazculi
2843 5076 2949 5129 Deo
2977 5076 3231 5135 serviant,
3280 5085 3336 5125 ut
3363 5078 3539 5130 dicere
3580 5082 3800 5145 possint
3832 5101 3844 5135 :

2299 5164 2549 5216 Dominus
2576 5182 2693 5231 pars
2725 5168 3042 5219 hccreditatis
3069 5180 3191 5215 mea:
3223 5166 3287 5215 ³³.
3338 5166 3379 5219 Ο
3418 5184 3568 5234 quam
3597 5169 3767 5223 bonus
3798 5186 3844 5224 et

2296 5260 2464 5310 suat-is
2493 5270 2564 5310 est
2591 5258 2817 5326 Spiritus
2853 5270 2991 5323 tuus,
3027 5256 3258 5322 Domine,
3291 5259 3340 5310 in
3374 5257 3688 5311 omnibus”!
3712 5261 3844 5317 Par-

726 5481 766 5512 "
794 5480 892 5533 lsa:
922 5494 1112 5551 xxviii,
1150 5477 1200 5528 7.
1254 5478 1468 5551 fidem
1517 5480 1788 5535 Ennodius
1830 5499 1956 5536 mox
1989 5482 2254 5536 laudatus.
2332 5483 2664 5551 ",synodic’a
2698 5482 2911 5536 Martini
2951 5482 3013 5551 l.
3090 5482 3131 5512 ³⁸
3171 5482 3277 5536 Jer.
3321 5499 3394 5545 γι,
3443 5483 3527 5535 16.
3593 5485 3634 5515 ³¹
3679 5488 3842 5541 male.

946 5550 987 5579 ³³
1030 5546 1153 5614 Sap.
1190 5563 1224 5598 l.
1272 5546 1273 5549 “
1307 5547 1349 5578 ³³
1388 5568 1449 5603 ac
1490 5551 1667 5605 ﬂatus.

975 5618 1017 5647 ³⁷
1166 5615 1315 5689 ΔΙίἠεξικ
1349 5633 1429 5685 ep.
1487 5621 1527 5689 2
1555 5622 1620 5673 ad
1679 5615 2048 5689 Nepotianum.

654 5549 851 5603 dicum.

656 5617 725 5669 38
744 5658 758 5678 ,
788 5618 872 5671 Η.

656 5756 964 5821 quidquam.
1059 5759 1100 5786 ⁸¹
1136 5754 1345 5807 Denter.
1389 5771 1514 5807 xvn.

650 5822 999 5903 "ﬁl‘sal.xv,
1033 5825 1083 5877 5.
1194 5824 1238 5856 ⁸⁵
1280 5822 1407 5892 δίῳ,
1444 5828 1583 5891 xn,l

1780 5552 1821 5583 ³8
1863 5554 1967 5588 ει...
2038 5552 2085 5588 nl
2141 5554 2191 5588 Ι-

1863 5554 1987 5621 Sap.
2038 5552 2102 5620 It},
2141 5552 2249 5604 1-5.
2332 5552 2375 5581 ³³
2410 5554 2460 5604 9.
2507 5570 2558 5619 q.
2589 5554 2637 5604 3.
2685 5552 2778 5605 Fat

1868 5638 2048 5675 anum.
2103 5621 2187 5687 ,³⁸
2228 5620 2422 5674 Psalm.
2480 5638 2631 5687 xux,
2692 5621 2778 5673 ‘20.

658 5701 858 5760 necnon
888 5701 903 5738 ι
959 5689 1022 5739 ad
1061 5686 1446 5765 Δξίειὶιίοιιυι-ιιηι.
1487 5686 1635 5743 Unde
1664 5686 1902 5765 arguitur
1935 5686 2637 5765 Mercatoris,niangoniunr
2664 5691 3085 5765 putidissimum:

1675 5764 1716 5792 κ’
1758 5760 2025 5816 Hactenus
2064 5759 2206 5812 Hier.
2251 5761 2449 5813 Antei-0
2492 5760 2671 5813 multis
2715 5762 2867 5813 annis
2894 5759 3172 5827 posterior.

2332 5552 2375 5581 ³⁸
2410 5554 2460 5604 9.
2507 5570 2558 5615 q.
2589 5554 2637 5604 3.
2685 5552 2843 5605 Facta
2887 5551 3245 5605 subditorum.
3350 5552 3392 5582 ³⁶
3433 5551 3553 5605 Isid.
3586 5566 3835 5615 nnscnt.

2852 5621 2892 5653 "
2935 5622 3070 5673 idem
3098 5619 3240 5675 llier.
3269 5637 3352 5687 ep.
3386 5622 3483 5683 l3,
3512 5632 3619 5675 tum
3654 5642 3743 5691 ιιι).
3783 5627 3834 5685 4,

2852 5691 3082 5758 :simum.
3202 5692 3245 5721 ’σο
3288 5692 3369 5743 Η.
3408 5707 3460 5758 q.
3500 5691 3551 5744 3.
3585 5694 3746 5746 Absit
3780 5705 3837 5747 ut

3313 5761 3355 5791 "
3394 5758 3515 5814 Isid.
3562 5778 3598 5815 tt
3633 5763 3832 5816 0111-

2507 5570 2558 5619 q.
2589 5554 2637 5604 3.
2685 5552 2843 5605 Facta
2887 5550 3245 5605 subditorum.
