4038 6352
174 451 249 505 I75
678 476 681 483 ·
1531 447 1908 504 ΕΡΙΞΤΟΙΑΞ.

3230 461 3330 513 iii

164 587 224 624 cis
260 580 422 623 autem
463 568 739 633 omnibus,
789 571 1044 639 quoniam
1099 579 1187 624 tua
1241 577 1386 631 sunt,
1433 569 1673 633 Domine,
1707 574 1750 628 Α
1781 570 1931 637 quasi
1964 569 2282 635 insipientes,
2336 570 2423 623 sed
2456 579 2512 623 ut
2539 572 2820 639 sapientes,-
2867 575 3169 628 redimcntes
3198 588 3329 629 tent-

165 666 236 730 qui
256 663 445 716 animas
477 676 645 717 amas.
705 661 926 732 Ideoque
952 664 1069 727 hos,
1103 664 1189 731 qui
1219 669 1458 715 exerrant
1512 664 1673 731 parti-

168 756 257 817 bus,
302 755 653 825 corripis;',de
683 738 865 824 quibus
908 764 1141 823 peccant,
1196 754 1513 807 admoneset
1540 753 1673 806 allo-

166 847 325 918 queris,
363 855 417 898 ut
445 846 629 898 relicta
659 846 892 909 malitia,
945 846 1159 898 credant
1185 848 1237 897 in
1276 854 1341 907 te,
1370 844 1587 897 Domine
1606 844 1671 897 “.

171 935 229 988 Tit
253 944 426 998 autem,
477 934 618 986 Deus
664 946 857 999 noster,
906 936 1079 988 suavis
1101 943 1150 987 et
1172 946 1326 988 ‘verus
1348 951 1419 995 es,
1451 936 1672 1003 patiens,

166 1036 203 1080 et
224 1027 264 1078 in
290 1012 639 1077 misericordia
674 1025 952 1093 disponens
976 1027 1170 1097 omnia.
1230 1024 1453 1080 Etenim.
1483 1026 1529 1079 si
1560 1040 1676 1091 pec-

166 1118 426 1179 carerimus,
473 1115 551 1167 tui
579 1131 779 1178 sumus,
814 1116 1031 1167 scientes
1056 1114 1463 1184 magnitudinem
1508 1122 1670 1165 tuam.

169 1208 219 1260 Et
242 1210 387 1260 sinon
412 1206 813 1274 peccaverimus,
860 1207 1052 1259 scimus
1077 1207 1322 1275 quoniam
1352 1201 1489 1272 apud
1518 1218 1563 1257 te
1588 1220 1675 1257 su-

170 1318 256 1353 um
276 1301 544 1367 computati
571 1299 635 1350 ⁸⁷.
665 1297 893 1366 Spiritus
919 1284 1210 1351 timentium
1244 1296 1518 1350 Dominum
1537 1310 1677 1365 qua:-

171 1406 281 1445 retur
298 1392 352 1445 ab
373 1409 450 1456 eo,
469 1402 519 1444 et
542 1394 592 1444 in
624 1400 853 1459 respectu
877 1390 1021 1443 illius
1054 1389 1415 1443 benedicentur
1439 1387 1503 1439 ⁸⁸.
1536 1386 1679 1451 Qua-

171 1495 353 1552 propter,
407 1483 597 1552 fratres
632 1481 950 1542 charissimi,
999 1482 1165 1533 omnis
1214 1494 1381 1532 sermo
1420 1478 1588 1530 malus
1616 1493 1679 1529 ex

171 1592 235 1626 ore
259 1586 404 1626 restro
426 1590 524 1626 non
551 1573 832 1641 procedat;
854 1572 942 1625 sed
965 1572 1009 1624 si
1035 1571 1151 1641 quis
1176 1570 1334 1623 bonus
1359 1578 1436 1622 est
1465 1568 1532 1620 ad
1553 1568 1680 1621 tedi-

174 1667 419 1731 ﬁcationem
468 1664 894 1732 opportunitatis,
945 1673 1000 1714 ut
1033 1664 1117 1715 det
1149 1662 1377 1731 gratiam
1418 1660 1681 1713 audienti.

174 1757 259 1819 bus,
300 1764 341 1807 et
378 1754 535 1805 nolite
564 1754 876 1805 contristare
902 1749 1158 1819 Spiritum
1197 1760 1435 1803 sanctum
1462 1749 1578 1809 Dei,
1625 1749 1680 1802 in

176 1863 247 1913 quo
280 1848 459 1914 signati
481 1848 603 1898 estis
627 1846 680 1897 in
700 1844 1251 1912 dient‘redemptionis.
1306 1842 1486 1897 Omnis
1527 1858 1677 1895 ama-

184 1941 327 2002 ritudo,
356 1948 400 1990 et
424 1940 525 2000 ira,
550 1947 597 1988 et
626 1937 938 2004 indignatio,
963 1945 1012 1988 et
1033 1936 1252 1998 clamor,
1286 1943 1331 1987 et
1360 1932 1678 2001 blasphemia

185 2029 346 2079 tollatur
370 2045 399 2078 a
432 2025 573 2078 vobis
607 2041 723 2076 cum
774 2025 912 2077 omni
940 2023 1144 2076 malitia
1170 2023 1235 2076 δ’.
1286 2021 1466 2075 Estote
1505 2032 1677 2074 autem

178 2120 343 2171 invicem
371 2116 597 2182 benigni,
630 2116 1008 2181 misericordes,
1034 2114 1284 2168 donantes
1303 2115 1535 2176 invicem,
1568 2114 1679 2165 sic-

176 2220 219 2261 ut
256 2220 293 2262 tt
330 2208 460 2260 Deus
508 2210 564 2260 in
609 2206 815 2261 Christo
862 2207 1274 2265 donavitpobis.
1323 2204 1499 2257 Estote
1562 2220 1679 2271 ergo

178 2298 412 2348 imitatores
446 2296 567 2359 Dei,
596 2297 729 2348 sicut
757 2297 855 2363 ﬁlii
882 2296 1209 2357 charissimi;
1256 2304 1304 2347 et
1337 2293 1597 2346 ambulate
1627 2293 1679 2344 in

175 2389 419 2449 dilectione.
470 2389 605 2440 sicut
649 2398 698 2440 et
724 2387 966 2441 Christus
997 2386 1181 2439 dilexit
1207 2403 1319 2449 nos,
1359 2393 1406 2437 et
1461 2384 1682 2437 tradidit

174 2480 453 2544 semetipsum
484 2493 579 2544 pro
619 2477 762 2528 nobis
795 2477 1109 2528 oblationem
1139 2486 1187 2527 et
1227 2475 1453 2527 hostiam
1495 2473 1601 2527 Deo
1631 2476 1684 2526 in
1716 2526 1723 2533 ,

172 2567 340 2618 odorem
377 2567 676 2619 suauitatis.
730 2565 1035 2621 Fornicatio
1070 2575 1243 2618 autent
1284 2574 1329 2617 et
1374 2566 1539 2617 omnis
1581 2566 1683 2617 im-

169 2659 390 2710 munditia
421 2666 514 2709 aut
540 2658 765 2711 avaritia
794 2674 894 2710 non
920 2660 1213 2710 nominetur
1250 2660 1302 2709 in
1340 2657 1501 2720 vobis,
1551 2657 1685 2710 sicut

168 2759 202 2799 et
224 2750 347 2802 decet
386 2760 615 2814 sanctos,
672 2760 762 2803 aut
808 2751 1098 2819 turpitudo,
1146 2759 1237 2801 aut
1280 2749 1683 2819 stultiloquium,

167 2850 238 2891 aut
260 2840 568 2902 scurrilitas,
616 2856 731 2909 qua:
771 2840 836 2891 ad
866 2856 972 2899 rem
1004 2856 1104 2891 non
1142 2842 1417 2907 pertinent,
1463 2840 1549 2892 sed
1576 2856 1685 2890 ma-

165 2932 526 2999 gisgratiarunt
577 2932 736 2982 actio.
786 2928 1062 2981 Iloc'enim
1110 2932 1311 2991 scitote,
1346 2931 1684 3000 intelligentes

166 3022 276 3087 quod
314 3024 473 3074 omnis
519 3023 830 3089 fornicator,
870 3031 959 3073 aut
988 3021 1307 3085 immundus,
1352 3030 1441 3073 aut
1474 3038 1681 3083 avarus,

166 3116 276 3181 quod
311 3125 383 3169 est
422 3116 679 3169 idolorum
722 3116 958 3172 servitus.
1002 3130 1102 3165 non
1149 3114 1296 3166 habet
1327 3115 1685 3167 htereditatem

1773 675 1890 727 pus,
1928 660 2172 727 quoniam
2214 660 2335 721 dies,
2362 661 2489 713 mali
2515 673 2656 715 sunt.
2705 662 2984 731 Propterea
3014 667 3175 719 nolite
3211 669 3329 736 ﬁeri

1774 748 2146 815 imprudentes,
2197 751 2286 800 sed
2324 750 2665 819 intelligentes
2711 768 2824 821 qua:
2848 756 2915 805 sit
2950 756 3186 808 voluntas
3214 756 3325 810 Dei.

1775 836 1845 889 Et
1878 838 2039 891 nolite
2071 839 2320 891 inebriari
2353 842 2488 906 vino,
2524 842 2575 894 in
2602 858 2699 911 quo
2724 854 2798 896 est
2829 842 3038 896 luxuria
3067 863 3082 905 ;
3110 846 3199 898 sed
3226 848 3327 899 int-

1775 926 2024 994 pleamini
2074 926 2276 996 Spiritu
2319 940 2515 993 sancto,
2569 922 2830 1001 laquentes
2876 933 3245 1005 nobismetipsis
3274 936 3328 993 in

1776 1018 2018 1087 psalmis.
2048 1020 2251 1088 hymnis
2282 1029 2331 1074 et
2369 1022 2591 1075 canticis
2621 1010 3007 1089 spiritualibus,
3061 1034 3328 1079 cantantes

1776 1120 1824 1163 et
1872 1110 2147 1179 psallentes
2196 1112 2251 1162 in
2296 1112 2539 1165 cordibus
2580 1112 3065 1173 vestris-Domino,
3131 1117 3328 1185 gratias

1777 1213 1981 1267 agentes
2012 1219 2208 1271 semper
2232 1219 2325 1270 pro
2353 1203 2588 1258 omnibus
2612 1207 2668 1257 in
2692 1206 2895 1259 nomine
2932 1206 3140 1261 Domini
3164 1210 3329 1260 nostri

1775 1294 1903 1348 Jesu
1933 1292 2129 1347 Christi
2168 1293 2272 1346 Deo
2294 1307 2340 1347 et
2378 1293 2552 1362 Patri,
2586 1280 2802 1364 subjecti
2825 1298 3037 1351 invicem
3066 1299 3117 1353 in
3152 1299 3332 1351 timore

1779 1384 1975 1440 Christi
2006 1384 2071 1440 ⁵⁸.
2130 1383 2275 1439 State
2308 1387 2506 1455 itaque,
2556 1389 2769 1457 fratres.
2818 1398 2867 1443 et
2896 1400 3059 1443 tenete
3086 1392 3331 1444 trarlitio~

1780 1492 1865 1533 nes
1910 1475 2277 1545 apostolorum
2323 1487 2375 1529 et
2420 1479 2729 1546 apostolicae
2778 1481 2943 1544 sedis,
2991 1494 3046 1534 ut
3078 1482 3331 1535 Dominus

1780 1579 1954 1620 noster
1991 1564 2144 1619 Jesus
2200 1564 2462 1631 Christus,
2510 1578 2557 1620 et
2603 1568 2764 1622 Pater
2792 1580 2987 1635 noster,
3030 1574 3120 1641 qui
3149 1572 3333 1624 dilexit

1780 1674 1892 1722 nos,
1917 1667 1964 1711 et
1988 1658 2126 1710 dedit
2156 1656 2559 1711 consolationem
2597 1671 2865 1728 retentam,
2897 1674 2945 1715 et
2980 1680 3119 1729 spem
3148 1664 3333 1716 bonum

1780 1752 1834 1803 in
1865 1749 2057 1817 gratia,
2108 1748 2407 1801 exhortetur
2452 1749 2619 1801 corda.
2651 1760 2841 1817 vestra,
2889 1762 2939 1806 et
2984 1754 3250 1822 conﬁrmet
3282 1755 3335 1806 in

1782 1840 1921 1893 omni
1947 1856 2098 1907 opere
2136 1849 2183 1892 et
2229 1840 2281 1891 in
2308 1856 2536 1892 sermone
2562 1839 2692 1893 bono
2726 1842 2790 1894 ".
2850 1841 2926 1896 De
2966 1836 3185 1908 ca'tero,‘
3223 1845 3337 1911 fra-
3422 1866 3429 1891 τ

1781 1940 1902 1991 tres,
1939 1938 2081 1982 orate
2104 1944 2197 1996 pro
2225 1929 2394 1991 nobis,
2427 1936 2482 1980 ut
2514 1944 2680 1981 sermo
2712 1928 2920 1982 Domini
2944 1940 3121 1983 currat
3152 1942 3199 1983 et
3227 1932 3336 1984 cla-

1782 2021 2031 2088 riﬁcetur,
2074 2021 2205 2071 sicut
2241 2028 2290 2071 et
2318 2020 2455 2085 apud
2494 2036 2603 2078 vos.
2639 2028 2689 2072 et
2728 2029 2783 2071 ut
2820 2008 3107 2073 liberemur
3140 2022 3204 2074 ab
3231 2023 3333 2096 ittF

1780 2112 2014 2180 portunis
2044 2120 2091 2163 et
2117 2112 2271 2163 malis
2319 2111 2651 2171 hominibus;
2703 2096 2804 2162 non
2844 2113 2980 2163 enim
3005 2114 3232 2174 omnium
3258 2122 3336 2166 est
3406 2119 3410 2123 “

1781 2204 1930 2271 ﬁdes.
1987 2199 2186 2275 Fidelis
2237 2210 2407 2253 autem
2452 2201 2588 2253 Deus
2615 2204 3193 2270 est,.quicon/irmabit
3225 2218 3333 2268 eos,

1781 2307 1827 2349 et
1847 2295 2099 2349 custodiet
2132 2311 2161 2346 a
2190 2294 2327 2345 malo
2348 2294 2412 2345 ⁸².
2443 2293 2827 2361 Quapropter"
2858 2294 3337 2363 poniteindesinen-

1787 2399 1861 2441 ter
1898 2390 2057 2440 corda
2106 2396 2274 2438 vestra
2315 2387 2367 2438 in
2405 2386 2596 2437 virtute
2640 2384 2754 2450 Dei,
2797 2396 2844 2438 et
2890 2387 3113 2441 resistite
3139 2404 3336 2456 semper

1786 2480 1954 2539 malis,
2014 2489 2062 2530 et
2110 2486 2348 2530 enarrate
2386 2476 2513 2539 Ιιίεσ,
2543 2476 2685 2539 iuxta
2730 2491 2913 2530 vocem
2954 2476 3248 2547 Propheta),
3282 2480 3335 2530 in

1781 2571 2047 2639 progenies
2073 2570 2290 2631 alteras,
2310 2568 2555 2637 quoniam
2581 2566 2660 2619 hic
2680 2576 2752 2619 est
2774 2565 2907 2619 Deus
2926 2566 3063 2619 Deus
3086 2578 3258 2621 noster
3284 2570 3337 2620 in

1785 2668 2054 2719 retentum,
2098 2667 2146 2709 et
2190 2658 2295 2712 inse
2338 2666 2473 2724 rege:
2514 2672 2604 2707 nos
2629 2656 2680 2707 in
2709 2655 2901 2708 swcula
2924 2656 2988 2708 ⁸⁵.
3039 2654 3189 2709 Unde
3218 2672 3343 2717 \os,

1784 2748 1875 2817 qui
1927 2750 1978 2801 in
2025 2749 2241 2817 specula
2285 2762 2313 2800 a
2358 2746 2588 2799 Domino
2615 2748 2745 2799 estis
2768 2747 3063 2810 constituti,
3104 2749 3337 2815 compri~

1786 2856 1931 2893 mere
1956 2850 2008 2893 et
2044 2841 2297 2907 repellere
2324 2854 2421 2892 eos
2451 2852 2791 2905 summopere
2834 2837 3060 2900 debetis.
3110 2839 3199 2907 qui
3230 2838 3338 2891 fra-

1785 2930 1954 2984 tribus
2008 2931 2230 2983 insidias
2274 2938 2593 2997 pra-parant,
2650 2924 2818 2981 aut'in
2847 2942 2939 2981 eos
2964 2920 3338 2983 seditioncsct

1784 3020 2036 3074 scandala
2060 3021 2315 3073 excitant.
2372 3018 2549 3073 Facile
2589 3029 2668 3073 est
2694 3018 2841 3075 enim
2873 3017 3144 3072 hominem
3171 3020 3334 3071 vcrho

1784 3110 1967 3166 fallere
1993 3114 2072 3177 ⁸⁸,
2126 3112 2220 3166 sed
2268 3127 2372 3165 non
2416 3110 2723 3165 Dominum.
2776 3110 2897 3164 ideo
2925 3112 3023 3165 hos
3052 3098 3336 3179 reprehen-
3408 3162 3411 3163 ν

167 3206 209 3256 in
240 3223 377 3275 regno
408 3208 602 3260 Christi
640 3216 688 3258 et
723 3204 849 3267 Dei.
895 3204 1060 3257 Nemo
1087 3221 1171 3259 vos
1200 3206 1412 3258 seducat
1444 3204 1681 3257 inanibus
1708 3223 1750 3278 ο
1784 3206 1927 3271 dere,
1961 3206 2105 3259 etab
2136 3205 2220 3258 his
2242 3220 2337 3257 vos
2364 3212 2601 3257 avertere
2625 3211 2854 3270 Oportet,
2914 3211 3199 3271 quatenus,
3236 3218 3331 3255 εχ·
3360 3234 3368 3239 -

168 3298 321 3350 terbis.
371 3298 584 3364 Propter
620 3296 725 3347 hrec
747 3296 883 3347 enint
921 3296 1055 3347 venit
1094 3296 1176 3347 ira
1202 3295 1293 3348 Dei
1329 3297 1379 3348 in
1406 3295 1545 3363 ﬁlios
1576 3295 1681 3362 dif-

169 3387 383 3450 ﬁdentia'.
436 3388 612 3439 Nolite
640 3398 761 3455 ergo
803 3388 927 3455 eﬂici
952 3389 1230 3456 participes
1253 3403 1447 3439 eorum.
1502 3385 1680 3439 Eratis

168 3479 278 3529 enim
320 3479 593 3546 aliquando
636 3478 872 3537 tenebrw,
924 3495 1057 3531 nunc
1087 3489 1260 3530 autem
1306 3478 1395 3528 lux
1420 3477 1471 3527 in
1496 3476 1681 3528 Domi-

168 3582 237 3617 no.
304 3565 365 3619 Ut
402 3568 501 3635 filii
570 3568 700 3620 lucis
759 3570 1020 3620 ambulate
1078 3567 1299 3633 (fructus
1358 3568 1493 3618 enim
1548 3567 1679 3620 lucis

166 3666 225 3706 est
251 3658 296 3708 in
326 3658 461 3709 omni
485 3656 734 3719 bonitate,
766 3668 813 3710 et
841 3654 1073 3725 justitia,
1098 3664 1145 3706 et
1170 3655 1427 3723 veritate),
1456 3655 1681 3723 proban-

168 3756 225 3797 tes
261 3749 372 3815 quid
401 3750 467 3801 sit
498 3747 871 3816 beneplacitum
912 3744 1035 3797 Deo.
1089 3743 1154 3795 Et
1195 3745 1351 3798 nolite
1390 3748 1678 3798 communi-

165 3853 263 3890 care
287 3840 510 3905 operibus
556 3838 893 3907 infructuosis
938 3837 1281 3900 tenebrarum,
1314 3840 1477 3906 magis
1505 3847 1679 3890 autem

167 3928 445 3995 redarguite.
494 3927 623 3991 Qua:
647 3929 781 3980 enim
804 3928 865 3977 in
890 3926 1087 3978 occulto
1134 3928 1263 3995 ﬁunt
1298 3930 1359 3980 ab
1397 3928 1541 3997 ipsis,
1571 3937 1681 3980 tur-

167 4032 215 4081 pe
234 4028 296 4070 est
318 4029 361 4069 et
390 4020 577 4070 dicere.
632 4017 821 4069 Omnia
846 4027 1017 4069 autem
1050 4009 1165 4087 quae
1203 4030 1513 4089 arguuntur,
1542 4037 1573 4072 a
1600 4019 1681 4071 lu—

170 4111 281 4159 mine
308 4110 720 4177 manifestantur.
763 4107 923 4161 Omne
952 4112 1088 4163 enim
1117 4113 1251 4180 quod
1291 4113 1677 4179 manifestatur,

173 4198 313 4252 lumen
349 4213 439 4257 est.
490 4200 711 4266 Propter
743 4204 876 4269 quod
920 4201 1047 4255 dicit
1078 4221 1095 4254 .·
1131 4202 1294 4271 Surge
1339 4203 1424 4271 qui
1463 4202 1678 4265 dormis,

176 4299 211 4339 et
230 4308 423 4362 exsurge
459 4311 489 4345 a
515 4292 755 4355 mortuis,
800 4301 847 4343 et
875 4292 1195 4346 illuntinabit
1227 4305 1273 4347 te
1296 4294 1549 4347 Christus.
1594 4292 1681 4344 Vi-

180 4382 269 4436 dcte
294 4389 474 4456 itaque,
526 4388 735 4455 fratres,
780 4388 1034 4453 quomodo
1080 4398 1227 4440 caute
1262 4387 1550 4448 ambulctis,
1584 4402 1682 4437 non

233 4592 592 4668 “Sapxnﬁn
636 4604 677 4631 ⁸⁷
720 4602 843 4669 Sap.
873 4618 957 4669 xv,
994 4602 1043 4659 1,
1072 4601 1124 4653 2.
1162 4618 1169 4628 ’⁷

186 4662 338 4721 Thess.
368 4662 527 4733 in”,
564 4671 753 4732 15,16.
794 4662 809 4669 ’
866 4673 905 4699 ⁵³
948 4668 1197 4723 llThess.
1237 4686 1316 4734 ιιι,
1344 4669 1527 4733 1,9.,5.

186 4734 279 4816 illi.
332 4739 371 4767 “
407 4727 969 4816 Stc_p|i.___l')orensis-in
1016 4740 1192 4816 lihelle
1216 4727 1391 4816 optato
1423 4755 1510 4791 an.
1542 4727 2161 4816 Gtiflkinlsynodfllctn.
2192 4727 2429 4816 (εριιεὲἓἒ

1248 4811 1291 4839 ⁸ο
1328 4809 1486 4876 Greg.
1519 4822 1601 4874 cp.
1634 4804 1831 4863 50.|ih.
1865 4820 1935 4858 tv.

206 4802 334 4875 Greg.
366 4825 443 4877 cp.
471 4802 557 4873 5'2,
589 4812 679 4863 lib.
714 4825 784 4862 ix.
861 4811 903 4840 ⁵³
944 4808 1173 4861 servitis.

1788 3296 1977 3350 stincta
2019 3294 2260 3347 funditus
2291 3293 2595 3360 huiusmodi
2639 3293 2865 3362 caligine
2896 3293 2961 3357 ⁵⁸,
3014 3291 3225 3345 Lucifer
3255 3293 3333 3345 eis

1786 3385 2146 3453 resplendeat,
2190 3394 2243 3437 et
2294 3384 2474 3439 lmtitia
2517 3385 2721 3435 oriatur
2762 3385 2812 3435 in
2840 3383 3091 3437 cordibus
3122 3398 3330 3435 eorum.

1787 3474 2108 3542 Conﬁdimus
2137 3483 2308 3527 autem
2338 3476 2399 3526 de
2428 3475 2582 3533 vobis,
2616 3473 2829 3535 fratres,
2863 3476 2916 3525 in
2946 3473 3187 3538 Domino,
3207 3491 3333 3542 quo-

1787 3568 1929 3619 niam
1958 3583 2071 3635 quee
2092 3565 2448 3633 prtecepimus,
2466 3572 2512 3614 et
2537 3563 2733 3629 facitis,
2761 3571 2808 3613 et
2828 3562 3033 3628 facietis
3054 3564 3117 3615 ⁸⁷.
3154 3562 3333 3627 Quan—

1785 3666 1839 3710 to
1871 3657 2012 3710 cnim
2047 3654 2301 3708 beneficia
2323 3662 2497 3706 vestra
2526 3654 2605 3705 his
2636 3651 2865 3720 amplius
2897 3653 3179 3709 cxlzibetis.
3212 3662 3331 3705 tan-

1785 3752 1839 3797 to
1866 3745 2120 3812 majorem
2173 3740 2592 3794 vicissitudinem
2641 3740 2707 3794 ab
2748 3742 3095 3811 omnipotenti
3123 3741 3227 3795 Deo
3259 3744 3327 3807 ⁸⁸,
3418 3804 3424 3814 _

1784 3835 1872 3887 cui
1909 3834 2146 3887 serviunt
2174 3816 2624 3899 5°,lex5pectatis.
2675 3830 3023 3911 Omnipotens
3069 3832 3207 3886 Deus
3232 3848 3330 3886 sua
3418 3872 3421 3873 ν

1783 3940 1878 3978 vos
1928 3923 2258 3992 protectione
2310 3926 2577 3977 custodiat
2603 3925 2666 3988 ⁸ο,
2720 3925 3085 3994 honoremque
3117 3932 3169 3977 et
3192 3940 3326 3992 prae-

1782 4021 1995 4080 ceptum
2048 4025 2263 4064 servare
2314 4011 2600 4074 concedat,
2647 4020 2697 4063 ct
2720 4012 2885 4077 gloria
2915 4010 3191 4078 honorque
3220 4008 3329 4060 Deo

1782 4102 1929 4157 Patri
1957 4102 2333 4170 omnipotenti,
2352 4102 2578 4169 ejusque
2602 4101 2874 4167 unigenito
2902 4098 3034 4151 Filio
3063 4096 3325 4149 Salvatori

1784 4204 1989 4254 nostro,
2043 4208 2166 4246 cum
2219 4191 2420 4260 Spiritu
2474 4198 2658 4243 sancto
2692 4189 2759 4240 sit
2799 4189 2849 4237 in
2879 4187 3070 4239 smcula
3100 4186 3325 4238 saeculo-—

1782 4302 1922 4338 rum.
1972 4285 2162 4337 Amen.
2216 4283 2345 4335 Data
2385 4282 2425 4311 ⁸¹
2476 4296 2551 4331 xu
2611 4277 2725 4329 Kal.
2776 4276 2970 4344 Aprilis
3002 4275 3325 4328 Maximiano

1782 4385 1835 4430 et
1866 4375 2121 4429 Africano
2155 4374 2281 4426 viris
2310 4368 2625 4423 clarissimis
2658 4367 2991 4420 consulibus.

1220 4601 1263 4632 ⁸⁸
1299 4600 1458 4653 Eccli.
1513 4613 1688 4653 χχχιιι.

1781 4599 1823 4650 ι.
1892 4572 2143 4663 δ’ξΕρΙιρε.
2175 4589 2457 4663 magi-5.1.
2565 4587 2609 4617 σο
2649 4583 3144 4663 EPIIQ§_.V,__1-n2l.-
3199 4583 3239 4611 ει
3282 4580 3324 4663 ιι

1604 4669 1649 4697 ⁵³
1687 4652 2040 4730 ϐεὶςιείιιςόῥ.
2069 4663 2119 4714 9.
2196 4662 2243 4690 ⁸⁵
2282 4658 2421 4711 Psal.
2460 4673 2621 4720 XLVII,
2649 4652 2734 4715 14,
2774 4657 2857 4707 ιδ.
2932 4654 2977 4684 ⁵⁸
3013 4652 3145 4704 Sinti
3180 4659 3317 4703 sent.

1604 4737 1663 4782 .9-
1715 4737 1765 4782 in
1791 4736 1977 4782 svnnd.
2009 4733 2161 4782 Rom.
2192 4743 2341 4782 COIIS.
2375 4727 2429 4778 2.
2514 4727 2555 4756 ⁵⁷
2598 4725 2642 4778 ΙΙ
2709 4725 2900 4779 Thess.
2936 4739 3013 4782 111,
3046 4721 3097 4772 4.
3177 4720 3217 4749 ⁵⁸
3256 4715 3319 4775 S.

2012 4802 2053 4833 ⁶¹
2092 4816 2158 4853 ex
2190 4814 2291 4853 ms.
2318 4796 2550 4851 Justelli.
