4038 6352
208 439 301 494 177

1234 437 1292 492 S.
1332 437 1674 494 FABIANUS
1707 436 1905 492 PAPA.
1948 466 2017 481 —
2053 436 2347 493 NOTlTlA.

3291 440 3389 496 1-78

215 555 559 611 Novatiannm
579 555 946 627 ideﬁcclesia.
966 566 1027 627 iet
1064 556 1328 627 quosdam
1365 556 2041 627 confessores,pos_tquam
2071 556 2245 611 Moses
2274 557 2324 609 in
2355 569 2587 627 carcere
2616 554 2899 608 defunctus
2929 563 3033 616 est,
3066 549 3292 627 quijuit
3317 554 3392 607 ibi

212 642 413 680 menses
449 628 508 679 H
543 626 641 697 (9).
668 624 733 678 ΕΙ.
763 631 841 680 sic
871 626 1024 697 Institi
1056 621 1350 697 Christiani
1387 626 1635 694 fugerunt
1662 621 1797 694 (illi.
1824 621 1921 680 me
1945 626 2072 681 fecit
2102 626 2471 697 ordinationes
2498 624 2738 697 quinque
2766 639 2859 697 per
2894 621 3134 697 mensem
3167 621 3390 697 Decem-

212 700 369 761 brem,
388 692 740 781 presbyteros
766 696 954 781 viginti
986 696 1419 781 duos,diagonos
1437 692 1675 781 septem,
1694 698 1980 781 episcopos
2017 712 2110 765 per
2141 696 2352 781 diversa
2390 692 3197 781 loca’uiidecim.Qu‘i_sepultus
3225 692 3395 749 estin

213 763 511 822 cometen-io
538 763 766 830 Callisti,
796 767 882 819 via
902 764 1094 835 Appia,
1119 782 1216 821 xm
1249 763 1516 821 Kalendas
1542 763 1841 821 Februarii.
1872 766 1939 821 Et
1966 763 2199 821 cessavit
2227 766 2569 835 episcopatus
2596 765 2711 821 dies
2737 780 2830 819 sex
2861 763 2995 833 (ll).

1294 1122 1805 1229 NOTlTlA
1875 1125 2328 1213 ALTERA

851 1318 938 1391 (Β.
965 1318 1273 1385 ϐοσςτυιτ,
1297 1317 1550 1390 Epistolis
1577 1315 1727 1372 Rom.
1753 1319 1968 1389 ponat},
2003 1328 2135 1375 tom.
2162 1316 2185 1372 ι
2215 1327 2268 1373 et
2300 1319 2471 1387 unic.,
2504 1334 2557 1390 p.
2584 1313 2734 1384 118.)

276 1596 323 1650 1.
350 1596 488 1650 Cum
527 1594 720 1651 fratres
745 1611 935 1651 omnes
967 1597 1020 1650 in
1051 1597 1280 1652 ecclesia
1319 1606 1502 1653 essent
1531 1613 1755 1668 cungre-
1784 1607 1833 1664 Α
1928 1602 1981 1657 3.
2020 1599 2095 1655 De
2135 1601 2294 1655 beato
2336 1598 2558 1653 Fabiani
2598 1599 2746 1653 exitu
2790 1597 3091 1670 Cyprianus
3134 1598 3262 1652 cleri
3302 1597 3407 1652 Ro-

214 1691 331 1758 gati,
366 1697 426 1742 ut
465 1704 595 1742 eum
645 1690 735 1757 qui
785 1690 983 1741 Antero
1017 1704 1370 1745 successurus
1398 1700 1515 1744 erat
1544 1691 1763 1747 ordina-

214 1790 341 1845 rent,
386 1780 586 1851 subito
611 1779 802 1847 illapsu
845 1768 1137 1845 columba,
1169 1796 1289 1849 quae
1325 1778 1550 1835 Fabiani
1578 1784 1762 1838 vertici

218 1871 423 1936 insedit,
449 1880 732 1939 permotus
758 1865 990 1938 pOpulu's
1015 1869 1311 1924 Fabianum
1338 1869 1651 1941 episcopatu
1682 1870 1765 1924 di-

222 1976 369 2031 gnum
404 1974 535 2014 esse
571 1958 957 2021 conclamavit,
992 1961 1283 2030 statimque
1316 1962 1765 2031 comprehensum

221 2050 528 2107 sacerdotali
564 2050 834 2117 cathedrae
872 2050 1151 2122 imposuit.
1217 2050 1623 2107 Ordinationem
1648 2054 1765 2122 ejus

221 2141 471 2196 Eusebius
519 2140 575 2193 in
623 2138 878 2195 Chronico
926 2152 1047 2212 post
1077 2141 1351 2196 Maximini
1395 2152 1623 2197 mortem
1675 2158 1764 2196 re-

209 2240 423 2294 censet;
455 2229 555 2282 sed
568 2229 641 2282 ibi
667 2245 774 2283 non
799 2239 879 2285 est
906 2239 1214 2285 accuratus.
1242 2229 1375 2285 Nam
1396 2240 1448 2285 et
1471 2232 1586 2299 ipso
1601 2246 1765 2298 anno,

212 2313 305 2390 qui
336 2322 616 2376 Maximini
651 2339 833 2378 necem
875 2324 1120 2393 excepit,
1154 2325 1338 2377 Anteri
1371 2323 1765 2378 ordinationem

222 2424 268 2467 et
279 2415 502 2478 obitum,
524 2415 852 2484 Fabianique
870 2418 1185 2469 electionem
1204 2414 1637 2486 consignatJicet
1656 2415 1769 2469 haec

160 2488 165 2491 I
220 2506 312 2559 tria
344 2504 647 2559 Maximino
689 2507 976 2574 superstite
1031 2507 1393 2575 contigerint,
1449 2514 1613 2575 atque
1662 2507 1770 2558 alio

218 2615 355 2653 anno
372 2600 611 2653 Anteros
640 2599 942 2661 ordinatus,
972 2607 1027 2651 ct
1059 2600 1164 2651 alio
1195 2600 1301 2653 vita
1334 2597 1553 2652 functus
1577 2597 1765 2652 fuerit.

284 2692 338 2745 2.
366 2692 421 2744 l‘n
451 2690 796 2744 Bucheriano
825 2690 1054 2758 aliisque
1080 2690 1317 2758 antiquis
1356 2691 1620 2759 catalogis
1654 2692 1767 2746 haec

220 2783 444 2852 legimus
478 2800 491 2836 :
526 2781 795 2836 Fabianus
843 2799 1005 2835 annos
1054 2782 1150 2845 l4,
1200 2798 1419 2834 mensem
1462 2782 1513 2847 1,
1540 2783 1651 2835 dies
1681 2782 1766 2836 10.

221 2874 346 2928 Fuit
374 2876 687 2943 temporibus
730 2874 1012 2929 Maximini
1048 2885 1096 2928 et
1145 2874 1399 2928 Gordiani
1438 2885 1485 2928 et
1516 2874 1769 2944 Philippi,

1862 1694 2007 1748 mani
2036 1692 2230 1748 litteris
2263 1692 2459 1745 certior
2481 1689 2675 1753 factus,
2713 1706 2839 1745 mox
2870 1691 3170 1747 rescribens
3195 1691 3212 1723 ¹
3250 1690 3410 1761 hujus

1863 1781 2035 1836 sancti
2063 1780 2332 1849 pontiﬁcis
2357 1781 2586 1849 elogium
2617 1780 2704 1833 his
2732 1780 2919 1848 paucis
2940 1781 3254 1850 complexus
3283 1790 3367 1837 est
3392 1799 3406 1835 :
3493 1814 3496 1817 η

1864 1870 1995 1926 Cum
2034 1873 2098 1925 de
2136 1886 2359 1925 excessu‘
2383 1871 2499 1924 boni
2543 1870 2642 1923 viri
2684 1869 2894 1939 collega:
2934 1872 3034 1923 mei
3063 1888 3243 1925 rumor
3271 1873 3411 1942 apud

1865 1980 1956 2017 nos
1992 1966 2219 2018 incertus
2260 1974 2414 2026 esset,
2451 1964 2640 2032 {ratres
2672 1963 2984 2028 eharissimi,
3011 1971 3061 2015 et
3109 1965 3283 2031 opinio
3314 1975 3413 2017 ttu-

1865 2055 1951 2109 bia
1980 2065 2208 2120 nutaret,
2236 2057 2411 2124 accepi
2440 2073 2471 2109 a
2502 2056 2644 2109 vobis
2670 2055 2875 2108 litteras
2904 2054 2971 2107 ad
3000 2070 3081 2108 me
3108 2058 3296 2108 missas
3316 2072 3416 2124 per

1866 2144 2208 2201 Clententinm
2258 2147 2709 2217 hypodiaconum,
2756 2145 2944 2215 quibus
2995 2145 3296 2214 plenissime
3351 2146 3417 2199 de

1865 2237 2089 2307 glorioso
2138 2239 2248 2302 eius
2295 2239 2438 2292 exitu
2487 2240 2791 2291 instruerer.
2832 2237 2899 2289 Et
2946 2236 3203 2291 exsultavi
3248 2238 3415 2300 satis,

1865 2330 2001 2399 quod
2031 2347 2123 2399 pro
2156 2330 2456 2400 integritate
2492 2330 2967 2384 administrationis
2998 2329 3142 2397 ejus,
3175 2330 3425 2383 censum;

1868 2419 2030 2473 motio
2060 2435 2259 2493 quoque
2297 2418 2511 2472 honesta
2540 2420 2863 2485 processerit.
2894 2417 2959 2471 In
2986 2433 3085 2487 quo
3121 2417 3261 2471 vobis
3282 2434 3415 2487 quo-

1826 2560 1827 2567 η
1869 2529 1964 2583 que
2006 2510 2292 2580 plurimum
2340 2508 2599 2581 gratulor,
2632 2510 2768 2580 quod
2808 2510 2919 2579 ejus
2960 2511 3265 2564 memoriam
3307 2504 3416 2563 tam

1870 2601 2057 2655 celebri
2092 2609 2141 2653 et
2192 2599 2393 2679 illustri
2441 2602 2731 2656 testimonio
2776 2601 3195 2670 prosequamini',
3235 2607 3291 2653 ul
3328 2615 3421 2671 per

1870 2711 1956 2748 vos
1988 2693 2326 2747 innotesceret
2350 2694 2518 2758 nobis,
2545 2696 2684 2763 quod
2709 2702 2756 2746 et
2782 2691 2923 2746 vobis
2954 2701 3085 2746 esset
3119 2686 3261 2745 circa
3285 2708 3420 2761 prce—
3488 2749 3490 2751 ,

1870 2785 2026 2853 positi
2058 2785 2361 2837 memoriam
2384 2784 2689 2855 gloriosum,
2721 2793 2768 2838 et
2802 2784 2946 2837 nobis
2981 2797 3180 2855 quoque
3206 2784 3329 2852 ﬁdei
3358 2800 3421 2837 ac

1872 2874 2079 2928 uirtutis
2126 2874 2374 2942 praeberet
2412 2873 2721 2941 exemplum.
2750 2872 2893 2927 Nam
2924 2885 3177 2945 quantum
3211 2875 3420 2943 pericu-

216 2985 253 3020 α
295 2967 571 3021 consulatu
618 2956 899 3018 Maximini
944 2978 992 3019 et
1041 2966 1281 3033 Africani
1329 2982 1488 3034 usque
1523 2965 1679 3018 Decio
1708 2962 1765 3016 ll
1804 2959 1842 3012 Β
1869 2964 1981 3017 losa
2010 2981 2088 3018 res
2128 2953 2207 3018 est
2247 2964 2316 3017 ad
2353 2965 2668 3033 sequendum
2712 2964 2919 3033 lapsum
2946 2967 3099 3019 ruina
3128 2967 3417 3034 prteposili,

223 3062 341 3129 (leg.
375 3059 534 3113 Decio
561 3057 611 3125 Ι)
638 3069 686 3112 et
722 3056 884 3111 Grato
912 3058 1035 3125 (hoc
1057 3066 1138 3111 est
1172 3058 1238 3109 ab
1273 3073 1414 3112 anno
1444 3056 1645 3111 Christi
1666 3054 1770 3109 236

208 3153 285 3205 ad
324 3152 474 3220 250).
507 3150 703 3203 Passus
743 3158 819 3203 est
851 3165 923 3201 xu
955 3148 1116 3217 (apud
1150 3147 1287 3205 Boil.
1324 3164 1460 3214 xm;
1502 3150 1555 3201 in
1581 3146 1789 3201 Fossat.

228 3260 320 3297 ms.
348 3244 461 3313 xlv)
498 3241 762 3295 Kalendas
792 3238 1095 3293 Februarii.
1129 3239 1202 3293 Ex
1232 3240 1334 3294 hoc
1367 3239 1574 3301 calculo
1608 3237 1654 3291 si
1681 3252 1777 3291 au-

228 3334 428 3388 feratur
466 3334 667 3387 mensis
714 3346 876 3397 unus,
909 3340 963 3384 et
1001 3331 1316 3401 praeferatur
1356 3329 1515 3384 lectio
1571 3328 1776 3385 codicis

225 3426 276 3478 in
308 3440 415 3495 quo
454 3423 727 3477 Fabianus
764 3437 859 3475 xm
891 3419 1018 3474 Kal.
1054 3420 1210 3474 Febr.
1246 3436 1429 3490 passus
1465 3417 1773 3485 adnotatur,

225 3516 473 3585 sequetur
502 3523 564 3568 ut
600 3502 649 3567 is
672 3529 804 3583 papa
834 3530 975 3567 anno
1000 3513 1125 3577 256,
1148 3510 1392 3565 Januarii
1422 3509 1632 3564 decimo
1665 3509 1772 3575 die,

223 3608 315 3677 qui
346 3607 399 3661 in
428 3607 765 3661 Dominicam
814 3606 1105 3671 incidebat,
1135 3602 1436 3666 ordinatus,
1473 3617 1616 3657 anno
1644 3602 1772 3666 259,

221 3685 462 3753 Januarii
488 3698 560 3751 20
588 3698 675 3752 die
706 3696 951 3767 martyrii
982 3710 1238 3750 coronam
1271 3693 1495 3763 adeptus
1530 3695 1636 3748 sit:
1666 3708 1776 3764 quo

128 3798 131 3801 '
223 3790 439 3858 quidem
481 3789 569 3843 die
607 3787 662 3841 in
702 3787 952 3841 omnibus
985 3784 1223 3853 antiquis
1260 3784 1647 3847 monumentis,
1675 3799 1775 3837 no-

227 3885 581 3953 minatimqne
637 3881 691 3935 in
739 3880 878 3934 libro
924 3875 1383 3933 Sacramentorum
1427 3875 1484 3929 S.
1534 3875 1775 3946 Gregorii

226 3977 417 4029 festum
443 3975 562 4043 ejus
590 3972 897 4028 ascribitur.

310 4133 327 4164 '
354 4132 514 4201 Apud
535 4130 855 4198 Pamelium,
882 4131 1039 4201 epist.
1072 4130 1121 4183 4.

223 4278 372 4317 seres
398 4264 455 4315 in
494 4276 710 4315 carcere
740 4260 1133 4325 detinebantur,
1175 4268 1230 4315 ct
1263 4274 1371 4327 quo
1393 4259 1446 4311 in
1470 4258 1641 4309 locum
1674 4252 1776 4306 Fa-

1869 3056 1922 3109 in
1956 3064 2160 3108 tantum
2190 3053 2318 3106 utile
2344 3064 2420 3107 est
2452 3064 2501 3108 et
2526 3054 2780 3119 salutare,
2811 3070 2929 3106 cum
2958 3070 3011 3107 se
3038 3055 3305 3123 episcopus
3329 3068 3423 3123 per

1870 3144 2258 3214 ﬁrmamentum
2288 3147 2412 3215 fidei
2458 3146 2713 3216 fratribus
2754 3145 2944 3216 prtebet
2975 3146 3311 3201 imitandum.
3345 3146 3418 3201 Ea

1871 3237 1974 3294 fuit
1997 3238 2277 3293 beatorum
2307 3239 2519 3293 illorum
2555 3247 2851 3309 temporum
2882 3239 3033 3303 lides,
3060 3244 3117 3293 ut
3141 3254 3263 3293 cum
3295 3240 3421 3293 boni

1873 3338 1927 3383 et
1981 3328 2129 3383 utilis
2169 3330 2401 3401 paStoris
2439 3330 2651 3399 jactura
2694 3330 2897 3383 luctum
2949 3340 3001 3383 et
3048 3329 3311 3401 lacrymas
3354 3329 3422 3384 ab
3488 3320 3491 3323 ’

1874 3416 2048 3487 ipsius
2082 3432 2239 3489 grege
2266 3417 2588 3485 exprimere,
2617 3425 2670 3470 et
2717 3417 2785 3469 ab
2827 3415 3004 3471 amico
3030 3415 3423 3469 consolatorias

1840 3511 2085 3581 litteras
2130 3511 2343 3581 exigere
2395 3510 2591 3564 debere
2643 3509 2940 3573 videretur,
2984 3516 3037 3563 et
3085 3507 3313 3560 Romani
3366 3513 3423 3559 et
3511 3544 3556 3554 ,η

1875 3605 2085 3658 amicus
2116 3618 2302 3657 eorum
2330 3600 2632 3669 Cyprianus
2668 3599 2879 3652 animos
2926 3599 2979 3652 in
3017 3606 3259 3652 mutuam
3298 3610 3440 3666 ενδ-λ

1878 3696 2193 3750 tulationem
2225 3693 2589 3750 ellundcrent:
2617 3689 2747 3746 certi
2784 3689 3038 3743 nimirum
3076 3688 3211 3743 nihil
3236 3686 3425 3743 Eccle-

1875 3788 1969 3841 siae
1996 3786 2261 3855 ereptum,
2295 3783 2381 3837 cui
2417 3782 2732 3852 praeclarum
2774 3780 3070 3852 praestitum
3107 3780 3180 3835 sit
3202 3778 3324 3835 ﬁdei
3356 3793 3421 3835 ac

1875 3878 2088 3931 virtutis
2116 3875 2440 3945 exemplum.
3019 3943 3026 3945 _
3129 3877 3135 3883 ‘

1876 4260 2036 4317 etiam
2091 4266 2185 4307 sex
2236 4252 2512 4315 mensibus
2546 4258 2775 4314 tantum,
2813 4245 2954 4317 quod
3004 4244 3095 4300 alii
3144 4242 3417 4311 asserunt,
3512 4296 3515 4297 ν

227 4312 368 4387 lii-ini
388 4312 1243 4406 ﬁmum'ah‘.;sm‘_}ssatrio;
1272 4312 1472 4406 iam-eti,
1510 4334 1627 4406 pos}
1682 4341 1773 4406 ξυι-
1798 4329 1839 4386 C
1873 4323 1962 4376 sed
1986 4312 2153 4406 ultra
2208 4312 2474 4391 integrum
2521 4334 2722 4406 agnum
2763 4312 2902 4406 litis
2937 4318 3412 4406 lgqlporgjedgm

226 4396 789 4467 nnum'interregnum
818 4402 1174 4468 pontiﬁcium,
1204 4400 1486 4468 Cornelius
1516 4396 1770 4468 sull'ectus

224 4483 356 4526 erat.
390 4471 525 4524 Nam
556 4464 655 4536 qui
681 4470 792 4523 haec
818 4464 983 4523 verba
1017 4473 1081 4523 ad
1108 4464 1317 4537 tempus
1348 4464 1567 4519 Fabiani
1595 4465 1773 4519 adhuc

226 4545 455 4597 viventis
480 4540 737 4602 referunt,
768 4540 1000 4602 graviter
1028 4550 1239 4601 errant;
1277 4553 1400 4590 cum
1430 4552 1533 4588 non
1566 4544 1771 4588 tantum

229 4556 455 4597 viventis
480 4556 737 4602 ΐθιθΓΙΙΙΙῐ,
804 4556 1000 4592 ΐςὶνιιεν
1028 4556 1239 4601 ρῐτςιηυ
1277 4556 1400 4590 Cll“!
1430 4556 1533 4588 11011
1566 4556 1771 4588 1311111111

229 4612 383 4665 Liber
421 4609 747 4677 pontilicalis
768 4556 865 4681 ﬁne
906 4609 958 4681 in
993 4608 1110 4661 Vita
1150 4607 1393 4681 Fabiani,
1445 4616 1498 4657 et
1550 4606 1687 4681 infra
1718 4606 1771 4681 i_n

233 4681 340 4735 Vita
370 4676 635 4741 cornelii,
680 4676 866 4731 verum
908 4680 1020 4747 ipse
1082 4692 1295 4747 quoque
1345 4676 1505 4744 (ἔξω.
1557 4676 1769 4744 epistol.

230 4754 309 4814 l9,
345 4752 417 4805 52
475 4761 528 4803 et
585 4750 672 4814 76,
722 4746 1201 4817 aperte’scribant
1247 4746 1602 4800 Novatianum
1664 4759 1772 4798 non

226 4834 343 4874 ante
373 4839 405 4875 a
442 4820 649 4874 Novato
700 4820 978 4872 seductum
1024 4818 1209 4881 fuisse,
1244 4818 1347 4871 nisi
1392 4826 1510 4886 post
1538 4817 1773 4871 scliisma

226 4898 489 4945 adversus
519 4889 823 4944 Cornelium
877 4887 1187 4941 conﬂatum.
1228 4886 1376 4942 Unde
1406 4888 1535 4956 quid
1566 4888 1633 4941 de
1654 4888 1769 4953 epi-

226 4963 356 5013 stola
393 4962 619 5014 Fabiani
656 4962 846 5028 prima,
888 4968 991 5027 qua
1012 4957 1345 5012 Novatiauus
1373 4976 1401 5012 a
1436 4957 1637 5011 Novato
1658 4958 1774 5025 ejus

224 5038 469 5100 tempore
528 5031 782 5085 sedat-tus
828 5030 1266 5100 essescribitor,
1307 5030 1644 5100 sentiendan
1680 5029 1773 5091 sit,

225 5100 277 5153 in
308 5097 456 5154 notis
505 5101 571 5151 ad
619 5099 844 5166 primam
893 5099 1048 5167 epist.
1088 5100 1327 5154 dicemus
1376 5098 1534 5152 infra.
1574 5097 1772 5152 Baron.

226 5184 366 5225 anno
393 5168 522 5227 238.
557 5184 703 5220 num.
740 5169 773 5222 9
804 5178 857 5222 et
880 5185 1030 5237 seqq.

293 5243 365 5312 (9)
409 5237 905 5312 Postquaqﬂqses
932 5236 1224 5312 in’car'cere
1246 5236 1522 5305 defunctus
1553 5238 1773 5312 est,_t_]ui

230 5310 325 5379 {uit
348 5306 428 5379 ibi
452 5323 648 5361 menses
680 5306 927 5379 ll.__(_Jum
964 5309 1089 5360 sede
1119 5308 1294 5359 adhuc
1322 5315 1547 5362 vacante
1567 5310 1630 5361 ad
1660 5307 1772 5361 Mo-

228 5373 338 5440 ien,
364 5377 659 5434 Maximum
686 5386 739 5429 et
757 5373 1137 5444 Nicostratum,
1167 5388 1449 5444 postquam
1479 5379 1532 5430 in
1558 5392 1773 5431 carcere

230 5451 363 5503 ultra
398 5463 601 5504 annum
657 5446 855 5500 detenti
917 5443 1412 5517 fuissent,;sanctus
1469 5446 1774 5517 Cyprianus

227 5520 505 5585 epistolam
540 5517 981 5586 scripserit,rquae
1021 5524 1106 5567 est
1158 5516 1223 5567 16
1266 5516 1527 5571 editionis
1545 5517 1772 5578 Pamel.,

231 5590 539 5657 fuerintque
596 5585 724 5642 tunc
770 5585 1105 5657 adhucpace
1152 5594 1206 5637 et
1239 5586 1444 5639 unitate
1476 5588 1769 5642 concordes

231 5652 480 5723 (quorum
550 5658 816 5712 Maximus
854 5663 907 5709 et
959 5652 1296 5708 Nicostratus
1355 5667 1474 5724 post
1527 5668 1764 5712 creatum
1798 5667 1843 5721 ι)

230 5728 559 5789 Cornelium,
592 5729 661 5781 ab
706 5728 915 5790 eodem,
960 5732 1019 5777 ut
1066 5739 1130 5777 ex
1161 5726 1395 5779 Eusebio
1448 5736 1681 5787 constat,
1712 5724 1765 5776 in

212 5796 516 5865 schismate
543 5799 703 5854 di"isi
729 5798 899 5865 sunt),
925 5795 1282 5865 certissimum
1305 5805 1385 5849 est
1402 5813 1507 5849 non
1537 5812 1624 5851 sex
1651 5796 1765 5847 die-

233 5864 345 5932 bus,
396 5874 455 5922 ut
515 5866 661 5924 infra
715 5864 905 5927 auctor
952 5864 1281 5923 Pontiﬁcalis
1333 5868 1539 5936 scribit,
1595 5878 1765 5936 neque

1872 4391 2201 4461 pontiﬁciam
2247 4386 2489 4446 vacasse.
2539 4389 2734 4441 Baron.
2767 4402 2911 4461 anno
2963 4386 3090 4451 255,
3140 4401 3292 4461 num.
3325 4388 3412 4461 28.

1872 4456 2044 4529 Quem
2072 4471 2261 4517 auctor
2294 4464 2378 4516 hic
2417 4462 2466 4513 in
2500 4473 2712 4529 carcere
2738 4456 3077 4529 _de_lunctum
3112 4472 3249 4529 esse
3279 4457 3417 4529 insi-

1874 4525 2027 4597 linat,
2073 4548 2163 4603 ex,
2195 4534 2351 4603 epist.
2386 4528 2618 4603 _Cornc_l.
2673 4527 2753 4603 ad
2810 4527 3035 4603 Fabium
3092 4525 3415 4581 Antiochen.

1873 4620 2033 4671 quam
2085 4598 2243 4655 infra'
2277 4618 2342 4655 ex
2385 4598 2619 4671 Eusebio
2646 4598 2776 4671 _liuc
2816 4598 3147 4664 inleremus,
3206 4605 3417 4652 constat

1874 4668 2107 4742 glorioso
2130 4672 2382 4742 martyrio
2411 4668 2620 4736 publice
2643 4669 2696 4722 in
2739 4670 2979 4742 omnium
3010 4677 3417 4742 conspectum-

1877 4734 2079 4820 Fonam_
2088 4734 2325 4820 martyrii
2350 4734 2600 4808 adeptum
2631 4756 2771 4795 esse.
2798 4742 2875 4794 Ita
2902 4739 3097 4793 Baron.
3126 4734 3265 4790 anno
3284 4734 3411 4799 255,
3454 4772 3455 4775 η
3533 4813 3541 4820 ν

1874 4830 2025 4867 ιιυιιι.
2048 4813 2135 4865 59.

1945 4884 2056 4951 (10)
2086 4880 2153 4933 Et
2200 4879 2275 4951 sic
2316 4881 2470 4935 ntulti
2519 4880 2805 4936 Christiani
2856 4884 3121 4951 fugerunt.
3185 4875 3414 4951 lndictio

1874 4946 2264 5023 persecutionis
2284 4952 2652 5023 atrocissima:
2681 4954 2815 5006 adeo
2856 4946 3152 5023 Ecclesia")
3199 4946 3417 5023 univer-

1874 5017 1986 5077 sam
2048 5020 2343 5090 concussit,
2396 5033 2457 5075 ut
2504 5024 2831 5090 complures,
2866 5022 2985 5072 licet
3023 5017 3326 5090 fortissimi,
3357 5032 3415 5071 se

1872 5088 2263 5161 subduxerint,_
2308 5098 2362 5143 et
2395 5087 2823 5161 quidem-inter
2850 5090 2982 5161 alios
3032 5087 3413 5161 sanctissimus

1776 5192 1783 5201 ε
1873 5161 2195 5231 Cyprianus,
2214 5159 2396 5215 divino
2413 5157 2574 5231 prope
2599 5160 2793 5231 Spiritu
2814 5157 3111 5231 impulsus,
3128 5157 3414 5231 Dionysius

1871 5228 2288 5294 Alexandrinus,
2316 5247 2379 5286 ac
2407 5228 2603 5286 Paulus
2633 5228 2853 5283 eremita
2880 5247 2893 5282 :
2937 5228 3030 5296 qui
3082 5228 3333 5295 deinceps
3357 5228 3410 5279 in

1872 5302 2145 5371 spelunca,
2170 5318 2331 5369 quam
2366 5313 2492 5358 tunc
2539 5300 2791 5369 temporis
2837 5307 3030 5371 nactus
3080 5306 3181 5371 est,
3233 5297 3415 5351 solita-

1872 5369 2007 5425 riam
2037 5371 2196 5423 vitam
2233 5389 2415 5441 agens,
2458 5372 2761 5437 exemplum
2800 5370 2923 5441 vita).
2944 5369 3254 5424 monasticae
3273 5380 3413 5441 pra:—

1872 5444 2025 5501 bens,
2062 5438 2355 5509 permansit
2378 5443 2443 5496 ad
2473 5456 2671 5494 annum
2704 5442 2880 5495 relatis
2910 5440 3030 5505 H3,
3053 5441 3145 5509 qui
3168 5448 3251 5494 est
3269 5438 3416 5491 Con-

1870 5512 2055 5633 ;tpzntii
2106 5513 2446 5583 imperatoris
2508 5511 2537 5562 7
2590 5511 2895 5567 inchoatus.
2950 5510 3215 5566 Baronius
3270 5518 3417 5563 anno

1907 5601 1940 5633 ἱ)
1979 5620 1994 5633 ο

1907 5601 1994 5635 Οἱ).

1941 5649 2050 5723 (11)
2111 5648 2341 5707 Cessavit
2396 5652 2718 5723 episcopatus
2768 5654 2876 5706 dies
2914 5653 2965 5706 6.
3013 5652 3165 5707 Ultra
3212 5661 3414 5705 annum

1872 5721 2051 5774 sedem
2085 5721 2430 5791 pontiﬁciam'
2461 5736 2702 5785 vacasse,
2732 5733 2943 5777 constat
2983 5740 3047 5777 ex
3082 5724 3148 5776 iis
3174 5733 3416 5791 quasu-

1872 5807 1965 5865 pra
2005 5788 2137 5856 dixi,
2166 5794 2341 5865 verbis
2357 5790 2645 5861 Postquam
2694 5791 2904 5858 loses;
2930 5860 2936 5864 _
2960 5809 3065 5865 qua
3085 5794 3152 5847 de
3179 5788 3236 5847 re
3262 5788 3428 5857 plura

1870 5863 2109 5919 dicemus
2131 5863 2299 5919 infra:
