4038 6352
652 448 757 515 179

1902 449 1964 506 s.
2000 412 2341 516 FABIANUS
2375 443 2585 499 PAPA.
2644 412 2649 416 ’

3741 430 3844 486 180

651 573 728 630 De
764 574 994 643 epistolis
1038 584 1088 629 et
1128 570 1589 629 constitutionibus
1631 569 1698 624 ad
1732 566 2029 623 Fabianum
2072 567 2198 621 atti-
2225 574 2270 629 Α
2299 580 2440 628 rum,
2471 563 2523 616 in
2570 560 2765 631 quibus
2808 556 3077 611 Fabianus
3123 561 3176 608 et
3218 539 3420 621 septem
3465 550 3842 611 subdiaconos.

1295 642 1554 696 nentibus.

721 759 773 813 1.
802 756 1080 829 Origenes,
1126 756 1362 811 Eusebio
1403 763 1539 809 teste
1566 756 1608 820 ’,
1640 751 1705 808 ad
1738 742 2035 807 Fabianum
2062 765 2199 819 apo-

581 834 584 837 V
646 848 930 916 logeticam
972 848 1189 918 scripsit
1229 847 1550 915 epistolam,
1589 859 1695 913 qua
1733 859 1790 898 se
1838 842 2199 896 orthodoxam

649 940 877 1009 probare
900 939 1189 994 nitebatur.
1214 936 1366 991 Hanc
1394 945 1586 989 notans
1615 933 1972 1004 Hieronymus
1996 934 2048 986 'z
2081 931 2200 1000 Ipse

652 1029 917 1099 Origenes,
948 1027 1143 1096 inquit,
1173 1027 1226 1079 in
1264 1021 1481 1095 epistola
1513 1042 1665 1094 quam
1694 1024 1875 1095 scribit
1899 1024 1967 1077 ad
2001 1020 2200 1075 Fabia-

648 1136 771 1173 num
799 1119 1047 1175 Romamn
1073 1119 1213 1171 urbis
1236 1119 1549 1187 episcopum,
1573 1117 1925 1187 paenitentiam
1951 1116 2079 1185 agit,
2105 1129 2199 1167 cur

649 1211 780 1263 talia
824 1210 915 1280 (ob
960 1225 1081 1279 qua:
1120 1209 1174 1277 in
1228 1208 1345 1277 ejus
1396 1208 1799 1263 damnationem
1862 1205 2035 1261 Roma
2093 1205 2196 1260 sub

645 1298 1315 1369 Pontianoconsenserat)
1356 1300 1643 1368 scripserit,
1680 1308 1729 1351 et
1773 1313 1959 1351 causas
1993 1297 2197 1349 temeri-

650 1390 775 1443 tatis
804 1388 1215 1443 in~Ambrosium
1245 1390 1419 1459 refert,
1452 1390 1588 1458 quod
1621 1398 1815 1442 secreto
1850 1387 1990 1441 edita
2020 1388 2071 1439 in
2101 1402 2197 1456 pu-

649 1480 839 1533 blicum
863 1479 1160 1548 protulerit.
1345 1511 1347 1514 ι
1870 1467 1873 1470 ⁴

717 1571 771 1626 2.
804 1573 1104 1643 Cyprianus
1132 1572 1289 1641 epist.
1319 1573 1399 1627 55'
1414 1574 1481 1626 ad
1518 1571 1831 1627 Cornelium
1870 1569 2047 1635 docet,
2078 1567 2197 1622 Pri-

649 1671 831 1717 vatum
857 1664 1295 1725 Lambesitanom
1328 1664 1640 1734 episcopum
1685 1664 1740 1716 in
1772 1663 1886 1732 ipsa
1920 1658 2197 1714 Lambesi-

630 1758 773 1811 ’tana
797 1758 1026 1821 colonia,
1056 1758 1125 1811 ob
1159 1759 1324 1812 multa
1357 1767 1408 1812 et
1444 1748 1625 1827 gravia
1656 1755 1870 1817 delicta,
1900 1753 2195 1819 nonaginta

647 1850 1037 1917 episcoporum.
1069 1850 1332 1903 sententia
1380 1848 1718 1909 damnatum,
1746 1842 1972 1896 Fabiani
2001 1853 2049 1896 et
2087 1840 2195 1894 Do-

2297 654 2636 725 qurtotidem
2668 649 2893 705 notariis
2923 648 2986 701 ad
3016 644 3405 700 conscribenda
3436 652 3731 712 martyrum
3756 657 3845 710 ge-

2297 757 2378 802 sta
2411 744 2772 807 imminerent,
2806 739 3152 794 constituisse
3200 734 3427 804 legitur,
3478 748 3652 801 neque
3682 733 3843 785 etiam

2293 852 2393 908 par
2420 837 2632 903 videtur
2659 833 3009 887 additamenti
3054 830 3215 900 hujus
3242 827 3555 908 auctoritas.
3579 824 3845 878 Praeterea

2295 907 2359 984 ex
2388 942 2476 994 eo,
2499 927 2642 997 quod
2670 924 2981 996 Gregorius,
3006 923 3073 978 ab
3100 921 3322 991 Eulogio
3348 907 3714 972 Alexandrino
3741 915 3848 983 epi—

2295 1033 2461 1087 scopo
2486 1025 2703 1087 rogatus
2732 1025 2788 1069 ut
2808 1031 2927 1085 quae
2950 1013 3215 1069 Eusebius
3238 1010 3527 1079 collegerat
3549 1015 3843 1075 martyrum

2295 1120 2441 1179 gesta
2483 1109 2547 1165 ad
2594 1123 2651 1163 se
2692 1108 3098 1171 transmitteret,
3134 1105 3226 1158 lib.
3260 1118 3379 1165 vm,
3420 1101 3576 1167 epist.
3616 1098 3721 1159 ‘29,
3756 1110 3844 1148 re-

2294 1198 2524 1271 spondet
2552 1217 2564 1252 ε
2597 1198 2764 1252 Nulla
2794 1199 2846 1251 in
2874 1198 3079 1251 arcltivo
3092 1196 3244 1264 hujus
3276 1204 3467 1248 nostra:
3494 1191 3741 1245 Ecclesia:
3770 1187 3849 1242 vel

2294 1292 2349 1345 in
2374 1292 2624 1346 Romana:
2648 1291 2791 1343 urbis
2818 1290 3135 1343 bibliothecis
3159 1305 3266 1342 esse
3293 1288 3524 1356 cognovi,
3544 1286 3653 1338 nisi
3675 1299 3852 1353 pauca
3902 1333 3906 1336 .

2290 1370 2534 1454 vqutcdam
2568 1385 2623 1438 in
2668 1384 2821 1437 unius
2856 1384 3049 1436 codicis
3086 1381 3343 1435 volumine
3380 1379 3629 1440 collecta;
3653 1378 3719 1431 de
3753 1391 3851 1431 ve-

2293 1475 2451 1529 ritate
2480 1483 2922 1545 gestorum,‘qute
2970 1482 3027 1526 ut
3065 1471 3248 1526 Roma:
3278 1473 3579 1540 conscripta
3619 1470 3855 1521 circum-

2294 1565 2564 1630 feruntur,
2603 1566 2847 1621 nonnulli
2883 1564 3148 1623 dubitaut.
3180 1562 3365 1617 Verbis
3388 1571 3571 1614 tamen
3599 1554 3849 1626 Gregorii

2294 1638 2536 1726 pressius
2584 1658 2940 1712 insistendum
2984 1670 3089 1709 non
3126 1664 3226 1709 est.
3258 1653 3340 1709 Eo
3379 1654 3519 1706 enim
3569 1650 3851 1718 antiquior

2294 1755 2348 1801 et
2387 1763 2567 1801 rerum
2606 1747 2988 1801 historicarum
3032 1748 3257 1817 peritior
3286 1745 3531 1800 Gelasius
3554 1744 3711 1811 epist.
3753 1740 3846 1802 55,

2294 1851 2349 1889 n.
2389 1835 2442 1900 6,
2468 1836 2708 1905 agnoscit
2735 1852 2797 1890 ac
2827 1836 3016 1907 recipit
3044 1845 3183 1905 gesta
3206 1844 3502 1889 sanctorum
3526 1842 3848 1898 martyrum,

647 1912 757 1994 nati
796 1912 984 1995 litteris
1028 1940 1345 1994 severissime
1391 1947 1627 1990 notatum
1679 1934 1860 2001 fuisse.
1914 1931 2069 1998 Quod
2117 1931 2193 1984 ita
2226 1927 2266 1987 Β
2293 1912 2391 1995 qui
2415 1928 2793 1996 multiplicibus
2829 1926 3202 1982 termentorum
3234 1926 3550 1980 cruciatibus
3594 1934 3641 1976 et
3672 1923 3847 1973 mira-

646 2028 873 2100 iutelligi
921 2038 1133 2098 potest,
1171 2036 1231 2081 ut
1264 2027 1537 2079 Fabianus
1584 2022 1945 2075 Lambesitani
1978 2016 2205 2075 concilii

647 2120 837 2175 litteris
886 2127 998 2173 tum
1047 2119 1112 2173 de
1159 2119 1352 2171 Privati
1384 2116 1592 2171 delictis
1637 2123 1690 2167 et
1731 2112 1940 2177 haeresi,
1976 2117 2088 2165 tum
2126 2111 2193 2164 de

589 2220 591 2223 ’
646 2204 909 2265 Sententia
954 2213 1007 2263 in
1055 2226 1178 2263 eum
1219 2210 1329 2262 lata
1360 2208 1553 2263 certior
1582 2206 1778 2271 factus,
1818 2204 1883 2257 ad
1917 2204 2191 2281 Privatum

569 2370 578 2375 ξ
648 2303 822 2369 ipsum
875 2300 1172 2369 scripserit,
1208 2315 1437 2367 eumque
1473 2299 1812 2353 severissime
1841 2298 2187 2362 corripuerit;

644 2393 745 2458 vel,
771 2392 915 2462 quod
952 2392 1286 2461 probabilius
1308 2391 1539 2452 videtur,
1572 2389 1635 2443 ad
1678 2390 1941 2458 synodum
1975 2405 2096 2458 quae
2126 2390 2189 2442 ad

646 2498 703 2537 se
750 2483 1038 2552 scripserat
1084 2463 1422 2543 rescribens,
1467 2480 1838 2549 gravissimam
1877 2469 2193 2533 hoichazrc-

647 2562 752 2629 tico
802 2583 986 2627 notam
1030 2572 1306 2627 inusserit.
1352 2569 1534 2640 Neque
1567 2580 1743 2624 tamen
1795 2570 2003 2639 quievit
2031 2570 2192 2624 versi-

646 2664 797 2732 pellis
841 2665 1004 2718 homo
1033 2682 1047 2730 ;
1080 2665 1172 2719 sed
1223 2672 1343 2732 post
1387 2647 1631 2727 Fabiani,
1669 2670 1727 2715 ut
1760 2662 2009 2732 colligere
2039 2672 2124 2716 est
2146 2661 2188 2727 ‘,

647 2763 895 2821 mortem,
925 2770 1017 2824 spe
1051 2756 1301 2829 inductus
1329 2753 1629 2824 decipiendi
1672 2754 1802 2808 cleri
1836 2754 1975 2823 ejus,
2004 2769 2190 2833 quem-

644 2845 764 2899 dam
793 2862 823 2899 e
864 2846 1115 2915 nequitiae
1155 2862 1268 2901 suae
1310 2846 1533 2903 cohorte
1582 2846 1919 2900 vexillarium
1962 2844 2186 2900 Romam

544 2946 549 2952 '
644 2938 809 3003 misit,
838 2938 927 3007 qui
956 2938 1095 3005 furto
1129 2947 1177 2995 et
1216 2938 1576 3005 fraudulenter
1604 2938 1805 2991 litteras
1837 2938 1981 3006 pacis
2006 2938 2189 2993 elicere

644 3039 865 3083 curaret.
922 3026 1092 3081 Simul
1139 3036 1192 3081 et
1238 3027 1539 3097 Cyprianus
1573 3025 1745 3081 eidem
1785 3028 1929 3082 clero
1969 3044 2203 3099 cavens,

564 3187 568 3190 _
640 3135 750 3171 rem
788 3119 1069 3171 sollicitam
1110 3118 1209 3186 ipsi
1251 3117 1551 3179 nuntiavit,
1603 3119 1705 3172 hoc
1752 3129 1835 3173 est
1869 3120 1952 3172 vel
1983 3121 2049 3174 de
2080 3138 2187 3191 qua

645 3206 911 3266 sollicitus,
958 3213 1074 3271 erat
1126 3206 1301 3258 clerus
1352 3203 1649 3268 Romanus,
1694 3206 1777 3259 vel
1828 3208 2026 3274 potius,
2063 3226 2183 3265 mea

644 3294 865 3371 quidem
896 3295 1178 3358 sententia,
1211 3295 1275 3350 de
1323 3310 1430 3363 qua
1477 3293 1740 3349 sollicitus
1778 3305 1896 3350 erat
1938 3298 2051 3366 ipse
2082 3300 2185 3371 Cy-

643 3385 884 3453 prianus,
918 3400 987 3439 ne
1014 3384 1258 3439 videlicet
1286 3383 1534 3439 Privatus
1576 3384 1836 3441 Romanis
1870 3388 2184 3456 imponeret.

644 3472 840 3529 Verum
888 3475 1296 3544 vigilantissimo
1344 3476 1489 3530 clero
1537 3477 1811 3546 imponere
1862 3494 1966 3531 non
2008 3460 2189 3533 “valuit

638 3559 872 3615 emissus
904 3577 935 3619 a
972 3560 1189 3615 Privato
1232 3562 1465 3630 perfidiae
1509 3579 1735 3621 consors
1778 3567 2023 3621 callidus.
2052 3567 2184 3621 Nam

637 3654 700 3704 et
735 3660 1023 3720 antequam
1071 3652 1321 3723 Cypriani
1362 3655 1414 3708 in
1462 3654 1659 3710 Urbem
1709 3658 1896 3719 littera:
1944 3660 2186 3728 pet-vini-

642 3748 781 3802 rent,
810 3756 898 3793 nec
924 3742 1039 3808 quis
1077 3751 1205 3794 esset
1248 3742 1425 3810 latuit,
1463 3763 1550 3801 nec
1578 3747 1796 3811 litteras
1825 3765 1954 3816 quas
1988 3750 2183 3804 volebat

640 3830 855 3895 accepit.

709 3922 761 3973 3.
795 3914 967 3977 Vet’ba
1012 3926 1110 3980 ista
1160 3928 1474 3986 Buchcriani
1507 3934 1749 4005 Calalogi
1790 3934 1855 3990 de
1888 3930 2125 3986 Fabiano
2167 3952 2178 3983 :

641 4010 744 4063 Hic
792 4015 1021 4082 regiones
1061 4017 1239 4073 divisit
1284 4023 1607 4082 diaconibus,
1647 4035 1693 4076 et
1736 4010 1923 4076 multas
1954 4023 2181 4090 fabricas

637 4118 727 4171 per
754 4107 1038 4158 cremcteria
1087 4108 1201 4174 ﬁeri
1237 4110 1418 4177 jussit,
1468 4113 1520 4164 in
1569 4112 1879 4168 Fossateusi
1923 4123 1976 4167 et
2016 4113 2181 4165 altero

637 4193 835 4262 reginae
875 4193 1168 4251 Succorum
1200 4201 1279 4253 sic
1308 4201 1619 4269 interpolata
1661 4204 1888 4272 legimus
1924 4219 1953 4253 :'
1978 4201 2077 4255 Hic
2103 4220 2182 4255 re-

635 4284 808 4351 giones
840 4285 1015 4337 divisit
1040 4288 1361 4354 diaconibus,
1388 4300 1437 4343 et
1470 4292 1589 4358 fecit
1618 4303 1809 4358 septem
1844 4294 2003 4362 (apud
2042 4291 2176 4346 Boil.

635 4372 748 4439 sex)
778 4371 1140 4436 subdiaconos,
1166 4379 1252 4444 qui
1272 4388 1461 4446 septem
1495 4384 1712 4434 notariis
1744 4385 2090 4446 imminerent,
2124 4393 2179 4434 ut

635 4473 782 4535 gesta
808 4474 1098 4533 martyrum
1126 4468 1346 4532 fideliter
1371 4472 1701 4541 colligerent;
1729 4490 1792 4527 ac
1815 4476 2003 4527 deinde
2028 4475 2181 4526 omit-

636 4556 786 4619 titur,
815 4562 863 4606 et
894 4555 1084 4607 multas
1131 4557 1356 4624 fabricas
1391 4578 1479 4629 per
1523 4566 1815 4616 ccemeteria
1848 4565 1961 4647 ﬁeri
1988 4565 2175 4631 jussit.
2210 4588 2254 4640 ι)

634 4643 870 4714 Tempus
923 4646 1103 4714 pacis,
1150 4662 1255 4714 qua
1306 4648 1543 4706 Ecclesia
1589 4653 1835 4727 Philippo
1885 4643 2179 4723 imperante

635 4738 933 4802 fruebatur,
966 4739 1143 4792 locum
1176 4737 1411 4794 Fabiano
1436 4743 1600 4809 dedit,
1651 4754 1709 4799 ut
1747 4746 1799 4798 in
1832 4744 2175 4806 coemetet‘iis,

635 4829 687 4881 in
726 4827 923 4898 quibus
963 4841 1262 4885 conventus
1292 4831 1565 4888 celebrare
1601 4850 1663 4889 ac
1696 4852 1847 4889 sacra
1892 4834 2067 4890 facere
2094 4851 2180 4888 so-

636 4920 812 4974 lebant
854 4922 1057 4988 fideles,
1092 4922 1325 4977 fabricas
1361 4923 1474 4975 fieri
1516 4924 1598 4976 vel
1638 4927 1819 4994 augeri
1847 4926 2177 4996 praeciperet.

636 5009 778 5064 Idem
808 5028 1023 5083 quoque
1067 5026 1295 5084 tempus,
1330 5024 1397 5075 ,ut
1440 5016 1723 5083 quemdam
1753 5020 1995 5088 regenda:
2021 5020 2180 5078 Urbis

635 5103 1055 5159 commodiorem
1114 5108 1359 5161 ordinem
1426 5105 1763 5171 institueret,
1812 5110 1858 5162 ei
1915 5111 2176 5179 permisit.

634 5194 900 5259 Quocirca
936 5212 1058 5250 cum
1090 5198 1409 5253 Bucheriani
1447 5197 1673 5267 catalogi
1710 5198 1762 5251 in
1800 5200 2010 5256 Liberio
2037 5202 2180 5257 desic

636 5284 813 5338 uentis
845 5286 1159 5353 antiquitas,
1188 5300 1299 5344 tum
1342 5292 1457 5360 ipsa
1487 5291 1737 5358 temporis
1778 5294 1913 5346 ratio
1944 5294 1995 5348 id
2022 5294 2178 5348 nobis

540 5388 541 5391 ‘
635 5376 793 5431 facile
819 5376 1329 5449 persuadent,'quod
1353 5384 1407 5437 in
1430 5398 1495 5437 eo
1518 5383 1759 5450 catalogo
1784 5384 1847 5437 de
1873 5386 2177 5455 regionibus

635 5469 970 5536 singulorum
1009 5469 1359 5527 diaconorum
1393 5491 1536 5530 cura:
1563 5476 1866 5529 commissis
1896 5492 1957 5531 ac
1996 5478 2177 5532 multis

632 5560 853 5617 fabricis
888 5558 1106 5616 Fabiani
1129 5562 1283 5629 jussu
1314 5570 1635 5622 constructis
1665 5567 1934 5625 scribitur.

704 5655 754 5709 4.
785 5654 887 5707 Sed
918 5655 1042 5722 quia
1073 5669 1169 5723 par
1200 5672 1303 5708 non
1343 5668 1423 5712 est
1460 5661 1751 5729 antiquitas
1797 5673 1982 5712 eorum
2013 5661 2175 5714 libro-

706 5848 955 5906 ’Euscb.
1009 5849 1101 5905 lib.
1133 5866 1201 5915 v1,
1259 5866 1302 5904 c.
1357 5854 1443 5907 9.6.
1567 5857 1750 5913 'llier.
1803 5857 1958 5918 epist.
1999 5856 2066 5911 65
2113 5856 2175 5909 ad

2294 2015 2484 2071 bilibus
2531 2018 2913 2086 confessionum
2980 2017 3251 2085 triumphis
3302 2015 3586 2068 irradiaut.
3640 2009 3847 2065 Verum

2292 2110 2385 2164 ubi
2433 2108 2764 2179 additidem
2811 2108 2946 2179 papa
2996 2127 3008 2162 :
3057 2107 3181 2161 Ideo
3231 2109 3510 2161 secundum
3567 2104 3848 2172 antiquam

2291 2199 2712 2253 consuetudinem
2742 2198 3002 2268 singulari
3032 2197 3235 2251 cautela
3282 2197 3335 2249 in
3380 2205 3561 2249 sancta
3602 2193 3849 2246 Romana

2292 2292 2528 2347 Ecclesia
2571 2306 2671 2345 non
2716 2292 2981 2361 leguntur,
3012 2294 3137 2362 quia
3183 2301 3230 2344 et
3279 2306 3455 2344 eorum
3488 2291 3575 2357 qui
3609 2287 3850 2340 conscri-

2289 2399 2433 2452 psere
2472 2386 2681 2438 nomina
2726 2384 2929 2453 penitus
2980 2377 3307 2453 ignorantur,
3356 2380 3594 2450 praedicti
3625 2378 3850 2434 addita-

2290 2478 2455 2533 menti
2488 2477 2648 2533 fidem
2686 2479 2912 2531 multum
2948 2476 3235 2529 imminuit.
3266 2472 3408 2528 Nihil
3438 2474 3633 2543 quippe
3656 2472 3726 2527 ad
3753 2486 3851 2541 ge.-

2291 2576 2495 2621 storum
2528 2568 2740 2623 illorum
2764 2568 3044 2621 αὐθεντίαν
3070 2567 3306 2622 defuisse
3329 2549 3616 2629 videretur,
3649 2565 3696 2619 si
3734 2562 3849 2617 Ro-

2289 2660 2435 2712 mani
2461 2661 2729 2727 pontificis
2752 2661 3068 2715 auctoritate
3088 2675 3118 2712 a
3145 2668 3346 2728 septem
3374 2658 3618 2721 notariis,
3640 2655 3852 2725 quibus

2289 2752 2560 2820 praepositi
2609 2751 2837 2807 fuissent
2874 2752 3093 2805 totidem
3138 2750 3450 2806 subdiaconi
3477 2792 3491 2815 ,
3531 2748 3849 2815 conscripta

2287 2850 2491 2895 essent.
2529 2841 2597 2896 Ut
2638 2852 2697 2896 ut
2743 2851 2858 2907 est,
2911 2840 3174 2896 Eusebius
3215 2842 3306 2895 lib.
3347 2860 3396 2896 vr
3444 2841 3613 2905 Hist,
3648 2856 3699 2893 c.
3748 2839 3846 2900 43,

2276 2931 2447 2986 "ﬁdem
2500 2929 2648 2998 facit,
2700 2932 2800 2986 sub
2852 2926 3072 2985 Fabiani
3121 2949 3434 2988 successore
3479 2932 3732 2987 Cornelio
3789 2930 3847 2983 in

2288 3022 2531 3078 Romana
2569 3022 2804 3078 Ecclesia
2836 3032 3036 3092 septem
3070 3024 3329 3079 diaconos
3353 3026 3684 3093 totidemque
3716 3022 3850 3076 sub-

2286 3117 2546 3175 diaconos
2576 3114 2846 3170 exstitisse
2876 3134 2889 3170 :
2922 3131 2983 3169 ac
3018 3117 3293 3185 probabile
3331 3128 3412 3172 est
3442 3117 3745 3171 Fabianum
3779 3130 3850 3168 eo

2289 3204 2406 3273 ipso
2437 3214 2694 3275 tempore,
2730 3198 2839 3274 quo
2870 3205 3095 3275 singulis
3124 3208 3362 3261 diaconis
3404 3208 3571 3262 ollicia
3607 3206 3851 3275 partitus

2286 3302 2389 3358 est,
2426 3310 2523 3348 sua
2565 3294 2729 3348 etiam
2772 3288 3137 3359 sobdiaeonis,
3169 3298 3369 3364 qumvis
3413 3298 3499 3350 illa
3532 3296 3660 3359 sint,
3701 3294 3856 3347 assi-

2287 3401 2494 3465 gnasse.
2531 3384 2682 3442 Tunc
2704 3402 2832 3441 vero
2866 3385 3037 3438 Roma
3070 3386 3123 3438 iu
3153 3389 3556 3455 quatuor-decim
3587 3386 3851 3454 regiones

2252 3479 2657 3546 ,dividebatur;
2693 3496 2758 3534 ex
2782 3495 2889 3549 quo
2916 3480 3179 3547 sequitur,
3226 3489 3284 3531 ut
3325 3481 3550 3550 singulis
3591 3479 3853 3537 diaconis

2286 3568 2404 3622 dum
2433 3572 2698 3625 attributa:
2735 3565 2967 3634 fuerint,
2998 3587 3105 3639 quo
3138 3569 3348 3626 facilius
3385 3578 3643 3641 paupe.‘~_s
3672 3586 3853 3641 quos-

2286 3675 2391 3729 que
2416 3660 2751 3730 dignoscere,
2785 3664 2970 3731 eisque
2998 3662 3283 3733 subvenire
3312 3673 3548 3730 possent.

2354 3747 2431 3803 De
2460 3751 2583 3803 aliis
2613 3753 2847 3818 epistolis
2882 3771 2942 3805 ac
2973 3754 3189 3806 decretis
3221 3750 3458 3805 Fabiano
3494 3754 3771 3820 ascriptis.

2355 3838 2668 3896 Lvlsidorus
2699 3842 2963 3898 Mercator
3003 3845 3173 3898 tribus
3208 3844 3449 3911 epistolis
3484 3843 3709 3897 Fabiani
3747 3863 3853 3900 no-

2285 3931 2429 3983 mine
2454 3935 2721 3997 centlctis,
2753 3936 2990 4005 ideoque
3009 3938 3171 3990 alium
3196 3936 3247 3989 in
3279 3946 3479 3989 tomum
3505 3938 3853 4005 rejiciendis,

2284 4021 2653 4077 collectionem
2693 4041 2846 4081 suam
2872 4030 3038 4083 auxit.
3080 4028 3157 4082 Ex
3195 4044 3298 4082 una
3340 4029 3547 4101 illarum
3579 4046 3644 4083 ea
3683 4030 3855 4085 ﬂuxit

2285 4112 2487 4179 opinio,
2522 4128 2628 4183 qua
2657 4112 2945 4186 Fabianus,
2973 4131 3027 4173 ut
3055 4121 3292 4174 chrisma
3332 4136 3424 4189 per
3456 4121 3703 4190 singulos
3748 4138 3855 4175 an-

2284 4218 2404 4269 nos,
2432 4214 2611 4259 vetcre
2640 4205 2886 4273 incenso,
2914 4210 2967 4263 in
2994 4213 3161 4266 Coena
3198 4213 3409 4266 Domini
3452 4216 3851 4277 conficeretur,

2283 4294 2630 4351 constituisse
2661 4297 2917 4350 creditur.
2941 4298 3204 4363 Quocirca
3228 4305 3327 4357 levi
3355 4319 3483 4357 sane
3506 4319 3567 4355 ac
3591 4304 3851 4357 sublesta

2284 4385 2602 4439 auctoritate
2646 4385 2832 4438 nititur
2870 4386 3181 4454 bujusmodi
3228 4393 3431 4460 opinio.
3461 4392 3609 4445 Illam
3652 4405 3850 4446 autem

2282 4475 2614 4543 expendendi
2658 4478 2831 4545 aptior
2870 4477 3082 4532 dabitur
3116 4484 3350 4545 occasio,
3384 4483 3473 4534 ubi
3504 4498 3599 4541 ea,
3640 4483 3696 4549 iu
3732 4501 3852 4551 qua

2283 4562 2424 4617 istud
2450 4566 2644 4629 asserit
2670 4565 2923 4630 Isidorus,
2950 4567 3171 4633 cpistola
3201 4573 3407 4625 edctur.

2350 4651 2403 4704 2.
2439 4652 2699 4709 Praeterea
2733 4655 2904 4708 eidem
2947 4670 3095 4724 papa:
3122 4658 3175 4710 in
3205 4660 3530 4713 editiouibus
3560 4658 3854 4715 Concilio—

2283 4755 2401 4795 rum
2435 4742 2618 4798 decem
2660 4747 3025 4800 attribuuntur
3064 4747 3274 4800 decreta
3303 4762 3332 4801 c
3375 4748 3634 4801 Gratiano
3666 4758 3725 4802 et
3769 4751 3855 4803 al-

2285 4842 2398 4885 tera
2445 4836 2819 4902 compilatione
2868 4839 3107 4902 collecta,
3144 4838 3234 4890 sed
3279 4853 3451 4906 neque
3498 4837 3692 4904 majori
3741 4839 3857 4894 fide

2284 4919 2465 4987 digna.
2500 4919 2565 4975 Et
2593 4923 2783 4979 horum
2826 4927 3045 4994 quidem
3092 4928 3322 4992 primum
3364 4928 3441 4978 sic
3468 4929 3799 4983 enuntiatur
3834 4947 3848 4981 :

2286 5008 2343 5064 Si
2375 5014 2488 5081 quis
2524 5018 2861 5070 contristatus
2902 5018 3122 5070 noluerit
3156 5018 3481 5070 reconciliari
3513 5020 3669 5086 fratri
3720 5038 3851 5090 suo,

2282 5105 2637 5171 satisfaciente
2678 5125 2736 5161 eo
2770 5114 2858 5177 qui
2904 5112 3257 5172 contristabit,
3298 5113 3562 5163 acerrimis
3604 5128 3857 5168 macere-

2285 5200 2367 5244 tur
2428 5193 2651 5263 inediis,
2695 5203 2979 5268 usquedum
3023 5202 3257 5269 gratanti
3298 5204 3471 5253 animo
3505 5202 3858 5267 satisfactio-

2282 5298 2397 5336 nem
2431 5286 2659 5352 recipiat.
2686 5287 2867 5357 Neqne
2900 5291 2953 5343 id
2981 5307 3009 5343 a
3042 5291 3301 5344 Gratiano
3333 5302 3537 5364 tantum
3572 5292 3706 5345 dist.
3751 5295 3852 5364 90,

2282 5389 2331 5428 c.
2366 5373 2451 5437 i0,
2485 5378 2574 5429 sed
2606 5388 2658 5430 et
2688 5380 2754 5433 ab
2782 5380 2940 5434 lvonc
2973 5399 3085 5450 par.
3117 5384 3199 5447 i3,
3235 5398 3282 5435 c.
3315 5383 3400 5448 60,
3434 5391 3485 5434 ct
3516 5381 3855 5443 Burchardo

2281 5466 2354 5519 lib
2400 5482 2451 5528 Χ,
2477 5468 2639 5533 c.59,
2674 5473 2856 5525 eodem
2892 5476 3104 5527 nomine
3132 5475 3398 5527 laudatur.
3425 5471 3619 5525 Verum
3650 5478 3851 5539 priora

2281 5560 2398 5628 ejus
2427 5562 2585 5613 verba
2610 5579 2860 5629 expressa
2888 5578 3009 5619 sunt
3034 5581 3098 5618 ex
3130 5564 3309 5617 Basilii
3344 5562 3560 5630 Regula,
3594 5566 3645 5616 in
3674 5571 3854 5637 cujus

2281 5653 2453 5719 capite
2488 5651 2551 5703 Ἡ
2586 5652 2683 5706 ista
2714 5671 2778 5707 ex
2814 5656 3245 5724 interpretatione
3278 5652 3454 5705 Ruﬁni
3482 5660 3855 5721 prmmittitur

2287 5855 2590 5909 Pammach.
2622 5868 2672 5910 ct
2694 5857 2915 5924 0cean.,
2941 5875 2988 5911 c.
3026 5858 3067 5909 l.
3180 5858 3195 5886 "
3224 5854 3379 5924 Cypra
3410 5857 3459 5908 in
3488 5857 3590 5911 line
3622 5873 3715 5927 ep.
3746 5860 3847 5917 ω.
