4038 6352
186 424 270 480 181

1602 436 1900 491 NOTITIA.

3259 431 3363 488 182

185 545 432 614 quastio:
469 542 610 609 Quid
638 548 683 600 si
720 549 1089 629 satisfaciente
1133 568 1191 604 eo
1236 555 1324 619 qui
1369 558 1716 621 contristavit,
1746 566 1818 618 Α,
1989 553 2280 609 Gratianus
2321 567 2482 618 xxxv,
2531 561 2719 622 quast.
2762 550 2796 603 2
2826 541 2878 604 et
2913 550 2979 616 3,
3014 552 3074 604 c.’
3098 549 3168 614 5,
3208 558 3266 602 ιιι
3293 554 3356 603 ex
3423 572 3427 577 ~

186 636 389 690 noluerit
422 637 750 690 reconciliari
781 639 825 692 is
867 641 954 709 qui
989 644 1328 697 contristatus
1369 646 1485 698 est?
1508 644 1582 697 Ex
1617 648 1718 701 alia

185 736 345 779 autem
378 726 606 797 Regula,
637 730 716 781 vel
743 728 808 782 ad
842 729 1194 786 imitationem
1228 733 1443 804 Regula:
1469 737 1714 806 alicujus,

184 815 496 871 architectus
537 817 738 871 decreti
789 820 949 888 hujus
995 825 1285 891 proposita:
1322 827 1603 894 quaestioni
1633 843 1718 882 re-

182 906 510 971 sponsionem
545 909 610 960 de
642 923 741 990 suo
781 907 1122 978 subjecit.'ln
1168 914 1444 969 Pachomii
1495 917 1715 986 Regula,

183 1010 290 1063 cap.
316 996 403 1058 18,
431 997 694 1064 legimus:
730 999 792 1054 Si
835 1002 950 1070 quis
1002 1003 1284 1059 iracundus
1329 1008 1406 1063 vel
1443 1009 1734 1085 tristitiam‘

181 1085 248 1137 cel
277 1086 525 1137 invidiam
553 1096 684 1140 tenet
712 1099 892 1142 contra
913 1093 1211 1159 proximum
1236 1110 1408 1160 suum,
1434 1101 1489 1148 ut
1518 1107 1714 1163 tempus

182 1178 385 1228 tenuerit
408 1217 434 1241 ,_
459 1180 533 1232 ita
581 1181 681 1232 erit
722 1183 1022 1249 paenitentia
1048 1185 1190 1252 ejus,
1238 1187 1289 1237 in
1319 1202 1450 1254 pane
1477 1197 1524 1241 et
1554 1205 1710 1256 aqua.

105 1275 108 1278 ’
179 1267 265 1321 Cui
294 1267 504 1340 Regula:
533 1272 687 1327 aliine
713 1284 795 1328 cst
836 1273 1132 1343 decretum,
1176 1281 1319 1348 (ιοοά
1355 1281 1444 1336 Ivo
1477 1282 1711 1351 νειμ-15,

181 1373 223 1411 c.
258 1358 336 1423 16,
388 1370 602 1416 rursum
652 1365 796 1418 velut
829 1381 895 1418 ex
930 1367 1168 1423 Fabiano
1202 1381 1389 1425 nostro
1433 1352 1563 1426 citat
1603 1392 1614 1426 :
1653 1373 1712 1426 Si

180 1450 280 1516 quis
327 1452 568 1517 noncult
599 1456 928 1510 reconciliari
955 1459 1112 1526 fratri
1157 1477 1251 1513 suo
1297 1477 1446 1530 quem
1472 1463 1592 1516 odio
1619 1464 1714 1516 ha-

180 1539 267 1604 bet,
298 1543 480 1594 tandiu
511 1545 562 1594 in
587 1560 718 1612 pane
744 1554 793 1599 et
819 1563 955 1618 aqua
987 1551 1231 1616 pteniteat
1249 1590 1264 1616 ,
1291 1552 1576 1621 usquedum
1625 1571 1712 1607 re-

179 1632 471 1684 concilietur
498 1635 566 1687 ei.

237 1722 285 1774 3.
328 1724 588 1787 Alterum,
622 1726 914 1782 secundum
942 1729 1257 1787 Gratianum
1292 1749 1374 1796 vr,
1398 1744 1588 1802 quaest.
1621 1722 1707 1802 ll,

165 1812 315 1880 ,c.l8,
331 1824 383 1867 et
409 1815 622 1869 Ivmiem
654 1819 940 1885 par.l2,c.
967 1820 1055 1887 65,
1089 1821 1141 1876 1η
1177 1825 1319 1878 hunc
1335 1826 1554 1880 modum
1584 1844 1710 1897 pro-

1819 645 2055 700 Fabiano
2082 645 2337 700 exscribit
2380 644 2508 698 illud
2538 660 2550 696 :
2582 644 2657 697 De
2683 645 2998 714 propinquis,
3029 644 3116 712 qui
3151 640 3218 693 ad
3250 641 3364 713 alii;
3401 677 3404 680 ~

1818 741 2035 790 nitatem
2055 752 2146 805 per
2170 737 2337 791 virum
2357 746 2403 789 et
2430 751 2638 788 uxorem
2669 739 2894 799 veniunt,
2925 737 3170 801 defuncta
3197 750 3356 787 uxore

1816 826 1892 879 vel
1936 827 2076 891 viro,
2128 827 2182 878 in
2237 812 2790 895 quintalgeneratione
2843 827 3251 895 conjungantur;
3302 826 3354 876 in

1814 928 2022 986 quarta,
2053 918 2098 970 si
2128 918 2322 970 inventi
2366 919 2577 986 fuerint,
2615 934 2716 971 non
2743 930 3062 986 separentur.
3093 913 3157 969 In
3198 915 3353 967 tertia
3399 927 3425 966 ς

1816 1017 1992 1060 tamen
2011 1010 2397 1078 propinquitate
2433 1026 2532 1063 non
2569 1010 2687 1062 licet
2719 1024 2931 1061 uxorem
2959 1003 3182 1072 alterius
3213 1005 3350 1057 acci-

1815 1113 1933 1165 pere
1977 1108 2091 1166 post
2135 1082 2331 1167 obitum
2376 1101 2507 1168 ejus.
2537 1099 2836 1170 [Equalitcr
2887 1100 2963 1152 vir
3009 1098 3350 1166 conjungatur
3399 1132 3402 1135 ι

1814 1188 1867 1240 in
1912 1187 2240 1239 matrimonio
2283 1191 2355 1242 eis
2393 1205 2513 1258 quas
2544 1190 2644 1242 sibi
2689 1190 3079 1258 consanguineae
3127 1199 3267 1252 sunt,
3296 1194 3347 1240 et
3414 1237 3419 1243 .

1813 1277 1991 1328 uxoris
2020 1291 2130 1330 sua:
2157 1279 2551 1347 consanguineis
2581 1269 2702 1348 post.
2741 1289 2953 1332 mortem
2998 1296 3107 1345 sua;
3149 1277 3347 1333 uxoris;
3430 1320 3433 1322 -

1817 1365 2008 1420 Verum
2032 1368 2327 1426 novissimi
2349 1367 2592 1431 Gratiani
2625 1372 2854 1426 editores
2882 1385 2911 1424 e
2937 1368 3201 1438 Theodori
3234 1368 3349 1422 Pat—

1787 1460 2070 1518 ,nitcntiali
2115 1468 2424 1528 excerptum
2480 1461 2694 1516 docent.
2756 1462 2889 1521 Illud
2943 1461 3119 1526 reipsa
3170 1462 3226 1515 in
3285 1476 3345 1516 ea

1813 1547 2192 1604 Paenitentialis
2225 1549 2490 1626 Theodori
2520 1562 2688 1622 parte,
2724 1568 2883 1622 quam
2913 1551 3218 1607 Coislianus
3253 1566 3370 1612 co-_

1808 1637 1904 1692 dex
1929 1655 1958 1693 a
2001 1639 2102 1692 700
2133 1643 2287 1694 annis
2319 1652 2567 1695 exaratos
2603 1657 2868 1707 asscrvat,
2905 1637 3222 1712 reperimus
3247 1627 3348 1696 sub

1810 1731 1965 1784 titulo
1993 1730 2066 1783 De
2096 1733 2461 1799 quwstionibus
2489 1733 2862 1800 conjugiorum.
2892 1730 3072 1801 Neque
3086 1747 3213 1788 vero
3243 1723 3344 1788 sibi

1809 1828 2020 1873 constat
2041 1819 2348 1887 Gratianus,
2382 1807 2574 1889 quippe
2602 1821 2690 1889 qui
2727 1820 2853 1873 ibid.
2874 1835 2921 1874 c.
2939 1805 3055 1885 .13,
3091 1837 3196 1875 una
3220 1837 3342 1876 cum

187 1902 330 1956 fertur
351 1920 363 1955 :
384 1904 690 1976 Quicunque
723 1909 890 1963 sciens
928 1929 980 1965 se
1011 1913 1314 1982 pejeraverit
1353 1919 1699 1987 quadraginta

1806 1908 1964 1963 lvone
1997 1925 2111 1977 par.
2147 1910 2198 1974 9,
2235 1927 2350 1978 cap.
2395 1911 2495 1973 45,
2522 1921 2573 1964 et
2608 1910 2913 1964 Ilurchardo
2954 1910 3045 1965 lib.
3074 1928 3178 1977 vn,
3209 1927 3258 1966 c.
3291 1909 3376 1976 7,-
3430 1924 3435 1928 '

189 1995 280 2046 dies
292 1989 334 2047 in
349 2013 480 2063 pane
491 2005 539 2049 et
558 2008 767 2067 aqua,et
780 2014 971 2070 septem
989 2016 1248 2076 sequentes
1269 2024 1430 2074 annos
1439 2012 1703 2075 poeniteat;

185 2098 225 2138 et
249 2104 496 2156 nunquam
524 2090 596 2142 sit
620 2093 727 2145 sine
754 2096 1077 2163 paenitentia,
1106 2110 1154 2152 et
1188 2106 1451 2170 nunquam
1477 2102 1532 2155 in
1561 2103 1706 2154 testi-

183 2180 385 2230 monium
428 2181 754 2248 recipiatur;
812 2189 1221 2243 communionem
1273 2203 1444 2245 tamen
1491 2194 1723 2261 posthac--

179 2269 390 2337 recipiat.
421 2271 525 2326 Cui
569 2289 675 2328 non
717 2277 962 2333 absimile
991 2285 1073 2334 e'st
1108 2281 1258 2345 illud,
1302 2284 1445 2353 quod
1495 2283 1693 2340 Gratia-

177 2376 266 2414 nus
294 2377 424 2426 xxn,
456 2366 733 2432 qumst.'5,
763 2382 810 2421 c.
842 2369 896 2432 4,
932 2369 1168 2436 Gelasio,
1201 2372 1290 2427 Ivo
1327 2383 1504 2429 autem
1533 2391 1583 2443 p.
1613 2376 1707 2436 l2.

175 2467 217 2503 c.
248 2452 326 2517 66,
357 2461 412 2505 ut
455 2462 509 2506 et
554 2455 859 2518 Anselmus,
893 2456 1221 2528 Polycarpus
1270 2477 1333 2515 ac
1361 2460 1701 2519 Burcbardus

175 2541 365 2613 Pelagio
397 2545 698 2599 attribuunt
729 2566 741 2600 :
775 2547 833 2601 Si
870 2551 985 2618 quis
1016 2567 1068 2602 se
1095 2552 1458 2620 perjuraverit,
1489 2565 1536 2606 et
1568 2555 1700 2608 alios

173 2636 319 2687 sciens
339 2636 389 2688 in
411 2638 698 2705 perjurium
721 2639 952 2706 duxerit,
995 2643 1341 2712 quadraginta
1366 2646 1474 2698 dies
1500 2647 1554 2698 in
1570 2663 1701 2714 pune

170 2737 211 2778 et
226 2738 621 2794 aqua,etseptem
644 2723 904 2801 sequentes
920 2748 1082 2785 annos
1105 2733 1418 2800 pwnitcat,et
1439 2754 1699 2806 nunquam

171 2818 232 2868 sit
261 2819 363 2871 sine
376 2821 691 2885 paenitentia.
719 2821 783 2876 Et
810 2823 968 2875 aliisi
994 2824 1187 2877 conscii
1208 2821 1435 2895 fuerunt,
1461 2831 1700 2881 similiter

169 2910 450 2975 penitennt.
477 2910 647 2984 Porro
675 2915 787 2968 haec
833 2914 940 2969 duo
970 2917 1180 2971 decreta
1229 2933 1294 2972 ex
1326 2918 1510 2972 eodem
1558 2918 1700 2971 fonte

171 2999 322 3052 liuere
362 2997 643 3071 nouit-vis
691 3006 929 3074 suspicio
961 3017 1063 3062 est.
1098 3006 1267 3073 Quem
1318 3023 1445 3062 vero
1499 3008 1696 3062 fontem

170 3088 630 3158 illum‘opinemur,
666 3095 768 3148 nisi
795 3093 1068 3150 Theodori
1088 3097 1489 3152 Cantuaricnsis
1521 3097 1696 3151 Pteni-

171 3181 384 3247 tentiale,
409 3197 472 3236 ex
499 3200 608 3253 quo
638 3195 691 3238 et
722 3186 860 3253 apud
886 3185 1252 3242 Burcbardum
1282 3191 1371 3244 lib.
1402 3205 1500 3256 xu,
1535 3206 1582 3245 c.
1611 3190 1694 3254 11,

169 3279 216 3320 et
239 3271 367 3337 apud
390 3273 604 3327 Ivonem
628 3290 681 3341 p.
707 3274 792 3338 12,
818 3293 867 3330 ι.
887 3275 974 3339 68,
1011 3277 1060 3329 id
1085 3281 1357 3349 conceptis
1376 3282 1551 3336 verbis
1578 3283 1678 3334 lau-

166 3357 335 3411 datum
350 3361 606 3430 legimus:
637 3360 693 3414 Si
723 3364 838 3431 quis
865 3366 1160 3432 suspicatur
1175 3369 1310 3434 quod
1327 3370 1394 3422 ad
1407 3371 1694 3437 perjurium

166 3447 395 3514 ducatur,
410 3461 454 3501 et
483 3458 655 3504 tamen
683 3469 745 3506 ea:
771 3469 1018 3507 consensu
1030 3455 1563 3527 jurat,quadraginta
1585 3459 1694 3510 dies

165 3539 413 3602 paeniteat,
447 3551 493 3592 et
520 3533 785 3612 nunquam
815 3544 883 3596 sit
910 3545 1020 3598 sine
1048 3547 1190 3613 gravi
1219 3547 1558 3614 paenitentia?
1583 3550 1696 3602 Inw

166 3636 215 3677 ει
259 3628 328 3688 id.
357 3633 491 3698 quod
522 3648 687 3702 supra
734 3632 955 3688 Fabiani
1008 3639 1225 3691 nomine
1275 3622 1520 3700 refertur,
1554 3639 1692 3707 apud

107 3752 110 3755 -
167 3715 472 3789 Reginonem
499 3724 592 3778 lib.
624 3742 684 3790 ιι,
737 3741 787 3780 c.
827 3727 972 3791 '5'24,
1011 3737 1067 3782 ut
1111 3745 1174 3782 ex
1232 3729 1610 3795 Pmnitentiali,
1642 3743 1694 3787 et

167 3812 292 3879 apud
321 3810 432 3869 lac.
465 3814 695 3871 Petitum
722 3828 854 3873 tom.
883 3818 925 3886 l,
955 3836 1077 3890 pag.
1117 3821 1204 3886 72,
1247 3831 1303 3875 ut
1333 3837 1397 3875 cx
1439 3822 1693 3876 Theodori

172 3900 506 3958 Panitentiali
553 3907 633 3962 sic
675 3909 1016 3964 decurtatum
1077 3912 1272 3980 legitur
1323 3929 1334 3963 :
1391 3911 1693 3982 Quicunque

167 3997 315 4049 sciens
353 3999 714 4067 perjuraverit,
744 4012 934 4067 septem
981 4021 1142 4057 annos
1174 4007 1438 4074 paeniteat,
1471 4015 1518 4058 et
1545 4015 1691 4075 post-

168 4084 253 4138 hac
297 4091 700 4142 communionem
745 4092 992 4158 accipiat.
1042 4092 1103 4145 Ei
1150 4102 1326 4147 autem
1380 4097 1557 4163 parti,
1585 4109 1690 4161 qua

169 4177 393 4245 pcrjurus
418 4196 696 4250 nunquam
728 4182 780 4234 in
807 4185 1170 4239 testimonium
1194 4186 1533 4255 recipiendus
1556 4200 1690 4253 pra:—

167 4269 374 4335 cipitur,
427 4271 774 4327 consentiunt
832 4271 1228 4330 Matisconense
1279 4292 1295 4329 ι
1357 4276 1686 4338 concilium,

168 4373 270 4413 can.
309 4362 388 4429 17,
424 4371 478 4418 et
522 4363 817 4431 capitulare
868 4365 1046 4419 Caroli
1084 4366 1257 4436 Magni
1304 4381 1420 4434 cap.
1454 4367 1520 4419 39
1549 4367 1687 4434 apud

168 4447 324 4503 Baluz.
354 4468 471 4522 pag.
502 4452 627 4515 518,
655 4469 762 4521 quo
784 4464 1004 4509 cavetur
1031 4479 1042 4510 ;
1079 4456 1181 4520 Qui
1211 4456 1364 4509 semel
1391 4456 1686 4524 perjuratus

1807 2008 2128 2068 postremam
2159 2001 2355 2054 decreti
2391 2002 2550 2070 hujus
2591 2011 2791 2069 partem
2824 2000 2965 2056 Julio
2996 2017 3144 2070 papae
3174 2004 3342 2057 ascri-

1805 2090 1900 2143 bit.
1937 2090 2010 2144 De
2043 2091 2142 2144 hac
2171 2101 2349 2144 autem
2378 2091 2837 2156 matrimoniot'um
2862 2092 3000 2157 circa
3027 2089 3344 2161 aliines'lege

1805 2197 1931 2234 ann.
1977 2180 2130 2244 1216,
2178 2182 2230 2236 in
2265 2181 2490 2234 concilio
2533 2181 2766 2250 generali
2799 2167 3166 2245 Lateranensi,
3196 2182 3341 2250 quod

1806 2271 2010 2327 Decrct.
2043 2272 2280 2342 Gregorii
2309 2271 2397 2338 IX,
2427 2273 2518 2327 lib.
2547 2289 2618 2336 ιν,
2660 2273 2739 2327 tit.
2777 2274 2840 2328 M
2861 2314 2875 2339 ,
2907 2289 2955 2327 c.
2991 2273 3056 2336 8,
3093 2273 3339 2340 refertur,

1803 2365 2112 2434 derogatum
2146 2365 2261 2418 fuit.
2981 2439 2983 2441 ι
3255 2426 3258 2430 _

1870 2456 1925 2510 6.
1954 2457 2222 2524 Sttpcriori
2249 2457 2463 2510 decreto
2486 2456 3012 2523 Gratianussubjicit
3033 2455 3171 2509 istud
3200 2455 3341 2508 velut

1803 2548 1867 2602 ad
1905 2545 2152 2600 eumdem
2197 2546 2490 2600 Fabianum
2531 2548 2802 2615 pertinens
2834 2547 2981 2610 :Qui
3002 2547 3343 2616 propinquam

1801 2635 2070 2704 sanguinis
2113 2653 2326 2690 uxorem
2348 2637 2559 2691 durant
2585 2647 2631 2691 et
2660 2647 2992 2705 separantur,
3027 2653 3126 2690 non
3169 2636 3340 2690 licebit

1799 2728 1892 2790 cis,
1920 2727 2150 2795 quandiu
2185 2709 2388 2796 utrique
2410 2730 2601 2791 vivunt,
2629 2727 2764 2777 alias
2794 2742 2978 2781 uxores
3006 2728 3107 2783 sibi
3132 2729 3184 2782 in
3215 2745 3338 2781 con-

1791 2819 1944 2886 jugio
1995 2819 2191 2870 sociare
2221 2858 2237 2881 ,
2299 2819 2402 2869 nisi
2457 2819 2752 2886 ignorantia
2813 2825 3139 2872 excusentur.
3189 2817 3339 2873 Unde

1799 2908 2061 2976 cciijicere
2099 2908 2254 2972 licet,
2284 2924 2349 2962 ex
2394 2922 2458 2961 eo
2506 2908 2621 2976 ipso
2656 2909 2812 2971 libro,
2843 2925 2904 2963 ex
2932 2925 3040 2976 quo
3072 2911 3336 2978 superius,

1797 3003 2121 3070 exscriptum
2159 2993 2346 3061 fuisse,
2386 3001 2626 3069 adeoque
2655 2998 2936 3054 Theodoro
2964 2998 3338 3054 Cantuariensi

1797 3106 1914 3145 esse
1946 3083 2354 3144 restituendum.
2949 3094 2952 3096 ’
3008 3159 3010 3161 _

1869 3181 1916 3235 7.
1954 3182 2242 3237 Gratianus
2290 3199 2448 3248 xxxv,
2491 3193 2682 3252 quaest.
2717 3182 2770 3247 6,
2797 3197 2843 3236 c.
2886 3181 2906 3233 1
2937 3199 2967 3246 ;¹
2992 3179 3079 3234 Ivo
3114 3173 3227 3250 par.
3281 3180 3335 3243 9,

1797 3289 1846 3327 c.
1881 3272 1969 3335 57,
2009 3283 2062 3328 et
2089 3274 2430 3327 Burcbardus
2476 3274 2567 3325 lib.
2608 3287 2712 3338 vn,
2741 3287 2788 3326 c.
2821 3271 2916 3335 21,
2941 3280 2999 3324 ut
3023 3267 3336 3324 ex—Fabiaui

1796 3363 2040 3429 decretis,
2069 3380 2185 3431 cap.
2229 3364 2281 3428 8,
2329 3363 2377 3416 id
2410 3362 2690 3431 proferunt
2727 3380 2741 3414 :
2786 3360 3206 3430 Consanguineos
3241 3374 3334 3411 ex»

1798 3465 2094 3506 traneorum
2146 3454 2318 3506 nullus
2350 3455 2567 3509 accusel
2636 3456 2707 3504 vel
2751 3441 3249 3521 consanguinitatem
3281 3451 3335 3500 in

1796 3547 1989 3615 synodo
2035 3526 2434 3613 computet,sed
2461 3542 2780 3613 propinqui
2813 3542 2880 3595 ad
2927 3557 3146 3613 quorum
3192 3541 3333 3592 noti-

1798 3638 1924 3690 tiam
1965 3639 2201 3706 pertinet,
2235 3628 2299 3688 id
2319 3636 2392 3690 est
2421 3631 2568 3700 paler
2587 3635 2651 3685 et.
2679 3641 2863 3696 prater,
2899 3645 3048 3683 soror
3073 3639 3121 3682 et
3149 3629 3332 3697 frater,

1794 3739 2031 3795 patruus,
2064 3724 2326 3779 avum-uta
2389 3724 2907 3786 amilaﬂttniertera,
2936 3733 3185 3778 eteorum
3213 3735 3334 3789 pro-

1794 3823 2008 3874 creatio.
2041 3818 2100 3872 Si
2149 3825 2322 3868 autent
2358 3829 2623 3889 progenies
2666 3818 2784 3869 tota
2803 3814 3068 3884 defecerit,
3101 3811 3337 3868 alt-anti-

1793 3911 2058 3980 quioribus
2092 3917 2138 3960 et
2184 3909 2552 3973 veracioribus,
2594 3909 2777 3978 quibus
2822 3912 3000 3960 eadem
3035 3907 3334 3975 propinqui-

1795 4014 1874 4056 tas
1904 4013 2024 4055 nota
2052 4012 2151 4066 est,
2195 4004 2459 4071 episc0pus
2495 4001 2740 4055 canonice
2770 4001 3066 4068 perquirat;
3096 4007 3144 4050 et
3178 3997 3224 4049 si
3254 3996 3332 4048 in-

1793 4103 1942 4146 venia
1991 4094 2147 4161 fuerit
2196 4096 2588 4164 propinquitas,
2629 4101 2946 4160 separentur.
2997 4087 3331 4157 Quodwsatis

1793 4183 2110 4238 inconcinne
2137 4200 2450 4253 expressum
2495 4197 2614 4236 csse
2660 4181 2826 4247 liquet
2849 4181 2947 4250 ad
2979 4176 3329 4230 imitationem

1791 4273 1922 4343 legis
1960 4273 2015 4338 2,
2061 4275 2141 4329 tit.
2168 4275 2233 4340 »7,
2278 4276 2367 4328 lib.
2418 4291 2466 4327 Ix
2499 4271 2628 4324 God.
2657 4268 2755 4322 Th.
2801 4285 2864 4322 cx
2897 4267 3332 4336 interpretatione

1788 4362 2042 4427 Anniani,
2081 4365 2167 4419 ubi
2197 4375 2412 4420 cavetur
2447 4381 2459 4413 :
2500 4362 2564 4413 In
2591 4359 2848 4412 adulterio
2875 4368 3172 4412 extraneum
3213 4374 3329 4410 mu-

1791 4455 1969 4508 lierem
2007 4457 2181 4509 nullus
2234 4463 2479 4515 accuset,
2527 4452 2615 4505 sed
2672 4453 2944 4520 propinqui
2997 4453 3065 4503 ad
3115 4465 3346 4519 quorum-

170 4540 321 4606 fuen't,
342 4551 437 4596 'nec
461 4543 606 4594 testis
634 4544 703 4595 sit
727 4546 990 4612 posthaec.
1028 4545 1161 4601 Vide
1194 4555 1245 4599 et
1270 4546 1542 4614 vulgatum
1585 4546 1690 4601 Ra-
1723 4551 1761 4605 D
1793 4557 1966 4598 notam
2007 4550 2223 4615 pertinet
2243 4589 2257 4612 ,
2288 4548 2380 4597 hoc
2410 4554 2484 4595 est
2523 4544 2686 4610 frater
2715 4559 3008 4612 germanus,
3045 4542 3206 4610 frater
3235 4556 3329 4608 pa-

170 4631 271 4684 bani
298 4633 464 4687 Mauri
499 4635 696 4688 librum
731 4652 787 4689 ιιι
817 4636 892 4690 De
918 4639 1275 4706 penitentiam
1310 4640 1687 4707 satisfactione,

168 4736 207 4772 c.
237 4722 314 4783 59,
349 4732 402 4776 et
429 4721 708 4792 Halitgarii
740 4725 933 4779 librum
966 4744 1038 4795 iV,
1066 4743 1116 4783 c.
1145 4727 1235 4781 28.

222 4813 268 4864 4.
300 4811 426 4867 Illud
459 4832 470 4866 :
510 4811 688 4883 Neque
719 4816 946 4884 furiosus
995 4836 1153 4889 neque
1178 4822 1379 4889 furiosa
1418 4827 1692 4878 matrimo-

1795 4639 1995 4706 truelis,
2027 4650 2242 4706 patruus
2273 4647 2320 4689 et
2352 4635 2708 4690 consobrinus.

1861 4731 1912 4783 8.
1947 4729 2099 4794 Quod
2148 4727 2432 4781 Gratianus
2484 4727 2548 4784 de
2601 4741 2867 4789 consecr.,
2894 4725 3019 4776 dist.
3052 4722 3105 4784 ‘2,
3141 4734 3187 4773 c.
3221 4718 3323 4781 16;

1791 4819 1879 4872 1ιό
1911 4835 2025 4887 par.
2054 4818 2108 4883 2,
2140 4832 2187 4870 c.
2221 4815 2312 4878 27,
2346 4832 2408 4870 ac
2438 4817 2778 4871 Burchardus
2810 4816 2898 4867 lib.
2931 4829 2981 4887 ν,
3015 4826 3062 4862 c.
3095 4808 3191 4871 I7,
3226 4806 3327 4859 I-‘a-
3370 4805 3380 4820 '

1789 4909 1934 4962 biani
1977 4907 2196 4960 nomine
2231 4906 2620 4961 ita'etl‘erunt:
2668 4905 2732 4958 Ut
2774 4906 2819 4956 si
2858 4918 2955 4954 non
2987 4898 3324 4966 frequentius,

1788 4997 1864 5050 vel
1918 5005 1994 5048 ter
2028 4995 2151 5048 laici
2202 4996 2431 5050 homines
2487 4997 2858 5050 communicent
2918 4993 2970 5042 in
3019 5005 3185 5053 anno,
3225 4992 3324 5043 nisi

1788 5089 1920 5156 forte
1972 5087 2087 5156 quis
2138 5088 2429 5154 majoribus
2457 5087 2766 5142 criminibus
2803 5083 3135 5151 impediatur,
3165 5083 3218 5136 id
3249 5089 3326 5137 est

1786 5179 1840 5229 in
1864 5175 2072 5229 Pascha
2098 5187 2147 5228 et
2182 5179 2482 5233 Pentecoste
2523 5188 2571 5232 et
2610 5175 2798 5230 Natali
2834 5174 3045 5226 Domini
3076 5188 3094 5226 .°
3131 5173 3235 5228 hoc
3258 5187 3326 5229 ex

1786 5281 1988 5320 canone
2027 5266 2095 5320 50
2130 5269 2344 5324 concilii
2376 5267 2703 5323 Turonensis
2733 5279 2826 5327 ιιι,
2879 5280 3018 5318 anno
3061 5264 3161 5318 8l8
3184 5265 3322 5319 cele-

1783 5356 1942 5419 brati,
1969 5357 2034 5409 ad
2060 5361 2216 5411 verba
2262 5360 2314 5412 id
2359 5368 2455 5419 est.
2484 5355 2811 5420 cxscriptum
2853 5353 2972 5407 fuit.
3007 5354 3324 5422 lllnd'porro

1782 5450 2227 5517 additamentum,
2260 5454 2313 5505 id
2348 5459 2423 5505 est
2456 5450 2507 5500 in
2546 5446 2770 5509 Pascha,
2811 5443 3180 5500 l’entecoste'et
3209 5443 3323 5497 Na-

1783 5540 1879 5592 tali
1907 5540 2138 5609 Domini,
2169 5554 2477 5613 expressum
2512 5547 2597 5604 est
2625 5539 2690 5592 ad
2730 5539 3083 5614 imitationem
3106 5533 3319 5590 concilii

1782 5632 2123 5700 Agatbensis,
2148 5652 2266 5688 can.
2304 5633 2388 5692 18,
2418 5631 2508 5685 ubi
2532 5632 2784 5685 statuitur
2811 5647 2822 5680 :
2859 5626 3151 5684 Saeculares
3180 5639 3320 5693 vero.

1781 5726 1869 5791 qui
1913 5726 1964 5776 in
2005 5725 2191 5779 Natali
2243 5725 2484 5787 Domini,
2542 5724 2745 5776 Pascha
2787 5731 2833 5774 et
2883 5715 3180 5786 Pentecoste
3216 5728 3319 5764 twn

1781 5811 2569 5884 communicauerunt,Caihcliei
2601 5831 2699 5867 non
2722 5813 3014 5869 credantur.
3049 5809 3311 5874 integrum

168 4905 288 4956 nium
327 4909 626 4960 contrahere
653 4926 864 4976 possunt
891 4927 910 4975 ;
953 4912 1041 4964 sed
1073 4913 1119 4965 si
1161 4925 1486 4967 contractum
1511 4918 1689 4985 fuerit,

169 5007 251 5048 non
288 5008 609 5066 separentur,
642 5001 784 5066 quod
830 5002 1122 5057 Gratianus
1173 5021 1357 5071 χχχιι,
1400 5016 1592 5075 quaest.
1626 5007 1684 5068 7,

165 5093 207 5138 ο.
231 5085 324 5153 96;
351 5096 401 5143 et
444 5088 529 5140 Ivc
570 5103 687 5154 par.
719 5088 772 5152 8,
811 5105 861 5144 c.
898 5092 996 5146 168
1018 5132 1035 5159 ,
1067 5102 1128 5147 ιιι
1157 5094 1380 5150 Fabiani
1414 5099 1685 5150 decretum

169 5169 377 5237 laudant,
411 5193 440 5230 a
471 5177 746 5246 chinone
791 5179 885 5233 lib.
923 5196 984 5245 ιι,
1015 5199 1066 5238 c.
1095 5185 1218 5250 129,
1251 5187 1447 5242 rectius
1491 5189 1688 5242 citatur

171 5270 219 5312 ιιι
259 5281 318 5320 ex
361 5267 465 5338 lege
522 5267 780 5322 Romana.
829 5269 925 5324 Est
964 5273 1108 5328 enim
1153 5272 1278 5328 Julii
1314 5275 1462 5329 Pauli
1499 5277 1590 5331 lib.
1627 5295 1686 5344 ιι,

169 5350 239 5406 tit.
268 5355 344 5420 l9,
374 5360 632 5414 sententia
669 5362 955 5428 postremis
981 5363 1163 5419 verbis
1197 5368 1436 5421 mutatis.
1469 5368 1574 5421 Pro
1601 5369 1687 5424 his

167 5435 338 5509 qnivpe
381 5443 580 5501 Paulus
611 5447 764 5512 dixit,
797 5447 886 5498 sed
926 5459 1251 5504 contractum
1294 5458 1683 5508 matrimonium

170 5520 322 5614 lltm'e
340 5534 704 5604 (postmodum
747 5537 1053 5607 accedente)
1101 5556 1203 5593 nos
1255 5543 1486 5609 tollitur,-
1539 5546 1680 5614 quod

169 5611 324 5699 minus
369 5626 701 5695 ambiguum.
737 5624 864 5679 Vide
915 5624 1116 5696 Digest.
1167 5630 1258 5683 lib.
1310 5649 1472 5699 xxxii,
1514 5611 1594 5686 tii.
1625 5634 1678 5696 El,

168 5696 255 5796 leg.
283 5706 358 5775 10,
380 5724 434 5767 et
464 5715 674 5771 lvunem
702 5733 818 5788 par.
850 5718 937 5785 l3,
959 5734 1007 5775 c.
1043 5719 1110 5774 87
1135 5729 1185 5776 et
1220 5722 1305 5790 88,
1335 5696 1539 5779 necnon
1573 5701 1685 5780 Rc;

167 5803 386 5858 monent
415 5803 510 5860 lib.
547 5822 606 5871 ιι,
640 5826 686 5861 c.
713 5808 833 5865 150.
