4038 6352
156 464 251 520 185

1560 459 1937 516 ΕΡΙΒΤΟιιιΞ.

3249 445 3351 501 1811

155 580 517 637 ordinavimus
532 582 576 645 ⁸.
606 580 701 650 qui
730 588 935 650 septem
965 580 1195 635 notariis
1238 564 1605 648 imminerent,
1639 593 1693 636 et
1719 582 1766 640 Α
1792 580 1881 649 qui
1915 578 2024 632 vult
2065 592 2240 631 omnes
2277 574 2509 630 Itonrim
2541 568 2708 626 salvos
2731 564 2849 637 ﬁeri
2873 571 2924 618 et
2951 561 3206 617 neminem
3260 575 3354 627 pe-

123 682 293 741 ,gesta
342 681 641 742 martyrum
691 671 959 726 veraciter
1004 672 1058 725 in
1105 672 1311 741 integro
1362 672 1693 742 colligerent,

155 763 411 832 nobisque
442 761 691 818 rimanda
744 760 1178 837 manifestarent.
1210 761 1361 827 Quod
1393 763 1552 816 etiam
1599 778 1696 817 vos

155 869 332 909 omnes
359 869 516 922 agere
544 868 850 911 mouemus.
883 868 951 905 ne
993 852 1051 905 in
1095 863 1371 922 posterum
1421 854 1600 922 aliqua
1629 869 1694 906 ex

156 943 234 997 his
269 943 539 998 dubitatio
596 943 706 1006 ﬁat,
763 943 1099 1014 quiestioque
1148 944 1388 1008 oriatur;
1438 943 1693 1010 quoniam

156 1030 318 1088 omnia
344 1050 462 1104 qua
485 1036 686 1101 scripta
711 1046 854 1099 sunt,
878 1037 946 1088 ad
972 1045 1204 1089 nostram
1241 1035 1535 1089 doctrinm
1560 1036 1681 1088 scri-

154 1137 235 1195 pta
283 1126 460 1180 sunt‘.
494 1125 560 1179 Et
604 1144 725 1196 quze
774 1128 976 1181 nostris
1043 1127 1377 1195 temporibus
1431 1126 1696 1181 veraciter

155 1218 480 1273 scribuntur.
532 1219 597 1271 ad
655 1217 963 1279 futurorum
1013 1219 1315 1272 doctrinam
1369 1217 1692 1288 diriguntur.

156 1306 213 1361 Et
235 1308 365 1362 ideo
394 1308 729 1363 ﬁdelissimis
758 1310 874 1363 haec
899 1311 1111 1379 negotia
1139 1310 1404 1363 committi
1442 1310 1694 1379 praecipi-

157 1415 285 1464 mus,
324 1415 390 1453 ne
431 1400 609 1468 aliqua
656 1400 709 1452 in
763 1401 843 1454 eis
894 1401 1076 1454 illusio
1124 1400 1451 1462 inveniatur,
1484 1416 1549 1453 ex
1584 1416 1690 1468 qua

156 1490 390 1544 ﬁdelibus
438 1490 778 1553 scandalum,
816 1492 967 1559 quod,
992 1491 1167 1552 absit,
1206 1492 1433 1543 0rialur.
1465 1488 1619 1545 Unde
1643 1499 1698 1547 et

158 1580 456 1635 charitatem
483 1590 715 1634 vestram
743 1590 962 1648 paterna
994 1581 1279 1635 dulcedine
1298 1581 1532 1650 petimus
1564 1582 1605 1648 ',
1637 1591 1698 1637 ut

158 1670 204 1722 in
235 1671 449 1724 cunctis
495 1670 746 1725 affectum
784 1679 977 1724 vestra:
1009 1672 1289 1726 cbaritatis
1313 1682 1498 1727 sancta
1534 1672 1696 1726 modo

158 1759 376 1815 Ecclesia
405 1760 665 1825 inveniat,
698 1770 750 1815 et
777 1761 979 1818 favoris
1004 1764 1168 1817 vestri
1198 1764 1423 1829 solatiis,
1447 1746 1699 1833 quocun-l

166 1866 256 1919 que
280 1866 496 1905 necesse
523 1850 712 1915 fuerit,
739 1853 997 1921 potiatur.
1032 1853 1101 1907 Et
1129 1855 1269 1910 sicut
1293 1856 1508 1909 bonitas
1528 1856 1693 1910 studii

171 1942 311 1995 vestri
337 1943 402 1995 de
431 1957 492 1997 se
528 1940 682 2017 nobis
720 1945 1094 1999 certitudinem
1143 1947 1362 2015 praebet,
1388 1947 1519 2000 utin
1550 1947 1698 2000 nullo

175 2032 381 2087 diﬁidere
443 2033 740 2089 debeamus
777 2037 845 2089 de
870 2051 954 2100 ea,
985 2038 1076 2091 sed
1110 2037 1303 2108 magis,
1336 2048 1394 2092 ut
1441 2038 1697 2107 sapienti-

169 2123 254 2175 bus
283 2123 398 2178 ﬁliis
438 2124 696 2181 Ecclesia
740 2136 961 2191 nostrae,
1015 2128 1131 2183 haec
1184 2129 1512 2183 ﬁducialiter
1549 2144 1700 2183 com-

166 2213 491 2279 mendemus;
529 2215 602 2268 ita
650 2218 969 2285 postpositis
1005 2219 1425 2287 opportunitatis
1454 2220 1699 2273 occasio-

164 2302 322 2367 nibus,
358 2312 535 2365 vestra
577 2304 813 2359 eﬁicacia
838 2307 1120 2361 elaborare
1168 2307 1383 2361 enixius
1410 2308 1587 2373 debet,
1618 2318 1699 2361 at-

163 2408 253 2460 que
306 2392 477 2446 modis
514 2394 717 2461 quibus
754 2396 1010 2463 possibile
1059 2397 1221 2452 fuerit
1239 2401 1279 2462 ⁸,
1316 2397 1463 2452 omni
1518 2398 1697 2453 studio

163 2485 355 2552 abigere
403 2486 825 2544 contumelias".
862 2487 1158 2543 Hortamur
1186 2490 1351 2547 etiam
1398 2506 1517 2554 vos,
1540 2491 1697 2561 juxta

93 2568 102 2583 “
162 2575 344 2630 dictum
374 2577 636 2646 Apostoli,
673 2578 887 2633 stabiles
916 2596 1035 2634 esse.
1074 2590 1125 2634 et
1179 2581 1490 2648 immobiles,
1525 2583 1698 2636 abun-

161 2667 323 2719 dantes
347 2668 409 2720 in'
428 2684 580 2737 opere
610 2668 822 2723 Domini
852 2686 1071 2739 semper,
1100 2673 1318 2727 scientes
1373 2675 1510 2743 quod
1547 2674 1699 2729 labor

161 2769 313 2812 tester
341 2775 438 2812 non
467 2771 544 2813 est
576 2761 749 2815 inanis
777 2763 835 2814 in
864 2762 1089 2816 Domino
1106 2763 1147 2817 ⁸.
1177 2762 1242 2817 Et
1269 2764 1395 2817 alibi
1426 2782 1439 2818 :
1473 2763 1697 2835 Vigilate

160 2858 199 2905 et
225 2861 386 2911 orate,
417 2861 467 2903 et
492 2855 630 2905 state
659 2853 712 2905 in
742 2852 861 2920 ﬁde.
904 2851 1141 2907 Viriliter
1184 2856 1343 2923 agite,
1390 2864 1440 2907 et
1484 2856 1696 2923 confor-

160 2942 349 2995 tamini.
379 2941 568 2997 Omnia
607 2956 775 2998 vestra
803 2947 853 2999 in
888 2945 1145 2999 clraritate
1165 2947 1293 3013 ﬁant
1313 2947 1352 2998 ³.
1396 2946 1617 3017 Insuper
1640 2955 1694 3001 et

159 3030 276 3085 illud
305 3048 395 3086 vos
438 3035 576 3088 scire
605 3036 974 3090 desideramus
1001 3037 1134 3105 (17),
1168 3039 1291 3106 quia
1325 3043 1523 3093 nostris
1554 3047 1689 3091 tem-

158 3111 361 3189 poribus
389 3125 429 3154 ¹⁶
464 3126 914 3193 przepedientibus
942 3128 1158 3194 quidem
1190 3129 1391 3182 nostris
1437 3129 1688 3197 peccatis,

1800 673 1902 725 rire
1931 672 2066 736 “‘“,
2128 683 2227 723 sua
2286 666 2487 735 ingenti
2540 654 2931 729 omnipotentia
2959 652 3155 708 reverti
3187 650 3353 706 faciat

1796 760 1960 813 corda
2009 771 2196 811 eorum
2236 754 2302 808 ad
2332 768 2520 809 sanam
2571 750 2877 809 doctrinam
2933 753 2987 797 et
3025 740 3351 796 catholicam

1796 851 2037 912 ﬁdem“,
2087 856 2353 917 quatenus
2410 844 2723 911 resipiscam
2766 857 2798 891 a
2835 834 3031 890 diaboli
3067 831 3263 903 laqueis
3281 831 3352 898 ",

1796 943 1995 1011 quibus
2033 941 2178 1010 capti
2213 946 2483 1000 tenentur,
2512 945 2566 989 et
2604 939 2960 1002 aggregentur
2992 927 3118 981 ﬁliis
3158 920 3349 978 matris
3398 960 3401 963 λ

1798 1033 2070 1086 Ecclesiae.
2114 1029 2542 1084 Reminiscentes
2574 1024 2811 1094 'quoque
2862 1020 3090 1074 {ratium
3140 1023 3351 1069 vestro-

1796 1142 1938 1189 rum,
1971 1122 2303 1178 miseremini
2356 1122 2593 1183 illorum,
2648 1116 2848 1185 quibus
2902 1111 3128 1182 potestis
3188 1106 3349 1162 bonis

1797 1216 1991 1270 studiis
2016 1215 2232 1275 vestris,
2259 1228 2325 1265 ne
2385 1210 2698 1280 perdautur,
2735 1206 2825 1257 sed
2891 1211 2949 1256 ut
2999 1199 3252 1269 precibus
3295 1202 3354 1251 et
3424 1258 3427 1259 ν

1797 1310 1917 1364 aliis
1964 1307 2219 1361 bonitatis
2252 1313 2446 1358 vestrae
2486 1302 2681 1356 studiis
2728 1297 2957 1352 Domino
2984 1294 3024 1325 ’δ
3051 1294 3349 1346 salventur.
3428 1328 3431 1333 .

1794 1401 1872 1457 lta
1917 1418 2044 1470 ergo
2094 1401 2146 1453 in
2197 1399 2281 1451 bis
2324 1397 2485 1466 agite,
2517 1404 2576 1448 ut
2605 1391 2918 1447 obedientes
2958 1386 3051 1441 ﬁlii
3077 1392 3131 1438 et
3170 1382 3354 1437 ﬁdeles

1796 1506 1998 1549 sancta:
2046 1492 2139 1546 Dei
2186 1490 2440 1544 Ecclesiae
2495 1472 2818 1557 appareatis,
2882 1491 2936 1535 et
2978 1488 3036 1533 ut
3086 1476 3354 1530 mercedis

1795 1586 2014 1657 praemia
2046 1582 2371 1653 percipiatis.
2417 1578 2505 1645 lli,
2532 1589 2585 1633 et
2627 1592 2818 1631 omnes
2860 1573 2955 1642 qui
2998 1579 3200 1656 rectam
3243 1582 3351 1619 non

1796 1656 1992 1729 docent
2031 1674 2356 1735 doctrinam,
2402 1670 2485 1721 vel
2542 1675 2748 1721 rectam
2808 1678 2916 1717 non
2943 1667 3126 1714 tenent
3168 1656 3351 1718 ﬁdem,

1796 1774 2137 1820 accusatores
2201 1762 2470 1816 neminem
2513 1766 2657 1812 recte
2707 1752 3040 1810 credentium
3097 1763 3353 1819 accusare

1798 1864 2046 1925 possunt,
2077 1854 2207 1923 quia
2234 1852 2454 1906 infamia
2484 1858 2609 1905 sunt
2646 1846 2837 1904 notati,
2864 1852 2920 1896 et
2947 1858 2977 1895 a
3002 1842 3123 1895 sinu
3151 1847 3354 1895 sanctae

1796 1948 1983 2001 matris
2026 1944 2303 2009 Ecclesia,
2361 1941 2662 2012 apostolico
2721 1950 3001 1998 mucrone,
3055 1946 3228 2000 usque
3281 1929 3353 1985 ad

1796 2045 1996 2090 rectam
2038 2033 2503 2087 conversationem
2542 2040 2595 2084 et
2624 2028 2987 2082 I‘CVCI’SlOIICHI
3031 2039 3223 2078 ΘΟΙῚΠΠ
3252 2022 3377 2080 ab-.

1797 2126 1975 2181 scissi.
2008 2123 2161 2179 Unde
2190 2123 2483 2194 apostolica
2511 2115 2851 2181 auctoritate,
2912 2132 3038 2171 cum
3097 2115 3355 2172 omnibus

1795 2218 2038 2286 ejusdem
2081 2217 2391 2287 apostolicae
2413 2223 2575 2283 atque
2603 2210 2930 2267 universalis
2947 2209 3202 2268 Ecclesiae
3230 2209 3356 2264 ﬁliis

1797 2319 2095 2366 statuentes
2120 2309 2417 2373 sancimus,
2442 2316 2503 2360 ut
2525 2322 2715 2361 omnes
2740 2307 2834 2376 qui
2870 2306 2924 2359 in
2957 2305 3224 2360 catholica
3248 2304 3355 2368 ﬁde

1797 2402 2035 2473 suspecti
2064 2410 2194 2457 sunt
2226 2402 2281 2455 in
2322 2400 2675 2454 accusatione
2703 2412 2849 2453 recte
2880 2382 3214 2453 credentium
3243 2410 3352 2459 non

1796 2493 2193 2567 suscipiantur;
2238 2490 2365 2560 quia
2408 2490 2749 2560 suspiciones
2784 2502 3011 2557 semper
3037 2496 3165 2541 sunt
3197 2496 3352 2537 amo-

1798 2585 2045 2639 vendat".
2061 2583 2254 2638 Merito
2269 2598 2396 2653 ergo
2410 2596 2599 2637 eorum
2623 2582 2910 2649 reprobatu
2921 2598 2945 2633 ι·
2967 2577 3244 2639 accusatio
3257 2573 3359 2643 qui

1797 2678 1853 2731 in
1903 2684 2054 2731 recta
2098 2674 2202 2728 ﬁde
2246 2675 2481 2741 suspecti
2523 2672 2730 2727 sunt“.
2763 2669 2873 2724 Nec
2904 2670 2985 2723 eis
3011 2669 3234 2721 omnino
3266 2679 3353 2721 εει

1794 2767 2145 2832 credendum,
2176 2765 2270 2833 qui
2300 2763 2583 2817 Trinitatis
2608 2762 2765 2815 ﬁdem
2793 2762 3067 2831 ignorant.
3090 2758 3354 2812 Similiter

1794 2857 2206 2925 omnes”,quos
2224 2863 2536 2908 sanctorum
2554 2850 2775 2905 Patrum
2818 2858 3019 2905 statuta
3063 2859 3172 2904 tam
3214 2863 3354 2917 prae-

1796 2951 1969 3004 teritis
1986 2964 2147 3018 quam
2166 2946 2361 3001 futuris
2380 2945 2711 3014 temporibus
2729 2944 3204 3008 anatliematizant,
3222 2942 3354 2996 sub-

1794 3057 2075 3096 movemus
2090 3042 2222 3094 etab
2248 3039 2391 3093 omni
2410 3037 2750 3091 accusatione
2768 3035 3007 3089 ﬁdelium
3028 3035 3350 3095 alienamus.

1793 3131 2018 3186 Discreti
2035 3146 2160 3201 ergo
2174 3145 2384 3198 semper
2400 3128 2596 3182 debent
2609 3143 2729 3183 esse
2745 3126 2927 3180 lideles
2940 3128 3007 3179 ab
3024 3124 3352 3192 inﬁdelibus,

160 3214 397 3268 sitadeute
425 3215 647 3284 antiquo
687 3217 860 3278 hoste,
900 3217 993 3285 qui
1040 3233 1252 3285 semper
1289 3226 1348 3269 ut
1380 3216 1460 3271 leo
1483 3220 1687 3287 rugiens
1715 3243 1758 3297 ο
1792 3224 1989 3291 etjusti
2008 3223 2330 3291 abinjustis;
2350 3220 2603 3293 quoniam
2624 3220 2862 3273 inﬁdeles
2878 3230 2928 3272 et
2946 3218 3212 3282 malevoli,
3236 3232 3353 3270 mo-
3428 3268 3434 3275 ,

158 3305 327 3356 circuit
348 3307 408 3367 “,
442 3320 682 3375 querens
730 3322 879 3374 quem
917 3306 1141 3368 devoret,
1173 3309 1483 3375 supervenit
1509 3306 1685 3362 Nova-

158 3404 235 3447 tus
260 3411 318 3448 ex
339 3395 538 3460 Africa,
562 3404 614 3449 et
642 3398 908 3464 separavit
934 3397 999 3450 de
1023 3396 1257 3451 Ecclesia
1279 3398 1559 3451 Cliristi'”
1580 3398 1689 3452 No-

157 3485 412 3539 vatiauum
463 3496 516 3539 et
545 3490 813 3555 quosdam
846 3486 980 3540 alios
1012 3488 1213 3541 (lbi-isti
1243 3487 1605 3550 confessores,
1635 3501 1689 3544 et

157 3578 401 3630 convertit
433 3578 487 3630 in
533 3592 753 3647 pravam
783 3578 1108 3632 doctrinam.
1142 3579 1186 3630 A
1214 3581 1412 3648 quibus
1438 3596 1551 3641 vos.
1578 3580 1690 3634 fra-

155 3678 276 3734 tres,
307 3671 545 3736 avertite,
594 3678 652 3725 et
684 3679 870 3725 cavete
910 3670 980 3724 ab
1016 3671 1272 3725 omnibus
1324 3672 1417 3741 qui
1464 3673 1686 3727 alteram

155 3759 299 3814 ﬁdem
324 3770 372 3815 et
405 3763 709 3816 doctrinam
738 3770 940 3828 tenent,
966 3778 1129 3831 quam
1175 3765 1404 3832 apostoli
1448 3744 1512 3819 ct
1564 3780 1689 3819 Suc-

152 3864 377 3907 Cessores
424 3869 614 3907 eorum
668 3861 959 3921 tenuerunt
985 3863 1038 3905 et
1071 3854 1393 3919 docuerunt,
1425 3872 1510 3920 nc,
1545 3860 1688 3926 quod

158 3945 302 4011 absit,
330 3956 447 4015 post
488 3962 613 4000 eum
667 3947 948 4012 abeuntes,
977 3946 1029 3999 in
1066 3946 1317 4017 laqueum
1349 3949 1563 4003 Satanae
1598 3967 1688 4003 ca-

162 4036 304 4101 datis,
335 4047 387 4092 et
439 4038 790 4108 compedibus
832 4040 951 4108 ejus
1003 4038 1375 4094 detineamini.
1412 4041 1501 4071 "“
1533 4039 1685 4094 Unde

112 4134 115 4135 '
157 4123 485 4183 fraternitatis
515 4137 711 4183 vestra:
732 4130 1052 4183 cbaritatem
1084 4131 1292 4183 intimis
1326 4132 1681 4184 obsecramus

156 4218 479 4284 precibus,ut
504 4232 708 4276 nostra:
737 4222 1018 4289 parvitatis
1048 4223 1103 4276 in
1133 4223 1331 4276 vestris
1359 4222 1531 4276 sacris
1560 4236 1686 4274 ora-

156 4306 367 4365 tionibus
409 4327 679 4365 memores
727 4326 849 4365 esse
906 4314 1224 4382 dignemini,
1260 4323 1477 4366 orantes
1507 4328 1573 4366 ac
1592 4313 1683 4365 dc-

156 4410 410 4463 precantes
444 4403 730 4456 Dominum
758 4403 900 4471 cmli,
932 4414 989 4458 ut
1021 4413 1128 4458 tam
1167 4421 1265 4458 nos
1295 4420 1456 4472 quam
1490 4415 1681 4459 sancta

157 4499 306 4545 mater
350 4493 589 4549 Ecclesia
644 4495 849 4552 Christi
901 4499 1139 4567 pretioso
1166 4498 1430 4565 sanguine
1460 4499 1681 4551 redem-

1795 3318 1879 3372 dis
1915 3303 2114 3386 quibus
2147 3324 2391 3385 possunt,
2424 3329 2638 3385 semper
2666 3313 2924 3371 infestant
2948 3311 3133 3364 ﬁdeles
3150 3319 3205 3365 et
3232 3326 3354 3380 per-

1789 3410 1913 3463 dere
1932 3411 2194 3474 nituntur;
2214 3420 2267 3462 et
2290 3409 2410 3461 ideo
2429 3421 2533 3458 non
2557 3412 2683 3460 sunt
2711 3404 3160 3474 suscipiendi,sed
3175 3403 3351 3471 repel-

1789 3500 2009 3564 lendi,et
2035 3500 2219 3569 procul
2241 3495 2549 3571 abjiciendi,
2577 3509 2643 3547 ne
2667 3494 2890 3562 perdere
2908 3494 3195 3547 ﬁdelesaut
3213 3490 3350 3543 infa-

1790 3607 1939 3645 mare
1967 3590 2562 3659 possint.Quapropter,
2585 3583 2915 3647 clrarissimi,
2943 3590 3128 3635 cavete
3156 3581 3346 3634 talium
3370 3598 3373 3601 ·

1790 3683 2079 3747 loveam,in
2093 3698 2255 3748 quam
2276 3680 2473 3733 multos
2488 3674 2752 3730 cecidisse
2767 3671 3347 3743 cognovimus.Cavete

1792 3778 1977 3830 talium
2000 3775 2179 3842 jacula
2213 3774 2276 3835 ⁸⁸,
2316 3780 2369 3825 et
2414 3770 2624 3840 antiqui
2658 3769 2831 3823 hostis
2853 3776 3213 3833 tentamenta,
3252 3765 3348 3835 per

1791 3884 1911 3936 qua:
1955 3868 2115 3921 etiam
2148 3863 2396 3932 proprios
2428 3864 2761 3932 propinquos
2802 3875 2984 3915 coram
3021 3860 3176 3913 nobis
3222 3859 3346 3912 vul-

1789 3963 2007 4007 neratos
2060 3952 2253 4005 cadere
2306 3951 2563 4007 vidimus.
2630 3950 2903 4005 Attendite
2966 3950 3188 4018 laqueos
3213 3948 3349 4001 insi—

1785 4044 2073 4105 diantium,
2114 4042 2313 4109 quibus
2363 4051 2521 4096 notos
2568 4050 2621 4095 et
2651 4040 3045 4095 commilitones
3096 4045 3348 4107 strangu—

1784 4132 1898 4185 lare
1948 4132 2142 4186 solent.
2178 4129 2353 4186 Nolite
2391 4132 2523 4185 tales
2565 4129 2738 4198 sequi,
2785 4129 2879 4183 sed
2936 4121 3126 4194 procul
3159 4128 3349 4195 repel-

1786 4224 1875 4276 lite
1904 4236 2018 4277 eos.
2072 4222 2274 4290 Estote,
2304 4224 2459 4293 juxta
2510 4220 2765 4274 Veritatis
2803 4232 3014 4280 vocem,
3063 4217 3345 4285 prudentes

1784 4328 1839 4368 ut
1867 4326 2158 4384 serpentes,
2186 4326 2235 4369 et
2266 4315 2526 4384 simplices
2567 4322 2624 4365 ut
2657 4309 2910 4363 columbae
2933 4310 2995 4364 ¹⁹.
3031 4307 3248 4372 Videte,
3276 4321 3344 4359 ne
3387 4382 3392 4388 θ

1786 4409 1838 4461 in
1870 4424 2101 4462 vacuum
2135 4422 2351 4478 quoque
2371 4405 2622 4468 curratis,
2650 4413 2743 4456 aut
2769 4403 3045 4468 laboretis,
3064 4401 3156 4457 sed
3179 4402 3342 4453 alter-

1789 4508 2035 4553 utrorum
2089 4498 2207 4551 fulti
2259 4497 2511 4565 precibus
2542 4504 2596 4549 et
2623 4495 2982 4557 orationibus,
3012 4495 3339 4548 voluntatem

160 4588 251 4648 pta,
277 4598 304 4634 a
334 4584 539 4654 laqueis
562 4589 810 4643 venantis
836 4588 1069 4652 Satanas,
1106 4596 1158 4640 et
1180 4587 1248 4639 ab
1279 4588 1602 4655 importunis
1630 4600 1683 4642 et
1714 4573 1757 4630 ί)
1787 4588 1876 4642 Dei
1910 4588 2087 4642 facere
2133 4584 2460 4649 contendite,
2486 4594 2542 4651 et
2586 4601 2616 4639 a
2663 4587 3003 4649 memoratis,
3038 4587 3084 4638 si
3114 4582 3342 4636 incorri-

160 4673 291 4727 malis
330 4676 638 4735 hominibus
673 4680 954 4741 liberetur,
980 4688 1035 4733 et
1082 4694 1259 4732 sermo
1290 4678 1599 4735 Deicurrat
1630 4690 1681 4736 et

160 4762 474 4835 clariﬁcetur,
498 4779 552 4823 et
595 4787 758 4839 prava
791 4786 982 4824 eorum
1034 4780 1088 4824 et
1143 4772 1385 4825 omnium
1429 4789 1681 4842 perversa

159 4852 436 4911 docentium
472 4870 693 4914 corruat
720 4861 966 4917 doctrina
1008 4868 1171 4929 atque
1211 4862 1441 4916 deﬁciat.
1488 4864 1682 4919 Preca-

161 4958 258 4997 mur
279 4947 455 5012 etiam,
494 4958 556 5001 ut
595 4951 809 5018 pietatis
848 4960 1041 5004 vestrae
1087 4951 1343 5018 precibus
1387 4954 1680 5023 impetrare

158 5037 404 5103 audeatis,
436 5047 496 5092 ut
520 5039 659 5093 Deus
687 5026 746 5095 et
772 5041 1024 5095 Dominus
1049 5052 1222 5095 noster
1233 5042 1388 5096 Jesus
1413 5044 1689 5122 Christus,

219 5180 237 5210 ³
264 5178 391 5234 Vide
420 5178 787 5232 Pontiﬁcalem
820 5182 1015 5236 librum
1050 5183 1105 5236 in
1136 5182 1395 5237 Clemente
1420 5196 1473 5241 et
1502 5189 1714 5245 Antei-0.

1612 5260 1825 5290 ΒΙΡΛΙ·
1883 5272 1946 5290 νυ
2009 5256 2033 5290 ἓξ

1612 5261 1680 5311 ⁸1
1721 5260 1844 5314 Cor.
1883 5272 1968 5314 xv.
2173 5256 2240 5308 Ἰ
2284 5257 2409 5309 Cor.
2454 5270 2561 5314 xvr,
2600 5255 2685 5315 15,
2719 5255 2811 5316 M;
2846 5255 3033 5307 Matth.
3069 5269 3210 5315 xxvi,
3247 5255 3333 5303 41.

1527 5329 1590 5358 “'
1624 5328 1735 5383 Hoc
1791 5327 1892 5381 sub
1954 5325 2205 5379 Cornelio
2263 5326 2487 5391 Contigit
2538 5322 2790 5375 defuncto
2836 5324 2947 5391 jam
2998 5322 3254 5381 Fabiano,
3283 5330 3339 5374 ut

1361 5396 1448 5465 ¹¹έ⁶
1482 5397 1537 5450 S.
1573 5398 1731 5451 Bonit‘
1769 5398 1831 5449 cii
1857 5398 1921 5449 A.
1958 5394 2097 5465 Mog.
2132 5414 2216 5464 ep.
2249 5398 2300 5457 6,
2333 5410 2493 5461 quam
2525 5393 2765 5447 consule.

1639 5469 1681 5499 "
1712 5468 1954 5533 Suspecti
2007 5462 2195 5520 omnes
2241 5478 2453 5530 semper
2496 5472 2621 5533 sunt
2646 5464 3024 5533 Aamovendiet
3052 5478 3157 5533 non
3197 5462 3333 5533 reci-

158 5246 290 5320 Greg.
315 5267 396 5320 ep.
422 5249 515 5312 95,
564 5248 655 5300 lib.
686 5265 777 5320 vit.

160 5319 198 5391 "_
217 5318 357 5391 Greg.
386 5321 480 5391 lib.
522 5334 621 5391 xu,
648 5333 729 5386 ep.
760 5319 849 5391 53.

891 5253 911 5283 "
933 5268 1091 5317 agere
1129 5257 1483 5309 contendatis.

958 5324 997 5352 “
1038 5323 1051 5373 Ι
1087 5322 1229 5376 Petr.
1267 5339 1315 5389 ν,
1355 5324 1403 5376 8.

158 5387 372 5454 pluribus
414 5389 681 5442 Baronius
739 5390 805 5440 ad
835 5405 925 5443 an.
955 5391 1081 5453 258,
1116 5410 1171 5445 ιι.
1202 5394 1253 5447 9.

156 5458 251 5509 ."ll
276 5457 407 5515 Petr.
440 5477 524 5513 ιιι.
624 5457 665 5488 ³³
689 5455 730 5510 ιι
759 5456 897 5510 Tim.
930 5474 989 5522 tt,
1028 5461 1118 5512 26.
1215 5463 1258 5492 ¹δ
1282 5464 1525 5521 omnino.

189 5531 437 5584 tendi:ita
462 5532 515 5584 in
539 5527 675 5582 Luc.
750 5527 796 5558 ¹⁸
824 5530 1044 5582 Adrian.
1079 5530 1200 5583 coll.
1229 5548 1276 5585 c.
1309 5532 1362 5584 4.
1439 5536 1477 5567 ¹¹¹

158 5540 437 5647 Biennium
462 5540 515 5613 in
539 5540 675 5582 Luc.
751 5540 796 5558 "
824 5540 1044 5582 Adrian.
1079 5540 1200 5583 coll.
1229 5548 1276 5585 c.
1309 5540 1362 5584 4.
1439 5540 1483 5617 '7.
1518 5553 1573 5606 (ι,
1603 5561 1614 5582 .

189 5612 239 5650 us
281 5604 445 5657 modis
468 5599 806 5669 interpolata.
886 5600 927 5631 ι’
951 5598 1137 5653 Matth.
1170 5617 1222 5662 χ,
1254 5602 1357 5667 16;
1389 5602 1525 5659 Phil.
1555 5624 1614 5661 ιι.

157 5775 166 5786 ,
212 5710 309 5783 (l7)
344 5714 567 5784 Insuper
608 5726 658 5770 et
698 5716 833 5769 illud
863 5732 949 5770 vos
987 5724 1117 5771 scire
1147 5719 1514 5775 desideramus.
1554 5723 1673 5775 "me

156 5788 607 5859 integra‘prriodus
635 5788 945 5859 surreptitia
988 5798 1089 5853 est,
1130 5790 1275 5842 etab
1301 5792 1478 5859 aliquo
1503 5796 1669 5845 scioio

156 5855 484 5925 tllpe_ratblita,
510 5855 957 5925 quiiexistiinavit
983 5875 1044 5911 ea
1066 5874 1185 5925 qua:
1221 5860 1271 5915 in
1302 5855 1417 5914 Vita
1446 5862 1667 5915 Fabiani

154 5920 205 5973 de
254 5919 551 5979 Novato’et
585 5924 880 6005 Nuntiabo
931 5919 1279 5994 scribuntur,
1337 5933 1667 5999 temporibus

1518 5553 1573 5606 q.
1603 5540 1635 5591 4
1676 5579 1688 5591 .
1718 5538 1921 5606 Oniues
1959 5553 2096 5605 quos
2132 5546 2461 5606 sanctorum.

1718 5605 1809 5657 ιοι
1849 5608 1972 5659 (lor.
2008 5624 2057 5673 v,
2088 5607 2171 5660 ll.

1779 5722 1997 5777 Fabiani
2026 5725 2305 5784 accidisse,
2358 5720 2582 5789 ideoque
2624 5722 2674 5773 in
2712 5723 2850 5775 hane
2884 5720 3163 5790 epistolam
3198 5714 3337 5769 infe-

1774 5797 1939 5875 renda
1967 5811 2105 5849 esse.
2159 5791 2281 5845 Vide
2306 5806 2427 5860 quae
2457 5791 2693 5847 diximus
2716 5794 2897 5858 verbo,
2944 5790 3146 5843 Divinis
3191 5800 3336 5854 pra-

1772 5875 1949 5932 cepta.

1786 4682 1977 4750 gibiles
2004 4679 2371 4749 apparuerint,
2403 4694 2500 4731 vos
2544 4680 2598 4732 in
2644 4668 2898 4733 omnibus
2942 4687 3207 4746 separate.
3256 4672 3343 4726 Si-
3408 4750 3411 4753 ἰ

1784 4779 1986 4833 militer
2036 4776 2104 4829 ab
2154 4760 2407 4829 Omnibus
2449 4790 2588 4843 quos
2629 4775 2918 4844 Apostolus
2953 4778 3340 4826 commemorat

1794 4869 1977 4922 dicens
2006 4883 2018 4917 :
2051 4864 2183 4918 Cum
2209 4866 2283 4917 eis
2329 4881 2417 4917 nec
2448 4865 2620 4918 cibum
2659 4882 2855 4918 sumere
2882 4861 2954 4925 ²⁰;
2989 4860 3114 4927 quia
3138 4847 3295 4912 et'illi
3322 4900 3338 4924 ,

1799 4958 1937 5011 sicut
1963 4963 2015 5007 et
2039 4955 2146 5017 isti,
2196 4964 2322 5008 sunt
2357 4954 2641 5024 repellendi
2664 4956 2739 5015 ",
2770 4961 2821 5004 et
2849 4960 2971 5002 ante
3009 4950 3341 5004 satisfactio-

1788 5062 1907 5103 nem
1937 5044 2188 5099 Ecclesiue
2239 5062 2346 5100 non
2385 5057 2512 5101 sunt
2551 5042 2909 5111 suscipiendi;
2943 5041 3200 5109 quoniam
3240 5041 3338 5107 illi,

1823 5188 1843 5217 ⁸
1875 5184 2030 5239 Rom.
2061 5201 2147 5250 xv,
2182 5186 2236 5239 4.
2334 5188 2355 5217 ⁵
2392 5186 2448 5239 S.
2479 5185 2641 5251 Greg,
2670 5197 2754 5249 ep.
2785 5181 2873 5241 2|,
2898 5181 2989 5235 lib.
3028 5198 3124 5235 vn.
3224 5181 3243 5211 ⁸
3279 5180 3334 5233 S.

2173 5256 2240 5308 Ἰ
2284 5257 2409 5309 Cor.
2454 5270 2561 5314 xvr,
2600 5251 2685 5315 15,
2719 5254 2811 5316 M;
2846 5252 3033 5307 Matth.
3069 5269 3210 5315 xxvi,
3247 5252 3333 5303 41.

2845 5395 2954 5424 ¹¹⁴“
2983 5395 2997 5446 l
3023 5392 3162 5445 Τιιιι.
3190 5408 3247 5453 n,
3281 5391 3335 5442 4.

2561 5532 2603 5563 ⁸⁸
2640 5530 2695 5586 S.
2730 5533 2903 5586 Boni.
2935 5550 3019 5601 ep.
3054 5532 3136 5594 19,
3167 5528 3333 5598 pluris

2264 5605 2304 5633 ²¹
2333 5602 2383 5654 6.
2433 5617 2487 5670 q.
2532 5601 2559 5654 1
2595 5621 2607 5655 ;
2638 5606 2838 5657 Omnes
2867 5604 2942 5655 illi
2985 5610 3110 5657 sunt
3139 5604 3223 5654 ab.
