4104 6350
830 431 927 489 191

2130 423 2186 479 8.
2227 420 2496 477 FABIANI
2537 417 2738 474 ΡΜ)Ᾱῦ

3929 393 4010 446 193

829 552 988 603 talem
1008 548 1451 604 consuetudinem
1475 562 1583 601 non
1610 547 1933 611 habuerunt,
1958 559 2057 599 nec
2080 544 2383 599 habendam
2418 551 2457 604 Α
2491 557 2587 611 pos
2637 540 2879 593 locorum
2919 532 3275 604 singulorum,
3307 525 3547 582 omnium
3575 520 3667 591 qui
3706 514 3811 573 sub
3842 529 4006 569 eorum

829 640 1162 705 docuerunt;
1210 638 1461 693 similiter
1512 648 1563 691 et
1608 652 1951 691 successores
1980 650 2388 704 eorum,quan-

830 746 993 797 quam
1042 731 1212 784 multa
1249 731 1315 784 de
1367 730 1593 793 talibus,
1648 729 2001 798 praavidentes
2037 724 2241 794 Spiritu
2292 725 2387 777 Dei

833 822 1036 884 futura,
1085 832 1409 887 statuerunt.
1448 820 1640 885 Porro,
1700 829 1757 874 ut
1814 820 1989 888 legitis
2044 819 2099 871 in
2163 817 2387 871 Actibus

832 914 1227 985 apostolorum,
1258 923 1368 967 erat
1396 930 1453 967 eo
1474 924 1696 980 tempore
1726 913 1863 964 inter
1897 909 2077 978 ﬁdeles
2114 925 2203 962 cor
2227 923 2389 960 unum

829 1016 879 1060 et
927 1007 1105 1059 anima
1153 1023 1296 1069 una,
1339 1022 1495 1074 neque
1523 1004 1715 1073 aliquis
1765 1017 1943 1055 eorum
1987 1000 2187 1070 aliquid
2234 1015 2387 1073 suum

832 1100 1105 1169 proprium
1124 1098 1347 1163 dicebat,
1371 1098 1459 1150 sed
1485 1105 1632 1150 erant
1658 1095 1768 1147 illis
1808 1094 1982 1146 omnia
2004 1092 2300 1145 communia
2319 1092 2382 1142 '9.

832 1187 989 1241 Nulla
1021 1188 1166 1241 enim
1202 1189 1339 1241 inter
1360 1202 1452 1240 eos
1476 1186 1772 1249 accusatio,
1802 1184 1905 1237 nisi
1932 1182 2215 1236 familiaris
2240 1189 2384 1240 erat,

835 1294 936 1333 nec
963 1294 1199 1348 unquam
1236 1280 1375 1331 inter
1406 1278 1704 1330 imitatores
1724 1291 1910 1330 eorum
1943 1283 2035 1326 aut
2065 1273 2247 1326 lideles
2275 1272 2388 1324 ﬁeri

834 1368 1011 1435 debet,
1045 1369 1255 1423 dicente
1302 1367 1533 1421 Domino
1562 1386 1574 1420 :
1607 1366 1757 1431 Quod
1794 1366 1886 1418 tibi
1915 1381 2015 1417 non
2038 1365 2112 1417 vis
2137 1363 2283 1431 ﬁeri,
2306 1362 2391 1415 al-

837 1461 933 1513 teri
964 1477 1067 1514 non
1088 1462 1258 1530 facias
1285 1460 1348 1511 “.
1378 1458 1435 1513 Et
1469 1459 1606 1513 idem
1642 1477 1655 1514 :
1699 1458 1895 1528 Diliges
1920 1458 2216 1526 proximum
2242 1466 2388 1508 tuum

836 1554 970 1607 sicut
1014 1554 1234 1622 teipsum
1262 1553 1300 1584 “
1332 1568 1347 1617 ;
1394 1559 1448 1606 et
1491 1535 1507 1606 ’τ
1547 1550 1765 1604 Dilectio
1791 1548 2021 1620 proximi
2063 1548 2259 1601 malum
2289 1564 2390 1601 non

837 1660 1082 1717 aperatur
1108 1649 1171 1701 “.
1211 1647 1315 1717 lpsi
1358 1663 1488 1717 ergo
1520 1646 1749 1717 apostoli
1808 1652 1861 1699 et
1918 1658 2260 1697 successores
2299 1659 2393 1697 eo-

770 1786 783 1803 ,
836 1756 958 1795 rum
1006 1740 1134 1793 olim
1192 1726 1531 1806 statuerunt,
1586 1754 1681 1793 eos
1726 1736 1794 1791 ad
1830 1736 2231 1790 accusationem
2284 1751 2396 1788 non

836 1829 1151 1898 ri-cipi,qui
1193 1838 1320 1883 sunt
1363 1827 1598 1898 suspecti
1619 1827 1687 1891 ⁸³,
1728 1826 1809 1879 vel
1856 1825 1948 1894 qui
1993 1825 2127 1889 heri,
2163 1835 2258 1878 aut
2292 1841 2395 1877 nu-

2486 610 2686 702 degunt
2715 630 2762 663 "
2793 627 3181 688 moderamine,
3209 635 3397 677 curam
3428 617 3628 672 habere
3650 610 3948 671 sollicitam,
3972 619 4013 661 et

2485 700 2680 779 causas
2724 720 3087 785 utilitatesque
3126 729 3313 769 eorum
3352 724 3476 766 cum
3516 706 3606 762 Dei
3636 706 3829 759 timore
3856 700 4015 767 dispo'

2486 818 2827 878 nere.:Valde
2855 798 2982 884 ergo
3010 814 3251 882 iniquum
3275 817 3378 873 est,
3403 812 3463 861 ut
3486 804 3574 859 alii
3601 799 3848 872 quilibet,
3881 796 4016 849 omis-

2485 914 2562 967 sis
2590 912 2723 975 suis,
2759 925 2817 978 se
2852 908 3067 961 illorum
3097 904 3277 958 causis
3307 899 3661 954 admisceant.
3697 889 3806 944 Sed
3840 888 3913 941 illi
3946 902 4016 939 eo-

2463 1020 2605 1066 ;um
2638 1002 2801 1056 vitam
2832 1008 2887 1054 et
2910 998 3172 1068 judicium
3211 988 3533 1061 competenti
3566 981 3910 1055 regularique
3939 978 4016 1032 de-

2486 1096 2648 1149 beant
2681 1093 3048 1148 moderamine
3090 1089 3397 1155 disponere,
3440 1081 3532 1151 qui
3573 1093 3669 1133 eos
3698 1077 3752 1129 in
3790 1071 4016 1127 sacerdo-

2487 1184 2622 1239 tium
2645 1185 2919 1247 ordinant,
2954 1190 3007 1236 et
3034 1195 3062 1232 a
3085 1178 3280 1249 quibus
3309 1175 3421 1244 jam
3455 1167 3685 1223 ordinati
3708 1172 3868 1227 sunt;
3906 1174 4015 1229 quo-

2489 1280 2657 1340 niam,
2712 1284 2771 1329 ut
2818 1276 2902 1329 lex
2952 1271 3212 1342 loquitur,
3264 1264 3570 1342 maledictis
3614 1258 3786 1312 omnis
3836 1262 3909 1306 est
3952 1254 4014 1319 qui

2490 1370 2739 1438 transfert
2777 1367 3019 1419 terminos
3054 1361 3281 1432 proximi
3326 1356 3431 1410 sui.
3468 1354 3535 1408 Et
3572 1350 3709 1403 dixit
3734 1347 3919 1435 omnis
3950 1361 4015 1411 po-

2488 1460 2640 1529 pulus
2676 1474 2693 1511 :
2734 1459 2897 1510 Amen
2918 1455 2983 1508 ⁷⁵.
3023 1454 3164 1511 Deus
3185 1464 3332 1519 ergo,
3366 1446 3562 1499 fratres
3587 1444 3655 1507 ⁷⁸,
3685 1440 3754 1493 ad
3789 1439 3890 1491 hoc
3915 1451 4018 1529 prie-

2490 1548 2762 1604 ordinavit
2793 1562 2907 1611 vos,
2940 1555 2992 1599 et
3014 1558 3202 1599 omnes
3234 1540 3322 1609 qui
3350 1550 3563 1592 summo
3590 1526 3897 1587 sacerdotio
3926 1524 4017 1576 fun-

2492 1651 2712 1712 guntur,
2747 1649 2805 1699 ut
2832 1638 3127 1707 injustitias
3154 1631 3496 1691 removeatis,
3522 1636 3576 1681 et
3600 1616 4017 1695 prieSumptiones

2493 1732 2857 1795 abscindatis,
2902 1739 2956 1781 et
2993 1728 3046 1780 in
3082 1722 3385 1779 sacerdotio
3428 1714 3799 1773 laborantibus
3831 1722 4019 1763 succur-

2497 1826 2648 1888 ratis,
2695 1835 2749 1878 et
2778 1824 2827 1881 ⁷⁸η
2856 1819 3163 1891 opprobriis
3210 1805 3281 1873 et;
3312 1811 3713 1870 calamitatibus
3754 1818 3935 1859 eorum
3963 1800 4016 1853 lo-

837 1920 1151 1974 diustertius
1180 1960 1195 1984 ,
1260 1920 1341 1972 vel
1403 1919 1605 1972 dudum
1682 1916 1901 1970 luerunt
1962 1917 2200 1981 inimici,
2259 1930 2397 1986 quo-
2427 1910 2467 1964 Β
2496 1928 2619 1967 eum
2640 1927 2746 1966 non
2776 1906 3212 1981 przebeatistsed
3239 1905 3312 1967 ei,
3335 1903 3428 1972 qui
3450 1899 3777 1979 calumniam
3800 1903 3847 1947 et
3866 1907 4015 1963 appro-

841 2011 987 2062 uiam
1047 2009 1281 2077 suspecti
1335 2008 1461 2062 facti
1515 2017 1661 2072 sunt,
1719 2015 1773 2059 et
1828 2009 1918 2075 qui
1969 2023 2076 2061 non
2132 2018 2257 2061 sunt
2300 2006 2396 2061 bo-

844 2117 927 2154 nae
975 2100 1407 2155 conversationis
1422 2100 1490 2166 “‘,
1520 2101 1603 2154 vel
1629 2116 1861 2169 quorum
1890 2101 1999 2154 vita
2022 2108 2101 2155 est
2126 2101 2400 2155 accusabi-

841 2192 929 2256 lis,
960 2200 1051 2245 aut
1082 2192 1231 2245 dubii
1265 2192 1318 2245 in
1339 2200 1481 2247 recta
1500 2192 1621 2247 ﬁde.
1644 2192 1902 2247 Similiter
1921 2176 2153 2262 quorum
2180 2194 2310 2247 ﬁdes
2328 2194 2396 2257 θ’,

838 2286 948 2338 vita
986 2292 1038 2337 et
1077 2278 1315 2338 liber-tas?
1338 2285 1609 2347 nescitur,
1662 2282 1745 2337 vel
1781 2284 1870 2353 qui
1906 2282 2142 2336 infamia:
2172 2283 2400 2339 maculis

840 2384 968 2430 sunt
1016 2375 1243 2440 aspersi,
1288 2382 1383 2427 aut
1436 2373 1729 2427 sceleribus
1755 2374 1944 2429 irreliti
1970 2374 2033 2426 ⁸⁸.
2066 2371 2250 2440 Neque
2281 2387 2399 2434 eos,

840 2468 1149 2521 sacerdotes
1186 2465 1380 2517 debere
1424 2464 1506 2517 vel
1550 2444 1709 2532 posse
1743 2475 1836 2517 aut
1865 2465 2093 2518 clericos
2121 2462 2399 2528 accusare,

842 2558 931 2627 qui
972 2558 1073 2609 rite
1114 2556 1420 2609 sacerdotes
1452 2554 1566 2608 ﬁeri
1600 2570 1709 2608 non
1744 2564 1994 2624 possunt,
2034 2571 2133 2609 nec
2166 2556 2250 2609 sui
2276 2564 2407 2610 sunt

843 2650 1087 2721 ordinis;
1122 2648 1378 2719 quoniam
1419 2649 1558 2701 sicut
1595 2649 1905 2711 sacerdotes
1949 2648 2032 2702 vel
2066 2648 2259 2717 reliqui
2296 2648 2403 2702 ele-

842 2743 938 2797 rici
984 2758 1013 2795 a
1063 2742 1402 2795 saecularium
1447 2740 1709 2794 laicorum
1760 2739 2125 2794 excluduntur
2176 2731 2405 2794 accusa-

842 2835 991 2889 tione
1012 2816 1030 2898 ί,
1070 2834 1142 2887 ita
1184 2818 1624 2893 illi,abistorum
1667 2841 1794 2886 sunt
1829 2832 2146 2887 excludendi
2182 2833 2395 2886 etalie-

768 2946 775 2953 ν
842 2926 1007 2981 nandi
1052 2926 1450 2981 criminatione.
1488 2926 1553 2978 Et
1607 2926 1747 2979 sicut
1797 2925 1885 2978 isti
1928 2925 1997 2978 ab
2046 2924 2155 2978 illis
2194 2925 2237 2955 ⁸⁷
2268 2965 2283 2989 ,
2332 2924 2405 2977 ita

841 3034 895 3073 et
929 3019 1001 3072 illi
1035 3019 1103 3072 ab
1138 3017 1256 3072 istis
1292 3034 1397 3070 non
1430 3017 1794 3086 recipiantur;
1846 3016 2101 3085 quoniam
2135 3016 2277 3069 sicut
2301 3013 2407 3067 Do-

843 3109 975 3162 mini
1012 3109 1351 3164 sacerdotum
1394 3116 1669 3177 segregata
1721 3108 1876 3159 debet
1914 3120 2032 3159 esse
2072 3086 2408 3158 conversatio

844 3201 914 3254 ab
938 3216 1125 3255 eorum
1168 3198 1603 3260 conversatione,
1648 3197 1721 3249 ita
1762 3197 2097 3265 et'litigatio;
2136 3198 2261 3265 quia
2292 3214 2405 3250 ser-

2497 2005 2673 2061 brium
2701 2005 2934 2073 patitur,
2966 1997 3291 2068 adiutorium
3323 1994 3542 2057 feratis,
3593 1990 3744 2042 illum
3783 2000 3924 2047 vero,
3950 1982 4017 2051 qui

2498 2092 2839 2154 calumniam‘
2872 2093 2955 2148 vel
3002 2089 3351 2160 opprobrium
3389 2082 3549 2147 facit,
3596 2077 3940 2138 abscindatis,
3983 2084 4021 2126 ιιι

2500 2191 2730 2245 Domino
2780 2190 2833 2240 in
2876 2186 2989 2247 suis
3018 2178 3389 2237 saeerdotibus
3426 2190 3581 2245 opem
3612 2172 3823 2226 feralis.
3868 2169 4021 2221 Sacer-

2500 2283 2653 2337 dotes
2687 2292 2903 2347 quoque
2935 2274 3194 2327 Dominus
3216 2268 3317 2326 sibi
3345 2256 3523 2338 elegit,
3571 2273 3629 2318 ut
3652 2256 4018 2335 sacriﬁcentei,

2501 2384 2553 2427 et
2582 2372 2809 2426 otI'erant
2835 2367 3133 2423 oblationes
3172 2364 3418 2418 Domino.
3459 2357 3672 2413 Levitas
3712 2367 3925 2424 quoque
3948 2350 4020 2402 sub

2501 2467 2581 2520 eis
2612 2480 2732 2518 esse
2752 2462 2915 2533 jussit
2947 2460 2998 2513 in
3030 2457 3346 2512 ministeriis
3375 2468 3585 2509 eorum.
3608 2447 3778 2511 Unde
3815 2446 3879 2499 ad
3906 2442 4019 2510 Moy-

2504 2574 2598 2610 sen
2657 2557 2920 2624 loquitur,
2972 2553 3197 2606 dicens:
3239 2549 3485 2613 Princeps
3542 2545 3739 2617 autem.
3766 2536 4022 2606 principum

2505 2646 2803 2701 Leritarum
2838 2644 3079 2706 Eleazar,
3124 2642 3263 2709 filius
3293 2626 3469 2692 Aaron
3499 2632 3789 2687 sacerdotis
3814 2671 3828 2691 ,
3850 2629 3935 2680 erit
3957 2643 4021 2677 su-

2503 2758 2595 2808 per
2624 2740 2946 2808 excubitores
2986 2734 3215 2787 ecclesite
3255 2726 3545 2782 sanctuarii
3573 2725 3649 2776 .⁷⁷.
3697 2721 3778 2774 De
3802 2720 3883 2799 his
3910 2720 4019 2768 enirn

2510 2805 2718 2883 loeutus
2752 2837 2841 2881 est
2874 2805 3135 2878 Dominus
3158 2821 3223 2874 ad
3262 2818 3498 2889 Moysem
3533 2835 3546 2869 :
3575 2814 3718 2868 Tolle
3740 2811 4021 2876 ιευὶιωρτο

2507 2919 2866 2991 primogenitis
2910 2917 3140 2986 ﬁliorum
3187 2912 3376 2975 Israel,
3424 2919 3473 2963 et
3526 2924 3713 2977 pecora
3764 2904 4021 2957 Lesitarum

2506 3031 2603 3086 pro
2635 3011 2901 3083 pecoribus
2936 3026 3113 3069 eorum
3134 3049 3148 3070 ,
3172 3016 3421 3075 eruntque
3447 3003 3638 3055 Levitw
3665 3000 3785 3053 mei.
3823 2998 3919 3068 Ego
3943 2996 4021 3047 Do-

2510 3112 2681 3163 minus
2699 3108 2764 3156 ".
2788 3106 2841 3160 Si
2860 3105 3070 3160 Levitas
3089 3118 3217 3157 suos
3240 3116 3360 3154 esse
3379 3098 3640 3166 Dominus
3658 3093 4026 3160 voluit,qnanto

2514 3202 2686 3273 magis
2738 3199 3048 3255 sacerdotes
3091 3195 3191 3248 sibi
3224 3190 3450 3265 ascivit?
3489 3188 3565 3242 De
3610 3186 3810 3256 quibus
3849 3185 3917 3237 ait
3944 3201 3955 3234 :
3981 3180 4022 3233 Si

843 3308 962 3347 cum
1012 3290 1107 3343 Dei
1154 3307 1254 3342 non
1299 3296 1493 3356 oportet
1527 3287 1739 3356 litigare
1762 3286 1828 3340 ⁸⁸.
1866 3285 2047 3350 Tales,
2099 3288 2406 3343 charissimi
2440 3286 2480 3341 C
2514 3296 2628 3365 quis
2652 3305 2980 3346 externorum
3018 3288 3307 3349 accesserit,
3344 3284 3595 3337 morietur
3614 3281 3679 3333 ".
3715 3277 3900 3333 Omnia
3928 3288 4025 3326 vero

846 3386 1058 3447 fratres,
1091 3382 1489 3445 accusationes,
1538 3390 1592 3433 et
1622 3379 1851 3445 injustas
1878 3386 1973 3431 aut
1998 3380 2217 3433 nocivas
2243 3396 2410 3433 samu-

844 3479 1096 3539 lationes,
1150 3491 1245 3544 pro
1296 3459 1503 3527 viribus
1536 3471 1815 3541 prohibete
1837 3510 1852 3534 ,
1905 3470 2032 3538 quia
2066 3478 2339 3525 contentio
2362 3474 2406 3505 ⁸³

844 3584 1189 3641 summopere
1221 3578 1303 3623 est
1350 3566 1590 3620 vitanda.
1640 3562 1839 3633 Septies
1874 3563 2009 3616 enim
2056 3563 2203 3614 cadet
2229 3563 2407 3630 justus

844 3666 898 3714 in
928 3654 1045 3728 die,
1074 3671 1122 3713 et
1156 3668 1408 3729 resurget,
1438 3658 1598 3729 Limpii
1628 3665 1802 3708 autem
1836 3663 2076 3707 corruerit
2107 3654 2159 3706 in
2192 3654 2407 3707 malum.

844 3752 976 3805 Cum
1003 3751 1245 3804 ceciderit
1278 3749 1522 3803 inimicus
1550 3758 1692 3809 tuus,
1732 3747 1808 3799 ait
1854 3744 2139 3807 Salomon,
2185 3760 2248 3797 ne
2282 3761 2412 3813 ραις

847 3848 995 3909 deas,
1038 3851 1087 3896 et
1138 3844 1190 3894 in
1242 3844 1397 3894 ruina
1441 3842 1552 3911 ejus
1593 3857 1697 3893 non
1740 3838 1963 3893 exsultet
2001 3854 2093 3891 cor
2125 3846 2274 3890 tuum
2300 3854 2320 3901 ;
2349 3853 2410 3889 ne

850 3936 987 4003 forte
1012 3936 1181 3987 videat
1208 3926 1483 3997 Dominus,
1526 3940 1573 3984 et
1612 3931 1889 4001 displiceat
1922 3931 1988 3997 ei,
2031 3940 2080 3984 et
2109 3930 2319 3999 auferat
2345 3930 2409 3981 ab

847 4028 905 4080 eo
942 4029 1075 4080 iram
1121 4042 1292 4081 suam.
1354 4016 1473 4077 Non
1529 4024 1809 4076 contendas
1858 4040 1972 4076 cum
2016 4024 2278 4092 pessimis,
2320 4038 2410 4075 nec

848 4118 1105 4173 trmuleris
1150 4118 1358 4185 impios,
1410 4115 1661 4185 quoniam
1716 4132 1817 4167 non
1863 4115 2051 4172 habent
2109 4116 2410 4182 futurorum

847 4227 987 4279 spem
1031 4209 1177 4272 mali,
1219 4219 1265 4261 et
1315 4208 1531 4259 lucerna
1577 4206 1856 4273 impiorum
1889 4207 2264 4272 exstinguetur.
2299 4201 2409 4257 Nec

847 4302 1108 4357 temuleris
1153 4302 1287 4355 viros
1336 4302 1521 4365 malos,
1564 4316 1655 4352 nec
1700 4298 1961 4351 desideres
2013 4314 2122 4350 esse
2153 4313 2270 4349 cum
2310 4298 2407 4359 eis,

847 4395 971 4463 quia
1010 4391 1248 4459 rapinam
1284 4392 1568 4444 meditatur
1606 4407 1746 4442 mens
1771 4406 1969 4454 eorum,
2007 4400 2055 4442 et
2087 4390 2299 4457 fraudes
2329 4389 2414 4441 la-

851 4486 940 4537 bitt
996 4500 1177 4535 eorum
1232 4486 1513 4551 loquuntur
1545 4484 1609 4534 ⁷⁸.
1659 4483 1781 4537 Haec
1817 4492 2024 4547 cavete,
2078 4482 2407 4537 charissimi.

853 4574 978 4630 H330
1019 4574 1373 4636 meditamini,
1406 4584 1459 4626 et
1488 4575 1746 4627 irati-ibus
1780 4574 1833 4626 in
1870 4574 2126 4627 omnibus
2158 4573 2411 4627 solatium

2515 3402 2637 3457 qua:
2683 3371 2889 3438 Doniiui
2918 3391 3064 3445 sunt,
3094 3387 3247 3433 caule
3275 3376 3551 3431 tractanda
3583 3382 3727 3437 sunt,
3760 3381 3813 3424 et
3844 3383 3939 3421 non
3967 3367 4023 3417 li:-

2516 3480 2651 3533 viter
2684 3473 3092 3547 przecipitanda;
3124 3474 3380 3541 quoniam
3411 3477 3465 3522 et
3504 3468 3642 3521 inter
3676 3463 3915 3518 homines
3952 3472 4027 3527 pro

2519 3569 2764 3624 ﬁdelibus
2791 3567 3078 3623 habentur,
3118 3561 3209 3629 qui
3243 3558 3585 3613 dominorum
3616 3562 4024 3609 suorum'causas

2516 3664 2653 3715 bene
2680 3659 3013 3719 custodiunt,
3058 3663 3112 3709 et
3144 3652 3368 3706 lideliter
3396 3658 3646 3711 tractant,
3672 3658 3834 3714 atque
3860 3655 4021 3712 praece-

2516 3768 2607 3822 pta
2640 3751 2996 3804 dominorum
3033 3761 3254 3801 suorum
3304 3747 3442 3800 bene
3473 3739 3803 3801 custodiunt,
3844 3743 3895 3788 et
3942 3744 4022 3782 non

2519 3818 3001 3908 transgrediuntur.
3028 3831 3132 3886 Pro
3159 3826 3465 3886 inﬁdelibus
3492 3843 3617 3882 vero
3647 3829 3947 3897 reputantur
3967 3818 4025 3875 hi.

2516 3932 2608 4001 qui
2656 3929 3000 3983 dominorum
3043 3941 3263 3981 suorum
3313 3936 3507 3975 causas
3563 3920 3777 3970 incaute
3806 3921 3857 3966 et
3886 3908 4023 3976 negli-

2518 4033 2702 4093 genter
2745 4030 2975 4075 tractant
2996 4029 3097 4094 ,Iet
3139 4024 3401 4091 praecepta
3431 4024 3625 4089 eorum
3660 4003 3962 4074 despiciunt,
3985 4006 4024 4050 et

2517 4130 2645 4179 non,
2682 4123 2740 4167 ut
2766 4112 2981 4174 debent,
3020 4110 3353 4164 custodiunt.
3383 4104 3510 4158 Ideo
3541 4102 3652 4154 haec
3682 4096 4023 4168 praemisimus,

2519 4215 2578 4260 ut
2600 4212 2961 4275 cognoscatur
2983 4202 3050 4253 ab
3077 4200 3179 4262 bis,
3211 4197 3410 4267 quibus
3438 4191 3767 4260 incognitum
3792 4197 3888 4249 est,
3910 4182 4021 4253 quod

2517 4307 2573 4352 et
2616 4296 2921 4352 sacerdotes
2963 4306 3101 4361 quos
3128 4290 3227 4344 sibi
3266 4288 3525 4341 Dominus
3549 4282 3616 4336 de
3646 4280 3892 4333 omnibus
3914 4276 4022 4329 asci-

2517 4394 2612 4457 vit,
2644 4397 2697 4444 et
2731 4405 2861 4444 suos
2895 4403 3015 4441 esse
3042 4384 3233 4441 voluit,
3268 4397 3375 4434 non
3412 4386 3535 4433 sunt
3561 4374 3746 4428 leviter
3779 4368 4020 4425 tractandi.

2517 4500 2620 4538 nec
2648 4480 2939 4543 lacerandi,
2978 4493 3075 4532 nec
3098 4484 3297 4530 temere
3321 4466 3609 4526 accusandi
3655 4473 3749 4517 aut
3774 4460 4021 4527 reprehen-

2517 4576 2698 4637 dendi,
2751 4574 2852 4626 nisi
2892 4588 2922 4625 a
2963 4569 3238 4639 magistris
3266 4566 3399 4627 suis,
3443 4558 3700 4630 quoniam
3725 4570 3899 4611 eorum
3926 4564 4023 4603 cau-

852 4673 1101 4737 przestate
1138 4681 1150 4716 :
1191 4663 1324 4741 quia.
1364 4664 1417 4713 in
1460 4664 1552 4714 Itoc
1586 4674 1888 4731 cognoscent
1924 4672 2097 4715 omnes
2127 4703 2141 4726 ,
2198 4672 2254 4716 ut
2297 4663 2401 4731 ipsa

2463 4642 2494 4693 )i
2517 4685 2604 4724 sas
2641 4666 2744 4721 sibi
2791 4665 3051 4717 Dominus
3095 4672 3371 4714 reservare
3398 4652 3602 4713 voluit,
3655 4656 3715 4703 et
3736 4663 3833 4702 suo
3859 4638 4021 4734 judicio

851 4774 945 4826 per
984 4764 1042 4811 s'e
1082 4754 1289 4808 Veritas
1322 4755 1425 4816 ait,
1463 4756 1709 4823 quoniam
1750 4757 1847 4806 mei
1890 4756 2014 4807 estis
2048 4755 2317 4823 discipuli,
2366 4757 2411 4808 si

851 4851 1178 4903 dilectionem
1222 4846 1505 4899 habueritis
1547 4845 1614 4897 ad
1646 4846 1864 4897 invicem
1886 4847 1951 4896 τ’.
1982 4844 2038 4897 Si
2069 4860 2111 4898 ei
2140 4846 2209 4897 itu
2245 4846 2297 4897 in
2325 4860 2401 4897 re-

856 4942 955 4993 bus
984 4942 1028 4971 "
1074 4938 1425 4993 Siecularibus
1458 4950 1614 4989 suum
1650 4937 1911 5003 cujusque
1942 4937 2032 5003 jus
2083 4948 2135 4989 et
2165 4935 2413 5006 proprius

853 5033 984 5084 ordo
1013 5031 1309 5086 servandus
1343 5040 1454 5093 est,
1498 5038 1699 5098 quanto
1737 5030 1907 5098 magis
1941 5030 1991 5081 in
2026 5028 2413 5083 ecclesiasticis

851 5124 1293 5189 dispositionibus
1330 5124 1474 5175 nulla
1523 5122 1681 5178 debet
1711 5121 1892 5177 induci
1937 5122 2226 5175 confusio?
2257 5120 2408 5185 Quod

853 5217 954 5267 isia
985 5215 1361 5274 observatione
1403 5216 1797 5281 observabitur,
1854 5217 1897 5269 si
1950 5217 2081 5269 nihil
2136 5214 2408 5284 potestati,

853 5308 947 5361 sed
984 5313 1153 5359 totum
1192 5307 1426 5373 aequitati
1477 5309 1747 5362 tribuitur.
1795 5306 1948 5361 Unde
1970 5317 2182 5361 constat
2203 5308 2412 5377 episco-

2520 4756 2804 4810 vindicari.
2854 4751 2986 4804 Nam
3018 4752 3071 4802 in
3106 4750 3191 4801 his
3215 4757 3267 4800 et
3295 4749 3345 4797 in
3378 4742 3498 4795 aliis
3528 4741 3802 4807 praeceptis
3832 4725 4021 4787 Domini.

2517 4856 2571 4909 et
2612 4844 2801 4898 ﬁdeles
2824 4820 3262 4910 cognoscuntur,
3301 4844 3355 4889 et
3406 4830 3647 4884 inﬁdeles
3690 4827 4020 4896 reprobantur.

2521 4936 2805 4990 'l‘olerandi
2853 4936 2997 4987 enim
3032 4932 3083 4985 hi
3129 4938 3257 4985 sunt
3298 4924 3478 4995 potius
3531 4939 3559 4975 a
3606 4922 3864 4983 ﬁdelibus,
3895 4922 4021 4982 qua!"

2517 5027 2880 5097 exprobrandi
2905 5066 2919 5090 ,
2956 5023 3117 5077 veluti
3142 5021 3294 5091 palea
3325 5031 3445 5071 cum
3478 5016 3653 5069 tritico
3677 5056 3692 5080 ,
3721 5025 3884 5081 usque
3908 5004 3947 5035 ⁸⁸
3975 4998 4022 5097 fni

2522 5121 2768 5173 ultimum
2797 5118 3180 5176 ventilabrum,
3215 5116 3353 5167 sicut
3378 5110 3553 5179 pisces
3581 5110 3702 5163 mali
3736 5118 3852 5161 cum
3884 5092 4019 5147 benis.

2520 5232 2689 5283 usque
2725 5214 2788 5267 ad
2820 5210 3244 5282 segregationem
3267 5249 3281 5271 ,
3316 5221 3435 5275 qua:
3464 5204 3641 5258 futura
3676 5210 3758 5255 est
3784 5198 3832 5248 in
3860 5188 4019 5283 littore,

2516 5272 2619 5362 hoc
2659 5317 2761 5371 est,
2817 5272 3022 5358 invliuve
3067 5300 3269 5356 saeculi.
3312 5272 3626 5352 Nullatenus
3656 5303 3784 5359 ergo
3814 5272 4019 5354 Ροιθ³⁸⁸¹

930 5444 972 5475 ⁸*
1013 5442 1130 5495 Act.
1162 5459 1232 5505 iv,
1264 5444 1349 5497 32.
1424 5447 1467 5477 '°
1509 5446 1695 5500 Matth.
1742 5464 1835 5509 vn,
1872 5447 1973 5512 12;
2023 5445 2133 5499 Luc
2160 5464 2231 5499 vr.
2326 5445 2366 5475 “
2393 5442 2525 5497 Tol).
2559 5459 2629 5504 iv,
2689 5442 2772 5507 i6;
2810 5440 2994 5512 Matth,
3023 5455 3155 5501 xvii,
3187 5437 3274 5502 59;
3312 5429 3714 5512 blarc._xtl.§ii
3741 5411 4021 5512 ElfcﬁfZ’

854 5517 900 5548 "
938 5513 1095 5587 Rom.
1134 5514 1358 5587 nillil).
1435 5517 1478 5547 ³³
1500 5517 1685 5571 Auibr.
1714 5535 1797 5587 ep.
1825 5518 1911 5571 64.

854 5586 978 5654 Coll.
1024 5587 1109 5635 19.
1220 5583 1261 5615 ⁸⁷
1292 5584 1347 5638 2.
1383 5601 1439 5654 q.
1502 5587 1529 5638 7
1557 5606 1567 5638 :
1592 5583 1761 5641 Sicut-
1792 5588 2117 5642 sacerdotes.

855 5654 896 5728 ξ’
922 5653 1079 5709 Joau.
1103 5670 1232 5728 _x1II_,
1272 5655 1357 5707 55.
1402 5653 1415 5654 ί
1454 5656 1498 5687 ⁷¹
1526 5655 1606 5728 ⁸5.
1660 5657 1817 5728 Greg.
1844 5674 1927 5728 cp.
1983 5658 2072 5710 lii
2106 5658 2196 5709 lib.
2229 5673 2322 5710 vn.

855 5725 900 5754 ⁷ο
926 5728 979 5779 5.
1011 5741 1065 5796 q.
1091 5724 1116 5796 Vl
1157 5726 1343 5796 :__Deus
1369 5740 1497 5795 ergo
1521 5725 1731 5779 fratres.

856 5884 906 5923 ε.
938 5868 1025 5923 bi.

1806 5730 1851 5757 ⁷⁸
1880 5726 2107 5782 Proclus
2137 5744 2220 5795 ep.
2254 5728 2320 5780 ad
2345 5726 2666 5780 Domumum
2688 5727 2813 5776 Ant.

859 5811 875 5847 ι
929 5796 991 5851 iii
1027 5787 1045 5796 ’
1081 5795 1127 5828 ⁸⁸
1180 5794 1237 5850 S.
1293 5787 1521 5867 Augu'st.
1555 5809 1606 5849 tv
1636 5797 1845 5853 advers.
1870 5798 2077 5863 Cresc,
2100 5787 2192 5861 26',
2216 5800 2354 5853 etde
2382 5798 2608 5867 utilitate
2636 5795 2979 5866 paenitentiae,
3012 5806 3128 5860 cap.
3184 5787 3269 5841 12.

1992 5490 2278 5570 6“ulidria-n.
2304 5490 2572 5569 Coll-dig.-
2590 5490 2597 5494 ⁷
2616 5490 2664 5545 ἶδ
2970 5490 3460 5581 Siispe'ctos:autem
3474 5490 3708 5581 inimim
3769 5490 4018 5581 “Adrisit.

2197 5587 2239 5617 ⁸⁸
2293 5586 2335 5638 ll
2400 5585 2537 5637 Tini.
2590 5602 2645 5639 tt.

2434 5656 2478 5685 ⁷³
2508 5658 2649 5709 Idem
2680 5670 2764 5723 ep.
2806 5653 2872 5705 66
2901 5652 3140 5723 ejusdem
3187 5647 3327 5723 lib_ri_.

3400 5575 3447 5618 η
3474 5570 3633 5622 Prov.
3662 5581 3802 5625 xxiv,
3820 5561 3876 5615 i7
3902 5568 4016 5634 sedg-

3428 5641 3473 5672 ⁷⁸
3500 5640 3711 5692 Denter.
3761 5647 3911 5690 miti,
3958 5629 4017 5675 Π.

3440 5711 3487 5742 ⁷⁸
3512 5707 3646 5763 Ibid.
3824 5704 3864 5735 ⁷⁸
3888 5698 4017 5753 Num-

3371 5781 3413 5813 ⁸⁸
3445 5778 3629 5834 Const.
3665 5777 3729 5831 ιι.
3758 5776 3870 5832 coll.
3917 5764 4017 5821 Aﬁr.

2723 5578 3025 5636 "'Adrian.
3082 5581 3202 5632 coll.
3256 5578 3306 5631 5.

2887 5714 3111 5775 ⁷⁷’Νιιιιι.
3142 5735 3221 5779 ιιι,
3251 5714 3339 5768 52.
