4104 6350
70 420 161 475 1%
1490 415 1843 475 εριετοωε
1854 459 1866 471 .
1886 435 1890 439 ‘

3182 416 3277 471 l9}

67 535 435 607 condemnari.
463 536 707 591 humano
742 535 1010 603 examine,
1043 551 1202 606 quem
1228 533 1371 593 Deus
1406 512 1510 593 suo
1528 538 1619 607 ju-
1648 557 1692 611 Α
1720 536 1965 591 carnales
1991 535 2296 605 spirituales
2322 534 2592 590 infcstentf
2619 533 2843 598 Idcirco,
2876 542 2931 587 ut
2958 532 3274 603 prmdictum

67 626 194 679 ιιίρίο
238 628 574 691 reservavit,
619 634 678 681 ut
706 625 1041 695 propositum
1075 625 1201 692 Dei,
1237 643 1346 696 quo
1382 628 1620 682 decrevit

68 717 268 770 satiare
299 717 454 787 quod
486 718 743 787 perierat,
784 716 878 769 fiat
902 717 1194 772 immobile.
1229 718 1292 771 Et
1322 718 1462 785 ideo,
1490 721 1617 788 quia

67 810 306 863 voluntas
338 809 461 878 ejus
509 825 614 863 non
659 810 994 874 immolatur,
1033 811 1211 885 nullus
1239 820 1525 879 praesumat
1556 826 1617 864 ea

68 913 173 966 qua
243 888 365 951 Sibi
426 913 534 952 non
605 907 731 953 sunt
801 914 1079 955 concessa.
1149 897 1301 953 Unde
1358 906 1440 953 est
1488 899 1619 952 illud

71 988 196 1057 quod
232 987 535 1057 Apostolus
577 989 815 1059 loquitur
850 990 1034 1045 dicens
1071 1008 1084 1043 :
1124 988 1256 1042 lam
1282 990 1492 1059 quidem
1515 1006 1620 1043 om-

69 1083 175 1133 nino
204 1080 462 1134 delictum
491 1090 589 1146 est,
633 1083 758 1150 quia
781 1081 993 1150 judicia
1037 1082 1236 1135 habetis
1267 1082 1547 1135 vobiscum.
1571 1082 1618 1114 ⁸³
1652 1140 1655 1141 ν

77 1174 230 1235 Quare
256 1189 363 1225 non
413 1174 581 1243 magis
608 1174 934 1244 iniquitatem
959 1176 1250 1243 patimini?
1300 1177 1474 1239 Quare
1517 1192 1619 1228 non

70 1266 231 1330 potius
262 1266 593 1329 {raudumini
614 1265 699 1318 ”?
730 1266 808 1319 Ad
831 1266 960 1319 illud
996 1267 1242 1320 redeatur
1264 1260 1407 1334 quod
1433 1265 1618 1319 Domi-

72 1372 171 1409 nus
190 1357 261 1409 ait
295 1376 308 1409 :
339 1354 544 1427 Siquis
584 1355 799 1410 uoluerit
827 1359 1055 1410 tunicam
1085 1366 1229 1410 tuam
1264 1358 1463 1422 tollere,
1491 1368 1538 1410 et
1564 1359 1617 1410 in

74 1448 254 1513 iudicio
283 1458 456 1501 tecum
493 1450 827 1513 contendere,
867 1450 1073 1501 dimitte
1114 1447 1160 1501 ei
1208 1459 1257 1502 et
1286 1448 1508 1518 pallium
1550 1448 1614 1500 “.

76 1540 131 1593 Et
154 1542 254 1594 alio
280 1542 406 1595 loco
437 1560 450 1593 :
486 1540 589 1605 Qui
618 1533 788 1610 aufert
818 1558 934 1612 qua:
960 1551 1051 1594 tua
1075 1550 1215 1605 sunt,
1241 1557 1301 1594 ne
1328 1549 1526 1609 repetas
1550 1540 1615 1593 ⁸³.

83 1631 196 1684 Sunt
226 1641 415 1686 autem
447 1633 692 1701 quaedam
719 1675 733 1699 ,
797 1650 918 1704 qua:
961 1634 1232 1687 levissima
1280 1642 1617 1701 putarentur,

79 1725 165 1777 nisi
209 1724 264 1778 in
322 1722 628 1794 Seripturis
668 1725 1165 1779 demoustrarcntur
1213 1724 1467 1792 Opinione
1496 1740 1619 1792 gra-

73 1818 231 1869 tiora.
283 1814 421 1882 Quis
478 1808 716 1884 unquam
748 1816 1014 1871 dicentem
1057 1816 1209 1870 fratri
1252 1831 1351 1871 suo
1384 1834 1397 1869 :
1429 1814 1616 1879 Fatue,

76 1923 216 1961 reum
248 1909 502 1977 gehennae
531 1908 763 1977 putaret,
789 1908 893 1962 nisi
920 1910 1030 1977 ipsa
1059 1905 1267 1962 Veritas
1289 1908 1356 1939 δ”
1381 1908 1622 1962 diceret?
1655 1897 1693 1949 Β

76 2000 146 2051 liii
177 2014 300 2053 vero
349 2000 508 2069 "qui
559 2000 647 2053 illa
702 2008 919 2068 peccata
947 2008 1286 2069 perpetrant,
1320 1999 1387 2053 de
1425 1998 1623 2067 quibus

74 2094 348 2162 Apostolus
379 2095 507 2147 ait:
553 2093 818 2157 Quoniam
862 2094 951 2162 qui
997 2092 1127 2148 talia
1176 2101 1355 2160 agunt,
1412 2105 1623 2159 regnum

80 2182 163 2235 Dei
184 2198 282 2235 non
322 2192 700 2251 consequentur
721 2184 801 2248 ⁸⁷,
826 2184 996 2237 κγειωθ
1023 2183 1244 2236 cavendi
1276 2190 1435 2245 sunt,
1474 2188 1526 2233 ct
1556 2179 1621 2231 ad

77 2276 511 2335 emendationem,
544 2274 585 2327 si
610 2272 907 2327 voluntarie
924 2274 1209 2336 noluerint,
1234 2270 1619 2340 compellendi;

79 2367 183 2433 quia
207 2364 445 2419 infamiae
477 2364 705 2419 maculis
727 2373 853 2431 sunt
880 2364 1107 2432 aspersi,
1138 2374 1189 2417 et
1219 2365 1270 2416 in
1303 2364 1621 2416 barathrum

74 2457 402 2522 delabuntur,
443 2457 545 2510 nisi
568 2457 645 2509 eis
673 2455 994 2523 sacerdotali
1032 2454 1352 2507 auctoritate
1382 2453 1616 2507 subven-

72 2558 175 2600 tum
235 2547 417 2602 fuerit.
464 2546 725 2601 Similiter
769 2546 930 2601 etilli
980 2546 1047 2600 de
1094 2547 1293 2615 quibus
1339 2545 1452 2614 ipse
1493 2546 1612 2598 ait:

69 2636 198 2691 Cum
245 2639 602 2707 hujuscemodi
639 2639 930 2692 hominibus
975 2654 1065 2691 nec
1106 2636 1279 2689 cibum
1319 2654 1518 2691 sumere
1542 2637 1618 2700 ⁸⁸;

71 2730 152 2797 qui
176 2728 395 2782 infamia
424 2738 552 2783 sunt
577 2730 747 2783 notati
772 2739 1059 2798 antequam
1087 2728 1406 2783 sacerdotali
1430 2737 1617 2781 aucto-

74 2822 215 2873 ritate
238 2831 536 2886 saneutur,
574 2832 628 2877 et
667 2822 720 2877 in
748 2822 952 2891 gremio
982 2830 1181 2876 sancta!
1212 2823 1400 2874 matris
1436 2820 1619 2873 Eccle-

80 2922 151 2972 sia
178 2917 651 2986 reriimegrentur;
686 2919 811 2987 quia
844 2917 933 2986 qui
952 2926 1102 2969 extra
1130 2931 1229 2968 nos
1261 2923 1406 2978 sunt,
1432 2912 1617 2965 nobis-

80 3028 173 3062 cum
217 3011 631 3064 communicare
690 3026 795 3062 non
851 3016 1095 3076 possunt.
1148 3000 1493 3058 Manifestum
1538 3011 1620 3055 est

74 3105 219 3166 enim,
251 3105 405 3172 quod
437 3104 491 3155 lii
530 3112 677 3155 extra
716 3117 813 3153 nos
850 3109 1007 3163 sunt,
1057 3106 1109 3151 et
1141 3114 1171 3150 a
1212 3096 1367 3149 nobis
1398 3095 1617 3167 discreti

75 3212 175 3250 esse
196 3196 423 3260 debent,
471 3211 595 3248 cum
626 3194 821 3261 quibus
852 3209 949 3246 nos
982 3206 1079 3245 nec
1099 3191 1277 3251 edere,
1314 3204 1413 3243 nec
1436 3189 1613 3241 cibum

74 3303 269 3341 sumere
305 3288 454 3340 licet.
501 3284 756 3338 Similiter
782 3293 833 3337 ct
868 3298 1056 3336 omnes
1084 3296 1348 3350 personas,
1390 3280 1619 3348 quibus-

77 3380 183 3432 libet
228 3378 664 3447 turpitudinibus
692 3392 754 3431 ac
785 3375 1206 3431 scurrilitatibus
1228 3373 1501 3441 subjertze,
1537 3373 1619 3426 in-

76 3470 226 3524 fames
257 3482 392 3524 sunt
423 3469 661 3535 cﬂectte;
691 3476 745 3523 et
788 3484 976 3522 omnes
1002 3468 1068 3531 ⁸³,
1107 3467 1198 3541 qui
1230 3465 1489 3519 adversus
1526 3480 1621 3532 pa-

76 3576 168 3618 tres
187 3571 478 3616 armantur
499 3603 513 3626 ,
548 3560 775 3616 infames
807 3556 1131 3613 efficiuntur.
1174 3560 1399 3612 Arcnam
1429 3572 1544 3609 vero
1572 3565 1620 3608 et

77 3654 216 3707 talem
244 3664 294 3707 et
322 3670 555 3707 mussant
601 3653 727 3721 ferri
760 3652 969 3722 [acilius
996 3659 1070 3703 est
1099 3661 1328 3717 portare,
1357 3649 1624 3717 quamha-

80 3750 247 3798 minent
272 3746 655 3814 imprudentem
678 3754 723 3797 et
755 3744 958 3812 fatuum
978 3750 1131 3808 atque
1158 3740 1376 3806 impium
1396 3738 1460 3788 9°.
1482 3736 1624 3799 Quo-

81 3841 204 3889 niam
240 3840 333 3908 qui
365 3840 665 3891 minoratur
705 3835 889 3900 corde,
931 3832 1125 3900 cogitat
1184 3830 1398 3893 inania;
1444 3836 1491 3880 et
1546 3828 1625 3880 vir

84 3930 362 3994 imprudens
400 3938 451 3981 et
481 3942 685 3989 errans,
717 3926 908 3993 cogitat
952 3920 1114 3975 stulta
1147 3921 1213 3971 ³³.
1251 3918 1445 3971 Multos
1483 3919 1623 3971 enim

86 4019 424 4085 supplantavit
458 4016 687 4083 suspicio
716 4015 948 4076 illorum,
982 4021 1029 4065 et
1058 4014 1114 4064 in
1152 4012 1376 4065 uanitate
1400 4009 1623 4064 detinuit

85 4124 239 4161 tenus
256 4106 495 4160 illorum.
511 4103 615 4157 Cor
634 4104 823 4156 durum
848 4101 984 4155 male
1007 4103 1212 4156 habebit
1236 4104 1289 4156 in
1311 4104 1624 4166 novissimo;

84 4201 227 4266 tiqui
253 4208 399 4252 amat
430 4196 753 4267 periculum,
798 4197 853 4248 in
898 4197 1007 4263 ipso
1048 4186 1253 4264 peribit.
1302 4195 1407 4249 Cor
1453 4196 1626 4265 ingre-

88 4293 210 4342 diens
235 4290 370 4343 duas
399 4290 535 4352 vias,
566 4303 665 4339 non
692 4286 896 4345 habebit
924 4286 1170 4353 requiem,
1206 4298 1253 4339 et
1275 4287 1424 4354 prati
1452 4286 1623 4339 cordis

90 4384 132 4431 in
154 4382 193 4413 ”
214 4382 321 4434 illis
350 4380 821 4434 scandalizabitur.
856 4377 960 4431 Cor
986 4394 1205 4447 nequam
1242 4379 1545 4446 gravabitur
1569 4380 1619 4429 in

95 4472 331 4526 doloribus
352 4516 367 4539 ,
398 4480 451 4526 et
478 4482 719 4540 peccator
747 4471 960 4539 adjiciat
986 4470 1055 4523 ad
1078 4470 1394 4537 pc‘ccandum
1421 4470 1486 4521 ⁸³.
1518 4468 1621 4521 Ta-

1719 638 1821 693 est,
1851 638 2174 689 statuerunt,
2222 636 2723 693 ne‘accusarentur,
2771 634 2865 681 aut
2904 628 2949 681 si
2982 627 3136 683 aliter
3164 625 3278 680 fieri

1720 735 1828 773 non
1860 720 2053 790 possit,
2088 719 2413 787 perditﬁcilis
2445 736 2631 774 eorum
2659 719 2808 773 fieret
2836 719 3146 784 accusatio,
3170 726 3225 772 et
3249 733 3279 771 a

1720 792 1955 880 quibus,
1995 820 2053 863 ut
2088 826 2252 878 supra
2302 811 2506 864 dictum
2538 819 2648 875 est,
2696 826 2805 863 non
2840 818 3278 879 praesumeretur,

1720 916 1893 969 neque
1924 916 1954 954 a
1996 901 2229 970 propriis
2254 900 2472 956 sedibus
2504 911 2596 956 aut
2619 899 2875 956 Ecclesiis
2910 900 3149 970 episcopi
3179 899 3281 969 eji-

1722 992 2065 1047 cerentur".
2115 992 2271 1058 Quod
2318 992 2363 1046 si
2402 994 2672 1062 quomodo
2696 1003 3085 1063 praesumptum
3119 990 3284 1046 fuerit

1721 1097 2011 1154 antequam
2044 1093 2097 1138 et
2127 1084 2377 1159 proprius~
2403 1084 2555 1139 locus
2575 1126 2589 1149 ,
2626 1094 2679 1139 et
2713 1086 2811 1140 sita
2840 1084 3020 1138 omnia
3048 1084 3128 1138 eis
3152 1082 3281 1161 legi-

1723 1176 1825 1231 bus
1848 1177 1893 1207 "
1934 1175 2461 1244 redintegrarentur,
2494 1176 2797 1229 nullatenus
2827 1190 2856 1227 a
2894 1186 3165 1244 quoquam
3194 1189 3284 1228 ac-

1722 1276 2048 1321 cusarentur
2089 1275 2183 1320 aut
2214 1267 2668 1331 criminarentur,
2700 1276 2751 1320 et
2778 1266 2879 1321 nisi
2908 1275 3098 1334 sponte
3118 1264 3287 1334 elege-

1722 1359 1865 1420 rint,
1896 1357 2150 1426 cuiquam
2180 1372 2279 1426 pro
2309 1358 2503 1412 talibus
2530 1374 2634 1410 non
2658 1358 2700 1389 ⁸⁷
2742 1357 3161 1426 responderent;
3189 1355 3283 1410 sed

1722 1458 2032 1519 postquam,
2054 1457 2114 1503 ut
2145 1452 2423 1519 praeﬁxum
2453 1460 2555 1515 est,
2587 1450 2822 1504 restituti
2856 1448 3076 1513 fuerint,
3102 1456 3155 1503 et
3184 1462 3282 1502 sua
3338 1494 3343 1501 .

1719 1543 1899 1596 omnia
1927 1542 2005 1597 eis
2035 1542 2242 1613 legibus
2274 1542 2653 1611 redintegrata,
2686 1542 2959 1611 dispositis
2992 1542 3284 1597 ordinatis-

1725 1652 1831 1701 que
1860 1637 1996 1699 suis,
2047 1626 2305 1706 magnum
2362 1637 2622 1705 spatium,
2666 1636 2930 1689 tractandi
2977 1650 3160 1698 causa,
3205 1636 3285 1688 eis
3327 1660 3332 1664 -

1723 1730 2146 1793 concederetur;
2187 1737 2240 1782 et
2276 1737 2485 1799 postea,
2517 1730 2560 1783 si
2590 1745 2809 1783 necesse
2843 1727 3024 1792 fuerit,
3072 1726 3288 1795 regula-

1726 1822 1856 1875 riter
1900 1819 2100 1883 vocati,
2131 1818 2379 1874 venirent
2405 1821 2468 1873 ad
2502 1836 2759 1885 causam;
2810 1829 2861 1874 et
2901 1819 2945 1875 si
2972 1819 3177 1888 justum
3209 1817 3285 1870 vi-

1726 1928 1845 1966 sum
1877 1910 2073 1975 fuerit,
2120 1912 2497 1965 accusantium
2528 1911 2989 1981 propositionibus
3018 1915 3288 1964 sustenta-

1727 2004 1872 2077 tione
1919 2002 2147 2057 fratrum
2183 2004 2585 2072 responderent.
2640 2001 2792 2055 Nulla
2830 1993 2984 2057 enim
3027 2003 3289 2071 permittit.
3370 2062 3374 2067 ,

1725 2096 1866 2148 ratio
1899 2094 1965 2160 ⁸⁸,
2004 2095 2132 2149 dum
2169 2095 2233 2148 ad
2276 2104 2486 2164 tempus
2520 2110 2705 2148 eorum
2743 2096 2879 2147 bona
2922 2093 3289 2147 vel'Ecclesia!

1724 2198 1885 2254 atque
1930 2201 2020 2241 res
2054 2186 2119 2240 ab
2151 2188 2359 2243 aemulis
2388 2195 2481 2239 aut
2519 2201 2549 2239 a
2584 2186 3000 2254 quibuscunque
3031 2185 3277 2238 delinen-

1724 2286 1831 2341 tur,
1886 2286 1945 2331 ut
1976 2278 2178 2346 aliquid
2231 2278 2338 2331 illis
2392 2277 2552 2345 objici
2582 2277 2792 2330 debeat.
2843 2274 2951 2330 Nec
2998 2276 3283 2345 quisquam

1726 2379 1900 2437 potest
1929 2372 2008 2425 eis
2035 2386 2253 2440 quoquo
2282 2371 2442 2424 modo
2469 2370 2734 2439 quidlibet
2764 2368 3033 2437 majorum
3066 2368 3145 2422 vel
3182 2367 3284 2421 mi—

1727 2463 2189 2532 norumobjiccrc
2211 2504 2226 2529 ,
2262 2464 2390 2516 dum
2418 2462 2686 2524 ecclesiis,
2714 2461 2898 2524 rebus,
2937 2468 3029 2514 aut
3053 2469 3288 2529 potesta-
3368 2508 3371 2509 ,

1725 2552 1867 2606 tibus
1896 2564 2082 2607 carent
2112 2556 2243 2608 suis.
2276 2554 2535 2608 Similiter
2567 2562 2838 2607 statutum“
2861 2562 2947 2608 est
2973 2554 3030 2621 _”
3053 2593 3067 2617 ,
3107 2564 3159 2608 et
3192 2569 3290 2607 nos

1721 2645 1908 2697 eadem
1968 2654 2168 2698 statuta
2199 2645 2499 2709 ﬁrmantes,
2542 2644 2851 2709 statuimus,
2906 2652 2965 2697 ut
3007 2645 3052 2699 si
3097 2644 3292 2713 aliquis

1722 2735 2047 2789 clericorum
2100 2735 2534 2805 suis_episcopis
2586 2732 2816 2787 infestus
2863 2747 2956 2788 aut
3007 2736 3292 2789 insidiator

1722 2823 1905 2895 fuerit,
1951 2840 2155 2893 eosque
2195 2826 2473 2878 criminari
2512 2825 2763 2890 voluerit,
2810 2834 2904 2879 aut
2940 2826 3293 2895 ,conspirator

1720 2916 1901 2981 fuerit,
1938 2928 1993 2969 ut
2032 2932 2157 2969 mox
2191 2926 2315 2969 ante
2353 2917 2721 2969 examinatum
2756 2916 3021 2985 judicium
3060 2918 3287 2972 submo-

1720 3020 1807 3063 tus
1854 3026 1882 3061 a
1914 3009 2079 3069 clero,
2113 3010 2277 3063 curia:
2310 3010 2325 3041 ί
2376 3009 2639 3074 tradatur,
2672 3009 2759 3061 cui
2782 3001 2982 3062 'diebns
3024 3010 3147 3062 vitae
3179 3025 3293 3064 suae

1722 3101 2011 3162 deserviat,
2040 3110 2109 3168 _et
2148 3099 2364 3154 infamis
2400 3101 2605 3168 absque
2634 3081 2752 3153 Lulla
2799 3100 3157 3153 restitutionis
3184 3116 3280 3170 spe

1678 3242 1687 3258 ,
1724 3200 2057 3260 permaneat.
2117 3190 2228 3246 Nec
2265 3192 2407 3246 ullus
2443 3207 2678 3260 unquam
2719 3201 3030 3260 praesumat,
3074 3180 3319 3247 accusa;

1725 3293 1873 3335 sator
1916 3281 2077 3336 simul
2120 3297 2239 3335 esse
2284 3290 2337 3335 et
2378 3281 2544 3343 iudex
2593 3283 2674 3335 vel
2706 3282 2893 3337 testis:
2927 3280 3185 3351 quoniam
3237 3284 3290 3337 in

1680 3376 1683 3379 “
1724 3375 1871 3426 omni
1901 3374 2106 3442 judicio
2141 3383 2373 3442 quatuor
2397 3389 2657 3440 personas
2688 3389 2907 3427 necesse
2956 3384 3039 3427 est
3081 3388 3293 3443 semp:-r
3362 3392 3363 3395 ‘

1723 3466 1932 3530 adesse,
1990 3466 2039 3518 id
2074 3474 2174 3525 est,
2202 3463 2414 3531 judices
2456 3464 2676 3527 electos,
2715 3473 2768 3517 et
2817 3473 3183 3527 accusatores,
3228 3480 3292 3517 ac

1722 3560 2056 3622 defensores,
2089 3568 2248 3627 atque
2298 3567 2480 3611 testes.
2514 3555 2774 3611 Similiter
2801 3567 3123 3623 statuentes,
3159 3573 3292 3626 apo-

1723 3654 1912 3707 stolica
1966 3653 2285 3705 auctoritate
2331 3650 2623 3720 jubemus,
2680 3665 2747 3703 ne
2800 3654 3071 3718 pastorem
3129 3666 3287 3704 suum

1723 3762 1871 3811 oves,
1902 3760 2023 3813 quae
2051 3744 2099 3798 ei
2140 3743 2446 3798 commissae
2471 3741 2744 3807 fuerant’,
2782 3741 2883 3794 nisi
2926 3742 2977 3795 in
3010 3742 3110 3795 fide
3140 3758 3290 3796 crra-
3364 3750 3367 3755 ‘

1725 3837 1885 3900 verit,
1916 3834 2309 3903 reprehendere
2360 3832 2557 3886 audeat
2591 3854 2601 3886 :
2642 3832 2770 3901 quia
2798 3831 2948 3885 facta
2970 3835 3291 3901 ρι’ςιεροδὶιοοο
3355 3900 3358 3902 γ

1724 3943 1868 3990 rum,
1904 3927 2015 3980 oris
2054 3925 2232 3995 gladio
2264 3914 2556 3977 "ferienda
2589 3938 2696 3975 non
2730 3932 2875 3983 sunt,
2910 3939 3087 3991 neque
3116 3933 3289 3991 potest

1723 4021 1846 4074 esse
1874 4018 2173 4087 discipulus
2208 4030 2370 4083 super
2407 4015 2724 4083 magistrum
2748 4053 2763 4079 ,
2797 4016 3007 4068 dicente
3042 4014 3288 4071 Veritatis

1724 4126 1855 4166 voce
1890 4128 1901 4162 :
1942 4108 2061 4160 Non
2085 4116 2161 4159 est
2195 4104 2483 4173 discipulus
2513 4120 2666 4172 super
2696 4106 3027 4173 magistrum,
3072 4122 3160 4158 nec
3181 4123 3287 4159 ser-

1728 4218 1817 4254 vus
1849 4215 2003 4267 super
2053 4198 2321 4250 dominum
2349 4212 2499 4248 suum
2531 4195 2570 4249 ‘.
2623 4194 2845 4250 0dibilis
2894 4209 3068 4249 autent
3109 4214 3286 4251 coram

1725 4290 1833 4342 Deo
1873 4297 1917 4358 et
1948 4286 2240 4339 hominibus
2265 4295 2340 4338 est
2370 4286 2610 4353 superbia
2630 4326 2644 4349 ,
2673 4295 2721 4338 et
2749 4286 3087 4339 exsecrabilis
3115 4289 3286 4341 omnis

1724 4380 2000 4448 iniquitas.
2061 4376 2301 4430 Perdidit
2335 4377 2471 4430 Deus
2499 4378 2803 4431 memoriam
2833 4378 3209 4449 superborum,
3236 4389 3285 4431 et

1726 4472 1938 4542 reliquit
1967 4472 2269 4524 memoriam
2294 4471 2571 4523 humilium
2601 4488 2775 4524 sensu.
2809 4468 2990 4523 Semen
3017 4471 3286 4523 hominum

98 4566 149 4616 La
173 4566 466 4635 cogitantes
497 4563 673 4620 sancti
703 4545 955 4632 apostoli,
998 4574 1299 4629 eorumque
1342 4575 1619 4613 successo-
1652 4571 1694 4625 ι)
1724 4562 2083 4626 honorabitur,
2133 4564 2227 4615 hoc
2272 4562 2409 4631 quod
2458 4564 2601 4618 timet
2651 4563 2834 4616 Deum.
2887 4560 3071 4616 Semen
3112 4571 3284 4613 autem

101 4671 165 4709 res
194 4656 257 4719 ",
284 4656 494 4725 Spiritu
520 4653 614 4709 Dei
638 4654 823 4723 repleti
853 4654 1025 4707 malos
1053 4651 1298 4725 homines
1322 4640 1620 4718 praeviden-

102 4756 178 4809 tes,
202 4753 252 4799 et
278 4747 557 4817 simplices
584 4746 1009 4815 considerantes,
1032 4741 1319 4808 diﬂicilem,
1359 4749 1453 4794 aut
1482 4755 1621 4792 nun-

108 4852 231 4903 quam
258 4837 551 4891 voluerunt
575 4851 697 4893 esse
726 4832 1125 4907 accusationem
1158 4832 1520 4894 sacerdotum,
1551 4844 1618 4883 ne

106 4944 130 4979 a
155 4929 282 4984 nalis
312 4929 621 4999 potuissent
660 4927 828 4982 everti
868 4933 962 4980 aut
998 4924 1311 4995 submoveri
1356 4942 1369 4977 :
1408 4923 1535 4992 quia
1571 4923 1614 4976 si

102 5018 187 5073 hoc
242 5020 401 5078 facile
463 5017 845 5072 concederetur
905 5014 1256 5089 saecularibus
1340 5021 1394 5066 et
1459 5014 1615 5066 malis

99 5109 401 5176 hominibus,
456 5116 552 5162 aut
588 5108 789 5173 nullus,
827 5115 921 5161 aut
966 5106 1059 5167 vix'
1087 5103 1341 5174 perpauci
1372 5119 1617 5157 remane-

97 5212 223 5269 rent;
271 5201 531 5273 quoniam
575 5213 787 5267 semper
816 5198 952 5263 fuit,
979 5206 1029 5252 et
1059 5208 1159 5260 est,
1191 5202 1262 5258 et,
1291 5193 1435 5262 quod
1468 5194 1621 5262 pejus

95 5302 181 5359 est,
232 5294 394 5349 nimis
436 5292 599 5362 viget,
634 5298 695 5344 ut
732 5291 859 5343 mali
895 5290 1065 5375 bonos
1112 5294 1524 5368 persequantur,
1570 5297 1625 5339 et

1724 4650 1818 4707 hoc
1857 4653 2282 4718 exhonorabitur,
2320 4656 2455 4722 quod
2499 4654 2730 4723 prwterit
2772 4654 3023 4705 mandata
3052 4651 3281 4705 Domini.

1724 4745 1790 4801 In
1808 4747 1976 4799 medio
2000 4748 2251 4814 fratrum,
2282 4755 2447 4797 rector
2475 4745 2687 4799 illorum
2710 4744 3008 4805 inhonora;
3038 4744 3191 4811 etqui
3218 4744 3286 4795 ti-

1719 4848 1857 4889 ment
1885 4835 2161 4888 Dominum
2187 4874 2201 4897 ,
2244 4845 2393 4887 erunt
2432 4836 2486 4887 in
2511 4836 2673 4887 oculis
2702 4836 2835 4902 ejus.
2906 4832 3035 4898 Fili,
3080 4834 3153 4887 ait
3187 4833 3284 4887 Sa-

1725 4928 1928 4989 lomon,
1980 4926 2035 4977 in
2074 4927 2468 4979 mansuetudine
2502 4942 2647 4977 serra
2679 4926 2908 4976 animam
2944 4937 3109 4989 tuam,
3139 4935 3188 4980 et
3216 4927 3283 4978 da

1696 5018 1803 5069 illi
1843 5016 2108 5079 honorem,
2140 5019 2223 5070 cui
2252 5019 2415 5070 honor
2442 5018 2680 5083 competit
2700 5017 2741 5069 ⁸.
2784 5015 3099 5085 Priusquam
3129 5018 3285 5070 inter-

1724 5124 1890 5177 roges,
1922 5122 1984 5160 ηε
2007 5108 2256 5176 vitupercs
2279 5123 2583 5177 quemquam
2600 5096 2683 5169 ;et
2717 5122 2835 5159 cum
2865 5107 3281 5174 interrogaueris,

1727 5199 1926 5266 corripe
1939 5196 2106 5264 juste.
2144 5197 2458 5266 Priusquam
2492 5197 2702 5257 audias,
2746 5206 2809 5250 ne
2836 5196 3144 5263 respondeas
3177 5211 3282 5247 ver-

1728 5289 1882 5351 bum;
1933 5296 1983 5343 et
2028 5288 2084 5340 in
2138 5286 2305 5341 medio
2360 5287 2622 5339 seniorum
2681 5301 2743 5338 ne
2794 5286 3013 5353 adjicias
3070 5283 3281 5353 loqui‘.

150 5427 193 5460 "
218 5425 274 5483 8.
297 5428 377 5483 Au
419 5436 527 5482 ost.
559 5424 774 5479 Encbir.
812 5439 861 5478 c.
896 5423 962 5477 78
986 5434 1040 5479 et
1060 5424 1144 5479 79.
1218 5420 1263 5452 ⁸⁸
1296 5419 1309 5470 l
1345 5418 1468 5473 Cor.
1494 5437 1568 5485 vr,
1593 5422 1622 5472 7

177 5496 227 5549 ϐ.
280 5513 337 5552 a.
377 5444 455 5552 ἐς
507 5495 584 5550 Illi
633 5496 747 5552 qui.
818 5494 1063 5548 "Galat.
1092 5511 1142 5552 v,
1171 5492 1224 5546 4.
1299 5489 1345 5520 ⁸⁸
1395 5488 1416 5541 l
1467 5489 1626 5543 Corp

1721 5406 1969 5473 vitanti.
2002 5436 2055 5481 ν,
2084 5420 2171 5475 to.
2218 5418 2271 5450 τι
2306 5418 2433 5471 Luc.
2500 5434 2571 5482 vr,
2618 5418 2703 5472 δυ.
2780 5420 2855 5451 ιε*
2888 5416 3074 5470 Matth.
3104 5430 3159 5479 ν,
3188 5394 3277 5469 22.

1721 5493 1799 5544 li.
1876 5490 2169 5545 "Proeliis
2190 5489 2253 5541 ad
2284 5488 2626 5542 Domninuin.
2728 5489 2771 5520 ’°
2792 5488 2952 5540 Eccli.
2992 5502 3138 5550 xx",
3194 5486 3277 5538 18.

100 5496 135 5525 ³⁸
177 5496 227 5549 6.
280 5513 337 5566 q.
377 5492 455 5552 Ξῖ
507 5495 596 5559 Illi,
633 5496 747 5564 qui.
818 5494 862 5526 ⁸⁷
890 5495 1063 5548 Galat.
1092 5511 1142 5556 v,
1171 5492 1224 5546 4.
1299 5492 1345 5520 ⁸⁸
1395 5492 1416 5541 l
1467 5492 1626 5543 Corp

100 5565 314 5639 flia-li.
348 5567 562 5629 “1,23.
600 5586 601 5589 η
637 5566 1047 5639 "pravum‘c’or
1084 5564 1165 5639 in_._
1235 5560 1279 5591 ⁸³
1304 5559 1464 5639 Εςίειίς
1494 5576 1574 5639 tu,
1598 5561 1626 5612 Ξ

1721 5493 1799 5544 Η.
1876 5492 1919 5519 ⁸⁹
1948 5492 2169 5545 Proeliis
2190 5492 2253 5541 ad
2285 5492 2626 5542 Domninum.
2728 5492 2771 5520 "
2792 5492 2823 5539 lt

1721 5577 1840 5639 eqq.
1919 5558 2303 5639 ’leenrinfra
2334 5558 2383 5639 in
2422 5559 2608 5639 decr.“
2636 5558 2823 5639 §tcpb=

103 5633 327 5709 Episcopi
368 5639 495 5709 siua
520 5628 804 5709 propriia._
848 5633 892 5664 “
923 5633 1089 5709 tione.
1128 5632 1287 5709 lieni.
1322 5630 1482 5709 vsnb
1521 5628 1868 5709 S'yinmacbo.‘
1908 5630 1980 5709 ﬂ"
2019 5630 2241 5709 _Ad_rian.
2279 5628 2403 5709 coll.
2436 5629 2488 5684 5.

103 5699 333 5773 propriis.
406 5704 451 5735 ”
476 5699 562 5757 Η.
588 5699 701 5772 (ιζῚ
730 5721 744 5757 z
772 5702 1091 5765 Statuimus',
1118 5714 1183 5773 ut
1213 5702 1257 5753 si
1289 5699 1775 5773 quiscleiicorum.

2728 5489 2771 5520 ’°
2792 5488 2952 5540 Eccli.
2992 5502 3102 5538 xx"
3124 5527 3138 5550 ,
3194 5486 3279 5538 18.

2914 5558 2970 5597 ³³
3008 5557 3059 5609 5.
3093 5570 3147 5624 q.
3199 5556 3222 5607 l
3265 5567 3279 5604 :

2565 5630 2688 5682 ηδ.
2722 5643 2773 5694 q.
2800 5628 2822 5679 f
2857 5646 2868 5680 :
2903 5625 3151 5694 EpiscOp.‘
3176 5628 3218 5676 si
3250 5638 3282 5676 a

1876 5492 1919 5519 eo
1948 5490 2169 5545 proclus
2190 5489 2253 5541 ad
2284 5488 2626 5542 Domninum.

1856 5699 2080 5768 ‘Curia
2105 5702 2215 5751 lucc
2237 5698 2388 5768 valde
2432 5709 2681 5768 suspecta
2732 5698 2995 5768 estﬁnt.
3047 5697 3275 5768 August.

105 5761 146 5851 Ξι·
186 5761 309 5842 'cap-
367 5761 629 5851 3.11.00}!
658 5774 788 5851 ψ-
865 5761 1271 5851 ὶυριπεᾲβυιεῑ-
1305 5761 1476 5851 "Vati.
1513 5764 1626 5851 $3"

1721 5770 1857 5851 mbo:
1932 5767 1953 5801 ³
1981 5768 2035 5823 S.
2056 5767 2211 5836 Greg.
2234 5764 2375 5821 Past.
2401 5783 2452 5836 p.
2482 5761 2613 5840 ll,‘c.
2644 5768 2694 5822 5.
2790 5771 2810 5797 ⁸
2838 5766 3024 5820 Matth.
3075 5780 3104 5818 ι
3126 5761 3278 5829 ,ωδ

102 5840 215 5897 Luc.
257 5833 467 5911 ἓιιιοζ
502 5893 507 5906 ,
538 5840 750 5899 “Eucti.
780 5858 834 5909 κ,
865 5840 1041 5911 7,,25,
1068 5841 1159 5908 ει,
1198 5842 1285 5911 5t.
1359 5839 1381 5870 ⁸
1419 5833 1581 5893 "lecti.
1619 5855 1626 5890 :

1724 5839 1943 5923 7,‘8.'
2054 5886 2061 5893 ,
2167 5833 2221 5882 Ϊ
2401 5833 2415 5836 ⁷
2533 5833 2554 5840 ”
2633 5856 2643 5878 ί
