4104 6350
803 463 900 517 193

2112 462 2166 515 S.
2216 458 2487 514 FABIANI
2526 458 2724 515 PAP/E

3900 466 3994 520 I96

798 573 1247 657 Excrhplotham
1277 583 1366 637 lilii
1395 560 1611 643 Nm",-
1646 584 1969 635 damnantur
1998 582 2090 650 qui
2128 589 2339 649 patrum
2376 586 2417 640 Α
2446 580 2515 633 ob
2543 580 2645 633 hoc
2673 580 2737 632 ad
2763 576 3035 649 fastigium
3073 577 3403 633 sacerdotale
3440 570 3713 649 provexit,
3743 591 3799 634 ut
3845 598 3995 635 man-

794 690 1013 728 suorum
1054 676 1238 744 culpas
1272 676 1323 728 in
1354 674 1629 742 publicum
1661 673 1896 741 produnt
1931 673 1973 737 ",
2012 682 2103 725 aut
2130 687 2223 727 eos
2252 688 2339 726 ac-

794 780 985 819 cusare
1017 763 1407 819 vcl'detrahere
1436 772 1770 834 praesumtint
1802 783 1813 817 :
1847 764 2010 817 veluti
2034 764 2223 827 Gham,
2248 766 2339 833 qui

798 856 966 924 patris
997 857 1078 909 sui
1108 853 1219 909 Noe
1247 854 1489 924 pudenda
1525 858 1632 907 nun
1662 856 1891 924 operuit,
1932 856 2021 909 sed
2054 855 2339 909 deridenda

796 934 1127 999 monstravit.
1172 945 1428 1000 Similiter
1454 947 1610 999 etilli
1637 948 1882 1015 exemplo
1916 947 2038 999 Sem
2070 955 2121 999 et
2146 942 2341 1014 Japhet

788 1038 1151 1104 justilicantur
1174 1038 1215 1099 θ,
1251 1039 1339 1106 qui
1377 1047 1680 1091 reverenter
1705 1040 1986 1105 operiunt,
2014 1045 2066 1090 et
2091 1052 2192 1089 non
2218 1053 2339 1105 pro—

790 1128 924 1179 dunt
955 1144 1013 1181 ea
1054 1144 1172 1195 qua:
1204 1136 1379 1195 patres
1402 1145 1535 1183 suos
1557 1129 1861 1183 excessisse
1883 1139 2237 1197 cognoscunt.
2277 1128 2335 1182 Si

787 1219 929 1271 enim
962 1235 990 1273 a
1032 1221 1131 1273 tide
1163 1220 1453 1273 deviaverit
1490 1222 1776 1289 episcopus
1806 1261 1820 1282 ,
1856 1222 1957 1273 erit
1992 1220 2339 1290 Corrigendus

788 1311 936 1377 prius
958 1321 1159 1365 secrete
1188 1328 1215 1365 a
1242 1313 1469 1365 subditis
1498 1313 1629 1365 suis.
1677 1310 1831 1376 Quod
1864 1313 1907 1364 si
1933 1312 2335 1380 incorrigibilis,

786 1399 928 1466 quod
974 1401 1145 1452 absit!
1200 1399 1541 1467 apparuerit,
1570 1406 1720 1457 ηιιιηε
1762 1398 1862 1450 erit
1894 1398 2230 1450 accusandus
2269 1396 2335 1449 ad

784 1491 1040 1556 primates
1088 1507 1235 1553 suos,
1255 1500 1346 1542 aut
1374 1491 1437 1543 ad
1472 1489 1647 1542 sedem
1685 1489 2053 1562 apostolicam.
2085 1486 2188 1539 Pro
2217 1488 2336 1541 aliis

786 1596 913 1633 vero
949 1583 1155 1635 actibus
1182 1583 1295 1635 suis
1330 1582 1500 1649 magis
1524 1590 1605 1633 est
1634 1582 1940 1633 tolerandos
1976 1582 2044 1632 ab
2067 1580 2257 1633 ovibus
2285 1589 2337 1633 et

785 1672 1014 1725 subditis
1043 1674 1154 1725 suis
1175 1712 1188 1733 ,
1230 1688 1389 1740 quam
1426 1672 1785 1731 accusandus,
1823 1679 1913 1723 aut
1942 1670 2149 1737 publice
2181 1670 2336 1721 dero-

782 1763 1023 1830 gari-lus;
1070 1764 1192 1831 quia
1240 1779 1360 1817 eum
1394 1763 1444 1814 in
1475 1763 1552 1816 eis
1584 1778 1610 1815 a
1657 1762 1887 1815 subditis
1919 1759 2330 1828 delinquitur”,

779 1851 898 1918 ejus
946 1852 1266 1905 ordiuationi
1316 1835 1583 1913 obviatur,
1635 1852 1725 1919 qui
1756 1866 1848 1903 eos
1889 1851 1937 1903 ei
1966 1850 2215 1918 praetulit,
2249 1850 2334 1902 di-

780 1952 932 1996 cente
966 1942 1221 2011 Apostolo
1258 1963 1271 1997 :
1306 1943 1402 1995 Det
1445 1943 1768 1995 ordinationi
1814 1944 2029 2007 resistit,
2071 1946 2158 2013 qui
2187 1953 2330 2012 pote-

779 2036 905 2089 stati
939 2035 1131 2088 resistit
1155 2035 1216 2087 ¹¹.
1267 2033 1368 2098 Qui
1409 2049 1535 2088 vero
1569 2035 1987 2102 omnipotentem
2029 2032 2192 2086 Deum
2222 2050 2332 2087 me-

781 2129 884 2179 tuit
918 2127 980 2187 ",
1008 2142 1103 2181 nec
1130 2127 1315 2180 contra
1345 2126 1716 2195 Evangelium,
1752 2141 1851 2179 nec
1883 2135 2070 2180 contra
2113 2135 2331 2194 aposto-

778 2217 881 2278 los,
909 2234 1007 2270 nec.
1036 2227 1221 2271 contra
1249 2219 1536 2285 prophetas
1562 2218 1641 2269 vel
1675 2226 1983 2271 sanctorum
2012 2216 2228 2269 Patrum
2252 2218 2332 2269 in-

778 2306 987 2370 suituta,
1013 2307 1210 2375 aliquid
1244 2308 1353 2372 ullo
1378 2309 1535 2361 modo
1561 2323 1719 2377 agere.
1740 2309 2026 2362 consentit.
2065 2307 2328 2360 Sacerdo-

776 2407 855 2451 tes
897 2412 1023 2466 ergo
1072 2399 1372 2450 honorandi
1404 2407 1552 2459 sunt,
1594 2415 1698 2451 non
1733 2399 2001 2452 lacerandi
2037 2399 2113 2450 vel
2142 2414 2333 2465 expro-

773 2488 979 2542 brandi'
1011 2497 1153 2541 sunt.
1192 2487 1407 2555 Legitur
1432 2488 1484 2539 in
1522 2486 1898 2540 Ecclesiastieo
1936 2506 1947 2539 :
1989 2485 2052 2538 In
2084 2496 2192 2537 tota
2220 2488 2335 2538 ani—

772 2597 859 2631 ma
892 2590 982 2632 tua
1026 2580 1145 2631 time
1192 2578 1377 2644 Deum,
1430 2588 1477 2630 et
1528 2580 1822 2629 sacerdotes
1865 2578 2009 2630 illius
2035 2580 2327 2644 sancti/ira.

778 2672 843 2724 In
880 2672 1019 2724 omni
1052 2671 1244 2724 virtute
1274 2679 1363 2721 tua
1394 2670 1553 2738 dilige
1570 2686 1696 2720 eum
1720 2671 1806 2737 qui
1844 2678 1889 2720 te
1919 2669 2071 2736 fecit,
2109 2679 2155 2721 et
2187 2669 2332 2719 mini-

776 2771 910 2814 stros
952 2761 1062 2828 ejus
1114 2778 1213 2813 non
1260 2761 1610 2829 derelinquas.
1669 2758 1885 2811 Honora
1934 2759 2095 2811 Deum
2125 2776 2186 2813 ex
2224 2769 2331 2811 tota

776 2854 951 2904 anima
977 2863 1092 2917 tua,
1141 2861 1188 2904 et
1238 2853 1527 2919 honoriﬁca
1554 2854 1895 2911 sacerdotem,
1920 2861 1965 2904 et
1999 2867 2255 2919 propurga
2285 2862 2330 2902 te

774 2960 889 2995 cum
932 2944 1181 2997 brachiis.
1232 2943 1306 2996 Da
1353 2944 1433 2995 illi
1471 2953 1705 3012 partem,
1745 2942 1880 2994 sicut
1914 2943 2216 2994 mandatum
2256 2956 2329 2993 est

775 3034 887 3097 tibi,
936 3036 1311 3103 primitiarum,
1370 3044 1419 3085 et
1459 3035 1522 3085 de
1571 3032 1881 3101 negligentia
1912 3049 2075 3099 purga
2122 3042 2167 3083 te
2212 3050 2328 3085 cum

773 3127 969 3192 paucis.
1027 3125 1222 3175 Datum
1274 3124 1605 3176 brachiorum
1656 3132 1885 3182 tuorum,
1916 3132 1962 3173 et
2011 3125 2329 3190 sacri/icium

748 3206 1209 3282 sanctiﬁcationis
1244 3215 1430 3283 offeres
1466 3212 1710 3275 Domino,
1742 3222 1788 3262 et
1814 3212 1965 3262 initia
1991 3223 2285 3264 sanctorum
2312 3231 2328 3275 ;

772 3307 1063 3375 etyaupcri
1098 3306 1305 3373 porrige
1346 3321 1557 3354 manum
1595 3314 1758 3367 tuam,
1796 3312 1850 3353 ut
1891 3304 2190 3370 perﬁciatur
2218 3321 2331 3371 pro-

774 3399 981 3465 pitiatio
1013 3406 1059 3449 et
1099 3397 1383 3448 benedictio
1434 3407 1525 3447 tua
1559 3395 1618 3447 ¹³.
1660 3394 1781 3448 Haec
1813 3410 1916 3446 non
1964 3398 2329 3448 tantummodo

775 3490 950 3554 vobis,
996 3489 1085 3541 sed
1129 3488 1382 3541 omnibus
1416 3485 1675 3539 fratribus
1701 3501 1795 3554 per
1818 3502 1911 3538 vos
1936 3496 2059 3539 nota
2102 3486 2328 3539 IIl'I‘i\'0-

773 3580 970 3641 lumus,
1011 3589 1068 3632 ut
1109 3579 1422 3639 unanimes,
1458 3593 1622 3630 unum
1660 3578 1972 3637 sentientes,
2012 3592 2326 3645 permanea-

773 3689 893 3723 mus
924 3673 971 3724 in
998 3670 1212 3723 Christo
1242 3668 1372 3720 nihil
1405 3682 1498 3735 per
1520 3668 1918 3720 contentionem
1953 3668 2108 3720 nobis
2142 3668 2205 3731 “,
2236 3682 2326 3719 nc-

773 3780 876 3831 que
916 3778 1006 3830 per
1044 3762 1254 3812 inanem
1288 3757 1511 3822 gloriam
1545 3756 1913 3819 vindicantes,
1957 3773 2061 3808 non
2092 3756 2326 3808 homini-

777 3851 893 3909 bus,
917 3849 1006 3902 sed
1045 3847 1148 3899 Deo
1173 3847 1436 3903 Salvatori
1463 3842 1646 3896 nostro
1677 3844 1964 3910 placentes.
1998 3841 2094 3895 Cui
2131 3853 2210 3897 est
2238 3844 2327 3896 ho-

774 3956 873 3993 nor
905 3949 957 3993 et
987 3938 1150 4009 gloria
1176 3938 1228 3989 in
1259 3939 1578 3991 sazculorum
1605 3934 1818 3987 sarcula.
1851 3936 2039 3986 Amen.

1321 4067 1655 4122 EPISTULA
1698 4066 1781 4119 III.

1201 4178 1265 4214 AD
1308 4177 1561 4213 “ILMUL'II
1601 4172 1908 4212 EPISCOPUM.

774 4255 837 4302 Ut
863 4255 1115 4315 peregrina
1137 4254 1312 4311 judicia
1349 4258 1639 4310 respuantur
1659 4255 1803 4304 atiue
1843 4251 2095 4316 accusatus
2140 4244 2201 4316 in.
2235 4259 2323 4294 suo

836 4311 939 4363 loco
978 4328 1165 4362 causam
1202 4327 1334 4360 suam
1381 4322 1608 4372 peragat,
1635 4319 1687 4357 et
1730 4317 1783 4357 ut
1817 4311 1973 4357 omnis
2007 4311 2090 4367 qui
2135 4311 2320 4372 crimen

834 4378 1024 4431 objicit.
1068 4376 1247 4421 scribat
1294 4388 1347 4419 se.
1378 4369 1709 4433 probaturum,
1735 4376 1786 4416 et
1826 4373 1864 4417 si
1903 4383 1996 4415 non
2045 4369 2322 4429 probaverit

832 4436 1173 4496 quod_objicit,
1203 4448 1550 4495 pmnamquam
1586 4434 1829 4488 intulerit,
1854 4433 2077 4491 patiatur.

776 4542 817 4595 I.
873 4540 976 4603 Qui
998 4558 1095 4592 non
1120 4543 1329 4591 debeant
1356 4540 1563 4589 admitti
1593 4538 1659 4589 ad
1692 4536 2095 4588 accusationem.

776 4610 836 4664 II.
880 4612 949 4661 De
989 4609 1262 4678 péreqi'inis
1280 4608 1518 4675 jndiciis.

775 4680 859 4732 III.
907 4680 975 4730 De
1023 4680 1260 4747 pulsatis.

776 4750 862 4803 IV.
903 4750 960 4801 Si
998 4736 1109 4817 quis
1142 4751 1306 4798 iratus
1352 4744 1544 4794 crimen
1580 4742 1818 4809 objecerit
1841 4780 1855 4804 ,
1882 4739 1957 4791 vel
1990 4736 2184 4804 objecta
2221 4751 2319 4788 non
2341 4794 2363 4813 ι

946 4821 1219 4870 γοὺηυιννιι.

778 4885 841 4940 ν.
866 4874 939 4941 Si
970 4890 1234 4953 episcopus
1270 4892 1542 4938 accusatus
1571 4881 1739 4933 sedem
1777 4877 2114 4945 apostolicam
2144 4874 2319 4943 appel-

914 4956 1062 5008 lat-it.

826 5060 1181 5137 Dilutissimo
1217 5063 1366 5118 fratri
1405 5061 1633 5115 IIILAMO
1668 5061 1917 5129 episcopo
1958 5058 2241 5111 FABIANUS.

854 5145 1051 5199 Divinare
1092 5149 1227 5201 circa
1272 5166 1368 5203 nos
1404 5150 1587 5217 gratiae.
1627 5164 1892 5201 memores
1929 5149 1969 5177 ¹³
2010 5162 2129 5199 esse
2162 5146 2322 5199 debe-

782 5248 938 5296 ωυδς
966 5236 1061 5303 qui
1101 5250 1194 5289 nos
1229 5252 1324 5305 per
1348 5240 1672 5307 dignationis
1720 5254 1829 5291 suae
1870 5237 2319 5299 miscricordiam,

854 5416 872 5443 '
896 5412 1087 5465 Cenes.
1121 5428 1193 5464 ix.
1287 5412 1309 5442 ⁸
1336 5409 1459 5467 Isid.
1493 5430 1575 5475 m,
1607 5423 1743 5468 sent.
1778 5415 1863 5465 '59.

783 5480 1093 5545 Past.in,c.
1128 5482 1177 5531 ii.
1257 5482 1295 5510 “
1328 5480 1480 5533 Rom.
1518 5497 1635 5541 xm,
1671 5484 1722 5533 2.

781 5568 832 5603 ε.
870 5552 951 5602 15.
1030 5553 1069 5580 ¹⁵
1111 5549 1340 5601 Hilarius
1372 5564 1503 5615 papa
1530 5552 1585 5603 S.
1618 5553 1811 5604 Leonis
1848 5566 2147 5613 successor,
2184 5566 2267 5615 cp.
2305 5550 2355 5599 5.

784 5622 847 5671 ad
886 5621 1039 5670 linem
1083 5636 1251 5689 usque
1288 5614 1521 5689 epiStoLe
1564 5622 1826 5672 habentur
1859 5621 2015 5670 etiam
2062 5622 2113 5669 in
2145 5614 2461 5689 δείξῃ-δίκιί
2491 5614 2628 5689 III.“
2652 5614 2695 5643 ’⁸
2730 5614 3041 5689 ᾼιίνκοοιι.Ξ

2220 5688 2264 5715 ³ο
2304 5685 2355 5735 5.
2388 5682 2631 5750 (ιιιῖθδιζϐ
2664 5701 2675 5733 ;
2708 5683 2765 5733 Si
2797 5682 2918 5750 quis
2965 5682 3356 5750 episcoporum.

786 5690 870 5747 i7,
902 5704 965 5737 ex
996 5690 1123 5739 (Iod.
1157 5681 1391 5745 Theo‘d.,
1428 5688 1515 5738 lib.
1550 5705 1618 5749 ix,
1652 5691 1731 5740 tit‘.
1762 5692 1811 5751 1,
1847 5697 2019 5741 const.
2060 5688 2143 5737 10.

2366 1912 2408 1964 Β

2357 3262 2396 3315 C

1990 5416 2008 5443 ⁹
2041 5414 2168 5481 Sup.
2218 5411 2445 5481 habetur
2485 5409 2619 5460 idem
2669 5408 2720 5458 in
2759 5404 2928 5481 epist;
2961 5402 3207 5481 A_nacleti_
3223 5403 3436 5481 _u|_tinma.

1803 5484 1842 5512 ¹¹
1878 5483 1960 5533 II.
1989 5500 2043 5549 q.
2070 5485 2101 5533 5
2121 5471 2145 5533 ἰ
2177 5481 2278 5545 Qui
2306 5479 2771 5549 omnipoteiitemz‘
2824 5472 2865 5501 "
2892 5471 3159 5549 ticali-qv".
3180 5471 3363 5549 5t-36.

2442 670 2581 723 datis
2616 670 2784 738 ipsius
2829 669 3184 733 inhaerentes,
3219 678 3272 723 et
3305 670 3357 723 in
3391 672 3621 739 quadam
3659 674 3991 727 sacerdotum

2440 759 2805 827 ejusspecula
2844 759 3154 823 constituti,
3182 756 3563 827 prohibeamus
3602 763 3785 817 illicita
3818 773 3871 817 et
3913 782 3989 816 se-

2440 849 2651 915 qucnda
2676 848 2987 902 doceamus.
3026 848 3080 901 In
3107 859 3312 903 tantum
3347 853 3491 905 enim
3525 853 3575 905 in
3608 854 3854 907 occiduis
3883 871 3987 921 par-

2438 938 2583 1005 tibus
2605 978 2618 1001 ,
2657 939 2855 1007 quibus
2882 940 3112 1011 moraris
3133 983 3146 1006 ,
3174 941 3474 995 audivimus
3502 942 3757 998 astutiam
3795 944 3985 999 diaboli

2440 1030 2628 1084 saevire
2659 1031 2711 1083 in
2740 1030 3066 1099 populum”
3096 1030 3458 1087 Christianum
3482 1077 3497 1101 ,
3522 1047 3680 1103 atque
3710 1030 3984 1105 multiplici

2439 1121 2751 1189 deceptione
2782 1138 3125 1191 prorumpere
3149 1164 3163 1185 ,
3196 1133 3257 1178 ut
3280 1140 3386 1177 non
3415 1126 3584 1179 solum
3618 1119 3785 1183 laicos
3825 1145 3985 1183 523C0-

2440 1210 2579 1265 lares
2603 1252 2617 1275 ,
2642 1213 2729 1265 sed
2766 1215 2911 1281 ipsos
2943 1228 3159 1282 quoque
3202 1213 3413 1267 Domini
3458 1218 3762 1272 sacerdotes
3788 1233 3984 1286 premat

2439 1310 2594 1371 atque.
2622 1313 2791 1357 vexet.
2823 1302 2973 1358 Unde
2997 1346 3011 1369 ,
3043 1306 3095 1358 in
3123 1307 3308 1378 grandi
3339 1322 3567 1360 mterore
3613 1310 3809 1376 positi,
3834 1311 3983 1363 dissi-

2437 1393 2642 1449 mulare
2676 1412 2783 1449 non
2817 1413 3106 1465 possumus
3144 1398 3287 1473 quod
3320 1399 3587 1466 corrigere
3613 1402 3868 1455 atrociter
3902 1402 3980 1453 de-

2437 1487 2643 1541 bemus.
2683 1486 3018 1556 Quapropter
3066 1498 3374 1556 competens
3412 1474 3711 1543 adhibenda
3750 1502 3838 1563 est
3877 1494 3980 1544 tali-

2436 1579 2535 1633 bus
2572 1582 2771 1634 medela
2801 1584 3142 1647 vulneribus,
3176 1566 3243 1636 ne
3281 1584 3565 1637 immatura
3608 1584 3838 1637 curandi
3871 1583 3980 1638 laci-

2434 1670 2590 1730 litas,
2642 1673 2916 1725 mortifera
2970 1675 3159 1741 capitis
3208 1685 3353 1743 peste
3398 1668 3538 1731 nihil
3587 1676 3757 1743 possit
3777 1676 3864 1740 ‘7,
3902 1680 3977 1729 scil

2436 1765 2655 1833 segnius
2686 1773 2849 1817 tracta
2882 1768 3145 1833 pernicies
3166 1807 3179 1829 ,
3225 1779 3372 1821 reatu
3412 1784 3513 1821 non
3552 1768 3807 1838 legitimae
3832 1771 3976 1822 'cura«

2434 1854 2625 1917 tionis,
2655 1856 2886 1909 involvat
2912 1860 3112 1925 pariter
3140 1861 3411 1912 sauciatos
3437 1870 3486 1912 ct
3519 1860 3819 1913 medentes.

2503 2028 2539 2083 I.
2561 2029 2639 2083 0b
2659 2030 2709 2083 id
2724 2046 2850 2100 ergo
2875 2022 3167 2085 statuentes
3187 2034 3527 2088 decernimus
3545 2041 3603 2087 ut
3619 2034 3742 2097 lii”,
3765 2035 3861 2103 qui
3883 2052 3973 2091 non

2434 2136 2558 2179 sunt
2591 2127 2742 2179 honze
2772 2128 3194 2180 conversationis
3220 2167 3232 2189 ,
3257 2136 3348 2179 aut
3378 2143 3608 2196 quorum
3643 2129 3750 2181 vita
3787 2126 3869 2183 est
3898 2146 3973 2185 ac-

2433 2218 2705 2281 cusabilis,
2729 2226 2821 2270 aut
2842 2212 3069 2285 quorum
3096 2220 3249 2279 ﬁdes,
3275 2220 3380 2271 vita
3407 2227 3459 2276 et
3481 2219 3703 2273 libertas
3728 2221 3971 2288 nescitur,

2433 2324 2538 2360 non
2567 2309 2772 2376 possint
2812 2307 3020 2361 Domini
3068 2310 3377 2370 sacerdotes,
3414 2324 3670 2364 accusare
3697 2349 3711 2373 ,
3756 2327 3827 2383 ne
3857 2313 3972 2364 γίιις

2431 2416 2670 2466 persona:
2712 2401 2775 2453 ad
2827 2401 3224 2454 accusationem
3267 2416 3452 2467 eorum
3498 2399 3871 2455 admittuntur.
3904 2402 3970 2455 Si-

2432 2492 2628 2544 militer
2651 2492 2735 2554 hi,
2767 2492 2856 2559 qui
2890 2492 3234 2563 inaliquibus
3255 2492 3571 2545 criminibus
3604 2493 3800 2545 irretiti
3839 2505 3969 2553 sunt,

2431 2584 2509 2635 vel
2551 2583 2639 2649 qui
2680 2592 2805 2635 sunt
2840 2579 3159 2649 suspieiOSi,
3204 2599 3387 2635 vocem
3425 2586 3706 2636 adversum
3751 2585 3971 2652 majore»;

2434 2684 2557 2725 natu
2595 2689 2697 2724 nou
2740 2675 2971 2725 habeant
3002 2674 3329 2734 accusandi;
3373 2675 3498 2739 quia
3540 2675 3850 2742 suspiciosa
3884 2691 3969 2726 rex

2432 2772 2484 2813 et
2511 2762 2726 2814 inimica
2748 2763 3023 2814 veritatem
3050 2762 3187 2814 solet
3216 2744 3536 2828 opprimere.

2501 2918 2560 2969 ll.
2590 2917 2871 2984 Peregrina
2900 2931 3027 2969 vero
3054 2914 3333 2983 1“judicia.
3354 2914 3498 2967 salva
3520 2914 3570 2964 in
3590 2914 3844 2973 omnibus
3859 2928 3969 2980 apo-

2430 3009 2618 3061 stolica
2660 2994 2995 3067 auctoritate,
3026 3006 3257 3073 generali
3289 3004 3563 3057 sanctione
3594 3003 3965 3069 prohibemus.

2378 3116 2379 3119 ‘
2428 3099 2551 3164 quia
2600 3099 2874 3165 indignum
2912 3098 3097 3149 est'ab
3139 3096 3413 3153 externis,
3465 3103 3520 3147 ut
3562 3094 3855 3162 judicetur,
3891 3096 3967 3160 qui

2429 3189 2782 3254 provinciales
2818 3198 2870 3240 et
2910 3205 2937 3240 a
2983 3203 3037 3241 se
3082 3188 3280 3240 electos
3320 3187 3475 3241 debet
3519 3185 3965 3252 haberejudicu's,

2431 3278 2532 3329 nisi
2571 3279 2730 3330 fuerit
2772 3280 3113 3346 appellatum.
3164 3278 3310 3331 Unde
3354 3287 3563 3346 oportet
3594 3279 3660 3342 ⁸ο,
3694 3280 3738 3329 si
3786 3278 3961 3343 aliquis

2429 3371 2799 3436 episcoporum
2840 3385 2998 3436 super
3032 3371 3187 3421 certis
3224 3379 3504 3422 accusetur
3540 3369 3891 3429 criminibus.
3923 3380 3965 3417 ut

2429 3462 2495 3513 ab
2526 3460 2776 3513 omnibus
2806 3462 3055 3514 audiatur
3084 3462 3171 3528 qui
3209 3472 3332 3514 sunt
3377 3463 3428 3513 in
3471 3462 3745 3527 provincia
3776 3462 3964 3528 epist-u-

2430 3553 2533 3619 pis,
2565 3552 2687 3620 quia
2722 3567 2825 3603 non
2872 3560 3081 3618 oportet
3119 3561 3425 3604 accusatum
3460 3551 3686 3613 alicubi,
3723 3567 3883 3619 quam
3923 3551 3962 3599 in

2430 3645 2545 3698 foro
2584 3661 2719 3707 suo,
2750 3646 2944 3699 audiri.
2989 3646 3043 3696 Si
3094 3645 3215 3711 quis
3256 3660 3383 3696 vero
3413 3645 3645 3713 judicent
3694 3646 3961 3698 adve:smu

2427 3738 2523 3790 sibi
2548 3738 2775 3791 senserit
2807 3739 2870 3799 “,
2905 3753 3085 3789 vocem
3114 3725 3487 3805 appellationis
3510 3736 3761 3790 exhibeat
3788 3739 3849 3789 ".
3874 3739 3963 3803 Ap-

2426 3829 2707 3896 pellantem
2754 3836 2929 3880 autem
2966 3844 3069 3879 non
3104 3828 3257 3881 debet
3285 3828 3496 3880 atlliclio
3525 3827 3629 3880 ulla
3667 3839 3763 3880 aut
3801 3828 3962 3879 detru-

2426 3920 2587 3971 tiouis
2626 3920 2877 3986 injuriarc
2902 3914 3180 3981 custodia;
3228 3920 3316 3971 sed
3361 3918 3516 3970 liceat
3558 3919 3870 3986 appellatori
3902 3918 3961 3963 κὶ-

2426 4010 2608 4062 tiatam
2639 4026 2851 4063 causam
2884 4010 3255 4079 appellationis
3289 4010 3524 4061 remedio
3551 4007 3853 4069 sublevare.
3888 4005 3958 4056 1ιὶ-

2425 4109 2541 4151 ccat
2588 4100 2749 4152 etiam
2798 4102 2849 4152 in
2894 4084 3072 4153 causis
3120 4100 3489 4153 erimiualibns
3538 4100 3829 4168 appellare.
3872 4094 3991 4146 Ner.

2422 4206 2524 4242 vox
2564 4190 2858 4257 appellandi
2899 4190 3188 4256 ilencgetur
3223 4188 3270 4241 ei
3294 4229 3308 4252 ,
3347 4204 3506 4257 quem
3546 4185 3813 4254 supplicio
3850 4197 3957 4234 seu-

2426 4281 2590 4333 tentia
2618 4279 2921 4333 destinarit.

2491 4439 2576 4490 ill.
2604 4439 2851 4491 Pulsatus
2871 4442 2993 4487 ante
3006 4447 3161 4485 suum
3178 4431 3412 4499 iudicem
3432 4427 3817 4484 eausam‘dicat
3835 4425 3894 4490 ";
3916 4434 3958 4476 rt

2423 4515 2544 4584 ante
2576 4546 2680 4583 non
2722 4542 2878 4595 suum
2909 4525 3141 4591 judicem
3168 4562 3180 4585 ,
3214 4524 3455 4590 pulsatus
3480 4561 3493 4581 ,
3527 4522 3572 4574 si
3601 4520 3862 4579 voluerit,
3894 4528 3955 4571 ta.

2420 4634 2575 4681 ceat;
2611 4629 2663 4672 ct
2697 4628 2756 4671 ut
2777 4616 3022 4685 pulsatis,
3061 4608 3275 4683 quoties
3300 4611 3717 4681 appellaverint,
3747 4609 3954 4663 inducire

2422 4713 2616 4765 dentur
2650 4708 2713 4759 ³⁸.

2496 4866 2584 4917 ιγ.
2607 4865 2663 4918 Si
2694 4866 2817 4933 quis
2838 4880 2963 4933 ergo
2988 4866 3156 4917 iratus
3175 4863 3377 4915 crimen
3408 4857 3625 4925 aliquod
3648 4858 3860 4910 cuilibet
3890 4864 3953 4906 tea

2423 4974 2569 5011 mere
2609 4958 2950 5025 obiecerit”,
2987 4954 3290 5007 convicium
3338 4964 3442 5002 non
3486 4961 3567 5005 est
3612 4964 3710 5017 pro
3751 4960 3951 5001 accusa-

2423 5049 2567 5101 tione
2590 5048 2888 5100 habcndum
2919 5066 2932 5111 ;
2963 5047 3084 5106 sed,
3116 5043 3378 5111 permisso
3405 5040 3663 5093 tractandi
3692 5038 3884 5105 spatio,
3908 5032 3948 5083 id

2425 5137 2567 5205 quod
2606 5139 2772 5191 iratus
2794 5137 2929 5189 dixit
2960 5137 3026 5196 ³⁸,
3054 5148 3145 5201 per
3170 5132 3489 5200 scripturam
3529 5146 3586 5184 se
3616 5132 3945 5198 probaturum

2427 5243 2544 5281 esse
2576 5229 2800 5282 fateatur
2826 5245 2839 5289 ;
2872 5234 2963 5287 ut,
2993 5224 3036 5277 si
3068 5221 3292 5276 fortasse
3320 5224 3642 5291 resipiscens
3665 5261 3679 5282 ,
3713 5234 3828 5287 qua:
3855 5230 3948 5285 prae

3540 5400 3580 5429 ὀ
3624 5396 3681 5447 S.
3716 5395 3942 5459 Grcam.

3443 5470 3687 5519 "Innoc.
3722 5463 3761 5519 I.
3795 5480 3873 5583 cpi.
3896 5466 3940 5520 2’,

3476 5550 3579 5583 non
3613 5536 3796 5583 nrosit.
3870 5546 3934 5580 :rt‘.

3033 5541 3071 5570 ¹⁷
3095 5538 3262 5608 captis
3298 5548 3442 5608 peste
3472 5550 3579 5608 non
3613 5536 3796 5608 prosit.
3825 5536 3934 5583 time

3212 5602 3314 5661 15]
3388 5607 3427 5637 ⁸¹²
3470 5606 3621 5655 idem;
3657 5602 3783 5654 Adr.
3836 5615 3939 5718 cag.

3212 5692 3355 5718 .rnm-
3466 5674 3509 5702 ’ί
3568 5672 3622 5718 ί.
3674 5677 3854 5718 (tumst.
3925 5704 3939 5718 .

3466 5674 3509 5702 ’ί
3568 5672 3622 5731 1,
3674 5672 3939 5739 quaestui}.

2434 5540 2474 5575 ’(³
2515 5545 2657 5597 Felix
2688 5542 2771 5604 lli,
2798 5540 2954 5607 ep.7.

2434 5616 2461 5663 Li
2491 5614 2573 5663 111.
2652 5613 2695 5643 ’⁸
2730 5612 2858 5663 Adr.
2894 5609 2991 5663 coll

2778 5625 2858 5664 ur.
2894 5625 3049 5671 σωκ,
3111 5625 3159 5663 ι).

787 5738 991 5821 siquis
1025 5738 1138 5823 jud.
1170 5738 1259 5787 "ﬂ
1301 5738 1580 5806 γιάυΑιιτ.
1606 5738 1729 5809 ὲόξίζ
1759 5738 1811 5809 έῖ
1834 5738 1923 5819 ἐπ
1958 5758 2045 5809 52.
2072 5756 2159 5818 35,
2187 5756 2273 5813 54.
2333 5738 2419 5806 ex'
2454 5756 2673 5823 interpr.
2725 5738 2916 5800 Aniani
2960 5738 3011 5799 ui
3063 5738 3257 5823 ⁸ςυξιξι.
3288 5742 3473 5823 suis
3508 5738 3705 5823 ergo;
3736 5738 3939 5823 t_i_t.-3t_|.

786 5827 901 5875 libri
934 5844 981 5877 Kl
1006 5829 1134 5877 (20d.
1166 5826 1392 5883 Tlie0t|.,
1425 5840 1631 5875 necnon
1658 5837 1838 5878 notata
1871 5825 1992 5877 Ant.
2023 5826 2159 5892 Aug.

783 5896 816 5945 ὕ
834 5933 846 5957 ,
877 5896 976 5959 Qui
1000 5897 1219 5949 crimen.

2234 5824 2277 5853 ’³
2306 5823 2356 5875 5.
2384 5838 2439 5889 q.
2471 5824 2493 5873 1
2530 5840 2543 5875 :
2572 5822 2823 5889 Pulsatus
2847 5826 2985 5889 ante.

1392 5894 1435 5923 "‘
1472 5892 1597 5945 Adr.
1627 5896 1747 5946 coll.
1784 5894 1872 5960 47,
1898 5910 1961 5947 ex
1994 5879 2201 5946 Aniaino
2234 5893 2289 5946 in
2316 5879 2487 5945 coast.
2514 5892 2564 5955 5,
2596 5892 2676 5943 tit.
2734 5887 2893 5957 primi
2946 5885 3037 5938 lib.
3077 5888 3138 5937 .i'x
3188 5882 3319 5936 Cod.
3372 5879 3577 5935 Theod.

3060 5817 3106 5848 ιδ
3138 5817 3267 5867 Adr.
3297 5812 3416 5867 coll.
3466 5825 3515 5864 c.
3566 5808 3652 5863 56.
3745 5810 3787 5840 ⁸⁸
3826 5807 3937 5871 I.q.
