4104 6350
708 405 809 461 199

1830 395 1888 452 Β.
1929 388 2203 455 FABIANI
2239 388 2448 445 ΡΑῐθιΕσ
2479 385 2797 443 DECRETA

3811 374 3923 427 200

707 542 824 590 nus,
854 540 1009 594 quam
1038 521 1155 587 illa.
1192 520 1588 576 Perseverantia
1619 519 1765 572 illius
1795 534 1893 571 non
1921 515 2262 587 permanebit,
2294 523 2339 576 Α
2365 522 2414 567 et
2451 520 2758 581 potestates,
2803 506 3050 561 adversm
3091 500 3270 555 mundi
3310 507 3530 553 rectores
3587 496 3927 550 tenebrarum

706 614 795 667 sed
823 612 1066 666 obtinebit
1099 613 1209 664 vias
1253 598 1590 679 injustorum.
1641 607 1705 662 In
1752 609 1970 677 ﬂamma
2015 622 2111 658 sua
2156 620 2256 657 non

709 706 966 759 comburet
1005 705 1201 773 justos.
1241 702 1342 765 Qui
1382 700 1748 769 derelinquunt
1789 699 2101 761 Dominum,
2127 694 2259 748 inci-

707 798 828 851 dent
857 797 908 848 in
932 795 1079 848 illam
1104 810 1121 857 ;
1146 803 1193 846 et
1216 792 1511 846 exardescet
1533 793 1587 844 in
1614 791 1742 855 illis,
1771 799 1819 842 et
1849 805 1948 841 non
1974 790 2262 855 exstingue-

712 898 838 952 tur;
859 897 908 940 et
937 887 1247 939 immittetur
1274 886 1325 935 in
1352 883 1469 935 illos
1504 882 1657 952 quasi
1682 881 1780 943 leo,
1812 890 1861 933 et
1892 881 2043 949 quasi
2066 877 2261 947 pardus

711 980 865 1033 ltzdet
893 977 1033 1030 illos.
1069 976 1188 1043 Sepi
1217 991 1365 1027 aures
1398 985 1515 1027 tuas
1535 974 1727 1037 spinis,
1752 981 1799 1024 et
1830 972 1935 1025 noli
1959 970 2142 1024 audire
2164 969 2265 1021 lin-

710 1089 868 1143 guam
897 1086 1113 1138 nequam
1140 1111 1152 1132 ,
1175 1076 1221 1119 et
1256 1069 1334 1118 ori
1369 1076 1456 1118 tuo
1486 1067 1647 1134 facito
1680 1066 1846 1127 ostia,
1869 1075 1915 1115 et
1948 1079 2090 1116 seras
2120 1061 2266 1113 anni-

715 1160 809 1215 bus
852 1163 976 1213 tuis.
1010 1162 1208 1210 Aurum
1243 1168 1387 1209 tuum
1417 1164 1465 1207 et
1505 1163 1775 1222 argentum
1807 1161 1952 1203 tuum
1985 1149 2153 1216 con/la
2177 1186 2193 1212 ,
2220 1154 2269 1198 et

716 1254 880 1308 verbis
907 1256 1008 1305 tuis
1036 1252 1194 1319 facito
1232 1259 1505 1311 stateram,
1546 1256 1593 1298 et
1637 1245 1808 1312 frenos
1846 1244 1925 1294 ori
1954 1252 2042 1292 tuo
2081 1248 2268 1292 rectos.

718 1346 785 1400 Et
816 1346 1042 1409 attende,
1067 1359 1127 1396 ne
1152 1344 1283 1411 forte
1315 1339 1510 1392 labaris
1532 1338 1584 1410 in
1616 1336 1793 1404 lingua
1820 1342 1929 1396 tua,
1953 1341 2001 1384 et
2032 1328 2191 1382 cadas
2214 1328 2269 1380 in

719 1450 991 1508 conspectu
1020 1437 1353 1489 inimicorum
1389 1430 1751 1484 insidiantium
1790 1428 1911 1489 tibi,
1935 1435 1981 1479 et
2019 1425 2088 1476 sit
2120 1436 2295 1495 casus,

721 1544 839 1585 tuus
878 1530 1189 1585 insanabilis
1221 1530 1276 1580 in
1306 1536 1521 1579 mortem
1551 1523 1615 1574 ".
1649 1521 1754 1575 lsta
1771 1503 2021 1573 -caveast
2049 1529 2273 1576 omnes,

719 1638 765 1678 et
806 1624 1071 1677 cohibeant
1108 1622 1341 1693 linguam
1369 1633 1515 1670 suam
1551 1632 1583 1667 a
1623 1613 1795 1690 malo,
1827 1621 1875 1665 et
1920 1609 2061 1662 labia
2100 1621 2277 1661 eorum

720 1733 784 1771 ne
824 1716 1101 1783 loquantur
1132 1711 1308 1764 dolum
1332 1708 1396 1762 ⁵⁸.
1429 1708 1498 1760 De
1531 1714 1714 1759 cratera
1739 1744 1753 1767 ,
1780 1699 2085 1757 charissimi
2108 1738 2123 1761 ,
2151 1714 2276 1750 con-

724 1804 995 1875 fortamini
1029 1805 1081 1856 in
1108 1803 1347 1865 Domino,
1377 1809 1423 1851 et
1458 1799 1510 1849 in
1546 1796 1775 1866 potentia
1802 1792 2009 1846 virtutis
2034 1789 2163 1857 ejus.
2194 1785 2279 1839 ln—

2358 580 2574 664 lzarum,
2625 608 2808 653 contra
2863 594 3167 663 spiritualia
3218 590 3454 660 nequitia:
3505 588 3560 639 in
3603 580 3923 637 caelestibus.

2358 693 2639 761 Propterea
2682 688 2899 756 accipite
2930 695 3269 739 armaturam
3298 682 3427 743 Dei,
3457 688 3514 732 ut
3546 674 3762 746 possitis
3798 671 3932 724 resi-

2359 760 2491 838 stere
2523 784 2576 836 in
2606 782 2688 835 die
2721 779 2862 831 malo
2883 817 2897 840 ,
2923 786 2970 830 et
3000 777 3053 829 in
3085 774 3319 828 omnibus
3343 770 3556 840 perfecti
3579 776 3738 820 stare.
3771 760 3928 816 State

2360 892 2477 945 ergo
2499 872 2748 927 succincti
2770 868 2970 923 lumbos
3000 874 3195 920 vestros
3218 864 3270 915 in
3289 864 3537 924 veritate,
3569 866 3617 910 et
3640 854 3813 907 induti
3844 851 3927 903 lo-

2363 969 2529 1021 ricam
2567 964 2829 1035 justitiaz,
2875 971 2925 1015 et
2976 958 3194 1012 calceati
3242 955 3391 1024 pedes
3434 954 3487 1005 in
3538 946 3929 1019 praeparatione

2368 1057 2641 1127 Evangelii
2668 1055 2836 1124 pacis,
2856 1054 2912 1105 in
2933 1050 3171 1103 omnibus
3201 1056 3457 1101 sumentes
3481 1053 3682 1109 scutum
3706 1038 3831 1106 ﬁdei
3870 1036 3924 1087 in

2366 1168 2465 1220 quo
2490 1148 2698 1218 possitis
2729 1145 2904 1199 omnia
2931 1143 3035 1196 tela
3068 1138 3373 1209 nequissimi
3392 1137 3539 1205 ignea
3576 1134 3927 1199 exstinguere.

2372 1242 2437 1295 Et
2462 1240 2662 1311 galeam
2684 1238 2871 1291 salutis
2894 1235 3164 1299 assumite,
3192 1241 3240 1285 et
3265 1229 3498 1301 gladium
3522 1226 3764 1295 spiritus,
3789 1220 3932 1291 quod

2369 1343 2445 1388 est
2469 1332 2674 1386 verbum
2702 1330 2797 1383 Dei
2821 1330 2888 1389 ⁸⁷,
2920 1327 3064 1389 Περ,
3094 1326 3278 1389 frater,
3312 1337 3432 1392 qua:
3465 1320 3557 1374 tibi
3586 1316 3933 1385 scripsimus,

2373 1413 2689 1496 generaliter
2726 1422 2978 1477 omnibus
3008 1430 3131 1474 nota
3161 1407 3283 1472 ilieri
3306 1416 3583 1474 volumus,
3609 1421 3667 1464 ut
3696 1424 3819 1477 quae
3849 1422 3934 1459 ce-

2376 1530 2519 1572 teros
2570 1523 2813 1585 tangunt,
2873 1513 3125 1567 omnibus
3188 1502 3313 1563 nota
3368 1508 3515 1560 tiant.
3574 1501 3934 1568 Omnipotens

2376 1607 2517 1662 Deus
2547 1614 2597 1660 te
2616 1648 2631 1673 ,
2664 1605 2850 1669 frater,
2883 1612 2937 1657 et
2966 1601 3201 1670 reliquos
3230 1597 3423 1673 liratres
3454 1606 3669 1647 nostros
3689 1632 3703 1653 ,
3733 1588 3935 1654 ubique

2379 1700 2768 1761 consistentes,
2807 1706 3049 1765 protegat
3088 1706 3259 1760 usque
3295 1688 3348 1742 iu
3401 1688 3558 1740 tinem
3586 1685 3652 1746 ⁸⁸,
3679 1682 3771 1750 qui
3797 1694 3935 1732 cun-

2382 1798 2527 1847 ctum
2552 1789 2810 1843 mundum
2834 1786 3083 1854 dignatus
3101 1798 3182 1836 est
3204 1780 3486 1840 redimere,
3507 1773 3663 1827 Jesus
3685 1770 3935 1824 Christus

665 1904 669 1909 ’
723 1901 868 1952 duile
892 1913 998 1958 vos,
1029 1906 1355 1947 armaturam
1393 1890 1480 1941 Dei
1503 1928 1516 1950 ,
1543 1896 1596 1938 ut
1623 1886 1831 1955 possitis
1863 1893 2003 1935 stare
2033 1882 2279 1932 adversus
2312 1865 2354 1919 Β
2384 1880 2644 1934 Dominus
2696 1887 2899 1941 noster,
2955 1875 3049 1944 qui
3107 1881 3189 1926 est
3243 1868 3556 1923 benedictus
3604 1863 3657 1916 in
3714 1859 3934 1913 secula-

725 1991 946 2043 insidius
982 1988 1221 2047 diaboli;
1250 1948 1634 2053 quoniamvnovi
1677 1985 1751 2031 est
1795 1976 1939 2028 nobis
1982 1972 2281 2025 colluctatio
2376 1970 2569 2024 Amen.
2622 1967 2749 2021 Data
2804 1966 3043 2029 decimo_
3069 1961 3297 2031 septimo
3354 1954 3577 2010 Kalend.
3640 1948 3933 2004 Novembr.

726 2085 970 2137 adversus
994 2096 1200 2133 carnem
1224 2088 1269 2131 et
1294 2077 1615 2145 sanguinem,
1644 2072 1727 2125 sed
1752 2071 1995 2123 adversus
2024 2065 2281 2137 principes
2376 2060 2631 2116 Africano
2658 2068 2713 2114 ct
2740 2057 2901 2113 Decio
2921 2057 2966 2087 "
2998 2054 3129 2109 viris
3159 2049 3474 2107 clarissimis
3503 2042 3847 2112 consulibus.

830 2217 875 2247 "
929 2213 1093 2266 Eecli.
1125 2227 1322 2269 xxvm.
1367 2209 1516 2262 1—30.

732 2286 779 2318 “
803 2289 1060 2345 mendosa
1088 2282 1382 2335 adnotatio.

1402 2390 1409 2399 ν
1828 2388 1833 2392 .

3449 2400 3895 2414 Ῠ--ῲ-Ασ-

1619 2208 1665 2239 ’⁵⁸
1706 2204 1849 2259 Psal.
1884 2204 2199 2273 xxxnt,_u.
2293 2198 2336 2229 "
2377 2195 2573 2267 Ephes.
2622 2154 2924 2252 v1.10-l7.
3026 2190 3072 2222 ⁸⁸
3106 2187 3163 2242 S.
3198 2186 3358 2256 Greg.
3407 2198 3529 2254 ep.,
3566 2180 3656 2241 54,
3708 2177 3805 2231 lib.
3840 2189 3931 2227 vn.

1048 2586 1310 2647 Decreta
1342 2582 1402 2641 S.
1440 2574 1699 2639 Fabiani
1744 2590 1818 2634 ex
1869 2572 2136 2632 Decreto
2164 2561 2449 2627 Gratiani
2473 2561 2833 2638 desumpta,
2878 2572 2995 2619 nec
3034 2551 3357 2634 prioribus
3388 2550 3651 2610 inserta.

740 2873 781 2928 1.
811 2870 1005 2926 lnediis
1029 2875 1320 2986 macerctur}
1336 2864 1598 2916 acerrimis
1628 2864 1715 2931 qui
1753 2861 1907 2930 fratri
1934 2876 2026 2915 suo
2052 2861 2278 2915 reconci-

1326 2936 1425 2986 iari
1452 2952 1553 2986 non
1576 2938 1703 2985 vult.
2066 2962 2067 2965 η

1326 2936 1425 2987 iari
1452 2952 1553 2987 non
1576 2938 1703 2985 vult.
2066 2962 2067 2965 η

745 3052 916 3121 (Dist.
947 3048 1035 3113 90,
1062 3046 1119 3101 Si
1146 3048 1258 3116 quis
1280 3035 1616 3098 contristatus
1640 3062 1656 3108 ,'
1681 3043 1839 3097 Basil.
1861 3044 1911 3095 in
1932 3041 2077 3111 Reg.,
2104 3055 2151 3094 ς.
2177 3039 2283 3106 ³74.)

820 3140 878 3193 Si
927 3138 1048 3207 quis
1075 3137 1425 3189 conti-istatus
1471 3134 1702 3185 noluerit
1755 3132 2089 3184 reconciliari
2136 3128 2286 3184 fratri

2388 2866 2501 2911 suae
2562 2841 3024 2915 consanguineis,
3086 2844 3210 2908 post
3271 2841 3500 2888 mortem
3565 2845 3677 2885 suae
3726 2828 3932 2883 uxoris.

2590 2940 2593 2943 ν
2634 2960 2715 3015 Ad
2743 2957 2953 3010 titulum
2981 2950 3280 3018 immediate
3307 2946 3692 3017 prwscriptum.

2531 3053 2777 3124 (Eodem
2831 3064 2974 3117 cap.,
3026 3060 3092 3098 ex
3142 3041 3330 3096 eodem
3384 3034 3803 3103 Paenitentiali.)

2462 3146 2562 3212 Qui
2616 3135 3300 3214 prepinquam'sanguinis
3363 3145 3585 3184 uxorem
3637 3127 3843 3179 ducunt
3891 3129 3939 3173 et

748 3247 870 3296 suo,
919 3228 1281 3284 satisfaciente
1324 3242 1389 3279 eo
1442 3226 1532 3293 qui
1590 3223 1958 3286 rontrist'avit,
2012 3221 2285 3275 acerrimis

2391 3246 2728 3307 separantur,
2753 3248 2856 3285 non
2888 3228 3068 3282 licebit
3097 3228 3199 3289 eis,
3228 3224 3466 3293 quandiu
3492 3220 3702 3289 utrique
3737 3217 3937 3279 vivunt,

749 3330 1050 3377 macerctur
1071 3319 1282 3381 ineiliis,
1304 3333 1473 3387 usque
1510 3315 1635 3368 dum
1660 3313 1890 3383 gratanti
1920 3312 2103 3379 animo
2135 3312 2292 3365 satis-

749 3414 1035 3470 factionem
1077 3412 1318 3481 recipiat.

803 3530 871 3585 ΙΙ.
912 3528 1138 3599 Infamia
1160 3527 1373 3595 efﬁcitur
1395 3523 1482 3593 qui
1504 3523 1669 3575 sciens
1697 3520 1927 3590 pejerare
1948 3519 2238 3585 prcesumit.

752 3639 840 3710 (6,
878 3656 931 3709 q.
964 3641 1015 3701 1,
1048 3637 1347 3703 Quicunque
1392 3630 1821 3710 sciens_;_Begino
1868 3646 1933 3684 ex
1976 3630 2072 3683 lib.
2112 3628 2293 3684 Pwni-

1394 3702 1655 3767 tentiali.)

824 3798 1143 3864 Quicunque
1196 3793 1372 3848 sciens
1416 3803 1483 3844 ‘se
1543 3791 1891 3859 pejeraverit,
1943 3788 2293 3858 quadraginta

752 3890 870 3941 dies
900 3888 949 3939 in
975 3902 1109 3954 pane
1138 3894 1190 3937 et
1221 3897 1359 3951 aqua
1383 3920 1398 3943 ,
1448 3891 1500 3933 et
1542 3888 1743 3947 septem
1795 3888 2079 3946 sequentes
2126 3894 2297 3931 annos

755 3980 1043 4049 pteniteat;
1076 3985 1127 4028 et
1158 3988 1431 4041 nunquam
1459 3973 1529 4025 sit
1558 3972 1673 4023 sine
1699 3969 2044 4039 ptenitentia;
2080 3975 2132 4019 et
2164 3984 2299 4019 Imu-

757 4085 917 4141 quam
966 4069 1017 4120 in
1071 4065 1438 4120 testimonium
1499 4064 1819 4132 recipiatur;
1865 4058 2297 4115 communionem

759 4173 936 4217 tamen
970 4169 1090 4229 post
1116 4160 1218 4212 hoc
1247 4155 1506 4225 percipiat

760 4275 842 4329 Ill.
874 4274 1125 4327 Furiosus
1148 4280 1197 4323 et
1223 4269 1423 4341 furiosa
1471 4267 1860 4319 matrimonium
1882 4265 2179 4318 contrahere
2202 4278 2300 4314 non

1409 4346 1644 4407 possunt.

762 4452 887 4522 ('52,
910 4466 964 4521 q.
999 4449 1056 4517 ’7,
1089 4446 1264 4522 Neque
1300 4447 1546 4522 [ιιι-ἔφεπε.
1580 4446 1644 4522 Et
1674 4447 1729 4500 in
1762 4446 1960 4522 l_}_ecret.
1988 4446 2095 4502 lvo.
2117 4443 2298 4500 lib.v1.

1104 4518 1270 4570 Ati’ert
1302 4517 1504 4585 Regina
1539 4533 1603 4569 ex
1634 4517 1744 4584 lege
1771 4516 1959 4585 Rom.)

832 4606 1014 4677 Neque
1078 4606 1352 4670 furiosus,
1411 4620 1582 4673 neque
1646 4604 1850 4658 furiosa
1900 4604 2301 4659 matrimonium

766 4698 1080 4751 contrahere
1110 4705 1353 4765 possunt.
1382 4694 1483 4749 Sed
1527 4696 1571 4748 si
1613 4703 1944 4749 contractum
1986 4692 2166 4758 fuerit,
2199 4708 2303 4745 non

767 4798 1077 4855 separentur
1760 4770 1763 4771 ν

770 4899 856 4952 IV.
892 4900 1071 4978 Aﬁnes
1108 4902 1160 4951 in
1200 4906 1382 4978 quinta
1426 4901 1752 4978 generatione
1794 4899 2031 4968 copulari
2062 4907 2305 4966 possunt,

857 4979 902 5020 et
928 4972 978 5019 in
1010 4979 1218 5037 quarta,
1244 4973 1286 5021 si
1306 4972 1497 5037 fuerint
1526 4972 1735 5035 inventi,
1758 4986 1859 5022 non
1889 4981 2215 5038 separentur.

734 5096 735 5099 η
771 5076 887 5144 (55,
926 5090 982 5143 q.
1005 5076 1201 5147 2e13,
1246 5078 1316 5132 De
1351 5081 1674 5149 propinquis.
1701 5079 1797 5136 Est
1836 5097 1901 5136 ex
1947 5081 2307 5135 Ptenitentiali

1368 5149 1695 5219 Theodori.)

839 5262 910 5316 De
941 5262 1277 5333 propinquis,
1302 5265 1395 5332 qui
1438 5264 1502 5317 ad
1557 5263 1867 5317 aﬂinitatem
1915 5278 2007 5330 per
2056 5265 2227 5316 virum
2257 5272 2311 5315 ct

771 5371 991 5409 uxorem
1024 5354 1267 5415 veniunt,
1291 5354 1541 5409 defuncta
1571 5366 1739 5409 uxore
1763 5354 1844 5407 vel
1870 5354 2002 5419 viro,
2039 5356 2089 5407 in
2123 5357 2308 5424 quinta

769 5448 1113 5515 generatione
1161 5446 1593 5515 coniungantur;
1635 5449 1688 5500 in
1735 5455 1957 5515 quarta,
2009 5449 2055 5502 si
2106 5434 2309 5502 inventi

712 5550 721 5619 ἠ
776 5537 995 5600 fuerint,
1046 5552 1154 5590 non
1199 5530 1536 5605 separentur.
1589 5539 1643 5592 In
1674 5542 1828 5594 tertia
1880 5547 2053 5593 tamen
2094 5541 2312 5609 propin-

772 5628 974 5697 quitate
1023 5642 1131 5680 non
1190 5628 1314 5681 licet
1361 5642 1583 5681 uxorem
1640 5631 1861 5683 alterius
1900 5631 2139 5698 accipere
2195 5640 2314 5701 post

769 5718 977 5773 obitum
1016 5718 1152 5785 ejus.
1187 5716 1489 5787 Equaliter
1521 5718 1604 5772 vir
1633 5720 1993 5790 conjungatur
2035 5722 2088 5773 in
2127 5722 2314 5775 matri-

772 5812 955 5868 monio
983 5811 1093 5876 eis,
1126 5827 1244 5881 qua:
1283 5812 1389 5879 sibi
1417 5814 1830 5882 consanguinea:
1866 5818 2014 5876 sunt,
2044 5821 2097 5866 et
2124 5816 2311 5871 uxoris

2392 3326 2524 3378 alias
2562 3336 2758 3375 uxores
2805 3319 2905 3373 sibi
2951 3317 3025 3370 in-
3055 3314 3311 3385 conjugio
3342 3312 3586 3373 sociare,
3636 3309 3741 3362 nisi
3796 3308 3940 3377 igno-

2394 3414 2566 3467 rantia
2596 3418 2947 3465 excusentur.

2394 3523 2457 3577 ν.
2499 3521 2883 3590 Consanguinei
2923 3528 3170 3590 tantum,
3199 3515 3296 3590 vel,
3343 3516 3388 3567 si
3427 3515 3691 3590 progenies
3738 3514 3935 3590 defecit,

2463 3594 2667 3661 antiqui
2694 3586 2740 3645 et
2770 3606 2992 3653 veraces,
3023 3588 3461 3657 propinquitatem
3494 3587 3543 3636 in
3583 3586 3779 3653 synodo
3806 3600 3938 3635 com-

2462 3672 2659 3733 putent.

2397 3757 2507 3824 (55,
2530 3773 2583 3825 q.
2609 3754 2662 3819 6,
2693 3751 3527 3885 ϐοηδαηςιιῖηεοεὶ,ἱπιι-αηιῖογιιηι.
3558 3744 3621 3798 Ει
3655 3745 3706 3797 in
3738 3745 3937 3799 Decret.

2999 3836 3083 3872 vo.
3132 3834 3143 3871 I
3190 3858 3201 3868 .
3229 3833 3327 3869 vn.

2999 3833 3201 3872 v0.1”).
3229 3833 3327 3869 \‘Il.

2465 3913 2911 3981 Consanguineos
2957 3922 3338 3971 extraneorum
3377 3905 3557 3960 nullus
3600 3914 3840 3968 accuset,
3867 3904 3939 3956 vel

2397 4005 2925 4073 consanguinitatem
2958 4003 3011 4055 in
3043 4001 3250 4071 synodo
3284 4006 3578 4067 computet,
3609 3995 3699 4050 sed
3732 3996 3940 4063 prapiu-

2398 4097 2513 4165 qui,
2546 4096 2611 4148 ad
2640 4108 2874 4162 quorum
2919 4093 3160 4145 notitiam
3193 4090 3443 4158 pertinet,
3476 4088 3525 4140 ill
3557 4096 3659 4151 est,
3704 4096 3855 4157 pater
3896 4092 3941 4137 et

2401 4196 2592 4247 mater,
2621 4198 2779 4237 soror
2819 4191 2873 4237 et
2908 4180 3093 4246 frater,
3124 4190 3371 4249 patruus,
3404 4179 3731 4242 avunculus,
3761 4178 3937 4236 amita,

2401 4284 2707 4335 matertera,
2737 4284 2789 4328 et
2817 4288 3004 4327 eorum
3033 4272 3352 4341 procreatio.
3380 4269 3436 4324 Si
3463 4280 3638 4323 autem
3666 4268 3939 4336 progenies

2402 4375 2515 4420 tota
2549 4365 2836 4427 defecerit,
2881 4365 2948 4417 ab
3002 4350 3403 4436 antiquiOribus
3474 4370 3528 4413 et
3581 4360 3939 4413 veraciorihus

2403 4457 2602 4526 quibus
2619 4455 2805 4509 eadem
2837 4455 3213 4524 propinquitas
3240 4462 3363 4506 nota
3391 4460 3493 4515 est,
3514 4451 3815 4521 episcopus
3857 4466 3938 4503 ca-

2335 4558 2378 4611 ι)
2407 4550 2598 4603 nonice
2624 4549 2895 4616 perquirat
2918 4561 2931 4596 :
2957 4557 3011 4600 et
3041 4547 3088 4601 si
3118 4547 3329 4599 inventa
3362 4544 3523 4598 fuerit
3551 4544 3935 4612 propinquitas,

2411 4647 2747 4708 separentur.

2494 4749 2579 4804 Vl.
2625 4748 2723 4801 Ter
2750 4750 2805 4801 in
2826 4766 2961 4801 anno
2989 4749 3203 4819 quisque
3230 4728 3464 4817 ﬁdelium
3496 4747 3857 4800 communicet.

2408 4840 2515 4911 (De
2547 4857 2773 4895 consecr.
2823 4841 2950 4896 dist.
2982 4840 3215 4963 enim
3254 4856 3400 4977 )non.
3445 4837 3511 4893 Et
3547 4840 3600 4893 in
3640 4837 3793 4892 Decr.
3838 4836 3935 4890 lvo.

3096 4929 3105 4961 ι
3153 4952 3165 4964 .
3197 4926 3232 4962 ι.

3096 4926 3232 4964 1υ.1.

2478 5000 2593 5057 Etsi
2644 5018 2751 5057 non
2803 5003 3173 5073 frequentius,
3221 5001 3407 5053 saltem
3455 5000 3516 5056 in
3546 5015 3702 5055 anno
3727 5008 3807 5053 ter
3828 4996 3937 5053 laici

2410 5094 2654 5149 homines
2689 5095 3111 5161 communicent,
3165 5092 3267 5144 nisi
3323 5090 3462 5145 forte
3490 5093 3614 5161 quis
3659 5080 3937 5160 majoribus

2408 5184 2734 5251 quibuslibet
2805 5176 3137 5236 criminibus
3212 5181 3577 5249 impediatur,
3632 5181 3685 5233 in
3744 5179 3937 5237 Pascha

2414 5276 2681 5340 videlicet,
2698 5287 2753 5337 et
2772 5275 3107 5336 Pentecoste,
3135 5281 3188 5324 et
3211 5270 3381 5326 Natali
3408 5271 3639 5325 Domini.

2529 5385 2637 5441 VII.
2676 5386 2809 5439 Ante
2840 5401 3003 5437 annos
3035 5383 3103 5436 30
3132 5384 3395 5452 presbyter
3417 5398 3516 5435 non
3540 5383 3826 5437 ordinetur.

2411 5472 2579 5543 (.Dist.
2614 5474 2700 5537 78,
2732 5472 2789 5527 Si
2814 5475 2949 5542 quis,
2980 5474 3076 5535 30;
3108 5475 3236 5527 etin
3280 5474 3429 5525 Decr.
3473 5474 3584 5543 Iro.
3625 5473 3716 5528 lib.
3751 5490 3843 5542 in;
3882 5486 3936 5526 ex

2771 5543 3000 5597 Martino
3033 5543 3279 5608 Bracar.,
3310 5556 3429 5610 eap.
3452 5541 3579 5615 20.)

2482 5636 2538 5689 Si
2601 5636 2723 5704 quis
2792 5635 3012 5703 triginta
3068 5636 3242 5689 uitatis
3314 5648 3596 5689 suas.non
3654 5632 3939 5707 impleverit

2411 5740 2603 5793 annos,
2656 5726 2803 5780 nullo
2853 5728 3012 5782 modo
3062 5726 3341 5795 presbyter
3386 5725 3689 5793 ordinetur,
3744 5723 3935 5783 etiamsi

2410 5817 2567 5873 valde
2621 5818 2690 5871 sit
2723 5818 2949 5888 dignus;
2990 5817 3129 5893 quis
3166 5824 3221 5869 et
3270 5814 3383 5903 ipse
3429 5815 3692 5899 Dominus
3737 5818 3938 5891 triginta
