4104 6350
136 471 209 525 '10!
654 472 712 526 S.
750 436 1171 529 ᾸιΕΧΑΝοΕΡ.
1210 465 1569 527 ιιιεῐιοδοι.
1610 464 1825 519 EPISC.
1868 460 1954 515 ΕΤ
1990 457 2309 516 MARTYR.
2334 488 2401 499 —-
2439 453 2572 511 NOT

1742 464 1825 519 5C.
1868 460 1954 515 ΕΤ
1990 457 2309 516 MARTYR.
2334 488 2401 499 —-—
2439 452 2740 511 NOTITIA.

3216 451 3322 504 202

138 601 369 641 annorum
423 572 726 653 baptizatus
766 599 879 654 est,
921 598 974 642 et
1010 594 1090 643 sic
1127 587 1291 657 empit
1318 587 1527 641 docere.
1579 582 1696 637 Non
1753 590 1964 651 oportet
2007 594 2170 651 ergo,
2216 577 2310 647 qui
2351 573 2685 663 ordinandus
2727 581 2829 636 est,
2866 585 3036 641 usque
3071 568 3139 624 ad
3181 568 3324 623 hanc

137 689 308 735 etatem
330 679 624 748 legitimam
657 682 986 741 consecrari.

163 933 433 1014 Ejusdem
464 933 719 995 decreta
754 949 830 992 ex
868 931 1095 993 Codice
1123 933 1530 991 Decretorum
1564 925 1883 1065 sexdecim
1911 922 2250 990 librorum,
2291 915 2453 978 libro
2484 913 2734 994 quinto,
2771 914 2972 993 capite
3009 916 3281 993 septimo

1568 1022 1600 1065 e
1660 1018 1855 1064 nono.

1568 1018 1628 1065 et
1660 1018 1855 1064 nono.

164 1132 195 1185 1.
222 1129 282 1185 Ut
305 1130 499 1183 oblatio
521 1128 707 1185 alhris
729 1126 953 1197 singulis
976 1125 1157 1179 diebus
1181 1123 1472 1177 Dominicis
1503 1122 1619 1190 ﬁat.
1683 1125 1731 1182 Α
1819 1116 1893 1172 Ut
1939 1115 2205 1184 presbyter
2242 1112 2553 1197 illitteratus
2602 1111 2819 1197 missam
2859 1108 3119 1167 celebrare
3161 1130 3265 1169 non

188 1244 554 1313 Decernimus,
600 1248 661 1295 ut
716 1240 771 1294 in
820 1239 1075 1294 omnibus
1121 1236 1418 1292 Dominicis
1463 1234 1657 1291 diebus

599 1331 670 1385 ab
724 1330 977 1384 omnibus
1027 1328 1163 1382 viris
1227 1336 1282 1381 et
1338 1324 1659 1380 mulieribus

135 1425 227 1487 ﬂat,
243 1437 341 1478 tam
364 1424 515 1493 panis
546 1436 709 1491 quam
743 1420 876 1485 vini,
903 1429 959 1474 ut
998 1434 1095 1489 per
1130 1421 1228 1473 has
1261 1416 1659 1471 immolationes

136 1334 302 1389 altaris.
340 1333 536 1387 oblatio

135 1522 493 1583 apeccatorum
525 1526 747 1567 suorum
778 1509 1020 1565 fascibus
1056 1509 1378 1564 liberentur.

2437 1182 2649 1235 audeat.

1831 1273 2173 1330 Sacriﬁcium
2202 1286 2311 1326 non
2337 1278 2421 1326 est
2451 1270 2822 1339 accipiendum
2848 1271 2914 1326 de
2944 1287 3105 1325 manu
3138 1288 3318 1328 sacer-

1761 1367 1926 1432 dotis,
1964 1366 2059 1435 qui
2093 1362 2367 1419 orationes
2395 1361 2479 1415 vel
2507 1362 2746 1417 actiones
2776 1371 2831 1417 et
2858 1363 3096 1431 reliquas
3132 1363 3321 1417 obser-

1761 1458 2013 1512 vationes
2052 1456 2106 1509 in
2167 1452 2333 1508 missa
2388 1451 2687 1506 secundum
2732 1452 2895 1506 ritum
2943 1451 3165 1521 implere
3210 1465 3323 1506 non

1764 1557 1965 1619 potest.

137 1659 3295 1715 Μ

1380 1840 1551 1882 ANNO
1592 1837 1820 1882 DOHINI
1865 1835 2021 1879 CCLI.

905 1979 1075 2155 s.
1204 1972 2513 2193 ALEXANDER

292 2243 1535 2339 HIEROSOLYMITANUS
1608 2240 2260 2333 EPISCOPUS
2332 2244 2482 2331 ET
2555 2232 3083 2331 MARTYR.

1256 2576 1257 2579 γ
1364 2528 1649 2641 ΝΟΤ
1682 2531 1976 2642 ΙΤΙΑ

912 2745 1200 2810 (ϐιιιιιωη
1229 2748 1459 2797 Veterum
1484 2747 1689 2796 Patrum
1725 2744 1971 2805 BibliOth.,
2001 2746 2061 2804 ll,
2093 2746 2312 2805 Proleg.,
2335 2760 2391 2806 p.
2427 2744 2596 2805 xxvii.)

121 2990 154 3045 l.
183 2993 463 3076 Alexander
492 2995 723 3076 primum
759 2994 813 3047 in
855 2992 1191 3063 Cappadocia
1235 2997 1532 3064 episcopus,
1564 3012 1849 3065 quamnam
1870 2994 2162 3048 Ecclesium
2204 2998 2413 3045 rexerit.
2456 2995 2537 3044 Ad
2566 2996 2737 3045 sedem
2762 2993 3307 3076 .Hierosolymitanant

178 3065 445 3117 translatus
474 3065 749 3116 divinitus.

117 3123 174 3182 ll.
208 3130 321 3184 Post
353 3134 595 3185 iteratam

632 3133 758 3203 fidei
790 3131 1471 3203 confessionem_illustrern,
1500 3135 1578 3186 vir
1608 3134 1795 3186 decora
1821 3143 2080 3185 senectute
2112 3133 2420 3198 conspicuus
2454 3133 2504 3183 in
2541 3148 2798 3203 carcerem
2839 3144 3041 3203 martyr
3072 3135 3312 3188 occubuit

176 3216 299 3253 anno
328 3202 535 3253 Domini
562 3202 669 3254 252
691 3216 809 3253 cum
840 3199 1132 3252 Ecclesium
1164 3200 1698 3269 Hierosolymitanam
1722 3204 2143 3255 administrasset
2165 3203 2317 3253 annis
2346 3203 2553 3253 czrciter
2578 3202 2665 3255 40.
2981 3199 2996 3203 ⁷
3293 3243 3301 3249 .

120 3264 194 3321 ΠΙ.
235 3269 295 3323 In
324 3270 471 3323 Elia
518 3270 645 3322 urbe
689 3269 1067 3339 bibliothecam
1096 3270 1347 3337 insignem
1388 3264 1640 3326 instruxit
1680 3272 1997 3326 Alexander.
2050 3270 2234 3323 Varias
2257 3286 2471 3339 quoque
2498 3272 2710 3337 scripsit
2730 3271 3013 3337 epistolas:
3055 3273 3123 3325 ad
3160 3274 3311 3324 Anti-

174 3341 353 3399 aoitas,
386 3339 454 3391 ad
496 3337 894 3403 Antiochemes,
921 3338 991 3391 ad
1033 3336 1330 3408 Origenem,
1354 3348 1405 3392 et
1441 3356 1535 3408 pro
1566 3342 1661 3395 Ori

172 3409 478 3476 deprompta.

1665 3358 1787 3410 gene
1819 3352 2004 3393 contra
2036 3337 2379 3393 Demetrium.
2425 3337 2627 3391 Harum
2670 3339 2966 3408 fragmenta
2996 3355 3059 3392 ea:
3087 3340 3310 3392 Eusebio

171 3522 515 3577 Alexandrum
570 3522 732 3592 prius
790 3497 844 3575 in
922 3521 1266 3592 Cappadocia
1330 3523 1644 3594 episcopum
1682 3530 1722 3584 Β
1752 3524 2022 3594 insignem
2063 3522 2389 3577 Christianae
2433 3519 2553 3572 fidei
2594 3518 2991 3573 confessionem
3036 3510 3103 3574 ad
3146 3538 3308 3591 supra

115 3609 260 3665 fuisse
296 3613 602 3667 ordinatum
649 3612 840 3666 scribit
886 3609 1157 3675 Eusebius
1196 3612 1274 3683 (l)
1323 3615 1417 3682 qui
1463 3624 1642 3669 tamen

113 3703 241 3756 urbis
287 3702 338 3756 in
389 3718 497 3773 qua
551 3703 642 3757 ille
700 3703 903 3758 sederit
944 3718 1142 3759 nomen
1200 3704 1408 3759 reticet.
1462 3703 1646 3774 Neque

114 3792 247 3845 aliter
273 3786 632 3865 Hieronymus
662 3793 761 3863 (ἓ).
814 3790 1084 3848 Flaviadis
1114 3793 1433 3863 episcopum
1476 3792 1645 3849 fuisse

113 3881 449 3937 Alexandrum
493 3893 743 3939 statuunt
771 3882 1023 3939 Valesius
1053 3895 1105 3939 et
1138 3882 1516 3939 Tillemoutius
1542 3884 1640 3954 (3),

115 3985 167 4023 ex
204 3973 315 4040 jure
354 3974 830 4030 Graeco-Romano
861 3975 975 4044 (i):
1034 3975 1193 4044 cujus
1240 3984 1421 4030 tamen
1466 3984 1645 4030 textus

115 4062 251 4117 verba
275 4064 345 4119 ita
376 4074 629 4135 corrupta
658 4065 992 4119 existimavit
1022 4063 1414 4134 Wesselingius
1437 4067 1537 4134 (5),
1582 4074 1644 4119 ut

115 4149 197 4219 ipsi
222 4156 591 4227 ambigendum
622 4170 731 4209 non
765 4155 1034 4218 videatur,
1068 4155 1198 4223 quin
1246 4154 1349 4207 hac
1392 4155 1447 4207 in
1492 4163 1644 4222 parte

115 4256 202 4295 non
243 4247 309 4300 sit
336 4256 637 4315 peccatum.
667 4243 957 4312 Utcunque
993 4243 1095 4308 sit,
1132 4260 1151 4293 ε
1186 4242 1443 4297 Antonini
1476 4242 1643 4297 Cara-

115 4332 237 4388 callaa
275 4352 417 4391 anno
449 4336 505 4402 2,
539 4335 739 4389 Christi
781 4333 944 4411 ἒβη
991 4340 1052 4385 ut
1088 4332 1249 4401 habet
1281 4330 1545 4387 Eusebius
1585 4334 1639 4386 in

116 4420 341 4481 Chronico
374 4428 475 4497 (6),
518 4447 538 4479 ι
562 4426 869 4483 Alexander
909 4423 1214 4478 tricesimus
1246 4423 1473 4493 quintus
1516 4422 1641 4477 Hie-

116 4517 478 4586 rosolymorum
524 4518 811 4587 episcopus
854 4514 1140 4569 ordinatur
1197 4515 1374 4568 adhuc
1432 4514 1642 4567 vivente

116 4599 358 4670 Narcisso,
391 4619 445 4663 et
476 4624 601 4664 cum
632 4623 698 4663 eo
729 4606 930 4677 pariter
955 4604 1249 4661 Ecclesiam
1284 4604 1475 4675 regit.»
1504 4602 1639 4656 Rem

117 4694 264 4753 fusius
313 4702 436 4755 alibi
476 4711 699 4756 enarrat
732 4701 871 4755 idem
920 4701 1203 4768 episcopus
1264 4698 1637 4752 Caesariensis.

122 4787 361 4856 «Interea,
391 4794 565 4862 inquit
600 4793 676 4863 (7)
698 4834 713 4859 ,
756 4808 882 4847 cum
916 4789 1149 4845 Severus
1182 4790 1368 4843 decem
1414 4801 1469 4843 et
1514 4799 1640 4842 octo

118 4881 248 4933 annis
286 4882 906 4949 imperiumtenuisset,
948 4879 1258 4935 Antoninus
1296 4877 1638 4946 (Caracalla)

118 4966 236 5022 ﬁlius
280 4972 452 5040 (ejus)
510 4972 563 5024 in
614 4972 733 5040 ejus
764 4973 943 5027 locum
999 4967 1280 5023 successit.
1330 4966 1447 5032 Qua
1497 4977 1635 5021 tem-

117 5069 293 5122 pestate
316 5062 637 5127 Alexander,
667 5079 810 5117 unus
848 5079 916 5117 ex
942 5077 1131 5117 eorum
1175 5072 1403 5111 numero
1443 5057 1536 5126 qui
1579 5058 1634 5110 in

118 5154 457 5211 Persecutione
501 5151 735 5223 (Severi)
782 5152 993 5207 fortiter
1031 5154 1390 5210 certaverant,
1444 5157 1497 5201 et
1542 5149 1633 5216 qui

116 5249 215 5299 Post
261 5244 481 5307 gloriosa
531 5244 892 5299 confessionis
933 5244 1227 5299 certamina
1271 5239 1453 5292 divina
1494 5239 1632 5293 Pro-

116 5329 323 5385 videnda
369 5335 586 5390 fuerant
634 5337 925 5401 reservati,
971 5351 1132 5405 quem
1176 5347 1275 5403 nos
1320 5329 1635 5401 Hierosoly-

118 5430 301 5475 morum
335 5428 643 5498 episcopum
687 5427 858 5483 l‘uisse
887 5428 1049 5498 paulo
1072 5435 1196 5480 ante
1227 5422 1534 5487 retulimus,
1566 5422 1636 5475 ob

178 5583 244 5653 (l)
278 5582 489 5653 Euseb,
534 5585 677 5640 Hist.
701 5585 828 5640 εισι.
850 5584 944 5639 lib.
971 5600 1048 5651 vt,
1076 5580 1281 5653 capri!

179 5652 245 5723 (ᾖ)
281 5651 515 5723 ῌίθι-οηζ,
540 5655 623 5709 De
648 5657 746 5712 vir.
768 5654 965 5708 illustr.
997 5670 1116 5723 cap.
1144 5651 1241 5723 '62.

196 5722 245 5791 3)
280 5721 504 5792 fidem.
538 5724 698 5792 Iern.
725 5734 857 5779 tom.
882 5723 969 5787 Ill,
998 5720 1280 5792 μιῇ-7415.

197 5787 245 5863 ὁ)
274 5790 437 5863 [.Cr.
469 5787 663 5863 Rana;
682 5804 813 5849 tom.
840 5793 882 5859 Ι,
911 5787 1033 5863 υθέ.
1059 5787 1184 5846 295.

200 5862 245 5929 δ)
280 5861 523 5925 Wessei.,
568 5854 842 5916 Probata.
870 5854 1010 5927 libJ
1041 5874 1163 5930 cap.
1208 5858 1294 5924 15,
1334 5854 1625 5928 pagg.106

290 5958 546 6019 ΡΑτιιοι.
579 5957 697 6018 Gn.
732 5957 815 6047 Χέ

1750 3615 1953 3669 dictum
2004 3616 2376 3684 episcopatum
2422 3620 2707 3680 promotus
2748 3620 2865 3677 est,
2920 3610 3173 3668 Narcisso
3216 3614 3309 3682 qui

1749 3708 1899 3773 prius
1934 3707 2007 3761 ibi
2048 3706 2223 3760 fuerat
2269 3704 2578 3773 episcopus,
2626 3704 2804 3757 adhuc
2838 3705 3153 3772 superstite.
3186 3724 3205 3756 ι
3246 3705 3310 3759 Et

1746 3800 1911 3867 paulo
1944 3806 2067 3866 post
2099 3796 2175 3864 (8)
2214 3814 2226 3847 :
2276 3814 2294 3844 ι
2326 3793 2527 3847 Verum
2578 3808 2703 3847 cum
2744 3803 2964 3863 propter
3014 3806 3308 3849 extremam
3400 3846 3416 3856 ._

1746 3898 2073 3945 senectutem
2132 3886 2493 3941 ministerium
2555 3901 2714 3940 suum
2764 3886 3307 3955 obire(Narcissus)

1747 3982 1977 4049 amplius
2033 3994 2140 4031 non
2194 3986 2409 4045 posset,
2458 3992 2619 4046 supra
2681 3976 2881 4030 dictum
2940 3976 3307 4029 Alexandrum

1755 4070 1976 4125 alterius
2011 4067 2266 4122 Ecclesiae
2287 4067 2601 4139 episcopum
2628 4067 2808 4119 divina
2843 4066 3172 4133 dispensatio
3213 4080 3309 4133 per

1746 4159 2128 4215 revelationem
2169 4158 2460 4227 quamdam
2505 4173 2625 4226 qua:
2658 4156 2735 4208 illi
2780 4156 2833 4208 in
2879 4155 3087 4209 somnis
3136 4170 3307 4225 appa-
3374 4176 3377 4179 λ

1744 4258 1949 4312 ruerat,
1986 4248 2052 4302 ad
2075 4248 2506 4317 participandum
2544 4262 2666 4300 cum
2706 4243 2961 4299 Narcisso
3010 4246 3308 4300 sacerdotis

1745 4339 1977 4394 cilicium
2002 4339 2266 4393 evocavit.
2283 4336 2395 4392 Hac
2418 4336 2579 4405 igitur
2600 4334 2807 4389 visione
2830 4344 3089 4404 tanquam
3120 4334 3305 4390 divino

1743 4431 2055 4485 admonitus
2094 4429 2317 4485 oraculo
2344 4424 2664 4487 Alexander,
2692 4440 2814 4478 cum
2848 4441 2915 4479 ex
2958 4424 3301 4495 Cappadocia

1744 4522 1799 4575 in
1829 4537 1936 4590 qua
1962 4521 2198 4589 primum
2240 4518 2527 4586 episcopus
2559 4511 2735 4567 fuerat
2758 4515 3040 4569 ordinatus
3062 4556 3075 4577 ,
3110 4513 3300 4568 Hiero-

1744 4614 1949 4682 solyma
1982 4611 2258 4681 profectus
2296 4607 2508 4671 fuisset,
2542 4615 2656 4660 tum
2682 4608 2894 4672 orandi,
2928 4608 3300 4661 tumlocorum

1741 4696 2088 4757 viséndorum
2131 4699 2336 4769 gratia,
2388 4695 2583 4751 fratres
2616 4697 2761 4752 illius
2794 4697 3055 4751 Ecclesiae
3102 4696 3299 4749 buma-

1742 4793 1966 4848 nissime
1993 4806 2115 4843 eum
2142 4787 2489 4856 excipientes,
2507 4787 2701 4841 reverti
2722 4788 2959 4855 posthaec
2985 4786 3039 4838 in
3067 4784 3299 4853 patriam

1747 4898 1855 4937 non
1890 4883 2152 4943 siverunt,
2180 4897 2197 4927 ι
2229 4888 2336 4932 etc.

1816 4974 1881 5027 ll.
1920 4968 2204 5023 Nonnullis
2234 4967 2449 5021 demum
2499 4966 2793 5035 interjectis
2833 4964 2946 5017 haec
2975 4963 3153 5019 subdit
3185 4968 3295 5036 (9):

1749 5084 1768 5116 ι
1796 5064 1851 5117 In
1892 5062 2175 5115 Palaestina
2214 5070 2395 5113 autem
2443 5059 2745 5113 Alexander
2797 5054 3294 5126 Hierosolymorum

1742 5157 2047 5224 episcopus,
2093 5166 2285 5205 rursus
2346 5160 2565 5221 propter
2610 5142 2883 5201 Christum
2938 5148 3002 5200 ad
3048 5150 3295 5216 praesidis

1739 5242 1977 5299 tribunal
2004 5241 2290 5307 adductus,
2315 5256 2438 5296 cum
2462 5258 2527 5294 ex
2559 5237 2792 5293 secunda
2816 5238 2916 5291 hac
2948 5238 3295 5293 confessione

1738 5336 1873 5405 (sub
1899 5332 2131 5399 Decio),
2170 5348 2422 5402 magnam
2454 5329 2677 5401 gloriam
2707 5329 3001 5393 retulisset,
3033 5328 3295 5384 Caesareas

1738 5427 1791 5481 in
1846 5437 2116 5480 carcerem
2169 5425 2447 5493 conjectus
2496 5429 2622 5474 est:
2661 5418 2744 5472 vir
2783 5419 2979 5474 decora
3020 5428 3296 5474 senectute

1676 5654 1677 5657 η
1738 5592 1887 5715 ⁵⁸ῗό
1919 5643 2145 5715 Euseb”
2175 5642 2367 5696 Chron.
2393 5642 2457 5715 ad
2486 5656 2611 5693 ann.
2638 5656 2973 5715 unchxvm.

1802 5710 1878 5784 (7)
1918 5713 2017 5784 ΕΙ..
2053 5712 2348 5784 Histieccl.
2376 5714 2465 5784 lib.
2491 5726 2567 5784 _v_l_,
2599 5724 2717 5776 cap.
2751 5710 2801 5761 8.

1919 5781 2140 5843 Euseh.,
2173 5783 2313 5835 Hist.
2340 5780 2466 5834 eccl.
2491 5780 2586 5833 lib.
2611 5795 2686 5847 vr,
2720 5794 2837 5847 cap.
2867 5778 2950 5831 li.

1803 5716 1855 5784 (,7
1918 5716 2017 5774 ld.,
2053 5716 2197 5766 Hist.
2222 5716 2348 5765 eccl.
2376 5716 2465 5763 lib.
2495 5726 2557 5760 vr.

1919 5781 2140 5843 Euseh.,
2173 5783 2313 5835 Hist.
2340 5780 2466 5834 eccl.
2491 5780 2557 5833 lib

1803 5716 1879 5925 (gi
1918 5851 2019 5921 ld.,
2052 5852 2182 5907 ibid.
2210 5868 2328 5921 cap.
2368 5852 2456 5904 39.
2554 5890 2557 5895 .

2929 5940 2975 6005 Ἰ
