4104 6350
775 443 873 500 191

2077 441 2133 497 8.
2174 440 2443 496 FABIANI
2484 437 2685 495 ΡΑΡΕ.

3881 417 3985 472 193

774 563 933 614 talem
954 562 1397 617 consuetudinem
1421 577 1528 616 non
1556 563 1879 627 habuerunt,
1904 576 2002 616 nec
2027 561 2329 616 habendam
2364 570 2403 624 Α
2437 577 2532 631 pos
2584 561 2825 615 locorum
2865 555 3221 626 singulorum,
3252 550 3493 606 omnium
3522 546 3612 616 qui
3652 542 3755 600 sub
3786 556 3981 596 eorum

773 652 1107 717 docuerunt;
1155 652 1406 707 similiter
1456 663 1507 705 et
1554 668 1897 708 successores
1925 667 2333 722 eorum,quau-

775 758 938 809 quam
989 744 1157 797 multa
1194 744 1259 797 dc
1311 745 1537 808 talibus,
1594 745 1946 813 prmvidentes
1983 742 2186 812 Spiritu
2238 744 2331 797 Dei

777 834 980 896 futura,
1029 845 1353 901 statuerunt.
1394 834 1584 901 Porro,
1645 844 1701 890 ut
1758 836 1934 905 legitis
1990 836 2043 889 in
2107 836 2331 889 Actibus

776 926 1170 997 apostolorum,
1202 937 1312 982 erat
1340 945 1397 981 eo
1417 939 1640 995 tempore
1670 929 1807 981 inter
1841 926 2021 995 ﬁdeles
2058 944 2148 979 cor
2172 942 2333 979 unum

772 1028 823 1072 et
870 1019 1049 1072 anima
1096 1036 1239 1083 una,
1282 1036 1439 1089 neque
1467 1020 1658 1089 aliquis
1708 1033 1885 1071 eorum
1930 1018 2131 1088 aliquid
2178 1035 2331 1093 suum

775 1113 1047 1181 proprium.
1067 1112 1290 1178 dicebat,
1314 1113 1402 1165 sed
1428 1121 1574 1165 erant
1602 1112 1711 1163 illis
1751 1111 1925 1163 omnia
1947 1111 2244 1163 communia
2262 1110 2326 1162 ³⁹.

774 1199 931 1254 Nulla
963 1201 1108 1254 enim
1144 1203 1281 1255 inter
1302 1218 1395 1255 eos
1418 1202 1714 1266 accusatio,
1745 1200 1847 1254 nisi
1875 1199 2159 1254 familiaris
2183 1209 2327 1259 erat,

777 1307 877 1345 nec
905 1308 1140 1360 unquam
1179 1294 1316 1346 inter
1348 1294 1645 1345 imitatores
1666 1308 1851 1347 eorum
1885 1302 1977 1344 aut
2007 1291 2189 1344 fideles
2217 1292 2330 1344 ﬁcri

776 1381 952 1447 debet,
987 1382 1197 1437 dicente
1244 1382 1475 1435 Domino
1504 1402 1515 1435 :
1549 1382 1699 1447 Quod
1735 1383 1827 1435 tibi
1856 1399 1956 1435 non
1980 1383 2053 1434 vis
2079 1382 2224 1449 ﬁeri,
2249 1381 2333 1435 al-

778 1474 874 1524 teri
905 1489 1007 1526 non
1029 1474 1198 1543 facias
1226 1474 1289 1526 “.
1320 1473 1375 1528 Et
1410 1474 1547 1528 idem
1583 1493 1596 1529 :
1638 1474 1835 1545 Diliges
1860 1475 2157 1543 proximum
2184 1485 2329 1527 tuum

776 1566 911 1618 sicut
954 1568 1175 1634 teipsum
1202 1567 1241 1597 “
1273 1582 1288 1631 ;
1335 1574 1389 1620 et
1434 1584 1447 1620 :
1488 1566 1706 1620 Dilectio
1731 1566 1961 1636 proximi
2004 1566 2200 1619 malum
2230 1584 2331 1621 non

777 1672 1022 1728 aperatur
1048 1662 1111 1715 ⁸³.
1152 1660 1255 1730 ipsi
1298 1676 1428 1732 ergo
1460 1662 1689 1732 apostoli
1748 1668 1802 1715 et
1858 1676 2200 1715 successores
2240 1678 2333 1716 eo-

710 1798 723 1811 ,
776 1768 897 1806 rum
946 1753 1073 1806 olim
1131 1741 1471 1823 statuerunt,
1525 1769 1620 1808 eos
1666 1752 1733 1806 ad
1770 1754 2171 1807 accusationem
2224 1770 2335 1807 non

775 1842 974 1909 recipi,
999 1843 1091 1911 qui
1132 1852 1259 1897 sunt
1302 1843 1536 1912 suspecti
1559 1843 1626 1907 ⁸³,
1667 1842 1748 1895 vel
1795 1842 1887 1911 qui
1932 1842 2065 1907 heri,
2102 1853 2198 1897 aut
2233 1860 2334 1896 nu-

2432 655 2631 722 degunt
2660 651 2708 684 "
2738 649 3127 711 moderamine,
3155 660 3342 701 curam
3374 642 3574 697 habere
3596 637 3903 699 sollicitam,
3934 642 3989 685 et

2430 759 2625 799 causas
2670 742 3032 808 utilitatesque
3070 754 3258 793 eorum
3298 750 3421 791 cum
3460 732 3552 788 Dei
3582 732 3770 786 timore
3798 728 3989 795 dispo-

2431 839 2771 898 nere.iValde
2800 822 2926 907 ergo
2954 836 3196 905 iniquum
3219 842 3322 897 est,
3348 838 3407 885 ut
3431 830 3519 885 alii
3546 826 3788 898 quilibet,
3822 822 3993 877 omis-

2429 934 2506 988 sis
2534 933 2667 996 suis,
2702 946 2761 999 se
2796 930 3010 983 illorum
3040 928 3221 981 causis
3251 924 3605 979 admisceant.
3641 916 3745 972 Sed
3779 915 3855 968 illi
3896 926 3993 966 eo-

2407 1040 2548 1085 (rum
2580 1023 2744 1077 vitam
2776 1029 2830 1076 et
2853 1020 3115 1091 judicium
3154 1013 3477 1086 competenti
3510 1008 3851 1081 regularique
3885 1005 3993 1058 de—

2429 1116 2591 1169 beant
2624 1115 2991 1169 moderamine
3034 1112 3341 1179 disponere,
3383 1106 3475 1177 qui
3516 1118 3611 1159 eos
3642 1103 3693 1156 in
3728 1098 3993 1154 sacerdo-

2430 1206 2564 1259 tium
2587 1205 2861 1269 ordinant,
2896 1213 2949 1259 et
2976 1218 3004 1256 a
3028 1203 3223 1272 quibus
3251 1199 3363 1268 jam
3398 1194 3627 1249 ordinati
3651 1200 3805 1255 sunt;
3845 1200 3991 1256 (μηδ’

2432 1300 2599 1361 niam,
2654 1306 2713 1350 ut
2761 1297 2843 1351 lex
2894 1295 3154 1365 loquitur,
3207 1289 3512 1343 maledictus
3556 1285 3724 1338 omnis
3771 1288 3847 1334 est
3899 1279 3993 1347 qui

2432 1391 2680 1457 transfert
2718 1389 2962 1440 terminos
2997 1385 3223 1455 proximi
3267 1381 3371 1435 sui.
3409 1379 3477 1433 Et
3515 1376 3649 1429 dixit
3691 1374 3858 1427 omnis
3895 1387 3997 1439 po-

2429 1482 2580 1549 pulus
2616 1495 2633 1532 :
2675 1480 2838 1532 Amen
2860 1478 2924 1531 ".
2964 1478 3105 1533 Deus
3126 1489 3273 1543 ergo,
3306 1471 3503 1524 fratres
3529 1470 3597 1533 ",
3627 1458 3691 1520 ad
3726 1466 3826 1518 hoc.
3852 1476 3999 1531 prae-

2430 1570 2703 1624 ordinavit
2732 1584 2848 1632 vos,
2880 1578 2933 1621 et
2954 1582 3143 1621 omnes
3174 1565 3263 1633 qui
3290 1577 3503 1617 summo
3531 1554 3834 1613 sacerdotio
3865 1551 3994 1604 fun-

2432 1671 2652 1732 guntur,
2687 1670 2745 1714 ut
2773 1661 3067 1729 injustitias
3094 1657 3435 1717 removeatis,
3462 1663 3515 1707 et
3540 1645 3995 1721 pi-zesumptioncs

2432 1753 2796 1816 ahseiudatis,
2842 1762 2896 1804 et
2933 1751 2985 1803 in
3022 1747 3325 1803 sacerdotio
3367 1740 3733 1798 laborantibus
3764 1750 3997 1790 succur-

2436 1847 2587 1909 ratis,
2635 1856 2688 1899 et
2718 1845 2764 1875 "
2795 1842 3102 1913 opprobriis
3149 1850 3204 1899 et
3252 1837 3651 1894 calamitatibus
3689 1845 3877 1885 eorum
3911 1827 3998 1880 lo-

775 1932 1091 1986 diustertius
1118 1974 1133 1998 ,
1198 1933 1279 1987 vel
1342 1934 1543 1987 dudum
1621 1933 1840 1986 fuerunt
1901 1934 2139 1999 inimici,
2197 1950 2334 2005 quo-
2365 1930 2405 1984 Β
2435 1949 2557 1987 cum
2578 1948 2684 1986 non
2716 1930 3151 2002 prtebeatis;‘sed
3178 1929 3251 1992 ei,
3274 1928 3367 1997 qui
3389 1925 3711 1981 calumniam
3732 1929 3994 1990 cloppro-

779 2023 925 2074 niam
986 2023 1220 2091 suspecti
1273 2021 1399 2077 facti
1454 2033 1600 2088 sunt,
1657 2031 1711 2076 et
1766 2025 1856 2093 qui
1907 2041 2015 2079 non
2070 2037 2196 2079 sunt
2238 2026 2334 2079 bo—

781 2128 864 2166 me
913 2115 1427 2182 canversationis“,
1458 2116 1540 2170 vel
1566 2132 1799 2185 quorum
1828 2118 1936 2172 vita
1959 2127 2039 2172 cst
2063 2120 2337 2173 accusabi-

778 2204 867 2269 lis,
898 2214 989 2258 aut
1020 2204 1168 2259 dubii
1202 2207 1256 2259 in
1277 2215 1418 2262 recta
1437 2207 1559 2262 fide.
1581 2208 1839 2264 Similiter
1858 2226 2091 2279 quorum
2117 2212 2247 2266 fides
2265 2213 2333 2277 ",

776 2298 885 2349 vita
924 2305 975 2350 et
1014 2298 1235 2351 libertas
1276 2300 1547 2363 nescitur,
1598 2298 1681 2352 vel
1718 2301 1806 2369 qui
1842 2300 2078 2353 infamia:
2109 2302 2337 2357 maculis

777 2396 904 2442 sunt
952 2389 1179 2453 aspersi,
1224 2397 1319 2441 aut
1372 2389 1665 2468 sceleribus
1692 2390 1879 2445 irretiti
1906 2391 1969 2444 °°.
2002 2389 2185 2458 Neque
2217 2406 2335 2453 eos,

776 2480 1086 2533 saCerdotcs
1121 2479 1316 2531 debere
1360 2479 1442 2531 vel
1486 2494 1645 2547 posse
1679 2490 1771 2533 aut
1801 2482 2029 2535 clericos
2057 2497 2335 2546 accusare,

777 2571 867 2639 qui
910 2570 1009 2622 rite
1050 2570 1355 2622 sacerdotes
1388 2568 1500 2623 fieri
1536 2586 1643 2623 non
1679 2580 1928 2640 possunt,
1969 2588 2068 2627 nec
2101 2574 2184 2626 sui
2212 2582 2341 2629 sunt

778 2662 1017 2725 ordinis;
1057 2661 1312 2731 quoniam
1353 2664 1493 2715 sicut
1529 2665 1840 2719 sacerdotes
1884 2666 1966 2719 vel
2001 2665 2193 2735 reliqui
2232 2667 2338 2721 cle-

776 2755 873 2825 rici
918 2770 949 2831 a
997 2756 1335 2808 szecularium
1382 2754 1643 2809 laicorum
1694 2756 2060 2811 excluduntur
2110 2774 2339 2813 accusa-

776 2847 925 2900 tione
949 2886 963 2910 ,
1004 2846 1075 2899 ita
1117 2847 1302 2905 illi,ab
1333 2846 1557 2901 istorum
1601 2857 1727 2901 sunt
1762 2849 2081 2903 excludendi
2116 2859 2170 2904 et
2194 2852 2329 2905 alie-

702 2956 707 2961 '
776 2938 940 2993 nandi
985 2939 1384 2995 criminatione.
1422 2940 1486 2993 Et
1539 2941 1680 2994 sicut
1730 2941 1818 2995 isti
1862 2942 1930 2995 ab
1980 2942 2088 2996 illis
2127 2943 2171 2974 "
2201 2983 2216 3007 ,
2265 2943 2337 2995 ita

775 3046 827 3085 ct
862 3031 933 3084 illi
968 3032 1035 3085 ab
1070 3030 1188 3085 istis
1224 3047 1329 3085 non
1363 3032 1727 3101 recipiantur;
1778 3033 2034 3101 quoniam
2068 3034 2210 3087 sicut
2235 3032 2339 3086 Do—

777 3122 908 3175 mini
944 3122 1283 3177 sacerdotum
1325 3131 1601 3193 segregata
1653 3123 1808 3175 debet
1846 3138 1965 3176 esse
2004 3106 2341 3177 conversatio

776 3214 846 3266 ab
870 3229 1057 3268 eorum
1100 3213 1535 3275 conversatione,
1580 3212 1652 3265 ita
1693 3214 2029 3281 et‘litigatio;
2068 3216 2193 3283 quia
2224 3232 2338 3269 ser-

2436 2026 2611 2081 brium
2639 2026 2873 2094 patitur,
2905 2020 3228 2091 adjutorium
3262 2018 3480 2082 feratis,
3532 2015 3679 2069 illum
3717 2026 3864 2075 vero,
3894 2009 3994 2079 qui

2436 2114 2776 2175 calumniain'
2810 2115 2893 2169 vel
2940 2096 3289 2183 opprobrium
3326 2109 3487 2172 facit,
3534 2106 3885 2167 abscindatis,
3940 2110 4001 2155 et

2437 2211 2668 2265 Domino
2718 2210 2770 2262 iu
2813 2208 2926 2271 suis
2956 2202 3327 2260 sacerdotibus
3363 2216 3518 2269 opem
3549 2198 3755 2252 feratis.
3800 2196 4000 2249 Sacer—

2436 2303 2590 2357 dotes
2624 2314 2839 2368 quoque
2870 2296 3131 2349 Dominus
3154 2294 3254 2349 sibi
3282 2294 3460 2363 elegit,
3508 2299 3567 2344 ut
3590 2286 3894 2361 sacrificent
3918 2284 3995 2347 ei,

2437 2404 2489 2447 et
2518 2393 2745 2447 otl'erant
2772 2390 3069 2445 oblationes
3108 2386 3355 2441 Domino.
3396 2383 3609 2438 Levitas
3648 2394 3863 2450 quoque
3892 2378 3998 2431 sub

2437 2487 2517 2539 eis
2548 2501 2668 2538 esse
2688 2483 2851 2553 jussit
2883 2482 2933 2536 in
2966 2481 3282 2535 ministeriis
3311 2492 3520 2532 eorum.
3558 2472 3709 2527 Unde
3746 2472 3811 2525 ad
3839 2469 3999 2539 Moy-
4045 2504 4051 2509 .

2440 2594 2533 2630 svn
2590 2577 2855 2645 loquitur,
2908 2575 3133 2629 dicens:
3174 2572 3420 2638 Princeps
3477 2563 4001 2641 autem‘principum

2439 2668 2739 2721 Leritnt‘um
2773 2666 3014 2728 Eleazar,
3059 2664 3199 2732 ﬁlius
3228 2665 3404 2715 Aaron
3434 2658 3718 2712 sacerdotis
3744 2697 3758 2717 ,
3781 2656 3877 2707 erit
3905 2671 4001 2706 su-

2437 2778 2529 2827 per
2558 2761 2881 2812 excubitores
2920 2756 3151 2809 ecclesia:
3189 2751 3479 2805 sanctuarii
3510 2750 3584 2801 7⁷.
3632 2746 3709 2800 De
3733 2746 3816 2799 his
3845 2748 3995 2797 enim

2444 2851 2653 2903 locutus
2686 2858 2775 2902 est
2809 2828 3069 2899 Dominus
3093 2844 3157 2897 ad
3196 2842 3432 2913 Moysen)
3468 2860 3480 2894 :
3509 2839 3651 2892 Tolle
3672 2838 3879 2891 Levitas
3900 2853 3999 2905 pro

2440 2940 2800 3011 primogenitis
2844 2939 3075 3008 ﬁliorum
3119 2935 3309 2997 Israel,
3358 2943 3407 2987 et
3460 2950 3646 3001 pecora
3696 2930 3998 2983 Levitarum

2438 3051 2536 3105 pro
2568 3032 2835 3103 pecoribus
2869 3048 3045 3084 eorum
3067 3072 3081 3093 ,
3106 3040 3355 3098 eruntque
3381 3027 3571 3079 Levitw
3598 3027 3717 3079 mei.
3754 3024 3858 3094 Ego
3887 3024 3999 3076 Do-

2442 3132 2613 3183 minus
2632 3129 2696 3177 ".
2720 3127 2774 3181 Si
2792 3126 3003 3181 Levitas
3021 3141 3150 3180 suos
3173 3139 3293 3178 esse
3313 3122 3573 3175 Dominus
3591 3139 3608 3172 ι
3623 3119 4009 3187 oluit,quauto

2445 3222 2618 3293 magis
2671 3221 2979 3275 sacerdotes
3023 3218 3123 3271 sibi
3156 3214 3383 3270 ascivit?
3422 3212 3497 3267 De
3542 3212 3740 3281 quibus
3780 3212 3856 3264 ait
3888 3229 3902 3263 :
3935 3209 4000 3263 Si

774 3320 893 3359 cum
944 3303 1038 3355 Dei
1086 3320 1185 3355 non
1229 3312 1423 3371 oportet
1458 3304 1669 3372 litigare
1693 3302 1758 3357 ⁸⁸.
1797 3302 1979 3369 Tales,
2031 3306 2338 3362 charissimi
2371 3305 2411 3361 C
2445 3315 2559 3385 quis
2583 3325 2911 3385 externorum
2950 3312 3239 3373 acresserit,
3276 3308 3526 3361 morietur
3546 3307 3610 3358 "’.
3646 3304 3835 3359 Omnia
3867 3318 4003 3356 vero

777 3397 988 3459 fratres,
1022 3396 1419 3460 accusationes,
1468 3405 1522 3449 et
1552 3395 1781 3462 injustas
1810 3404 1903 3449 aut
1929 3398 2147 3451 nocivas
2174 3414 2341 3453 annu-

774 3490 1027 3551 latioues,
1079 3504 1175 3557 pro
1228 3473 1432 3542 viribus
1466 3488 1745 3557 prohibete
1767 3528 1783 3551 ,
1835 3489 1961 3556 quia
1996 3496 2269 3544 contentio
2293 3492 2336 3524 ⁶⁹

774 3597 1119 3650 summopere
1150 3591 1232 3636 est
1280 3581 1520 3634 vitanda.
1569 3578 1769 3649 Septies
1804 3581 1939 3633 enim
1985 3582 2133 3633 cadet
2158 3582 2337 3649 justus

773 3677 827 3726 in
857 3673 974 3740 die,
1003 3684 1052 3726 et
1085 3683 1337 3743 resurget,
1367 3673 1527 3744 limpii
1558 3682 1731 3724 autem
1765 3681 2004 3724 corruent
2036 3673 2087 3724 in
2120 3674 2335 3726 malum.

772 3764 905 3817 Cum
932 3764 1174 3817 ceciderit
1207 3764 1451 3817 inimicus
1478 3773 1621 3825 tuus,
1661 3764 1736 3816 ait
1782 3761 2067 3825 Salomon,
2113 3779 2176 3815 ne
2209 3780 2339 3833 gau-

775 3860 923 3920 deas,
966 3864 1015 3908 et
1067 3857 1119 3907 in
1170 3858 1325 3909 ruina
1370 3857 1480 3925 ejus
1522 3874 1623 3909 non
1668 3856 1891 3909 exsultet
1929 3872 2021 3909 cor
2053 3864 2247 3920 tuum;
2277 3872 2337 3908 ne

778 3948 915 4015 forte
940 3949 1108 4000 videat
1134 3940 1411 4011 Dominus,
1454 3956 1501 3999 et
1539 3947 1816 4016 displiceat
1848 3948 1915 4014 ei,
1958 3957 2007 4001 et
2037 3948 2246 4017 auferat
2272 3949 2337 4001 ab

774 4057 831 4092 eo
869 4041 1002 4092 iram
1049 4056 1219 4093 suam.
1284 4038 1400 4091 Non
1457 4040 1735 4092 contendas
1785 4058 1899 4093 cum
1942 4042 2205 4110 pessimis,
2248 4057 2336 4094 nec

774 4130 1032 4185 a'muleris
1078 4132 1285 4199 impios,
1338 4131 1586 4200 quoniam
1643 4148 1743 4183 non
1790 4132 1977 4184 habent
2035 4134 2337 4200 futurorum

774 4239 914 4291 spem
957 4222 1103 4285 mali,
1146 4232 1193 4274 et
1242 4221 1457 4273 lucerna
1505 4222 1782 4288 impiorum
1815 4226 2190 4291 exstinguetur.
2225 4220 2335 4276 Nec

773 4315 1033 4368 temulcris
1079 4316 1213 4368 viros
1263 4316 1447 4379 malos,
1491 4332 1581 4367 nec
1626 4315 1887 4368 desideres
1939 4332 2048 4368 esse
2079 4332 2195 4368 cum
2235 4318 2332 4379 eis,

773 4407 897 4474 quia
936 4408 1173 4472 rapinam
1211 4406 1493 4458 meditatur
1532 4422 1671 4458 mens
1697 4423 1894 4472 eorum,
1932 4418 1981 4459 et
2012 4409 2224 4475 fraudes
2254 4409 2339 4461 la—

776 4498 865 4549 bia
921 4512 1101 4547 eorum
1157 4499 1439 4564 loquuntur
1470 4500 1534 4550 ⁷⁸.
1584 4499 1705 4553 Haec
1742 4509 1948 4565 cavete,
2004 4502 2332 4555 charissimi.

778 4586 903 4641 Hinc
944 4587 1299 4651 meditamini,
1332 4598 1383 4641 et
1413 4590 1671 4644 fratribus
1705 4591 1758 4642 iu
1794 4592 2050 4644 omnibus
2083 4593 2335 4645 solatium

776 4686 1025 4749 priestate
1062 4694 1075 4729 :
1115 4676 1248 4755 quia.
1289 4679 1341 4728 in
1384 4678 1475 4729 hoc
1510 4692 1812 4747 cognoscent
1847 4690 2021 4734 omnes
2050 4722 2065 4745 ,
2121 4690 2177 4734 ut
2220 4682 2335 4751 ipsa
2370 4660 2411 4715 D

776 4786 869 4838 per
908 4778 966 4823 se
1006 4767 1212 4821 Veritas
1246 4770 1349 4831 ait,
1388 4772 1633 4837 quoniam
1674 4775 1770 4823 mei
1814 4774 1937 4825 estis
1971 4774 2241 4841 discipuli,
2289 4777 2335 4828 si

774 4865 807 4912 ιι
832 4863 1101 4915 lectionem
1144 4860 1429 4913 habueritis
1470 4861 1537 4912 ad
1570 4862 1786 4914 invicem
1809 4866 1873 4915 τ’.
1904 4862 1960 4915 Si
1992 4878 2034 4916 e.
2063 4865 2132 4915 im
2168 4865 2220 4916 in
2248 4880 2323 4917 re-

779 4954 878 5005 bus
907 4955 952 4983 "
996 4953 1347 5007 smcularibus
1381 4968 1537 5003 suum
1572 4954 1833 5019 cujusque
1864 4954 1953 5021 jus
2005 4966 2057 5007 et
2087 4954 2335 5024 proprius

775 5045 907 5097 ordo
935 5046 1231 5101 servandus
1265 5055 1377 5108 est,
1420 5055 1622 5113 quanto
1660 5048 1829 5114 magis
1863 5048 1912 5099 in
1948 5048 2335 5101 ecclesiasticis

774 5137 1215 5202 dispositionibus
1252 5139 1396 5191 nulla
1446 5138 1603 5194 debet
1634 5138 1813 5193 induci
1858 5140 2147 5193 confusio?
2179 5139 2331 5203 Quod

774 5229 874 5279 isfa
906 5228 1282 5288 observatione
1324 5232 1718 5297 observabitur,
1774 5234 1817 5286 si
1870 5234 2002 5286 nihil
2057 5233 2330 5302 potestati,

774 5321 867 5373 sed
905 5325 1074 5372 totum
1112 5322 1347 5387 aequitati
1398 5325 1668 5378 tribuitur.
1716 5322 1868 5378 Unde
1891 5334 2102 5379 constat
2123 5327 2332 5395 episco-

850 5457 892 5487 ”
933 5455 1050 5508 Act.
1081 5472 1152 5519 1v,
1184 5458 1269 5511 5'2.

773 5529 819 5560 "
857 5526 1014 5579 Rom.
1052 5543 1170 5586 xm,
1198 5529 1278 5580 10.

772 5599 897 5669 coll.
943 5600 1028 5648 19.
1140 5596 1265 5669 ⁸⁷2.
1303 5616 1357 5669 q.
1422 5596 1680 5656 72510111..
1710 5605 2037 5658 sacerdotes.

773 5667 815 5695 ⁷¹
840 5666 997 5721 Joan.
1031 5683 1146 5731 xm,
1191 5668 1277 5721 55.

1374 5671 1417 5702 τ’
1444 5671 1525 5745 _S.
1578 5674 1735 5745 Greg.
1762 5691 1845 5745 ep.
1902 5676 1989 5728 l'll
2024 5676 2114 5728 lib.
2148 5692 2241 5729 vn.

779 5691 997 5721 ”“δυιυ.
1034 5691 1146 5731 XIII,
1192 5691 1277 5721 Οἱ).
1378 5691 1417 5702 ’⁵
1469 5691 1525 5725 Do
1578 5691 1789 5745 bt‘eg.0
1837 5717 1841 5725 .

772 5736 818 5766 ’°
929 5737 1045 5821 q._f
1076 5739 1262 5821 :nDeus
1289 5754 1415 5809 ergo
1440 5740 1649 5821 fratres.
1724 5691 1841 5821 ηιξ)

776 5822 791 5859 ι
847 5809 908 5861 51

773 5896 823 5935 c.
856 5880 943 5935 bi.

1345 5462 1388 5491 '°
1430 5462 1615 5517 Matth.
1662 5480 1754 5526 vn,
1794 5464 1893 5529 l2;
1942 5463 2053 5516 Luc
2081 5482 2151 5518 vr.

1355 5532 1398 5561 ⁸³
1420 5533 1605 5603 Ambr.
1633 5552 1716 5603 ep.
1744 5534 1829 5587 Gl.

1911 5534 1953 5563 “
1980 5537 2198 5589 Adrian.
2223 5536 2344 5587 coll.
2380 5536 2463 5587 15.

2116 5605 2159 5635 ⁸³⁸
2213 5606 2253 5657 Il
2320 5604 2456 5655 Tini.
2510 5623 2563 5659 ll.

2353 5676 2397 5705 ⁷³
2427 5678 2567 5728 ldem
2598 5691 2683 5743 ep.
2724 5676 2790 5726 66
2819 5674 3059 5742 ejusdem
3106 5670 3246 5743 libri.

1846 5747 2025 5799 roclus
2056 5762 2139 5813 ep.
2172 5747 2238 5798 ad
2263 5745 2584 5798 Domniuum
2608 5748 2730 5797 Aut.

1000 5808 1046 5840 ⁸⁸
1099 5807 1155 5862 S.
1211 5807 1440 5880 August.
1474 5824 1524 5863 tv
1554 5813 1763 5870 advers.
1787 5815 1994 5881 Gnoso,
2018 5807 2110 5879 26,
2134 5819 2273 5871 etde
2300 5818 2526 5884 utilitate
2554 5816 2897 5885 pmaitentize,
2930 5829 3047 5882 cap.
3103 5810 3187 5864 ιιι.

2446 3423 2567 3476 qua:
2614 3393 2821 3459 Domini
2850 3414 2995 3467 sunt,
3024 3411 3179 3456 caute
3207 3401 3483 3454 tractanda
3514 3408 3658 3462 sunt,
3689 3407 3743 3449 et
3774 3410 3881 3448 non
3917 3396 3999 3447 lc-

2446 3500 2582 3552 viter
2614 3496 3023 3567 praecipitanda;
3055 3498 3311 3563 quoniam
3342 3502 3396 3546 et
3436 3493 3573 3545 inter
3606 3489 3852 3545 homines
3897 3503 4006 3557 pro

2448 3590 2693 3643 fidelibus
2722 3588 3009 3646 habentur,
3048 3584 3139 3651 qui
3173 3582 3515 3636 dominorum
3548 3592 4001 3634 suorum'causas

2446 3683 2581 3735 bene
2610 3680 2943 3741 custodiunt,
2988 3686 3043 3731 et
3074 3676 3297 3729 fideliter
3325 3683 3576 3736 tractant,
3602 3683 3762 3739 atque
3790 3684 3997 3739 praece-

2446 3788 2536 3842 pta
2568 3771 2925 3825 dominorum‘
2963 3784 3183 3823 suorum
3234 3770 3372 3823 bene
3403 3765 3731 3826 custodiunt,
3773 3770 3829 3815 et
3885 3774 3999 3812 non

2446 3860 2929 3929 transgrediuntur.
2957 3853 3061 3909 Pro
3088 3848 3393 3909 inﬁdelibus
3422 3868 3546 3907 vero
3576 3857 3893 3918 reputantur
3917 3848 4000 3909 hi,

2444 3952 2535 4021 qui
2584 3951 2928 4005 dominorum
2972 3965 3191 4004 suorum
3241 3961 3435 4000 causas
3492 3946 3703 3995 incaute
3732 3948 3786 3993 et
3820 3938 3998 4007 negli-

2444 4054 2629 4114 genter
2672 4053 2903 4097 tractant
2925 4053 3025 4117 ,let
3067 4048 3329 4116 praecepta
3358 4050 3548 4091 eorum
3589 4030 3912 4100 despiciunt,
3941 4041 4000 4083 et

2444 4150 2572 4199 non,
2609 4144 2667 4188 ut
2694 4134 2909 4195 debent,
2948 4134 3279 4187 custodiunt.
3310 4128 3436 4183 Ideo
3468 4127 3578 4179 hac
3609 4123 3997 4194 praemisimus,

2446 4236 2504 4280 ut
2527 4234 2888 4296 cognoscatur
2911 4224 2977 4276 ab
3004 4224 3107 4285 bis,
3138 4222 3335 4291 quibus
3364 4216 3693 4285 incognitum
3718 4224 3822 4278 est,
3847 4215 3996 4283 quod

2443 4328 2499 4372 et
2542 4318 2848 4373 sacerdotes
2890 4329 3028 4384 quos
3055 4314 3153 4367 sibi
3192 4312 3451 4365 Dominus
3475 4307 3541 4361 de
3573 4306 3826 4360 omnibus
3851 4309 3996 4360 asci-

2443 4415 2538 4477 vit,
2570 4418 2623 4465 et
2656 4427 2786 4465 suos
2821 4426 2941 4464 esse
2970 4408 3158 4464 voluit,
3195 4421 3300 4457 nou
3336 4411 3460 4457 sunt
3486 4399 3671 4453 leviter
3704 4402 3993 4457 tractandi,

2443 4520 2545 4558 nec
2573 4502 2865 4564 lacerandi,
2904 4515 3001 4554 nec
3024 4506 3222 4553 temere
3246 4491 3532 4549 accusandi
3580 4500 3673 4542 aut
3698 4490 3994 4555 reprehen-

2441 4597 2623 4658 dendi,
2676 4597 2776 4648 nisi
2817 4610 2846 4647 a
2888 4592 3163 4661 magistris
3190 4590 3323 4649 suis,
3368 4584 3624 4653 quoniam
3650 4599 3835 4636 eorum
3868 4598 3998 4635 can-

2441 4706 2528 4743 sas
2565 4688 2668 4741 sibi
2715 4686 2975 4738 Dominus
3018 4695 3296 4737 reservare
3323 4677 3526 4737 voluit,
3579 4682 3632 4728 et
3660 4690 3760 4727 suo
3788 4672 3994 4741 judicio

2444 4777 2728 4830 vindicari.
2778 4773 2909 4825 Nam
2942 4774 2994 4824 in
3029 4772 3115 4823 bis
3138 4779 3191 4822 et
3218 4772 3269 4820 in
3302 4765 3422 4817 aliis
3452 4768 3727 4831 praeceptis
3757 4759 3993 4819 Domini,

2440 4876 2494 4927 et
2534 4865 2718 4919 fideles
2747 4872 3185 4932 cognoscuntur,
3224 4867 3277 4912 et
3330 4855 3571 4908 infideles
3614 4856 3991 4922 reprobantur.

2443 4957 2727 5011 'l‘olcrandi
2775 4957 2919 5008 enim
2954 4955 3005 5007 hi
3052 4961 3179 5007 sunt
3221 4948 3401 5019 potius
3455 4964 3483 4999 a
3530 4947 3794 5011 fidelibus,
3829 4958 3993 5013 quam

2439 5048 2841 5118 exprobrandi,
2878 5045 3039 5099 veluti
3064 5044 3216 5113 palea
3248 5055 3368 5094 cum
3401 5040 3575 5094 tritico
3599 5082 3614 5105 ,
3644 5054 3816 5108 usque
3844 5036 3893 5067 ⁸⁸
3927 5035 3992 5086 ad

2444 5143 2689 5194 ultimum
2719 5140 3101 5199 ventilabrum,
3136 5138 3275 5189 sicut
3301 5135 3475 5203 pisces
3504 5135 3624 5188 mali
3659 5146 3781 5187 cum
3816 5128 3988 5187 bonis,

2441 5252 2609 5303 usque
2645 5236 2709 5287 ad
2741 5232 3165 5303 segregationem
3189 5272 3202 5293 ,
3238 5246 3357 5298 qua:
3387 5228 3563 5283 futura
3597 5236 3680 5280 est
3707 5226 3758 5275 in
3789 5218 3988 5277 littore,

2437 5328 2539 5381 hoc
2580 5338 2681 5391 est,
2738 5327 2791 5379 in
2839 5328 2942 5379 fine
2987 5324 3189 5378 saeculi.
3234 5321 3547 5376 Nullatenus
3578 5329 3706 5385 ergo
3740 5309 3987 5381 ροιεειθί

2246 5464 2287 5494 ⁸⁸
2314 5462 2444 5516 Tob.
2479 5480 2548 5525 tv,
2608 5464 2690 5527 16;
2730 5461 2913 5525 Matth.
2942 5477 3075 5523 xm,
3107 5461 3195 5525 59;
3232 5459 3396 5513 Marc.
3427 5455 3635 5527 nubi;
3662 5448 3989 5527 1.119527.

2541 5521 2583 5565 δ’
2617 5523 2746 5602 5,(1.
2782 5535 2814 5589 5
2843 5554 2851 5585 :
2890 5521 3381 5601 Suspectos'autem
3412 5526 3612 5580 iuitnic.
3692 5521 3737 5551 “
3764 5521 3987 5573 Adrian.

2541 5626 2542 5630 η
2642 5604 2685 5636 η
2732 5605 2919 5636 nuptm.
3003 5604 3099 5636 ..ηιι
3179 5601 3207 5636 ε(
3320 5599 3365 5628 το
3395 5596 3552 5636 Drmr-
3584 5608 3723 5636 xxiv,
3745 5591 3807 5636 17
3837 5606 3983 5636 sporn.

2723 5593 2943 5657 Adrian.
2999 5591 3122 5656 ἱτοιι.
3175 5601 3226 5654 5.
3320 5599 3365 5641 ⁷⁸
3395 5596 3553 5647 Prov.
3584 5591 3807 5653 xstv,”
3837 5606 3983 5673 θροις.

2724 5674 3059 5723 (ὶϋρίιιςάειιι
3106 5670 3246 5723 libri.
3348 5666 3393 5697 ⁷⁵
3420 5665 3631 5717 Denter.
3684 5678 3849 5723 xxvu,
3904 5663 3984 5713 lt.

3360 5736 3406 5767 ⁷⁸
3432 5733 3566 5787 lbid.
3750 5734 3795 5763 ⁷³
3821 5731 3985 5785 Num.

2805 5738 3029 5797 "'Num.
3060 5758 3139 5803 ιιι,
3170 5738 3257 5792 52.
3360 5738 3406 5767 ⁷⁸
3432 5738 3673 5788 lbid.
3750 5738 3795 5763 ⁷⁵
3821 5738 3985 5785 Num.

2817 5816 2895 5859 im-
2930 5829 3047 5859 mn-
3103 5810 3187 5859 η.
3290 5806 3331 5837 ⁸⁸
3365 5803 3548 5859 Const.
3585 5803 3650 5857 \l.
3679 5805 3801 5859 coll.
3856 5801 3985 5856 Adr.
