4104 6350
120 441 228 497 193

1553 423 1927 496 Eatsrom.

3244 436 3339 491 l9}

118 556 495 637 condemnari.
523 557 769 612 buntano
804 556 1072 624 examine,
1106 572 1264 627 quem
1291 554 1433 614 Deus
1469 533 1571 613 suo
1591 558 1682 628 ju—
1710 578 1755 631 Α
1783 557 2027 612 carnales
2054 556 2359 625 spirituales
2384 554 2653 611 infestent
2681 554 2906 618 idcirco,
2938 562 2994 607 ut
3020 551 3337 623 praedictum
3388 608 3391 609 ν

121 647 262 702 dicio
305 649 636 712 reservavit,
681 656 741 703 ut
768 646 1103 717 propositum
1138 646 1265 713 Dei,
1300 664 1407 717 quo
1445 649 1682 703 decrevit

119 738 336 793 sals-ate
358 739 514 813 quod
547 739 805 807 perierat,
847 737 941 791 ﬁat
964 738 1257 793 immobile.
1292 739 1355 793 Et
1384 740 1524 806 idco,
1553 742 1690 810 quia-

115 831 373 885 voluntas
402 831 522 899 ejus
570 847 677 885 non
722 832 1057 894 immutatur,
1096 832 1275 885 nullus
1302 841 1587 899 praesumat
1618 847 1679 884 ea

116 934 246 988 quae
316 910 452 973 sibi.
487 934 598 973 non
668 929 793 974 sunt
864 904 1153 975 concessa.
1212 918 1364 974 Unde
1421 927 1503 973 est
1551 920 1681 973 illud

118 1010 270 1079 quod
305 1010 598 1079 Apostolus
640 1011 878 1080 loquitur
912 1011 1096 1066 dicens
1134 1029 1147 1063 :
1186 1009 1319 1063 Jam'
1350 1011 1555 1080 quidem
1577 1026 1683 1063 om-

113 1103 248 1155 nino
276 1102 526 1156 delictum
555 1112 652 1167 est,
696 1104 820 1172 quia
845 1102 1055 1171 judicia
1100 1102 1299 1156 habetis
1329 1103 1611 1156 vobiscum.
1634 1102 1681 1134 ⁸³

123 1195 299 1257 Quare
326 1211 431 1247 non
477 1196 644 1265 magis
671 1195 996 1265 iniquitatem
1022 1196 1266 1264 patimini
1289 1197 1335 1265 .9,
1363 1197 1537 1260 Quare
1580 1212 1683 1248 non

116 1288 297 1352 potius
328 1288 657 1351 fraudamini
678 1287 762 1340 ⁸³2
792 1287 870 1341 Ad
894 1286 1023 1341 illud
1058 1287 1306 1341 redeatur
1327 1280 1470 1354 quod
1496 1286 1681 1339 Domi-

118 1394 229 1430 nus
250 1379 325 1430 ait
364 1397 376 1431 :
407 1377 607 1449 Siquis
646 1377 862 1432 voluerit
890 1379 1117 1431 tunicam
1148 1387 1292 1430 tuam
1326 1378 1526 1442 tollere,
1554 1388 1601 1430 et
1626 1380 1680 1430 in

117 1468 321 1535 judicio
354 1480 522 1523 tecum
556 1470 890 1534 contendere,
930 1470 1135 1522 dimitte
1176 1465 1223 1521 ei
1271 1479 1320 1522 et
1350 1468 1571 1539 pallium
1613 1468 1677 1520 ⁸⁸.

121 1561 188 1615 Et
216 1563 325 1616 alio
354 1564 471 1615 loco
504 1582 515 1615 :
550 1562 652 1626 Qui
682 1563 851 1631 aufert
880 1579 997 1632 qua:
1023 1572 1113 1615 tua
1137 1570 1278 1626 sunt,
1304 1578 1364 1614 ne
1391 1569 1589 1629 repetas
1613 1560 1678 1614 ⁸³.

122 1651 263 1706 Sunt
296 1662 481 1707 autem
513 1654 755 1722 quaedam
782 1696 796 1719 ,
860 1671 980 1724 qua:
1024 1655 1296 1708 levissima
1344 1662 1680 1722 putarentur,

119 1745 226 1799 nisi
274 1745 334 1799 in
392 1744 692 1815 Scripturis
731 1746 1228 1800 d’emonstrarcntur
1276 1745 1530 1813 Opinione
1559 1760 1681 1813 gra-

115 1838 296 1893 \iora.
352 1824 489 1903 Quis
543 1826 778 1905 unquam
812 1837 1077 1892 dicentem
1120 1836 1271 1890 fratri
1314 1852 1414 1891 suo
1447 1854 1460 1890 :
1492 1835 1679 1899 Fatue,

120 1944 275 1983 reum
311 1930 567 1998 gehennae
596 1936 826 1997 putaret,
852 1930 957 1983 nisi
983 1930 1093 1998 ipsa
1122 1926 1330 1983 Veritas
1352 1929 1419 1960 "‘
1445 1928 1685 1983 diceret?
1718 1917 1755 1969 Β

120 2020 199 2073 Illi
230 2035 364 2075 vero
414 2020 573 2089 "qui
624 2021 711 2074 illa
765 2028 983 2089 peccata
1011 2029 1348 2090 perpetrant,
1383 2020 1450 2073 de
1489 2019 1686 2088 quibus

118 2114 417 2184 Apostolus
450 2116 573 2168 ait:
617 2114 881 2178 Quoniam
926 2114 1014 2183 qui
1061 2113 1189 2169 talia
1239 2122 1418 2181 agunt,
1474 2125 1686 2179 regnum

122 2202 220 2257 Dei
245 2220 352 2257 non
392 2213 764 2272 consequentur
786 2204 865 2269 ⁸⁷,
888 2205 1060 2258 walde
1087 2204 1307 2257 cavendi
1339 2211 1499 2265 sunt,
1538 2208 1590 2253 et
1620 2200 1683 2251 ad

114 2296 577 2356 emendatiOnem,
608 2294 650 2349 si
675 2293 970 2347 voluntarie
988 2294 1272 2357 noluerint,
1297 2291 1682 2360 compellendi;

116 2388 248 2455 quia
274 2385 510 2440 infamia:
543 2385 769 2439 maculis
790 2394 917 2452 sunt
944 2386 1170 2453 aspersi,
1201 2395 1253 2437 et
1282 2385 1333 2436 in
1367 2384 1684 2437 barathrum

117 2478 468 2542 delabuntur,
508 2477 611 2530 nisi
634 2478 709 2531 eis
737 2476 1058 2530 sacerdotali
1095 2475 1415 2528 auctoritate
1446 2473 1679 2527 subven-

102 2578 239 2639 tum
303 2569 483 2623 fuerit.
529 2568 788 2621 Similiter
832 2568 993 2621 etilli
1044 2566 1111 2620 de
1158 2567 1356 2635 quibus
1402 2566 1517 2634 ipse
1557 2566 1675 2618 ait:

117 2658 256 2714 Cum
309 2660 666 2729 hujuscemodi
703 2659 993 2712 hominibus
1038 2675 1128 2711 nec
1170 2657 1343 2710 cibunt
1383 2673 1581 2711 sumere
1606 2657 1682 2720 ⁸⁸;

118 2752 213 2819 qui
238 2749 461 2803 infamia
490 2760 616 2803 sunt
642 2751 810 2810 notati
835 2760 1123 2819 antequam
1150 2749 1469 2803 sacerdotali
1494 2757 1681 2801 aucto-

120 2843 285 2895 ritate
311 2851 600 2908 sanentur,
639 2852 692 2897 et
732 2843 783 2896 in
812 2842 1015 2913 gremio
1046 2850 1245 2897 sanetae
1276 2843 1464 2894 matris
1500 2840 1683 2909 Eccle-

118 2942 218 2994 sia:
249 2938 715 3007 redintegrentur;
750 2940 874 3007 quia
908 2937 1166 3006 quiexlra
1194 2951 1291 2988 nos
1325 2943 1469 2998 sunt,
1496 2933 1681 2985 nobis-

116 3049 245 3085 cum
294 3032 695 3085 communicare
753 3047 860 3082 non
915 3036 1159 3097 possunt.
1211 3020 1557 3078 Manifestum
1602 3031 1684 3074 est

115 3125 295 3188 enim,
326 3126 468 3193 quod
501 3124 555 3176 lii
594 3132 741 3175 extra
779 3137 877 3173 nos
914 3129 1072 3183 sunt,
1121 3127 1173 3171 et
1205 3134 1234 3170 a
1276 3116 1431 3170 nobis
1463 3115 1681 3170 discreti

114 3234 246 3272 esse
271 3217 487 3280 debent,
535 3232 658 3268 cum
689 3215 885 3281 quibus
916 3230 1012 3267 nos
1047 3227 1143 3265 nec
1163 3212 1341 3272 edere,
1379 3224 1477 3263 nec
1501 3210 1677 3283 cibum

115 3325 344 3365 sumere
378 3308 517 3361 licet.
562 3305 820 3358 Similiter
846 3314 897 3357 ct
932 3318 1119 3356 omnes
1148 3316 1412 3371 personas,
1454 3301 1682 3368 quibus-

118 3402 255 3455 libet
304 3398 727 3468 turpitudinibus
755 3414 818 3451 ac
850 3396 1270 3451 scurrilitatibus
1292 3394 1566 3462 subjectae,
1600 3393 1683 3446 in-

118 3493 300 3548 fames
332 3501 460 3545 sunt
491 3490 724 3556 eliectte;
754 3498 809 3544 et
852 3504 1040 3543 omnes
1065 3488 1131 3552 ⁸³,
1170 3487 1261 3557 qui
1294 3486 1553 3561 adversus
1590 3501 1685 3553 pa-

117 3597 236 3640 tres
260 3592 544 3638 armantur
564 3624 577 3648 ,
611 3581 839 3636 infames
873 3577 1195 3634 eﬂiciuniur.
1239 3580 1463 3632 Arenam
1494 3592 1608 3629 vero
1637 3585 1685 3628 et

116 3676 291 3730 salem
318 3684 367 3728 et
391 3691 620 3727 massam
665 3674 790 3742 ferri
824 3673 1033 3742 facilius
1060 3680 1134 3724 est
1162 3682 1392 3738 portare,
1422 3683 1578 3736 quam
1596 3669 1688 3718 ho-

120 3769 321 3820 minem
345 3767 719 3835 imprudentem
741 3774 787 3817 et
819 3765 1022 3833 fatuum
1042 3771 1195 3829 atque
1222 3761 1440 3827 impium
1460 3759 1524 3808 9°.
1546 3757 1689 3820 Quo-

120 3862 277 3912 niam
314 3860 401 3928 qui
432 3861 730 3911 minoratur
771 3856 953 3921 corde,
995 3852 1189 3920 cogitat
1248 3851 1462 3912 inania;
1508 3857 1555 3901 et
1610 3848 1688 3900 vir

126 3952 429 4019 imprudens
467 3959 516 4001 et
547 3962 749 4010 errans,
781 3946 973 4013 cogitat
1017 3941 1179 4013 stulta
1212 3941 1277 3991 θλ.
1315 3939 1509 3991 Multos
1547 3940 1687 3991 enim

129 4039 491 4109 supplantavit
525 4036 752 4104 suspicio
780 4036 1012 4097 illorum,
1047 4042 1094 4086 et
1123 4034 1179 4085 in
1216 4033 1441 4085 vanitate
1465 4030 1687 4084 detinuit

126 4146 311 4195 sensus
328 4128 561 4181 illorum.
577 4124 681 4178 Car
699 4124 887 4177 durant
912 4122 1048 4176 male
1072 4123 1276 4176 habebit
1301 4124 1353 4177 in
1375 4124 1688 4186 novissimo;

125 4231 176 4275 et
206 4221 296 4289 qui
324 4229 468 4271 amat
497 4216 818 4285 periculum,
862 4217 918 4269 in
962 4218 1072 4284 ipso
1113 4207 1318 4284 peribit.
1367 4216 1471 4269 Cor
1517 4217 1690 4285 ingre-

127 4314 279 4364 diens
305 4310 437 4363 duas
467 4310 599 4373 vias,
630 4323 731 4360 non
757 4306 960 4366 habebit
988 4307 1235 4375 requiem,
1255 4319 1318 4359 .et
1339 4308 1488 4375 prati
1516 4307 1687 4359 cordis

128 4407 185 4457 in
213 4404 259 4434 ”
283 4402 391 4455 illis
418 4400 885 4454 scandalizabitur.
921 4398 1025 4452 Cor
1051 4404 1269 4468 nequam
1306 4400 1610 4466 gravabitur
1633 4401 1684 4449 in

131 4494 400 4547 doloribus
422 4536 436 4559 ,
467 4501 518 4547 et
544 4502 783 4561 peccator
812 4491 1025 4560 adjiciet
1051 4492 1119 4543 ad
1143 4491 1459 4557 peccandum
1486 4490 1550 4542 ".
1582 4488 1686 4541 Ta-

1782 658 1884 713 est,
1914 659 2237 709 statuerunt,
2285 664 2349 702 ne
2366 657 2785 713 ‘accusarentur,
2834 655 2926 701 aut
2966 648 3011 701 si
3044 647 3198 703 aliter
3226 645 3340 699 fieri

1782 755 1890 794 non
1923 741 2130 810 possit,»
2150 740 2475 807 perditiicilis
2507 756 2694 794 eorum
2721 740 2869 793 fieret
2898 738 3207 804 accusatio,
3232 746 3288 792 et
3311 752 3341 790 a

1782 812 2002 901 quibus,
2058 840 2116 883 ut
2150 846 2315 899 supra
2365 831 2568 885 dictum
2600 839 2710 895 cst,
2758 845 2867 883 non
2902 838 3341 899 praesumeretur,

1783 936 1956 990 neque
1987 936 2016 975 a
2059 922 2291 990 propriis
2316 921 2535 976 sedibus
2566 932 2659 975 aut
2681 919 2937 976 Ecclesiis
2972 920 3211 990 episcopi
3242 920 3343 989 eji-

1785 1022 2033 1067 cerentur
2061 1013 2128 1065 ”.
2178 1012 2333 1078 Quod
2381 1013 2425 1066 si
2464 1013 2735 1082 quomodo
2759 1022 3149 1082 praesumptum
3182 1010 3346 1066 fuerit

1784 1117 2074 1175 antequam
2107 1112 2159 1158 et
2190 1104 2440 1177 proprius
2465 1104 2617 1159 locus
2638 1146 2652 1169 ,
2689 1114 2742 1159 et
2776 1106 2874 1159 sita
2902 1104 3082 1157 omnia
3110 1104 3190 1159 eis
3214 1103 3343 1173 legi-

1786 1196 1887 1251 bus
1910 1197 1956 1228 "
1996 1196 2523 1265 redintegrarentur,
2556 1196 2859 1249 nullatenus
2889 1210 2918 1247 a
2956 1206 3227 1264 quoquam
3256 1209 3346 1247 ac-

1785 1296 2110 1342 cusarentur
2152 1295 2245 1340 aut
2276 1286 2730 1351 criminarentur,
2762 1295 2814 1339 et
2841 1285 2941 1340 nisi
2970 1294 3161 1354 sponte
3180 1284 3349 1353 elege-

1784 1380 1894 1431 rint
1914 1417 1927 1439 ,
1959 1378 2212 1446 cuiquam
2244 1392 2341 1446 pro
2372 1377 2566 1431 talibus
2593 1394 2697 1431 non
2720 1378 2762 1409 ’7
2804 1377 3223 1446 responderent;
3252 1375 3346 1429 sed

1749 1466 1751 1470 ⁴
1785 1478 2095 1539 postquam,
2116 1478 2176 1524 ut
2208 1471 2486 1539 praeﬁxum
2516 1480 2618 1535 est,
2638 1469 2884 1524 restituti
2919 1467 3138 1533 fuerint,
3165 1476 3218 1523 et
3246 1483 3345 1522 sua
3400 1514 3405 1522 .

1783 1564 1962 1616 omnia
1990 1563 2067 1617 eis
2096 1562 2305 1633 legibus
2336 1562 2716 1631 redintegrata,
2748 1562 3022 1631 dispositis
3054 1562 3347 1616 ordinatis-

1788 1672 1894 1721 que
1923 1657 2058 1719 suis,
2110 1671 2368 1726 magnum
2424 1658 2685 1725 spatium,
2729 1654 2993 1709 tractandi
3041 1670 3223 1718 causa,
3267 1654 3348 1707 eis
3390 1680 3395 1685 ι

1786 1749 2209 1813 concederetur;
2250 1742 2303 1803 et
2338 1756 2547 1818 postea,
2580 1749 2623 1803 si
2652 1742 2872 1803 necesse
2905 1747 3087 1812 fuerit,
3134 1746 3351 1815 regula—

1789 1842 1919 1895 riter
1963 1838 2163 1903 vocati,
2195 1838 2442 1894 venirent
2468 1841 2531 1893 ad
2564 1856 2821 1906 causam;
2872 1850 2924 1894 et
2964 1840 3008 1894 si
3035 1839 3240 1908 justum
3271 1836 3348 1890 vi-

1789 1947 1909 1986 sum
1940 1930 2136 1996 fuerit,
2183 1932 2559 1986 accusantium
2592 1931 3051 2001 prepositionibus
3080 1935 3360 1991 sustenta.‘

1790 2025 1935 2096 tione
1983 2022 2211 2097 fratrum
2247 2024 2648 2093 responderent.
2702 2021 2855 2075 Nulla
2904 2023 3047 2077 enim
3090 2022 3352 2091 permittit
3433 2082 3437 2087 ,

1788 2116 1929 2168 ratio
1962 2114 2028 2180 ⁸⁸,
2067 2115 2195 2168 dum
2232 2115 2296 2168 ad
2339 2125 2549 2183 tempus
2584 2130 2767 2168 eorum
2804 2116 2942 2167 bona
2986 2113 3352 2167 vel'Ecclesiae

1787 2219 1949 2275 atque
1994 2222 2084 2261 res
2117 2206 2183 2260 ab
2214 2208 2422 2261 aemulis
2452 2215 2545 2258 aut
2582 2221 2613 2259 a
2648 2206 3062 2274 quibuscunque
3094 2205 3340 2258 delinen-

1787 2306 1894 2361 tur,
1950 2306 2008 2351 ut
2039 2298 2241 2366 aliquid
2294 2298 2401 2350 illis
2456 2296 2615 2364 objici
2645 2296 2855 2350 debeat.
2906 2294 3013 2350 Nec
3061 2297 3346 2365 quisquam

1790 2400 1963 2457 potest
1992 2392 2071 2445 eis
2098 2406 2317 2459 quoquo
2345 2391 2505 2444 modo
2533 2389 2797 2459 quidlibet
2828 2389 3097 2457 majorum
3129 2388 3208 2441 vel
3244 2388 3347 2441 mi-

1791 2482 2253 2551 norum~objiccre
2274 2524 2289 2549 ,
2326 2483 2454 2536 dum
2482 2482 2749 2544 ecclesiis,
2776 2480 2961 2544 rebus,
3000 2489 3092 2533 aut
3116 2488 3351 2549 potesta-

1789 2573 1931 2626 tibus
1960 2584 2145 2627 carent
2175 2576 2307 2629 suis.
2340 2573 2599 2627 Similiter
2630 2582 2901 2627 statutum‘
2925 2582 3010 2628 cst
3036 2574 3094 2641 ,θ’
3116 2613 3129 2637 ,
3169 2583 3221 2628 et
3254 2589 3353 2627 nos

1785 2665 1972 2717 eadem
2032 2674 2231 2718 statuta
2262 2665 2562 2728 ﬁrmantes,
2606 2665 2915 2728 statuimus,
2970 2673 3028 2716 ut
3071 2666 3115 2718 si
3160 2650 3361 2733 aliquis

1786 2755 2110 2810 clericorum
2163 2756 2597 2825 suis_episcopis
2650 2752 2879 2807 infestus
2926 2768 3019 2807 aut
3070 2755 3355 2809 insidiator

1785 2843 1969 2915 fuerit,
2015 2860 2219 2913 eosque
2258 2845 2536 2898 criminari
2576 2845 2825 2910 voluerit,
2873 2854 2967 2899 aut
3003 2847 3356 2914 _conspirator

1785 2936 1965 3001 fuerit,
2003 2948 2057 2989 ut
2096 2952 2221 2989 mox
2254 2946 2378 2989 ante
2417 2936 2785 2989 examinatum
2820 2936 3084 3004 judicium
3123 2938 3350 2991 submo-

1785 3040 1871 3083 tus
1918 3045 1946 3081 a
1978 3029 2143 3090 clero,
2176 3029 2341 3083 curia:
2373 3030 2389 3061 ί
2440 3029 2702 3094 tradatur,
2735 3029 2823 3081 cui
2846 3021 3045 3082 'dicbus
3087 3030 3210 3083 vitae
3242 3045 3356 3085 sua:

1786 3121 2075 3183 deserviat,
2104 3130 2173 3188 _et
2212 3119 2428 3174 infamis
2463 3120 2669 3187 absque
2696 3100 2816 3171 \ulla
2862 3120 3220 3173 restitutionis
3248 3137 3343 3189 spe

1742 3262 1751 3279 ,
1788 3220 2121 3281 permaneat.
2181 3210 2292 3265 Nec
2329 3213 2471 3265 ullus
2507 3226 2741 3280 unquam
2784 3220 3093 3279 praesumat,
3137 3201 3383 3267 accusa--

1789 3313 1938 3355 sator
1981 3302 2141 3356 simul
2184 3317 2303 3355 esse
2348 3310 2400 3354 et
2442 3302 2609 3363 judcx
2656 3303 2738 3355 vel
2770 3302 2956 3357 testis:
2991 3300 3249 3371 quoniam
3299 3305 3353 3357 in

1787 3395 1934 3446 omni
1966 3395 2170 3463 judicio
2204 3403 2438 3462 quatuor
2462 3409 2721 3460 personas
2751 3410 2971 3447 necesse
3020 3403 3103 3447 est
3144 3409 3356 3463 sempur

1787 3487 1996 3550 adesse,
2054 3486 2103 3538 id
2138 3494 2237 3546 est,
2266 3483 2478 3551 judices
2520 3484 2739 3548 electos,
2779 3492 2832 3537 et
2880 3492 3247 3547 accusatores,
3292 3500 3355 3538 ac

1787 3580 2120 3642 delensores,
2153 3588 2311 3646 atque
2361 3588 2543 3631 testes.
2578 3575 2838 3631 Similiter
2865 3587 3187 3643 statuentes,
3223 3594 3355 3646 apu-

1787 3674 1975 3728 stolica
2030 3673 2349 3725 auctoritate
2396 3670 2686 3740 jubemus,
2743 3684 2811 3723 ne
2864 3673 3135 3738 pastorem
3192 3686 3351 3724 suum

1787 3782 1936 3832 oves,
1967 3780 2086 3834 quae
2114 3764 2163 3817 ei
2204 3763 2510 3817 commissa:
2534 3760 2808 3826 fuerant”,
2846 3761 2947 3814 nisi
2989 3762 3041 3814 in
3073 3761 3174 3815 fide
3204 3778 3354 3816 erra-
3428 3770 3431 3775 ’
3485 3808 3492 3816 .

1790 3857 1950 3919 verit,
1980 3854 2374 3923 reprehendere
2424 3851 2622 3906 audeat
2656 3874 2665 3906 :
2706 3852 2834 3920 quia
2862 3851 3012 3905 facta
3034 3854 3355 3921 praiposito~

1788 3963 1932 4010 rum,
1968 3948 2079 4001 oris
2118 3946 2296 4015 gladio
2329 3944 2348 3975 ³
2379 3942 2620 3997 ferienda
2653 3958 2760 3995 non
2794 3952 2939 4002 sunt,
2974 3953 3353 4010 nequepotCst

1788 4055 1910 4094 esse
1939 4038 2238 4107 discipulus
2272 4051 2435 4104 super
2470 4035 2788 4104 magistrum
2812 4074 2827 4099 ,
2862 4035 3071 4088 dicente
3106 4033 3353 4090 Veritatis

1789 4146 1920 4186 voce
1954 4148 1966 4183 :
2007 4129 2125 4181 Non
2150 4137 2225 4179 est
2259 4125 2547 4194 discipulus
2577 4140 2730 4193 super
2760 4126 3091 4193 magistrum,
3136 4142 3224 4178 nec
3246 4143 3352 4179 ser-

1792 4238 1881 4285 vus
1913 4236 2067 4288 super
2118 4218 2385 4270 dominum
2413 4232 2564 4269 suum
2595 4216 2635 4269 ⁵.
2688 4214 2910 4270 0dibilis
2958 4229 3132 4269 autent
3173 4234 3351 4271 coram

1790 4310 1898 4362 Deo
1938 4317 1982 4377 et
2012 4306 2305 4359 [caminibus
2330 4315 2404 4359 est
2434 4306 2708 4374 superbia,
2737 4315 2787 4359 et
2813 4307 3151 4360 exsecrabilis
3179 4309 3351 4361 omnis

1788 4400 2064 4469 iniquitas.
2126 4397 2365 4450 Perdidit
2400 4397 2536 4450 Deus
2564 4382 2868 4452 memoriam
2898 4398 3272 4471 superborum,
3300 4409 3349 4452 et

1790 4492 2003 4563 reliquit
2031 4492 2334 4545 memoriam
2358 4491 2635 4543 humilium
2665 4508 2839 4544 sensu.
2874 4489 3055 4544 Semen
3082 4490 3349 4543 hominum

130 4589 203 4641 Ra
232 4586 533 4655 cogitantes
563 4584 738 4640 sancti
768 4566 1020 4653 apostoli,
1063 4594 1363 4650 eorumque
1406 4595 1684 4634 successo-
1718 4591 1759 4644 D
1789 4583 2148 4647 honorabitur,
2197 4585 2292 4636 hoc
2337 4582 2474 4652 quod
2522 4584 2666 4639 timet
2716 4583 2899 4636 Deum.
2952 4581 3135 4636 Semen
3176 4591 3349 4633 autem

133 4694 222 4733 res
257 4678 328 4740 ",
356 4676 560 4745 Spiritu
586 4673 680 4729 Dei
704 4675 887 4744 repleti
918 4674 1090 4727 malos
1118 4672 1363 4726 homines
1388 4660 1685 4739 praeviden-

134 4780 235 4832 tes,
265 4774 323 4821 et
350 4767 621 4837 simplices
649 4760 1074 4833 considerantes,
1097 4762 1383 4828 dillieilem,
1424 4770 1517 4815 aut
1547 4776 1685 4813 nun-

136 4873 299 4929 quam
330 4857 618 4911 voluerunt
640 4871 762 4913 esse
792 4853 1190 4927 accusationem
1224 4852 1585 4914 sacerdotum,
1616 4865 1683 4903 ne

137 4968 165 5006 a
196 4950 354 5007 malis
384 4949 686 5019 potuissent
726 4947 893 5003 everti
934 4954 1027 5000 aut
1064 4944 1375 5017 _submdveri
1421 4963 1434 4997 :
1472 4944 1599 5013 quia
1636 4944 1679 4997 si

139 5042 243 5096 boc
313 5038 470 5096 facile
530 5037 910 5092 concederetur
970 5034 1320 5110 sagcularibus
1405 5042 1459 5087 et
1524 5034 1681 5090 malis

137 5132 469 5196 hominibus,
522 5136 618 5183 aut
654 5129 854 5193 nullus,
893 5136 987 5182 aut
1031 5127 1125 5187 vix
1152 5124 1405 5195 perpauci
1436 5140 1682 5177 remane-

136 5234 289 5290 rent;
342 5221 597 5292 quoniam
641 5233 852 5287 semper
882 5218 982 5273 fuit
1002 5256 1018 5284 ,
1044 5227 1093 5272 et
1124 5228 1224 5281 est,
1256 5223 1327 5279 et,
1356 5214 1500 5283 quod
1533 5214 1686 5282 pejus

134 5324 240 5382 est,
299 5314 462 5369 nimis
504 5312 665 5382 viget,
700 5319 761 5364 ut
798 5312 925 5363 mali
960 5311 1131 5365 bonos
1176 5314 1589 5389 persequantur,
1635 5317 1690 5360 et

108 5416 111 5417 ί
203 5445 410 5503 ⁸³8.Δ

1788 4672 1882 4728 hoc
1922 4674 2347 4739 exhonorabitur,
2384 4676 2519 4743 quod
2564 4675 2795 4743 prwterit
2837 4674 3087 4725 mandata
3115 4670 3345 4724 Domini.

1789 4765 1854 4821 In
1873 4768 2040 4820 medio
2066 4768 2316 4835 fratrum,
2346 4776 2513 4818 rector
2540 4766 2753 4819 illorum
2775 4766 2827 4817 in
2850 4764 3072 4825 honore;
3102 4772 3151 4815 et
3168 4764 3257 4830 qui
3282 4764 3350 4815 ti-

1785 4868 1921 4910 ment
1950 4856 2226 4908 Dominum
2252 4895 2265 4917 ,
2310 4866 2459 4908 erant
2498 4856 2551 4908 in
2576 4856 2737 4907 oculis
2767 4856 2900 4923 ejus.
2972 4851 3100 4918 Fili,
3145 4853 3218 4907 ait
3251 4853 3348 4906 Sa—

1790 4949 1993 5010 lomon,
2045 4946 2100 4997 in
2138 4947 2534 4999 mansuetudine
2567 4962 2711 4998 serra
2744 4946 2973 4997 animam
3009 4957 3173 5010 tuam,
3203 4955 3253 4999 et
3280 4946 3348 4997 da

1762 5038 1868 5090 illi
1908 5037 2174 5100 honorem,
2204 5040 2288 5091 cui
2317 5040 2481 5091 honor
2506 5034 2745 5103 competit
2765 5037 2807 5089 ⁵.
2849 5034 3164 5103 Priusquam
3194 5037 3349 5090 inter-

1789 5144 1955 5197 roges,
1988 5143 2049 5180 ηε
2072 5128 2321 5196 vituperes
2344 5144 2648 5197 quemquam
2666 5116 2749 5189 ;et
2782 5142 2899 5181 cum
2930 5127 3345 5194 interrogaveris,

1791 5219 1991 5285 corripe
2005 5217 2171 5284 juste.
2210 5218 2523 5287 Priusquam
2558 5218 2768 5278 audias,
2809 5227 2875 5270 ne
2901 5215 3209 5283 respondeas
3242 5231 3346 5267 ver-

1794 5310 1947 5370 bum;
1999 5316 2048 5363 et
2093 5309 2150 5360 in
2204 5307 2371 5361 medio
2425 5308 2687 5359 seniorum
2747 5321 2808 5358 ne
2859 5307 3079 5373 adjicias
3135 5302 3346 5373 loqui‘.

414 5456 592 5505 ueust.
625 5445 843 5505 Encbir.
878 5459 927 5498 c.
962 5444 1028 5497 78
1052 5455 1105 5499 et
1125 5444 1209 5499 79.
1283 5441 1328 5473 ⁸³
1361 5440 1374 5491 l
1410 5438 1533 5493 Cor.
1559 5457 1633 5505 vi,
1658 5442 1687 5492 7

1785 5428 2033 5493 vitanti.
2067 5457 2120 5501 ν,
2150 5440 2236 5495 to.
2284 5438 2337 5470 ι·
2371 5438 2499 5491 Luc.
2565 5454 2636 5501 νι,
2684 5438 2768 5493 50.
2845 5440 2920 5471 εδ*
2954 5436 3139 5490 Matth.
3169 5450 3223 5499 v,
3253 5414 3342 5489 22.

203 5464 255 5483 "
284 5464 343 5503 δ.
366 5464 445 5502 All
486 5464 592 5502 απ.
625 5464 843 5505 bncntr.
878 5464 927 5498 c.
972 5464 1028 5497 to
1052 5464 1105 5499 et
1134 5464 1209 5499 tv.
1283 5464 1327 5473 "
1361 5464 1373 5491 I
1410 5464 1533 5493 uur.
1561 5464 1633 5505 VI,
1667 5464 1681 5492 ι

140 5520 187 5551 ⁸⁸
236 5518 293 5570 6.
348 5533 404 5586 q.
444 5464 522 5572 ξε
573 5516 661 5577 Illi,
698 5516 812 5585 qui.
884 5514 928 5545 ⁸⁷
957 5515 1128 5568 Galat.
1153 5532 1208 5586 7v,
1237 5510 1410 5586 i.__‘_‘
1532 5510 1687 5586 Cor._

1785 5464 1827 5482 "
1850 5464 2033 5493 mauu.
2069 5464 2120 5501 ν,
2150 5464 2236 5495 411.
2292 5464 2327 5470 ’⁷
2371 5464 2499 5491 huc.
2568 5464 2636 5501 \‘l,
2684 5474 2691 5490 l

1785 5513 1864 5565 Η.
1940 5510 2319 5586 "AProclus‘ad
2350 5508 2691 5586 [)tmtnitiutn.

2793 5510 2836 5540 ’°
2858 5508 3017 5560 Eccli.
3058 5522 3168 5559 xm
3189 5546 3203 5571 ,
3258 5506 3344 5558 18.

143 5592 184 5621 ³³
216 5577 382 5641 Εοώξ
412 5588 628 5649 ινι,25.
664 5606 665 5609 η
703 5577 747 5618 ’³
766 5599 984 5653 pravum
1018 5598 1112 5637 cor
1150 5585 1224 5636 in.
1300 5580 1344 5612 ’³
1369 5580 1529 5653 Eccli.
1560 5596 1639 5653 tu,
1663 5582 1731 5633 26
1761 5597 1906 5649 seqq.
1984 5579 2368 5653 "Aldein‘infra
2400 5580 2449 5653 in
2488 5580 2665 5653 decr.”
2703 5578 2889 5653 _Stepb.
2966 5577 3125 5653 :55.
3158 5591 3215 5653 q._
3330 5588 3343 5624 :

147 5658 393 5729 Episcopi
433 5646 561 5729 sia
585 5646 870 5729 _propri'is.‘
914 5653 958 5684 "
989 5654 1155 5729 (_Joac.
1194 5653 1352 5729 lion}.
1387 5650 1547 5729 vsub
1586 5646 1933 5729 Symmacho:
1974 5651 2045 5729 ﬂ"
2085 5650 2306 5729 _Adriau.
2345 5648 2468 5729 coll.
2500 5649 2553 5704 5.
2631 5650 2753 5702 "5.
2923 5646 3215 5729 :_Episcpp.'
3242 5648 3283 5696 si
3305 5658 3347 5729 _a

147 5720 398 5796 propriis.
472 5725 516 5796 ξ’
543 5720 627 5796 If.
652 5720 765 5796 qI‘fl
796 5741 810 5777 :
838 5722 1156 5796 Statuimus',
1181 5734 1249 5796 hut
1278 5722 1322 5773 si
1354 5720 1840 5796 qttis_clericorutti.

931 5795 949 5824 ³
977 5781 1154 5846 Coum;
1179 5790 1336 5844 Rom.
1370 5781 1399 5840 v
1421 5791 1541 5841 sub.
1578 5787 1687 5857 Syn

1785 5790 1922 5843 IChO.
1997 5788 2019 5821 ⁸
2046 5788 2101 5843 S.
2121 5788 2277 5855 Greg.
2300 5784 2440 5840 Past.
2466 5803 2517 5856 p.
2548 5781 2679 5858 πλη.
2709 5787 2760 5841 5.
2855 5792 2875 5818 ⁵
2904 5786 3089 5840 Matth.
3140 5800 3169 5838 ι
3191 5781 3218 5847 ,ί
3237 5781 3344 5849 Ὴό

150 5793 201 5851 iu
249 5793 375 5863 cap.
431 5793 685 5863 ὄζω)ηᾷ
722 5794 854 5847 Adr.

1921 5720 1935 5749 ⁸
1970 5719 2130 5772 Curia
2171 5721 2280 5771 haec
2303 5718 2453 5787 valde
2497 5729 2747 5787 suspecta
2797 5724 2882 5770 e‘st
2914 5719 3060 5787 Ant.
3113 5717 3341 5787 August.

145 5865 276 5923 huc.
321 5854 419 5932 'vt,
442 5854 531 5920 ιολ
564 5915 571 5924 ,
602 5861 815 5919 ‘Eecli.
846 5878 900 5929 ι,
931 5861 1107 5931 7,,Ξ3,
1134 5862 1225 5928 ει,
1263 5863 1350 5914 5t.
1424 5859 1446 5890 ‘
1485 5854 1646 5914 liciti.
1684 5876 1687 5910 :

1790 5861 1861 5923 7,‘
1885 5859 1936 5912 ε.
2002 5938 2011 5943 ί
