  <div class='ocr_page' id='page_1' title='image "/cluster/home/n/w/nwhite01/storage/ocr_20150623/10/pst.000005711901/111.png"; bbox 0 0 4104 6350; ppageno 0'>
   <div class='ocr_carea' id='block_1_1' title="bbox 781 473 878 528">
    <p class='ocr_par' dir='ltr' id='par_1_1' title="bbox 781 473 878 528">
     <span class='ocr_line' id='line_1_1' title="bbox 781 473 878 528; baseline 0 -1"><span class='ocrx_word' id='word_1_1' title='bbox 781 473 878 528; x_wconf 76' lang='grc'><strong>195</strong></span> 
     </span>
    </p>
   </div>
   <div class='ocr_carea' id='block_1_2' title="bbox 2090 461 2702 520">
    <p class='ocr_par' dir='ltr' id='par_1_2' title="bbox 2090 461 2702 520">
     <span class='ocr_line' id='line_1_2' title="bbox 2090 461 2702 520; baseline -0.003 0"><span class='ocrx_word' id='word_1_2' title='bbox 2090 466 2145 520; x_wconf 92' lang='lat' dir='ltr'><strong>S.</strong></span> <span class='ocrx_word' id='word_1_3' title='bbox 2194 462 2465 519; x_wconf 78' lang='lat' dir='ltr'><strong>FABIANI</strong></span> <span class='ocrx_word' id='word_1_4' title='bbox 2505 461 2702 518; x_wconf 60' lang='lat' dir='ltr'><strong>PAPIE</strong></span> 
     </span>
    </p>
   </div>
   <div class='ocr_carea' id='block_1_3' title="bbox 3881 463 3982 517">
    <p class='ocr_par' dir='ltr' id='par_1_3' title="bbox 3881 463 3982 517">
     <span class='ocr_line' id='line_1_3' title="bbox 3881 463 3982 517; baseline 0.01 -1"><span class='ocrx_word' id='word_1_5' title='bbox 3881 463 3982 517; x_wconf 78' lang='grc'><strong>196</strong></span> 
     </span>
    </p>
   </div>
   <div class='ocr_carea' id='block_1_4' title="bbox 776 567 3982 665">
    <p class='ocr_par' dir='ltr' id='par_1_4' title="bbox 776 567 3982 665">
     <span class='ocr_line' id='line_1_4' title="bbox 776 567 3982 665; baseline -0.004 -19"><span class='ocrx_word' id='word_1_6' title='bbox 776 582 1029 662; x_wconf 76' lang='lat' dir='ltr'><strong>Exemplo</strong></span> <span class='ocrx_word' id='word_1_7' title='bbox 1049 592 1225 665; x_wconf 23' lang='lat' dir='ltr'><strong>.Cham</strong></span> <span class='ocrx_word' id='word_1_8' title='bbox 1256 591 1345 645; x_wconf 81' lang='lat' dir='ltr'><strong>lilii</strong></span> <span class='ocrx_word' id='word_1_9' title='bbox 1373 587 1487 644; x_wconf 79' lang='lat' dir='ltr'><strong>Noe</strong></span> <span class='ocrx_word' id='word_1_10' title='bbox 1506 567 1541 621; x_wconf 7' lang='grc' dir='ltr'><strong>τη</strong></span> <span class='ocrx_word' id='word_1_11' title='bbox 1560 613 1589 651; x_wconf 88' lang='grc'><strong>,·</strong></span> <span class='ocrx_word' id='word_1_12' title='bbox 1625 590 1948 642; x_wconf 74' lang='lat' dir='ltr'><strong>damnamur</strong></span> <span class='ocrx_word' id='word_1_13' title='bbox 1977 587 2069 656; x_wconf 93' lang='lat' dir='ltr'><strong>qui</strong></span> <span class='ocrx_word' id='word_1_14' title='bbox 2107 593 2318 654; x_wconf 87' lang='lat' dir='ltr'><strong>patrum</strong></span> <span class='ocrx_word' id='word_1_15' title='bbox 2355 591 2396 644; x_wconf 77' lang='grc' dir='ltr'>Α</span> <span class='ocrx_word' id='word_1_16' title='bbox 2424 584 2494 637; x_wconf 91' lang='lat' dir='ltr'><strong>oh</strong></span> <span class='ocrx_word' id='word_1_17' title='bbox 2523 583 2624 637; x_wconf 94' lang='lat' dir='ltr'><strong>hoc</strong></span> <span class='ocrx_word' id='word_1_18' title='bbox 2652 582 2716 635; x_wconf 89' lang='lat' dir='ltr'><strong>ad</strong></span> <span class='ocrx_word' id='word_1_19' title='bbox 2742 579 3015 651; x_wconf 79' lang='lat' dir='ltr'><strong>fastigium</strong></span> <span class='ocrx_word' id='word_1_20' title='bbox 3053 577 3383 633; x_wconf 74' lang='lat' dir='ltr'><strong>sacerdotale</strong></span> <span class='ocrx_word' id='word_1_21' title='bbox 3420 569 3692 648; x_wconf 77' lang='lat' dir='ltr'><strong>provexit,</strong></span> <span class='ocrx_word' id='word_1_22' title='bbox 3721 589 3777 633; x_wconf 90' lang='lat' dir='ltr'><strong>ut</strong></span> <span class='ocrx_word' id='word_1_23' title='bbox 3823 595 3982 633; x_wconf 80' lang='lat' dir='ltr'><strong>man-</strong></span> 
     </span>
    </p>
   </div>
   <div class='ocr_carea' id='block_1_5' title="bbox 773 679 2319 753">
    <p class='ocr_par' dir='ltr' id='par_1_5' title="bbox 773 679 2319 753">
     <span class='ocr_line' id='line_1_5' title="bbox 773 679 2319 753; baseline -0.005 -15"><span class='ocrx_word' id='word_1_24' title='bbox 773 700 992 738; x_wconf 90' lang='lat' dir='ltr'><strong>suorum</strong></span> <span class='ocrx_word' id='word_1_25' title='bbox 1033 686 1218 753; x_wconf 86' lang='lat' dir='ltr'><strong>culpas</strong></span> <span class='ocrx_word' id='word_1_26' title='bbox 1251 685 1302 737; x_wconf 94' lang='lat' dir='ltr'><strong>in</strong></span> <span class='ocrx_word' id='word_1_27' title='bbox 1334 682 1608 750; x_wconf 89' lang='lat' dir='ltr'><strong>publicum</strong></span> <span class='ocrx_word' id='word_1_28' title='bbox 1641 679 1876 748; x_wconf 81' lang='lat' dir='ltr'><strong>produnt</strong></span> <span class='ocrx_word' id='word_1_29' title='bbox 1910 679 1953 743; x_wconf 77' lang='lat'><strong>&quot;,</strong></span> <span class='ocrx_word' id='word_1_30' title='bbox 1991 687 2083 731; x_wconf 89' lang='lat' dir='ltr'><strong>aut</strong></span> <span class='ocrx_word' id='word_1_31' title='bbox 2111 691 2204 732; x_wconf 88' lang='lat' dir='ltr'><strong>eos</strong></span> <span class='ocrx_word' id='word_1_32' title='bbox 2232 693 2319 730; x_wconf 89' lang='lat' dir='ltr'><strong>ac-</strong></span> 
     </span>
    </p>
   </div>
   <div class='ocr_carea' id='block_1_6' title="bbox 774 769 2319 841">
    <p class='ocr_par' dir='ltr' id='par_1_6' title="bbox 774 769 2319 841">
     <span class='ocr_line' id='line_1_6' title="bbox 774 769 2319 841; baseline -0.005 -13"><span class='ocrx_word' id='word_1_33' title='bbox 774 791 965 830; x_wconf 88' lang='lat' dir='ltr'><strong>cusare</strong></span> <span class='ocrx_word' id='word_1_34' title='bbox 996 773 1387 829; x_wconf 62' lang='lat' dir='ltr'><strong>vel&#39;detrnhere</strong></span> <span class='ocrx_word' id='word_1_35' title='bbox 1415 778 1750 841; x_wconf 70' lang='lat' dir='ltr'><strong>praesumhnt</strong></span> <span class='ocrx_word' id='word_1_36' title='bbox 1782 789 1794 823; x_wconf 89' lang='lat'><strong>:</strong></span> <span class='ocrx_word' id='word_1_37' title='bbox 1827 769 1990 823; x_wconf 88' lang='lat' dir='ltr'><strong>veluti</strong></span> <span class='ocrx_word' id='word_1_38' title='bbox 2014 769 2203 831; x_wconf 74' lang='lat' dir='ltr'><strong>Citam,</strong></span> <span class='ocrx_word' id='word_1_39' title='bbox 2228 770 2319 837; x_wconf 86' lang='lat' dir='ltr'><strong>qui</strong></span> 
     </span>
    </p>
   </div>
   <div class='ocr_carea' id='block_1_7' title="bbox 778 849 2320 935">
    <p class='ocr_par' dir='ltr' id='par_1_7' title="bbox 778 849 2320 935">
     <span class='ocr_line' id='line_1_7' title="bbox 778 849 2320 935; baseline -0.003 -17"><span class='ocrx_word' id='word_1_40' title='bbox 778 866 946 935; x_wconf 91' lang='lat' dir='ltr'><strong>patris</strong></span> <span class='ocrx_word' id='word_1_41' title='bbox 977 867 1058 920; x_wconf 89' lang='lat' dir='ltr'><strong>sui</strong></span> <span class='ocrx_word' id='word_1_42' title='bbox 1088 849 1200 918; x_wconf 83' lang='lat' dir='ltr'><strong>Noe</strong></span> <span class='ocrx_word' id='word_1_43' title='bbox 1227 863 1470 933; x_wconf 88' lang='lat' dir='ltr'><strong>pudenda</strong></span> <span class='ocrx_word' id='word_1_44' title='bbox 1505 877 1612 915; x_wconf 90' lang='lat' dir='ltr'><strong>non</strong></span> <span class='ocrx_word' id='word_1_45' title='bbox 1642 863 1872 931; x_wconf 89' lang='lat' dir='ltr'><strong>operuit,</strong></span> <span class='ocrx_word' id='word_1_46' title='bbox 1912 861 2002 914; x_wconf 89' lang='lat' dir='ltr'><strong>sed</strong></span> <span class='ocrx_word' id='word_1_47' title='bbox 2034 860 2320 914; x_wconf 82' lang='lat' dir='ltr'><strong>deridenda</strong></span> 
     </span>
    </p>
   </div>
   <div class='ocr_carea' id='block_1_8' title="bbox 776 944 2322 1022">
    <p class='ocr_par' dir='ltr' id='par_1_8' title="bbox 776 944 2322 1022">
     <span class='ocr_line' id='line_1_8' title="bbox 776 944 2322 1022; baseline -0.005 -12"><span class='ocrx_word' id='word_1_48' title='bbox 776 944 1108 1010; x_wconf 83' lang='lat' dir='ltr'><strong>monstravit.</strong></span> <span class='ocrx_word' id='word_1_49' title='bbox 1152 954 1409 1009; x_wconf 78' lang='lat' dir='ltr'><strong>Similiter</strong></span> <span class='ocrx_word' id='word_1_50' title='bbox 1434 955 1590 1008; x_wconf 81' lang='lat' dir='ltr'><strong>etilli</strong></span> <span class='ocrx_word' id='word_1_51' title='bbox 1617 954 1863 1022; x_wconf 79' lang='lat' dir='ltr'><strong>exemplo</strong></span> <span class='ocrx_word' id='word_1_52' title='bbox 1897 953 2019 1005; x_wconf 90' lang='lat' dir='ltr'><strong>Scm</strong></span> <span class='ocrx_word' id='word_1_53' title='bbox 2051 960 2102 1005; x_wconf 91' lang='lat' dir='ltr'><strong>et</strong></span> <span class='ocrx_word' id='word_1_54' title='bbox 2126 947 2322 1019; x_wconf 79' lang='lat' dir='ltr'><strong>Iaphet</strong></span> 
     </span>
    </p>
   </div>
   <div class='ocr_carea' id='block_1_9' title="bbox 769 1046 2320 1116">
    <p class='ocr_par' dir='ltr' id='par_1_9' title="bbox 769 1046 2320 1116">
     <span class='ocr_line' id='line_1_9' title="bbox 769 1046 2320 1116; baseline -0.005 -13"><span class='ocrx_word' id='word_1_55' title='bbox 769 1049 1132 1115; x_wconf 85' lang='lat' dir='ltr'><strong>justilicantur</strong></span> <span class='ocrx_word' id='word_1_56' title='bbox 1155 1047 1196 1109; x_wconf 79' lang='lat'><strong>’,</strong></span> <span class='ocrx_word' id='word_1_57' title='bbox 1232 1048 1320 1116; x_wconf 91' lang='lat' dir='ltr'><strong>qui</strong></span> <span class='ocrx_word' id='word_1_58' title='bbox 1358 1046 1935 1113; x_wconf 19' lang='lat' dir='ltr'><strong>reverenterlopcriunt</strong></span> <span class='ocrx_word' id='word_1_59' title='bbox 1955 1085 1967 1108; x_wconf 96' lang='lat'><strong>,</strong></span> <span class='ocrx_word' id='word_1_60' title='bbox 1995 1051 2048 1097; x_wconf 90' lang='lat' dir='ltr'><strong>et</strong></span> <span class='ocrx_word' id='word_1_61' title='bbox 2072 1058 2172 1095; x_wconf 92' lang='lat' dir='ltr'><strong>non</strong></span> <span class='ocrx_word' id='word_1_62' title='bbox 2198 1057 2320 1111; x_wconf 90' lang='lat' dir='ltr'><strong>pro—</strong></span> 
     </span>
    </p>
   </div>
   <div class='ocr_carea' id='block_1_10' title="bbox 771 1133 2317 1205">
    <p class='ocr_par' dir='ltr' id='par_1_10' title="bbox 771 1133 2317 1205">
     <span class='ocr_line' id='line_1_10' title="bbox 771 1133 2317 1205; baseline -0.002 -16"><span class='ocrx_word' id='word_1_63' title='bbox 771 1139 905 1191; x_wconf 88' lang='lat' dir='ltr'><strong>dunt</strong></span> <span class='ocrx_word' id='word_1_64' title='bbox 936 1154 995 1192; x_wconf 87' lang='lat' dir='ltr'><strong>ea</strong></span> <span class='ocrx_word' id='word_1_65' title='bbox 1034 1154 1153 1205; x_wconf 67' lang='lat' dir='ltr'><strong>quae</strong></span> <span class='ocrx_word' id='word_1_66' title='bbox 1186 1146 1361 1205; x_wconf 85' lang='lat' dir='ltr'><strong>patres</strong></span> <span class='ocrx_word' id='word_1_67' title='bbox 1384 1153 1516 1191; x_wconf 88' lang='lat' dir='ltr'><strong>suos</strong></span> <span class='ocrx_word' id='word_1_68' title='bbox 1539 1137 1843 1190; x_wconf 76' lang='lat' dir='ltr'><strong>excessisse</strong></span> <span class='ocrx_word' id='word_1_69' title='bbox 1864 1144 2218 1204; x_wconf 81' lang='lat' dir='ltr'><strong>cognoscunt.</strong></span> <span class='ocrx_word' id='word_1_70' title='bbox 2258 1133 2317 1186; x_wconf 92' lang='lat' dir='ltr'><strong>Si</strong></span> 
     </span>
    </p>
   </div>
   <div class='ocr_carea' id='block_1_11' title="bbox 769 1225 2321 1298">
    <p class='ocr_par' dir='ltr' id='par_1_11' title="bbox 769 1225 2321 1298">
     <span class='ocr_line' id='line_1_11' title="bbox 769 1225 2321 1298; baseline -0.001 -16"><span class='ocrx_word' id='word_1_71' title='bbox 769 1230 910 1282; x_wconf 89' lang='lat' dir='ltr'><strong>enim</strong></span> <span class='ocrx_word' id='word_1_72' title='bbox 943 1245 972 1283; x_wconf 90' lang='lat' dir='ltr'><strong>a</strong></span> <span class='ocrx_word' id='word_1_73' title='bbox 1014 1231 1113 1283; x_wconf 88' lang='lat' dir='ltr'><strong>lide</strong></span> <span class='ocrx_word' id='word_1_74' title='bbox 1144 1227 1435 1282; x_wconf 81' lang='lat' dir='ltr'><strong>deviaverit</strong></span> <span class='ocrx_word' id='word_1_75' title='bbox 1473 1230 1758 1298; x_wconf 87' lang='lat' dir='ltr'><strong>episcopus</strong></span> <span class='ocrx_word' id='word_1_76' title='bbox 1788 1268 1802 1290; x_wconf 91' lang='lat'><strong>,</strong></span> <span class='ocrx_word' id='word_1_77' title='bbox 1838 1229 1939 1280; x_wconf 85' lang='lat' dir='ltr'><strong>erit</strong></span> <span class='ocrx_word' id='word_1_78' title='bbox 1973 1225 2321 1295; x_wconf 78' lang='lat' dir='ltr'><strong>corrigendos</strong></span> 
     </span>
    </p>
   </div>
   <div class='ocr_carea' id='block_1_12' title="bbox 770 1313 2317 1387">
    <p class='ocr_par' dir='ltr' id='par_1_12' title="bbox 770 1313 2317 1387">
     <span class='ocr_line' id='line_1_12' title="bbox 770 1313 2317 1387; baseline -0.001 -15"><span class='ocrx_word' id='word_1_79' title='bbox 770 1321 919 1387; x_wconf 89' lang='lat' dir='ltr'><strong>prius</strong></span> <span class='ocrx_word' id='word_1_80' title='bbox 940 1331 1141 1374; x_wconf 84' lang='lat' dir='ltr'><strong>secrete</strong></span> <span class='ocrx_word' id='word_1_81' title='bbox 1171 1337 1198 1374; x_wconf 91' lang='lat' dir='ltr'><strong>a</strong></span> <span class='ocrx_word' id='word_1_82' title='bbox 1224 1321 1452 1375; x_wconf 89' lang='lat' dir='ltr'><strong>subditis</strong></span> <span class='ocrx_word' id='word_1_83' title='bbox 1481 1320 1612 1373; x_wconf 86' lang='lat' dir='ltr'><strong>suis.</strong></span> <span class='ocrx_word' id='word_1_84' title='bbox 1633 1313 1638 1315; x_wconf 66' lang='grc'><strong>’</strong></span> <span class='ocrx_word' id='word_1_85' title='bbox 1659 1317 1812 1384; x_wconf 85' lang='lat' dir='ltr'>Quod</span> <span class='ocrx_word' id='word_1_86' title='bbox 1845 1319 1889 1371; x_wconf 87' lang='lat' dir='ltr'><strong>si</strong></span> <span class='ocrx_word' id='word_1_87' title='bbox 1916 1317 2317 1385; x_wconf 81' lang='lat' dir='ltr'><strong>incorrigibilis,</strong></span> 
     </span>
    </p>
   </div>
   <div class='ocr_carea' id='block_1_13' title="bbox 768 1401 2318 1476">
    <p class='ocr_par' dir='ltr' id='par_1_13' title="bbox 768 1401 2318 1476">
     <span class='ocr_line' id='line_1_13' title="bbox 768 1401 2318 1476; baseline -0.006 -14"><span class='ocrx_word' id='word_1_88' title='bbox 768 1410 911 1476; x_wconf 92' lang='lat' dir='ltr'><strong>quod</strong></span> <span class='ocrx_word' id='word_1_89' title='bbox 957 1410 1128 1463; x_wconf 86' lang='lat' dir='ltr'><strong>absit!</strong></span> <span class='ocrx_word' id='word_1_90' title='bbox 1183 1407 1524 1476; x_wconf 80' lang='lat' dir='ltr'><strong>apparuerit,</strong></span> <span class='ocrx_word' id='word_1_91' title='bbox 1552 1413 1703 1458; x_wconf 75' lang='lat' dir='ltr'><strong>.tuuc</strong></span> <span class='ocrx_word' id='word_1_92' title='bbox 1744 1404 1845 1457; x_wconf 90' lang='lat' dir='ltr'><strong>erit</strong></span> <span class='ocrx_word' id='word_1_93' title='bbox 1876 1402 2212 1456; x_wconf 76' lang='lat' dir='ltr'><strong>accusandus</strong></span> <span class='ocrx_word' id='word_1_94' title='bbox 2251 1401 2318 1454; x_wconf 88' lang='lat' dir='ltr'><strong>ad</strong></span> 
     </span>
    </p>
   </div>
   <div class='ocr_carea' id='block_1_14' title="bbox 767 1491 2319 1569">
    <p class='ocr_par' dir='ltr' id='par_1_14' title="bbox 767 1491 2319 1569">
     <span class='ocr_line' id='line_1_14' title="bbox 767 1491 2319 1569; baseline -0.004 -17"><span class='ocrx_word' id='word_1_95' title='bbox 767 1501 1024 1567; x_wconf 88' lang='lat' dir='ltr'><strong>primates</strong></span> <span class='ocrx_word' id='word_1_96' title='bbox 1071 1516 1218 1562; x_wconf 87' lang='lat' dir='ltr'><strong>suos,</strong></span> <span class='ocrx_word' id='word_1_97' title='bbox 1238 1508 1330 1552; x_wconf 88' lang='lat' dir='ltr'><strong>aut</strong></span> <span class='ocrx_word' id='word_1_98' title='bbox 1357 1499 1422 1551; x_wconf 89' lang='lat' dir='ltr'><strong>ad</strong></span> <span class='ocrx_word' id='word_1_99' title='bbox 1455 1497 1630 1550; x_wconf 85' lang='lat' dir='ltr'><strong>sedem</strong></span> <span class='ocrx_word' id='word_1_100' title='bbox 1667 1495 2036 1569; x_wconf 72' lang='lat' dir='ltr'><strong>apostolicam.</strong></span> <span class='ocrx_word' id='word_1_101' title='bbox 2067 1491 2171 1545; x_wconf 89' lang='lat' dir='ltr'><strong>Pro</strong></span> <span class='ocrx_word' id='word_1_102' title='bbox 2199 1491 2319 1546; x_wconf 89' lang='lat' dir='ltr'><strong>aliis</strong></span> 
     </span>
    </p>
   </div>
   <div class='ocr_carea' id='block_1_15' title="bbox 769 1585 2320 1658">
    <p class='ocr_par' dir='ltr' id='par_1_15' title="bbox 769 1585 2320 1658">
     <span class='ocr_line' id='line_1_15' title="bbox 769 1585 2320 1658; baseline -0.005 -14"><span class='ocrx_word' id='word_1_103' title='bbox 769 1607 896 1644; x_wconf 84' lang='lat' dir='ltr'><strong>vero</strong></span> <span class='ocrx_word' id='word_1_104' title='bbox 932 1593 1138 1645; x_wconf 87' lang='lat' dir='ltr'><strong>actibus</strong></span> <span class='ocrx_word' id='word_1_105' title='bbox 1166 1592 1279 1644; x_wconf 85' lang='lat' dir='ltr'><strong>suis</strong></span> <span class='ocrx_word' id='word_1_106' title='bbox 1313 1589 1484 1658; x_wconf 81' lang='lat' dir='ltr'><strong>magis</strong></span> <span class='ocrx_word' id='word_1_107' title='bbox 1508 1597 1588 1642; x_wconf 89' lang='lat' dir='ltr'><strong>est</strong></span> <span class='ocrx_word' id='word_1_108' title='bbox 1617 1587 1924 1640; x_wconf 90' lang='lat' dir='ltr'><strong>tolerandus</strong></span> <span class='ocrx_word' id='word_1_109' title='bbox 1959 1588 2027 1638; x_wconf 90' lang='lat' dir='ltr'><strong>ab</strong></span> <span class='ocrx_word' id='word_1_110' title='bbox 2050 1585 2240 1638; x_wconf 87' lang='lat' dir='ltr'><strong>ovibus</strong></span> <span class='ocrx_word' id='word_1_111' title='bbox 2268 1593 2320 1637; x_wconf 90' lang='lat' dir='ltr'><strong>et</strong></span> 
     </span>
    </p>
   </div>
   <div class='ocr_carea' id='block_1_16' title="bbox 769 1665 2321 1749">
    <p class='ocr_par' dir='ltr' id='par_1_16' title="bbox 769 1665 2321 1749">
     <span class='ocr_line' id='line_1_16' title="bbox 769 1665 2321 1749; baseline -0.008 -16"><span class='ocrx_word' id='word_1_112' title='bbox 769 1682 998 1736; x_wconf 88' lang='lat' dir='ltr'><strong>subditis</strong></span> <span class='ocrx_word' id='word_1_113' title='bbox 1027 1683 1138 1736; x_wconf 88' lang='lat' dir='ltr'><strong>suis</strong></span> <span class='ocrx_word' id='word_1_114' title='bbox 1159 1721 1172 1743; x_wconf 97' lang='lat'><strong>,</strong></span> <span class='ocrx_word' id='word_1_115' title='bbox 1214 1697 1373 1749; x_wconf 91' lang='lat' dir='ltr'><strong>quam</strong></span> <span class='ocrx_word' id='word_1_116' title='bbox 1409 1679 1770 1739; x_wconf 83' lang='lat' dir='ltr'><strong>accusandus,</strong></span> <span class='ocrx_word' id='word_1_117' title='bbox 1799 1676 1898 1729; x_wconf 88' lang='lat' dir='ltr'><strong>aut</strong></span> <span class='ocrx_word' id='word_1_118' title='bbox 1925 1665 2133 1743; x_wconf 83' lang='lat' dir='ltr'><strong>publice</strong></span> <span class='ocrx_word' id='word_1_119' title='bbox 2165 1674 2321 1726; x_wconf 85' lang='lat' dir='ltr'><strong>dero-</strong></span> 
     </span>
    </p>
   </div>
   <div class='ocr_carea' id='block_1_17' title="bbox 765 1763 2315 1841">
    <p class='ocr_par' dir='ltr' id='par_1_17' title="bbox 765 1763 2315 1841">
     <span class='ocr_line' id='line_1_17' title="bbox 765 1763 2315 1841; baseline -0.006 -16"><span class='ocrx_word' id='word_1_120' title='bbox 765 1773 1008 1841; x_wconf 76' lang='lat' dir='ltr'><strong>gandus;</strong></span> <span class='ocrx_word' id='word_1_121' title='bbox 1054 1773 1177 1841; x_wconf 87' lang='lat' dir='ltr'><strong>quia</strong></span> <span class='ocrx_word' id='word_1_122' title='bbox 1224 1787 1344 1826; x_wconf 92' lang='lat' dir='ltr'><strong>cum</strong></span> <span class='ocrx_word' id='word_1_123' title='bbox 1378 1770 1429 1822; x_wconf 92' lang='lat' dir='ltr'><strong>in</strong></span> <span class='ocrx_word' id='word_1_124' title='bbox 1459 1770 1541 1823; x_wconf 90' lang='lat' dir='ltr'><strong>eis</strong></span> <span class='ocrx_word' id='word_1_125' title='bbox 1567 1785 1594 1822; x_wconf 88' lang='lat' dir='ltr'><strong>a</strong></span> <span class='ocrx_word' id='word_1_126' title='bbox 1642 1768 1876 1822; x_wconf 85' lang='lat' dir='ltr'><strong>subditis</strong></span> <span class='ocrx_word' id='word_1_127' title='bbox 1902 1765 2228 1834; x_wconf 91' lang='lat' dir='ltr'><strong>delinquitur</strong></span> <span class='ocrx_word' id='word_1_128' title='bbox 2252 1763 2315 1825; x_wconf 84' lang='grc'><strong>¹⁰,</strong></span> 
     </span>
    </p>
   </div>
   <div class='ocr_carea' id='block_1_18' title="bbox 763 1853 2318 1929">
    <p class='ocr_par' dir='ltr' id='par_1_18' title="bbox 763 1853 2318 1929">
     <span class='ocr_line' id='line_1_18' title="bbox 763 1853 2318 1929; baseline -0.006 -14"><span class='ocrx_word' id='word_1_129' title='bbox 763 1862 882 1929; x_wconf 87' lang='lat' dir='ltr'><strong>ejus</strong></span> <span class='ocrx_word' id='word_1_130' title='bbox 930 1861 1252 1914; x_wconf 76' lang='lat' dir='ltr'><strong>ordinatiOni</strong></span> <span class='ocrx_word' id='word_1_131' title='bbox 1301 1860 1567 1921; x_wconf 85' lang='lat' dir='ltr'><strong>obviatur,</strong></span> <span class='ocrx_word' id='word_1_132' title='bbox 1619 1858 1710 1926; x_wconf 87' lang='lat' dir='ltr'><strong>qui</strong></span> <span class='ocrx_word' id='word_1_133' title='bbox 1741 1872 1833 1910; x_wconf 85' lang='lat' dir='ltr'><strong>eos</strong></span> <span class='ocrx_word' id='word_1_134' title='bbox 1873 1857 1921 1909; x_wconf 90' lang='lat' dir='ltr'><strong>ei</strong></span> <span class='ocrx_word' id='word_1_135' title='bbox 1950 1855 2200 1924; x_wconf 71' lang='lat' dir='ltr'><strong>prietulit,</strong></span> <span class='ocrx_word' id='word_1_136' title='bbox 2233 1853 2318 1907; x_wconf 84' lang='lat' dir='ltr'><strong>di-</strong></span> 
     </span>
    </p>
   </div>
   <div class='ocr_carea' id='block_1_19' title="bbox 764 1950 2315 2020">
    <p class='ocr_par' dir='ltr' id='par_1_19' title="bbox 764 1950 2315 2020">
     <span class='ocr_line' id='line_1_19' title="bbox 764 1950 2315 2020; baseline -0.004 -14"><span class='ocrx_word' id='word_1_137' title='bbox 764 1961 917 2006; x_wconf 87' lang='lat' dir='ltr'><strong>cente</strong></span> <span class='ocrx_word' id='word_1_138' title='bbox 950 1951 1206 2020; x_wconf 79' lang='lat' dir='ltr'><strong>Apostolo</strong></span> <span class='ocrx_word' id='word_1_139' title='bbox 1243 1971 1256 2005; x_wconf 92' lang='lat'><strong>:</strong></span> <span class='ocrx_word' id='word_1_140' title='bbox 1292 1951 1387 2004; x_wconf 87' lang='lat' dir='ltr'><strong>Det</strong></span> <span class='ocrx_word' id='word_1_141' title='bbox 1429 1951 1753 2003; x_wconf 85' lang='lat' dir='ltr'><strong>ordiuationi</strong></span> <span class='ocrx_word' id='word_1_142' title='bbox 1800 1950 2014 2012; x_wconf 76' lang='lat' dir='ltr'><strong>resistit,</strong></span> <span class='ocrx_word' id='word_1_143' title='bbox 2056 1951 2143 2018; x_wconf 84' lang='lat' dir='ltr'><strong>qui</strong></span> <span class='ocrx_word' id='word_1_144' title='bbox 2171 1958 2315 2020; x_wconf 85' lang='lat' dir='ltr'><strong>pote-</strong></span> 
     </span>
    </p>
   </div>
   <div class='ocr_carea' id='block_1_20' title="bbox 740 2037 2318 2109">
    <p class='ocr_par' dir='ltr' id='par_1_20' title="bbox 740 2037 2318 2109">
     <span class='ocr_line' id='line_1_20' title="bbox 740 2037 2318 2109; baseline -0.004 -10"><span class='ocrx_word' id='word_1_145' title='bbox 740 2037 890 2100; x_wconf 74' lang='lat' dir='ltr'><strong>stati</strong></span> <span class='ocrx_word' id='word_1_146' title='bbox 924 2044 1116 2098; x_wconf 76' lang='lat' dir='ltr'><strong>resistit</strong></span> <span class='ocrx_word' id='word_1_147' title='bbox 1141 2044 1202 2096; x_wconf 78' lang='lat'><strong>“.</strong></span> <span class='ocrx_word' id='word_1_148' title='bbox 1253 2042 1354 2107; x_wconf 93' lang='lat' dir='ltr'><strong>Qui</strong></span> <span class='ocrx_word' id='word_1_149' title='bbox 1394 2057 1521 2096; x_wconf 87' lang='lat' dir='ltr'><strong>vero</strong></span> <span class='ocrx_word' id='word_1_150' title='bbox 1555 2043 1973 2109; x_wconf 89' lang='lat' dir='ltr'><strong>omnipotentem</strong></span> <span class='ocrx_word' id='word_1_151' title='bbox 2015 2038 2178 2092; x_wconf 87' lang='lat' dir='ltr'><strong>Deum</strong></span> <span class='ocrx_word' id='word_1_152' title='bbox 2207 2055 2318 2092; x_wconf 87' lang='lat' dir='ltr'><strong>me-</strong></span> 
     </span>
    </p>
   </div>
   <div class='ocr_carea' id='block_1_21' title="bbox 767 2134 2316 2204">
    <p class='ocr_par' dir='ltr' id='par_1_21' title="bbox 767 2134 2316 2204">
     <span class='ocr_line' id='line_1_21' title="bbox 767 2134 2316 2204; baseline -0.004 -14"><span class='ocrx_word' id='word_1_153' title='bbox 767 2139 870 2190; x_wconf 92' lang='lat' dir='ltr'><strong>tuit</strong></span> <span class='ocrx_word' id='word_1_154' title='bbox 903 2137 966 2198; x_wconf 83' lang='lat'><strong>&quot;,</strong></span> <span class='ocrx_word' id='word_1_155' title='bbox 992 2151 1089 2190; x_wconf 76' lang='lat' dir='ltr'><strong>nec</strong></span> <span class='ocrx_word' id='word_1_156' title='bbox 1116 2136 1302 2189; x_wconf 75' lang='lat' dir='ltr'><strong>contra</strong></span> <span class='ocrx_word' id='word_1_157' title='bbox 1331 2134 1702 2204; x_wconf 72' lang='lat' dir='ltr'><strong>Evangelium,</strong></span> <span class='ocrx_word' id='word_1_158' title='bbox 1738 2148 1837 2187; x_wconf 90' lang='lat' dir='ltr'><strong>nec</strong></span> <span class='ocrx_word' id='word_1_159' title='bbox 1869 2141 2056 2186; x_wconf 89' lang='lat' dir='ltr'><strong>contra</strong></span> <span class='ocrx_word' id='word_1_160' title='bbox 2098 2141 2316 2199; x_wconf 89' lang='lat' dir='ltr'><strong>aposto-</strong></span> 
     </span>
    </p>
   </div>
   <div class='ocr_carea' id='block_1_22' title="bbox 765 2222 2318 2294">
    <p class='ocr_par' dir='ltr' id='par_1_22' title="bbox 765 2222 2318 2294">
     <span class='ocr_line' id='line_1_22' title="bbox 765 2222 2318 2294; baseline -0.005 -14"><span class='ocrx_word' id='word_1_161' title='bbox 765 2228 867 2289; x_wconf 88' lang='lat' dir='ltr'><strong>los,</strong></span> <span class='ocrx_word' id='word_1_162' title='bbox 895 2243 993 2281; x_wconf 84' lang='lat' dir='ltr'><strong>nec</strong></span> <span class='ocrx_word' id='word_1_163' title='bbox 1023 2236 1208 2281; x_wconf 87' lang='lat' dir='ltr'><strong>contra</strong></span> <span class='ocrx_word' id='word_1_164' title='bbox 1237 2227 1523 2294; x_wconf 76' lang='lat' dir='ltr'><strong>prophetas</strong></span> <span class='ocrx_word' id='word_1_165' title='bbox 1548 2226 1627 2277; x_wconf 81' lang='lat' dir='ltr'><strong>vel</strong></span> <span class='ocrx_word' id='word_1_166' title='bbox 1661 2233 1969 2278; x_wconf 87' lang='lat' dir='ltr'><strong>sanctorum</strong></span> <span class='ocrx_word' id='word_1_167' title='bbox 1998 2222 2213 2275; x_wconf 83' lang='lat' dir='ltr'><strong>Patrum</strong></span> <span class='ocrx_word' id='word_1_168' title='bbox 2238 2222 2318 2273; x_wconf 90' lang='lat' dir='ltr'><strong>in-</strong></span> 
     </span>
    </p>
   </div>
   <div class='ocr_carea' id='block_1_23' title="bbox 764 2312 2315 2386">
    <p class='ocr_par' dir='ltr' id='par_1_23' title="bbox 764 2312 2315 2386">
     <span class='ocr_line' id='line_1_23' title="bbox 764 2312 2315 2386; baseline -0.004 -16"><span class='ocrx_word' id='word_1_169' title='bbox 764 2317 974 2380; x_wconf 85' lang='lat' dir='ltr'><strong>stituta,</strong></span> <span class='ocrx_word' id='word_1_170' title='bbox 1000 2317 1198 2386; x_wconf 87' lang='lat' dir='ltr'><strong>aliquid</strong></span> <span class='ocrx_word' id='word_1_171' title='bbox 1231 2317 1339 2382; x_wconf 82' lang='lat' dir='ltr'><strong>ullo</strong></span> <span class='ocrx_word' id='word_1_172' title='bbox 1364 2317 1522 2369; x_wconf 91' lang='lat' dir='ltr'><strong>modo</strong></span> <span class='ocrx_word' id='word_1_173' title='bbox 1547 2331 1706 2384; x_wconf 83' lang='lat' dir='ltr'><strong>agere.</strong></span> <span class='ocrx_word' id='word_1_174' title='bbox 1727 2315 2013 2368; x_wconf 86' lang='lat' dir='ltr'><strong>consentit.</strong></span> <span class='ocrx_word' id='word_1_175' title='bbox 2051 2312 2315 2366; x_wconf 85' lang='lat' dir='ltr'><strong>Sacerdo-</strong></span> 
     </span>
    </p>
   </div>
   <div class='ocr_carea' id='block_1_24' title="bbox 763 2405 2320 2477">
    <p class='ocr_par' dir='ltr' id='par_1_24' title="bbox 763 2405 2320 2477">
     <span class='ocr_line' id='line_1_24' title="bbox 763 2405 2320 2477; baseline -0.004 -16"><span class='ocrx_word' id='word_1_176' title='bbox 763 2419 843 2463; x_wconf 86' lang='lat' dir='ltr'><strong>tes</strong></span> <span class='ocrx_word' id='word_1_177' title='bbox 884 2423 1010 2477; x_wconf 82' lang='lat' dir='ltr'><strong>ergo</strong></span> <span class='ocrx_word' id='word_1_178' title='bbox 1059 2408 1359 2461; x_wconf 84' lang='lat' dir='ltr'><strong>honorandi</strong></span> <span class='ocrx_word' id='word_1_179' title='bbox 1391 2415 1540 2466; x_wconf 84' lang='lat' dir='ltr'><strong>sunt,</strong></span> <span class='ocrx_word' id='word_1_180' title='bbox 1581 2422 1685 2458; x_wconf 91' lang='lat' dir='ltr'><strong>non</strong></span> <span class='ocrx_word' id='word_1_181' title='bbox 1720 2405 1988 2459; x_wconf 86' lang='lat' dir='ltr'><strong>lacerandi</strong></span> <span class='ocrx_word' id='word_1_182' title='bbox 2023 2405 2100 2455; x_wconf 80' lang='lat' dir='ltr'><strong>vel</strong></span> <span class='ocrx_word' id='word_1_183' title='bbox 2128 2419 2320 2470; x_wconf 78' lang='lat' dir='ltr'><strong>expro—</strong></span> 
     </span>
    </p>
   </div>
   <div class='ocr_carea' id='block_1_25' title="bbox 761 2491 2321 2565">
    <p class='ocr_par' dir='ltr' id='par_1_25' title="bbox 761 2491 2321 2565">
     <span class='ocr_line' id='line_1_25' title="bbox 761 2491 2321 2565; baseline -0.006 -13"><span class='ocrx_word' id='word_1_184' title='bbox 761 2499 966 2553; x_wconf 82' lang='lat' dir='ltr'><strong>brandi&#39;</strong></span> <span class='ocrx_word' id='word_1_185' title='bbox 999 2506 1141 2551; x_wconf 89' lang='lat' dir='ltr'><strong>sunt.</strong></span> <span class='ocrx_word' id='word_1_186' title='bbox 1179 2496 1395 2565; x_wconf 78' lang='lat' dir='ltr'><strong>Legitur</strong></span> <span class='ocrx_word' id='word_1_187' title='bbox 1419 2497 1472 2548; x_wconf 87' lang='lat' dir='ltr'><strong>in</strong></span> <span class='ocrx_word' id='word_1_188' title='bbox 1509 2494 1886 2548; x_wconf 88' lang='lat' dir='ltr'><strong>Ecclesiastico</strong></span> <span class='ocrx_word' id='word_1_189' title='bbox 1924 2512 1935 2546; x_wconf 89' lang='lat'>:</span> <span class='ocrx_word' id='word_1_190' title='bbox 1975 2491 2039 2544; x_wconf 85' lang='lat' dir='ltr'><strong>In</strong></span> <span class='ocrx_word' id='word_1_191' title='bbox 2070 2501 2179 2543; x_wconf 83' lang='lat' dir='ltr'><strong>tota</strong></span> <span class='ocrx_word' id='word_1_192' title='bbox 2207 2492 2321 2543; x_wconf 76' lang='lat' dir='ltr'><strong>ani-</strong></span> 
     </span>
    </p>
   </div>
   <div class='ocr_carea' id='block_1_26' title="bbox 761 2584 2314 2653">
    <p class='ocr_par' dir='ltr' id='par_1_26' title="bbox 761 2584 2314 2653">
     <span class='ocr_line' id='line_1_26' title="bbox 761 2584 2314 2653; baseline -0.006 -11"><span class='ocrx_word' id='word_1_193' title='bbox 761 2607 848 2642; x_wconf 85' lang='lat' dir='ltr'><strong>ma</strong></span> <span class='ocrx_word' id='word_1_194' title='bbox 880 2600 970 2642; x_wconf 84' lang='lat' dir='ltr'><strong>tua</strong></span> <span class='ocrx_word' id='word_1_195' title='bbox 1014 2589 1133 2640; x_wconf 88' lang='lat' dir='ltr'><strong>time</strong></span> <span class='ocrx_word' id='word_1_196' title='bbox 1178 2587 1365 2653; x_wconf 83' lang='lat' dir='ltr'><strong>Deum,</strong></span> <span class='ocrx_word' id='word_1_197' title='bbox 1417 2596 1464 2638; x_wconf 88' lang='lat' dir='ltr'><strong>et</strong></span> <span class='ocrx_word' id='word_1_198' title='bbox 1517 2587 1809 2638; x_wconf 80' lang='lat' dir='ltr'><strong>sacerdotes</strong></span> <span class='ocrx_word' id='word_1_199' title='bbox 1852 2585 1997 2636; x_wconf 83' lang='lat' dir='ltr'><strong>illius</strong></span> <span class='ocrx_word' id='word_1_200' title='bbox 2023 2584 2314 2649; x_wconf 78' lang='lat' dir='ltr'><strong>sanctiﬁra.</strong></span> 
     </span>
    </p>
   </div>
   <div class='ocr_carea' id='block_1_27' title="bbox 767 2663 2319 2747">
    <p class='ocr_par' dir='ltr' id='par_1_27' title="bbox 767 2663 2319 2747">
     <span class='ocr_line' id='line_1_27' title="bbox 767 2663 2319 2747; baseline -0.008 -13"><span class='ocrx_word' id='word_1_201' title='bbox 767 2669 832 2734; x_wconf 73' lang='lat' dir='ltr'><strong>lu</strong></span> <span class='ocrx_word' id='word_1_202' title='bbox 869 2683 1009 2734; x_wconf 84' lang='lat' dir='ltr'><strong>omni</strong></span> <span class='ocrx_word' id='word_1_203' title='bbox 1041 2681 1232 2734; x_wconf 71' lang='lat' dir='ltr'><strong>virtute</strong></span> <span class='ocrx_word' id='word_1_204' title='bbox 1262 2687 1351 2730; x_wconf 87' lang='lat' dir='ltr'><strong>tua</strong></span> <span class='ocrx_word' id='word_1_205' title='bbox 1382 2663 1684 2747; x_wconf 78' lang='lat' dir='ltr'><strong>rliligeeum</strong></span> <span class='ocrx_word' id='word_1_206' title='bbox 1707 2678 1794 2744; x_wconf 82' lang='lat' dir='ltr'><strong>qui</strong></span> <span class='ocrx_word' id='word_1_207' title='bbox 1832 2685 1877 2727; x_wconf 90' lang='lat' dir='ltr'><strong>te</strong></span> <span class='ocrx_word' id='word_1_208' title='bbox 1907 2675 2059 2742; x_wconf 79' lang='lat' dir='ltr'><strong>fecit,</strong></span> <span class='ocrx_word' id='word_1_209' title='bbox 2097 2684 2142 2725; x_wconf 91' lang='lat' dir='ltr'><strong>et</strong></span> <span class='ocrx_word' id='word_1_210' title='bbox 2173 2673 2319 2724; x_wconf 83' lang='lat' dir='ltr'><strong>mini-</strong></span> 
     </span>
    </p>
   </div>
   <div class='ocr_carea' id='block_1_28' title="bbox 765 2765 2320 2838">
    <p class='ocr_par' dir='ltr' id='par_1_28' title="bbox 765 2765 2320 2838">
     <span class='ocr_line' id='line_1_28' title="bbox 765 2765 2320 2838; baseline -0.006 -13"><span class='ocrx_word' id='word_1_211' title='bbox 765 2781 899 2825; x_wconf 84' lang='lat' dir='ltr'><strong>stros</strong></span> <span class='ocrx_word' id='word_1_212' title='bbox 941 2771 1052 2838; x_wconf 82' lang='lat' dir='ltr'><strong>ejus</strong></span> <span class='ocrx_word' id='word_1_213' title='bbox 1103 2787 1202 2822; x_wconf 85' lang='lat' dir='ltr'><strong>non</strong></span> <span class='ocrx_word' id='word_1_214' title='bbox 1249 2770 1599 2838; x_wconf 76' lang='lat' dir='ltr'><strong>derelinquas.</strong></span> <span class='ocrx_word' id='word_1_215' title='bbox 1657 2766 1874 2818; x_wconf 84' lang='lat' dir='ltr'><strong>Honora</strong></span> <span class='ocrx_word' id='word_1_216' title='bbox 1922 2765 2084 2817; x_wconf 86' lang='lat' dir='ltr'><strong>Deum</strong></span> <span class='ocrx_word' id='word_1_217' title='bbox 2113 2781 2175 2817; x_wconf 68' lang='lat' dir='ltr'><strong>ea:</strong></span> <span class='ocrx_word' id='word_1_218' title='bbox 2211 2773 2320 2815; x_wconf 87' lang='lat' dir='ltr'><strong>tota</strong></span> 
     </span>
    </p>
   </div>
   <div class='ocr_carea' id='block_1_29' title="bbox 765 2860 2318 2928">
    <p class='ocr_par' dir='ltr' id='par_1_29' title="bbox 765 2860 2318 2928">
     <span class='ocr_line' id='line_1_29' title="bbox 765 2860 2318 2928; baseline -0.005 -14"><span class='ocrx_word' id='word_1_219' title='bbox 765 2864 940 2914; x_wconf 86' lang='lat' dir='ltr'><strong>anima</strong></span> <span class='ocrx_word' id='word_1_220' title='bbox 967 2872 1082 2926; x_wconf 83' lang='lat' dir='ltr'><strong>tua,</strong></span> <span class='ocrx_word' id='word_1_221' title='bbox 1131 2870 1178 2914; x_wconf 86' lang='lat' dir='ltr'><strong>et</strong></span> <span class='ocrx_word' id='word_1_222' title='bbox 1226 2861 1516 2928; x_wconf 79' lang='lat' dir='ltr'><strong>honoriﬁca</strong></span> <span class='ocrx_word' id='word_1_223' title='bbox 1543 2860 1883 2917; x_wconf 80' lang='lat' dir='ltr'><strong>sacerdotem,</strong></span> <span class='ocrx_word' id='word_1_224' title='bbox 1909 2867 1954 2910; x_wconf 87' lang='lat' dir='ltr'><strong>et</strong></span> <span class='ocrx_word' id='word_1_225' title='bbox 1987 2872 2245 2924; x_wconf 52' lang='lat' dir='ltr'><strong>prope-rga</strong></span> <span class='ocrx_word' id='word_1_226' title='bbox 2273 2866 2318 2906; x_wconf 86' lang='lat' dir='ltr'><strong>te</strong></span> 
     </span>
    </p>
   </div>
   <div class='ocr_carea' id='block_1_30' title="bbox 764 2948 2318 3020">
    <p class='ocr_par' dir='ltr' id='par_1_30' title="bbox 764 2948 2318 3020">
     <span class='ocr_line' id='line_1_30' title="bbox 764 2948 2318 3020; baseline -0.005 -14"><span class='ocrx_word' id='word_1_227' title='bbox 764 2971 879 3006; x_wconf 82' lang='lat' dir='ltr'><strong>cum</strong></span> <span class='ocrx_word' id='word_1_228' title='bbox 921 2953 1171 3006; x_wconf 80' lang='lat' dir='ltr'><strong>brachiis.</strong></span> <span class='ocrx_word' id='word_1_229' title='bbox 1207 2952 1296 3020; x_wconf 61' lang='lat' dir='ltr'><strong>~Da</strong></span> <span class='ocrx_word' id='word_1_230' title='bbox 1343 2952 1422 3004; x_wconf 85' lang='lat' dir='ltr'><strong>illi</strong></span> <span class='ocrx_word' id='word_1_231' title='bbox 1460 2961 1694 3020; x_wconf 86' lang='lat' dir='ltr'><strong>partem,</strong></span> <span class='ocrx_word' id='word_1_232' title='bbox 1734 2949 1870 3000; x_wconf 83' lang='lat' dir='ltr'><strong>sicut</strong></span> <span class='ocrx_word' id='word_1_233' title='bbox 1902 2948 2205 3000; x_wconf 79' lang='lat' dir='ltr'><strong>mandatum</strong></span> <span class='ocrx_word' id='word_1_234' title='bbox 2245 2960 2318 2998; x_wconf 85' lang='lat' dir='ltr'><strong>est</strong></span> 
     </span>
    </p>
   </div>
   <div class='ocr_carea' id='block_1_31' title="bbox 765 3039 2318 3113">
    <p class='ocr_par' dir='ltr' id='par_1_31' title="bbox 765 3039 2318 3113">
     <span class='ocr_line' id='line_1_31' title="bbox 765 3039 2318 3113; baseline -0.005 -16"><span class='ocrx_word' id='word_1_235' title='bbox 765 3045 878 3107; x_wconf 89' lang='lat' dir='ltr'><strong>tibi,</strong></span> <span class='ocrx_word' id='word_1_236' title='bbox 926 3046 1302 3113; x_wconf 82' lang='lat' dir='ltr'><strong>primitiarunt,</strong></span> <span class='ocrx_word' id='word_1_237' title='bbox 1360 3053 1409 3094; x_wconf 79' lang='lat' dir='ltr'><strong>et</strong></span> <span class='ocrx_word' id='word_1_238' title='bbox 1449 3043 1512 3093; x_wconf 82' lang='lat' dir='ltr'><strong>de</strong></span> <span class='ocrx_word' id='word_1_239' title='bbox 1560 3039 1870 3109; x_wconf 73' lang='lat' dir='ltr'><strong>negligentia</strong></span> <span class='ocrx_word' id='word_1_240' title='bbox 1901 3055 2065 3105; x_wconf 79' lang='lat' dir='ltr'><strong>purga</strong></span> <span class='ocrx_word' id='word_1_241' title='bbox 2110 3048 2157 3088; x_wconf 88' lang='lat' dir='ltr'><strong>te</strong></span> <span class='ocrx_word' id='word_1_242' title='bbox 2202 3055 2318 3090; x_wconf 84' lang='lat' dir='ltr'><strong>cum</strong></span> 
     </span>
    </p>
   </div>
   <div class='ocr_carea' id='block_1_32' title="bbox 763 3129 2319 3203">
    <p class='ocr_par' dir='ltr' id='par_1_32' title="bbox 763 3129 2319 3203">
     <span class='ocr_line' id='line_1_32' title="bbox 763 3129 2319 3203; baseline -0.005 -15"><span class='ocrx_word' id='word_1_243' title='bbox 763 3137 960 3203; x_wconf 83' lang='lat' dir='ltr'><strong>paucis.</strong></span> <span class='ocrx_word' id='word_1_244' title='bbox 1017 3134 1212 3185; x_wconf 84' lang='lat' dir='ltr'><strong>Datum</strong></span> <span class='ocrx_word' id='word_1_245' title='bbox 1265 3133 1596 3185; x_wconf 77' lang='lat' dir='ltr'><strong>brachiorum</strong></span> <span class='ocrx_word' id='word_1_246' title='bbox 1646 3139 1874 3188; x_wconf 81' lang='lat' dir='ltr'><strong>tuorum,</strong></span> <span class='ocrx_word' id='word_1_247' title='bbox 1905 3137 1952 3180; x_wconf 84' lang='lat' dir='ltr'><strong>et</strong></span> <span class='ocrx_word' id='word_1_248' title='bbox 2000 3129 2319 3195; x_wconf 79' lang='lat' dir='ltr'><strong>sacri/icium</strong></span> 
     </span>
    </p>
   </div>
   <div class='ocr_carea' id='block_1_33' title="bbox 737 3217 2318 3293">
    <p class='ocr_par' dir='ltr' id='par_1_33' title="bbox 737 3217 2318 3293">
     <span class='ocr_line' id='line_1_33' title="bbox 737 3217 2318 3293; baseline -0.007 -12"><span class='ocrx_word' id='word_1_249' title='bbox 737 3217 1201 3293; x_wconf 68' lang='lat' dir='ltr'><strong>sanctificationis</strong></span> <span class='ocrx_word' id='word_1_250' title='bbox 1235 3223 1420 3291; x_wconf 74' lang='lat' dir='ltr'><strong>oﬂ&#39;ercs</strong></span> <span class='ocrx_word' id='word_1_251' title='bbox 1457 3220 1700 3282; x_wconf 87' lang='lat' dir='ltr'><strong>Domino,</strong></span> <span class='ocrx_word' id='word_1_252' title='bbox 1731 3229 1778 3269; x_wconf 86' lang='lat' dir='ltr'><strong>et</strong></span> <span class='ocrx_word' id='word_1_253' title='bbox 1804 3219 1956 3269; x_wconf 86' lang='lat' dir='ltr'><strong>initia</strong></span> <span class='ocrx_word' id='word_1_254' title='bbox 1981 3229 2276 3270; x_wconf 83' lang='lat' dir='ltr'><strong>sanctorum</strong></span> <span class='ocrx_word' id='word_1_255' title='bbox 2303 3236 2318 3281; x_wconf 90' lang='lat'><strong><em>;</em></strong></span> 
     </span>
    </p>
   </div>
   <div class='ocr_carea' id='block_1_34' title="bbox 762 3310 2322 3385">
    <p class='ocr_par' dir='ltr' id='par_1_34' title="bbox 762 3310 2322 3385">
     <span class='ocr_line' id='line_1_34' title="bbox 762 3310 2322 3385; baseline -0.007 -15"><span class='ocrx_word' id='word_1_256' title='bbox 762 3317 1055 3385; x_wconf 77' lang='lat' dir='ltr'><strong>etpauperi</strong></span> <span class='ocrx_word' id='word_1_257' title='bbox 1089 3315 1297 3382; x_wconf 83' lang='lat' dir='ltr'><strong>porrige</strong></span> <span class='ocrx_word' id='word_1_258' title='bbox 1337 3328 1547 3363; x_wconf 78' lang='lat' dir='ltr'><strong>manuni</strong></span> <span class='ocrx_word' id='word_1_259' title='bbox 1585 3323 1749 3374; x_wconf 87' lang='lat' dir='ltr'><strong>tuam,</strong></span> <span class='ocrx_word' id='word_1_260' title='bbox 1786 3319 1840 3361; x_wconf 89' lang='lat' dir='ltr'><strong>ut</strong></span> <span class='ocrx_word' id='word_1_261' title='bbox 1882 3310 2181 3377; x_wconf 76' lang='lat' dir='ltr'><strong>perficiatur</strong></span> <span class='ocrx_word' id='word_1_262' title='bbox 2208 3326 2322 3376; x_wconf 58' lang='lat' dir='ltr'><strong>pro-</strong></span> 
     </span>
    </p>
   </div>
   <div class='ocr_carea' id='block_1_35' title="bbox 764 3391 2319 3477">
    <p class='ocr_par' dir='ltr' id='par_1_35' title="bbox 764 3391 2319 3477">
     <span class='ocr_line' id='line_1_35' title="bbox 764 3391 2319 3477; baseline -0.004 -18"><span class='ocrx_word' id='word_1_263' title='bbox 764 3409 973 3477; x_wconf 80' lang='lat' dir='ltr'><strong>pitiatio</strong></span> <span class='ocrx_word' id='word_1_264' title='bbox 1005 3415 1052 3459; x_wconf 89' lang='lat' dir='ltr'><strong>et</strong></span> <span class='ocrx_word' id='word_1_265' title='bbox 1091 3406 1374 3458; x_wconf 81' lang='lat' dir='ltr'><strong>benedictio</strong></span> <span class='ocrx_word' id='word_1_266' title='bbox 1425 3414 1516 3455; x_wconf 83' lang='lat' dir='ltr'><strong>tua</strong></span> <span class='ocrx_word' id='word_1_267' title='bbox 1549 3403 1610 3454; x_wconf 84' lang='grc'><strong>¹³.</strong></span> <span class='ocrx_word' id='word_1_268' title='bbox 1651 3401 1772 3455; x_wconf 67' lang='lat' dir='ltr'><strong>Hice</strong></span> <span class='ocrx_word' id='word_1_269' title='bbox 1804 3417 1907 3453; x_wconf 91' lang='lat' dir='ltr'><strong>non</strong></span> <span class='ocrx_word' id='word_1_270' title='bbox 1955 3391 2319 3454; x_wconf 76' lang='lat' dir='ltr'><strong>tantummodo</strong></span> 
     </span>
    </p>
   </div>
   <div class='ocr_carea' id='block_1_36' title="bbox 765 3492 2319 3564">
    <p class='ocr_par' dir='ltr' id='par_1_36' title="bbox 765 3492 2319 3564">
     <span class='ocr_line' id='line_1_36' title="bbox 765 3492 2319 3564; baseline -0.004 -15"><span class='ocrx_word' id='word_1_271' title='bbox 765 3499 942 3564; x_wconf 82' lang='lat' dir='ltr'><strong>vobis,</strong></span> <span class='ocrx_word' id='word_1_272' title='bbox 989 3498 1078 3551; x_wconf 93' lang='lat' dir='ltr'><strong>sed</strong></span> <span class='ocrx_word' id='word_1_273' title='bbox 1121 3497 1374 3554; x_wconf 87' lang='lat' dir='ltr'><strong>omnibus</strong></span> <span class='ocrx_word' id='word_1_274' title='bbox 1407 3492 1667 3547; x_wconf 71' lang='lat' dir='ltr'><strong>fratribus</strong></span> <span class='ocrx_word' id='word_1_275' title='bbox 1692 3508 1787 3561; x_wconf 89' lang='lat' dir='ltr'><strong>per</strong></span> <span class='ocrx_word' id='word_1_276' title='bbox 1810 3509 1902 3545; x_wconf 87' lang='lat' dir='ltr'><strong>vos</strong></span> <span class='ocrx_word' id='word_1_277' title='bbox 1929 3501 2050 3544; x_wconf 89' lang='lat' dir='ltr'><strong>nota</strong></span> <span class='ocrx_word' id='word_1_278' title='bbox 2094 3492 2205 3543; x_wconf 68' lang='grc' dir='ltr'><strong>πίοι-ἰ</strong></span> <span class='ocrx_word' id='word_1_279' title='bbox 2229 3507 2319 3543; x_wconf 86' lang='lat' dir='ltr'><strong>vo-</strong></span> 
     </span>
    </p>
   </div>
   <div class='ocr_carea' id='block_1_37' title="bbox 765 3584 2318 3652">
    <p class='ocr_par' dir='ltr' id='par_1_37' title="bbox 765 3584 2318 3652">
     <span class='ocr_line' id='line_1_37' title="bbox 765 3584 2318 3652; baseline -0.009 -8"><span class='ocrx_word' id='word_1_280' title='bbox 765 3591 963 3652; x_wconf 91' lang='lat' dir='ltr'><strong>lumus,</strong></span> <span class='ocrx_word' id='word_1_281' title='bbox 1004 3599 1061 3641; x_wconf 90' lang='lat' dir='ltr'><strong>ut</strong></span> <span class='ocrx_word' id='word_1_282' title='bbox 1103 3588 1413 3648; x_wconf 88' lang='lat' dir='ltr'><strong>unanimes,</strong></span> <span class='ocrx_word' id='word_1_283' title='bbox 1449 3601 1614 3637; x_wconf 90' lang='lat' dir='ltr'><strong>unum</strong></span> <span class='ocrx_word' id='word_1_284' title='bbox 1651 3584 1964 3642; x_wconf 86' lang='lat' dir='ltr'><strong>sentientes,</strong></span> <span class='ocrx_word' id='word_1_285' title='bbox 2005 3597 2318 3650; x_wconf 83' lang='lat' dir='ltr'><strong>permanea-</strong></span> 
     </span>
    </p>
   </div>
   <div class='ocr_carea' id='block_1_38' title="bbox 766 3672 2319 3744">
    <p class='ocr_par' dir='ltr' id='par_1_38' title="bbox 766 3672 2319 3744">
     <span class='ocr_line' id='line_1_38' title="bbox 766 3672 2319 3744; baseline -0.008 -10"><span class='ocrx_word' id='word_1_286' title='bbox 766 3699 886 3734; x_wconf 82' lang='lat' dir='ltr'><strong>mus</strong></span> <span class='ocrx_word' id='word_1_287' title='bbox 916 3683 964 3734; x_wconf 92' lang='lat' dir='ltr'><strong>in</strong></span> <span class='ocrx_word' id='word_1_288' title='bbox 990 3679 1206 3733; x_wconf 86' lang='lat' dir='ltr'><strong>Christo</strong></span> <span class='ocrx_word' id='word_1_289' title='bbox 1234 3677 1364 3728; x_wconf 86' lang='lat' dir='ltr'><strong>nihil</strong></span> <span class='ocrx_word' id='word_1_290' title='bbox 1396 3691 1490 3744; x_wconf 90' lang='lat' dir='ltr'><strong>per</strong></span> <span class='ocrx_word' id='word_1_291' title='bbox 1511 3675 1911 3726; x_wconf 88' lang='lat' dir='ltr'><strong>contentionem</strong></span> <span class='ocrx_word' id='word_1_292' title='bbox 1945 3674 2100 3725; x_wconf 90' lang='lat' dir='ltr'><strong>nobis</strong></span> <span class='ocrx_word' id='word_1_293' title='bbox 2135 3672 2197 3736; x_wconf 76' lang='lat'><strong>&quot;‘,</strong></span> <span class='ocrx_word' id='word_1_294' title='bbox 2227 3686 2319 3723; x_wconf 88' lang='lat' dir='ltr'><strong>nc-</strong></span> 
     </span>
    </p>
   </div>
   <div class='ocr_carea' id='block_1_39' title="bbox 765 3761 2319 3842">
    <p class='ocr_par' dir='ltr' id='par_1_39' title="bbox 765 3761 2319 3842">
     <span class='ocr_line' id='line_1_39' title="bbox 765 3761 2319 3842; baseline -0.008 -18"><span class='ocrx_word' id='word_1_295' title='bbox 765 3791 869 3842; x_wconf 90' lang='lat' dir='ltr'><strong>que</strong></span> <span class='ocrx_word' id='word_1_296' title='bbox 908 3788 1000 3840; x_wconf 87' lang='lat' dir='ltr'><strong>per</strong></span> <span class='ocrx_word' id='word_1_297' title='bbox 1038 3772 1247 3822; x_wconf 86' lang='lat' dir='ltr'><strong>inanem</strong></span> <span class='ocrx_word' id='word_1_298' title='bbox 1281 3765 1503 3832; x_wconf 72' lang='lat' dir='ltr'><strong>gloriam</strong></span> <span class='ocrx_word' id='word_1_299' title='bbox 1538 3764 1905 3825; x_wconf 86' lang='lat' dir='ltr'><strong>vindicantes,</strong></span> <span class='ocrx_word' id='word_1_300' title='bbox 1950 3778 2055 3813; x_wconf 91' lang='lat' dir='ltr'><strong>non</strong></span> <span class='ocrx_word' id='word_1_301' title='bbox 2084 3761 2319 3813; x_wconf 88' lang='lat' dir='ltr'><strong>homini-</strong></span> 
     </span>
    </p>
   </div>
   <div class='ocr_carea' id='block_1_40' title="bbox 769 3846 2320 3921">
    <p class='ocr_par' dir='ltr' id='par_1_40' title="bbox 769 3846 2320 3921">
     <span class='ocr_line' id='line_1_40' title="bbox 769 3846 2320 3921; baseline -0.008 -8"><span class='ocrx_word' id='word_1_302' title='bbox 769 3863 886 3921; x_wconf 84' lang='lat' dir='ltr'><strong>bus,</strong></span> <span class='ocrx_word' id='word_1_303' title='bbox 910 3859 1000 3912; x_wconf 86' lang='lat' dir='ltr'><strong>sed</strong></span> <span class='ocrx_word' id='word_1_304' title='bbox 1039 3856 1142 3909; x_wconf 85' lang='lat' dir='ltr'><strong>Deo</strong></span> <span class='ocrx_word' id='word_1_305' title='bbox 1166 3855 1429 3912; x_wconf 87' lang='lat' dir='ltr'><strong>Salvatori</strong></span> <span class='ocrx_word' id='word_1_306' title='bbox 1456 3851 1639 3904; x_wconf 76' lang='lat' dir='ltr'><strong>nostro</strong></span> <span class='ocrx_word' id='word_1_307' title='bbox 1671 3851 1957 3917; x_wconf 91' lang='lat' dir='ltr'><strong>placentes.</strong></span> <span class='ocrx_word' id='word_1_308' title='bbox 1990 3846 2088 3900; x_wconf 83' lang='lat' dir='ltr'><strong>Cui</strong></span> <span class='ocrx_word' id='word_1_309' title='bbox 2124 3857 2204 3901; x_wconf 87' lang='lat' dir='ltr'><strong>est</strong></span> <span class='ocrx_word' id='word_1_310' title='bbox 2231 3849 2320 3901; x_wconf 92' lang='lat' dir='ltr'><strong>h0-</strong></span> 
     </span>
    </p>
   </div>
   <div class='ocr_carea' id='block_1_41' title="bbox 769 3940 2033 4019">
    <p class='ocr_par' dir='ltr' id='par_1_41' title="bbox 769 3940 2033 4019">
     <span class='ocr_line' id='line_1_41' title="bbox 769 3940 2033 4019; baseline -0.012 -15"><span class='ocrx_word' id='word_1_311' title='bbox 769 3967 867 4004; x_wconf 91' lang='lat' dir='ltr'><strong>nor</strong></span> <span class='ocrx_word' id='word_1_312' title='bbox 899 3960 951 4004; x_wconf 87' lang='lat' dir='ltr'><strong>et</strong></span> <span class='ocrx_word' id='word_1_313' title='bbox 980 3947 1144 4019; x_wconf 85' lang='lat' dir='ltr'><strong>gloria</strong></span> <span class='ocrx_word' id='word_1_314' title='bbox 1170 3947 1222 3998; x_wconf 92' lang='lat' dir='ltr'><strong>in</strong></span> <span class='ocrx_word' id='word_1_315' title='bbox 1253 3947 1570 4000; x_wconf 62' lang='lat' dir='ltr'><strong>swculorum</strong></span> <span class='ocrx_word' id='word_1_316' title='bbox 1597 3940 1811 3994; x_wconf 75' lang='lat' dir='ltr'><strong>sarcula.</strong></span> <span class='ocrx_word' id='word_1_317' title='bbox 1844 3942 2033 3992; x_wconf 80' lang='lat' dir='ltr'><strong>Amen.</strong></span> 
     </span>
    </p>
   </div>
   <div class='ocr_carea' id='block_1_42' title="bbox 1315 4073 1776 4130">
    <p class='ocr_par' dir='ltr' id='par_1_42' title="bbox 1315 4073 1776 4130">
     <span class='ocr_line' id='line_1_42' title="bbox 1315 4073 1776 4130; baseline -0.013 0"><span class='ocrx_word' id='word_1_318' title='bbox 1315 4075 1649 4130; x_wconf 71' lang='lat' dir='ltr'><strong>EPISTULA</strong></span> <span class='ocrx_word' id='word_1_319' title='bbox 1692 4073 1776 4126; x_wconf 90' lang='lat' dir='ltr'><strong>III.</strong></span> 
     </span>
    </p>
   </div>
   <div class='ocr_carea' id='block_1_43' title="bbox 1196 4178 1903 4223">
    <p class='ocr_par' dir='ltr' id='par_1_43' title="bbox 1196 4178 1903 4223">
     <span class='ocr_line' id='line_1_43' title="bbox 1196 4178 1903 4223; baseline -0.01 0"><span class='ocrx_word' id='word_1_320' title='bbox 1196 4187 1260 4223; x_wconf 84' lang='grc' dir='ltr'><strong>Αῐ)</strong></span> <span class='ocrx_word' id='word_1_321' title='bbox 1302 4184 1554 4222; x_wconf 61' lang='grc' dir='ltr'><strong>1111Α11115Μ</strong></span> <span class='ocrx_word' id='word_1_322' title='bbox 1595 4178 1903 4219; x_wconf 68' lang='lat' dir='ltr'><strong>EPISCOI‘UH.</strong></span> 
     </span>
    </p>
   </div>
   <div class='ocr_carea' id='block_1_44' title="bbox 771 4249 2317 4325">
    <p class='ocr_par' dir='ltr' id='par_1_44' title="bbox 771 4249 2317 4325">
     <span class='ocr_line' id='line_1_44' title="bbox 771 4249 2317 4325; baseline -0.01 -13"><span class='ocrx_word' id='word_1_323' title='bbox 771 4265 833 4312; x_wconf 89' lang='lat' dir='ltr'><strong>Ut</strong></span> <span class='ocrx_word' id='word_1_324' title='bbox 859 4265 1111 4325; x_wconf 67' lang='lat' dir='ltr'><strong>peregrina</strong></span> <span class='ocrx_word' id='word_1_325' title='bbox 1133 4263 1308 4321; x_wconf 84' lang='lat' dir='ltr'><strong>judicia</strong></span> <span class='ocrx_word' id='word_1_326' title='bbox 1343 4262 1798 4325; x_wconf 35' lang='lat' dir='ltr'><strong>respuanturatx&#39;iue</strong></span> <span class='ocrx_word' id='word_1_327' title='bbox 1837 4256 2090 4324; x_wconf 82' lang='lat' dir='ltr'><strong>accusatus</strong></span> <span class='ocrx_word' id='word_1_328' title='bbox 2135 4249 2195 4321; x_wconf 41' lang='lat' dir='ltr'><strong>in.</strong></span> <span class='ocrx_word' id='word_1_329' title='bbox 2230 4262 2317 4297; x_wconf 83' lang='lat' dir='ltr'><strong>suo</strong></span> 
     </span>
    </p>
   </div>
   <div class='ocr_carea' id='block_1_45' title="bbox 832 4312 2315 4380">
    <p class='ocr_par' dir='ltr' id='par_1_45' title="bbox 832 4312 2315 4380">
     <span class='ocr_line' id='line_1_45' title="bbox 832 4312 2315 4380; baseline -0.012 -7"><span class='ocrx_word' id='word_1_330' title='bbox 832 4312 935 4373; x_wconf 61' lang='lat' dir='ltr'><strong>Ideo</strong></span> <span class='ocrx_word' id='word_1_331' title='bbox 973 4312 1160 4372; x_wconf 72' lang='lat' dir='ltr'><strong>causam</strong></span> <span class='ocrx_word' id='word_1_332' title='bbox 1197 4336 1330 4369; x_wconf 83' lang='lat' dir='ltr'><strong>suam</strong></span> <span class='ocrx_word' id='word_1_333' title='bbox 1375 4312 1604 4380; x_wconf 79' lang='lat' dir='ltr'><strong>peragat,</strong></span> <span class='ocrx_word' id='word_1_334' title='bbox 1630 4324 1682 4364; x_wconf 86' lang='lat' dir='ltr'><strong>et</strong></span> <span class='ocrx_word' id='word_1_335' title='bbox 1725 4323 1779 4363; x_wconf 90' lang='lat' dir='ltr'><strong>ut</strong></span> <span class='ocrx_word' id='word_1_336' title='bbox 1813 4316 1968 4380; x_wconf 85' lang='lat' dir='ltr'><strong>omnis</strong></span> <span class='ocrx_word' id='word_1_337' title='bbox 2002 4315 2085 4373; x_wconf 88' lang='lat' dir='ltr'><strong>qui</strong></span> <span class='ocrx_word' id='word_1_338' title='bbox 2129 4312 2315 4380; x_wconf 68' lang='lat' dir='ltr'><strong>crimen</strong></span> 
     </span>
    </p>
   </div>
   <div class='ocr_carea' id='block_1_46' title="bbox 830 4374 2318 4442">
    <p class='ocr_par' dir='ltr' id='par_1_46' title="bbox 830 4374 2318 4442">
     <span class='ocr_line' id='line_1_46' title="bbox 830 4374 2318 4442; baseline -0.009 -10"><span class='ocrx_word' id='word_1_339' title='bbox 830 4387 1020 4442; x_wconf 79' lang='lat' dir='ltr'><strong>objicit.</strong></span> <span class='ocrx_word' id='word_1_340' title='bbox 1064 4385 1242 4431; x_wconf 80' lang='lat' dir='ltr'><strong>scribat</strong></span> <span class='ocrx_word' id='word_1_341' title='bbox 1290 4396 1344 4428; x_wconf 77' lang='lat' dir='ltr'><strong>se</strong></span> <span class='ocrx_word' id='word_1_342' title='bbox 1373 4374 1705 4442; x_wconf 71' lang='lat' dir='ltr'><strong>probaturum,</strong></span> <span class='ocrx_word' id='word_1_343' title='bbox 1731 4383 1782 4423; x_wconf 83' lang='lat' dir='ltr'><strong>et</strong></span> <span class='ocrx_word' id='word_1_344' title='bbox 1820 4379 1859 4423; x_wconf 89' lang='lat' dir='ltr'><strong>si</strong></span> <span class='ocrx_word' id='word_1_345' title='bbox 1898 4388 1992 4442; x_wconf 82' lang='lat' dir='ltr'><strong>non</strong></span> <span class='ocrx_word' id='word_1_346' title='bbox 2039 4374 2318 4433; x_wconf 76' lang='lat' dir='ltr'><strong>probaverit</strong></span> 
     </span>
    </p>
   </div>
   <div class='ocr_carea' id='block_1_47' title="bbox 828 4439 2072 4506">
    <p class='ocr_par' dir='ltr' id='par_1_47' title="bbox 828 4439 2072 4506">
     <span class='ocr_line' id='line_1_47' title="bbox 828 4439 2072 4506; baseline -0.01 -14"><span class='ocrx_word' id='word_1_347' title='bbox 828 4439 1170 4506; x_wconf 41' lang='lat' dir='ltr'><strong>qu&#39;od__objicit,</strong></span> <span class='ocrx_word' id='word_1_348' title='bbox 1199 4439 1545 4504; x_wconf 69' lang='lat' dir='ltr'><strong>pmnaniquam</strong></span> <span class='ocrx_word' id='word_1_349' title='bbox 1582 4441 1824 4494; x_wconf 87' lang='lat' dir='ltr'><strong>intulerit,</strong></span> <span class='ocrx_word' id='word_1_350' title='bbox 1849 4439 2072 4497; x_wconf 87' lang='lat' dir='ltr'><strong>patiatur.</strong></span> 
     </span>
    </p>
   </div>
   <div class='ocr_carea' id='block_1_48' title="bbox 773 4542 2091 4614">
    <p class='ocr_par' dir='ltr' id='par_1_48' title="bbox 773 4542 2091 4614">
     <span class='ocr_line' id='line_1_48' title="bbox 773 4542 2091 4614; baseline -0.011 -9"><span class='ocrx_word' id='word_1_351' title='bbox 773 4552 812 4605; x_wconf 91' lang='lat' dir='ltr'><strong>I.</strong></span> <span class='ocrx_word' id='word_1_352' title='bbox 870 4550 975 4614; x_wconf 81' lang='lat' dir='ltr'><strong>Qui</strong></span> <span class='ocrx_word' id='word_1_353' title='bbox 995 4567 1091 4601; x_wconf 88' lang='lat' dir='ltr'><strong>non</strong></span> <span class='ocrx_word' id='word_1_354' title='bbox 1116 4551 1324 4600; x_wconf 84' lang='lat' dir='ltr'><strong>debeant</strong></span> <span class='ocrx_word' id='word_1_355' title='bbox 1352 4547 1560 4597; x_wconf 84' lang='lat' dir='ltr'><strong>admitti</strong></span> <span class='ocrx_word' id='word_1_356' title='bbox 1589 4545 1655 4595; x_wconf 88' lang='lat' dir='ltr'><strong>ad</strong></span> <span class='ocrx_word' id='word_1_357' title='bbox 1688 4542 2091 4595; x_wconf 77' lang='lat' dir='ltr'><strong>accusationem.</strong></span> 
     </span>
    </p>
   </div>
   <div class='ocr_carea' id='block_1_49' title="bbox 773 4614 1515 4687">
    <p class='ocr_par' dir='ltr' id='par_1_49' title="bbox 773 4614 1515 4687">
     <span class='ocr_line' id='line_1_49' title="bbox 773 4614 1515 4687; baseline -0.011 -15"><span class='ocrx_word' id='word_1_358' title='bbox 773 4621 834 4674; x_wconf 93' lang='lat' dir='ltr'><strong>II.</strong></span> <span class='ocrx_word' id='word_1_359' title='bbox 877 4621 946 4671; x_wconf 82' lang='lat' dir='ltr'><strong>De</strong></span> <span class='ocrx_word' id='word_1_360' title='bbox 986 4619 1259 4687; x_wconf 67' lang='lat' dir='ltr'><strong>peregrinis</strong></span> <span class='ocrx_word' id='word_1_361' title='bbox 1277 4614 1515 4683; x_wconf 78' lang='lat' dir='ltr'><strong>judiciis.</strong></span> 
     </span>
    </p>
   </div>
   <div class='ocr_carea' id='block_1_50' title="bbox 772 4688 1257 4756">
    <p class='ocr_par' dir='ltr' id='par_1_50' title="bbox 772 4688 1257 4756">
     <span class='ocr_line' id='line_1_50' title="bbox 772 4688 1257 4756; baseline -0.014 -15"><span class='ocrx_word' id='word_1_362' title='bbox 772 4690 856 4742; x_wconf 94' lang='lat' dir='ltr'><strong>III.</strong></span> <span class='ocrx_word' id='word_1_363' title='bbox 905 4690 972 4740; x_wconf 82' lang='lat' dir='ltr'><strong>De</strong></span> <span class='ocrx_word' id='word_1_364' title='bbox 1020 4688 1257 4756; x_wconf 79' lang='lat' dir='ltr'><strong>pulsatis.</strong></span> 
     </span>
    </p>
   </div>
   <div class='ocr_carea' id='block_1_51' title="bbox 773 4742 2359 4826">
    <p class='ocr_par' dir='ltr' id='par_1_51' title="bbox 773 4742 2359 4826">
     <span class='ocr_line' id='line_1_51' title="bbox 773 4742 2359 4826; baseline -0.013 -14"><span class='ocrx_word' id='word_1_365' title='bbox 773 4759 860 4813; x_wconf 78' lang='lat' dir='ltr'><strong>IV.</strong></span> <span class='ocrx_word' id='word_1_366' title='bbox 901 4761 958 4811; x_wconf 83' lang='lat' dir='ltr'><strong>Si</strong></span> <span class='ocrx_word' id='word_1_367' title='bbox 995 4742 1106 4826; x_wconf 70' lang='lat' dir='ltr'><strong>q&#39;un</strong></span> <span class='ocrx_word' id='word_1_368' title='bbox 1138 4759 1303 4807; x_wconf 86' lang='lat' dir='ltr'><strong>iratus</strong></span> <span class='ocrx_word' id='word_1_369' title='bbox 1349 4751 1542 4802; x_wconf 81' lang='lat' dir='ltr'><strong>crimen</strong></span> <span class='ocrx_word' id='word_1_370' title='bbox 1577 4747 1814 4815; x_wconf 86' lang='lat' dir='ltr'><strong>objecerit</strong></span> <span class='ocrx_word' id='word_1_371' title='bbox 1837 4786 1851 4810; x_wconf 86' lang='lat'><strong>,</strong></span> <span class='ocrx_word' id='word_1_372' title='bbox 1878 4743 1952 4796; x_wconf 75' lang='lat' dir='ltr'><strong>uel</strong></span> <span class='ocrx_word' id='word_1_373' title='bbox 1985 4742 2180 4818; x_wconf 74' lang='lat' dir='ltr'><strong>objecza</strong></span> <span class='ocrx_word' id='word_1_374' title='bbox 2217 4755 2315 4792; x_wconf 87' lang='lat' dir='ltr'><strong>non</strong></span> <span class='ocrx_word' id='word_1_375' title='bbox 2338 4797 2359 4817; x_wconf 50' lang='grc' dir='ltr'><em>ο</em></span> 
     </span>
    </p>
   </div>
   <div class='ocr_carea' id='block_1_52' title="bbox 945 4831 1216 4880">
    <p class='ocr_par' dir='ltr' id='par_1_52' title="bbox 945 4831 1216 4880">
     <span class='ocr_line' id='line_1_52' title="bbox 945 4831 1216 4880; baseline -0.018 -2"><span class='ocrx_word' id='word_1_376' title='bbox 945 4831 1216 4880; x_wconf 73' lang='grc' dir='ltr'><strong>ΓΟῙΜΙΨΓΙῙ.</strong></span> 
     </span>
    </p>
   </div>
   <div class='ocr_carea' id='block_1_53' title="bbox 777 4877 2395 4962">
    <p class='ocr_par' dir='ltr' id='par_1_53' title="bbox 777 4877 2395 4962">
     <span class='ocr_line' id='line_1_53' title="bbox 777 4877 2395 4962; baseline -0.014 -13"><span class='ocrx_word' id='word_1_377' title='bbox 777 4896 840 4950; x_wconf 69' lang='grc' dir='ltr'><strong>ν.</strong></span> <span class='ocrx_word' id='word_1_378' title='bbox 865 4877 1232 4962; x_wconf 67' lang='lat' dir='ltr'><strong>Siepiscopus</strong></span> <span class='ocrx_word' id='word_1_379' title='bbox 1267 4899 1539 4946; x_wconf 85' lang='lat' dir='ltr'><strong>accusatus</strong></span> <span class='ocrx_word' id='word_1_380' title='bbox 1567 4888 1736 4940; x_wconf 84' lang='lat' dir='ltr'><strong>sedem</strong></span> <span class='ocrx_word' id='word_1_381' title='bbox 1773 4882 2111 4950; x_wconf 86' lang='lat' dir='ltr'><strong>apostolicam</strong></span> <span class='ocrx_word' id='word_1_382' title='bbox 2141 4877 2316 4947; x_wconf 85' lang='lat' dir='ltr'><strong>appel-</strong></span> <span class='ocrx_word' id='word_1_383' title='bbox 2390 4922 2395 4925; x_wconf 93' lang='lat'><strong>.</strong></span> 
     </span>
    </p>
   </div>
   <div class='ocr_carea' id='block_1_54' title="bbox 913 4965 1060 5017">
    <p class='ocr_par' dir='ltr' id='par_1_54' title="bbox 913 4965 1060 5017">
     <span class='ocr_line' id='line_1_54' title="bbox 913 4965 1060 5017; baseline 0.007 -1"><span class='ocrx_word' id='word_1_384' title='bbox 913 4965 1060 5017; x_wconf 81' lang='lat' dir='ltr'><strong>lat-it.</strong></span> 
     </span>
    </p>
   </div>
   <div class='ocr_carea' id='block_1_55' title="bbox 825 5063 2239 5147">
    <p class='ocr_par' dir='ltr' id='par_1_55' title="bbox 825 5063 2239 5147">
     <span class='ocr_line' id='line_1_55' title="bbox 825 5063 2239 5147; baseline -0.008 -22"><span class='ocrx_word' id='word_1_385' title='bbox 825 5069 1179 5147; x_wconf 63' lang='lat' dir='ltr'><strong>Dilectissimo</strong></span> <span class='ocrx_word' id='word_1_386' title='bbox 1215 5071 1364 5126; x_wconf 75' lang='lat' dir='ltr'><strong>fratri</strong></span> <span class='ocrx_word' id='word_1_387' title='bbox 1403 5068 1631 5123; x_wconf 74' lang='lat' dir='ltr'><strong>IIILAIlIO</strong></span> <span class='ocrx_word' id='word_1_388' title='bbox 1665 5067 1914 5136; x_wconf 89' lang='lat' dir='ltr'><strong>episcopo</strong></span> <span class='ocrx_word' id='word_1_389' title='bbox 1955 5063 2239 5116; x_wconf 59' lang='lat' dir='ltr'><strong>Faernus.</strong></span> 
     </span>
    </p>
   </div>
   <div class='ocr_carea' id='block_1_56' title="bbox 853 5149 2320 5225">
    <p class='ocr_par' dir='ltr' id='par_1_56' title="bbox 853 5149 2320 5225">
     <span class='ocr_line' id='line_1_56' title="bbox 853 5149 2320 5225; baseline -0.005 -18"><span class='ocrx_word' id='word_1_390' title='bbox 853 5154 1050 5208; x_wconf 73' lang='lat' dir='ltr'><strong>Divitiae</strong></span> <span class='ocrx_word' id='word_1_391' title='bbox 1091 5157 1225 5210; x_wconf 82' lang='lat' dir='ltr'><strong>circa</strong></span> <span class='ocrx_word' id='word_1_392' title='bbox 1269 5173 1366 5212; x_wconf 84' lang='lat' dir='ltr'><strong>nos</strong></span> <span class='ocrx_word' id='word_1_393' title='bbox 1402 5157 1585 5225; x_wconf 71' lang='lat' dir='ltr'><strong>gratiae.</strong></span> <span class='ocrx_word' id='word_1_394' title='bbox 1624 5170 1890 5209; x_wconf 88' lang='lat' dir='ltr'><strong>memores</strong></span> <span class='ocrx_word' id='word_1_395' title='bbox 1927 5154 1967 5183; x_wconf 85' lang='grc'><strong>¹⁵</strong></span> <span class='ocrx_word' id='word_1_396' title='bbox 2008 5167 2127 5204; x_wconf 83' lang='lat' dir='ltr'><strong>esse</strong></span> <span class='ocrx_word' id='word_1_397' title='bbox 2160 5149 2320 5202; x_wconf 86' lang='lat' dir='ltr'><strong>debe-</strong></span> 
     </span>
    </p>
   </div>
   <div class='ocr_carea' id='block_1_57' title="bbox 782 5242 2318 5315">
    <p class='ocr_par' dir='ltr' id='par_1_57' title="bbox 782 5242 2318 5315">
     <span class='ocr_line' id='line_1_57' title="bbox 782 5242 2318 5315; baseline -0.012 -7"><span class='ocrx_word' id='word_1_398' title='bbox 782 5257 938 5306; x_wconf 65' lang='lat' dir='ltr'><strong>mus.</strong></span> <span class='ocrx_word' id='word_1_399' title='bbox 965 5243 1060 5312; x_wconf 87' lang='lat' dir='ltr'><strong>qui</strong></span> <span class='ocrx_word' id='word_1_400' title='bbox 1100 5259 1193 5298; x_wconf 87' lang='lat' dir='ltr'><strong>nos</strong></span> <span class='ocrx_word' id='word_1_401' title='bbox 1228 5260 1322 5313; x_wconf 83' lang='lat' dir='ltr'><strong>per</strong></span> <span class='ocrx_word' id='word_1_402' title='bbox 1346 5248 1671 5315; x_wconf 74' lang='lat' dir='ltr'><strong>dignationis</strong></span> <span class='ocrx_word' id='word_1_403' title='bbox 1719 5260 1828 5298; x_wconf 81' lang='lat' dir='ltr'><strong>sua:</strong></span> <span class='ocrx_word' id='word_1_404' title='bbox 1867 5242 2318 5304; x_wconf 81' lang='lat' dir='ltr'><strong>misericordiam,</strong></span> 
     </span>
    </p>
   </div>
   <div class='ocr_carea' id='block_1_58' title="bbox 853 5395 1862 5482">
    <p class='ocr_par' dir='ltr' id='par_1_58' title="bbox 853 5395 1862 5482">
     <span class='ocr_line' id='line_1_58' title="bbox 853 5395 1862 5482; baseline -0.001 -10"><span class='ocrx_word' id='word_1_405' title='bbox 853 5425 872 5453; x_wconf 75' lang='grc' dir='ltr'><strong><em>τ</em></strong></span> <span class='ocrx_word' id='word_1_406' title='bbox 895 5421 1086 5475; x_wconf 76' lang='lat' dir='ltr'><strong>Cenes.</strong></span> <span class='ocrx_word' id='word_1_407' title='bbox 1119 5437 1192 5473; x_wconf 71' lang='lat' dir='ltr'><strong>ix.</strong></span> <span class='ocrx_word' id='word_1_408' title='bbox 1285 5395 1458 5475; x_wconf 69' lang='lat' dir='ltr'><strong>&#39;Isld.</strong></span> <span class='ocrx_word' id='word_1_409' title='bbox 1491 5437 1574 5482; x_wconf 84' lang='lat' dir='ltr'><strong>tu.</strong></span> <span class='ocrx_word' id='word_1_410' title='bbox 1605 5430 1743 5475; x_wconf 84' lang='lat' dir='ltr'><strong>sent.</strong></span> <span class='ocrx_word' id='word_1_411' title='bbox 1777 5420 1862 5472; x_wconf 76' lang='grc'><strong>59.</strong></span> 
     </span>
    </p>
   </div>
   <div class='ocr_carea' id='block_1_59' title="bbox 2351 1916 2394 1968">
    <p class='ocr_par' dir='ltr' id='par_1_59' title="bbox 2351 1916 2394 1968">
     <span class='ocr_line' id='line_1_59' title="bbox 2351 1916 2394 1968; baseline 0 0"><span class='ocrx_word' id='word_1_412' title='bbox 2351 1916 2394 1968; x_wconf 86' lang='grc' dir='ltr'><strong>Β</strong></span> 
     </span>
    </p>
   </div>
   <div class='ocr_carea' id='block_1_60' title="bbox 2347 3267 2386 3320">
    <p class='ocr_par' dir='ltr' id='par_1_60' title="bbox 2347 3267 2386 3320">
     <span class='ocr_line' id='line_1_60' title="bbox 2347 3267 2386 3320; baseline 0 0"><span class='ocrx_word' id='word_1_413' title='bbox 2347 3267 2386 3320; x_wconf 92' lang='lat' dir='ltr'><strong>C</strong></span> 
     </span>
    </p>
   </div>
   <div class='ocr_carea' id='block_1_61' title="bbox 2345 4585 2388 4638">
    <p class='ocr_par' dir='ltr' id='par_1_61' title="bbox 2345 4585 2388 4638">
     <span class='ocr_line' id='line_1_61' title="bbox 2345 4585 2388 4638; baseline 0 0"><span class='ocrx_word' id='word_1_414' title='bbox 2345 4585 2388 4638; x_wconf 89' lang='lat' dir='ltr'><strong>D</strong></span> 
     </span>
    </p>
   </div>
   <div class='ocr_carea' id='block_1_62' title="bbox 1989 5402 3435 5486">
    <p class='ocr_par' dir='ltr' id='par_1_62' title="bbox 1989 5402 3435 5486">
     <span class='ocr_line' id='line_1_62' title="bbox 1989 5402 3435 5486; baseline -0.012 -15"><span class='ocrx_word' id='word_1_415' title='bbox 1989 5420 2008 5448; x_wconf 83' lang='grc'>⁹</span> <span class='ocrx_word' id='word_1_416' title='bbox 2039 5419 2166 5486; x_wconf 89' lang='lat' dir='ltr'><strong>Sup.</strong></span> <span class='ocrx_word' id='word_1_417' title='bbox 2193 5415 2446 5486; x_wconf 77' lang='lat' dir='ltr'><strong>habetur</strong></span> <span class='ocrx_word' id='word_1_418' title='bbox 2483 5412 2619 5463; x_wconf 89' lang='lat' dir='ltr'><strong>idem</strong></span> <span class='ocrx_word' id='word_1_419' title='bbox 2668 5410 2720 5460; x_wconf 94' lang='lat' dir='ltr'><strong>in</strong></span> <span class='ocrx_word' id='word_1_420' title='bbox 2759 5405 2927 5486; x_wconf 29' lang='lat' dir='ltr'><strong>epist-2</strong></span> <span class='ocrx_word' id='word_1_421' title='bbox 2961 5402 3435 5486; x_wconf 44' lang='lat' dir='ltr'><strong>dnacletl‘ultinma.</strong></span> 
     </span>
    </p>
   </div>
   <div class='ocr_carea' id='block_1_63' title="bbox 2421 670 3978 747">
    <p class='ocr_par' dir='ltr' id='par_1_63' title="bbox 2421 670 3978 747">
     <span class='ocr_line' id='line_1_63' title="bbox 2421 670 3978 747; baseline -0.002 -20"><span class='ocrx_word' id='word_1_422' title='bbox 2421 674 2561 727; x_wconf 88' lang='lat' dir='ltr'><strong>datis</strong></span> <span class='ocrx_word' id='word_1_423' title='bbox 2595 673 2772 747; x_wconf 89' lang='lat' dir='ltr'><strong>ipsius</strong></span> <span class='ocrx_word' id='word_1_424' title='bbox 2808 671 3164 746; x_wconf 71' lang='lat' dir='ltr'><strong>inhaerentes,</strong></span> <span class='ocrx_word' id='word_1_425' title='bbox 3199 678 3252 724; x_wconf 90' lang='lat' dir='ltr'><strong>et</strong></span> <span class='ocrx_word' id='word_1_426' title='bbox 3285 670 3336 723; x_wconf 91' lang='lat' dir='ltr'><strong>in</strong></span> <span class='ocrx_word' id='word_1_427' title='bbox 3371 671 3600 739; x_wconf 87' lang='lat' dir='ltr'><strong>quadam</strong></span> <span class='ocrx_word' id='word_1_428' title='bbox 3637 671 3978 725; x_wconf 81' lang='lat' dir='ltr'><strong>sacerdotum</strong></span> 
     </span>
    </p>
   </div>
   <div class='ocr_carea' id='block_1_64' title="bbox 2419 753 3977 831">
    <p class='ocr_par' dir='ltr' id='par_1_64' title="bbox 2419 753 3977 831">
     <span class='ocr_line' id='line_1_64' title="bbox 2419 753 3977 831; baseline -0.001 -16"><span class='ocrx_word' id='word_1_429' title='bbox 2419 762 2786 831; x_wconf 71' lang='lat' dir='ltr'><strong>ejusspccula</strong></span> <span class='ocrx_word' id='word_1_430' title='bbox 2824 761 3135 824; x_wconf 90' lang='lat' dir='ltr'><strong>constituti,</strong></span> <span class='ocrx_word' id='word_1_431' title='bbox 3163 753 3544 828; x_wconf 82' lang='lat' dir='ltr'><strong>prohibeamus</strong></span> <span class='ocrx_word' id='word_1_432' title='bbox 3583 762 3764 816; x_wconf 91' lang='lat' dir='ltr'><strong>illicita</strong></span> <span class='ocrx_word' id='word_1_433' title='bbox 3795 770 3851 815; x_wconf 85' lang='lat' dir='ltr'><strong>et</strong></span> <span class='ocrx_word' id='word_1_434' title='bbox 3894 778 3977 814; x_wconf 89' lang='lat' dir='ltr'><strong>se-</strong></span> 
     </span>
    </p>
   </div>
   <div class='ocr_carea' id='block_1_65' title="bbox 2421 849 3977 919">
    <p class='ocr_par' dir='ltr' id='par_1_65' title="bbox 2421 849 3977 919">
     <span class='ocr_line' id='line_1_65' title="bbox 2421 849 3977 919; baseline 0.001 -16"><span class='ocrx_word' id='word_1_435' title='bbox 2421 852 2632 919; x_wconf 86' lang='lat' dir='ltr'><strong>quenda</strong></span> <span class='ocrx_word' id='word_1_436' title='bbox 2656 850 2968 905; x_wconf 79' lang='lat' dir='ltr'><strong>doceamus.</strong></span> <span class='ocrx_word' id='word_1_437' title='bbox 3007 849 3061 902; x_wconf 90' lang='lat' dir='ltr'><strong>In</strong></span> <span class='ocrx_word' id='word_1_438' title='bbox 3088 859 3293 904; x_wconf 90' lang='lat' dir='ltr'><strong>tantum</strong></span> <span class='ocrx_word' id='word_1_439' title='bbox 3327 852 3471 905; x_wconf 91' lang='lat' dir='ltr'><strong>enim</strong></span> <span class='ocrx_word' id='word_1_440' title='bbox 3505 853 3556 904; x_wconf 91' lang='lat' dir='ltr'><strong>in</strong></span> <span class='ocrx_word' id='word_1_441' title='bbox 3589 853 3833 906; x_wconf 82' lang='lat' dir='ltr'><strong>Occiduis</strong></span> <span class='ocrx_word' id='word_1_442' title='bbox 3864 868 3977 919; x_wconf 87' lang='lat' dir='ltr'><strong>par-</strong></span> 
     </span>
    </p>
   </div>
   <div class='ocr_carea' id='block_1_66' title="bbox 2419 941 3975 1014">
    <p class='ocr_par' dir='ltr' id='par_1_66' title="bbox 2419 941 3975 1014">
     <span class='ocr_line' id='line_1_66' title="bbox 2419 941 3975 1014; baseline 0.001 -19"><span class='ocrx_word' id='word_1_443' title='bbox 2419 942 2564 1010; x_wconf 82' lang='lat' dir='ltr'><strong>tibus</strong></span> <span class='ocrx_word' id='word_1_444' title='bbox 2586 981 2599 1005; x_wconf 88' lang='lat'><strong>,</strong></span> <span class='ocrx_word' id='word_1_445' title='bbox 2638 942 2836 1010; x_wconf 87' lang='lat' dir='ltr'><strong>quibus</strong></span> <span class='ocrx_word' id='word_1_446' title='bbox 2862 942 3093 1014; x_wconf 87' lang='lat' dir='ltr'><strong>moraris</strong></span> <span class='ocrx_word' id='word_1_447' title='bbox 3114 984 3127 1006; x_wconf 95' lang='lat'><strong>,</strong></span> <span class='ocrx_word' id='word_1_448' title='bbox 3154 941 3455 995; x_wconf 80' lang='lat' dir='ltr'><strong>audivimus</strong></span> <span class='ocrx_word' id='word_1_449' title='bbox 3483 941 3736 996; x_wconf 83' lang='lat' dir='ltr'><strong>astutiam</strong></span> <span class='ocrx_word' id='word_1_450' title='bbox 3773 943 3975 996; x_wconf 86' lang='lat' dir='ltr'><strong>diaboli</strong></span> 
     </span>
    </p>
   </div>
   <div class='ocr_carea' id='block_1_67' title="bbox 2421 1027 4016 1103">
    <p class='ocr_par' dir='ltr' id='par_1_67' title="bbox 2421 1027 4016 1103">
     <span class='ocr_line' id='line_1_67' title="bbox 2421 1027 4016 1103; baseline -0.001 -16"><span class='ocrx_word' id='word_1_451' title='bbox 2421 1034 2609 1087; x_wconf 65' lang='lat' dir='ltr'><strong>saevire</strong></span> <span class='ocrx_word' id='word_1_452' title='bbox 2640 1034 2692 1086; x_wconf 90' lang='lat' dir='ltr'><strong>in</strong></span> <span class='ocrx_word' id='word_1_453' title='bbox 2721 1033 2972 1102; x_wconf 88' lang='lat' dir='ltr'><strong>populum</strong></span> <span class='ocrx_word' id='word_1_454' title='bbox 3001 1034 3047 1068; x_wconf 75' lang='grc'><strong>³⁸</strong></span> <span class='ocrx_word' id='word_1_455' title='bbox 3076 1031 3439 1087; x_wconf 85' lang='lat' dir='ltr'><strong>Christianum</strong></span> <span class='ocrx_word' id='word_1_456' title='bbox 3463 1076 3479 1100; x_wconf 92' lang='lat'><strong>,</strong></span> <span class='ocrx_word' id='word_1_457' title='bbox 3503 1046 3662 1102; x_wconf 88' lang='lat' dir='ltr'><strong>atque</strong></span> <span class='ocrx_word' id='word_1_458' title='bbox 3691 1027 3973 1103; x_wconf 70' lang='lat' dir='ltr'><strong>multiplici</strong></span> <span class='ocrx_word' id='word_1_459' title='bbox 4010 1080 4016 1084; x_wconf 89' lang='lat'><strong>.</strong></span> 
     </span>
    </p>
   </div>
   <div class='ocr_carea' id='block_1_68' title="bbox 2421 1125 3975 1192">
    <p class='ocr_par' dir='ltr' id='par_1_68' title="bbox 2421 1125 3975 1192">
     <span class='ocr_line' id='line_1_68' title="bbox 2421 1125 3975 1192; baseline 0.002 -15"><span class='ocrx_word' id='word_1_460' title='bbox 2421 1125 2732 1192; x_wconf 86' lang='lat' dir='ltr'><strong>deceptione</strong></span> <span class='ocrx_word' id='word_1_461' title='bbox 2763 1139 3107 1192; x_wconf 85' lang='lat' dir='ltr'><strong>prorumpere</strong></span> <span class='ocrx_word' id='word_1_462' title='bbox 3131 1164 3145 1186; x_wconf 93' lang='lat'><strong>,</strong></span> <span class='ocrx_word' id='word_1_463' title='bbox 3178 1133 3238 1178; x_wconf 90' lang='lat' dir='ltr'><strong>ut</strong></span> <span class='ocrx_word' id='word_1_464' title='bbox 3261 1140 3368 1178; x_wconf 91' lang='lat' dir='ltr'><strong>non</strong></span> <span class='ocrx_word' id='word_1_465' title='bbox 3396 1125 3567 1179; x_wconf 89' lang='lat' dir='ltr'><strong>solum</strong></span> <span class='ocrx_word' id='word_1_466' title='bbox 3599 1125 3764 1181; x_wconf 89' lang='lat' dir='ltr'><strong>laicos</strong></span> <span class='ocrx_word' id='word_1_467' title='bbox 3804 1142 3975 1180; x_wconf 58' lang='lat' dir='ltr'><strong>saeuo</strong></span> 
     </span>
    </p>
   </div>
   <div class='ocr_carea' id='block_1_69' title="bbox 2422 1213 3976 1285">
    <p class='ocr_par' dir='ltr' id='par_1_69' title="bbox 2422 1213 3976 1285">
     <span class='ocr_line' id='line_1_69' title="bbox 2422 1213 3976 1285; baseline 0.003 -20"><span class='ocrx_word' id='word_1_468' title='bbox 2422 1213 2561 1268; x_wconf 88' lang='lat' dir='ltr'><strong>lares</strong></span> <span class='ocrx_word' id='word_1_469' title='bbox 2585 1255 2598 1278; x_wconf 93' lang='lat'><strong>,</strong></span> <span class='ocrx_word' id='word_1_470' title='bbox 2623 1215 2712 1268; x_wconf 90' lang='lat' dir='ltr'><strong>sed</strong></span> <span class='ocrx_word' id='word_1_471' title='bbox 2749 1217 2893 1283; x_wconf 89' lang='lat' dir='ltr'><strong>ipsos</strong></span> <span class='ocrx_word' id='word_1_472' title='bbox 2925 1230 3141 1284; x_wconf 91' lang='lat' dir='ltr'><strong>quoque</strong></span> <span class='ocrx_word' id='word_1_473' title='bbox 3183 1213 3394 1268; x_wconf 91' lang='lat' dir='ltr'><strong>Domini</strong></span> <span class='ocrx_word' id='word_1_474' title='bbox 3440 1217 3742 1270; x_wconf 84' lang='lat' dir='ltr'><strong>sacerdotes</strong></span> <span class='ocrx_word' id='word_1_475' title='bbox 3768 1227 3976 1285; x_wconf 87' lang='lat' dir='ltr'><strong>premat</strong></span> 
     </span>
    </p>
   </div>
   <div class='ocr_carea' id='block_1_70' title="bbox 2421 1305 3976 1376">
    <p class='ocr_par' dir='ltr' id='par_1_70' title="bbox 2421 1305 3976 1376">
     <span class='ocr_line' id='line_1_70' title="bbox 2421 1305 3976 1376; baseline -0.001 -18"><span class='ocrx_word' id='word_1_476' title='bbox 2421 1314 2576 1375; x_wconf 84' lang='lat' dir='ltr'><strong>atque</strong></span> <span class='ocrx_word' id='word_1_477' title='bbox 2603 1315 2774 1359; x_wconf 75' lang='lat' dir='ltr'><strong>vexet.</strong></span> <span class='ocrx_word' id='word_1_478' title='bbox 2807 1305 2955 1360; x_wconf 89' lang='lat' dir='ltr'><strong>Unde</strong></span> <span class='ocrx_word' id='word_1_479' title='bbox 2979 1347 2993 1370; x_wconf 92' lang='lat'><strong>,</strong></span> <span class='ocrx_word' id='word_1_480' title='bbox 3025 1308 3078 1359; x_wconf 94' lang='lat' dir='ltr'><strong>in</strong></span> <span class='ocrx_word' id='word_1_481' title='bbox 3106 1307 3291 1376; x_wconf 78' lang='lat' dir='ltr'><strong>grandi</strong></span> <span class='ocrx_word' id='word_1_482' title='bbox 3321 1322 3550 1360; x_wconf 80' lang='lat' dir='ltr'><strong>maerore</strong></span> <span class='ocrx_word' id='word_1_483' title='bbox 3595 1308 3790 1376; x_wconf 88' lang='lat' dir='ltr'><strong>positi,</strong></span> <span class='ocrx_word' id='word_1_484' title='bbox 3815 1309 3976 1361; x_wconf 83' lang='lat' dir='ltr'><strong>dissi-</strong></span> 
     </span>
    </p>
   </div>
   <div class='ocr_carea' id='block_1_71' title="bbox 2420 1397 3974 1474">
    <p class='ocr_par' dir='ltr' id='par_1_71' title="bbox 2420 1397 3974 1474">
     <span class='ocr_line' id='line_1_71' title="bbox 2420 1397 3974 1474; baseline -0.001 -24"><span class='ocrx_word' id='word_1_485' title='bbox 2420 1397 2625 1453; x_wconf 86' lang='lat' dir='ltr'><strong>mulare</strong></span> <span class='ocrx_word' id='word_1_486' title='bbox 2659 1415 2766 1452; x_wconf 89' lang='lat' dir='ltr'><strong>non</strong></span> <span class='ocrx_word' id='word_1_487' title='bbox 2796 1415 3089 1466; x_wconf 90' lang='lat' dir='ltr'><strong>.possumus</strong></span> <span class='ocrx_word' id='word_1_488' title='bbox 3126 1397 3269 1474; x_wconf 86' lang='lat' dir='ltr'><strong>quod</strong></span> <span class='ocrx_word' id='word_1_489' title='bbox 3302 1399 3569 1465; x_wconf 82' lang='lat' dir='ltr'><strong>corrigere</strong></span> <span class='ocrx_word' id='word_1_490' title='bbox 3595 1400 3851 1453; x_wconf 83' lang='lat' dir='ltr'><strong>atrociter</strong></span> <span class='ocrx_word' id='word_1_491' title='bbox 3887 1399 3974 1451; x_wconf 85' lang='lat' dir='ltr'><strong>de-</strong></span> 
     </span>
    </p>
   </div>
   <div class='ocr_carea' id='block_1_72' title="bbox 2420 1489 3973 1561">
    <p class='ocr_par' dir='ltr' id='par_1_72' title="bbox 2420 1489 3973 1561">
     <span class='ocr_line' id='line_1_72' title="bbox 2420 1489 3973 1561; baseline -0.002 -18"><span class='ocrx_word' id='word_1_492' title='bbox 2420 1491 2626 1544; x_wconf 88' lang='lat' dir='ltr'><strong>bemus.</strong></span> <span class='ocrx_word' id='word_1_493' title='bbox 2665 1489 3001 1558; x_wconf 84' lang='lat' dir='ltr'><strong>Quapropter</strong></span> <span class='ocrx_word' id='word_1_494' title='bbox 3049 1493 3358 1557; x_wconf 86' lang='lat' dir='ltr'><strong>competens</strong></span> <span class='ocrx_word' id='word_1_495' title='bbox 3395 1489 3692 1542; x_wconf 84' lang='lat' dir='ltr'><strong>adhibenda</strong></span> <span class='ocrx_word' id='word_1_496' title='bbox 3731 1500 3819 1561; x_wconf 85' lang='lat' dir='ltr'><strong>est</strong></span> <span class='ocrx_word' id='word_1_497' title='bbox 3860 1491 3973 1542; x_wconf 88' lang='lat' dir='ltr'><strong>tali-</strong></span> 
     </span>
    </p>
   </div>
   <div class='ocr_carea' id='block_1_73' title="bbox 2420 1567 3972 1647">
    <p class='ocr_par' dir='ltr' id='par_1_73' title="bbox 2420 1567 3972 1647">
     <span class='ocr_line' id='line_1_73' title="bbox 2420 1567 3972 1647; baseline 0 -12"><span class='ocrx_word' id='word_1_498' title='bbox 2420 1583 2518 1636; x_wconf 92' lang='lat' dir='ltr'><strong>bus</strong></span> <span class='ocrx_word' id='word_1_499' title='bbox 2554 1585 2754 1636; x_wconf 85' lang='lat' dir='ltr'><strong>medela</strong></span> <span class='ocrx_word' id='word_1_500' title='bbox 2785 1585 3126 1647; x_wconf 87' lang='lat' dir='ltr'><strong>vulneribus,</strong></span> <span class='ocrx_word' id='word_1_501' title='bbox 3160 1567 3227 1637; x_wconf 85' lang='lat' dir='ltr'><strong>ne</strong></span> <span class='ocrx_word' id='word_1_502' title='bbox 3264 1584 3549 1636; x_wconf 89' lang='lat' dir='ltr'><strong>immatura</strong></span> <span class='ocrx_word' id='word_1_503' title='bbox 3591 1581 3819 1636; x_wconf 82' lang='lat' dir='ltr'><strong>curandi</strong></span> <span class='ocrx_word' id='word_1_504' title='bbox 3853 1580 3972 1636; x_wconf 78' lang='lat' dir='ltr'><strong>faci-</strong></span> 
     </span>
    </p>
   </div>
   <div class='ocr_carea' id='block_1_74' title="bbox 2419 1668 3970 1744">
    <p class='ocr_par' dir='ltr' id='par_1_74' title="bbox 2419 1668 3970 1744">
     <span class='ocr_line' id='line_1_74' title="bbox 2419 1668 3970 1744; baseline 0.001 -19"><span class='ocrx_word' id='word_1_505' title='bbox 2419 1673 2575 1733; x_wconf 84' lang='lat' dir='ltr'><strong>litas,</strong></span> <span class='ocrx_word' id='word_1_506' title='bbox 2626 1675 2900 1728; x_wconf 81' lang='lat' dir='ltr'><strong>mortifera</strong></span> <span class='ocrx_word' id='word_1_507' title='bbox 2953 1677 3143 1742; x_wconf 86' lang='lat' dir='ltr'><strong>capitis</strong></span> <span class='ocrx_word' id='word_1_508' title='bbox 3191 1685 3336 1744; x_wconf 86' lang='lat' dir='ltr'><strong>peste</strong></span> <span class='ocrx_word' id='word_1_509' title='bbox 3381 1668 3522 1730; x_wconf 47' lang='lat' dir='ltr'><strong>&#39;nihil</strong></span> <span class='ocrx_word' id='word_1_510' title='bbox 3571 1673 3846 1742; x_wconf 81' lang='lat' dir='ltr'><strong>possit&quot;,</strong></span> <span class='ocrx_word' id='word_1_511' title='bbox 3885 1675 3970 1731; x_wconf 82' lang='lat' dir='ltr'><strong>sed</strong></span> 
     </span>
    </p>
   </div>
   <div class='ocr_carea' id='block_1_75' title="bbox 2421 1767 3969 1837">
    <p class='ocr_par' dir='ltr' id='par_1_75' title="bbox 2421 1767 3969 1837">
     <span class='ocr_line' id='line_1_75' title="bbox 2421 1767 3969 1837; baseline 0 -19"><span class='ocrx_word' id='word_1_512' title='bbox 2421 1768 2638 1836; x_wconf 82' lang='lat' dir='ltr'><strong>segnius</strong></span> <span class='ocrx_word' id='word_1_513' title='bbox 2669 1775 2834 1819; x_wconf 88' lang='lat' dir='ltr'><strong>tracta</strong></span> <span class='ocrx_word' id='word_1_514' title='bbox 2866 1768 3129 1835; x_wconf 77' lang='lat' dir='ltr'><strong>pernicies</strong></span> <span class='ocrx_word' id='word_1_515' title='bbox 3150 1807 3164 1830; x_wconf 96' lang='lat'><strong>,</strong></span> <span class='ocrx_word' id='word_1_516' title='bbox 3209 1778 3356 1821; x_wconf 89' lang='lat' dir='ltr'><strong>reatu</strong></span> <span class='ocrx_word' id='word_1_517' title='bbox 3395 1783 3498 1821; x_wconf 92' lang='lat' dir='ltr'><strong>non</strong></span> <span class='ocrx_word' id='word_1_518' title='bbox 3536 1767 3787 1837; x_wconf 79' lang='lat' dir='ltr'><strong>legitinne</strong></span> <span class='ocrx_word' id='word_1_519' title='bbox 3813 1768 3969 1820; x_wconf 86' lang='lat' dir='ltr'><strong>cura-</strong></span> 
     </span>
    </p>
   </div>
   <div class='ocr_carea' id='block_1_76' title="bbox 2419 1857 3800 1927">
    <p class='ocr_par' dir='ltr' id='par_1_76' title="bbox 2419 1857 3800 1927">
     <span class='ocr_line' id='line_1_76' title="bbox 2419 1857 3800 1927; baseline 0 -17"><span class='ocrx_word' id='word_1_520' title='bbox 2419 1857 2610 1920; x_wconf 86' lang='lat' dir='ltr'><strong>tionis,</strong></span> <span class='ocrx_word' id='word_1_521' title='bbox 2640 1858 2870 1911; x_wconf 78' lang='lat' dir='ltr'><strong>involvat</strong></span> <span class='ocrx_word' id='word_1_522' title='bbox 2897 1860 3097 1927; x_wconf 86' lang='lat' dir='ltr'><strong>pariter</strong></span> <span class='ocrx_word' id='word_1_523' title='bbox 3124 1861 3395 1913; x_wconf 85' lang='lat' dir='ltr'><strong>sauciatos</strong></span> <span class='ocrx_word' id='word_1_524' title='bbox 3421 1869 3471 1912; x_wconf 92' lang='lat' dir='ltr'><strong>ct</strong></span> <span class='ocrx_word' id='word_1_525' title='bbox 3503 1859 3800 1912; x_wconf 88' lang='lat' dir='ltr'><strong>medentes.</strong></span> 
     </span>
    </p>
   </div>
   <div class='ocr_carea' id='block_1_77' title="bbox 2487 2021 3968 2103">
    <p class='ocr_par' dir='ltr' id='par_1_77' title="bbox 2487 2021 3968 2103">
     <span class='ocr_line' id='line_1_77' title="bbox 2487 2021 3968 2103; baseline 0.003 -19"><span class='ocrx_word' id='word_1_526' title='bbox 2487 2031 2524 2087; x_wconf 91' lang='lat' dir='ltr'><strong>I.</strong></span> <span class='ocrx_word' id='word_1_527' title='bbox 2547 2032 2624 2086; x_wconf 91' lang='lat' dir='ltr'><strong>0b</strong></span> <span class='ocrx_word' id='word_1_528' title='bbox 2644 2032 2694 2085; x_wconf 91' lang='lat' dir='ltr'><strong>id</strong></span> <span class='ocrx_word' id='word_1_529' title='bbox 2710 2048 2836 2103; x_wconf 81' lang='lat' dir='ltr'><strong>ergo</strong></span> <span class='ocrx_word' id='word_1_530' title='bbox 2861 2021 3153 2086; x_wconf 85' lang='lat' dir='ltr'><strong>statuentes</strong></span> <span class='ocrx_word' id='word_1_531' title='bbox 3172 2033 3512 2088; x_wconf 88' lang='lat' dir='ltr'><strong>decernimus</strong></span> <span class='ocrx_word' id='word_1_532' title='bbox 3530 2041 3589 2086; x_wconf 81' lang='grc' dir='ltr'><strong>ιιι</strong></span> <span class='ocrx_word' id='word_1_533' title='bbox 3604 2032 3728 2096; x_wconf 73' lang='lat' dir='ltr'><strong>hi“,</strong></span> <span class='ocrx_word' id='word_1_534' title='bbox 3748 2033 3846 2102; x_wconf 85' lang='lat' dir='ltr'><strong>qui</strong></span> <span class='ocrx_word' id='word_1_535' title='bbox 3867 2049 3968 2088; x_wconf 88' lang='lat' dir='ltr'><strong>non</strong></span> 
     </span>
    </p>
   </div>
   <div class='ocr_carea' id='block_1_78' title="bbox 2419 2112 3968 2195">
    <p class='ocr_par' dir='ltr' id='par_1_78' title="bbox 2419 2112 3968 2195">
     <span class='ocr_line' id='line_1_78' title="bbox 2419 2112 3968 2195; baseline 0 -12"><span class='ocrx_word' id='word_1_536' title='bbox 2419 2140 2544 2183; x_wconf 91' lang='lat' dir='ltr'><strong>sunt</strong></span> <span class='ocrx_word' id='word_1_537' title='bbox 2576 2129 2728 2182; x_wconf 77' lang='lat' dir='ltr'><strong>bonzc</strong></span> <span class='ocrx_word' id='word_1_538' title='bbox 2757 2128 3180 2182; x_wconf 77' lang='lat' dir='ltr'><strong>conversationis</strong></span> <span class='ocrx_word' id='word_1_539' title='bbox 3205 2167 3218 2190; x_wconf 96' lang='lat'><strong>,</strong></span> <span class='ocrx_word' id='word_1_540' title='bbox 3243 2136 3334 2180; x_wconf 90' lang='lat' dir='ltr'><strong>aut</strong></span> <span class='ocrx_word' id='word_1_541' title='bbox 3365 2112 3608 2195; x_wconf 87' lang='lat' dir='ltr'><strong>quorum</strong></span> <span class='ocrx_word' id='word_1_542' title='bbox 3628 2128 3736 2180; x_wconf 86' lang='lat' dir='ltr'><strong>vita</strong></span> <span class='ocrx_word' id='word_1_543' title='bbox 3768 2125 3854 2182; x_wconf 82' lang='lat' dir='ltr'><strong>est</strong></span> <span class='ocrx_word' id='word_1_544' title='bbox 3884 2144 3968 2183; x_wconf 86' lang='lat' dir='ltr'><strong>ac—</strong></span> 
     </span>
    </p>
   </div>
   <div class='ocr_carea' id='block_1_79' title="bbox 2419 2214 3967 2288">
    <p class='ocr_par' dir='ltr' id='par_1_79' title="bbox 2419 2214 3967 2288">
     <span class='ocr_line' id='line_1_79' title="bbox 2419 2214 3967 2288; baseline -0.001 -14"><span class='ocrx_word' id='word_1_545' title='bbox 2419 2221 2690 2284; x_wconf 89' lang='lat' dir='ltr'><strong>cusahilis,</strong></span> <span class='ocrx_word' id='word_1_546' title='bbox 2715 2229 2808 2272; x_wconf 89' lang='lat' dir='ltr'><strong>aut</strong></span> <span class='ocrx_word' id='word_1_547' title='bbox 2828 2214 3056 2288; x_wconf 82' lang='lat' dir='ltr'><strong>quorum</strong></span> <span class='ocrx_word' id='word_1_548' title='bbox 3083 2220 3235 2280; x_wconf 84' lang='lat' dir='ltr'><strong>ﬁdes,</strong></span> <span class='ocrx_word' id='word_1_549' title='bbox 3261 2219 3367 2271; x_wconf 83' lang='lat' dir='ltr'><strong>vita</strong></span> <span class='ocrx_word' id='word_1_550' title='bbox 3394 2226 3445 2275; x_wconf 86' lang='lat' dir='ltr'><strong>et</strong></span> <span class='ocrx_word' id='word_1_551' title='bbox 3466 2218 3689 2272; x_wconf 86' lang='lat' dir='ltr'><strong>libertas</strong></span> <span class='ocrx_word' id='word_1_552' title='bbox 3713 2219 3967 2286; x_wconf 79' lang='lat' dir='ltr'><strong>nescitur,</strong></span> 
     </span>
    </p>
   </div>
   <div class='ocr_carea' id='block_1_80' title="bbox 2419 2309 3969 2381">
    <p class='ocr_par' dir='ltr' id='par_1_80' title="bbox 2419 2309 3969 2381">
     <span class='ocr_line' id='line_1_80' title="bbox 2419 2309 3969 2381; baseline -0.002 -17"><span class='ocrx_word' id='word_1_553' title='bbox 2419 2327 2524 2364; x_wconf 91' lang='lat' dir='ltr'><strong>non</strong></span> <span class='ocrx_word' id='word_1_554' title='bbox 2553 2312 2759 2380; x_wconf 87' lang='lat' dir='ltr'><strong>possint</strong></span> <span class='ocrx_word' id='word_1_555' title='bbox 2798 2309 3007 2363; x_wconf 88' lang='lat' dir='ltr'><strong>Domini</strong></span> <span class='ocrx_word' id='word_1_556' title='bbox 3055 2311 3365 2371; x_wconf 80' lang='lat' dir='ltr'><strong>sacerdotes</strong></span> <span class='ocrx_word' id='word_1_557' title='bbox 3401 2323 3657 2362; x_wconf 87' lang='lat' dir='ltr'><strong>accusare</strong></span> <span class='ocrx_word' id='word_1_558' title='bbox 3684 2347 3697 2370; x_wconf 95' lang='lat'><strong>,</strong></span> <span class='ocrx_word' id='word_1_559' title='bbox 3741 2325 3811 2381; x_wconf 83' lang='lat' dir='ltr'><strong>ne</strong></span> <span class='ocrx_word' id='word_1_560' title='bbox 3843 2310 3969 2375; x_wconf 63' lang='lat' dir='ltr'><strong>vilis</strong></span> 
     </span>
    </p>
   </div>
   <div class='ocr_carea' id='block_1_81' title="bbox 2418 2398 3968 2470">
    <p class='ocr_par' dir='ltr' id='par_1_81' title="bbox 2418 2398 3968 2470">
     <span class='ocr_line' id='line_1_81' title="bbox 2418 2398 3968 2470; baseline -0.003 -15"><span class='ocrx_word' id='word_1_561' title='bbox 2418 2419 2656 2470; x_wconf 74' lang='lat' dir='ltr'><strong>persona:</strong></span> <span class='ocrx_word' id='word_1_562' title='bbox 2699 2403 2762 2455; x_wconf 92' lang='lat' dir='ltr'><strong>ad</strong></span> <span class='ocrx_word' id='word_1_563' title='bbox 2813 2402 3211 2456; x_wconf 86' lang='lat' dir='ltr'><strong>accusationem</strong></span> <span class='ocrx_word' id='word_1_564' title='bbox 3254 2416 3440 2468; x_wconf 84' lang='lat' dir='ltr'><strong>eorum</strong></span> <span class='ocrx_word' id='word_1_565' title='bbox 3485 2398 3858 2453; x_wconf 79' lang='lat' dir='ltr'><strong>admittuntur.</strong></span> <span class='ocrx_word' id='word_1_566' title='bbox 3893 2399 3968 2453; x_wconf 89' lang='lat' dir='ltr'><strong>Si-</strong></span> 
     </span>
    </p>
   </div>
   <div class='ocr_carea' id='block_1_82' title="bbox 2419 2491 3966 2565">
    <p class='ocr_par' dir='ltr' id='par_1_82' title="bbox 2419 2491 3966 2565">
     <span class='ocr_line' id='line_1_82' title="bbox 2419 2491 3966 2565; baseline -0.001 -20"><span class='ocrx_word' id='word_1_567' title='bbox 2419 2495 2615 2547; x_wconf 87' lang='lat' dir='ltr'><strong>militer</strong></span> <span class='ocrx_word' id='word_1_568' title='bbox 2637 2494 2722 2556; x_wconf 93' lang='lat' dir='ltr'><strong>hi,</strong></span> <span class='ocrx_word' id='word_1_569' title='bbox 2754 2493 2843 2561; x_wconf 88' lang='lat' dir='ltr'><strong>qui</strong></span> <span class='ocrx_word' id='word_1_570' title='bbox 2879 2494 2929 2544; x_wconf 93' lang='lat' dir='ltr'><strong>in</strong></span> <span class='ocrx_word' id='word_1_571' title='bbox 2944 2493 3221 2565; x_wconf 81' lang='lat' dir='ltr'><strong>aliquibus</strong></span> <span class='ocrx_word' id='word_1_572' title='bbox 3243 2491 3559 2556; x_wconf 80' lang='lat' dir='ltr'><strong>Criminibus</strong></span> <span class='ocrx_word' id='word_1_573' title='bbox 3591 2491 3785 2543; x_wconf 80' lang='lat' dir='ltr'><strong>irretiti</strong></span> <span class='ocrx_word' id='word_1_574' title='bbox 3825 2501 3966 2551; x_wconf 88' lang='lat' dir='ltr'><strong>sunt,</strong></span> 
     </span>
    </p>
   </div>
   <div class='ocr_carea' id='block_1_83' title="bbox 2419 2580 3970 2652">
    <p class='ocr_par' dir='ltr' id='par_1_83' title="bbox 2419 2580 3970 2652">
     <span class='ocr_line' id='line_1_83' title="bbox 2419 2580 3970 2652; baseline -0.001 -18"><span class='ocrx_word' id='word_1_575' title='bbox 2419 2588 2497 2638; x_wconf 91' lang='lat' dir='ltr'><strong>vel</strong></span> <span class='ocrx_word' id='word_1_576' title='bbox 2538 2585 2626 2652; x_wconf 90' lang='lat' dir='ltr'><strong>qui</strong></span> <span class='ocrx_word' id='word_1_577' title='bbox 2667 2594 2792 2637; x_wconf 90' lang='lat' dir='ltr'><strong>sunt</strong></span> <span class='ocrx_word' id='word_1_578' title='bbox 2828 2580 3110 2651; x_wconf 62' lang='lat' dir='ltr'><strong>suS‘picioSi</strong></span> <span class='ocrx_word' id='word_1_579' title='bbox 3135 2623 3147 2644; x_wconf 85' lang='lat'><strong>,</strong></span> <span class='ocrx_word' id='word_1_580' title='bbox 3192 2599 3375 2636; x_wconf 86' lang='lat' dir='ltr'><strong>vocem</strong></span> <span class='ocrx_word' id='word_1_581' title='bbox 3413 2585 3693 2635; x_wconf 87' lang='lat' dir='ltr'><strong>adversum</strong></span> <span class='ocrx_word' id='word_1_582' title='bbox 3738 2583 3970 2649; x_wconf 80' lang='lat' dir='ltr'><strong>majores</strong></span> 
     </span>
    </p>
   </div>
   <div class='ocr_carea' id='block_1_84' title="bbox 2421 2672 3968 2740">
    <p class='ocr_par' dir='ltr' id='par_1_84' title="bbox 2421 2672 3968 2740">
     <span class='ocr_line' id='line_1_84' title="bbox 2421 2672 3968 2740; baseline -0.004 -12"><span class='ocrx_word' id='word_1_583' title='bbox 2421 2687 2544 2728; x_wconf 90' lang='lat' dir='ltr'><strong>natu</strong></span> <span class='ocrx_word' id='word_1_584' title='bbox 2583 2691 2685 2727; x_wconf 84' lang='lat' dir='ltr'><strong>non</strong></span> <span class='ocrx_word' id='word_1_585' title='bbox 2727 2677 2960 2728; x_wconf 83' lang='lat' dir='ltr'><strong>habeant</strong></span> <span class='ocrx_word' id='word_1_586' title='bbox 2991 2674 3317 2734; x_wconf 84' lang='lat' dir='ltr'><strong>accusandi;</strong></span> <span class='ocrx_word' id='word_1_587' title='bbox 3361 2674 3488 2739; x_wconf 83' lang='lat' dir='ltr'><strong>quia</strong></span> <span class='ocrx_word' id='word_1_588' title='bbox 3529 2672 3836 2740; x_wconf 88' lang='lat' dir='ltr'><strong>suspiciosa</strong></span> <span class='ocrx_word' id='word_1_589' title='bbox 3873 2688 3968 2723; x_wconf 73' lang='lat' dir='ltr'><strong>vox</strong></span> 
     </span>
    </p>
   </div>
   <div class='ocr_carea' id='block_1_85' title="bbox 2419 2742 3962 2828">
    <p class='ocr_par' dir='ltr' id='par_1_85' title="bbox 2419 2742 3962 2828">
     <span class='ocr_line' id='line_1_85' title="bbox 2419 2742 3962 2828; baseline -0.006 -10"><span class='ocrx_word' id='word_1_590' title='bbox 2419 2775 2471 2817; x_wconf 90' lang='lat' dir='ltr'><strong>cl</strong></span> <span class='ocrx_word' id='word_1_591' title='bbox 2498 2765 2714 2818; x_wconf 89' lang='lat' dir='ltr'><strong>inimica</strong></span> <span class='ocrx_word' id='word_1_592' title='bbox 2737 2764 3012 2816; x_wconf 82' lang='lat' dir='ltr'><strong>veritatem</strong></span> <span class='ocrx_word' id='word_1_593' title='bbox 3038 2763 3176 2815; x_wconf 84' lang='lat' dir='ltr'><strong>solet</strong></span> <span class='ocrx_word' id='word_1_594' title='bbox 3204 2744 3525 2828; x_wconf 80' lang='lat' dir='ltr'><strong>Opprimerc.</strong></span> <span class='ocrx_word' id='word_1_595' title='bbox 3583 2816 3585 2818; x_wconf 56' lang='grc'><strong>,</strong></span> <span class='ocrx_word' id='word_1_596' title='bbox 3893 2803 3896 2805; x_wconf 96' lang='grc'><strong>.</strong></span> <span class='ocrx_word' id='word_1_597' title='bbox 3959 2742 3962 2750; x_wconf 31' lang='grc' dir='ltr'>λ</span> 
     </span>
    </p>
   </div>
   <div class='ocr_carea' id='block_1_86' title="bbox 2489 2911 3969 2987">
    <p class='ocr_par' dir='ltr' id='par_1_86' title="bbox 2489 2911 3969 2987">
     <span class='ocr_line' id='line_1_86' title="bbox 2489 2911 3969 2987; baseline -0.007 -14"><span class='ocrx_word' id='word_1_598' title='bbox 2489 2921 2548 2973; x_wconf 92' lang='grc' dir='ltr'><strong>ΙΙ.</strong></span> <span class='ocrx_word' id='word_1_599' title='bbox 2578 2919 2859 2987; x_wconf 81' lang='lat' dir='ltr'><strong>Peregrina</strong></span> <span class='ocrx_word' id='word_1_600' title='bbox 2890 2932 3016 2970; x_wconf 88' lang='lat' dir='ltr'><strong>vero</strong></span> <span class='ocrx_word' id='word_1_601' title='bbox 3043 2918 3081 2947; x_wconf 67' lang='grc' dir='ltr'><strong>ιε’</strong></span> <span class='ocrx_word' id='word_1_602' title='bbox 3101 2915 3323 2983; x_wconf 88' lang='lat' dir='ltr'><strong>judicia,</strong></span> <span class='ocrx_word' id='word_1_603' title='bbox 3343 2912 3488 2967; x_wconf 79' lang='lat' dir='ltr'><strong>salva</strong></span> <span class='ocrx_word' id='word_1_604' title='bbox 3509 2912 3560 2963; x_wconf 92' lang='lat' dir='ltr'><strong>in</strong></span> <span class='ocrx_word' id='word_1_605' title='bbox 3580 2911 3833 2964; x_wconf 89' lang='lat' dir='ltr'><strong>omnibus</strong></span> <span class='ocrx_word' id='word_1_606' title='bbox 3849 2925 3969 2978; x_wconf 84' lang='lat' dir='ltr'><strong>apo-</strong></span> 
     </span>
    </p>
   </div>
   <div class='ocr_carea' id='block_1_87' title="bbox 2419 2997 4028 3074">
    <p class='ocr_par' dir='ltr' id='par_1_87' title="bbox 2419 2997 4028 3074">
     <span class='ocr_line' id='line_1_87' title="bbox 2419 2997 4028 3074; baseline -0.009 -9"><span class='ocrx_word' id='word_1_607' title='bbox 2419 3013 2607 3065; x_wconf 89' lang='lat' dir='ltr'><strong>stolica</strong></span> <span class='ocrx_word' id='word_1_608' title='bbox 2649 2997 2984 3069; x_wconf 76' lang='lat' dir='ltr'><strong>auctoritate,</strong></span> <span class='ocrx_word' id='word_1_609' title='bbox 3016 3006 3247 3074; x_wconf 79' lang='lat' dir='ltr'><strong>generali</strong></span> <span class='ocrx_word' id='word_1_610' title='bbox 3278 3003 3554 3057; x_wconf 88' lang='lat' dir='ltr'><strong>sanctione</strong></span> <span class='ocrx_word' id='word_1_611' title='bbox 3583 3001 3964 3068; x_wconf 90' lang='lat' dir='ltr'><strong>prohibemus.</strong></span> <span class='ocrx_word' id='word_1_612' title='bbox 4026 3068 4028 3070; x_wconf 16' lang='grc' dir='ltr'><strong><em>ν</em></strong></span> 
     </span>
    </p>
   </div>
   <div class='ocr_carea' id='block_1_88' title="bbox 2366 3091 3966 3168">
    <p class='ocr_par' dir='ltr' id='par_1_88' title="bbox 2366 3091 3966 3168">
     <span class='ocr_line' id='line_1_88' title="bbox 2366 3091 3966 3168; baseline -0.009 -12"><span class='ocrx_word' id='word_1_613' title='bbox 2366 3119 2368 3122; x_wconf 80' lang='lat'>&#39;</span> <span class='ocrx_word' id='word_1_614' title='bbox 2418 3103 2540 3168; x_wconf 82' lang='lat' dir='ltr'><strong>quia</strong></span> <span class='ocrx_word' id='word_1_615' title='bbox 2590 3101 2864 3168; x_wconf 76' lang='lat' dir='ltr'><strong>indignum</strong></span> <span class='ocrx_word' id='word_1_616' title='bbox 2901 3099 3087 3152; x_wconf 63' lang='lat' dir='ltr'><strong>est-ab</strong></span> <span class='ocrx_word' id='word_1_617' title='bbox 3129 3095 3404 3153; x_wconf 73' lang='lat' dir='ltr'><strong>externis,</strong></span> <span class='ocrx_word' id='word_1_618' title='bbox 3455 3102 3510 3146; x_wconf 92' lang='lat' dir='ltr'><strong>ut</strong></span> <span class='ocrx_word' id='word_1_619' title='bbox 3553 3091 3844 3160; x_wconf 85' lang='lat' dir='ltr'><strong>judicctur,</strong></span> <span class='ocrx_word' id='word_1_620' title='bbox 3883 3092 3966 3158; x_wconf 88' lang='lat' dir='ltr'><strong>qui</strong></span> 
     </span>
    </p>
   </div>
   <div class='ocr_carea' id='block_1_89' title="bbox 2418 3183 3966 3258">
    <p class='ocr_par' dir='ltr' id='par_1_89' title="bbox 2418 3183 3966 3258">
     <span class='ocr_line' id='line_1_89' title="bbox 2418 3183 3966 3258; baseline -0.007 -16"><span class='ocrx_word' id='word_1_621' title='bbox 2418 3192 2772 3258; x_wconf 81' lang='lat' dir='ltr'><strong>provinciales</strong></span> <span class='ocrx_word' id='word_1_622' title='bbox 2807 3200 2859 3242; x_wconf 92' lang='lat' dir='ltr'><strong>et</strong></span> <span class='ocrx_word' id='word_1_623' title='bbox 2900 3206 2927 3242; x_wconf 91' lang='lat' dir='ltr'><strong>a</strong></span> <span class='ocrx_word' id='word_1_624' title='bbox 2972 3204 3027 3242; x_wconf 89' lang='lat' dir='ltr'><strong>se</strong></span> <span class='ocrx_word' id='word_1_625' title='bbox 3071 3189 3270 3241; x_wconf 79' lang='lat' dir='ltr'><strong>electos</strong></span> <span class='ocrx_word' id='word_1_626' title='bbox 3311 3187 3466 3239; x_wconf 83' lang='lat' dir='ltr'><strong>debet</strong></span> <span class='ocrx_word' id='word_1_627' title='bbox 3510 3183 3966 3250; x_wconf 73' lang='lat' dir='ltr'><strong>haberejudiCI-s,</strong></span> 
     </span>
    </p>
   </div>
   <div class='ocr_carea' id='block_1_90' title="bbox 2421 3275 3961 3348">
    <p class='ocr_par' dir='ltr' id='par_1_90' title="bbox 2421 3275 3961 3348">
     <span class='ocr_line' id='line_1_90' title="bbox 2421 3275 3961 3348; baseline -0.006 -15"><span class='ocrx_word' id='word_1_628' title='bbox 2421 3283 2522 3333; x_wconf 83' lang='lat' dir='ltr'><strong>nisi</strong></span> <span class='ocrx_word' id='word_1_629' title='bbox 2561 3283 2720 3333; x_wconf 80' lang='lat' dir='ltr'><strong>fuerit</strong></span> <span class='ocrx_word' id='word_1_630' title='bbox 2763 3281 3104 3348; x_wconf 86' lang='lat' dir='ltr'><strong>appellatum.</strong></span> <span class='ocrx_word' id='word_1_631' title='bbox 3154 3278 3301 3332; x_wconf 82' lang='lat' dir='ltr'><strong>Unde</strong></span> <span class='ocrx_word' id='word_1_632' title='bbox 3345 3285 3553 3346; x_wconf 89' lang='lat' dir='ltr'><strong>oportet</strong></span> <span class='ocrx_word' id='word_1_633' title='bbox 3585 3278 3651 3340; x_wconf 80' lang='grc' dir='ltr'><strong>³ο,</strong></span> <span class='ocrx_word' id='word_1_634' title='bbox 3685 3277 3728 3327; x_wconf 79' lang='lat' dir='ltr'><strong>si</strong></span> <span class='ocrx_word' id='word_1_635' title='bbox 3773 3275 3961 3342; x_wconf 62' lang='lat' dir='ltr'><strong>aliquis</strong></span> 
     </span>
    </p>
   </div>
   <div class='ocr_carea' id='block_1_91' title="bbox 2419 3367 3967 3440">
    <p class='ocr_par' dir='ltr' id='par_1_91' title="bbox 2419 3367 3967 3440">
     <span class='ocr_line' id='line_1_91' title="bbox 2419 3367 3967 3440; baseline -0.007 -15"><span class='ocrx_word' id='word_1_636' title='bbox 2419 3375 2790 3440; x_wconf 73' lang='lat' dir='ltr'><strong>episcoporum</strong></span> <span class='ocrx_word' id='word_1_637' title='bbox 2830 3387 2989 3438; x_wconf 87' lang='lat' dir='ltr'><strong>super</strong></span> <span class='ocrx_word' id='word_1_638' title='bbox 3022 3372 3178 3422; x_wconf 79' lang='lat' dir='ltr'><strong>certis</strong></span> <span class='ocrx_word' id='word_1_639' title='bbox 3214 3378 3496 3422; x_wconf 79' lang='lat' dir='ltr'><strong>accusetur</strong></span> <span class='ocrx_word' id='word_1_640' title='bbox 3531 3367 3886 3422; x_wconf 83' lang='lat' dir='ltr'><strong>criminibus,</strong></span> <span class='ocrx_word' id='word_1_641' title='bbox 3920 3378 3967 3415; x_wconf 80' lang='lat' dir='ltr'><strong>ut</strong></span> 
     </span>
    </p>
   </div>
   <div class='ocr_carea' id='block_1_92' title="bbox 2419 3448 3966 3529">
    <p class='ocr_par' dir='ltr' id='par_1_92' title="bbox 2419 3448 3966 3529">
     <span class='ocr_line' id='line_1_92' title="bbox 2419 3448 3966 3529; baseline -0.008 -11"><span class='ocrx_word' id='word_1_642' title='bbox 2419 3467 2487 3517; x_wconf 90' lang='lat' dir='ltr'><strong>ab</strong></span> <span class='ocrx_word' id='word_1_643' title='bbox 2517 3464 2768 3517; x_wconf 90' lang='lat' dir='ltr'><strong>omnibus</strong></span> <span class='ocrx_word' id='word_1_644' title='bbox 2797 3463 3045 3516; x_wconf 89' lang='lat' dir='ltr'><strong>audiatur</strong></span> <span class='ocrx_word' id='word_1_645' title='bbox 3074 3463 3162 3529; x_wconf 92' lang='lat' dir='ltr'><strong>qui</strong></span> <span class='ocrx_word' id='word_1_646' title='bbox 3199 3472 3323 3514; x_wconf 84' lang='lat' dir='ltr'><strong>sont</strong></span> <span class='ocrx_word' id='word_1_647' title='bbox 3367 3462 3420 3512; x_wconf 90' lang='lat' dir='ltr'><strong>in</strong></span> <span class='ocrx_word' id='word_1_648' title='bbox 3463 3460 3737 3527; x_wconf 78' lang='lat' dir='ltr'><strong>provincia</strong></span> <span class='ocrx_word' id='word_1_649' title='bbox 3765 3448 3966 3526; x_wconf 81' lang='lat' dir='ltr'><strong>episco-</strong></span> 
     </span>
    </p>
   </div>
   <div class='ocr_carea' id='block_1_93' title="bbox 2421 3550 3964 3624">
    <p class='ocr_par' dir='ltr' id='par_1_93' title="bbox 2421 3550 3964 3624">
     <span class='ocr_line' id='line_1_93' title="bbox 2421 3550 3964 3624; baseline -0.006 -17"><span class='ocrx_word' id='word_1_650' title='bbox 2421 3556 2524 3624; x_wconf 90' lang='lat' dir='ltr'><strong>pis,</strong></span> <span class='ocrx_word' id='word_1_651' title='bbox 2556 3555 2679 3624; x_wconf 88' lang='lat' dir='ltr'><strong>quia</strong></span> <span class='ocrx_word' id='word_1_652' title='bbox 2713 3570 2816 3606; x_wconf 92' lang='lat' dir='ltr'><strong>non</strong></span> <span class='ocrx_word' id='word_1_653' title='bbox 2863 3560 3072 3621; x_wconf 87' lang='lat' dir='ltr'><strong>oportet</strong></span> <span class='ocrx_word' id='word_1_654' title='bbox 3111 3561 3418 3605; x_wconf 86' lang='lat' dir='ltr'><strong>accusatum</strong></span> <span class='ocrx_word' id='word_1_655' title='bbox 3452 3550 3677 3612; x_wconf 89' lang='lat' dir='ltr'><strong>alicubi,</strong></span> <span class='ocrx_word' id='word_1_656' title='bbox 3714 3564 3877 3618; x_wconf 89' lang='lat' dir='ltr'><strong>quam</strong></span> <span class='ocrx_word' id='word_1_657' title='bbox 3919 3550 3964 3598; x_wconf 90' lang='lat' dir='ltr'><strong>in</strong></span> 
     </span>
    </p>
   </div>
   <div class='ocr_carea' id='block_1_94' title="bbox 2422 3645 3964 3713">
    <p class='ocr_par' dir='ltr' id='par_1_94' title="bbox 2422 3645 3964 3713">
     <span class='ocr_line' id='line_1_94' title="bbox 2422 3645 3964 3713; baseline -0.008 -10"><span class='ocrx_word' id='word_1_658' title='bbox 2422 3649 2537 3703; x_wconf 76' lang='lat' dir='ltr'><strong>foro</strong></span> <span class='ocrx_word' id='word_1_659' title='bbox 2576 3664 2711 3709; x_wconf 88' lang='lat' dir='ltr'><strong>suo,</strong></span> <span class='ocrx_word' id='word_1_660' title='bbox 2741 3648 2936 3700; x_wconf 87' lang='lat' dir='ltr'><strong>audiri.</strong></span> <span class='ocrx_word' id='word_1_661' title='bbox 2980 3647 3034 3698; x_wconf 89' lang='lat' dir='ltr'><strong>Si</strong></span> <span class='ocrx_word' id='word_1_662' title='bbox 3086 3645 3206 3713; x_wconf 89' lang='lat' dir='ltr'><strong>quis</strong></span> <span class='ocrx_word' id='word_1_663' title='bbox 3248 3659 3375 3696; x_wconf 84' lang='lat' dir='ltr'><strong>vero</strong></span> <span class='ocrx_word' id='word_1_664' title='bbox 3405 3645 3637 3713; x_wconf 83' lang='lat' dir='ltr'><strong>judicent</strong></span> <span class='ocrx_word' id='word_1_665' title='bbox 3685 3645 3834 3696; x_wconf 85' lang='lat' dir='ltr'><strong>adve:</strong></span> <span class='ocrx_word' id='word_1_666' title='bbox 3852 3658 3964 3697; x_wconf 86' lang='lat' dir='ltr'><strong>sum</strong></span> 
     </span>
    </p>
   </div>
   <div class='ocr_carea' id='block_1_95' title="bbox 2419 3725 3966 3806">
    <p class='ocr_par' dir='ltr' id='par_1_95' title="bbox 2419 3725 3966 3806">
     <span class='ocr_line' id='line_1_95' title="bbox 2419 3725 3966 3806; baseline -0.005 -13"><span class='ocrx_word' id='word_1_667' title='bbox 2419 3741 2516 3794; x_wconf 91' lang='lat' dir='ltr'><strong>sibi</strong></span> <span class='ocrx_word' id='word_1_668' title='bbox 2541 3741 2767 3793; x_wconf 87' lang='lat' dir='ltr'><strong>senserit</strong></span> <span class='ocrx_word' id='word_1_669' title='bbox 2799 3741 2862 3802; x_wconf 78' lang='lat'><strong>&quot;,</strong></span> <span class='ocrx_word' id='word_1_670' title='bbox 2897 3754 3077 3791; x_wconf 82' lang='lat' dir='ltr'><strong>vocem</strong></span> <span class='ocrx_word' id='word_1_671' title='bbox 3106 3725 3480 3806; x_wconf 80' lang='lat' dir='ltr'><strong>appellationis</strong></span> <span class='ocrx_word' id='word_1_672' title='bbox 3503 3735 3751 3789; x_wconf 85' lang='lat' dir='ltr'><strong>exhibeat</strong></span> <span class='ocrx_word' id='word_1_673' title='bbox 3778 3737 3840 3787; x_wconf 84' lang='lat'><strong>&quot;.</strong></span> <span class='ocrx_word' id='word_1_674' title='bbox 3868 3736 3966 3802; x_wconf 82' lang='lat' dir='ltr'><strong>Ap-</strong></span> 
     </span>
    </p>
   </div>
   <div class='ocr_carea' id='block_1_96' title="bbox 2419 3825 3967 3899">
    <p class='ocr_par' dir='ltr' id='par_1_96' title="bbox 2419 3825 3967 3899">
     <span class='ocr_line' id='line_1_96' title="bbox 2419 3825 3967 3899; baseline -0.006 -15"><span class='ocrx_word' id='word_1_675' title='bbox 2419 3832 2699 3899; x_wconf 89' lang='lat' dir='ltr'><strong>pellantcm</strong></span> <span class='ocrx_word' id='word_1_676' title='bbox 2746 3839 2921 3882; x_wconf 84' lang='lat' dir='ltr'><strong>autem</strong></span> <span class='ocrx_word' id='word_1_677' title='bbox 2958 3845 3062 3881; x_wconf 89' lang='lat' dir='ltr'><strong>non</strong></span> <span class='ocrx_word' id='word_1_678' title='bbox 3096 3829 3249 3882; x_wconf 85' lang='lat' dir='ltr'><strong>debet</strong></span> <span class='ocrx_word' id='word_1_679' title='bbox 3277 3828 3489 3880; x_wconf 88' lang='lat' dir='ltr'><strong>alllictio</strong></span> <span class='ocrx_word' id='word_1_680' title='bbox 3518 3826 3622 3879; x_wconf 92' lang='lat' dir='ltr'><strong>ulla</strong></span> <span class='ocrx_word' id='word_1_681' title='bbox 3661 3837 3753 3878; x_wconf 92' lang='lat' dir='ltr'><strong>aut</strong></span> <span class='ocrx_word' id='word_1_682' title='bbox 3790 3825 3967 3878; x_wconf 69' lang='lat' dir='ltr'><strong>deti-n-</strong></span> 
     </span>
    </p>
   </div>
   <div class='ocr_carea' id='block_1_97' title="bbox 2418 3916 3965 3988">
    <p class='ocr_par' dir='ltr' id='par_1_97' title="bbox 2418 3916 3965 3988">
     <span class='ocr_line' id='line_1_97' title="bbox 2418 3916 3965 3988; baseline -0.004 -15"><span class='ocrx_word' id='word_1_683' title='bbox 2418 3923 2580 3974; x_wconf 90' lang='lat' dir='ltr'><strong>tionis</strong></span> <span class='ocrx_word' id='word_1_684' title='bbox 2618 3922 2869 3988; x_wconf 87' lang='lat' dir='ltr'><strong>injuriare</strong></span> <span class='ocrx_word' id='word_1_685' title='bbox 2894 3916 3174 3983; x_wconf 79' lang='lat' dir='ltr'><strong>custodia;</strong></span> <span class='ocrx_word' id='word_1_686' title='bbox 3221 3919 3309 3972; x_wconf 89' lang='lat' dir='ltr'><strong>sed</strong></span> <span class='ocrx_word' id='word_1_687' title='bbox 3355 3917 3509 3970; x_wconf 87' lang='lat' dir='ltr'><strong>liccat</strong></span> <span class='ocrx_word' id='word_1_688' title='bbox 3551 3917 3865 3985; x_wconf 89' lang='lat' dir='ltr'><strong>appellatori</strong></span> <span class='ocrx_word' id='word_1_689' title='bbox 3899 3916 3965 3962; x_wconf 64' lang='lat' dir='ltr'><strong>Vi-</strong></span> 
     </span>
    </p>
   </div>
   <div class='ocr_carea' id='block_1_98' title="bbox 2419 4003 3964 4080">
    <p class='ocr_par' dir='ltr' id='par_1_98' title="bbox 2419 4003 3964 4080">
     <span class='ocr_line' id='line_1_98' title="bbox 2419 4003 3964 4080; baseline -0.006 -16"><span class='ocrx_word' id='word_1_690' title='bbox 2419 4012 2602 4064; x_wconf 87' lang='lat' dir='ltr'><strong>tiatam</strong></span> <span class='ocrx_word' id='word_1_691' title='bbox 2631 4028 2845 4065; x_wconf 88' lang='lat' dir='ltr'><strong>causam</strong></span> <span class='ocrx_word' id='word_1_692' title='bbox 2877 4010 3248 4080; x_wconf 87' lang='lat' dir='ltr'><strong>appellationis</strong></span> <span class='ocrx_word' id='word_1_693' title='bbox 3282 4009 3518 4061; x_wconf 86' lang='lat' dir='ltr'><strong>remedio</strong></span> <span class='ocrx_word' id='word_1_694' title='bbox 3545 4007 3847 4068; x_wconf 82' lang='lat' dir='ltr'><strong>sublevare.</strong></span> <span class='ocrx_word' id='word_1_695' title='bbox 3884 4003 3964 4055; x_wconf 81' lang='lat' dir='ltr'><strong>Li-</strong></span> 
     </span>
    </p>
   </div>
   <div class='ocr_carea' id='block_1_99' title="bbox 2419 4093 3966 4166">
    <p class='ocr_par' dir='ltr' id='par_1_99' title="bbox 2419 4093 3966 4166">
     <span class='ocr_line' id='line_1_99' title="bbox 2419 4093 3966 4166; baseline -0.008 -12"><span class='ocrx_word' id='word_1_696' title='bbox 2419 4112 2536 4154; x_wconf 90' lang='lat' dir='ltr'><strong>ceat</strong></span> <span class='ocrx_word' id='word_1_697' title='bbox 2582 4102 2742 4154; x_wconf 90' lang='lat' dir='ltr'><strong>etiam</strong></span> <span class='ocrx_word' id='word_1_698' title='bbox 2791 4103 2842 4154; x_wconf 91' lang='lat' dir='ltr'><strong>in</strong></span> <span class='ocrx_word' id='word_1_699' title='bbox 2887 4103 3066 4154; x_wconf 83' lang='lat' dir='ltr'><strong>causis</strong></span> <span class='ocrx_word' id='word_1_700' title='bbox 3114 4099 3484 4154; x_wconf 89' lang='lat' dir='ltr'><strong>criminalibus</strong></span> <span class='ocrx_word' id='word_1_701' title='bbox 3532 4097 3820 4166; x_wconf 79' lang='lat' dir='ltr'><strong>appellare.</strong></span> <span class='ocrx_word' id='word_1_702' title='bbox 3867 4093 3966 4144; x_wconf 70' lang='lat' dir='ltr'><strong>Nec</strong></span> 
     </span>
    </p>
   </div>
   <div class='ocr_carea' id='block_1_100' title="bbox 2417 4182 3963 4259">
    <p class='ocr_par' dir='ltr' id='par_1_100' title="bbox 2417 4182 3963 4259">
     <span class='ocr_line' id='line_1_100' title="bbox 2417 4182 3963 4259; baseline -0.012 -14"><span class='ocrx_word' id='word_1_703' title='bbox 2417 4207 2519 4245; x_wconf 78' lang='lat' dir='ltr'><strong>vox</strong></span> <span class='ocrx_word' id='word_1_704' title='bbox 2558 4192 2853 4259; x_wconf 85' lang='lat' dir='ltr'><strong>appellandi</strong></span> <span class='ocrx_word' id='word_1_705' title='bbox 2892 4190 3182 4257; x_wconf 81' lang='lat' dir='ltr'><strong>denegetur</strong></span> <span class='ocrx_word' id='word_1_706' title='bbox 3217 4188 3264 4242; x_wconf 90' lang='lat' dir='ltr'><strong>ei</strong></span> <span class='ocrx_word' id='word_1_707' title='bbox 3288 4228 3302 4252; x_wconf 91' lang='lat'><strong>,</strong></span> <span class='ocrx_word' id='word_1_708' title='bbox 3341 4202 3500 4256; x_wconf 91' lang='lat' dir='ltr'><strong>quem</strong></span> <span class='ocrx_word' id='word_1_709' title='bbox 3541 4182 3806 4252; x_wconf 85' lang='lat' dir='ltr'><strong>supplicio</strong></span> <span class='ocrx_word' id='word_1_710' title='bbox 3846 4195 3963 4233; x_wconf 86' lang='lat' dir='ltr'><strong>sen-</strong></span> 
     </span>
    </p>
   </div>
   <div class='ocr_carea' id='block_1_101' title="bbox 2420 4281 2916 4336">
    <p class='ocr_par' dir='ltr' id='par_1_101' title="bbox 2420 4281 2916 4336">
     <span class='ocr_line' id='line_1_101' title="bbox 2420 4281 2916 4336; baseline -0.006 -1"><span class='ocrx_word' id='word_1_711' title='bbox 2420 4283 2585 4336; x_wconf 81' lang='lat' dir='ltr'><strong>tentia</strong></span> <span class='ocrx_word' id='word_1_712' title='bbox 2613 4281 2916 4334; x_wconf 90' lang='lat' dir='ltr'><strong>destinarit.</strong></span> 
     </span>
    </p>
   </div>
   <div class='ocr_carea' id='block_1_102' title="bbox 2410 4423 3966 4500">
    <p class='ocr_par' dir='ltr' id='par_1_102' title="bbox 2410 4423 3966 4500">
     <span class='ocr_line' id='line_1_102' title="bbox 2410 4423 3966 4500; baseline -0.013 -6"><span class='ocrx_word' id='word_1_713' title='bbox 2410 4457 2411 4460; x_wconf 68' lang='lat'>‘</span> <span class='ocrx_word' id='word_1_714' title='bbox 2486 4441 2572 4493; x_wconf 84' lang='lat' dir='ltr'><strong>Ill.</strong></span> <span class='ocrx_word' id='word_1_715' title='bbox 2600 4441 2847 4493; x_wconf 83' lang='lat' dir='ltr'><strong>Pulsalus</strong></span> <span class='ocrx_word' id='word_1_716' title='bbox 2866 4443 2988 4488; x_wconf 86' lang='lat' dir='ltr'><strong>ante</strong></span> <span class='ocrx_word' id='word_1_717' title='bbox 3001 4447 3156 4485; x_wconf 89' lang='lat' dir='ltr'><strong>suum</strong></span> <span class='ocrx_word' id='word_1_718' title='bbox 3174 4430 3407 4500; x_wconf 69' lang='lat' dir='ltr'><strong>iudicem</strong></span> <span class='ocrx_word' id='word_1_719' title='bbox 3427 4424 3812 4483; x_wconf 76' lang='lat' dir='ltr'><strong>causam‘dicat</strong></span> <span class='ocrx_word' id='word_1_720' title='bbox 3830 4423 3895 4488; x_wconf 80' lang='grc'><strong>¹²;</strong></span> <span class='ocrx_word' id='word_1_721' title='bbox 3919 4433 3966 4474; x_wconf 79' lang='lat' dir='ltr'><strong>rt</strong></span> 
     </span>
    </p>
   </div>
   <div class='ocr_carea' id='block_1_103' title="bbox 2418 4517 3964 4596">
    <p class='ocr_par' dir='ltr' id='par_1_103' title="bbox 2418 4517 3964 4596">
     <span class='ocr_line' id='line_1_103' title="bbox 2418 4517 3964 4596; baseline -0.013 -9"><span class='ocrx_word' id='word_1_722' title='bbox 2418 4518 2541 4587; x_wconf 87' lang='lat' dir='ltr'><strong>ante</strong></span> <span class='ocrx_word' id='word_1_723' title='bbox 2570 4548 2677 4585; x_wconf 92' lang='lat' dir='ltr'><strong>non</strong></span> <span class='ocrx_word' id='word_1_724' title='bbox 2718 4543 2874 4596; x_wconf 86' lang='lat' dir='ltr'><strong>suum</strong></span> <span class='ocrx_word' id='word_1_725' title='bbox 2905 4526 3136 4593; x_wconf 84' lang='lat' dir='ltr'><strong>judiccm</strong></span> <span class='ocrx_word' id='word_1_726' title='bbox 3163 4562 3176 4585; x_wconf 91' lang='lat'><strong>,</strong></span> <span class='ocrx_word' id='word_1_727' title='bbox 3209 4523 3451 4589; x_wconf 81' lang='lat' dir='ltr'><strong>pulsatus</strong></span> <span class='ocrx_word' id='word_1_728' title='bbox 3476 4559 3489 4580; x_wconf 93' lang='lat'><strong>,</strong></span> <span class='ocrx_word' id='word_1_729' title='bbox 3523 4520 3568 4572; x_wconf 93' lang='lat' dir='ltr'><strong>si</strong></span> <span class='ocrx_word' id='word_1_730' title='bbox 3597 4517 3861 4580; x_wconf 82' lang='lat' dir='ltr'><strong>voluerit,</strong></span> <span class='ocrx_word' id='word_1_731' title='bbox 3895 4526 3964 4569; x_wconf 52' lang='lat' dir='ltr'><strong>ta.</strong></span> 
     </span>
    </p>
   </div>
   <div class='ocr_carea' id='block_1_104' title="bbox 2416 4607 3964 4687">
    <p class='ocr_par' dir='ltr' id='par_1_104' title="bbox 2416 4607 3964 4687">
     <span class='ocr_line' id='line_1_104' title="bbox 2416 4607 3964 4687; baseline -0.012 -10"><span class='ocrx_word' id='word_1_732' title='bbox 2416 4637 2533 4677; x_wconf 89' lang='lat' dir='ltr'><strong>ecat</strong></span> <span class='ocrx_word' id='word_1_733' title='bbox 2559 4641 2570 4686; x_wconf 92' lang='lat'><strong>;</strong></span> <span class='ocrx_word' id='word_1_734' title='bbox 2607 4631 2659 4674; x_wconf 89' lang='lat' dir='ltr'><strong>et</strong></span> <span class='ocrx_word' id='word_1_735' title='bbox 2693 4629 2753 4673; x_wconf 91' lang='lat' dir='ltr'><strong>ut</strong></span> <span class='ocrx_word' id='word_1_736' title='bbox 2773 4617 3018 4687; x_wconf 85' lang='lat' dir='ltr'><strong>pulsatis,</strong></span> <span class='ocrx_word' id='word_1_737' title='bbox 3057 4614 3272 4684; x_wconf 86' lang='lat' dir='ltr'><strong>quoties</strong></span> <span class='ocrx_word' id='word_1_738' title='bbox 3296 4608 3712 4680; x_wconf 80' lang='lat' dir='ltr'><strong>appellaverint,</strong></span> <span class='ocrx_word' id='word_1_739' title='bbox 3741 4607 3964 4662; x_wconf 77' lang='lat' dir='ltr'><strong>inducia:</strong></span> 
     </span>
    </p>
   </div>
   <div class='ocr_carea' id='block_1_105' title="bbox 2419 4711 2710 4768">
    <p class='ocr_par' dir='ltr' id='par_1_105' title="bbox 2419 4711 2710 4768">
     <span class='ocr_line' id='line_1_105' title="bbox 2419 4711 2710 4768; baseline -0.024 0"><span class='ocrx_word' id='word_1_740' title='bbox 2419 4717 2613 4768; x_wconf 85' lang='lat' dir='ltr'><strong>dentur</strong></span> <span class='ocrx_word' id='word_1_741' title='bbox 2647 4711 2710 4761; x_wconf 74' lang='lat' dir='ltr'><strong>I&quot;.</strong></span> 
     </span>
    </p>
   </div>
   <div class='ocr_carea' id='block_1_106' title="bbox 2494 4855 4026 4936">
    <p class='ocr_par' dir='ltr' id='par_1_106' title="bbox 2494 4855 4026 4936">
     <span class='ocr_line' id='line_1_106' title="bbox 2494 4855 4026 4936; baseline -0.011 -16"><span class='ocrx_word' id='word_1_742' title='bbox 2494 4868 2582 4920; x_wconf 82' lang='lat' dir='ltr'><strong>1V.</strong></span> <span class='ocrx_word' id='word_1_743' title='bbox 2604 4868 2660 4921; x_wconf 89' lang='lat' dir='ltr'><strong>Si</strong></span> <span class='ocrx_word' id='word_1_744' title='bbox 2692 4867 2814 4936; x_wconf 92' lang='lat' dir='ltr'><strong>quis</strong></span> <span class='ocrx_word' id='word_1_745' title='bbox 2835 4881 2960 4935; x_wconf 73' lang='lat' dir='ltr'><strong>ergo</strong></span> <span class='ocrx_word' id='word_1_746' title='bbox 2984 4866 3153 4918; x_wconf 89' lang='lat' dir='ltr'><strong>iratus</strong></span> <span class='ocrx_word' id='word_1_747' title='bbox 3172 4862 3375 4916; x_wconf 89' lang='lat' dir='ltr'><strong>crimen</strong></span> <span class='ocrx_word' id='word_1_748' title='bbox 3406 4855 3622 4924; x_wconf 89' lang='lat' dir='ltr'><strong>aliquod</strong></span> <span class='ocrx_word' id='word_1_749' title='bbox 3644 4855 3862 4908; x_wconf 90' lang='lat' dir='ltr'><strong>cuilibet</strong></span> <span class='ocrx_word' id='word_1_750' title='bbox 3893 4862 3962 4905; x_wconf 52' lang='lat' dir='ltr'><strong>tea</strong></span> <span class='ocrx_word' id='word_1_751' title='bbox 4023 4895 4026 4903; x_wconf 43' lang='grc' dir='ltr'><strong><em>λ</em></strong></span> 
     </span>
    </p>
   </div>
   <div class='ocr_carea' id='block_1_107' title="bbox 2420 4954 3962 5027">
    <p class='ocr_par' dir='ltr' id='par_1_107' title="bbox 2420 4954 3962 5027">
     <span class='ocr_line' id='line_1_107' title="bbox 2420 4954 3962 5027; baseline -0.013 -13"><span class='ocrx_word' id='word_1_752' title='bbox 2420 4977 2567 5015; x_wconf 90' lang='lat' dir='ltr'><strong>mere</strong></span> <span class='ocrx_word' id='word_1_753' title='bbox 2607 4959 2947 5027; x_wconf 64' lang='lat' dir='ltr'><strong>objecerit&quot;,</strong></span> <span class='ocrx_word' id='word_1_754' title='bbox 2985 4954 3288 5009; x_wconf 82' lang='lat' dir='ltr'><strong>convicium</strong></span> <span class='ocrx_word' id='word_1_755' title='bbox 3334 4964 3440 5002; x_wconf 89' lang='lat' dir='ltr'><strong>non</strong></span> <span class='ocrx_word' id='word_1_756' title='bbox 3484 4959 3564 5004; x_wconf 87' lang='lat' dir='ltr'><strong>est</strong></span> <span class='ocrx_word' id='word_1_757' title='bbox 3610 4962 3707 5015; x_wconf 93' lang='lat' dir='ltr'><strong>pro</strong></span> <span class='ocrx_word' id='word_1_758' title='bbox 3748 4958 3962 4999; x_wconf 86' lang='lat' dir='ltr'><strong>accusa-</strong></span> 
     </span>
    </p>
   </div>
   <div class='ocr_carea' id='block_1_108' title="bbox 2421 5031 3958 5112">
    <p class='ocr_par' dir='ltr' id='par_1_108' title="bbox 2421 5031 3958 5112">
     <span class='ocr_line' id='line_1_108' title="bbox 2421 5031 3958 5112; baseline -0.016 -8"><span class='ocrx_word' id='word_1_759' title='bbox 2421 5053 2566 5104; x_wconf 89' lang='lat' dir='ltr'><strong>tione</strong></span> <span class='ocrx_word' id='word_1_760' title='bbox 2588 5049 2887 5102; x_wconf 88' lang='lat' dir='ltr'><strong>habcndum</strong></span> <span class='ocrx_word' id='word_1_761' title='bbox 2916 5067 2931 5112; x_wconf 84' lang='lat'><strong>;</strong></span> <span class='ocrx_word' id='word_1_762' title='bbox 2961 5047 3082 5107; x_wconf 86' lang='lat' dir='ltr'><strong>sed,</strong></span> <span class='ocrx_word' id='word_1_763' title='bbox 3113 5043 3375 5111; x_wconf 86' lang='lat' dir='ltr'><strong>permisso</strong></span> <span class='ocrx_word' id='word_1_764' title='bbox 3403 5038 3660 5091; x_wconf 80' lang='lat' dir='ltr'><strong>tractandi</strong></span> <span class='ocrx_word' id='word_1_765' title='bbox 3688 5036 3889 5104; x_wconf 89' lang='lat' dir='ltr'><strong>spatio,</strong></span> <span class='ocrx_word' id='word_1_766' title='bbox 3913 5031 3958 5083; x_wconf 87' lang='lat' dir='ltr'><strong>id</strong></span> 
     </span>
    </p>
   </div>
   <div class='ocr_carea' id='block_1_109' title="bbox 2423 5129 3955 5209">
    <p class='ocr_par' dir='ltr' id='par_1_109' title="bbox 2423 5129 3955 5209">
     <span class='ocr_line' id='line_1_109' title="bbox 2423 5129 3955 5209; baseline -0.011 -18"><span class='ocrx_word' id='word_1_767' title='bbox 2423 5139 2566 5209; x_wconf 91' lang='lat' dir='ltr'><strong>quod</strong></span> <span class='ocrx_word' id='word_1_768' title='bbox 2604 5141 2771 5193; x_wconf 89' lang='lat' dir='ltr'><strong>iratus</strong></span> <span class='ocrx_word' id='word_1_769' title='bbox 2792 5139 2928 5191; x_wconf 76' lang='lat' dir='ltr'><strong>dixit</strong></span> <span class='ocrx_word' id='word_1_770' title='bbox 2958 5138 3024 5196; x_wconf 75' lang='grc'><strong>⁸⁸,</strong></span> <span class='ocrx_word' id='word_1_771' title='bbox 3052 5133 3488 5203; x_wconf 73' lang='lat' dir='ltr'><strong>perscripturum</strong></span> <span class='ocrx_word' id='word_1_772' title='bbox 3527 5145 3584 5183; x_wconf 87' lang='lat' dir='ltr'><strong>se</strong></span> <span class='ocrx_word' id='word_1_773' title='bbox 3613 5129 3955 5197; x_wconf 86' lang='lat' dir='ltr'><strong>probaturqu</strong></span> 
     </span>
    </p>
   </div>
   <div class='ocr_carea' id='block_1_110' title="bbox 2425 5221 3959 5292">
    <p class='ocr_par' dir='ltr' id='par_1_110' title="bbox 2425 5221 3959 5292">
     <span class='ocr_line' id='line_1_110' title="bbox 2425 5221 3959 5292; baseline -0.012 -8"><span class='ocrx_word' id='word_1_774' title='bbox 2425 5246 2543 5284; x_wconf 89' lang='lat' dir='ltr'><strong>esse</strong></span> <span class='ocrx_word' id='word_1_775' title='bbox 2573 5231 2799 5284; x_wconf 86' lang='lat' dir='ltr'><strong>fateatur</strong></span> <span class='ocrx_word' id='word_1_776' title='bbox 2824 5246 2838 5292; x_wconf 87' lang='lat'><strong>;</strong></span> <span class='ocrx_word' id='word_1_777' title='bbox 2870 5236 2962 5288; x_wconf 94' lang='lat' dir='ltr'><strong>ut,</strong></span> <span class='ocrx_word' id='word_1_778' title='bbox 2991 5225 3035 5278; x_wconf 88' lang='lat' dir='ltr'><strong>si</strong></span> <span class='ocrx_word' id='word_1_779' title='bbox 3067 5221 3290 5276; x_wconf 81' lang='lat' dir='ltr'><strong>fortasse</strong></span> <span class='ocrx_word' id='word_1_780' title='bbox 3319 5223 3641 5290; x_wconf 79' lang='lat' dir='ltr'><strong>resipiscens</strong></span> <span class='ocrx_word' id='word_1_781' title='bbox 3663 5260 3677 5281; x_wconf 88' lang='lat'><strong>,</strong></span> <span class='ocrx_word' id='word_1_782' title='bbox 3711 5232 3830 5286; x_wconf 81' lang='lat' dir='ltr'><strong>qua:</strong></span> <span class='ocrx_word' id='word_1_783' title='bbox 3859 5229 3959 5284; x_wconf 71' lang='lat' dir='ltr'><strong>pne</strong></span> 
     </span>
    </p>
   </div>
   <div class='ocr_carea' id='block_1_111' title="bbox 3539 5393 3953 5459">
    <p class='ocr_par' dir='ltr' id='par_1_111' title="bbox 3539 5393 3953 5459">
     <span class='ocr_line' id='line_1_111' title="bbox 3539 5393 3953 5459; baseline 0.012 -13"><span class='ocrx_word' id='word_1_784' title='bbox 3539 5399 3580 5428; x_wconf 70' lang='grc' dir='ltr'><strong><em>ὀ</em></strong></span> <span class='ocrx_word' id='word_1_785' title='bbox 3623 5394 3681 5446; x_wconf 93' lang='lat' dir='ltr'><strong>S.</strong></span> <span class='ocrx_word' id='word_1_786' title='bbox 3715 5393 3953 5459; x_wconf 54' lang='lat' dir='ltr'><strong>Gregoru</strong></span> 
     </span>
    </p>
   </div>
   <div class='ocr_carea' id='block_1_112' title="bbox 783 5461 3951 5582">
    <p class='ocr_par' dir='ltr' id='par_1_112' title="bbox 783 5461 3951 5582">
     <span class='ocr_line' id='line_1_112' title="bbox 783 5461 3951 5582; baseline -0.01 -38"><span class='ocrx_word' id='word_1_787' title='bbox 783 5490 927 5544; x_wconf 80' lang='lat' dir='ltr'><strong>Past.</strong></span> <span class='ocrx_word' id='word_1_788' title='bbox 950 5506 1092 5554; x_wconf 88' lang='lat' dir='ltr'><strong>|||,C.</strong></span> <span class='ocrx_word' id='word_1_789' title='bbox 1127 5491 1177 5540; x_wconf 72' lang='lat' dir='ltr'><strong>ii.</strong></span> <span class='ocrx_word' id='word_1_790' title='bbox 1257 5490 1294 5520; x_wconf 83' lang='lat'>“</span> <span class='ocrx_word' id='word_1_791' title='bbox 1327 5488 1479 5541; x_wconf 61' lang='lat' dir='ltr'><strong>liom‘.</strong></span> <span class='ocrx_word' id='word_1_792' title='bbox 1516 5461 1635 5548; x_wconf 69' lang='lat' dir='ltr'><strong>xiii,</strong></span> <span class='ocrx_word' id='word_1_793' title='bbox 1670 5491 1722 5540; x_wconf 73' lang='lat'><strong>2.</strong></span> <span class='ocrx_word' id='word_1_794' title='bbox 1803 5490 1842 5519; x_wconf 79' lang='lat'>&quot;</span> <span class='ocrx_word' id='word_1_795' title='bbox 1878 5489 1960 5539; x_wconf 84' lang='grc'><strong>11.</strong></span> <span class='ocrx_word' id='word_1_796' title='bbox 1989 5504 2043 5554; x_wconf 89' lang='lat' dir='ltr'><strong>q.</strong></span> <span class='ocrx_word' id='word_1_797' title='bbox 2069 5461 2144 5538; x_wconf 54' lang='grc' dir='ltr'><strong>διε</strong></span> <span class='ocrx_word' id='word_1_798' title='bbox 2177 5485 2277 5549; x_wconf 89' lang='lat' dir='ltr'><strong>Qui</strong></span> <span class='ocrx_word' id='word_1_799' title='bbox 2306 5482 2761 5548; x_wconf 72' lang='lat' dir='ltr'><strong>omnipotentem.</strong></span> <span class='ocrx_word' id='word_1_800' title='bbox 2794 5461 2865 5503; x_wconf 75' lang='grc'><strong>’⁸³</strong></span> <span class='ocrx_word' id='word_1_801' title='bbox 2892 5471 3363 5530; x_wconf 73' lang='grc' dir='ltr'><strong>Εεριί.γιι.51-56.</strong></span> <span class='ocrx_word' id='word_1_802' title='bbox 3443 5471 3485 5499; x_wconf 71' lang='grc' dir='ltr'>’δ</span> <span class='ocrx_word' id='word_1_803' title='bbox 3503 5469 3687 5518; x_wconf 88' lang='lat' dir='ltr'><strong>Innoc.</strong></span> <span class='ocrx_word' id='word_1_804' title='bbox 3721 5461 3762 5543; x_wconf 77' lang='lat' dir='ltr'><strong>I_.</strong></span> <span class='ocrx_word' id='word_1_805' title='bbox 3797 5478 3878 5582; x_wconf 68' lang='lat' dir='ltr'><strong>ep.</strong></span> <span class='ocrx_word' id='word_1_806' title='bbox 3902 5465 3951 5521; x_wconf 71' lang='grc'><strong>2,</strong></span> 
     </span>
     <span class='ocr_line' id='line_1_113' title="bbox 789 5528 3945 5582; baseline 0 0"><span class='ocrx_word' id='word_1_807' title='bbox 789 5578 811 5582; x_wconf 81' lang='lat'>_</span> <span class='ocrx_word' id='word_1_808' title='bbox 872 5561 930 5582; x_wconf 77' lang='grc' dir='ltr'><strong>ιιι</strong></span> <span class='ocrx_word' id='word_1_809' title='bbox 1029 5561 1070 5582; x_wconf 69' lang='grc' dir='ltr'><strong>εει</strong></span> <span class='ocrx_word' id='word_1_810' title='bbox 1111 5558 1337 5582; x_wconf 77' lang='lat' dir='ltr'><strong>uzi.._:....</strong></span> <span class='ocrx_word' id='word_1_811' title='bbox 1371 5571 1499 5582; x_wconf 74' lang='lat'><strong>........</strong></span> <span class='ocrx_word' id='word_1_812' title='bbox 1529 5560 1559 5582; x_wconf 67' lang='grc' dir='ltr'>α</span> <span class='ocrx_word' id='word_1_813' title='bbox 1621 5559 1637 5582; x_wconf 80' lang='grc' dir='ltr'><em>ι</em></span> <span class='ocrx_word' id='word_1_814' title='bbox 1664 5559 1809 5582; x_wconf 47' lang='lat' dir='ltr'><strong>Ama-</strong></span> <span class='ocrx_word' id='word_1_815' title='bbox 1848 5570 2126 5582; x_wconf 55' lang='lat' dir='ltr'><strong>mnuum“...</strong></span> <span class='ocrx_word' id='word_1_816' title='bbox 2185 5570 2247 5582; x_wconf 59' lang='grc' dir='ltr'><strong>..η</strong></span> <span class='ocrx_word' id='word_1_817' title='bbox 2304 5553 2335 5582; x_wconf 83' lang='lat'><strong>&quot;&#39;.</strong></span> <span class='ocrx_word' id='word_1_818' title='bbox 2434 5550 2474 5578; x_wconf 71' lang='lat' dir='ltr'><strong>td</strong></span> <span class='ocrx_word' id='word_1_819' title='bbox 2515 5548 2654 5582; x_wconf 64' lang='grc' dir='ltr'><strong>Ιὲιιιίν</strong></span> <span class='ocrx_word' id='word_1_820' title='bbox 2687 5545 2749 5582; x_wconf 87' lang='lat' dir='ltr'><strong>III</strong></span> <span class='ocrx_word' id='word_1_821' title='bbox 2799 5558 2863 5582; x_wconf 77' lang='lat' dir='ltr'><strong>nn</strong></span> <span class='ocrx_word' id='word_1_822' title='bbox 2900 5541 2952 5582; x_wconf 59' lang='lat'><strong>&#39;7,</strong></span> <span class='ocrx_word' id='word_1_823' title='bbox 3032 5542 3071 5571; x_wconf 83' lang='grc'><strong>¹⁷</strong></span> <span class='ocrx_word' id='word_1_824' title='bbox 3095 5541 3262 5582; x_wconf 65' lang='lat' dir='ltr'><strong>nanti:</strong></span> <span class='ocrx_word' id='word_1_825' title='bbox 3297 5548 3442 5582; x_wconf 56' lang='lat' dir='ltr'><strong>nemo.</strong></span> <span class='ocrx_word' id='word_1_826' title='bbox 3476 5549 3579 5582; x_wconf 87' lang='lat' dir='ltr'><strong>non</strong></span> <span class='ocrx_word' id='word_1_827' title='bbox 3613 5543 3799 5582; x_wconf 80' lang='lat' dir='ltr'><strong>Dl‘tlSIl.</strong></span> <span class='ocrx_word' id='word_1_828' title='bbox 3847 5528 3945 5582; x_wconf 65' lang='lat' dir='ltr'><strong>Iil‘t‘.</strong></span> 
     </span>
    </p>
   </div>
   <div class='ocr_carea' id='block_1_113' title="bbox 782 5558 2355 5623">
    <p class='ocr_par' dir='ltr' id='par_1_113' title="bbox 782 5558 2355 5623">
     <span class='ocr_line' id='line_1_114' title="bbox 782 5558 2355 5623; baseline -0.006 -10"><span class='ocrx_word' id='word_1_829' title='bbox 782 5578 833 5613; x_wconf 91' lang='lat' dir='ltr'><strong>c.</strong></span> <span class='ocrx_word' id='word_1_830' title='bbox 870 5561 952 5612; x_wconf 76' lang='grc'><strong>15.</strong></span> <span class='ocrx_word' id='word_1_831' title='bbox 1029 5561 1070 5589; x_wconf 86' lang='grc'><strong>¹⁵</strong></span> <span class='ocrx_word' id='word_1_832' title='bbox 1110 5558 1340 5610; x_wconf 86' lang='lat' dir='ltr'><strong>Hilarius</strong></span> <span class='ocrx_word' id='word_1_833' title='bbox 1371 5571 1502 5623; x_wconf 87' lang='lat' dir='ltr'><strong>papa</strong></span> <span class='ocrx_word' id='word_1_834' title='bbox 1529 5560 1585 5611; x_wconf 86' lang='lat' dir='ltr'><strong>S.</strong></span> <span class='ocrx_word' id='word_1_835' title='bbox 1619 5559 1811 5610; x_wconf 87' lang='lat' dir='ltr'><strong>Leonis</strong></span> <span class='ocrx_word' id='word_1_836' title='bbox 1847 5570 2147 5617; x_wconf 87' lang='lat' dir='ltr'><strong>successor,</strong></span> <span class='ocrx_word' id='word_1_837' title='bbox 2184 5570 2267 5620; x_wconf 80' lang='lat' dir='ltr'><strong>ep.</strong></span> <span class='ocrx_word' id='word_1_838' title='bbox 2304 5558 2355 5623; x_wconf 58' lang='lat'><strong>5.</strong></span> 
     </span>
    </p>
   </div>
   <div class='ocr_carea' id='block_1_114' title="bbox 785 5617 3145 5738">
    <p class='ocr_par' dir='ltr' id='par_1_114' title="bbox 785 5617 3145 5738">
     <span class='ocr_line' id='line_1_115' title="bbox 785 5617 3145 5691; baseline -0.008 -10"><span class='ocrx_word' id='word_1_839' title='bbox 785 5631 848 5681; x_wconf 80' lang='lat' dir='ltr'><strong>ad</strong></span> <span class='ocrx_word' id='word_1_840' title='bbox 887 5631 1039 5679; x_wconf 86' lang='lat' dir='ltr'><strong>linem</strong></span> <span class='ocrx_word' id='word_1_841' title='bbox 1083 5645 1252 5687; x_wconf 83' lang='lat' dir='ltr'><strong>usque</strong></span> <span class='ocrx_word' id='word_1_842' title='bbox 1288 5617 1520 5691; x_wconf 44' lang='lat' dir='ltr'><strong>epiistolue</strong></span> <span class='ocrx_word' id='word_1_843' title='bbox 1564 5629 1826 5679; x_wconf 82' lang='lat' dir='ltr'><strong>habentur</strong></span> <span class='ocrx_word' id='word_1_844' title='bbox 1859 5626 2016 5675; x_wconf 89' lang='lat' dir='ltr'><strong>etiam</strong></span> <span class='ocrx_word' id='word_1_845' title='bbox 2061 5626 2112 5674; x_wconf 89' lang='lat' dir='ltr'><strong>in</strong></span> <span class='ocrx_word' id='word_1_846' title='bbox 2145 5617 2287 5675; x_wconf 84' lang='lat' dir='ltr'><strong>decr.</strong></span> <span class='ocrx_word' id='word_1_847' title='bbox 2329 5619 2461 5671; x_wconf 57' lang='lat' dir='ltr'><strong>Sitti</strong></span> <span class='ocrx_word' id='word_1_848' title='bbox 2490 5617 2574 5669; x_wconf 90' lang='lat' dir='ltr'><strong>Ill.</strong></span> <span class='ocrx_word' id='word_1_849' title='bbox 2653 5617 2695 5646; x_wconf 77' lang='grc'><strong>³³</strong></span> <span class='ocrx_word' id='word_1_850' title='bbox 2731 5617 2860 5665; x_wconf 79' lang='lat' dir='ltr'><strong>Adr.</strong></span> <span class='ocrx_word' id='word_1_851' title='bbox 2894 5617 3013 5664; x_wconf 91' lang='lat' dir='ltr'><strong>coll.</strong></span> <span class='ocrx_word' id='word_1_852' title='bbox 3036 5650 3049 5670; x_wconf 94' lang='lat'><strong>,</strong></span> <span class='ocrx_word' id='word_1_853' title='bbox 3111 5626 3145 5685; x_wconf 0' lang='lat' dir='ltr'><strong>cp</strong></span> 
     </span>
     <span class='ocr_line' id='line_1_116' title="bbox 787 5680 3143 5738; baseline 0 0"><span class='ocrx_word' id='word_1_854' title='bbox 787 5700 847 5738; x_wconf 67' lang='grc'><strong>47</strong></span> <span class='ocrx_word' id='word_1_855' title='bbox 903 5713 962 5738; x_wconf 65' lang='grc' dir='ltr'><strong>μ(</strong></span> <span class='ocrx_word' id='word_1_856' title='bbox 996 5698 1122 5738; x_wconf 57' lang='lat' dir='ltr'><strong>(ind,</strong></span> <span class='ocrx_word' id='word_1_857' title='bbox 1157 5689 1390 5738; x_wconf 65' lang='grc' dir='ltr'><strong>ΤιιριῆΙ--</strong></span> <span class='ocrx_word' id='word_1_858' title='bbox 1428 5695 1515 5738; x_wconf 77' lang='lat' dir='ltr'><strong>IIII-</strong></span> <span class='ocrx_word' id='word_1_859' title='bbox 1549 5711 1618 5738; x_wconf 65' lang='lat' dir='ltr'><strong>lx-</strong></span> <span class='ocrx_word' id='word_1_860' title='bbox 1652 5697 1730 5738; x_wconf 60' lang='lat' dir='ltr'><strong>tit‘.</strong></span> <span class='ocrx_word' id='word_1_861' title='bbox 1763 5697 1810 5738; x_wconf 65' lang='lat'><strong>1-</strong></span> <span class='ocrx_word' id='word_1_862' title='bbox 1847 5703 2020 5738; x_wconf 62' lang='lat' dir='ltr'><strong>(ianL</strong></span> <span class='ocrx_word' id='word_1_863' title='bbox 2060 5692 2142 5738; x_wconf 73' lang='grc'><strong>111.</strong></span> <span class='ocrx_word' id='word_1_864' title='bbox 2220 5691 2264 5720; x_wconf 72' lang='grc' dir='ltr'><strong>³ο</strong></span> <span class='ocrx_word' id='word_1_865' title='bbox 2303 5689 2355 5738; x_wconf 74' lang='grc'><strong>5.</strong></span> <span class='ocrx_word' id='word_1_866' title='bbox 2388 5684 2632 5738; x_wconf 53' lang='grc' dir='ltr'><strong>αιιτὲδῐζὸ</strong></span> <span class='ocrx_word' id='word_1_867' title='bbox 2665 5703 2675 5736; x_wconf 79' lang='grc' dir='ltr'><strong>Ζ</strong></span> <span class='ocrx_word' id='word_1_868' title='bbox 2709 5685 2766 5735; x_wconf 67' lang='lat' dir='ltr'><strong>SI</strong></span> <span class='ocrx_word' id='word_1_869' title='bbox 2798 5680 2919 5738; x_wconf 73' lang='grc'><strong>(11118</strong></span> <span class='ocrx_word' id='word_1_870' title='bbox 2966 5682 3143 5738; x_wconf 64' lang='grc'><strong>001800</strong></span> 
     </span>
    </p>
   </div>
   <div class='ocr_carea' id='block_1_115' title="bbox 1217 5691 2322 5825">
    <p class='ocr_par' dir='ltr' id='par_1_115' title="bbox 1217 5691 2322 5825">
     <span class='ocr_line' id='line_1_117' title="bbox 1217 5691 2322 5756; baseline -0.007 -9"><span class='ocrx_word' id='word_1_871' title='bbox 1217 5691 1392 5752; x_wconf 64' lang='grc' dir='ltr'>νιριῆιη</span> <span class='ocrx_word' id='word_1_872' title='bbox 1428 5695 1516 5745; x_wconf 84' lang='lat' dir='ltr'><strong>lib.</strong></span> <span class='ocrx_word' id='word_1_873' title='bbox 1549 5711 1618 5755; x_wconf 82' lang='lat' dir='ltr'><strong>ix,</strong></span> <span class='ocrx_word' id='word_1_874' title='bbox 1652 5697 1730 5746; x_wconf 64' lang='lat' dir='ltr'><strong>tit‘.</strong></span> <span class='ocrx_word' id='word_1_875' title='bbox 1763 5697 1812 5756; x_wconf 97' lang='grc'><strong>1,</strong></span> <span class='ocrx_word' id='word_1_876' title='bbox 1847 5703 2020 5746; x_wconf 81' lang='lat' dir='ltr'><strong>const.</strong></span> <span class='ocrx_word' id='word_1_877' title='bbox 2060 5692 2142 5742; x_wconf 81' lang='grc'><strong>10.</strong></span> <span class='ocrx_word' id='word_1_878' title='bbox 2220 5691 2264 5720; x_wconf 77' lang='grc' dir='ltr'><strong>³ο</strong></span> <span class='ocrx_word' id='word_1_879' title='bbox 2303 5691 2322 5739; x_wconf 79' lang='grc' dir='ltr'>Ξ</span> 
     </span>
     <span class='ocr_line' id='line_1_118' title="bbox 1217 5760 2274 5825; baseline -0.002 -12"><span class='ocrx_word' id='word_1_880' title='bbox 1217 5768 1259 5795; x_wconf 80' lang='grc'>¹²</span> <span class='ocrx_word' id='word_1_881' title='bbox 1302 5762 1432 5814; x_wconf 77' lang='lat' dir='ltr'><strong>Vide</strong></span> <span class='ocrx_word' id='word_1_882' title='bbox 1456 5763 1581 5813; x_wconf 80' lang='lat' dir='ltr'><strong>Adr.</strong></span> <span class='ocrx_word' id='word_1_883' title='bbox 1606 5760 1724 5815; x_wconf 64' lang='lat' dir='ltr'><strong>coll.</strong></span> <span class='ocrx_word' id='word_1_884' title='bbox 1759 5779 1805 5815; x_wconf 87' lang='lat' dir='ltr'><strong>C.</strong></span> <span class='ocrx_word' id='word_1_885' title='bbox 1834 5763 1923 5825; x_wconf 71' lang='lat'><strong>‘27,</strong></span> <span class='ocrx_word' id='word_1_886' title='bbox 1959 5762 2045 5817; x_wconf 71' lang='lat'><strong>3&#39;2,</strong></span> <span class='ocrx_word' id='word_1_887' title='bbox 2073 5761 2160 5823; x_wconf 76' lang='grc'><strong>55,</strong></span> <span class='ocrx_word' id='word_1_888' title='bbox 2188 5760 2274 5817; x_wconf 65' lang='grc'><strong>54.</strong></span> 
     </span>
    </p>
   </div>
   <div class='ocr_carea' id='block_1_116' title="bbox 2417 5691 3952 5825">
    <p class='ocr_par' dir='ltr' id='par_1_116' title="bbox 2417 5691 3952 5825">
     <span class='ocr_line' id='line_1_119' title="bbox 2427 5691 3951 5746; baseline -0.012 -7"><span class='ocrx_word' id='word_1_889' title='bbox 2427 5695 2573 5739; x_wconf 76' lang='lat' dir='ltr'><strong>inest.</strong></span> <span class='ocrx_word' id='word_1_890' title='bbox 2601 5691 2632 5738; x_wconf 85' lang='grc'>6</span> <span class='ocrx_word' id='word_1_891' title='bbox 2665 5703 2675 5736; x_wconf 89' lang='lat'><strong>:</strong></span> <span class='ocrx_word' id='word_1_892' title='bbox 2709 5691 2766 5735; x_wconf 79' lang='lat' dir='ltr'><strong>Si</strong></span> <span class='ocrx_word' id='word_1_893' title='bbox 2798 5695 2919 5744; x_wconf 80' lang='lat' dir='ltr'><strong>quis</strong></span> <span class='ocrx_word' id='word_1_894' title='bbox 2966 5692 3356 5746; x_wconf 81' lang='lat' dir='ltr'><strong>episcoporum.</strong></span> <span class='ocrx_word' id='word_1_895' title='bbox 3470 5691 3510 5702; x_wconf 90' lang='grc'><strong>-·</strong></span> <span class='ocrx_word' id='word_1_896' title='bbox 3541 5714 3543 5716; x_wconf 93' lang='grc'><strong>.</strong></span> <span class='ocrx_word' id='word_1_897' title='bbox 3570 5691 3623 5730; x_wconf 73' lang='lat'><strong>1,</strong></span> <span class='ocrx_word' id='word_1_898' title='bbox 3674 5691 3859 5738; x_wconf 74' lang='lat' dir='ltr'><strong>quaest.</strong></span> <span class='ocrx_word' id='word_1_899' title='bbox 3891 5691 3951 5728; x_wconf 86' lang='lat' dir='ltr'><strong>o,</strong></span> 
     </span>
     <span class='ocr_line' id='line_1_120' title="bbox 2417 5737 3952 5825; baseline -0.014 -17"><span class='ocrx_word' id='word_1_900' title='bbox 2417 5747 2674 5825; x_wconf 17' lang='lat' dir='ltr'><strong>linterpr.</strong></span> <span class='ocrx_word' id='word_1_901' title='bbox 2726 5750 2917 5802; x_wconf 83' lang='lat' dir='ltr'><strong>Aniani</strong></span> <span class='ocrx_word' id='word_1_902' title='bbox 2961 5750 3012 5799; x_wconf 89' lang='lat' dir='ltr'><strong>iu</strong></span> <span class='ocrx_word' id='word_1_903' title='bbox 3062 5754 3258 5825; x_wconf 44' lang='lat' dir='ltr'><strong>“rurist.</strong></span> <span class='ocrx_word' id='word_1_904' title='bbox 3288 5739 3688 5825; x_wconf 15' lang='grc' dir='ltr'><strong>,2.-115Ῠεῑνὲο,</strong></span> <span class='ocrx_word' id='word_1_905' title='bbox 3737 5737 3952 5825; x_wconf 40' lang='lat'><strong>93.139.</strong></span> 
     </span>
    </p>
   </div>
   <div class='ocr_carea' id='block_1_117' title="bbox 2235 5824 2987 5893">
    <p class='ocr_par' dir='ltr' id='par_1_117' title="bbox 2235 5824 2987 5893">
     <span class='ocr_line' id='line_1_121' title="bbox 2235 5824 2987 5893; baseline -0.013 -15"><span class='ocrx_word' id='word_1_906' title='bbox 2235 5828 2278 5857; x_wconf 82' lang='grc'><strong>’³</strong></span> <span class='ocrx_word' id='word_1_907' title='bbox 2307 5827 2357 5879; x_wconf 79' lang='lat'><strong>5.</strong></span> <span class='ocrx_word' id='word_1_908' title='bbox 2385 5841 2440 5893; x_wconf 90' lang='lat' dir='ltr'><strong>q.</strong></span> <span class='ocrx_word' id='word_1_909' title='bbox 2472 5826 2494 5876; x_wconf 94' lang='grc'><strong>1</strong></span> <span class='ocrx_word' id='word_1_910' title='bbox 2531 5843 2545 5879; x_wconf 89' lang='lat'>:</span> <span class='ocrx_word' id='word_1_911' title='bbox 2574 5824 2824 5893; x_wconf 80' lang='lat' dir='ltr'><strong>Pulsatus</strong></span> <span class='ocrx_word' id='word_1_912' title='bbox 2847 5827 2987 5893; x_wconf 69' lang='lat' dir='ltr'><strong>ante.</strong></span> 
     </span>
    </p>
   </div>
   <div class='ocr_carea' id='block_1_118' title="bbox 1393 5877 3580 5966">
    <p class='ocr_par' dir='ltr' id='par_1_118' title="bbox 1393 5877 3580 5966">
     <span class='ocr_line' id='line_1_122' title="bbox 1393 5877 3580 5966; baseline -0.009 -14"><span class='ocrx_word' id='word_1_913' title='bbox 1393 5877 2202 5966; x_wconf 52' lang='lat' dir='ltr'><strong>-~&quot;‘i‘i‘;.&quot;c;;n:‘;i,‘e‘;animo</strong></span> <span class='ocrx_word' id='word_1_914' title='bbox 2235 5897 2290 5950; x_wconf 88' lang='lat' dir='ltr'><strong>in</strong></span> <span class='ocrx_word' id='word_1_915' title='bbox 2317 5877 2489 5949; x_wconf 66' lang='lat' dir='ltr'><strong>oblisi.</strong></span> <span class='ocrx_word' id='word_1_916' title='bbox 2515 5877 2566 5958; x_wconf 58' lang='grc' dir='ltr'><strong>εἰ,</strong></span> <span class='ocrx_word' id='word_1_917' title='bbox 2597 5894 2678 5946; x_wconf 87' lang='lat' dir='ltr'><strong>tit.</strong></span> <span class='ocrx_word' id='word_1_918' title='bbox 2735 5877 2895 5958; x_wconf 77' lang='lat' dir='ltr'><strong>primi</strong></span> <span class='ocrx_word' id='word_1_919' title='bbox 2947 5886 3040 5938; x_wconf 84' lang='lat' dir='ltr'><strong>lib.</strong></span> <span class='ocrx_word' id='word_1_920' title='bbox 3079 5889 3140 5938; x_wconf 67' lang='lat' dir='ltr'><strong>ix</strong></span> <span class='ocrx_word' id='word_1_921' title='bbox 3190 5882 3321 5936; x_wconf 87' lang='lat' dir='ltr'><strong>Cod.</strong></span> <span class='ocrx_word' id='word_1_922' title='bbox 3374 5877 3580 5934; x_wconf 85' lang='lat' dir='ltr'><strong>Theod.</strong></span> 
     </span>
    </p>
   </div>
   <div class='ocr_carea' id='block_1_119' title="bbox 787 5689 2142 5758">
    <p class='ocr_par' dir='ltr' id='par_1_119' title="bbox 787 5689 2142 5758">
     <span class='ocr_line' id='line_1_123' title="bbox 787 5689 2142 5758; baseline -0.004 -10"><span class='ocrx_word' id='word_1_923' title='bbox 787 5700 871 5758; x_wconf 82' lang='lat' dir='ltr'><strong>i7,</strong></span> <span class='ocrx_word' id='word_1_924' title='bbox 903 5713 966 5749; x_wconf 70' lang='lat' dir='ltr'><strong>ex</strong></span> <span class='ocrx_word' id='word_1_925' title='bbox 996 5698 1124 5748; x_wconf 71' lang='lat' dir='ltr'><strong>(Iod.</strong></span> <span class='ocrx_word' id='word_1_926' title='bbox 1157 5689 1392 5752; x_wconf 70' lang='lat' dir='ltr'><strong>Theo‘d.,</strong></span> <span class='ocrx_word' id='word_1_927' title='bbox 1428 5695 1516 5745; x_wconf 84' lang='lat' dir='ltr'><strong>lib.</strong></span> <span class='ocrx_word' id='word_1_928' title='bbox 1549 5711 1618 5755; x_wconf 82' lang='lat' dir='ltr'><strong>ix,</strong></span> <span class='ocrx_word' id='word_1_929' title='bbox 1652 5697 1730 5746; x_wconf 64' lang='lat' dir='ltr'><strong>tit‘.</strong></span> <span class='ocrx_word' id='word_1_930' title='bbox 1763 5697 1812 5756; x_wconf 97' lang='grc'><strong>1,</strong></span> <span class='ocrx_word' id='word_1_931' title='bbox 1847 5703 2020 5746; x_wconf 81' lang='lat' dir='ltr'><strong>const.</strong></span> <span class='ocrx_word' id='word_1_932' title='bbox 2060 5692 2142 5742; x_wconf 81' lang='grc'><strong>10.</strong></span> 
     </span>
    </p>
   </div>
   <div class='ocr_carea' id='block_1_120' title="bbox 788 5767 1139 5832">
    <p class='ocr_par' dir='ltr' id='par_1_120' title="bbox 788 5767 1139 5832">
     <span class='ocr_line' id='line_1_124' title="bbox 788 5767 1139 5832; baseline 0.011 -19"><span class='ocrx_word' id='word_1_933' title='bbox 788 5770 840 5816; x_wconf 70' lang='lat' dir='ltr'><strong>Si</strong></span> <span class='ocrx_word' id='word_1_934' title='bbox 874 5767 992 5831; x_wconf 87' lang='lat' dir='ltr'><strong>quis</strong></span> <span class='ocrx_word' id='word_1_935' title='bbox 1026 5767 1139 5832; x_wconf 85' lang='lat' dir='ltr'><strong>jud.</strong></span> 
     </span>
    </p>
   </div>
   <div class='ocr_carea' id='block_1_121' title="bbox 787 5830 2160 5897">
    <p class='ocr_par' dir='ltr' id='par_1_121' title="bbox 787 5830 2160 5897">
     <span class='ocr_line' id='line_1_125' title="bbox 787 5830 2160 5897; baseline -0.003 -14"><span class='ocrx_word' id='word_1_936' title='bbox 787 5830 903 5885; x_wconf 83' lang='lat' dir='ltr'><strong>libri</strong></span> <span class='ocrx_word' id='word_1_937' title='bbox 935 5852 982 5886; x_wconf 67' lang='lat' dir='ltr'><strong>XI</strong></span> <span class='ocrx_word' id='word_1_938' title='bbox 1007 5830 1136 5886; x_wconf 73' lang='lat' dir='ltr'><strong>Cod.</strong></span> <span class='ocrx_word' id='word_1_939' title='bbox 1167 5833 1393 5892; x_wconf 82' lang='lat' dir='ltr'><strong>Tlie0d.,</strong></span> <span class='ocrx_word' id='word_1_940' title='bbox 1427 5847 1631 5882; x_wconf 84' lang='lat' dir='ltr'><strong>necnon</strong></span> <span class='ocrx_word' id='word_1_941' title='bbox 1658 5842 1840 5884; x_wconf 88' lang='lat' dir='ltr'><strong>notata</strong></span> <span class='ocrx_word' id='word_1_942' title='bbox 1872 5830 1994 5882; x_wconf 83' lang='lat' dir='ltr'><strong>Ant.</strong></span> <span class='ocrx_word' id='word_1_943' title='bbox 2025 5831 2160 5897; x_wconf 81' lang='lat' dir='ltr'><strong>Aug.</strong></span> 
     </span>
    </p>
   </div>
   <div class='ocr_carea' id='block_1_122' title="bbox 784 5905 1220 5968">
    <p class='ocr_par' dir='ltr' id='par_1_122' title="bbox 784 5905 1220 5968">
     <span class='ocr_line' id='line_1_126' title="bbox 784 5905 1220 5968; baseline 0 -13"><span class='ocrx_word' id='word_1_944' title='bbox 784 5905 817 5955; x_wconf 75' lang='lat' dir='ltr'><strong>ti</strong></span> <span class='ocrx_word' id='word_1_945' title='bbox 835 5943 847 5967; x_wconf 83' lang='lat'><strong>,</strong></span> <span class='ocrx_word' id='word_1_946' title='bbox 879 5905 978 5968; x_wconf 84' lang='lat' dir='ltr'><strong>Qui</strong></span> <span class='ocrx_word' id='word_1_947' title='bbox 1001 5905 1220 5956; x_wconf 85' lang='lat' dir='ltr'><strong>crimen.</strong></span> 
     </span>
    </p>
   </div>
   <div class='ocr_carea' id='block_1_123' title="bbox 3032 5534 3799 5608">
    <p class='ocr_par' dir='ltr' id='par_1_123' title="bbox 3032 5534 3799 5608">
     <span class='ocr_line' id='line_1_127' title="bbox 3032 5534 3799 5608; baseline -0.014 -13"><span class='ocrx_word' id='word_1_948' title='bbox 3032 5542 3071 5571; x_wconf 83' lang='lat'>”</span> <span class='ocrx_word' id='word_1_949' title='bbox 3095 5541 3262 5608; x_wconf 87' lang='lat' dir='ltr'><strong>captis</strong></span> <span class='ocrx_word' id='word_1_950' title='bbox 3297 5548 3442 5608; x_wconf 77' lang='lat' dir='ltr'><strong>peste</strong></span> <span class='ocrx_word' id='word_1_951' title='bbox 3472 5549 3579 5608; x_wconf 77' lang='lat' dir='ltr'><strong>non</strong></span> <span class='ocrx_word' id='word_1_952' title='bbox 3613 5534 3799 5608; x_wconf 65' lang='lat' dir='ltr'><strong>prpsit.</strong></span> 
     </span>
    </p>
   </div>
   <div class='ocr_carea' id='block_1_124' title="bbox 3389 5601 3951 5722">
    <p class='ocr_par' dir='ltr' id='par_1_124' title="bbox 3389 5601 3951 5722">
     <span class='ocr_line' id='line_1_128' title="bbox 3389 5601 3951 5682; baseline -0.007 -27"><span class='ocrx_word' id='word_1_953' title='bbox 3389 5606 3428 5636; x_wconf 78' lang='lat'><strong>“‘</strong></span> <span class='ocrx_word' id='word_1_954' title='bbox 3469 5605 3606 5654; x_wconf 89' lang='lat' dir='ltr'><strong>idem</strong></span> <span class='ocrx_word' id='word_1_955' title='bbox 3657 5601 3785 5656; x_wconf 80' lang='lat' dir='ltr'><strong>Adr.</strong></span> <span class='ocrx_word' id='word_1_956' title='bbox 3840 5615 3951 5682; x_wconf 84' lang='lat' dir='ltr'><strong>cap.</strong></span> 
     </span>
     <span class='ocr_line' id='line_1_129' title="bbox 3467 5669 3951 5722; baseline 0 0"><span class='ocrx_word' id='word_1_957' title='bbox 3467 5673 3510 5702; x_wconf 70' lang='grc' dir='ltr'><strong>ἰ</strong></span> <span class='ocrx_word' id='word_1_958' title='bbox 3541 5714 3543 5716; x_wconf 95' lang='grc'><strong>.</strong></span> <span class='ocrx_word' id='word_1_959' title='bbox 3570 5670 3623 5722; x_wconf 82' lang='grc'><strong>1.</strong></span> <span class='ocrx_word' id='word_1_960' title='bbox 3674 5677 3859 5722; x_wconf 74' lang='lat' dir='ltr'><strong>auzest.</strong></span> <span class='ocrx_word' id='word_1_961' title='bbox 3891 5669 3951 5722; x_wconf 83' lang='grc'><strong>(›.</strong></span> 
     </span>
    </p>
   </div>
   <div class='ocr_carea' id='block_1_125' title="bbox 3541 5685 3951 5738">
    <p class='ocr_par' dir='ltr' id='par_1_125' title="bbox 3541 5685 3951 5738">
     <span class='ocr_line' id='line_1_130' title="bbox 3541 5685 3951 5738; baseline -0.007 -17"><span class='ocrx_word' id='word_1_962' title='bbox 3541 5714 3543 5716; x_wconf 96' lang='grc'><strong>.</strong></span> <span class='ocrx_word' id='word_1_963' title='bbox 3570 5685 3623 5730; x_wconf 74' lang='lat'><strong>1,</strong></span> <span class='ocrx_word' id='word_1_964' title='bbox 3674 5685 3921 5738; x_wconf 10' lang='lat' dir='ltr'><strong>quzest.iro</strong></span> <span class='ocrx_word' id='word_1_965' title='bbox 3936 5704 3951 5728; x_wconf 93' lang='lat'><strong>,</strong></span> 
     </span>
    </p>
   </div>
   <div class='ocr_carea' id='block_1_126' title="bbox 2434 5541 2954 5610">
    <p class='ocr_par' dir='ltr' id='par_1_126' title="bbox 2434 5541 2954 5610">
     <span class='ocr_line' id='line_1_131' title="bbox 2434 5541 2954 5610; baseline -0.013 -12"><span class='ocrx_word' id='word_1_966' title='bbox 2434 5541 2474 5578; x_wconf 64' lang='grc' dir='ltr'><strong>ιδ</strong></span> <span class='ocrx_word' id='word_1_967' title='bbox 2514 5548 2658 5601; x_wconf 77' lang='lat' dir='ltr'><strong>Felix</strong></span> <span class='ocrx_word' id='word_1_968' title='bbox 2687 5545 2772 5607; x_wconf 90' lang='lat' dir='ltr'><strong>lll,</strong></span> <span class='ocrx_word' id='word_1_969' title='bbox 2799 5541 2954 5610; x_wconf 82' lang='lat' dir='ltr'><strong>cp.‘7.</strong></span> 
     </span>
    </p>
   </div>
   <div class='ocr_carea' id='block_1_127' title="bbox 2653 5610 3296 5670">
    <p class='ocr_par' dir='ltr' id='par_1_127' title="bbox 2653 5610 3296 5670">
     <span class='ocr_line' id='line_1_132' title="bbox 2653 5610 3296 5670; baseline -0.009 -4"><span class='ocrx_word' id='word_1_970' title='bbox 2653 5616 2695 5646; x_wconf 76' lang='grc'><strong>³⁸</strong></span> <span class='ocrx_word' id='word_1_971' title='bbox 2731 5615 2860 5665; x_wconf 82' lang='lat' dir='ltr'><strong>Adr.</strong></span> <span class='ocrx_word' id='word_1_972' title='bbox 2894 5610 3013 5664; x_wconf 92' lang='lat' dir='ltr'><strong>coll.</strong></span> <span class='ocrx_word' id='word_1_973' title='bbox 3036 5650 3049 5670; x_wconf 93' lang='lat'><strong>,</strong></span> <span class='ocrx_word' id='word_1_974' title='bbox 3111 5626 3160 5663; x_wconf 88' lang='lat' dir='ltr'><strong>c.</strong></span> <span class='ocrx_word' id='word_1_975' title='bbox 3212 5610 3296 5661; x_wconf 81' lang='grc'><strong>15.</strong></span> 
     </span>
    </p>
   </div>
   <div class='ocr_carea' id='block_1_128' title="bbox 3062 5806 3950 5871">
    <p class='ocr_par' dir='ltr' id='par_1_128' title="bbox 3062 5806 3950 5871">
     <span class='ocr_line' id='line_1_133' title="bbox 3062 5806 3950 5871; baseline -0.014 -2"><span class='ocrx_word' id='word_1_976' title='bbox 3062 5818 3107 5850; x_wconf 67' lang='grc'>³⁵</span> <span class='ocrx_word' id='word_1_977' title='bbox 3139 5816 3268 5868; x_wconf 81' lang='lat' dir='ltr'><strong>Adr.</strong></span> <span class='ocrx_word' id='word_1_978' title='bbox 3298 5812 3418 5867; x_wconf 90' lang='lat' dir='ltr'><strong>coll.</strong></span> <span class='ocrx_word' id='word_1_979' title='bbox 3468 5824 3517 5863; x_wconf 89' lang='lat' dir='ltr'><strong>c.</strong></span> <span class='ocrx_word' id='word_1_980' title='bbox 3568 5807 3654 5862; x_wconf 75' lang='grc'><strong>56.</strong></span> <span class='ocrx_word' id='word_1_981' title='bbox 3746 5809 3790 5839; x_wconf 81' lang='grc'><strong>³⁸</strong></span> <span class='ocrx_word' id='word_1_982' title='bbox 3831 5806 3950 5871; x_wconf 85' lang='lat' dir='ltr'><strong>l.q.</strong></span> 
     </span>
    </p>
   </div>
  </div>
