4104 6350
606 462 607 465 η
701 430 804 486 199

1823 423 1881 480 Β.
1923 416 2196 483 FABIANI
2233 417 2442 474 ΡΑΡᾹΞ·
2472 415 2790 472 DECRETA

3803 406 3911 459 900

701 567 818 616 nus,
848 566 1003 619 quam
1032 548 1148 602 illa.
1185 547 1581 601 Persecerantia
1612 547 1758 600 illius
1788 562 1886 599 non
1915 543 2254 615 permanebit,
2286 552 2332 605 Α
2358 551 2407 595 et
2444 549 2752 610 potestates,
2797 536 3043 590 adversus
3084 530 3263 586 mundi
3303 539 3523 584 rectores
3581 528 3914 581 tenebrarum

700 640 788 692 sed
816 639 1059 692 obtinebit
1092 640 1203 691 vias
1246 624 1583 705 injustorum.
1634 634 1700 690 In
1745 636 1963 704 ﬂamma
2008 650 2105 686 sua
2149 649 2249 685 non

703 731 960 784 comburet
998 731 1195 799 justas.
1234 729 1335 792 Qui
1375 728 1741 797 derelinquunt
1782 726 2094 789 Dominum,
2120 722 2252 777 inci-

700 824 821 876 dent
850 822 901 874 in
926 821 1072 873 illam
1096 837 1114 884 ;
1138 829 1186 873 et
1209 819 1505 873 eaardescet
1526 820 1581 871 in
1606 818 1734 883 illis,
1764 826 1812 869 et
1841 833 1941 869 non
1966 818 2255 883 exstingue-

704 924 831 977 tur;
853 923 901 965 et
931 912 1241 964 immittetur
1266 912 1317 962 in
1344 910 1461 962 illos
1497 909 1650 979 quasi
1675 908 1772 970 leo,
1804 917 1854 961 et
1884 908 2036 977 quasi
2058 905 2253 975 pardus

703 1005 858 1059 laedet
886 1003 1026 1056 illos.
1062 1002 1181 1070 Sepi
1209 1018 1358 1054 aures
1390 1012 1507 1054 tuas
1527 1001 1688 1061 spinis
1706 1039 1720 1063 ,
1744 1009 1791 1052 et
1822 999 1927 1052 noli
1952 998 2135 1051 audire
2156 998 2256 1050 lin-

702 1114 861 1168 guam
890 1111 1107 1165 nequam
1132 1136 1145 1158 ,
1168 1103 1213 1145 et
1249 1094 1327 1145 ori
1361 1102 1448 1145 tuo
1478 1094 1640 1160 facito
1672 1093 1839 1155 ostia,
1862 1103 1907 1143 et
1940 1107 2082 1144 seras
2113 1089 2258 1141 auni—

707 1186 801 1241 bus
845 1189 968 1239 tuis.
1003 1188 1200 1236 Aurum
1235 1196 1379 1236 tuum
1409 1190 1457 1234 et
1497 1189 1767 1248 argentum
1798 1188 1944 1230 tuum
1977 1177 2146 1245 con/la
2170 1216 2185 1240 ,
2212 1182 2260 1226 et

708 1279 872 1334 verbis
899 1282 1000 1330 tuis
1029 1278 1186 1345 facito
1223 1285 1497 1337 stateram,
1538 1283 1585 1325 et
1630 1272 1800 1339 frenos
1837 1270 1916 1322 ori
1946 1280 2033 1321 tuo
2073 1276 2259 1319 rectos.

709 1372 777 1425 Et
808 1371 1034 1434 attende,
1059 1385 1119 1421 ne
1144 1369 1275 1437 forte
1306 1365 1502 1418 labaris
1524 1365 1575 1437 in
1607 1363 1785 1431 lingua
1812 1371 1921 1424 tua,
1945 1369 1993 1412 et
2023 1358 2183 1411 cadas
2207 1357 2261 1408 in

710 1475 983 1533 conspectu
1012 1463 1345 1516 inimicorum
1381 1457 1743 1511 insidiantium
1781 1456 1903 1517 tibi,
1927 1462 1973 1506 et
2010 1453 2079 1504 sit
2112 1465 2287 1523 casus_

713 1569 831 1611 tuus
869 1556 1181 1610 insanabilis
1212 1556 1268 1607 in
1298 1562 1512 1606 mortem
1543 1550 1606 1601 ".
1640 1547 1745 1602 Ista
1762 1531 2011 1601 -caveast
2040 1556 2263 1604 omnes,

710 1662 757 1703 et
797 1649 1062 1702 coltibeant
1100 1648 1333 1718 lipguam
1360 1660 1506 1697 suam
1542 1659 1574 1695 a
1614 1640 1786 1702 malo,
1818 1649 1866 1692 et
1910 1637 2052 1690 labia
2091 1649 2267 1689 eorum

712 1758 775 1796 ne
815 1740 1092 1809 loquantur
1123 1738 1300 1790 dolum
1323 1736 1387 1788 “.
1420 1734 1490 1787 De
1522 1742 1706 1786 cwtero
1731 1771 1744 1795 ,
1771 1727 2076 1784 charissimi
2099 1766 2114 1789 ,
2142 1742 2267 1779 con-

716 1830 986 1900 fortamini
1020 1831 1072 1881 in
1100 1829 1338 1892 Domino,
1368 1835 1415 1877 et
1449 1826 1502 1876 in
1538 1822 1766 1891 potentia
1794 1820 2001 1873 virtutis
2025 1818 2154 1884 ejus;
2185 1813 2270 1867 ln-

2351 632 2567 693 ltarum,
2618 638 2801 683 contra
2857 624 3160 692 spiritualia
3210 621 3447 691 nequitia:
3498 619 3552 669 in
3596 611 3910 669 caelestibus.

2351 722 2632 791 Propterea
2674 718 2892 785 accipite
2922 727 3261 769 armaturam.
3291 713 3419 775 Dei,
3450 719 3507 763 ut
3539 706 3754 777 possitis
3791 703 3919 756 resi-

2352 823 2483 867 stere
2516 812 2569 865 in
2599 811 2681 864 die
2714 809 2855 861 malo
2876 847 2890 870 ,
2916 815 2963 859 et
2992 807 3045 859 in
3078 804 3313 858 omnibus
3336 800 3549 870 perfecti
3572 807 3730 851 stare.
3763 792 3915 847 State

2353 921 2470 973 ergo
2491 901 2741 955 succincti
2763 898 2963 952 lumbos
2994 904 3187 949 uestros
3210 895 3263 946 in
3282 894 3530 955 veritate,
3562 897 3609 940 et
3632 885 3804 939 induti
3834 882 3913 935 lo-

2355 998 2520 1049 ricam
2560 980 2827 1063 justitiaz,
2868 1001 2917 1044 et
2968 987 3186 1042 calceati
3235 985 3384 1054 pedes
3426 984 3479 1035 in
3530 978 3916 1049 praeparatique

2361 1086 2632 1156 Evangelii
2661 1085 2828 1153 pacis,
2848 1084 2904 1135 in
2925 1080 3163 1133 omnibus
3192 1086 3449 1130 sumentes
3473 1084 3674 1126 scutum
3697 1070 3821 1137 fidei
3858 1068 3912 1119 in
3976 1107 3980 1111 .

2357 1196 2456 1249 quo
2482 1177 2690 1246 possitis
2721 1174 2896 1228 omnia
2923 1172 3027 1226 tela
3061 1169 3365 1240 nequissimi
3384 1168 3531 1236 ignea
3568 1164 3916 1230 exstinguere.

2363 1271 2429 1323 Et
2454 1269 2655 1339 galeam
2675 1267 2863 1320 salutis
2885 1265 3155 1328 assumite,
3183 1271 3231 1315 et
3256 1260 3490 1331 gladium
3514 1258 3754 1326 spiritus,
3781 1251 3919 1323 quod

2361 1372 2436 1417 est
2460 1361 2665 1415 uerbum
2693 1359 2789 1413 Dei
2812 1360 2879 1417 ⁸⁷.
2912 1358 3056 1419 Περ,
3086 1357 3269 1419 frater,
3303 1368 3424 1422 qua:
3457 1350 3549 1405 tibi
3577 1348 3920 1417 scripsimus,

2363 1444 2680 1525 generaliter
2716 1452 2971 1506 omnibus
2999 1459 3123 1503 nota
3154 1438 3275 1502 fieri
3297 1446 3576 1506 volumus,
3600 1451 3657 1495 ut
3687 1456 3811 1508 quae
3838 1453 3921 1490 ce-

2367 1559 2509 1601 teros
2561 1553 2804 1614 tangunt,
2864 1542 3116 1596 omnibus
3180 1548 3304 1593 nota
3358 1539 3506 1589 fiant.
3565 1532 3922 1600 Omnipotens

2366 1636 2507 1691 Deus
2537 1643 2587 1689 te
2607 1677 2622 1701 ,
2655 1634 2841 1699 frater,
2874 1641 2928 1686 et
2957 1631 3192 1700 reliquos
3221 1628 3414 1680 fratres
3446 1636 3659 1678 nostros
3679 1663 3693 1685 ,
3723 1620 3923 1685 ubique

2369 1728 2758 1790 consistentes,
2798 1735 3039 1795 protegat
3080 1736 3251 1790 usque
3286 1719 3338 1772 in
3392 1718 3549 1771 finem
3577 1715 3642 1777 ⁸⁸,
3669 1713 3762 1782 qui
3788 1726 3924 1763 eun-

2372 1827 2517 1876 ctum
2542 1818 2801 1871 mundum
2825 1815 3073 1884 dignatus
3091 1827 3173 1866 ess
3195 1810 3477 1870 redimere,
3498 1804 3653 1858 Jesus
3675 1802 3924 1855 Christus

656 1928 659 1935 '
714 1926 859 1977 duite
882 1939 989 1984 vos,
1020 1932 1346 1973 armaturam
1384 1916 1471 1967 Dei
1494 1954 1507 1977 ,
1534 1923 1587 1965 ut
1614 1912 1822 1981 possitis
1853 1920 1993 1963 stare
2024 1910 2269 1960 adversus
2303 1893 2345 1947 Β
2374 1909 2635 1963 Dominus
2686 1917 2889 1970 noster,
2945 1904 3039 1973 qui
3097 1910 3179 1956 est
3234 1898 3546 1954 benedictus
3594 1895 3646 1947 ill
3703 1890 3922 1945 5³501⁸1³·

716 2016 937 2068 insidias
973 2013 1211 2072 diaboli;
1240 2010 1484 2079 quoniam
1525 2023 1625 2058 non
1668 2012 1742 2058 est
1786 2002 1929 2055 nobis
1972 1999 2272 2052 colluctatio

717 2110 960 2162 adversus
984 2122 1190 2159 carnem
1215 2114 1260 2157 et
1285 2102 1606 2171 sanguinem,
1634 2098 1718 2152 sed
1743 2098 1985 2150 adversus
2015 2093 2271 2164 principes

2366 1998 2559 2053 Amen.
2612 1997 2740 2050 Data
2795 1991 3287 2061 decimo,septimo
3345 1985 3566 2040 Kalend.
3629 1979 3922 2035 Novembr.

2366 2088 2621 2144 Africano
2648 2097 2703 2143 et
2730 2086 2890 2142 Decio
2911 2088 2955 2116 δ’
2989 2084 3119 2139 viris
3149 2079 3464 2137 clarissimis
3493 2073 3835 2131 consulibus.

821 2242 867 2272 “
920 2238 1083 2292 Eccli.
1115 2253 1313 2296 xxvm,
1357 2236 1507 2289 1—30.
1609 2234 1655 2265 ‘°
1696 2231 1839 2286 Psal.
1874 2220 2189 2301 quit”.
2283 2226 2326 2257 ⁸⁷
2367 2223 2563 2296 Ephes.
2611 2240 2700 2281 Vl.
2728 2183 2913 2277 10-l7.
3015 2220 3062 2251 "
3096 2217 3152 2272 S.
3188 2216 3349 2286 Greg.
3398 2229 3518 2284 ep.,
3556 2211 3645 2272 54,
3696 2208 3795 2262 lib.
3829 2220 3921 2259 τη.

722 2311 769 2343 ⁸⁸
794 2315 1049 2373 mendosa
1078 2308 1372 2361 adnotatio.

3536 2441 3561 2451 ._
3591 2432 3883 2451 ,..,,..,.,..

1038 2612 1300 2672 Decreta
1332 2608 1391 2667 S.
1430 2600 1688 2666 Fabiani
1733 2617 1807 2661 ex
1858 2600 2125 2659 Decreto
2153 2590 2438 2655 Gratiani
2463 2589 2822 2666 desumpta,
2867 2602 2985 2648 nec
3023 2581 3347 2664 prioribus
3378 2581 3639 2641 inserta.

728 2899 770 2954 1.
799 2896 993 2951 lnediis
1018 2901 1309 3013 maceretuq
1322 2891 1587 2971 acerrimis
1616 2891 1704 2957 qui
1741 2888 1896 2957 fratri
1922 2904 2015 2941 suo
2040 2888 2265 2942 reconci-

1314 2978 1414 3013 tart
1440 2978 1541 3013 non
1565 2966 1692 3013 vult.

1314 2966 1414 3013 iari
1440 2978 1541 3013 non
1565 2966 1692 3013 vult.

733 3077 905 3147 (Dist.
935 3074 1023 3139 90,
1050 3072 1107 3127 Si
1134 3074 1246 3142 quis
1268 3062 1605 3125 contristatus
1629 3088 1644 3135 ;
1670 3070 1828 3124 Basil.
1849 3071 1899 3122 in
1920 3068 2066 3138 Reg.,
2092 3083 2139 3121 (ξ.
2165 3068 2271 3134 74.)

809 3165 867 3218 Si
915 3164 1037 3233 quis
1063 3164 1413 3216 contristatus
1459 3161 1690 3212 noluerit
1744 3160 2078 3211 reconciliari
2124 3156 2274 3211 fratri

2377 2895 2490 2939 suas
2550 2869 3012 2944 consanguineis,
3074 2874 3199 2937 post
3259 2872 3489 2919 mortem
3553 2876 3666 2916 sua;
3716 2860 3921 2914 uxoris.

2623 2989 2703 3044 Ad
2731 2987 2941 3039 titulum
2970 2981 3269 3047 immediate
3296 2976 3680 3047 prtescriptum.

2519 3082 2765 3141 (Eodem
2820 3094 2962 3147 cap.,
3015 3090 3080 3127 ex
3130 3072 3318 3126 eodem
3371 3065 3791 3135 Poenitentiali.)

2450 3148 2550 3241 Qui
2604 3164 3287 3243 propinquam'sanguinis
3351 3176 3573 3215 uxorem
3624 3158 3831 3211 ducunt
3880 3160 3928 3205 et

736 3272 858 3321 suo,
908 3254 1268 3310 satisfaciente
1312 3268 1376 3305 eo
1430 3252 1519 3319 qui
1578 3250 1945 3313 contristavit,
2000 3249 2272 3302 acerrimis

2379 3274 2715 3334 separantur,
2741 3277 2843 3314 non
2876 3258 3055 3311 licebit
3085 3257 3187 3318 eis,
3216 3253 3453 3323 quandiu
3481 3250 3691 3319 utrique
3724 3248 3925 3311 vivunt,

737 3356 1038 3402 macerctur
1059 3345 1270 3406 inetliis,
1291 3360 1461 3413 usque
1498 3342 1623 3395 dum
1648 3340 1878 3409 gratanti
1911 3340 2091 3392 animo
2123 3339 2279 3393 satis—

736 3440 1023 3495 factionem
1064 3439 1305 3507 recipiat.

791 3555 857 3610 ΙΙ.
899 3554 1125 3624 Infantis
1148 3553 1360 3621 eﬁ‘icitur
1382 3550 1469 3619 qui
1492 3550 1656 3602 sciens
1684 3547 1915 3617 pejerare
1936 3546 2225 3613 praesumit.

739 3665 827 3735 (6,
865 3681 918 3734 q.
952 3666 1002 3726 1,
1036 3662 1334 3729 Quicunque
1379 3657 1808 3735 sciens_;_Regino
1855 3672 1921 3711 ex
1963 3658 2059 3711 lib.
2098 3656 2279 3712 Pumi—

996 3778 999 3781 λ
1382 3729 1642 3795 tentiali.)

811 3823 1130 3889 Quicunque
1184 3818 1359 3873 sciens
1403 3829 1470 3871 se
1530 3818 1879 3885 pejcraverit,
1930 3816 2280 3885 quadraginta

740 3915 857 3966 dies
886 3913 935 3963 in
962 3926 1096 3980 pane
1125 3918 1177 3962 et
1208 3923 1346 3977 aqua
1370 3946 1385 3969 ,
1435 3916 1487 3959 et
1528 3915 1730 3974 septem
1782 3916 2065 3973 sequentes
2112 3922 2283 3959 annos

742 4005 1030 4073 pmniteat;
1062 4010 1114 4053 et
1146 4014 1417 4068 nunquam
1446 3998 1515 4051 sit
1544 3998 1660 4049 sine
1686 3996 2031 4065 paenitentia;
2067 4003 2118 4047 et
2150 4012 2285 4046 llllll-

743 4111 903 4165 quam
952 4094 1005 4146 in
1058 4091 1424 4146 testimonium
1485 4090 1806 4158 recipiatur;
1852 4085 2283 4143 communionem

746 4198 922 4242 tamen
956 4194 1075 4255 post
1102 4185 1204 4237 hoc
1233 4181 1492 4252 percipiat

745 4300 828 4353 Ill.
858 4299 1111 4352 Furiosus
1134 4307 1183 4349 et
1209 4295 1409 4367 furiosa
1457 4293 1846 4346 matrimonium
1868 4292 2164 4345 contrahere
2187 4306 2285 4342 non

1396 4372 1629 4434 possunt.

748 4477 871 4547 (52,
895 4492 949 4546 q.
985 4474 1041 4543 7,
1074 4472 1249 4547 Neque
1285 4473 1532 4547 [ευ-ἱρείη).
1566 4473 1629 4547 Et
1660 4474 1714 4527 in
1749 4473 1946 4547 Decret.
1974 4473 2080 4529 lvo.
2102 4470 2197 4537 lib.
2215 4490 2284 4527 vr.

1090 4543 1255 4597 Atl'ert
1288 4543 1490 4611 llegine
1525 4559 1589 4595 ex
1618 4544 1729 4611 lege
1757 4542 1944 4612 Rom.)

817 4632 1000 4702 Neque
1064 4632 1337 4697 furiosus,
1396 4647 1567 4699 neque
1631 4631 1835 4685 furiosa
1884 4631 2286 4685 matrimonium

750 4724 1065 4777 contrahere
1096 4731 1338 4791 possunt.
1367 4720 1469 4775 Sed
1511 4722 1555 4774 si
1598 4730 1929 4775 contractum
1971 4720 2151 4785 fuerit,
2184 4736 2288 4773 non

752 4823 1063 4880 separentur
1746 4798 1749 4801 ἰ

755 4924 841 4977 lV.
876 4926 1056 5003 Aﬁines
1093 4927 1145 4977 in
1185 4932 1367 5003 quinta
1411 4928 1737 5003 generatione
1778 4926 2015 4995 copulari
2046 4935 2289 4995 possunt,

842 5004 887 5045 et
912 4997 961 5044 in
995 5005 1203 5062 quarta,
1229 4998 1271 5046 si
1290 4997 1481 5061 fuerint
1511 4998 1719 5061 inventi,
1743 5013 1844 5050 non
1874 5008 2200 5065 separentur.

756 5101 872 5169 (35,
910 5116 967 5169 q.
990 5101 1106 5168 Set
1133 5104 1186 5167 5,
1230 5104 1300 5157 De
1335 5107 1658 5175 proninquis.
1686 5106 1781 5163 Est
1820 5124 1885 5163 ex
1931 5108 2291 5163 Pmnitentiali

1352 5174 1679 5245 Theodori.)

823 5286 894 5341 De
925 5287 1261 5357 propinquis,
1286 5291 1378 5357 qui
1422 5291 1485 5343 ad
1541 5290 1851 5343 afﬁnitatem
1898 5305 1991 5357 per
2039 5292 2211 5344 virum
2241 5299 2295 5343 et

754 5396 975 5434 uxorem
1008 5379 1251 5441 veniunt,
1274 5380 1524 5435 defuncta
1554 5395 1723 5435 uxore
1747 5380 1827 5434 vel
1853 5380 1985 5445 viro,
2022 5383 2073 5435 in
2107 5385 2292 5451 quinta

753 5473 1097 5540 generatione
1145 5472 1577 5541 conjungautur;
1618 5475 1671 5526 in
1719 5481 1940 5541 quarta,
1992 5476 2038 5529 si
2092 5460 2293 5529 inventi

702 5642 705 5643 ν
760 5561 979 5625 fuerint,
1030 5578 1137 5616 non
1183 5556 1519 5631 separentur.
1572 5565 1627 5618 In
1657 5569 1811 5620 tertia
1863 5574 2037 5619 tamen
2078 5568 2295 5636 propin-

755 5653 958 5721 quitate
1007 5668 1114 5705 non
1173 5654 1297 5707 licet
1344 5668 1566 5707 uxorem
1623 5657 1843 5709 alterius
1883 5658 2123 5725 accipere
2179 5667 2297 5728 post

753 5743 961 5799 obitum
998 5743 1135 5809 ejus.
1170 5742 1473 5812 Equaliter
1504 5744 1587 5798 vir
1616 5746 1976 5817 conjungatur
2018 5748 2071 5800 in
2110 5750 2297 5803 matri-

754 5838 937 5894 monio
966 5836 1076 5901 eis,
1109 5852 1227 5906 qua:
1266 5838 1372 5904 sibi
1400 5841 1813 5909 consanguinea:
1848 5845 1997 5902 sunt,
2027 5849 2079 5893 et
2107 5843 2294 5898 uxoris

2379 3354 2511 3406 alias
2550 3365 2747 3403 uxores
2793 3348 2893 3401 sibi
2939 3346 2994 3399 in
3042 3344 3299 3415 coniugio
3330 3342 3572 3403 sociare,
3624 3340 3728 3412 nisi
3783 3339 3929 3409 ignoo

2382 3442 2553 3496 rantia
2583 3447 2935 3494 excusentur.
3777 3428 3780 3432 ’

2382 3551 2445 3605 ιτ.
2486 3550 2871 3619 Consanguinei
2910 3558 3149 3615 tantum,
3186 3545 3283 3619 uel,
3330 3546 3376 3597 si
3414 3546 3678 3619 progenies
3726 3545 3924 3619 defecit,

2450 3622 2653 3689 antiqui
2681 3616 2727 3673 et
2756 3635 2979 3682 veraces,
3011 3617 3447 3686 propinquitatem
3480 3616 3531 3666 in
3570 3617 3767 3684 synodo
3795 3632 3927 3667 com-

2450 3701 2646 3761 pule’ttl.
2844 3716 2847 3717 ν
3367 3703 3378 3709 “

2383 3786 2493 3852 (55,
2517 3801 2570 3853 q.
2596 3783 2648 3847 6,
2680 3779 3514 3914 ϐοηδαηρυῖηεοεὶῗιναηῖοηιτη.
3544 3775 3607 3828 Ει
3641 3776 3693 3828 in
3726 3776 3925 3830 Decret.

2986 3864 3069 3901 vo.
3118 3864 3129 3900 t
3176 3887 3188 3897 .
3216 3862 3314 3899 vn.

2986 3864 3069 3901 νο.
3097 3862 3188 3900 Ill).
3216 3862 3314 3899 Vll-

2451 3942 2896 4010 Consauguineos
2943 3952 3325 3993 extraneorum
3364 3936 3543 3990 nullus
3586 3945 3827 4001 accuset,
3854 3936 3929 3988 vel

2383 4034 2911 4101 consanguinitatem
2944 4031 2997 4084 in
3029 4030 3236 4100 synodo
3271 4036 3564 4096 computet,
3596 4026 3686 4081 sed
3718 4027 3930 4095 propiu«

2384 4126 2499 4193 qui,
2532 4125 2597 4176 ad
2626 4137 2859 4191 quorum
2904 4122 3146 4174 notitiam
3179 4120 3429 4188 pertinet,
3452 4118 3512 4170 id
3543 4126 3645 4181 est,
3691 4128 3842 4187 pater
3883 4124 3931 4168 et

2386 4224 2578 4275 mater,
2606 4226 2765 4266 soror
2804 4220 2859 4265 et
2894 4209 3078 4275 frater,
3110 4220 3357 4278 patruus,
3390 4210 3718 4273 avunculus,
3748 4210 3926 4269 amita,

2386 4312 2691 4364 matertera,
2722 4312 2775 4356 et
2802 4317 2989 4356 eorum
3018 4302 3338 4371 procreatio.
3365 4299 3422 4353 Si
3448 4310 3624 4353 autem
3652 4300 3929 4368 progenies

2388 4404 2501 4448 tota
2534 4394 2821 4456 defecerit,
2866 4394 2933 4447 ab
2987 4378 3389 4466 antiquioribus
3460 4400 3514 4443 et
3567 4390 3928 4443 \‘eracioribus

2388 4486 2586 4554 quibus
2605 4484 2789 4538 eadem
2822 4485 3197 4553 propinquitas
3225 4492 3349 4535 nota
3376 4490 3478 4545 est,
3500 4482 3802 4551 episcopus
3843 4497 3927 4534 ca-

2320 4585 2363 4639 Ι)
2392 4578 2583 4631 noniee
2608 4578 2880 4645 perquirat
2903 4591 2916 4625 :
2942 4586 2995 4630 et
3026 4577 3073 4630 si
3103 4577 3314 4629 iuventa
3346 4574 3507 4628 fuerit
3536 4575 3923 4643 propinquitas,

2396 4677 2732 4736 separentur.

2479 4777 2564 4833 Vl.
2609 4777 2708 4830 Ter
2735 4778 2789 4829 in
2810 4794 2945 4831 anno
2973 4779 3187 4848 quisque
3214 4778 3450 4847 ﬁdelium
3481 4778 3843 4831 communicet.
3876 4828 3877 4831 η

2393 4869 2500 4939 (De
2532 4886 2757 4924 consecr.
2808 4870 2934 4925 dist.
2967 4870 3199 4993 Sublimi
3239 4886 3384 5007 )non.
3429 4868 3495 4923 Et
3533 4870 3585 4922 in
3625 4868 3779 4923 Decr.
3824 4868 3924 4922 tvo.

3080 4959 3089 4991 I
3137 4982 3149 4994 .
3181 4956 3216 4992 ι.
3355 4956 3358 4958 ⁷

3080 4956 3149 4994 ID.
3181 4956 3255 4994 l.)
3355 4956 3358 4958 ⁷

2461 5028 2576 5084 Etsi
2627 5045 2735 5086 non
2787 5032 3157 5102 frequentius,
3205 5031 3391 5083 saltem
3439 5030 3499 5086 in
3529 5046 3686 5085 anno
3711 5039 3793 5084 ter
3815 5028 3925 5084 laici

2394 5121 2638 5177 homines
2673 5124 3095 5186 communicent,
3149 5121 3250 5174 nisi
3307 5120 3446 5175 forte
3473 5124 3597 5191 quis
3642 5110 3926 5191 majoribus

2392 5211 2718 5279 quibuslibet
2789 5206 3121 5265 criminibus
3196 5206 3669 5279 impediatur,in
3728 5210 3925 5269 Pascha

2398 5304 2665 5369 videlicet,
2682 5315 2737 5366 et
2756 5303 3091 5364 Pentecoste,
3119 5311 3171 5353 et
3194 5300 3364 5355 Natali
3391 5302 3622 5355 Domini.

2512 5414 2620 5469 VII.
2659 5415 2793 5466 Ante
2823 5429 2987 5465 annos
3018 5411 3086 5465 50
3115 5414 3377 5483 presbyter
3400 5429 3499 5465 non
3524 5414 3813 5469 ordinetur.

2394 5500 2562 5571 (.Dist.
2597 5502 2683 5565 78,
2714 5501 2931 5574 Siquis,
2963 5502 3059 5574 ως
3090 5503 3219 5556 etin
3263 5504 3412 5555 Decr.
3453 5504 3567 5574 lyo.
3608 5504 3699 5559 lib.
3734 5522 3829 5574 ιιι;
3868 5518 3927 5558 ει

2754 5572 2983 5625 Martino
3016 5572 3262 5637 Bracar.,
3293 5585 3412 5640 cap.
3435 5570 3561 5647 ‘20.)

2464 5663 2521 5717 Si
2584 5663 2705 5733 quis
2774 5664 2995 5732 triginta
3050 5665 3225 5718 aetatis
3297 5677 3578 5719 suaruon
3638 5664 3928 5738 impleverit

2393 5767 2586 5821 annos,
2638 5755 2785 5809 nullo
2835 5756 2995 5811 modo
3044 5755 3323 5825 presbyter
3368 5746 3672 5825 ordinetur,
3728 5755 3924 5813 etiamsi

2393 5845 2549 5900 valde
2603 5846 2672 5900 sit
2706 5846 2932 5917 dignus;
2974 5846 3111 5921 quis
3148 5854 3202 5899 et
3252 5844 3365 5933 ipse
3410 5845 3683 5929 Dominus
3721 5849 3926 5921 triginta
