4104 6350
631 396 633 398 .
677 335 784 400 203

1426 345 1482 397 S.
1525 342 1918 396 ALEXAND“!
1962 341 2318 396 HlEROSOl..
2363 340 2574 394 EPISC.
2620 339 2704 393 ET
2746 337 3099 392 MARTYRIS

3792 333 3893 386 2M

679 477 735 518 et
782 465 1083 518 veneranda
1139 465 1342 518 canitie
1379 465 1729 533 conSpicuus.
1781 463 1884 529 Qui
1937 479 2059 518 cum
2115 475 2235 534 post
2269 476 2309 527 Α
2342 464 2529 524 stolas,
2577 462 2668 528 qui
2701 476 2761 514 ea
2800 469 3116 528 tempestate
3153 456 3347 510 litteris
3384 454 3706 520 excellentes
3745 453 3898 507 liore-

680 555 994 623 praeclaram
1046 563 1207 625 atque
1251 555 1514 609 illustrem
1573 555 1896 609 Christianae
1941 555 2064 608 fidei
2104 570 2237 609 con-

679 645 970 700 fessionem
1002 647 1055 699 in
1111 646 1399 716 presidiali
1443 647 1648 714 judicio
1691 647 1891 700 editam
1925 648 2137 701 tandem
2188 649 2240 701 in

679 741 922 794 custodia
973 741 1212 793 animam
1268 739 1607 802 exhalasset,
1654 737 1978 793 Mazabanes
2028 740 2079 791 in
2125 739 2243 808 ejus

678 828 856 883 locum
882 830 1168 897 episcopus
1193 827 1691 899 Hierosolymorum
1723 830 2067 882 renuntiatus
2093 838 2193 883 est.
2217 847 2236 880 1

679 918 950 974 Hactenus
979 920 1266 974 Eusebius.
1321 919 1396 974 De
1443 921 1704 990 martyrio
1737 921 1907 988 ipsius
1954 918 2244 973 Alexandri

680 1013 869 1066 eadem
931 1011 1097 1065 refert
1139 1011 1433 1082 Dionysius
1481 1011 1882 1066 Alexandrinus
1930 1012 1995 1065 ad
2042 1011 2217 1065 Corne

682 1104 815 1157 lium
876 1119 1067 1172 papam
1121 1105 1407 1159 scribens:
1463 1123 1481 1154 ‹
1519 1103 1714 1170 Quod,
1762 1104 1935 1173 inqttit
1981 1103 2129 1173 (10),
2177 1103 2244 1156 ad

682 1192 1049 1246 Alexandrum
1099 1200 1339 1262 spectat,
1391 1192 1442 1245 is
1513 1177 1566 1245 in
1626 1178 1900 1247 carcerem
1965 1193 2244 1262 conjectus

611 1328 614 1331 .
679 1281 838 1335 beato
891 1282 1035 1335 exitu
1093 1281 1387 1338 defunctus
1442 1290 1557 1346 est,
1606 1301 1623 1332 1
1690 1282 1956 1352 μακάριος
2003 1282 2241 1335 ἀνεπαύ-

680 1388 842 1437 σατος
885 1373 997 1427 sive
1032 1381 1090 1425 ut
1139 1371 1496 1442 Hieronymus
1538 1373 1672 1441 (11),
1719 1391 1738 1424 ι
1766 1376 2045 1444 _martyrio
2086 1389 2244 1428 coro-

679 1471 860 1515 natur.
889 1481 907 1512 1
945 1460 1188 1516 Pretiosa
1218 1463 1339 1530 ejus
1384 1479 1530 1516 ntors
1567 1464 1921 1532 consignatur
1951 1478 2098 1517 anno
2142 1463 2245 1518 Do-

681 1552 813 1606 mini
842 1552 949 1606 252
981 1554 1035 1610 itt
1083 1552 1337 1607 Chronico
1371 1552 1679 1608 Ensebiano
1720 1554 1869 1622 (12):
1911 1561 1970 1607 ut
2018 1555 2244 1623 proinde

684 1641 1230 1715 Hierosolymitanam
1288 1642 1590 1699 Eeclesiam
1636 1643 2031 1698 administrarit
2083 1646 2243 1699 annis

679 1735 894 1788 circiter
922 1735 1009 1788 40.
2020 1807 2021 1810 η
2154 1724 2156 1728 ’

751 1824 835 1879 Ill.
869 1825 1071 1880 Pietate
1103 1840 1167 1882 ac
1193 1825 1443 1881 doctrina
1478 1820 1741 1894 praestans
1767 1826 2068 1882 Alexander
2102 1825 2240 1880 inter

687 1927 879 1972 caetera
904 1918 1207 1973 clarissima
1229 1927 1578 1971 monumenta
1607 1917 1838 1972 nobilem
1862 1917 2239 1972 bibliothecam

681 2009 737 2062 in
781 2008 922 2062 Elia
947 2009 1120 2071 urbe,
1161 1995 1322 2078 quam
1354 2009 1602 2078 regebat,
1635 2007 1936 2070 exstruxit,
1991 2008 2044 2060 in
2072 2022 2239 2083 quam

683 2087 979 2167 praesertim
1017 2099 1289 2168 congessit
1326 2097 1566 2152 virorum
1601 2097 2094 2153 ecclesiasticorum
2122 2099 2239 2166 epi-

2346 555 2475 609 bant
2504 573 2516 607 :
2556 569 2677 622 quae
2705 552 2922 622 quidem
2946 550 3274 605 bibliotheca
3310 548 3623 602 Diocletiani
3654 546 3900 600 incendio

2344 643 2874 713 haudconﬂagrasse
2933 643 3297 710 comperitur,
3347 649 3406 714 ut
3450 639 3681 693 advertit
3733 638 3899 698 Baro-

2344 735 2632 804 nius(l3):
2665 748 2788 788 nam
2825 741 3051 786 testatur
3074 731 3340 786 Eusebius
3364 731 3475 801 (14)
3508 731 3573 783 ad
3605 745 3702 784 sua
3730 742 3902 796 usque

2343 839 2588 897 tempora
2638 827 2901 894 integram
2955 826 3133 880 adhuc
3177 825 3535 895 perdurasse.
3586 833 3746 892 atque
3782 821 3903 875 inde

2345 917 2678 970 uberrimam
2729 914 3010 970 materiam
3063 915 3128 968 ad
3178 929 3332 968 suam
3388 912 3678 967 Historiam
3730 911 3944 969 'eccle»

2343 1009 2622 1064 siasticam
2671 1008 3060 1061 contexendam
3101 1023 3158 1065 se
3194 1008 3477 1076 collegisse
3528 1004 3684 1076 grato
3722 1005 3903 1057 animo

2343 1100 2645 1171 proﬁtetur.

2358 1249 2366 1256 ,
2426 1191 2612 1259 Neque
2661 1204 2790 1244 vero
2823 1189 2956 1245 suis.
2985 1189 3144 1243 etiam
3191 1190 3407 1258 scriptis
3441 1188 3735 1243 Ecclesiam
3785 1185 3908 1239 illu-

2343 1293 2518 1338 strare
2573 1282 2780 1336 destitit
2817 1281 3136 1334 Alexander.
3172 1282 3406 1355 Aliquot
3453 1280 3598 1333 enim
3647 1277 3908 1348 epistolas

2343 1374 2564 1442 scripsit
2589 1373 2654 1426 ad
2690 1371 3018 1430 Autinoitas.
3050 1387 3112 1425 ex
3142 1387 3370 1447 quarum
3401 1386 3506 1424 una
3541 1370 3906 1447 fragmentum

2343 1468 2575 1521 recitant
2636 1465 2902 1519 Eusebius
2957 1463 3065 1533 (15)
3126 1447 3288 1533 atque
3356 1461 3716 1533 Hieronymus
3770 1459 3903 1529 (16).

2349 1576 2367 1608 ι
2398 1557 2626 1625 Scripsit
2657 1567 2711 1610 et
2739 1557 2900 1610 aliam
2930 1557 2993 1609 ad
3022 1551 3544 1624 Antiochensesper
3568 1552 3906 1607 Clementem

2341 1646 2718 1715 presbyterum
2744 1645 3104 1706 Alexandria},
3142 1664 3160 1696 1
3191 1646 3319 1698 dum
3354 1645 3568 1698 vinctus
3598 1643 3650 1694 in
3687 1655 3912 1695 carcere

2342 1735 2674 1788 detineretur
2704 1754 2716 1787 :
2769 1754 2784 1785 1
2817 1750 2917 1789 nec
2944 1749 3050 1787 non
3087 1735 3152 1789 ad
3183 1733 3473 1805 'Origeuem
3499 1774 3513 1796 ,
3558 1741 3610 1786 et
3644 1747 3741 1800 pro
3789 1731 3909 1785 Ori-

2347 1840 2481 1893 gene
2521 1836 2708 1878 contra
2753 1824 3117 1890 Demetrium;
3157 1848 3175 1875 ι
3222 1815 3561 1879 νοτὶηιέυηι
3595 1821 3909 1892 Hieronymi

2348 1915 2384 1968 l.
2419 1932 2467 1971 c.
2503 1915 2703 1969 Harum
2749 1916 3098 1986 epistularum
3137 1916 3459 1985 fragmenta,
3501 1924 3661 1985 prout
3693 1921 3913 1967 exstant

2349 2009 2489 2075 apud
2519 2005 2809 2061 Eusebium
2842 2007 2976 2072 (17),
3004 2022 3128 2060 cum
3165 2007 3310 2062 notis
3333 2007 3401 2062 cl.
3430 1997 3630 2061 Valesii
3663 2011 3768 2059 su‘o
3791 1997 3913 2058 loco
3946 2028 3948 2030 τ

2351 2099 2404 2151 in
2442 2099 2676 2152 medium
2701 2090 3052 2173 adduximus.

1647 2447 1786 2556 ε.
1862 2419 2956 2559 Amazonum:

1079 2657 1355 2742 Primum
1384 2647 1847 2737 Cappadocum,
1881 2655 2116 2718 deinde
2150 2655 2715 2735 Hierosolymitani
2752 2658 3036 2733 episcopi
3066 2667 3124 2720 et
3157 2633 3476 2739 martyris,

1471 2835 2184 2957 FRAGMENTA
2255 2793 3141 2950 EPISTOLARUM.

1281 3135 1520 3214 I'Ipistola
1555 3145 1622 3196 ad
1655 3144 2044 3196 Antiochenses.
2081 3145 2232 3213 Apud
2260 3142 2546 3197 Eusebium
2581 3142 2721 3195 Hist.
2751 3144 2875 3196 θεοί.
2901 3143 2995 3197 lib.
3027 3157 3101 3208 vt,
3133 3160 3246 3212 cap.
3283 3140 3364 3198 H.

755 3264 1075 3328 Alexander,
1123 3278 1312 3318 servus
1363 3263 1453 3317 Dei
1485 3273 1537 3318 et
1586 3265 1799 3318 vinctus
1843 3261 1971 3316 Jesu
2019 3262 2242 3328 Christi,
2279 3270 2319 3324 Β

685 3356 1009 3411 beatissima;
1049 3355 1495 3410 Antiochensium
1523 3357 1780 3409 Ecclesim
1809 3355 1862 3407 in
1893 3354 2121 3408 Domino
2154 3369 2241 3407 sa-

686 3451 870 3503 lutem.
903 3447 1158 3518 Expedita
1185 3449 1314 3502 mibi
1346 3463 1409 3502 ac
1452 3448 1587 3501 levia
1633 3448 1846 3501 vincula
1899 3447 2040 3501 Deus
2069 3447 2243 3501 effecit

686 3541 946 3593 custodiae
991 3554 1123 3592 mea;
1161 3547 1418 3605 tempore,
1450 3548 1735 3606 postquam
1766 3541 2023 3607 comperi,
2054 3523 2239 3592 Ascle-

689 3630 899 3698 piadem
939 3630 1113 3682 virum
1154 3627 1276 3681 lidei
1314 3628 1508 3681 merito
1541 3630 1774 3684 maxime
1809 3631 2084 3694 idoneum,
2117 3645 2243 3684 san-

688 3720 944 3774 ctissima:
976 3718 1228 3772 Ecclesiae
1265 3715 1457 3772 vestrae
1480 3721 1847 3787 episcopatum
1894 3722 2074 3775 divina
2115 3734 2240 3790 pro-

686 3812 925 3866 videntia
959 3813 1286 3881 suscepisse.
1317 3811 1486 3864 Porro
1511 3813 1608 3864 bas
1641 3813 1869 3876 litteras,
1895 3813 2100 3867 domini
2132 3813 2239 3866 fra-

689 3913 819 3964 tres,
851 3917 943 3970 per
988 3901 1200 3954 beatum
1236 3901 1607 3968 presbyterum
1655 3899 1981 3954 Clementem
2031 3903 2096 3955 ad
2138 3918 2236 3957 vos

688 3994 832 4058 misi,
866 3995 1042 4046 virum
1086 3994 1280 4045 virtute
1314 3992 1592 4059 praeditum
1623 4001 1677 4044 et
1714 3991 1994 4059 prehatum
2032 4011 2043 4044 :
2075 4008 2236 4060 quem

687 4092 785 4130 vos
815 4088 866 4131 et
900 4080 1070 4131 nostis
1093 4080 1225 4146 jatn,
1255 4088 1309 4131 et
1335 4079 1565 4145 amplius
1596 4081 1952 4148 cognoscetis.
1986 4079 2086 4144 Qui
2118 4083 2238 4149 qui-

689 4169 808 4222 dem
853 4167 944 4222 Dei
997 4178 1129 4222 nutu
1173 4185 1234 4222 ac
1281 4170 1634 4237 providentia,
1664 4171 1791 4223 dum
1833 4171 1920 4224 hic
1950 4171 2091 4238 apud
2136 4187 2236 4224 nos

690 4273 925 4327 praesens
973 4267 1134 4321 esset,
1167 4257 1460 4312 Ecclesiam
1490 4259 1690 4316 Christi
1733 4270 1784 4314 et
1815 4260 2158 4318 conﬁrmavit
2185 4270 2238 4314 et

691 4362 1016 4418 magnOpere
1046 4348 1212 4399 auxit.

763 4504 874 4571 (10)
917 4502 1134 4572 Dionys.
1157 4502 1330 4563 Alcx.,
1350 4503 1488 4570 apud
1510 4501 1704 4556 Euseb.
1734 4501 1870 4555 Hist.
1888 4504 2016 4559 εισι.
2038 4505 2132 4560 lib.
2163 4520 2239 4568 Vt,

691 4591 809 4626 can.
839 4576 924 4626 46.

758 4592 809 4710 (1
825 4592 1157 4705 1ἶο111ιξτοηη
1180 4641 1251 4692 De
1276 4641 1370 4692 vir.
1406 4639 1626 4702 illusit,
1656 4655 1774 4707 cap.
1803 4641 1899 4692 62..

765 4711 873 4778 (12)
915 4712 1136 4773 Euseb.,
1165 4710 1358 4762 Chron.
1395 4713 1457 4762 ad
1492 4725 1616 4760 ann.
1655 4711 1959 4766 ulcccxvn.

732 4782 736 4786 '
765 4781 875 4844 (15)
915 4780 1132 4842 Baron.,
1168 4782 1231 4832 ad
1261 4797 1386 4832 ann.
1417 4780 1540 4836 955.
1578 4778 1604 4847 §
1633 4779 1753 4832 125.

766 4849 874 4914 (14)
913 4849 1133 4912 Euseh.,
1172 4849 1313 4902 Hist.
1344 4850 1466 4902 εει-ι.
1506 4848 1598 4901 lib.
1632 4864 1705 4913 vt,
1733 4863 1848 4917 cap.
1874 4849 1964 4903 20.

767 4917 877 5040 (15)
920 4919 993 4998 Id.
1029 4920 1181 4980 ibid.,
1212 4935 1328 4987 cap.
1368 4920 1450 4970 11.

767 4984 854 5040 (16
918 4985 1154 5040 Hieron”
1184 4989 1216 5040 l.
1251 5005 1298 5040 c.

767 4984 876 5049 (16)
918 4985 1154 5051 Hieron.,
1184 4989 1216 5040 l.
1251 4984 1298 5042 οῖ

768 5054 879 5125 (17)
921 5055 1135 5117 Euseb.,
1168 5058 1304 5110 Hist.
1333 5058 1457 5110 εει-ί.
1487 5057 1576 5109 lib.
1611 5072 1682 5120 \‘l,
1728 5071 1878 5125 Capp.
1909 5057 1993 5119 H,
2031 5059 2115 5118 M,
2151 5060 2237 5112 19.

771 5124 879 5196 (18)
905 5125 1123 5190 Δοῦλος
1145 5129 1511 5196 Kupt’ov(sic).
1536 5128 1590 5178 in
1614 5124 1806 5179 codice
1831 5127 1988 5188 Med,
2016 5128 2152 5181 Maz.
2190 5139 2243 5181 et

700 5192 832 5266 Fuk.
894 5196 1170 5266 inscriptio
1223 5192 1388 5266 hujus
1423 5197 1661 5266 epistolae
1692 5197 1845 5266 aliter
1893 5197 2102 5264 legitur.
2143 5200 2242 5249 hoc

700 5265 855 5335 modo
906 5282 927 5335 3
975 5264 1311 5335 Ἀλέξανδρος
1354 5269 1382 5318 ὁ
1437 5264 1616 5335 δοῦλος
1663 5265 1754 5317 καὶ
1795 5264 2010 5334 δέσμιος
2069 5267 2240 5335 Ἰησοῦ

697 5333 929 5403 Χριστοῦ
952 5350 964 5361 ·
998 5335 1194 5403 quibus
1225 5333 1491 5388 Consentit
1527 5334 1706 5386 Bulini
1741 5333 2126 5403 interpretatio.

770 5403 876 5471 (19)
908 5404 1063 5454 Κατὰ
1094 5402 1198 5454 τὸν
1224 5405 1426 5469 καιρὸν
1446 5404 1553 5470 τῆς
1578 5401 1829 5470 εἱρκτῆς.
1867 5402 2015 5458 Hanc
2039 5406 2239 5472 episto-

699 5471 802 5524 lam
832 5474 1045 5538 scripsit
1069 5473 1361 5524 Alexander
1386 5472 1620 5526 fervente
1642 5473 1818 5524 adhuc
1844 5471 2234 5538 persecutione,

697 5558 818 5594 cum
873 5551 992 5593 esset
1023 5543 1075 5593 in
1101 5542 1344 5602 vinculis,
1377 5544 1600 5595 necdum
1633 5544 1696 5594 ad
1725 5542 2090 5611 episcopatum
2119 5542 2240 5594 Hie-

699 5625 803 5680 ros'
882 5627 1090 5662 morum
1144 5611 1367 5669 ascitus.
1418 5621 1476 5662 ut
1527 5627 1591 5663 ex
1640 5612 1722 5664 bis
1764 5612 1940 5664 verbis
1995 5621 2234 5680 apparet.

700 5679 759 5730 Hi
890 5690 958 5740 st,
985 5680 1125 5750 quod
1152 5680 1225 5750 _in
1250 5680 1606 5750 inscriptione
1646 5681 1884 5750 epistola:
1913 5683 2145 5750 appellat
2181 5697 2238 5734 se

699 5765 725 5799 τ
890 5766 920 5800 11
968 5748 1092 5802 Iesu
1134 5748 1348 5803 Christi.
1397 5748 1473 5802 Ex
1523 5748 2149 5818 quo'coulicitur,‘male
2184 5751 2271 5824 inv

2430 3262 2988 3334 ’Δλέξανδρος,δοῦ).ος
3009 3263 3134 3334 ’(18)
3169 3267 3262 3316 καὶ
3297 3264 3514 3335 δέσμιος
3570 3265 3746 3337 Ἰησοῦ
3779 3268 3919 3338 Χρι-

2345 3350 2491 3413 στοῦ,
2514 3354 2579 3421 τῇ
2604 3352 2846 3422 μακαρίᾳ
2861 3353 3172 3422 Ἀντιοχέων
3189 3354 3479 3425 Ἐκκλησίᾳ
3505 3358 3561 3408 ὲν
3586 3342 3916 3429 Κυρίιρχαίε

2345 3460 2478 3514 ρειν.
2523 3442 2761 3514 Ἐλαφρά
2812 3461 2900 3513 μοι
2955 3444 3048 3498 καὶ
3099 3444 3275 3514 κοῦφα
3318 3448 3386 3500 τὰ
3419 3447 3592 3517 δεσμὰ
3639 3451 3667 3501 ὁ
3715 3451 3918 3519 Κύριος

2343 3534 2562 3603 ἐποίησε
2595 3533 2736 3586 κατὰ
2758 3535 2846 3586 τὸν
2875 3534 3059 3606 καιρὸν
3081 3535 3182 3604 τῆς
3209 3538 3430 3606 εἱρκτῆς
3466 3538 3600 3607 (19),
3629 3539 3914 3611 πυθομένη.

2343 3626 2440 3696 τῆς
2473 3625 2633 3692 ἁγίας
2667 3625 2817 3695 ὑμῶν
2849 3625 2954 3678 τῶν
2969 3626 3282 3696 Ἀντιοχέων
3300 3625 3624 3696 Ἐκκλησίας
3648 3628 3792 3681 κατὰ
3817 3634 3918 3699 τὴν

2345 3717 2496 3770 θείαν
2554 3709 2806 3787 πρόνοιαν
2879 3717 3274 3788 ’Δσκληπιάδην
3333 3717 3423 3768 τὸν
3482 3719 3918 3788 ἐπιτηδειότατοι

2346 3809 2465 3861 κατ’
2503 3805 2657 3870 ἀξίαν
2704 3805 2799 3876 τὴν
2834 3807 3012 3860 πίστιν
3047 3808 3144 3876 τῆς
3189 3808 3488 3878 ἐπισκοπῆς
3520 3810 3629 3878 (9.0)
3666 3811 3921 3880 ἐγκεχει-

2347 3896 2808 3970 ρισμένον.Ταῦτα
2829 3899 2884 3951 δὲ
2910 3901 3056 3970 ὑμῖν.
3078 3899 3254 3970 κύριοί
3281 3916 3379 3968 μου
3401 3898 3636 3968 ἀδελφοὶ,
3651 3900 3721 3951 τὰ
3742 3903 3916 3973 γράμ-

2325 4008 2490 4060 ,ματα
2515 3988 2806 4041 ἀπέστειλα.
2826 3989 2910 4042 διὰ
2934 3990 3241 4060 Κλήμεντος
3263 3989 3354 4041 τοῦ
3382 3990 3649 4058 μακαρίου
3677 3992 3920 4061 πρεσϐυς

2341 4083 2494 4151 τέρου
2514 4081 2625 4151 (⁵21)
2647 4121 2662 4144 ,
2696 4073 2884 4149 ἀνδρὸς
2908 4081 3160 4150 ἐναρέτου
3194 4079 3286 4138 καὶ
3311 4080 3530 4147 δοκίμου
3550 4095 3564 4109 ο
3593 4080 3649 4132 ὃν
3682 4079 3797 4134 ἴστε
3824 4083 3920 4134 καὶ

2342 4175 2498 4241 ὑμεῖς
2531 4173 2623 4224 καὶ
2658 4169 3020 4239 ἐπιγνώσεσθε
3041 4189 3052 4201 ·
3093 4173 3150 4234 ὃς
3184 4173 3275 4224 καὶ
3324 4170 3507 4224 ἐνοὰδε
3553 4172 3743 4241 παρὼν
3776 4175 3921 4228 κατὰ

2340 4265 2438 4333 τὴν
2483 4257 2735 4332 πρόνοιαν
2769 4261 2861 4314 καὶ
2896 4263 3193 4331 ἐπισκοπὴν
3226 4262 3317 4313 τοῦ
3361 4261 3647 4324 Δεσπότου,
3676 4264 3913 4336 ἐπεστή-

2347 4351 2456 4423 ριξέ
2491 4369 2549 4403 τε
2575 4351 2670 4402 καί
2693 4348 2894 4418 ηὔξησε
2924 4348 3020 4419 τὴν
3050 4350 3163 4401 τοῦ·
3184 4351 3387 4424 Κυρίου
3416 4349 3767 4421 Ἐκκλησίαν.

2342 4504 2601 4560 Chronico
2629 4500 2842 4557 Eusebii
2879 4503 3212 4572 Asclepiadis
3246 4502 3641 4572 ordinationem
3666 4507 3914 4560 conferri

2347 4575 2402 4628 in
2431 4589 2631 4627 annum
2667 4575 2899 4640 primum
2934 4571 3187 4626 Antonini
3221 4573 3530 4635 (Zaracaliae.
3561 4571 3692 4626 Nam
3723 4576 3920 4629 Ascle-

2344 4645 2518 4710 piadis
2561 4644 2828 4694 ordinatio
2861 4644 3088 4707 contigit
3133 4643 3322 4694 eodem
3353 4651 3610 4711 tempore,
3640 4660 3750 4711 quo
3780 4647 3917 4698 A‘le-

2347 4708 2550 4766 iander
2577 4711 2645 4762 ob
2669 4713 2957 4764 Christiani
2990 4712 3224 4763 nominis
3263 4708 3670 4765 confessionem
3695 4715 3747 4766 in
3786 4732 3915 4767 car-

2345 4795 2527 4851 cerem
2561 4781 2832 4851 conjectus
2869 4791 2970 4832 est.
3003 4780 3054 4830 ld
3087 4789 3266 4851 autem
3309 4782 3569 4851 accidisse
3600 4785 3914 4851 principatu
3945 4803 3948 4807 ·

2347 4846 2530 4901 Severi
2562 4846 2672 4915 ipse
2704 4850 2967 4902 Eusebius
3002 4858 3228 4900 testatur
3257 4849 3307 4900 in
3337 4846 3610 4902 Chronico:

2413 4918 2534 4987 (20)_
2548 4921 2686 4987 Κατ’
2711 4920 2888 4983 ἀξίαν
2913 4918 3024 4983 τὴν
3053 4919 3258 4969 πίστιν
3279 4918 3385 4984 τῆς
3413 4920 3770 4984 ἐπισκοπῆς.
3801 4919 3913 4974 Re-

2342 4987 2482 5040 ctius
2504 4985 2870 5056 Nicephorus.
2904 4988 3022 5037 κατ’
3054 4987 3206 5049 ἀξίαν
3232 4987 3325 5055 τῆς
3362 4989 3613 5049 πίστεως,
3645 4991 3742 5055 τὴν
3781 4992 3914 5042 ἐπι-

2343 5056 2546 5126 σκοπὴν
2592 5056 3080 5126 ὲγκεχειρισμένον.
3126 5056 3278 5121 Quod
3333 5058 3445 5110 sive
3495 5074 3556 5109 ex
3596 5057 3755 5115 libro.
3790 5061 3916 5112 sive

2343 5075 2546 5126 σκοπην
2592 5075 3080 5177 εγκεχεὲρισμενον.
3126 5075 3278 5121 quon
3333 5075 3445 5110 swe
3495 5075 3556 5109 ex
3596 5075 3755 5115 nnro.
3790 5075 3911 5112 sive

2343 5127 2744 5245 exdeonjectura
2823 5127 3109 5193 icepltorus
3135 5127 3380 5188 ediderit,
3413 5127 3636 5179 omnino
3665 5129 3911 5193 probum

2343 5211 2393 5245 vi
2435 5205 2572 5245 ctur.
3387 5233 3390 5237 .

2343 5205 2572 5248 Videtur.
3387 5233 3390 5237 '

2413 5266 2521 5332 (9.1)
2550 5265 2648 5318 Διὰ
2675 5265 3015 5331 Κλήμεντος
3038 5263 3142 5316 τοῦ
3161 5262 3452 5332 μακαρίου
3467 5263 3907 5332 πρεσϐυτέρου.

2345 5329 2428 5386 De
2463 5329 2735 5388 Clemente
2789 5329 3283 5386 Alexandrinuhic
3333 5330 3476 5396 loqui
3532 5329 3909 5387 Alexandrum

2345 5409 2547 5470 putarit
2600 5403 2956 5472 Hieronymus
3005 5403 3059 5472 in
3082 5398 3385 5472 _Cata_logo.
3439 5398 3606 5472 Certe
3643 5401 3722 5450 (12.
3743 5417 3913 5455 mens

2343 5468 2739 5526 Alexandrinus
2768 5468 2940 5539 usque
2973 5471 3038 5523 ad
3076 5469 3257 5523 Severi
3288 5480 3526 5539 tempora
3560 5468 3627 5518 vit
3655 5485 3723 5519 ml
3771 5485 3913 5537 pro-

2344 5541 2514 5603 duxit,
2541 5552 2595 5596 et
2639 5545 2688 5595 in
2728 5545 2809 5613 his
2855 5536 3162 5613 regionibus
3195 5536 3561 5613 peregrinatus
3597 5548 3698 5613 est,
3733 5536 3789 5589 ut
3822 5540 3915 5613 i_j-_

2346 5601 2510 5665 semet
2538 5623 2762 5667 testatur
2797 5611 2848 5662 in
2890 5601 2980 5661 lib.
3015 5624 3030 5659 l
3060 5601 3362 5660 Stromatei.
3397 5601 3499 5658 Sed
3527 5616 3580 5656 et.
3605 5601 3912 5661 Alexandri

2343 5682 2578 5749 episcopi
2631 5681 2912 5734 familiaris
2949 5675 3080 5749 fuit;
3113 5676 3197 5726 eui
3246 5674 3405 5749 etiam
3455 5675 3663 5749 librunr
3697 5677 3911 5727 dicavit

2344 5742 2418 5803 De
2469 5742 2819 5806 ecclesiastica
2875 5746 3077 5821 regula,
3112 5758 3206 5797 seu
3261 5745 3518 5800 adversus
3564 5742 3798 5803 Judzcos.
3846 5756 3913 5798 ut
