4104 6350
198 451 300 505 209

988 456 1045 511 S.
1091 457 1410 513 ANATOLII
1450 457 1915 514 ALEXANDRINI
1952 459 2178 514 CANON
2213 457 2643 513 PASCHALIS."

204 574 267 628 lis
294 572 605 635 Anatoliani
630 577 838 646 primus
867 578 1033 632 edidit
1059 595 1123 634 ac
1149 563 1464 635 doctissimo
1484 594 1757 633 commen-
1789 587 1833 641 Α
1861 582 1964 635 rito
1995 582 2327 652 arguendum
2359 581 2621 645 videatur,
2653 580 2856 649 reliqua
2888 580 3086 649 pariter
3127 593 3246 647 qua:
3276 594 3415 647 prte-

205 659 347 716 tario.
373 662 671 718 illustravit
700 664 767 717 ad
805 665 1005 719 calcem
1045 665 1262 722 Victorii
1300 667 1576 737 Aquitani,
1604 666 1756 738 Egi-

204 748 323 803 dius
355 747 659 805 Bucherius
688 750 787 821 (8).
827 751 1020 807 Ruﬁno
1048 756 1249 823 passim
1298 757 1556 810 tribuitur
1613 757 1755 811 illius

204 837 437 892 Canonis
453 841 655 903 versio,
677 841 991 898 Eusebiana:
1010 845 1131 913 ejus
1150 844 1386 900 historia:
1407 845 1507 899 for:
1517 862 1636 901 asse
1661 848 1757 899 ad-

202 926 492 997 jungenda,
522 938 583 983 ut
608 932 829 998 conjicit
874 935 943 987 cl.
983 933 1337 990 Fontaninius
1370 935 1467 1007 (9).
1501 934 1758 992 Noximus

206 1016 370 1077 enim,
399 1014 658 1072 Ruﬁnum
689 1018 908 1075 Eusebii
946 1021 1300 1078 Caesariensis
1334 1022 1623 1078 Historiam
1656 1024 1758 1079 La-

209 1108 314 1161 tine
341 1106 562 1175 quidem
596 1109 846 1174 vertisse,
876 1113 968 1166 sed
997 1112 1159 1167 etiam
1203 1112 1576 1183 interpelasse.
1606 1113 1760 1179 Quod

206 1196 256 1249 lu
287 1197 484 1265 primis
509 1198 691 1281 videre
722 1208 808 1259 est
840 1201 894 1254 in
922 1202 988 1257 iis
1018 1218 1139 1272 quae
1169 1202 1360 1258 litteris
1402 1204 1620 1257 tradidit
1649 1204 1761 1271 (10)

207 1284 268 1338 de
301 1294 495 1338 sancto
520 1283 782 1355 Gregorio
808 1286 1212 1357 Thaumaturgo
1243 1307 1258 1344 :
1284 1291 1373 1343 ubi
1404 1300 1597 1358 praeter
1624 1308 1760 1349 non-

208 1375 351 1428 nulla
379 1376 638 1443 praeclara
665 1376 785 1444 ejus
819 1389 967 1446 gesta
990 1396 1018 1431 a
1048 1377 1308 1448 Gregorio
1340 1376 1581 1448 Nysseno
1605 1396 1763 1434 enar-

209 1474 341 1527 rata,
367 1467 633 1519 celebrem
668 1477 922 1536 praeterea
966 1468 1134 1537 ipsius
1181 1467 1334 1523 Fidei
1383 1472 1762 1538 expositionem

209 1554 459 1612 intexuit.
481 1556 660 1610 Alium
692 1573 909 1626 quoque
940 1558 1115 1613 locum
1147 1560 1526 1627 interpolatum
1548 1562 1765 1616 adducit

207 1642 441 1699 Jacobus
468 1643 719 1700 Usscrius
756 1646 891 1715 (ll),
927 1656 984 1698 ut
1010 1647 1257 1701 laudatus
1290 1647 1645 1703 Fontaninius
1670 1650 1765 1702 ad-

211 1734 383 1786 vi-rtit.
420 1732 559 1788 Cum
603 1736 784 1804 itaque
812 1734 1041 1791 Cononis
1072 1738 1379 1791 Anatoliani
1400 1739 1644 1809 longum
1672 1750 1789 1793 ex-‘

211 1830 453 1890 eerptum
503 1823 557 1876 in
601 1837 700 1894 sua
736 1822 978 1878 Historia
1003 1827 1277 1881 retulisset
1310 1826 1594 1892 Eusebius,
1630 1828 1767 1883 inte-

1862 676 2061 729 cedunt
2090 684 2145 729 et
2170 689 2292 743 quae
2319 674 2744 741 subsequuntur,
2773 672 2840 726 ab
2866 671 3051 727 eadem
3084 671 3264 727 Ruﬁni
3299 684 3416 723 ma-
3482 678 3487 685 '

1863 779 1934 817 nu
1966 778 1995 815 e
2021 762 2208 817 Grmco
2242 762 2294 815 in
2325 761 2575 815 Latinum
2604 758 2775 815 luisse
2804 760 3080 815 translata.
3109 757 3264 825 Quod
3299 760 3416 827 qui-

1862 853 1980 905 dem
2035 851 2218 905 mirari
2269 852 2431 913 subi],
2479 850 3105 916 Bucheripm,Caveum,
3150 849 3413 904 Fontani-

1866 943 2012 995 nium
2043 942 2097 995 in
2127 941 2336 1010 primis,
2355 941 2600 1009 aliosque
2625 941 2771 994 viros
2797 927 3040 996 eruditus
3066 941 3411 1011 praeteriisse.

1935 1073 2108 1142 Atque
2134 1072 2259 1126 hinc
2290 1072 2453 1126 etiam
2479 1071 2611 1127 illud
2637 1073 2985 1127 emolumenti
3013 1072 3238 1137 accedit,
3272 1071 3414 1141 quod

1865 1180 1929 1218 ex
1967 1164 2273 1218 Eusebiano'
2318 1171 2594 1231 excerpto‘
2623 1160 2923 1217 Ruﬁnianus
2968 1162 3234 1217 versionis
3266 1168 3417 1215 com-

1866 1254 2120 1323 probetur
2151 1252 2429 1323 integritas
2460 1272 2473 1307 :
2504 1265 2558 1306 et
2586 1267 2651 1307 ex
2689 1267 2752 1307 ea
2787 1260 2997 1307 rursum
3023 1252 3250 1308 Cononis
3276 1253 3419 1304 Ana-

1868 1344 2054 1398 toliani
2104 1343 2357 1397 αὑθεντία
2408 1344 2791 1409 conﬁrmetur;
2838 1358 3000 1413 quam
3050 1353 3228 1397 tamen
3275 1339 3420 1395 nulla

1867 1436 2113 1492 codicum
2149 1452 2280 1490 mss.
2308 1437 2649 1501 auctoritate,
2677 1435 2838 1489 nullis
2888 1443 3126 1489 veterum
3175 1434 3419 1488 testimo-

1869 1527 1974 1580 niis
2002 1526 2277 1589 addnctis,
2303 1527 2556 1596 nullaque
2585 1527 2792 1581 ratione
2841 1526 3065 1587 reddita,
3093 1524 3222 1594 quin
3252 1532 3308 1578 et
3334 1523 3422 1576 ina

1869 1615 1980 1669 vito
2014 1614 2249 1669 Eusebio
2273 1625 2433 1684 atque
2461 1615 2737 1669 obnitente
2763 1613 2979 1679 Ruﬁno,
3008 1613 3217 1668 elevare
3255 1623 3423 1664 ausus
3454 1610 3465 1615 ’

1869 1714 1947 1757 est
1976 1700 2257 1771 Dupinius.
2292 1702 2360 1758 Ut
2381 1704 2508 1757 illud
2540 1704 2627 1756 hic
2647 1703 2981 1767 omittamus,
3014 1701 3261 1756 eumdem
3283 1700 3426 1753 Ana.

1873 1793 1985 1845 tolii
2020 1791 2283 1845 Cononem
2326 1792 2527 1861 passim
2558 1790 2767 1845 laudari
2813 1806 2844 1844 a
2890 1790 3031 1844 Beda
3060 1790 3129 1843 iis
3174 1790 3227 1843 in
3264 1787 3421 1851 locis,

208 1878 358 1980 εαξη,
408 1911 541 1987 ἰηιΙᾴ
588 1878 777 1968 Lal'ine
819 1878 1768 1987 reddi
1798 1929 1841 1982 Β
1869 1898 1991 1951 qua:
2024 1881 2253 1936 inferius
2281 1897 2312 1935 a
2341 1882 2606 1936 Bucherio
2628 1878 2859 1935 excitata
2890 1880 3071 1935 videas
3096 1879 3230 1948 (l3).

208 2001 423 2056 demum
457 2004 558 2059 hac
585 2006 652 2059 de
676 2021 733 2061 re
760 2006 1008 2062 dubitare
1034 2008 1223 2062 sinunt
1251 2012 1493 2073 omnino,
1523 2026 1643 2079 qua:
1668 2012 1765 2063 ha-

212 2091 296 2144 bet
342 2092 487 2146 idem
537 2094 765 2151 Ruﬁnus
794 2098 848 2150 in
876 2113 975 2152 sua
1020 2097 1338 2153 Eusebianm
1372 2099 1621 2154 Historia.-
1651 2116 1767 2155 vcr-

210 2180 590 2251 sione(l%),ad
611 2186 847 2242 Anatolii
880 2187 1144 2243 Cononem
1175 2191 1517 2259 pertinentia.
1542 2189 1597 2244 Si
1619 2192 1767 2248 enim

207 2285 270 2324 ea
296 2270 652 2329 conferantur
674 2291 800 2331 cum
827 2277 892 2331 iis
919 2293 1040 2347 quae
1069 2280 1209 2348 apud
1242 2290 1475 2335 veterem
1506 2282 1770 2351 interpre-

209 2365 316 2411 tem
350 2357 751 2416 Bucbcrianum
781 2361 970 2418 (ΣΙ-προ
1012 2367 1178 2431 textui
1214 2370 1560 2438 respondent,
1585 2370 1769 2425 omnia

210 2450 366 2516 plane
393 2447 683 2507 Ruﬁniana
715 2468 839 2509 esse
873 2453 1224 2523 perhibentur
1256 2476 1269 2511 :
1301 2467 1359 2511 ut
1393 2460 1617 2528 proinde
1646 2476 1761 2517 mc-

1942 2012 2096 2068 llunc
2137 2015 2318 2083 itaque
2343 2015 2515 2069 sancti
2539 2012 2715 2069 Patris
2743 2014 2913 2068 nostri
2939 2013 3228 2082 genuinum
3254 2011 3421 2066 l’etum

1870 2105 2187 2157 exhibemus
2214 2120 2279 2157 ex
2308 2114 2558 2159 accurata
2584 2106 2744 2160 unica
2768 2103 3018 2159 Bucherii
3047 2102 3298 2165 editione,
3328 2102 3422 2154 ad-

1867 2192 2027 2264 jectis
2050 2190 2251 2248 Graecis
2280 2192 2596 2250 Eusebianis
2623 2210 2746 2249 cum
2768 2193 2957 2251 Latina
2988 2194 3424 2264 interpretatione

1875 2272 2139 2353 notisque
2179 2281 2396 2339 Valesii.
2440 2284 2521 2339 Ad
2574 2285 2689 2340 haec
2740 2285 2948 2341 accedit
2994 2283 3424 2339 Commentarios

1876 2371 2121 2440 ejusdem
2149 2372 2417 2441 Bucherii,
2449 2391 2558 2445 quo
2588 2374 2771 2431 Conon
2796 2376 3148 2431 Anatolianus
3195 2375 3427 2434 maxime

1880 2462 2202 2517 illustratur.
2880 2482 2890 2487 '

222 2636 3394 2677 ——________.____________________________

722 2740 868 2941 AS.
1004 2817 1751 2947 ANATOLII
1846 2823 2922 2951 ALEXANDRINI

1179 3071 1659 3187 CANON
1736 3078 2503 3192 PASCHALIS

280 3288 330 3349 Ε
364 3290 557 3351 veteri
616 3306 730 3348 ms.
767 3305 1043 3364 primum
1098 3308 1160 3351 In
1217 3290 1421 3351 lucem
1467 3291 1679 3428 ﬁditlns
1719 3292 2016 3433 ‘etsbrevji
2080 3300 2532 3361 commentario
2588 3301 2943 3366 illustratus
2983 3304 3062 3364 ab
3104 3304 3355 3382 Egidio

1516 3387 1589 3430 uc
1616 3387 1777 3431 leno
1851 3388 1947 3431 OC.
2022 3392 2161 3433 esu.

1516 3387 1777 3431 ueneno
1809 3387 1947 3431 δυο.
1984 3387 2161 3434 JCSU.

158 3701 160 3703 >
447 3674 1002 3769 Pirersi_nrncrsorain
1034 3680 1242 3769 (ὅπως.
1278 3680 1549 3769 Hippolyti
1582 3687 1776 3769 epotus.
1808 3695 1850 3751 ο
1884 3701 2080 3742 norum
2122 3683 2382 3741 circulum
2418 3694 2809 3753 compntantes,
2850 3699 3125 3753 nunquam
3148 3685 3213 3739 ad
3244 3701 3440 3741 veram
3518 3662 3535 3678 ’

287 3744 543 3867 ﬁeri?!“
594 3760 791 3801 LXXXIV
851 3744 1660 3826 annorum/Locus'Origcnis
1715 3760 1777 3811 de

336 3832 426 3867 asc
465 3826 573 3867 ate.

336 3831 573 3871 ascnatc.

284 3948 360 4002 De
392 3949 604 4003 ratione
636 3949 999 4006 ordinationis
1026 3960 1330 4022 temporum
1350 3971 1415 4012 ac
1444 3958 1777 4013 vicissitudi-

211 4056 348 4094 num
397 4041 587 4096 mundi
636 4041 856 4104 dicturi,
920 4041 1264 4100 diversorum
1313 4048 1774 4117 computariorum

210 4130 351 4185 scita
380 4145 663 4198 ponemus.
696 4130 798 4195 Qui
838 4130 979 4185 luna
1013 4136 1392 4191 tantummodo
1424 4151 1587 4191 cursu
1628 4148 1778 4190 com-

216 4228 433 4288 putato,
465 4219 604 4274 solis
629 4234 915 4274 ascensum
936 4221 1370 4296 descensumque
1390 4224 1775 4293 relinquentes,

218 4307 471 4365 ὥρα-ιω
496 4310 729 4365 circulos
765 4310 979 4381 sibique
1015 4315 1353 4381 conuarios,
1398 4326 1455 4370 et
1485 4314 1541 4367 in
1569 4313 1777 4368 calculo

217 4415 369 4457 vera:
420 4398 846 4469 computationis
897 4418 1176 4475 nunquam
1225 4404 1494 4471 inventos,
1550 4405 1777 4474 adjectis

215 4493 549 4563 quibusdam
603 4493 1027 4563 problematibus
1059 4536 1077 4561 ,
1144 4505 1598 4561 construxerunt,
1652 4512 1778 4551 cum

212 4591 431 4639 certum
461 4582 554 4649 sit,
571 4584 993 4657 computationis
1012 4584 1297 4648 rationem,
1327 4585 1531 4654 absque
1557 4584 1640 4639 his
1662 4601 1781 4639 am-

220 4676 399 4731 bobus
424 4676 588 4729 simul
620 4675 1094 4739 concurrentibus,
1136 4688 1245 4728 non
1266 4690 1391 4728 esse
1423 4676 1775 4742 probandam.

214 4752 359 4820 Nam
385 4763 524 4819 et’in
550 4766 825 4821 veteribus
857 4764 1279 4832 exemplaribus,
1330 4765 1381 4817 id
1425 4775 1508 4819 est
1540 4764 1780 4823 Hebreis

208 4866 269 4911 ct
290 4854 500 4910 Graecis
523 4855 925 4919 voluminibus,
962 4868 1070 4907 non
1115 4862 1322 4909 tantum
1354 4855 1495 4911 luna:
1534 4874 1777 4925 cursum,

214 4947 313 5004 sed
342 4956 510 5001 cnam
548 4946 680 5000 solis
712 4961 820 4999 non
854 4944 1027 4999 solum
1063 4961 1302 5016 gressus,
1350 4949 1443 5002 sed
1480 4958 1535 5004 et
1566 4950 1781 5021 singula

222 5053 294 5095 ac
330 5035 701 5093 minutissima
744 5035 1012 5089 horarum
1074 5052 1346 5093 momenta
1369 5080 1385 5105 ,
1438 5054 1559 5110 qua:
1595 5040 1650 5094 in
1680 5056 1783 5095 suo

222 5141 507 5202 tempore,
539 5142 665 5182 cum
690 5127 829 5182 ratio
859 5129 1191 5199 poposcerit,
1224 5129 1597 5198 proferemus,
1626 5131 1781 5184 inve—

219 5225 408 5279 nimus
434 5227 768 5289 computata.
825 5216 869 5271 Ε
900 5220 1103 5288 quibus
1140 5217 1467 5291 Hippolth
1482 5236 1570 5279 an
1605 5236 1780 5275 anno—

218 5327 345 5365 rum
391 5311 660 5367 circulum
717 5307 1043 5378 quibusdam
1091 5310 1289 5380 ignotis
1341 5312 1488 5366 lunae
1530 5314 1782 5368 cursibus

218 5400 553 5469 composuit.
587 5399 691 5454 Alii
722 5413 862 5463 xxv,
889 5397 983 5452 alii
1017 5414 1145 5464 xxx,
1184 5403 1429 5457 nonnulli
1455 5418 1655 5457 uxxw
1678 5420 1780 5457 an-

288 5612 369 5752 pq
407 5614 664 5681 Boeben,
692 5613 769 5668 De
783 5613 953 5667 ἄσειν.
985 5624 1249 5691 ιεπιρηρ.
1270 5614 1531 5693 459449.

311 5683 350 5737 9
408 5682 667 5752 Fontan.,
693 5684 835 5740 Hist.
862 5684 1025 5738 litter.
1059 5684 1235 5752 Aquit.
1268 5683 1362 5738 hb.
1386 5701 1439 5750 v,
1470 5700 1519 5740 c.

209 5688 215 5693 ”
288 5682 667 5756 (ξλΐοιιιδιιη
693 5684 835 5740 Hist.
862 5684 1025 5738 litter.
1059 5682 1235 5752 Aquit.
1268 5683 1362 5738 lib.
1386 5701 1439 5750 v,
1470 5700 1519 5740 c.
1553 5685 1641 5751 l5,
1674 5685 1779 5756 5!,

214 5752 653 5894 ’.(ῗῖῗᾟαῦη..
689 5822 833 5880 Hist.
859 5824 984 5880 etet.
1023 5820 1219 5877 Euseb.
1258 5822 1351 5877 lib.
1381 5839 1478 5891 vn,
1509 5839 1558 5881 c.
1581 5823 1673 5879 25.

1862 3775 2101 3830 Pascha
2139 3764 2489 3842 computandi
2532 3774 2798 3827 rationem
2831 3784 3208 3843 pervenerunt.
3233 3772 3432 3831 Verum

1879 3866 2117 3935 majores
2138 3865 2328 3927 nostri,
2369 3862 2715 3919 Hebraeorum
2746 3874 2799 3919 et
2825 3854 3137 3920 Grecoimm
3168 3866 3431 3922 librorum

1876 3954 2187 4024 peritissimi
2209 3953 2519 4026 (lsidorum,
2538 3963 2594 4011 et
2617 3954 3021 4024 Hieronymum,
3035 3954 3446 4011 etClementem.

1876 4046 2045 4117 dico),
2079 4046 2205 4102 licet
2229 4046 2514 4124 dissimilia
2541 4047 2807 4101 mensium
2843 4046 3105 4115 principia
3130 4062 3231 4115 pro
3253 4047 3432 4103 diver-

1876 4139 2037 4194 sitate
2065 4139 2262 4209 linguae
2279 4140 2579 4203 senserint;
2606 4148 2781 4192 tamen
2806 4137 2876 4193 ad
2898 4130 3433 4209 uuameamdetnquc

1877 4228 2102 4286 Pascha:
2128 4232 2489 4287 certissimam
2522 4230 2816 4295 rationem,
2853 4228 2942 4286 die
2963 4238 3020 4284 et
3049 4229 3179 4285 luna
3206 4237 3263 4285 et
3280 4236 3431 4286 tem.

1879 4338 2013 4393 pore
2053 4323 2531 4385 convenientibus,
2563 4334 2774 4375 summa
2807 4321 3157 4377 veneratione
3192 4319 3431 4377 Domini-

1881 4430 1957 4470 (τε
2013 4414 2447 4479 resurrectionis,
2502 4424 2914 4468 consenserunt.
2954 4410 3060 4469 Sed
3094 4421 3151 4468 et
3177 4412 3431 4483 Origenes

1881 4508 2125 4561 omnium
2158 4502 2591 4567 eruditissimus,
2623 4512 2676 4557 et
2706 4502 2897 4558 calculi
2932 4500 3284 4573 componendi
3311 4514 3432 4569 pcr-

1880 4598 2289 4668 spicacissimus
2316 4594 2535 4664 (quippe
2559 4596 2650 4663 qui
2678 4602 2734 4649 et
2758 4593 3053 4665 χαλκευτής
3070 4590 3332 4661 vocatus),
3363 4588 3430 4643 li-

1882 4691 2082 4744 bellum
2132 4688 2208 4741 De
2256 4685 2461 4739 Pascha
2507 4684 2932 4740 luculentissime
2965 4682 3148 4736 edidit.
3208 4677 3267 4733 In
3318 4692 3431 4749 quo

1881 4779 2211 4833 annuntians
2232 4777 2298 4830 de
2330 4776 2419 4829 die
2446 4775 2687 4841 Pascha,
2711 4789 2818 4829 non
2841 4773 3013 4829 solum
3045 4771 3181 4823 luna:
3208 4784 3429 4825 cursum

1880 4878 1935 4923 et
1970 4866 2278 4936 aequinoctii
2322 4868 2609 4922 transitum
2650 4864 2985 4919 intuendum.
3049 4859 3142 4914 sed
3197 4867 3254 4914 et
3299 4861 3433 4917 solis

1883 4968 2280 5020 transcensum,
2328 4961 2574 5014 omnium
2616 4964 2958 5014 tenebrarum
3003 4966 3171 5009 tetras
3208 4953 3433 5009 insidias

1884 5058 1939 5105 et
1967 5047 2290 5103 oﬂ‘endicula
2330 5051 2649 5115 anferentis,
2688 5057 2745 5103 et
2776 5047 2915 5101 lucis
2945 5046 3233 5100 adventum
3264 5053 3437 5099 acto-
3512 5036 3519 5041 ”

1886 5142 1992 5196 tius
2020 5139 2206 5194 mundi
2239 5140 2629 5195 elementorum
2663 5140 2915 5192 virtutem
2942 5146 2996 5191 ct
3018 5135 3431 5206 inspirationem

1886 5228 2179 5296 aﬂerentis,
2224 5246 2347 5287 esse
2376 5229 2700 5287 servandum
2720 5269 2739 5294 ,
2770 5228 2842 5282 ita
2874 5229 3003 5284 dicit
3042 5247 3056 5284 :
3102 5227 3171 5281 In
3198 5226 3317 5288 die,
3350 5224 3433 5277 in-

1885 5321 2021 5390 quit.
2074 5319 2295 5377 Pascha:
2331 5338 2435 5376 ιιοη
2469 5320 2991 5401 ἀίῳριιετυαιιιιιι
3018 5329 3078 5374 ιι
3116 5318 3226 5371 dies
3254 5315 3433 5370 Domi-

1886 5416 2005 5468 nica
2022 5414 2337 5478 inveniatur,
2364 5423 2415 5469 et
2450 5396 2691 5465 (enim
2719 5411 2836 5480 (η)
2860 5411 2970 5465 dies
3001 5408 3322 5470 transeundi,
3342 5401 3433 5458 sed

1980 5609 2067 5677 ll)
2108 5608 2317 5673 Usser.,
2344 5608 2501 5677 Sunt.
2525 5606 2589 5658 de
2613 5602 2762 5677 LXX
2792 5604 3014 5677 Interp.,
3039 5618 3087 5657 c.
3126 5619 3177 5665 v,
3204 5598 3370 5677 μέμ).

1980 5667 2068 5741 123
2108 5667 2312 5741 Ruﬁn.,
2342 5667 2484 5731 Hist.
2517 5677 2642 5728 eccl.
2669 5676 2866 5731 Euseb.
2900 5667 2990 5727 lib.
3024 5689 3116 5733 vn,
3145 5667 3315 5724 eiii}.

1954 5746 2063 5817 (l3)
2104 5749 2222 5803 vsa.
2254 5748 2377 5803 inlr.
2410 5747 2515 5817 col.
2545 5746 2671 5817 ῆι.

1954 5752 2043 5817 (l3
2104 5752 2222 5803 Vid.
2254 5752 2377 5803 intr.
2410 5752 2515 5800 col.
2545 5752 2671 5803 ﬁt.

1954 5752 2065 5889 (id;
2096 5818 2257 5873 Lana
2284 5834 2377 5871 vn.
2410 5815 2567 5871 Forte
2598 5815 2735 5869 lum:
2764 5830 2873 5868 xlv.
2920 5812 3151 5865 Bue-ca.

3302 455 3411 512 210
3530 484 3533 489 ν
