4104 6350
683 419 791 473 ειε
1602 408 1605 411 ’
1796 424 1850 477 s.
1893 424 2214 479 ANATOLII
2251 392 2304 478 iu

2271 405 2711 481 tLEXANnmNt
3498 396 3502 399 ’
3790 435 3892 489 sis

684 537 1135 593 monstrationum
1195 542 1406 609 copiam
1471 543 1683 611 exigere
1745 543 2227 611 praetermittimus,
2262 551 2305 604 Λ

2271 551 2305 604 Α
2331 545 2581 609 τοιαύτας
2628 544 2733 599 τῶν
2774 545 3100 612 ἀποδείξεων
3145 546 3278 610 ὕλας
3329 548 3576 602 ἀπαιτῶν
3633 547 3779 619 (25),
3821 544 3892 603 ὧν

684 630 882 698 quibus
908 632 1145 688 velamen
1175 632 1426 690 Mosaicae
1452 636 1584 704 legis
1613 635 1847 689 ablatum
1881 644 1964 690 est
1994 654 2005 689 :
2036 644 2090 689 et
2115 637 2240 705 qui-

2347 636 2671 707 περιῄρηται
2720 636 2816 706 μὲν
2872 637 2932 690 τὸ
2974 637 3067 690 ἐπὶ
3117 637 3211 690 τοῦ
3271 637 3547 703 Μωῦσέως
3604 639 3750 710 νόμῳ
3795 642 3894 693 κά-

684 719 787 775 bus
817 722 1047 777 revelata
1090 723 1203 792 jam
1265 724 1403 780 facie
1453 725 1749 789 Christum,
1798 726 2111 795 Christique
2140 728 2238 780 do-

2342 725 2552 797 λυμμα·
2602 727 3105 798 ἀνακεκαλυμμένῳ
3149 728 3206 782 δὲ
3263 725 3341 799 τῷ
3386 730 3659 801 προσώπῳ
3715 730 3894 784 λοιπὸν

682 813 912 866 ctrinam
938 822 991 867 et
1025 815 1334 888 passionem
1365 823 1619 885 tanquam
1642 816 1699 869 in
1731 817 1961 885 speculo
1982 816 2235 884 deinceps

2342 816 2439 886 ἤδη
2495 816 2729 887 Χριστὸν
2775 815 2869 870 καὶ
2912 817 2979 870 τὰ
3032 817 3265 889 Χριστοῦ
3318 819 3405 873 ἀεὶ
3449 820 3890 893 κατοπτρίζεσθαι

682 901 879 956 intueri
908 903 1054 958 licet.
1086 904 1353 959 Caeterum
1408 906 1642 974 primum
1676 921 1917 961 mensem
1947 905 2090 975 apud
2123 903 2230 959 lle-

2342 903 2637 975 μαθήματά
2676 922 2735 956 τε
2788 906 2880 957 καὶ
2930 904 3255 976 παθήματα.
3312 906 3416 960 Τοῦ
3460 909 3516 961 δὲ
3549 908 3638 961 τὸν
3683 908 3890 981 πρῶτων

682 992 860 1063 brreos
889 994 1037 1059 circa
1065 997 1447 1065 aequinoctium
1494 998 1730 1067 incipere
1781 998 2065 1053 manifeste
2108 1012 2235 1051 con—

2338 995 2468 1064 παρ’
2534 993 2803 1065 Ἑϐραίοις
2860 996 3002 1065 μῆνα
3061 996 3189 1067 περὶ
3245 997 3530 1068 ἰσημερίαν
3589 995 3747 1065 εἶναι,
3786 1014 3889 1050 σια-

681 1086 936 1146 vinoitur,
970 1089 1053 1142 vel
1081 1103 1147 1143 ex
1204 1090 1269 1145 iis
1298 1093 1581 1162 praeceptis
1610 1107 1731 1161 quae
1765 1092 1817 1144 in
1878 1091 2016 1145 libro
2046 1088 2233 1145 Enoch

2343 1085 2639 1153 ραστατικὰ
2706 1085 2801 1137 καὶ
2875 1083 2945 1138 τὰ
3014 1087 3072 1139 ἐν
3138 1086 3216 1157 τῷ
3294 1086 3463 1158 Ἐνὼχ
3717 1087 3888 1159 μαθή-

680 1174 953 1244 leguntur.

2341 1192 2504 1244 ματα.
2816 1198 2824 1202 δ

680 1376 769 1437 Vl.
809 1376 1019 1436 Pascha
1066 1399 1172 1439 non
1204 1385 1308 1438 nisi
1353 1393 1471 1450 post
1516 1392 1837 1437 transactum
1865 1378 2237 1450 (equinos-tium
2340 1383 2395 1429 et
2424 1388 2527 1426 uon
2562 1380 2647 1427 est
2686 1369 3110 1426 communicatio
3154 1373 3261 1428 luci
3304 1388 3431 1429 cum
3459 1373 3708 1429 tenebris.
3746 1372 3812 1425 Et
3840 1372 3891 1428 si

1220 1451 1621 1523 "celebrandum.
2341 1463 2397 1517 in
2439 1462 2599 1517 tertia
2652 1462 2835 1533 vigilia
2868 1462 3017 1516 luna
3044 1465 3334 1528 scanderit,
3385 1481 3494 1521 non
3537 1478 3620 1520 est
3660 1464 3890 1518 dubium

750 1558 815 1611 Ει
863 1559 985 1613 ideo
1048 1559 1101 1625 in
1155 1560 1261 1615 hac
1327 1560 1743 1616 concordarione
1805 1560 1938 1615 solis
1993 1568 2048 1614 et
2094 1558 2236 1613 [una
2339 1554 2523 1608 lunam
2558 1568 2671 1607 ιιιι
2699 1554 2784 1608 vel
2835 1567 2973 1606 xxnt
3016 1554 3200 1607 lunam
3250 1565 3516 1623 exortam,
3567 1558 3757 1624 inqua
3794 1570 3893 1609 ve-

678 1646 887 1703 Pascha
915 1664 1023 1703 non
1048 1660 1130 1704 est
1162 1651 1578 1716 immolandum,
1615 1650 1744 1720 quia
1768 1648 2009 1720 quandiu
2042 1648 2096 1702 in
2130 1648 2234 1701 hoc
2267 1694 2306 1725 η
2338 1658 2461 1697 rum
2497 1641 2703 1725 Pascha
2737 1657 2845 1696 non
2878 1651 2962 1696 est
2992 1644 3245 1712 possibile
3293 1642 3740 1700 immolari.Nam
3788 1645 3886 1714 qui

678 1731 843 1794 cursu
898 1740 1392 1809 deprehenduntur,
1445 1741 1790 1796 tenebrarum
1852 1748 2095 1809 potestas
2122 1752 2229 1793 non
2268 1731 2307 1748 ”
2338 1733 2439 1788 hac
2470 1742 2627 1787 aetate
2677 1734 2819 1787 luna:
2871 1731 3079 1788 Pascha
3110 1734 3374 1789 deﬁniunt
3407 1751 3565 1805 posse
3600 1735 3891 1798 celebrari,

676 1838 763 1883 est
788 1829 965 1896 victa;
1008 1841 1061 1884 et
1107 1832 1344 1901 quandiu
1377 1832 1659 1901 aequalitas
1683 1830 1824 1885 inter
1844 1831 2018 1885 lucem
2044 1822 2103 1884 et
2138 1839 2223 1884 te-
2331 1839 2441 1878 non
2470 1824 2644 1879 solum
2674 1824 2801 1878 illud
2823 1827 3142 1883 auctoritate
3176 1826 3372 1880 divina:
3415 1826 3706 1895 Scriptura
3737 1825 3885 1880 adir—

677 1922 875 1977 nebras
899 1923 1173 1992 perdurat,
1199 1939 1301 1979 nec
1334 1939 1366 1978 ει
1411 1924 1530 1977 luce
1554 1921 1842 1985 diminuta,
1881 1918 2088 1975 Pascha
2121 1935 2229 1973 non
2329 1927 2480 1967 mare
2512 1928 2619 1968 non
2654 1922 2905 1983 possunt,
2941 1916 3035 1970 sed
3066 1923 3120 1969 et
3150 1916 3419 1985 sacrilegii
3448 1926 3501 1970 et
3522 1916 3895 1970 contumacia!

675 2026 797 2067 esse
858 2006 1249 2068 immolandum
1288 2015 1611 2069 ostenditur.
1674 2012 1880 2068 idcirco
1926 2027 2059 2082 ergo
2108 2020 2233 2081 post
2331 2005 2576 2067 crimen,
2610 2012 2666 2059 et
2696 2006 2999 2059 animarum
3044 2005 3343 2075 PeriCUlllm
3381 2007 3697 2072 ίηουιτυιιιὶ
3753 2005 3893 2060 dum

674 2106 1060 2175 aequinoctium
1124 2092 1330 2161 Pascha
1388 2104 1659 2159 immolari
1718 2103 2049 2173 praecipitur,
2102 2103 2230 2171 quia
2331 2096 2603 2151 alﬁrmant
2654 2111 2835 2149 Veram
2870 2098 3043 2151 lucem
3078 2114 3238 2177 posse
3297 2099 3565 2153 immolari
3611 2113 3733 2152 cum
3783 2098 3894 2152 alia

675 2194 923 2252 xiv,luna
948 2205 1072 2250 ante
1099 2196 1504 2265 aequinoctium,
1543 2204 1597 2250 et
1625 2195 1681 2248 in
1712 2193 2038 2263 aequinoctio
2064 2202 2231 2248 totam
2330 2200 2438 2255 qua
2470 2182 2840 2239 dominatione
2894 2186 3261 2253 tenebrarum,
3316 2202 3440 2256 quae
3480 2187 3734 2241 omnibus
3783 2189 3891 2242 do-

676 2294 892 2339 noctem
928 2301 1035 2339 nou
1082 2285 1287 2354 implet.
1338 2284 1468 2340 Post
1514 2286 1897 2354 aequinoctium
1936 2299 2069 2338 vero
2102 2284 2231 2338 luna
2334 2277 2594 2330 minetur.

675 2388 771 2427 xiv
797 2388 906 2426 una
932 2373 1018 2427 die
1047 2373 1274 2442 adjecta,
1308 2374 1453 2441 quod
1486 2383 1569 2429 est
1597 2373 1906 2443 aequinoctii
1928 2384 2231 2442 transgres-

2332 2388 2467 2444 Vlll.
2511 2388 2707 2443 Contra
2738 2388 3210 2462 quosdamGallia:
3251 2393 3607 2460 computistas,
3640 2392 3729 2462 qui
3762 2391 3897 2444 (una

676 2476 795 2526 sus,
830 2462 958 2516 licet
1004 2462 1071 2515 ad
1121 2476 1306 2516 verum
1340 2464 1540 2524 lumen,
1574 2463 1625 2516 id
1687 2471 1771 2517 est
1816 2470 1993 2516 ortum
2029 2462 2157 2515 solis
2178 2470 2238 2517 et
2480 2462 2600 2513 'xxt
2628 2470 2675 2514 et
2706 2475 2820 2513 ιιιι
2849 2458 3057 2515 Pascha
3085 2458 3374 2530 legitimum
3403 2458 3725 2515 sanciebaht.

675 2552 786 2608 diei
833 2552 1156 2622 principium
1187 2567 1295 2605 non
1323 2551 1681 2619 pertenderit;
1708 2561 1887 2606 tamen
1918 2560 2040 2620 post
2066 2566 2125 2607 se
2147 2559 2232 2607 te-
2401 2546 2567 2619 Igitur
2600 2560 2707 2603 nOn
2732 2558 2817 2604 est
2836 2550 2975 2609 huic
3024 2551 3310 2605 assertioni
3353 2551 3709 2615 contrarium,
3744 2549 3896 2602 sicut

678 2643 879 2697 nehras
927 2659 1034 2697 non
1084 2644 1437 2713 derelinquet.
1500 2640 1624 2702 Ideo
1681 2658 1810 2704 ergo
1860 2650 2066 2711 septem
2117 2641 2233 2697 dies
2333 2640 2553 2708 quidam
2585 2640 2771 2695 Galliae
2802 2641 2974 2709 part-is
3028 2640 3351 2709 computarii
3403 2640 3703 2705 amrmant,
3751 2638 3894 2693 illud

676 2748 989 2805 azymorum
1024 2733 1089 2787 ad
1132 2734 1517 2789 immolandum
1569 2731 1777 2787 Pascha
1834 2731 2006 2804 Moysi
2054 2747 2083 2786 a
2134 2730 2234 2785 Do-
2333 2729 2478 2798 quod
2510 2730 2563 2783 in
2596 2729 2781 2783 Exodo
2808 2730 3036 2798 legitur:
3077 2728 3260 2783 Primo
3285 2726 3475 2797 mense,
3510 2738 3599 2784 xiv
3628 2730 3712 2782 die
3742 2745 3897 2781 men-

677 2824 825 2877 mino
854 2823 1109 2877 custodiri
1134 2822 1416 2893 jubentur,
1464 2830 1524 2876 ut
1556 2821 1611 2875 in
1645 2821 1789 2911 ipsis.
1805 2820 1950 2875 nulla
1983 2820 2231 2875 tenebra-
2331 2817 2405 2869 sis
2433 2818 2589 2885 primi
2616 2818 2683 2869 ad
2736 2833 3001 2886 vesperum
3056 2819 3330 2872 comedetis
3363 2836 3569 2888 azyma,
3624 2834 3781 2888 usque
3816 2818 3895 2870 ad

678 2930 796 2969 rum
830 2923 1065 2983 p0testas
1096 2913 1271 2967 lucem
1294 2912 1607 2981 supergredi
1649 2906 1971 2965 inveniatur.
2014 2909 2082 2965 Et
2107 2911 2233 2972 licet
2293 2908 2632 2984 _vicesimum
2679 2909 2907 2976 primum
2954 2908 3091 2961 diem
3133 2911 3321 2964 mensis
3364 2913 3431 2963 ad
3460 2926 3742 2979 vesperum.
3788 2906 3895 2961 Se-

675 3015 909 3075 quatuor
934 3005 1170 3059 noctium
1196 3006 1410 3060 initium
1448 3006 1805 3069 tenebrescat,
1854 3005 1904 3058 id
1936 3011 2018 3059 est
2045 3019 2152 3057 xvu
2173 3014 2227 3057 et
2252 3011 2294 3068 c
2324 3006 2460 3067 ptem
2509 2996 2689 3071 diebus
2740 2997 3048 3065 fermentum
3071 3015 3172 3053 non
3220 3000 3509 3056 invenietur
3538 3004 3591 3055 in
3640 3001 3896 3054 domibus

676 3114 809 3151 xvm
839 3106 894 3152 et
923 3112 1034 3163 xix,
1081 3107 1137 3153 et
1160 3113 1251 3160 xx,
1300 3110 1479 3152 tamen
1510 3084 1768 3166 vigesima
1797 3098 1922 3152 luna
1976 3098 2224 3153 tenebras
2330 3087 2511 3142 vestris
2539 3086 2579 3139 ί.
2613 3084 2763 3140 Unde
2792 3084 3059 3140 aﬂirmant
3082 3086 3287 3142 Pascha
3313 3088 3368 3142 in
3413 3090 3669 3145 vicesima
3704 3089 3893 3156 prima

676 3188 895 3241 extendi
921 3199 1097 3256 usque
1142 3188 1209 3243 ad
1244 3187 1417 3242 noctis
1451 3187 1689 3240 medium
1724 3186 1847 3241 ante
1892 3198 2081 3243 exorta
2115 3201 2223 3242 non

2330 3178 2455 3231 luna
2486 3191 2645 3247 posse
2701 3176 3006 3241 immolari;
3062 3178 3443 3249 intelligentes,
3476 3180 3623 3249 quod
3673 3180 3720 3232 si
3753 3179 3890 3232 luna

677 3278 952 3345 pel-minii,
2330 3283 2444 3323 xxu
2474 3268 2682 3336 adjecta
2711 3265 2895 3331 fuerit,
2917 3282 3012 3321 vm
3038 3268 3155 3323 dies
3175 3285 3489 3340 azymorum
3517 3271 3893 3326 inveniantur.

679 3388 789 3443 Vll.
845 3387 1055 3442 Pascha
1104 3387 1370 3441 immolari
1412 3387 1538 3440 (una
1590 3401 1703 3440 ιιιι
1743 3402 1843 3439 ηοη
1888 3386 1997 3441 vult
2027 3387 2225 3441 Anato-

2330 3359 2486 3426 Quod
2534 3362 2588 3413 in
2644 3358 2822 3414 Veteri
2885 3360 3104 3429 quidem
3149 3359 3496 3417 Testamento
3551 3378 3660 3417 non
3706 3372 3899 3432 potest

1375 3457 1497 3511 (ius.
2330 3449 2679 3518 probabiliter
2708 3450 2959 3513 inveniri,
3003 3448 3233 3504 Domino
3281 3465 3376 3518 per
3408 3450 3647 3523 Moysem
3692 3454 3892 3521 praeci-
3938 3503 3945 3511 ,

605 3616 611 3622 α
746 3547 913 3603 Nobis
963 3557 1165 3614 autem,
1213 3549 1411 3617 quibus
1472 3546 1804 3616 impossibile
1861 3555 1944 3600 est
1999 3554 2057 3599 ut
2113 3546 2225 3600 haec

2332 3540 2560 3605 pientc:
2622 3536 2827 3608 Septem
2883 3540 3064 3592 diebus
3125 3539 3397 3592 comedetis
3453 3557 3643 3610 azyma
3687 3543 3728 3593 ².
3765 3538 3892 3595 Nisi

676 3640 860 3695 omnia
885 3655 993 3695 uno
1018 3640 1320 3709 eodemque
1352 3650 1591 3707 tempore
1612 3647 1734 3706 apte
1776 3637 2012 3700 veniam,
2064 3636 2117 3689 id
2144 3645 2228 3690 est
2332 3627 2473 3683 forte
2501 3630 2570 3683 ab
2612 3630 2693 3686 eis
2743 3632 2986 3686 decimus
3012 3645 3236 3701 quartus
3260 3632 3376 3687 dies
3409 3633 3465 3687 in
3522 3635 3727 3705 azymis
3755 3651 3891 3690 cum

678 3731 807 3781 luna
832 3743 921 3781 xiv
950 3736 1005 3781 et
1039 3727 1155 3782 dies
1192 3725 1493 3787 Dominica,
1543 3724 1871 3794 aequinoctio
1913 3730 2223 3788 transacto;
2334 3717 2555 3772 Pascha;
2602 3719 2973 3778 immolatione
3042 3737 3148 3776 non
3202 3734 3626 3791 annumeretur;
3692 3734 3892 3780 contra

598 3830 603 3835 ‘
678 3827 733 3873 et
764 3832 903 3886 quos
954 3817 1249 3872 necessitas
1298 3816 1590 3870 Dominicis
1633 3811 2049 3871 resurrectionis
2093 3824 2227 3865 con-
2332 3807 2604 3880 Evangelii
2631 3811 2855 3878 dictum,
2885 3814 3149 3869 dicentis:
3191 3812 3373 3867 Prima
3401 3823 3577 3869 autem
3628 3816 3713 3868 die
3761 3832 3894 3885 azy-

680 3904 917 3973 stringit,
950 3913 1012 3959 ut
1059 3907 1114 3959 in
1154 3906 1240 3959 die
1281 3898 1560 3961 Domiui'ca
1605 3903 1811 3958 Pascha
1850 3900 2225 3959 immolemus;
2332 3914 2535 3952 morum
2574 3899 2898 3956 accesserunt
2949 3904 3196 3971 discipuli
3228 3903 3295 3957 ad
3326 3903 3505 3958 Iesum
3531 3906 3571 3959 ⁸.
3611 3905 3751 3972 Quin
3790 3908 3896 3960 du-

686 3996 998 4050 ~onceditur
1025 4004 1083 4049 ut
1111 4011 1281 4063 usque
1331 3995 1397 4048 ad
1427 3995 1737 4049 vicesimam
1795 3992 1979 4045 lunam
2027 3988 2228 4061 princi-
2333 3990 2481 4043 bium
2530 4005 2637 4044 non
2667 4000 2769 4057 est,
2798 3994 2927 4059 quin
2953 4010 3043 4049 xiv
3087 3994 3205 4050 dies
3260 3997 3350 4060 sit,
3397 3997 3451 4049 in
3487 4011 3596 4065 quo
3637 3997 3893 4066 discipuli

723 4100 837 4139 tum
866 4084 1454 4140 nostrasolemnitatis
1500 4084 1873 4138 extendamus.
1898 4079 2037 4148 Quia
2078 4079 2224 4134 vice-
2332 4082 2619 4137 Dominum
2649 4083 3119 4153 interrOgaverunt
3156 4087 3453 4141 secundum
3507 4102 3712 4141 morem
3740 4088 3892 4141 anti-

681 4178 821 4233 sima
868 4178 994 4231 luna
1015 4178 1139 4234 licet
1167 4187 1327 4233 totam
1361 4186 1572 4233 noctem
1618 4192 1725 4231 non
1771 4175 2011 4245 impleat,
2046 4185 2224 4228 tamen
2331 4174 2516 4244 quitus
2573 4173 2675 4228 sibi
2724 4174 3075 4231 constitutum
3116 4196 3143 4232 ,:
3219 4176 3317 4231 Ubi
3367 4179 3443 4231 vis
3496 4195 3736 4247 paremus
3777 4179 3883 4232 tibi

680 4270 735 4324 in
769 4267 1005 4323 secunda
1052 4267 1232 4336 vigilia
1277 4278 1463 4323 exorta
1508 4261 1769 4335 majorem
1810 4264 1993 4345 noctis
2017 4272 2224 4334 partem
2332 4265 2594 4319 comedere
2621 4262 2870 4319 Pascha?
2900 4262 3003 4318 Sed
3032 4265 3151 4321 ide‘o
3184 4268 3324 4322 hanc
3356 4268 3711 4339 adiectionem
3744 4266 3889 4322 adir-

681 4357 971 4412 illuminat.
1004 4354 1162 4410 Certe
1222 4358 1269 4411 si
1303 4372 1475 4426 usque
1525 4357 1594 4412 ad
1641 4357 1871 4411 duarum
1919 4355 2225 4425 vigiliarum
2255 4348 2306 4409 D
2330 4366 2501 4418 aiant,
2527 4355 2619 4426 qui
2645 4355 2698 4408 in
2723 4354 2825 4409 hoc
2844 4369 3029 4409 errore
3057 4345 3417 4425 decipiuntur,
3447 4360 3572 4428 quia
3603 4359 3885 4424 nesciunt,

680 4446 993 4509 terminum,
1034 4446 1180 4513 quod
1228 4456 1311 4498 est
1356 4446 1529 4513 noctis
1570 4445 1829 4508 medium,
1879 4454 2031 4499 ortus
2084 4446 2224 4501 luna:
2329 4464 2428 4502 xm
2460 4456 2515 4503 et
2563 4463 2673 4513 xiv,
2706 4462 2794 4500 xiv
2825 4454 2879 4499 et
2923 4461 3011 4510 xv,
3041 4461 3109 4499 xv
3160 4456 3213 4501 et
3238 4463 3350 4514 xvi,
3385 4465 3470 4503 xvi
3519 4459 3573 4504 et
3602 4465 3731 4511 xvii,
3768 4465 3885 4501 xvu

680 4536 1006 4597 tardaverit,
1059 4540 1168 4587 non
1213 4532 1305 4587 lux
1335 4534 1601 4595 tenebras,
1642 4534 1735 4588 sed
1780 4534 2013 4588 tenebras
2047 4534 2222 4588 lucem
2327 4548 2381 4592 et
2414 4554 2579 4602 xvm,
2630 4553 2763 4592 xvut
2804 4546 2860 4592 et
2906 4551 3017 4599 ιιι,
3048 4550 3138 4589 ιιι
3164 4547 3217 4590 et
3240 4554 3330 4599 xx,
3358 4555 3427 4592 xx
3452 4548 3504 4609 et
3552 4554 3665 4603 ιιι,
3695 4540 3885 4592 lunam

681 4632 958 4694 superant.
990 4620 1144 4688 Quod
1161 4632 1370 4700 certum
1400 4631 1482 4677 est
1512 4624 1563 4677 in
1590 4621 1797 4676 Pascha
1826 4637 1931 4675 non
1954 4638 2076 4676 esse
2098 4638 2223 4691 pos-
2328 4630 2706 4696 prohatissime
2754 4630 2809 4683 in
2842 4644 2952 4683 uno
2992 4628 3080 4681 die
3116 4628 3361 4682 inveniri.
3423 4627 3609 4684 Omnis
3647 4645 3887 4700 namque

682 4716 858 4780 sibile,
890 4712 1157 4791 utdaliqua
1186 4726 1311 4781 pars
1340 4712 1681 4765 tenebrarum
1713 4710 1822 4764 luci
1873 4710 2220 4766 dominetur:
2326 4716 2441 4769 dies
2464 4716 2517 4768 in
2546 4706 2689 4769 luriaa
2710 4715 3129 4784 computatione,
3160 4730 3268 4767 non
3294 4715 3479 4770 eodem
3514 4733 3738 4773 numero
3767 4734 3886 4789 quo

682 4805 808 4873 quia
834 4790 1147 4860 solemnitas
1184 4800 1477 4856 Dominica
1524 4798 1937 4853 resurrectionis
1963 4799 2057 4853 lux
2098 4810 2220 4866 est;
2327 4820 2485 4859 mane
2509 4805 2772 4872 initiatur,
2797 4807 2862 4858 ad
2893 4820 3173 4876 vesperum
3210 4805 3397 4865 linitur
3428 4824 3440 4859 :
3471 4808 3597 4876 quia
3621 4810 3737 4864 dies
3757 4826 3883 4879 qua

754 4963 968 5019 ‘Exod.
1008 4981 1107 5029 ιιι,
1166 4961 1252 5029 18,
1308 4960 1393 5016 19.
1469 4958 1489 4990 ⁸
1519 4956 1651 5012 Ibid.
1705 4957 1808 5025 15;
1844 4958 2011 5014 Levit.
2049 4976 2205 5026 xxttt,
2244 4961 2297 5015 6.

2177 4976 2205 5026 ι,
2244 4961 2297 5015 6.
2375 4964 2395 4995 ³
2428 4963 2618 5019 Matth.
2647 4980 2794 5027 xxvi,
2823 4966 2917 5031 l7;
2948 4964 3111 5020 Marc.
3135 4982 3244 5033 xiv,
3273 4968 3377 5034 ης
3416 4967 3547 5023 Luc.
3582 4984 3718 5033 xxtl,
3748 4969 3798 5020 7.

757 5149 870 5221 (εδ)
919 5139 1106 5217 Ὓλαξ·
1160 5154 1259 5208 (ιε’
1289 5152 1504 5209 αὐτῶν.
1559 5149 1739 5206 Nostri
1781 5150 1910 5219 quin
1953 5165 2020 5207 ue
2074 5150 2224 5205 codi-

757 5236 779 5275 s
833 5232 943 5276 uno
988 5234 1254 5277 consensu
1321 5223 1598 5283 scriptum-
1636 5220 1835 5274 habent
1888 5166 2019 5283 sic;
2060 5221 2228 5273 ἀπαι-
2331 5221 2378 5274 iu

2333 5221 2346 5233 ν
2401 5150 2513 5273 ξε)
2576 5153 2672 5205 Ἐν
2702 5152 2781 5218 τῷ
2815 5150 3008 5234 Ἑνώχ.
3044 5152 3203 5210 Liber
3219 5153 3411 5235 .Enoch
3459 5159 3654 5213 citatur
3678 5172 3708 5211 a
3737 5155 3879 5213 Juda

2331 5237 2384 5274 ιιι
2455 5222 2652 5283 pistola
2684 5238 2960 5277 canonica.
3021 5222 3147 5278 Erat
3196 5225 3330 5280 liber
3365 5228 3720 5283 anocrvnhus.
3774 5242 3879 5283 nec

687 5236 779 5277 ces
833 5219 943 5276 uno
988 5234 1254 5277 consensu
1321 5223 1598 5294 scriptum-
1636 5220 1835 5274 habent
1888 5219 2019 5283 ὕλας
2060 5221 2228 5273 ἀπαι-

687 5289 830 5345 τῶν-
866 5286 973 5362 sed.
1006 5286 1292 5362 in_codice
1341 5290 1509 5362 Regio
1556 5290 1743 5362 eadem
1792 5304 1963 5362 manu
2001 5290 2228 5362 adnota-

2331 5221 2384 5274 iu
2413 5219 2652 5290 Epistola
2684 5219 2987 5277 canonica."
3021 5222 3147 5278 Erat
3196 5225 3330 5280 liber
3365 5228 3720 5298 apocryphus,
3774 5242 3879 5283 nec

2329 5290 2469 5343 inter
2519 5292 2811 5346 canonicos
2858 5290 3203 5349 Hebrteorum
3248 5294 3415 5350 libros
3463 5303 3735 5362 receptus.
3768 5296 3879 5351 Sed

686 5307 830 5345 των·
866 5307 959 5342 880
1007 5307 1059 5340 111
1111 5307 1292 5345 οοαιοθ
1342 5307 1509 5362 κιθαιο
1556 5307 1743 5344 eadem
1797 5307 1963 5343 manu
2001 5307 2228 5343 aunou-
2329 5307 2469 5343 Illle
2519 5307 2811 5346 03110111οω
2858 5307 3203 5349 nenrzeorum
3248 5307 3415 5350 IIDI'OS
3463 5307 3735 5362 receptus.
3768 5307 3879 5351 δθα

686 5370 796 5440 tu_r,
824 5354 1203 5443 ‘scribendumk
1238 5367 1360 5443 esse
1400 5362 1494 5415 ἀπ’
1523 5358 1722 5443 αὑτῷχ.
1768 5355 1940 5443 Certe
1978 5360 2086 5443 απ*
2109 5356 2228 5443 ,αντ
2329 5366 2507 5443 tamen
2541 5362 2789 5439 apostoli,
2822 5377 3120 5443 eorumque
3150 5365 3394 5443 exemplo
3419 5360 3879 5443 antiquiPatres,

686 5430 795 5506 τῷν
824 5425 1115 5506 legendum
1152 5441 1288 5489 esse,
1340 5428 1786 5506 ex_sequentibus
1821 5436 2059 5496 apparet.
2109 5424 2223 5506 Nisi
2327 5424 2635 5506 testimonia
2660 5444 2725 5483 ex
2755 5424 3077 5506 apocryphis
3107 5424 3347 5506 proferre
3382 5446 3485 5506 non
3520 5424 3871 5506 d'ubitarunti

688 5498 833 5582 enim
857 5494 931 5582 ita
957 5494 1169 5582 legeris,
1202 5511 1309 5563 quo
1360 5494 1576 5582 referes
1615 5513 1732 5582 ea”
1765 5494 2225 5582 qumfsequuntur
2326 5511 2389 5550 ea
2414 5496 2637 5582 scilicet,
2671 5494 2806 5566 quze'
2831 5494 3579 5582 adjstruei‘idamyeritantem
3609 5496 3875 5582 facerent,

688 5567 873 5647 verba,
894 5564 1343 5649 ὧνπεριῄεηται,
1372 5567 1514 5622 etc.?
1543 5566 1648 5623 Sed
1676 5564 1834 5649 uitae
1868 5580 1927 5649 re
1969 5564 2223 5649 attentius
2328 5580 2395 5649 ex
2455 5566 2522 5645 iis
2568 5564 2844 5649 eligentes.
2888 5570 3037 5649 _Vide
3105 5568 3398 5649 Georgium
3455 5565 3757 5649 Syngellum

687 5636 1018 5715 examinata,
1076 5633 1426 5715 scribendum
1463 5651 1656 5691 censeo
1703 5635 1833 5699 ὕλας
1859 5633 2225 5715 ᾁπαιτῶνο-ιῖ)

2328 5633 2728 5715 Chrogico,_uh.i
2758 5638 3093 5697 luculentum
3139 5633 3511 5709 fragmentum
3535 5635 3692 5695 alert
3715 5653 3783 5697 ex
3804 5641 3876 5698 li-

691 5704 1033 5831 mptﬁrntat.
1056 5710 1159 5757 etc.
1191 5701 1353 5758 ldaue
1378 5710 1432 5759 et
1456 5717 1666 5775 sensus,
1691 5714 1744 5763 et
1771 5713 2059 5777 syntaxeos
2087 5704 2225 5761 ratio
2328 5704 2442 5761 bris
2464 5701 2668 5762 Enoch.
2703 5702 2777 5764 In.

688 5785 843 5846 postu
870 5784 942 5831 at.
984 5771 1179 5829 Vsus.
2708 5803 2718 5830 ,
