4104 6350
158 480 159 483 η
203 439 304 494 sn

1499 440 1731 497 CANON
1767 441 2168 497 PASCHALIS.

3318 437 3426 492 2:8

206 576 360 617 tuane
389 562 447 615 in
478 561 633 624 luna,
663 562 720 615 id
747 570 829 617 est
874 576 1049 631 usque
1080 562 1148 617 ad
1177 571 1382 621 sextam
1411 573 1465 618 et
1487 564 1768 619 dimidium
1800 570 1845 625 Α
1871 575 1947 619 est
1985 562 2167 620 animo
2190 580 2304 618 mea
2329 578 2492 633 usque
2540 562 2608 615 ad
2646 570 2863 616 mortem
2889 558 2947 625 ⁸;
2999 557 3147 613 aliud
3191 572 3316 613 cum
3350 557 3432 611 vi-

208 652 375 715 liore,
414 664 516 705 xm
550 650 979 717 annumeratur,
1018 652 1209 706 eadem
1263 653 1329 707 ad
1364 657 1646 722 vesperum
1679 672 1769 708 xlv

208 743 506 797 invenitur.
552 740 709 796 Unde
753 756 883 811 ergo
915 750 968 796 et
994 740 1204 797 Pascha
1234 759 1408 812 usque
1467 744 1534 798 ad
1590 761 1677 797 xxi
1713 746 1768 798 in

207 849 493 902 vesperum
536 832 756 887 extendi
797 833 1137 903 prmeipitur;
1170 849 1292 902 quae
1346 849 1505 888 mane
1532 834 1651 888 sine
1670 835 1770 888 du-

209 922 321 989 bio,
364 924 418 977 id
449 932 530 978 est
576 939 751 992 usque
776 925 841 977 ad
864 939 986 978 eum
1016 940 1176 994 quem
1224 924 1464 978 diximus
1516 925 1768 978 horarum

210 1016 528 1076 terminum,
578 1030 652 1067 xx
705 1014 1020 1068 habebatur.
1052 1013 1312 1084 Computa
1343 1030 1471 1083 ergo
1498 1031 1528 1068 a
1563 1015 1665 1069 line
1696 1032 1773 1069 xu

210 1105 374 1168 lunae,
408 1104 557 1172 quod
586 1114 669 1158 est
689 1105 901 1159 initium
921 1122 1032 1168 xiv,
1051 1106 1115 1159 ad
1134 1108 1292 1159 linem
1320 1106 1607 1171 vicesimae,
1633 1106 1774 1159 unde

211 1205 266 1249 et
295 1211 387 1248 xxi
447 1196 770 1265 principium
821 1196 1139 1263 inchoatur;
1186 1206 1241 1251 et
1285 1196 1528 1251 invenies
1570 1207 1773 1266 septem

212 1294 427 1339 tantum
481 1287 601 1340 dies
650 1302 1000 1356 azymorum,
1054 1289 1108 1341 in
1167 1289 1366 1357 quibus
1428 1289 1777 1346 verissimum

112 1388 115 1389 '
212 1372 428 1429 Pascha
459 1374 673 1430 Domini
704 1376 901 1430 ducatu
928 1376 1253 1445 praaﬂnitum
1277 1386 1362 1431 est
1383 1378 1655 1429 immolari
1681 1378 1775 1431 de-

211 1466 363 1521 bere.

212 1576 310 1634 IX.
351 1577 557 1635 Contra
599 1595 685 1633 eos
732 1580 822 1651 qui
856 1588 960 1651 tres
989 1534 1368 1651 anteCtesaris
1404 1579 1777 1651 aequinoctium

755 1658 845 1702 ant
874 1649 1126 1704 Paschati
1157 1649 1289 1704 dies.
1409 1674 1449 1717 -ἱ

288 1733 397 1789 Sed
436 1735 814 1803 quidmirum,
835 1736 882 1789 si
920 1736 975 1790 in
1018 1751 1109 1790 xxt
1141 1736 1270 1790 luna
1306 1734 1624 1799 erraverint,
1684 1731 1778 1802 qui

214 1835 331 1880 tres
357 1826 680 1881 addiderunt
734 1827 847 1881 dies
873 1836 997 1881 ante
1045 1826 1450 1899 mquinoctium,
1484 1826 1538 1879 in
1582 1824 1779 1894 quibus

1874 666 2023 710 ctore
2051 656 2331 715 inimicum
2350 655 2646 722 antiquum
2701 649 3087 718 triumphante,
3120 663 3186 702 ac
3212 662 3432 707 summo

1876 745 2151 813 triumpho
2208 744 2418 800 devicto
2489 741 2802 798 adversario
2860 741 3073 795 laetante
3130 728 3426 801 collatari,

1877 836 2107 903 ipsemet
2159 834 2544 911 praecipiente:
2598 830 3052 901 Congratulamiui
3109 829 3263 894 mihi,
3306 829 3431 897 quia

1876 925 2048 978 inveni
2080 941 2221 978 ovem
2246 940 2417 977 meam
2442 912 2599 993 quam
2645 913 2980 991 perdideram
3006 922 3049 975 '.
3209 927 3212 930 ’

1877 1034 1968 1088 XI.
2030 1034 2250 1090 Gemina
2293 1036 2422 1089 luna
2474 1050 2563 1088 va
2607 1045 2655 1115 et
2704 1048 2818 1085 xvu
2851 1034 2907 1086 in
2952 1030 3155 1086 Christi
3199 1043 3433 1084 resurre-

2577 1112 2759 1157 ctione.

1947 1195 2080 1249 Illud
2138 1202 2319 1248 autem
2364 1193 2507 1261 quod
2558 1179 2719 1259 modo
2774 1190 2933 1245 nobis
2978 1189 3232 1255 innuunt,
3288 1186 3431 1257 quod

1880 1291 2222 1338 transeuntes
2252 1282 2439 1336 lunam
2473 1297 2563 1335 xiv
2591 1272 2916 1349 principium
2942 1276 3165 1338 Pascha:
3194 1277 3434 1331 lucidum

1879 1373 2152 1427 celebrare
2205 1386 2315 1424 non
2358 1385 2673 1440 possumus,
2725 1384 2827 1425 nos
2868 1383 2975 1423 non
3023 1376 3203 1422 movet
3235 1362 3437 1437 neque

1880 1464 2187 1517 conturbat.
2224 1461 2373 1517 Licet
2404 1450 2780 1530 enim,usque
2822 1459 2890 1515 ad
2915 1459 3226 1514 vicesimam
3250 1458 3435 1512 lunam
3472 1458 3475 1459 ⁷

1879 1553 2208 1624 principium
2269 1550 2494 1606 Pascha
2546 1549 2788 1614 extendi,
2841 1548 3090 1603 illicitum
3129 1561 3249 1602 esse
3298 1546 3437 1602 deli-
3483 1587 3487 1590 ρ

1882 1645 2270 1710 niant;tamen
2301 1641 2474 1713 usque
2521 1642 2589 1697 ad
2638 1656 2727 1696 xvi
2758 1649 2973 1712 etxvn,
3015 1654 3137 1709 quae
3163 1638 3220 1707 iu
3249 1638 3438 1694 eadem

1847 1746 1851 1750 ·
1882 1736 1970 1791 die
1995 1736 2250 1791 eveniunt
2278 1734 2334 1788 in
2366 1748 2473 1803 qua
2496 1732 2762 1788 Dominus
2792 1720 3089 1787 resurrexit
3120 1747 3151 1785 a
3184 1730 3436 1795 mortuis,

1884 1826 2139 1894 protelari
2158 1825 2373 1892 debere,
2403 1838 2601 1893 negare
2645 1836 2754 1877 non
2792 1831 3043 1891 possunt.
3078 1821 3181 1875 Sed
3209 1835 3309 1875 nos
3342 1835 3441 1891 us—q

214 1914 427 1990 Pascha
477 1919 746 1974 immolari
803 1933 963 1988 posse
1021 1916 1320 1973 deﬁniunt?
1353 1916 1509 1982 Quod
1569 1923 1777 1969 certum
1809 1905 1852 1961 Β
1879 1931 1986 1985 que
2010 1916 2075 1969 ad
2106 1929 2176 1968 xx
2204 1914 2389 1967 lunam
2420 1919 2639 1983 propter
2689 1913 2833 1968 diem
2874 1910 3211 1967 Dominicam
3244 1910 3437 1965 melius

214 2010 552 2064 omnimodis
575 2018 657 2064 est
689 2009 864 2077 putari
900 2010 1216 2073 absurdum,
1249 2024 1374 2063 eum
1424 2005 1779 2075 apertissimis

212 2100 530 2154 Judzeorum
558 2099 1025 2169 historiographis,
1052 2108 1107 2155 et
1151 2097 1292 2152 LXX
1321 2096 1640 2154 Senioribus
1669 2096 1779 2151 evi-

214 2188 414 2241 denter
465 2186 747 2241 deﬁnitum
801 2190 893 2254 sit,
927 2189 1136 2245 Pascha
1185 2189 1242 2243 in
1275 2188 1603 2257 atquinoctio
1633 2187 1775 2241 cele-

214 2280 369 2334 brari
405 2294 514 2333 non
538 2294 720 2348 posse.

204 2388 289 2461 7X.
330 2391 693 2461 Asiaticorum
744 2408 855 2445 mos
904 2388 1113 2461 Pascha
1157 2353 1251 2461 xiv
1300 2390 1427 2461 luna
1482 2388 1779 2461 celebrandi

322 2463 474 2515 uaris
506 2460 661 2528 feria,
704 2470 887 2513 contra
931 2460 1078 2514 Petri
1100 2470 1150 2514 et
1179 2459 1340 2513 Pauli
1388 2460 1774 2513 auctoritatem.

344 2532 484 2583 ἰσων
508 2540 560 2583 et
584 2530 840 2583 lremeus.

293 2619 402 2675 Sed
435 2621 542 2674 illis
586 2621 720 2675 nihil
771 2620 998 2675 arduum
1040 2619 1163 2683 fuit,
1194 2619 1392 2690 quibus
1426 2619 1634 2674 licitum
1661 2628 1781 2674 erat

215 2713 503 2775 omnibus,
534 2712 752 2782 quando
778 2721 871 2765 nv
902 2711 1029 2766 luna
1067 2720 1191 2781 post
1219 2710 1599 2778 aequinoctium
1625 2714 1779 2764 adve-

214 2803 417 2868 nisset,
468 2802 679 2857 Pascha
730 2803 1020 2858 celebrare.
1072 2802 1314 2869 Quorum
1358 2802 1663 2872 exemplum
1692 2817 1780 2857 se-

212 2900 453 2960 quentes
479 2908 652 2960 usque
689 2893 844 2945 hodie
866 2908 1056 2946 omnes
1080 2893 1229 2948 Asia;
1278 2893 1515 2963 episcOpi
1559 2892 1780 2962 (quippe

213 2983 316 3050 qui
350 2991 407 3036 et
440 2984 543 3051 ipsi
574 2984 642 3037 ab
668 2994 888 3037 auctore
915 2984 1397 3052 irreprehensibili,
1430 2982 1641 3039 Joanne
1671 2982 1779 3038 sci-

215 3072 350 3126 licet
384 3074 729 3143 evangelista,
749 3084 810 3127 et
830 3074 1064 3142 pectoris
1085 3072 1297 3127 Domini
1327 3074 1661 3137 incubatore,
1687 3073 1779 3127 do-

215 3164 525 3217 ctrinarum
555 3169 673 3218 sine
699 3164 864 3218 dubio
884 3164 1202 3232 spiritalium
1244 3173 1508 3233 potatore,
1533 3164 1774 3233 regulam

218 3254 625 3321 susceperunt),
670 3244 1035 3309 indubitanter
1072 3256 1325 3312 omnibus
1358 3259 1535 3321 annis,
1562 3254 1776 3324 quando

220 3359 313 3397 xiv
339 3345 467 3397 luna
500 3344 782 3415 adfuisset,
825 3355 880 3401 et
919 3364 1090 3417 agnus
1118 3351 1259 3418 apud
1286 3348 1499 3403 Judmos
1529 3349 1777 3402 immola-

218 3445 400 3499 retur,
436 3435 759 3503 aequinoctio
780 3439 1146 3502 transvadato,
1176 3437 1380 3492 Pascha
1402 3437 1772 3493 celebrabant:

224 3540 340 3577 non
397 3526 802 3595 acquiescentes
837 3529 1144 3584 auctoritati
1194 3528 1575 3597 quorumdam,
1605 3527 1658 3581 id
1696 3538 1780 3583 est

220 3617 376 3675 Petri
404 3625 459 3671 et
487 3617 639 3673 Pauli
693 3634 1101 3683 successorum;
1137 3618 1230 3686 qui
1285 3632 1477 3672 omnes
1508 3617 1778 3674 Ecclesias

221 3712 281 3766 in
309 3711 514 3781 quibus
542 3710 801 3780 spiritalia
830 3709 1105 3780 Evangelii
1150 3708 1357 3763 semina
1380 3720 1655 3774 severum,
1689 3701 1778 3765 so?

220 3803 563 3858 lemnitatem
614 3802 1030 3857 resurrectionis
1075 3798 1287 3853 Domini
1328 3800 1398 3853 in‘
1436 3800 1525 3855 die
1568 3808 1776 3856 tantum

221 3894 510 3950 Dominica
540 3908 697 3962 posse
750 3891 1009 3946 celebrari
1042 3891 1360 3945 docuerunt.
1393 3887 1547 3946 Unde
1568 3900 1619 3946 et
1647 3882 1779 3945 eon-

222 3987 401 4041 tentio
427 3984 667 4052 quaedam
689 3994 877 4037 exorta
904 3990 986 4036 est
1029 3983 1168 4035 inter
1186 3996 1374 4036 eorum
1408 3998 1773 4047 successores,

222 4070 502 4125 Victorem
530 4068 737 4141 scilicet
764 4067 1021 4122 Romanae
1045 4069 1194 4123 urbis
1212 4084 1277 4123 eo
1305 4080 1543 4140 tempore
1570 4072 1777 4140 episco-

220 4180 381 4236 pum,
404 4176 459 4220 et
485 4164 816 4235 Polycratem
849 4164 941 4234 qui
972 4172 1101 4219 tunc
1127 4165 1181 4218 in
1206 4164 1475 4235 episcopis
1502 4165 1643 4219 Asiae
1670 4164 1777 4233 pri-

220 4253 448 4311 matum
462 4271 644 4326 gerere
667 4256 964 4310 videbatur.
986 4255 1117 4322 Quae
1131 4258 1200 4311 ab
1216 4257 1415 4313 Irean
1440 4266 1567 4311 tunc
1592 4254 1778 4308 Gallia;

220 4346 402 4416 partis
446 4346 673 4415 praule
731 4346 1035 4401 rectissime
1083 4355 1274 4415 pacata
1325 4356 1439 4413 est;
1492 4345 1777 4413 utriusque

221 4436 473 4507 partibus
503 4437 558 4492 in
590 4454 688 4493 sua
724 4437 907 4506 regula
948 4436 1433 4505 perseverantibus,
1478 4450 1577 4489 nec
1604 4448 1636 4487 a
1662 4448 1775 4489 (δω-

1876 2004 2091 2058 extendi
2121 2002 2328 2057 Pascha
2357 2002 2722 2068 decernimus,
2772 2017 2935 2072 quam
2968 2011 3185 2070 propter
3212 2014 3305 2054 xiv
3356 1999 3437 2052 lu-

1878 2108 2002 2149 nam
2033 2094 2175 2149 diem
2206 2093 2544 2157 Dominicam
2587 2093 2923 2162 anticipare;
2960 2093 3154 2160 inqua
3192 2091 3436 2145 nobisin

1873 2182 2145 2258 principio
2189 2182 2305 2247 lux,
2348 2191 2402 2237 et
2450 2182 2683 2235 nuncin
2731 2181 2838 2236 line
2881 2182 3127 2236 omnium
3162 2181 3435 2235 bonorum
3480 2194 3483 2198 '

1877 2276 2224 2346 praesentium
2244 2275 2529 2332 commoda
2553 2285 2606 2329 et
2627 2275 2869 2344 auspicia
2890 2274 3197 2330 futurorum
3218 2284 3439 2331 ostensa

1878 2376 2024 2421 sunt.
2049 2364 2187 2431 Quia
2217 2381 2324 2420 non
2350 2366 2558 2419 minore
2582 2365 2739 2418 laude
2790 2362 3051 2421 Dominus
3070 2364 3214 2418 diem
3240 2364 3439 2418 vicesi-

1878 2474 2026 2512 mum
2092 2458 2458 2527 prosequitur,
2520 2471 2685 2529 quam
2733 2456 3003 2510 decimum
3065 2464 3343 2523 quartum.
3378 2446 3438 2507 In

1877 2548 2119 2603 Levitico
2169 2563 2407 2617 namque
2474 2549 2549 2603 ita
2594 2546 2904 2617 praecipitur
2940 2563 2955 2599 :
3002 2543 3203 2611 ‘Uense
3244 2545 3437 2613 primo,

1877 2639 2077 2691 decimo
2147 2630 2334 2707 quarto
2404 2638 2489 2691 die
2562 2638 2755 2691 mensis
2814 2636 2971 2704 hujus
3037 2636 3107 2688 ad
3172 2650 3439 2704 vesperum

1841 2763 1855 2778 .
1878 2729 2037 2799 phase
2086 2727 2301 2780 Domini
2327 2735 2424 2781 est.
2443 2726 2527 2779 'Et
2549 2727 2751 2779 decimo
2793 2726 2977 2795 quinto
3006 2726 3090 2777 die
3120 2726 3313 2777 mensis
3342 2723 3436 2777 hu-

1869 2820 1960 2887 jus
1997 2817 2299 2871 solemnitas
2330 2833 2632 2886 azymorum
2660 2816 2873 2869 Domini
2896 2825 2994 2868 est.
3026 2814 3231 2884 Septem
3255 2814 3438 2867 diebus

1879 2923 2068 2977 azyma
2097 2907 2398 2963 comedetis.
2432 2907 2561 2978 Dies
2588 2909 2808 2977 primus
2849 2908 2949 2961 erit
2978 2908 3119 2961 vobis
3167 2905 3436 2960 celeberri-

1878 3015 1992 3050 mus
2012 3008 2062 3050 et
2089 3006 2320 3051 sanctus.
2354 2996 2519 3052 Omne
2543 3013 2671 3066 opus
2705 2999 2888 3052 servile
2916 2990 3020 3050 nan
3051 2997 3254 3065 facietis
3281 2996 3336 3047 in
3352 3011 3435 3050 eo.

1878 3087 2002 3141 Dies
2032 3098 2206 3141 autem
2238 3090 2485 3156 septimus
2510 3090 2611 3143 erit
2658 3087 2800 3143 vobis
2822 3086 3074 3142 celebrior
3102 3097 3152 3141 et
3181 3087 3435 3141 sanctior.

1882 3179 2045 3233 Omne
2076 3196 2206 3248 opus
2259 3179 2441 3233 servile
2488 3196 2594 3234 non
2624 3179 2831 3249 facietis
2864 3182 2917 3233 in
2946 3196 3005 3233 eo
3036 3180 3078 3232 ⁸⁵.
3118 3175 3183 3231 Et
3234 3178 3437 3231 ideirco

1882 3270 2287 3333 conﬁrmamus,
2327 3271 2463 3324 nihil
2492 3252 2663 3339 culpae
2706 3270 3043 3324 contraxisse
3069 3283 3164 3322 eos
3189 3276 3313 3321 ante
3343 3267 3437 3320 tri-

1881 3363 2045 3417 bunal
2093 3363 2315 3425 Christi,
2369 3363 2460 3431 qui
2523 3362 2578 3414 in
2627 3362 2770 3414 hunc
2794 3360 2938 3413 diem
2994 3360 3210 3411 initium
3240 3358 3437 3411 solem-
3476 3394 3477 3397 η

1882 3454 2070 3507 uitatis
2124 3453 2347 3508 Pascha:
2391 3450 2605 3505 extendi
2664 3450 2860 3503 debere
2916 3457 3267 3503 censuerunt.
3329 3447 3436 3499 Ma-

1883 3545 2026 3599 xime
2047 3559 2171 3599 cum
2206 3544 2377 3597 tribus
2431 3540 2696 3611 angustiis
2746 3547 3122 3603 coarctamur;
3156 3536 3209 3590 id
3264 3544 3347 3589 est
3375 3544 3436 3589 ut

1884 3634 1939 3688 in
1977 3634 2064 3690 die
2108 3632 2389 3688 Dominica
2446 3630 2843 3686 solemnitatem
2890 3627 3113 3683 Pascha:
3160 3641 3433 3681 veneran-

1882 3736 1996 3789 tes,
2044 3722 2367 3793 aaquiuoctio
2399 3720 2762 3787 transvadato,
2812 3735 2886 3774 xx
2924 3709 3114 3777 lunam
3144 3732 3256 3773 non
3285 3731 3436 3771 exce-
3471 3740 3481 3760 κ

1881 3817 2097 3871 damus.

1879 3925 1997 3979 XII.
2038 3925 2400 3989 Quorumdam
2433 3923 2674 3993 objectio,
2718 3939 2821 3993 non
2848 3939 2997 3991 posse
3030 3921 3237 3975 Pascha
3261 3923 3441 3991 spatio

1953 4010 2043 4047 xIx
2099 4011 2354 4046 annorum
2394 3992 2593 4064 semper
2636 3996 2692 4047 in
2726 3992 3001 4046 Doniiuica
3025 3993 3265 4045 inveniri.
3292 3996 3437 4045 Ana-
3478 4016 3485 4028 ι

1952 4064 2067 4116 lolii
2093 4065 2379 4132 responsio.
2430 4089 2438 4097 -

1954 4175 2058 4230 Sed
2081 4176 2184 4231 hoc
2216 4177 2285 4231 ab
2333 4177 2455 4230 aliis
2479 4174 2813 4249 sapientibus
2855 4180 2911 4226 et
2941 4171 3275 4237 acutissimis
3302 4166 3434 4226 viris

1882 4266 2217 4336 impossibile
2240 4282 2363 4322 esse
2387 4266 2659 4331 delinitur,
2702 4265 2845 4335 quod
2893 4265 2947 4318 in
2985 4264 3076 4317 illo
3125 4269 3354 4333 angusto
3378 4268 3433 4316 et

1879 4355 2205 4412 brevissimo
2243 4372 2333 4411 xix
2387 4370 2652 4409 annorum
2711 4354 2905 4408 circuli
2951 4354 3159 4423 spatio,
3217 4350 3431 4406 Pascha

1882 4448 2249 4515 verissimum,
2282 4448 2335 4500 id
2363 4447 2523 4501 estin
2551 4446 2640 4500 die
2689 4443 2994 4513 Dominica,
3046 4445 3427 4515 equinoctium

221 4541 322 4599 μυ
355 4530 692 4598 antiquitatis
716 4544 865 4583 more
896 4528 1307 4583 declinantibus.
1360 4527 1438 4580 Illi
1470 4527 1684 4596 quidem
1719 4527 1775 4580 in

1882 4541 2281 4612 transgrediens
2332 4538 2657 4591 inveniatur.
2693 4533 2797 4590 Sed
2829 4552 2931 4592 nos
2979 4546 3040 4591 ut
3091 4536 3429 4590 manifestius

222 4632 319 4671 xlv
340 4616 431 4670 die
457 4620 660 4673 mensis
708 4618 868 4688 primi
930 4617 1072 4672 diem
1116 4615 1338 4672 Pascha:
1397 4617 1777 4688 observabant,

144 4706 163 4712 “
222 4706 527 4762 secundum
552 4706 927 4777 Evangelium,
961 4716 1023 4762 ut
1081 4707 1360 4777 putabant,
1392 4708 1527 4761 nihil
1558 4709 1781 4762 omnino

221 4798 567 4852 extrinsecus
595 4797 874 4864 addentes,
905 4799 999 4853 sed
1029 4798 1149 4851 lidei
1194 4797 1431 4867 regulam
1479 4813 1573 4867 per
1598 4800 1780 4853 omnia

222 4896 634 4944 conservantes.
666 4887 730 4943 Hi
765 4900 944 4944 autem
978 4888 1268 4948 Dominicze
1312 4889 1583 4959 passionis
1638 4891 1779 4944 diem

224 4987 612 5057 transeuntes,
636 4988 694 5031 ut
722 4981 935 5035 tristitia
968 4997 1032 5036 ac
1060 4996 1294 5036 mmrore
1336 4982 1615 5050 repletum,
1643 4996 1776 5037 con-

220 5072 469 5134 ﬁrmant,
504 5084 573 5124 ne
604 5069 764 5123 liceat
788 5072 1101 5140 aliaiuaudo,
1148 5071 1253 5127 nisi
1291 5073 1347 5127 in
1378 5073 1467 5128 die
1498 5072 1776 5127 Dominica

222 5165 283 5220 in
313 5178 427 5234 qua
454 5160 786 5216 resurrectio
804 5158 1015 5215 Domini
1044 5176 1077 5215 a
1109 5171 1282 5216 morte
1310 5161 1450 5217 l‘acta
1477 5147 1579 5227 est,
1622 5170 1676 5215 et
1720 5162 1777 5216 in

220 5269 333 5322 qua
382 5251 543 5308 nobis
574 5246 787 5304 ‘exorta
838 5257 922 5304 est
970 5252 1310 5319 sempiterna:
1365 5267 1534 5321 causa
1558 5252 1775 5316 latitia,

220 5342 573 5397 Dominicum
629 5338 851 5395 Pascha
904 5338 1178 5395 celebrare
1227 5341 1564 5411 mysterium.
1616 5341 1777 5398 Aliud

213 5432 377 5487 enim
396 5442 487 5507 est
510 5431 805 5508 secundum
854 5428 997 5497 quod
1044 5428 1114 5484 ab
1141 5428 1417 5497 Apostolo,
1462 5429 1573 5485 imo
1604 5445 1637 5484 a
1664 5430 1775 5485 Do-

218 5522 383 5589 mino
775 5530 878 5585 est,
916 5534 1038 5573 cum
1086 5519 1401 5574 contristato
1447 5522 1773 5589 contristari,

208 5622 273 5684 ⁵ει
300 5627 429 5671 cum
453 5627 619 5685 cruce
645 5595 807 5682 passi)
825 5612 1082 5681 summa,
1113 5611 1472 5681 ipso'dicente
1504 5625 1532 5668 ι
1587 5613 1776 5675 Τήιὼ

1878 4631 1972 4687 llat
2003 4632 2128 4696 hoc,
2182 4626 2328 4697 quod
2371 4626 2481 4680 illis
2530 4626 2962 4681 incredulitatem
3018 4625 3245 4688 inducit,
3276 4621 3426 4674 illum

1876 4712 2301 4790 quemdiximus
2333 4729 2601 4769 annorum
2640 4716 2927 4779 circulum,
2971 4729 3093 4767 cum
3129 4713 3267 4765 luna:
3302 4725 3427 4762 cur-

1877 4796 2029 4866 sibus
2075 4816 2368 4878 ponemus;
2420 4808 2746 4876 computatis
2808 4818 2930 4861 ante
2977 4805 3183 4867 diehus,
3230 4804 3428 4871 quibus

1879 4898 2174 4967 reciprocis
2229 4896 2481 4952 cursibus
2522 4898 2815 4953 involvitur
2856 4910 3063 4959 annus,
3122 4894 3176 4946 in
3225 4894 3428 4947 Kalen-

1878 4992 1983 5055 dis,
2027 4998 2082 5043 et
2131 4988 2333 5051 Idibus,
2380 4998 2436 5043 et
2463 4988 2655 5053 Nonis,
2700 4996 2755 5042 et
2786 4987 2919 5041 solis
2964 5000 3190 5039 ascensu
3225 4997 3281 5038 et
3328 4989 3426 5041 de-

1878 5093 2093 5134 scensu.
2602 5064 2607 5069 ’
2971 5111 2974 5115 ι
3084 5142 3087 5145 γ

1913 5167 2047 5223 XIII.
2087 5164 2257 5221 Luna:
2281 5178 2415 5223 tetas
2463 5170 2517 5223 in
2546 5164 2869 5223 Kalmdario
2891 5163 3112 5219 Iuliano
3137 5180 3387 5234 expansa.
3411 5193 3415 5200 ι

1942 5256 2231 5311 Januarius
2264 5258 2318 5311 in
2351 5256 2623 5320 Kalendis,
2650 5240 2756 5309 una
2786 5255 2925 5318 dies,
2970 5254 3097 5310 luna
3122 5257 3314 5326 prima.
3363 5257 3423 5308 In

1878 5346 2046 5404 Nonis
2075 5347 2268 5417 quinta
2290 5350 2429 5415 dies,
2462 5350 2591 5403 luna
2618 5347 2674 5401 δ.
2698 5346 2756 5399 In
2785 5345 2992 5411 Idibus,
3037 5349 3106 5401 l3
3132 5349 3269 5412 dies,
3296 5348 3425 5401 luna

1881 5440 1969 5494 13.
1998 5436 2057 5492 In
2098 5438 2275 5507 pridie
2315 5437 2582 5494 Kalendas
2606 5435 2911 5504 Februarii,
2956 5438 3018 5492 34
3048 5439 3185 5504 dies,
3208 5438 3334 5492 luna
3370 5439 3419 5491 I.

1881 5528 1948 5584 In.
1966 5526 2220 5582 Kalendis
2252 5528 2573 5591 Februarii,
2622 5528 2691 5583 52
2712 5530 2861 5602 diesr
2882 5529 3015 5586 luna
3054 5528 3113 5582 ε.
3136 5528 3208 5581 .Iu
3233 5520 3418 5587 Nonis,

1840 5617 1949 5681 ..56
1980 5618 2116 5681 dies,
2138 5617 2267 5691 lana
2288 5620 2345 5677 6.
2369 5619 2433 5673 In
2462 5618 2664 5685 Idibus,
2700 5613 2779 5675 Π
2800 5620 2936 5685 dies,
2966 5618 3094 5674 luna
3124 5616 3423 5687 συρρεῖ.

196 5792 201 5796 ’
288 5786 316 5821 ⁸
365 5784 559 5842 Iatth.
612 5804 771 5852 xxvi,
822 5788 913 5843 58.
986 5790 1008 5844 Ψ
1059 5788 1192 5847 Luc.
1245 5805 1347 5856 xv,
1386 5789 1420 5845 6
1518 5784 1550 5824 ’⁸
1598 5772 1770 5860 lavit.

1876 5809 1957 5861 Ill,
1990 5788 2104 5845 5-7.
