  <div class='ocr_page' id='page_1' title='image "/cluster/home/n/w/nwhite01/storage/ocr_20150623/10/pst.000005711901/123.png"; bbox 0 0 4104 6350; ppageno 0'>
   <div class='ocr_carea' id='block_1_1' title="bbox 708 495 815 550">
    <p class='ocr_par' dir='ltr' id='par_1_1' title="bbox 708 495 815 550">
     <span class='ocr_line' id='line_1_1' title="bbox 708 495 815 550; baseline 0.019 -2"><span class='ocrx_word' id='word_1_1' title='bbox 708 495 815 550; x_wconf 79' lang='grc'><strong>219</strong></span> 
     </span>
    </p>
   </div>
   <div class='ocr_carea' id='block_1_2' title="bbox 1391 442 3090 555">
    <p class='ocr_par' dir='ltr' id='par_1_2' title="bbox 1391 442 3090 555">
     <span class='ocr_line' id='line_1_2' title="bbox 1391 442 3090 555; baseline -0.001 -7"><span class='ocrx_word' id='word_1_2' title='bbox 1391 442 1393 445; x_wconf 17' lang='grc' dir='ltr'><strong><em>ι</em></strong></span> <span class='ocrx_word' id='word_1_3' title='bbox 1482 485 1554 548; x_wconf 49' lang='grc'><strong>5.</strong></span> <span class='ocrx_word' id='word_1_4' title='bbox 1582 487 1909 546; x_wconf 78' lang='lat' dir='ltr'><strong>ANATOLII</strong></span> <span class='ocrx_word' id='word_1_5' title='bbox 1944 484 2403 555; x_wconf 77' lang='lat' dir='ltr'><strong>ALEXANDRINI</strong></span> <span class='ocrx_word' id='word_1_6' title='bbox 2438 487 2667 542; x_wconf 74' lang='lat' dir='ltr'><strong>CANON</strong></span> <span class='ocrx_word' id='word_1_7' title='bbox 2708 488 3090 549; x_wconf 76' lang='lat' dir='ltr'><strong>PASCHALIS</strong></span> 
     </span>
    </p>
   </div>
   <div class='ocr_carea' id='block_1_3' title="bbox 3827 487 3939 542">
    <p class='ocr_par' dir='ltr' id='par_1_3' title="bbox 3827 487 3939 542">
     <span class='ocr_line' id='line_1_3' title="bbox 3827 487 3939 542; baseline -0.009 0"><span class='ocrx_word' id='word_1_8' title='bbox 3827 487 3939 542; x_wconf 77' lang='lat'><strong>220</strong></span> 
     </span>
    </p>
   </div>
   <div class='ocr_carea' id='block_1_4' title="bbox 706 603 3942 684">
    <p class='ocr_par' dir='ltr' id='par_1_4' title="bbox 706 603 3942 684">
     <span class='ocr_line' id='line_1_4' title="bbox 706 603 3942 684; baseline -0.001 -17"><span class='ocrx_word' id='word_1_9' title='bbox 706 616 792 667; x_wconf 82' lang='lat' dir='ltr'><strong>die</strong></span> <span class='ocrx_word' id='word_1_10' title='bbox 838 613 1105 669; x_wconf 76' lang='lat' dir='ltr'><strong>Kalendas</strong></span> <span class='ocrx_word' id='word_1_11' title='bbox 1152 614 1351 679; x_wconf 83' lang='lat' dir='ltr'><strong>Martii,</strong></span> <span class='ocrx_word' id='word_1_12' title='bbox 1407 613 1475 667; x_wconf 84' lang='lat'><strong>59</strong></span> <span class='ocrx_word' id='word_1_13' title='bbox 1519 614 1655 678; x_wconf 90' lang='lat' dir='ltr'><strong>dies,</strong></span> <span class='ocrx_word' id='word_1_14' title='bbox 1694 614 1820 666; x_wconf 85' lang='lat' dir='ltr'><strong>luna</strong></span> <span class='ocrx_word' id='word_1_15' title='bbox 1873 603 1964 666; x_wconf 86' lang='lat'><strong>29.</strong></span> <span class='ocrx_word' id='word_1_16' title='bbox 2018 608 2269 664; x_wconf 78' lang='lat' dir='ltr'><strong>Kalendis</strong></span> <span class='ocrx_word' id='word_1_17' title='bbox 2298 614 2345 669; x_wconf 79' lang='grc' dir='ltr'>Α</span> <span class='ocrx_word' id='word_1_18' title='bbox 2372 608 2561 674; x_wconf 67' lang='lat' dir='ltr'><strong>Nmis,</strong></span> <span class='ocrx_word' id='word_1_19' title='bbox 2588 609 2693 663; x_wconf 60' lang='lat'><strong>2.18</strong></span> <span class='ocrx_word' id='word_1_20' title='bbox 2725 609 2861 671; x_wconf 90' lang='lat' dir='ltr'><strong>dies,</strong></span> <span class='ocrx_word' id='word_1_21' title='bbox 2908 613 3031 664; x_wconf 90' lang='lat' dir='ltr'><strong>luna</strong></span> <span class='ocrx_word' id='word_1_22' title='bbox 3061 606 3241 684; x_wconf 68' lang='lat' dir='ltr'><strong>12.&#39;In</strong></span> <span class='ocrx_word' id='word_1_23' title='bbox 3271 609 3473 674; x_wconf 90' lang='lat' dir='ltr'><strong>Idibus,</strong></span> <span class='ocrx_word' id='word_1_24' title='bbox 3502 609 3609 665; x_wconf 83' lang='lat'><strong>256</strong></span> <span class='ocrx_word' id='word_1_25' title='bbox 3632 608 3770 671; x_wconf 87' lang='lat' dir='ltr'><strong>dies,</strong></span> <span class='ocrx_word' id='word_1_26' title='bbox 3806 611 3942 662; x_wconf 85' lang='lat' dir='ltr'><strong>luna</strong></span> 
     </span>
    </p>
   </div>
   <div class='ocr_carea' id='block_1_5' title="bbox 706 700 2264 769">
    <p class='ocr_par' dir='ltr' id='par_1_5' title="bbox 706 700 2264 769">
     <span class='ocr_line' id='line_1_5' title="bbox 706 700 2264 769; baseline -0.001 -11"><span class='ocrx_word' id='word_1_27' title='bbox 706 706 904 769; x_wconf 78' lang='lat' dir='ltr'><strong>Martii,</strong></span> <span class='ocrx_word' id='word_1_28' title='bbox 940 705 1008 759; x_wconf 85' lang='grc' dir='ltr'><strong>ϐυ</strong></span> <span class='ocrx_word' id='word_1_29' title='bbox 1034 707 1172 769; x_wconf 82' lang='lat' dir='ltr'><strong>dies,</strong></span> <span class='ocrx_word' id='word_1_30' title='bbox 1208 706 1337 758; x_wconf 89' lang='lat' dir='ltr'><strong>luna</strong></span> <span class='ocrx_word' id='word_1_31' title='bbox 1368 705 1419 757; x_wconf 91' lang='lat'><strong>1.</strong></span> <span class='ocrx_word' id='word_1_32' title='bbox 1455 704 1511 757; x_wconf 91' lang='lat' dir='ltr'><strong>In</strong></span> <span class='ocrx_word' id='word_1_33' title='bbox 1552 702 1742 769; x_wconf 91' lang='lat' dir='ltr'><strong>Nonis,</strong></span> <span class='ocrx_word' id='word_1_34' title='bbox 1767 701 1835 756; x_wconf 87' lang='lat'><strong>66</strong></span> <span class='ocrx_word' id='word_1_35' title='bbox 1870 703 2006 767; x_wconf 87' lang='lat' dir='ltr'><strong>dies,</strong></span> <span class='ocrx_word' id='word_1_36' title='bbox 2043 702 2173 754; x_wconf 85' lang='lat' dir='ltr'><strong>luna</strong></span> <span class='ocrx_word' id='word_1_37' title='bbox 2212 700 2264 756; x_wconf 99' lang='lat'><strong>7.</strong></span> 
     </span>
    </p>
   </div>
   <div class='ocr_carea' id='block_1_6' title="bbox 705 791 2271 871">
    <p class='ocr_par' dir='ltr' id='par_1_6' title="bbox 705 791 2271 871">
     <span class='ocr_line' id='line_1_6' title="bbox 705 791 2271 871; baseline -0.001 -22"><span class='ocrx_word' id='word_1_38' title='bbox 705 798 762 850; x_wconf 92' lang='lat' dir='ltr'><strong>In</strong></span> <span class='ocrx_word' id='word_1_39' title='bbox 793 799 995 861; x_wconf 89' lang='lat' dir='ltr'><strong>Idibus,</strong></span> <span class='ocrx_word' id='word_1_40' title='bbox 1044 798 1113 871; x_wconf 68' lang='grc'><strong>74</strong></span> <span class='ocrx_word' id='word_1_41' title='bbox 1161 798 1300 859; x_wconf 91' lang='lat' dir='ltr'><strong>dies,</strong></span> <span class='ocrx_word' id='word_1_42' title='bbox 1352 797 1477 849; x_wconf 90' lang='lat' dir='ltr'><strong>luna</strong></span> <span class='ocrx_word' id='word_1_43' title='bbox 1524 796 1614 850; x_wconf 36' lang='lat'><strong>15..</strong></span> <span class='ocrx_word' id='word_1_44' title='bbox 1666 796 1724 849; x_wconf 90' lang='lat' dir='ltr'><strong>In</strong></span> <span class='ocrx_word' id='word_1_45' title='bbox 1776 795 1950 864; x_wconf 81' lang='lat' dir='ltr'><strong>pridie</strong></span> <span class='ocrx_word' id='word_1_46' title='bbox 2002 791 2271 847; x_wconf 84' lang='lat' dir='ltr'><strong>Kalendas</strong></span> 
     </span>
    </p>
   </div>
   <div class='ocr_carea' id='block_1_7' title="bbox 694 884 2268 959">
    <p class='ocr_par' dir='ltr' id='par_1_7' title="bbox 694 884 2268 959">
     <span class='ocr_line' id='line_1_7' title="bbox 694 884 2268 959; baseline -0.004 -17"><span class='ocrx_word' id='word_1_47' title='bbox 694 891 924 959; x_wconf 81' lang='lat' dir='ltr'><strong>&#39;Aprilis,</strong></span> <span class='ocrx_word' id='word_1_48' title='bbox 956 890 1025 945; x_wconf 86' lang='lat'><strong>90</strong></span> <span class='ocrx_word' id='word_1_49' title='bbox 1056 891 1193 950; x_wconf 81' lang='lat' dir='ltr'><strong>dies,</strong></span> <span class='ocrx_word' id='word_1_50' title='bbox 1231 889 1357 940; x_wconf 90' lang='lat' dir='ltr'><strong>luna</strong></span> <span class='ocrx_word' id='word_1_51' title='bbox 1389 888 1442 939; x_wconf 88' lang='lat'><strong>2.</strong></span> <span class='ocrx_word' id='word_1_52' title='bbox 1498 886 1753 941; x_wconf 80' lang='lat' dir='ltr'><strong>Kalendis</strong></span> <span class='ocrx_word' id='word_1_53' title='bbox 1779 886 1999 955; x_wconf 77' lang='lat' dir='ltr'><strong>Aprilis,</strong></span> <span class='ocrx_word' id='word_1_54' title='bbox 2036 884 2097 938; x_wconf 97' lang='grc'><strong>91</strong></span> <span class='ocrx_word' id='word_1_55' title='bbox 2130 884 2268 949; x_wconf 88' lang='lat' dir='ltr'><strong>dies,</strong></span> 
     </span>
    </p>
   </div>
   <div class='ocr_carea' id='block_1_8' title="bbox 704 974 2272 1043">
    <p class='ocr_par' dir='ltr' id='par_1_8' title="bbox 704 974 2272 1043">
     <span class='ocr_line' id='line_1_8' title="bbox 704 974 2272 1043; baseline -0.003 -11"><span class='ocrx_word' id='word_1_56' title='bbox 704 980 830 1034; x_wconf 83' lang='lat' dir='ltr'><strong>luna</strong></span> <span class='ocrx_word' id='word_1_57' title='bbox 864 981 915 1033; x_wconf 85' lang='grc'><strong>5.</strong></span> <span class='ocrx_word' id='word_1_58' title='bbox 958 981 1013 1033; x_wconf 89' lang='lat' dir='ltr'><strong>In</strong></span> <span class='ocrx_word' id='word_1_59' title='bbox 1050 978 1239 1043; x_wconf 87' lang='lat' dir='ltr'><strong>Nonis,</strong></span> <span class='ocrx_word' id='word_1_60' title='bbox 1265 979 1334 1032; x_wconf 84' lang='grc'><strong>95</strong></span> <span class='ocrx_word' id='word_1_61' title='bbox 1383 980 1521 1038; x_wconf 87' lang='lat' dir='ltr'><strong>dies,</strong></span> <span class='ocrx_word' id='word_1_62' title='bbox 1576 978 1703 1030; x_wconf 87' lang='lat' dir='ltr'><strong>luna</strong></span> <span class='ocrx_word' id='word_1_63' title='bbox 1754 977 1802 1030; x_wconf 88' lang='lat'><strong>7.</strong></span> <span class='ocrx_word' id='word_1_64' title='bbox 1857 975 1913 1030; x_wconf 86' lang='lat' dir='ltr'><strong>In</strong></span> <span class='ocrx_word' id='word_1_65' title='bbox 1942 974 2144 1038; x_wconf 91' lang='lat' dir='ltr'><strong>Idibus,</strong></span> <span class='ocrx_word' id='word_1_66' title='bbox 2171 974 2272 1028; x_wconf 88' lang='grc'><strong>105</strong></span> 
     </span>
    </p>
   </div>
   <div class='ocr_carea' id='block_1_9' title="bbox 703 1066 2269 1138">
    <p class='ocr_par' dir='ltr' id='par_1_9' title="bbox 703 1066 2269 1138">
     <span class='ocr_line' id='line_1_9' title="bbox 703 1066 2269 1138; baseline -0.002 -15"><span class='ocrx_word' id='word_1_67' title='bbox 703 1071 841 1130; x_wconf 83' lang='lat' dir='ltr'><strong>dies,</strong></span> <span class='ocrx_word' id='word_1_68' title='bbox 873 1073 997 1123; x_wconf 87' lang='lat' dir='ltr'><strong>luna</strong></span> <span class='ocrx_word' id='word_1_69' title='bbox 1033 1071 1117 1124; x_wconf 80' lang='lat' dir='ltr'><strong>I5.</strong></span> <span class='ocrx_word' id='word_1_70' title='bbox 1175 1070 1227 1122; x_wconf 90' lang='lat' dir='ltr'><strong>In</strong></span> <span class='ocrx_word' id='word_1_71' title='bbox 1281 1072 1450 1138; x_wconf 81' lang='lat' dir='ltr'><strong>pridie</strong></span> <span class='ocrx_word' id='word_1_72' title='bbox 1496 1069 1764 1129; x_wconf 79' lang='lat' dir='ltr'><strong>Kalendas</strong></span> <span class='ocrx_word' id='word_1_73' title='bbox 1812 1068 1955 1135; x_wconf 79' lang='lat' dir='ltr'><strong>Maii,</strong></span> <span class='ocrx_word' id='word_1_74' title='bbox 2008 1067 2109 1121; x_wconf 75' lang='grc'><strong>120</strong></span> <span class='ocrx_word' id='word_1_75' title='bbox 2131 1066 2269 1133; x_wconf 82' lang='lat' dir='ltr'><strong>dies,</strong></span> 
     </span>
    </p>
   </div>
   <div class='ocr_carea' id='block_1_10' title="bbox 704 1155 2269 1223">
    <p class='ocr_par' dir='ltr' id='par_1_10' title="bbox 704 1155 2269 1223">
     <span class='ocr_line' id='line_1_10' title="bbox 704 1155 2269 1223; baseline -0.001 -11"><span class='ocrx_word' id='word_1_76' title='bbox 704 1161 833 1213; x_wconf 83' lang='lat' dir='ltr'><strong>luna</strong></span> <span class='ocrx_word' id='word_1_77' title='bbox 869 1161 920 1211; x_wconf 83' lang='grc'><strong>5.</strong></span> <span class='ocrx_word' id='word_1_78' title='bbox 959 1158 1214 1213; x_wconf 82' lang='lat' dir='ltr'><strong>Kalendis</strong></span> <span class='ocrx_word' id='word_1_79' title='bbox 1250 1159 1395 1223; x_wconf 83' lang='lat' dir='ltr'><strong>Maii,</strong></span> <span class='ocrx_word' id='word_1_80' title='bbox 1430 1159 1523 1211; x_wconf 82' lang='lat' dir='ltr'><strong>I2I</strong></span> <span class='ocrx_word' id='word_1_81' title='bbox 1560 1159 1697 1223; x_wconf 79' lang='lat' dir='ltr'><strong>dies,</strong></span> <span class='ocrx_word' id='word_1_82' title='bbox 1732 1159 1858 1212; x_wconf 89' lang='lat' dir='ltr'><strong>luna</strong></span> <span class='ocrx_word' id='word_1_83' title='bbox 1905 1160 1956 1211; x_wconf 78' lang='grc'><strong>4.</strong></span> <span class='ocrx_word' id='word_1_84' title='bbox 1991 1158 2047 1211; x_wconf 91' lang='lat' dir='ltr'><strong>In</strong></span> <span class='ocrx_word' id='word_1_85' title='bbox 2081 1155 2269 1221; x_wconf 84' lang='lat' dir='ltr'><strong>Nonis,</strong></span> 
     </span>
    </p>
   </div>
   <div class='ocr_carea' id='block_1_11' title="bbox 707 1248 2272 1316">
    <p class='ocr_par' dir='ltr' id='par_1_11' title="bbox 707 1248 2272 1316">
     <span class='ocr_line' id='line_1_11' title="bbox 707 1248 2272 1316; baseline -0.002 -13"><span class='ocrx_word' id='word_1_86' title='bbox 707 1251 809 1303; x_wconf 84' lang='lat' dir='ltr'><strong>I27</strong></span> <span class='ocrx_word' id='word_1_87' title='bbox 833 1251 969 1310; x_wconf 88' lang='lat' dir='ltr'><strong>dies,</strong></span> <span class='ocrx_word' id='word_1_88' title='bbox 1004 1251 1128 1303; x_wconf 89' lang='lat' dir='ltr'><strong>luna</strong></span> <span class='ocrx_word' id='word_1_89' title='bbox 1164 1250 1246 1303; x_wconf 87' lang='grc'><strong>10.</strong></span> <span class='ocrx_word' id='word_1_90' title='bbox 1287 1250 1341 1302; x_wconf 94' lang='lat' dir='ltr'><strong>In</strong></span> <span class='ocrx_word' id='word_1_91' title='bbox 1369 1250 1571 1314; x_wconf 87' lang='lat' dir='ltr'><strong>Idibus,</strong></span> <span class='ocrx_word' id='word_1_92' title='bbox 1610 1251 1713 1304; x_wconf 86' lang='grc'><strong>155</strong></span> <span class='ocrx_word' id='word_1_93' title='bbox 1745 1252 1879 1316; x_wconf 91' lang='lat' dir='ltr'><strong>dies,</strong></span> <span class='ocrx_word' id='word_1_94' title='bbox 1939 1251 2064 1304; x_wconf 92' lang='lat' dir='ltr'><strong>luna</strong></span> <span class='ocrx_word' id='word_1_95' title='bbox 2099 1250 2183 1303; x_wconf 91' lang='lat' dir='ltr'><strong>I8.</strong></span> <span class='ocrx_word' id='word_1_96' title='bbox 2216 1248 2272 1301; x_wconf 92' lang='lat' dir='ltr'><strong>In</strong></span> 
     </span>
    </p>
   </div>
   <div class='ocr_carea' id='block_1_12' title="bbox 704 1339 2273 1409">
    <p class='ocr_par' dir='ltr' id='par_1_12' title="bbox 704 1339 2273 1409">
     <span class='ocr_line' id='line_1_12' title="bbox 704 1339 2273 1409; baseline 0.001 -18"><span class='ocrx_word' id='word_1_97' title='bbox 704 1341 878 1409; x_wconf 77' lang='lat' dir='ltr'><strong>pridie</strong></span> <span class='ocrx_word' id='word_1_98' title='bbox 917 1339 1183 1394; x_wconf 80' lang='lat' dir='ltr'><strong>Kalendas</strong></span> <span class='ocrx_word' id='word_1_99' title='bbox 1216 1340 1383 1405; x_wconf 80' lang='lat' dir='ltr'><strong>Junii,</strong></span> <span class='ocrx_word' id='word_1_100' title='bbox 1437 1342 1527 1393; x_wconf 85' lang='lat' dir='ltr'><strong>I51</strong></span> <span class='ocrx_word' id='word_1_101' title='bbox 1562 1343 1699 1405; x_wconf 89' lang='lat' dir='ltr'><strong>dies,</strong></span> <span class='ocrx_word' id='word_1_102' title='bbox 1746 1343 1875 1395; x_wconf 87' lang='lat' dir='ltr'><strong>luna</strong></span> <span class='ocrx_word' id='word_1_103' title='bbox 1930 1342 1983 1396; x_wconf 89' lang='grc'><strong>5.</strong></span> <span class='ocrx_word' id='word_1_104' title='bbox 2016 1340 2273 1394; x_wconf 84' lang='lat' dir='ltr'><strong>Kalendis</strong></span> 
     </span>
    </p>
   </div>
   <div class='ocr_carea' id='block_1_13' title="bbox 704 1428 2271 1494">
    <p class='ocr_par' dir='ltr' id='par_1_13' title="bbox 704 1428 2271 1494">
     <span class='ocr_line' id='line_1_13' title="bbox 704 1428 2271 1494; baseline 0.001 -13"><span class='ocrx_word' id='word_1_105' title='bbox 704 1428 877 1490; x_wconf 84' lang='lat' dir='ltr'><strong>Junii,</strong></span> <span class='ocrx_word' id='word_1_106' title='bbox 918 1430 1019 1481; x_wconf 79' lang='grc'><strong>152</strong></span> <span class='ocrx_word' id='word_1_107' title='bbox 1049 1430 1186 1491; x_wconf 89' lang='lat' dir='ltr'><strong>dies,</strong></span> <span class='ocrx_word' id='word_1_108' title='bbox 1218 1429 1344 1482; x_wconf 90' lang='lat' dir='ltr'><strong>luna</strong></span> <span class='ocrx_word' id='word_1_109' title='bbox 1387 1429 1440 1482; x_wconf 83' lang='lat'><strong>5.</strong></span> <span class='ocrx_word' id='word_1_110' title='bbox 1491 1430 1551 1482; x_wconf 92' lang='lat' dir='ltr'><strong>In</strong></span> <span class='ocrx_word' id='word_1_111' title='bbox 1594 1428 1787 1494; x_wconf 87' lang='lat' dir='ltr'><strong>Nonis,</strong></span> <span class='ocrx_word' id='word_1_112' title='bbox 1826 1430 1923 1484; x_wconf 89' lang='grc'><strong>155</strong></span> <span class='ocrx_word' id='word_1_113' title='bbox 1952 1431 2102 1494; x_wconf 73' lang='lat' dir='ltr'><strong>dies,</strong></span> <span class='ocrx_word' id='word_1_114' title='bbox 2144 1429 2271 1483; x_wconf 90' lang='lat' dir='ltr'><strong>luna</strong></span> 
     </span>
    </p>
   </div>
   <div class='ocr_carea' id='block_1_14' title="bbox 707 1518 2273 1589">
    <p class='ocr_par' dir='ltr' id='par_1_14' title="bbox 707 1518 2273 1589">
     <span class='ocr_line' id='line_1_14' title="bbox 707 1518 2273 1589; baseline 0.001 -16"><span class='ocrx_word' id='word_1_115' title='bbox 707 1519 757 1573; x_wconf 86' lang='lat'><strong>9.</strong></span> <span class='ocrx_word' id='word_1_116' title='bbox 793 1518 849 1570; x_wconf 91' lang='lat' dir='ltr'><strong>In</strong></span> <span class='ocrx_word' id='word_1_117' title='bbox 896 1519 1098 1581; x_wconf 80' lang='lat' dir='ltr'><strong>Idibus,</strong></span> <span class='ocrx_word' id='word_1_118' title='bbox 1129 1519 1229 1572; x_wconf 72' lang='lat'><strong>164</strong></span> <span class='ocrx_word' id='word_1_119' title='bbox 1251 1520 1550 1587; x_wconf 82' lang='lat' dir='ltr'><strong>dies,~luna</strong></span> <span class='ocrx_word' id='word_1_120' title='bbox 1588 1521 1676 1574; x_wconf 93' lang='lat' dir='ltr'><strong>I7.</strong></span> <span class='ocrx_word' id='word_1_121' title='bbox 1710 1522 1767 1574; x_wconf 89' lang='lat' dir='ltr'><strong>In</strong></span> <span class='ocrx_word' id='word_1_122' title='bbox 1810 1520 1980 1589; x_wconf 80' lang='lat' dir='ltr'><strong>pridie</strong></span> <span class='ocrx_word' id='word_1_123' title='bbox 2004 1520 2273 1575; x_wconf 81' lang='lat' dir='ltr'><strong>Kalendas</strong></span> 
     </span>
    </p>
   </div>
   <div class='ocr_carea' id='block_1_15' title="bbox 706 1608 2269 1677">
    <p class='ocr_par' dir='ltr' id='par_1_15' title="bbox 706 1608 2269 1677">
     <span class='ocr_line' id='line_1_15' title="bbox 706 1608 2269 1677; baseline 0.002 -13"><span class='ocrx_word' id='word_1_124' title='bbox 706 1608 855 1675; x_wconf 88' lang='lat' dir='ltr'><strong>Julii,</strong></span> <span class='ocrx_word' id='word_1_125' title='bbox 908 1610 1003 1663; x_wconf 91' lang='lat' dir='ltr'><strong>I8I</strong></span> <span class='ocrx_word' id='word_1_126' title='bbox 1036 1611 1173 1676; x_wconf 90' lang='lat' dir='ltr'><strong>dies,</strong></span> <span class='ocrx_word' id='word_1_127' title='bbox 1240 1611 1366 1664; x_wconf 90' lang='lat' dir='ltr'><strong>luna</strong></span> <span class='ocrx_word' id='word_1_128' title='bbox 1397 1612 1448 1665; x_wconf 83' lang='lat'><strong>5.</strong></span> <span class='ocrx_word' id='word_1_129' title='bbox 1499 1610 1751 1666; x_wconf 88' lang='lat' dir='ltr'><strong>Kalendis</strong></span> <span class='ocrx_word' id='word_1_130' title='bbox 1799 1610 1949 1677; x_wconf 81' lang='lat' dir='ltr'><strong>Julii,</strong></span> <span class='ocrx_word' id='word_1_131' title='bbox 1989 1612 2091 1665; x_wconf 88' lang='lat' dir='ltr'><strong>I82</strong></span> <span class='ocrx_word' id='word_1_132' title='bbox 2133 1613 2269 1675; x_wconf 86' lang='lat' dir='ltr'><strong>dies,</strong></span> 
     </span>
    </p>
   </div>
   <div class='ocr_carea' id='block_1_16' title="bbox 705 1702 2270 1769">
    <p class='ocr_par' dir='ltr' id='par_1_16' title="bbox 705 1702 2270 1769">
     <span class='ocr_line' id='line_1_16' title="bbox 705 1702 2270 1769; baseline 0 -11"><span class='ocrx_word' id='word_1_133' title='bbox 705 1705 833 1758; x_wconf 88' lang='lat' dir='ltr'><strong>Iuna</strong></span> <span class='ocrx_word' id='word_1_134' title='bbox 862 1703 913 1756; x_wconf 91' lang='lat'><strong>6.</strong></span> <span class='ocrx_word' id='word_1_135' title='bbox 957 1702 1012 1756; x_wconf 92' lang='lat' dir='ltr'><strong>In</strong></span> <span class='ocrx_word' id='word_1_136' title='bbox 1054 1702 1243 1767; x_wconf 87' lang='lat' dir='ltr'><strong>Nonis,</strong></span> <span class='ocrx_word' id='word_1_137' title='bbox 1300 1703 1403 1757; x_wconf 87' lang='lat'><strong>188</strong></span> <span class='ocrx_word' id='word_1_138' title='bbox 1451 1704 1587 1767; x_wconf 89' lang='lat' dir='ltr'><strong>dies,</strong></span> <span class='ocrx_word' id='word_1_139' title='bbox 1649 1704 1780 1757; x_wconf 90' lang='lat' dir='ltr'><strong>luna</strong></span> <span class='ocrx_word' id='word_1_140' title='bbox 1837 1704 1922 1757; x_wconf 83' lang='lat' dir='ltr'><strong>I2.</strong></span> <span class='ocrx_word' id='word_1_141' title='bbox 1960 1702 2016 1756; x_wconf 92' lang='lat' dir='ltr'><strong>In</strong></span> <span class='ocrx_word' id='word_1_142' title='bbox 2068 1705 2270 1769; x_wconf 92' lang='lat' dir='ltr'><strong>Idibus,</strong></span> 
     </span>
    </p>
   </div>
   <div class='ocr_carea' id='block_1_17' title="bbox 680 1793 2273 1864">
    <p class='ocr_par' dir='ltr' id='par_1_17' title="bbox 680 1793 2273 1864">
     <span class='ocr_line' id='line_1_17' title="bbox 680 1793 2273 1864; baseline -0.001 -16"><span class='ocrx_word' id='word_1_143' title='bbox 680 1794 808 1848; x_wconf 67' lang='lat'><strong>“196</strong></span> <span class='ocrx_word' id='word_1_144' title='bbox 833 1795 968 1857; x_wconf 88' lang='lat' dir='ltr'><strong>dies,</strong></span> <span class='ocrx_word' id='word_1_145' title='bbox 1002 1795 1126 1847; x_wconf 91' lang='lat' dir='ltr'><strong>luna</strong></span> <span class='ocrx_word' id='word_1_146' title='bbox 1154 1795 1241 1848; x_wconf 89' lang='lat'><strong>20.</strong></span> <span class='ocrx_word' id='word_1_147' title='bbox 1278 1793 1335 1847; x_wconf 92' lang='lat' dir='ltr'><strong>In</strong></span> <span class='ocrx_word' id='word_1_148' title='bbox 1371 1795 1544 1864; x_wconf 89' lang='lat' dir='ltr'><strong>pridie</strong></span> <span class='ocrx_word' id='word_1_149' title='bbox 1596 1794 1867 1849; x_wconf 84' lang='lat' dir='ltr'><strong>Kalendas</strong></span> <span class='ocrx_word' id='word_1_150' title='bbox 1898 1794 2273 1864; x_wconf 82' lang='lat' dir='ltr'><strong>Augusti,2l2</strong></span> 
     </span>
    </p>
   </div>
   <div class='ocr_carea' id='block_1_18' title="bbox 702 1884 2267 1954">
    <p class='ocr_par' dir='ltr' id='par_1_18' title="bbox 702 1884 2267 1954">
     <span class='ocr_line' id='line_1_18' title="bbox 702 1884 2267 1954; baseline -0.003 -14"><span class='ocrx_word' id='word_1_151' title='bbox 702 1887 841 1949; x_wconf 84' lang='lat' dir='ltr'><strong>dies,</strong></span> <span class='ocrx_word' id='word_1_152' title='bbox 875 1886 1004 1939; x_wconf 93' lang='lat' dir='ltr'><strong>luna</strong></span> <span class='ocrx_word' id='word_1_153' title='bbox 1038 1886 1089 1939; x_wconf 84' lang='lat'><strong>5.</strong></span> <span class='ocrx_word' id='word_1_154' title='bbox 1123 1884 1377 1938; x_wconf 89' lang='lat' dir='ltr'><strong>Kalendis</strong></span> <span class='ocrx_word' id='word_1_155' title='bbox 1429 1886 1682 1954; x_wconf 71' lang='lat' dir='ltr'><strong>Augusti,</strong></span> <span class='ocrx_word' id='word_1_156' title='bbox 1737 1884 1843 1936; x_wconf 87' lang='grc'><strong>215</strong></span> <span class='ocrx_word' id='word_1_157' title='bbox 1871 1884 2009 1948; x_wconf 92' lang='lat' dir='ltr'><strong>dies,</strong></span> <span class='ocrx_word' id='word_1_158' title='bbox 2057 1885 2182 1937; x_wconf 89' lang='lat' dir='ltr'><strong>luna</strong></span> <span class='ocrx_word' id='word_1_159' title='bbox 2217 1886 2267 1936; x_wconf 93' lang='lat'><strong>7.</strong></span> 
     </span>
    </p>
   </div>
   <div class='ocr_carea' id='block_1_19' title="bbox 2374 699 3940 769">
    <p class='ocr_par' dir='ltr' id='par_1_19' title="bbox 2374 699 3940 769">
     <span class='ocr_line' id='line_1_19' title="bbox 2374 699 3940 769; baseline -0.002 -14"><span class='ocrx_word' id='word_1_160' title='bbox 2374 699 2463 755; x_wconf 76' lang='lat'><strong>20.</strong></span> <span class='ocrx_word' id='word_1_161' title='bbox 2508 701 2561 753; x_wconf 91' lang='lat' dir='ltr'><strong>In</strong></span> <span class='ocrx_word' id='word_1_162' title='bbox 2592 701 2762 769; x_wconf 84' lang='lat' dir='ltr'><strong>pridie</strong></span> <span class='ocrx_word' id='word_1_163' title='bbox 2805 700 3071 756; x_wconf 80' lang='lat' dir='ltr'><strong>Kalendas</strong></span> <span class='ocrx_word' id='word_1_164' title='bbox 3100 702 3375 767; x_wconf 77' lang='lat' dir='ltr'><strong>Octobris,</strong></span> <span class='ocrx_word' id='word_1_165' title='bbox 3415 702 3521 757; x_wconf 72' lang='lat'><strong>2&#39;73</strong></span> <span class='ocrx_word' id='word_1_166' title='bbox 3553 703 3688 763; x_wconf 86' lang='lat' dir='ltr'><strong>dics,</strong></span> <span class='ocrx_word' id='word_1_167' title='bbox 3718 701 3847 754; x_wconf 87' lang='lat' dir='ltr'><strong>luna</strong></span> <span class='ocrx_word' id='word_1_168' title='bbox 3885 701 3940 753; x_wconf 85' lang='lat'><strong>8.</strong></span> 
     </span>
    </p>
   </div>
   <div class='ocr_carea' id='block_1_20' title="bbox 2374 786 3949 859">
    <p class='ocr_par' dir='ltr' id='par_1_20' title="bbox 2374 786 3949 859">
     <span class='ocr_line' id='line_1_20' title="bbox 2374 786 3949 859; baseline 0 -14"><span class='ocrx_word' id='word_1_169' title='bbox 2374 793 2629 846; x_wconf 89' lang='lat' dir='ltr'><strong>Kalendis</strong></span> <span class='ocrx_word' id='word_1_170' title='bbox 2652 790 2927 858; x_wconf 87' lang='lat' dir='ltr'><strong>Octobris,</strong></span> <span class='ocrx_word' id='word_1_171' title='bbox 2969 792 3075 849; x_wconf 69' lang='lat'><strong>274</strong></span> <span class='ocrx_word' id='word_1_172' title='bbox 3106 794 3244 859; x_wconf 85' lang='lat' dir='ltr'><strong>dies,</strong></span> <span class='ocrx_word' id='word_1_173' title='bbox 3277 795 3403 848; x_wconf 83' lang='lat' dir='ltr'><strong>luna</strong></span> <span class='ocrx_word' id='word_1_174' title='bbox 3433 794 3487 848; x_wconf 91' lang='lat'><strong>9.</strong></span> <span class='ocrx_word' id='word_1_175' title='bbox 3521 792 3575 846; x_wconf 91' lang='lat' dir='ltr'><strong>In</strong></span> <span class='ocrx_word' id='word_1_176' title='bbox 3614 786 3805 857; x_wconf 83' lang='lat' dir='ltr'><strong>Nonis,</strong></span> <span class='ocrx_word' id='word_1_177' title='bbox 3835 791 3949 845; x_wconf 82' lang='lat'><strong>286</strong></span> 
     </span>
    </p>
   </div>
   <div class='ocr_carea' id='block_1_21' title="bbox 2374 882 3949 952">
    <p class='ocr_par' dir='ltr' id='par_1_21' title="bbox 2374 882 3949 952">
     <span class='ocr_line' id='line_1_21' title="bbox 2374 882 3949 952; baseline -0.001 -15"><span class='ocrx_word' id='word_1_178' title='bbox 2374 884 2515 949; x_wconf 87' lang='lat' dir='ltr'><strong>dies,</strong></span> <span class='ocrx_word' id='word_1_179' title='bbox 2552 886 2676 937; x_wconf 88' lang='lat' dir='ltr'><strong>luna</strong></span> <span class='ocrx_word' id='word_1_180' title='bbox 2703 882 2786 936; x_wconf 83' lang='lat'><strong>15.</strong></span> <span class='ocrx_word' id='word_1_181' title='bbox 2824 883 2878 936; x_wconf 94' lang='lat' dir='ltr'><strong>In</strong></span> <span class='ocrx_word' id='word_1_182' title='bbox 2905 883 3109 949; x_wconf 90' lang='lat' dir='ltr'><strong>Idibus,</strong></span> <span class='ocrx_word' id='word_1_183' title='bbox 3136 885 3241 939; x_wconf 83' lang='lat'><strong>288</strong></span> <span class='ocrx_word' id='word_1_184' title='bbox 3273 887 3410 949; x_wconf 87' lang='lat' dir='ltr'><strong>dies,</strong></span> <span class='ocrx_word' id='word_1_185' title='bbox 3439 886 3569 938; x_wconf 90' lang='lat' dir='ltr'><strong>luna</strong></span> <span class='ocrx_word' id='word_1_186' title='bbox 3606 885 3697 937; x_wconf 86' lang='grc'><strong>25.</strong></span> <span class='ocrx_word' id='word_1_187' title='bbox 3738 886 3792 937; x_wconf 93' lang='lat' dir='ltr'><strong>ln</strong></span> <span class='ocrx_word' id='word_1_188' title='bbox 3830 884 3949 952; x_wconf 90' lang='lat' dir='ltr'><strong>pri-</strong></span> 
     </span>
    </p>
   </div>
   <div class='ocr_carea' id='block_1_22' title="bbox 2373 972 3949 1039">
    <p class='ocr_par' dir='ltr' id='par_1_22' title="bbox 2373 972 3949 1039">
     <span class='ocr_line' id='line_1_22' title="bbox 2373 972 3949 1039; baseline -0.002 -12"><span class='ocrx_word' id='word_1_189' title='bbox 2373 974 2461 1027; x_wconf 88' lang='lat' dir='ltr'><strong>die</strong></span> <span class='ocrx_word' id='word_1_190' title='bbox 2496 972 2764 1028; x_wconf 85' lang='lat' dir='ltr'><strong>Kalendas</strong></span> <span class='ocrx_word' id='word_1_191' title='bbox 2817 973 3158 1039; x_wconf 83' lang='lat' dir='ltr'><strong>Novembris,</strong></span> <span class='ocrx_word' id='word_1_192' title='bbox 3190 974 3293 1027; x_wconf 67' lang='grc'><strong>504</strong></span> <span class='ocrx_word' id='word_1_193' title='bbox 3325 974 3466 1036; x_wconf 88' lang='lat' dir='ltr'><strong>dies,</strong></span> <span class='ocrx_word' id='word_1_194' title='bbox 3496 974 3623 1027; x_wconf 89' lang='lat' dir='ltr'><strong>luna</strong></span> <span class='ocrx_word' id='word_1_195' title='bbox 3646 974 3699 1027; x_wconf 87' lang='lat'><strong>9.</strong></span> <span class='ocrx_word' id='word_1_196' title='bbox 3739 973 3949 1026; x_wconf 82' lang='lat' dir='ltr'><strong>Kalen-</strong></span> 
     </span>
    </p>
   </div>
   <div class='ocr_carea' id='block_1_23' title="bbox 2374 1063 3951 1131">
    <p class='ocr_par' dir='ltr' id='par_1_23' title="bbox 2374 1063 3951 1131">
     <span class='ocr_line' id='line_1_23' title="bbox 2374 1063 3951 1131; baseline -0.002 -12"><span class='ocrx_word' id='word_1_197' title='bbox 2374 1066 2461 1120; x_wconf 89' lang='lat' dir='ltr'><strong>dis</strong></span> <span class='ocrx_word' id='word_1_198' title='bbox 2493 1063 2832 1127; x_wconf 82' lang='lat' dir='ltr'><strong>Novembris,</strong></span> <span class='ocrx_word' id='word_1_199' title='bbox 2865 1066 2967 1121; x_wconf 82' lang='grc'><strong>505</strong></span> <span class='ocrx_word' id='word_1_200' title='bbox 3021 1066 3155 1131; x_wconf 85' lang='lat' dir='ltr'><strong>dies,</strong></span> <span class='ocrx_word' id='word_1_201' title='bbox 3208 1067 3333 1119; x_wconf 87' lang='lat' dir='ltr'><strong>luna</strong></span> <span class='ocrx_word' id='word_1_202' title='bbox 3370 1066 3455 1118; x_wconf 91' lang='lat' dir='ltr'><strong>I0.</strong></span> <span class='ocrx_word' id='word_1_203' title='bbox 3504 1065 3561 1117; x_wconf 89' lang='lat' dir='ltr'><strong>In</strong></span> <span class='ocrx_word' id='word_1_204' title='bbox 3594 1064 3783 1129; x_wconf 86' lang='lat' dir='ltr'><strong>Nonis,</strong></span> <span class='ocrx_word' id='word_1_205' title='bbox 3838 1063 3951 1117; x_wconf 81' lang='grc'><strong>509</strong></span> 
     </span>
    </p>
   </div>
   <div class='ocr_carea' id='block_1_24' title="bbox 2375 1152 3952 1221">
    <p class='ocr_par' dir='ltr' id='par_1_24' title="bbox 2375 1152 3952 1221">
     <span class='ocr_line' id='line_1_24' title="bbox 2375 1152 3952 1221; baseline 0 -16"><span class='ocrx_word' id='word_1_206' title='bbox 2375 1156 2511 1216; x_wconf 88' lang='lat' dir='ltr'><strong>dies,</strong></span> <span class='ocrx_word' id='word_1_207' title='bbox 2537 1157 2663 1207; x_wconf 88' lang='lat' dir='ltr'><strong>luna</strong></span> <span class='ocrx_word' id='word_1_208' title='bbox 2696 1155 2778 1207; x_wconf 70' lang='grc'><strong>14.</strong></span> <span class='ocrx_word' id='word_1_209' title='bbox 2829 1152 2885 1207; x_wconf 84' lang='grc' dir='ltr'><strong>1η</strong></span> <span class='ocrx_word' id='word_1_210' title='bbox 2921 1154 3121 1217; x_wconf 90' lang='lat' dir='ltr'><strong>Idibus,</strong></span> <span class='ocrx_word' id='word_1_211' title='bbox 3151 1156 3253 1207; x_wconf 88' lang='grc'><strong>517</strong></span> <span class='ocrx_word' id='word_1_212' title='bbox 3299 1155 3435 1220; x_wconf 90' lang='lat' dir='ltr'><strong>dies,</strong></span> <span class='ocrx_word' id='word_1_213' title='bbox 3472 1156 3598 1209; x_wconf 91' lang='lat' dir='ltr'><strong>luna</strong></span> <span class='ocrx_word' id='word_1_214' title='bbox 3627 1154 3716 1207; x_wconf 88' lang='lat'><strong>22.</strong></span> <span class='ocrx_word' id='word_1_215' title='bbox 3744 1153 3800 1206; x_wconf 93' lang='lat' dir='ltr'><strong>In</strong></span> <span class='ocrx_word' id='word_1_216' title='bbox 3830 1153 3952 1221; x_wconf 83' lang='lat' dir='ltr'><strong>pri—</strong></span> 
     </span>
    </p>
   </div>
   <div class='ocr_carea' id='block_1_25' title="bbox 2374 1243 3955 1312">
    <p class='ocr_par' dir='ltr' id='par_1_25' title="bbox 2374 1243 3955 1312">
     <span class='ocr_line' id='line_1_25' title="bbox 2374 1243 3955 1312; baseline -0.002 -13"><span class='ocrx_word' id='word_1_217' title='bbox 2374 1247 2462 1299; x_wconf 91' lang='lat' dir='ltr'><strong>die</strong></span> <span class='ocrx_word' id='word_1_218' title='bbox 2499 1244 3149 1311; x_wconf 61' lang='lat' dir='ltr'><strong>Kalendas‘Decembris,</strong></span> <span class='ocrx_word' id='word_1_219' title='bbox 3200 1247 3305 1300; x_wconf 72' lang='grc'><strong>554</strong></span> <span class='ocrx_word' id='word_1_220' title='bbox 3335 1248 3472 1312; x_wconf 90' lang='lat' dir='ltr'><strong>dies,</strong></span> <span class='ocrx_word' id='word_1_221' title='bbox 3534 1247 3659 1298; x_wconf 91' lang='lat' dir='ltr'><strong>luna</strong></span> <span class='ocrx_word' id='word_1_222' title='bbox 3706 1243 3792 1297; x_wconf 89' lang='grc'><strong>10.</strong></span> <span class='ocrx_word' id='word_1_223' title='bbox 3849 1243 3955 1297; x_wconf 87' lang='lat' dir='ltr'><strong>Ka-</strong></span> 
     </span>
    </p>
   </div>
   <div class='ocr_carea' id='block_1_26' title="bbox 2378 1334 3977 1402">
    <p class='ocr_par' dir='ltr' id='par_1_26' title="bbox 2378 1334 3977 1402">
     <span class='ocr_line' id='line_1_26' title="bbox 2378 1334 3977 1402; baseline -0.001 -13"><span class='ocrx_word' id='word_1_224' title='bbox 2378 1338 2549 1391; x_wconf 78' lang='lat' dir='ltr'><strong>Iendis</strong></span> <span class='ocrx_word' id='word_1_225' title='bbox 2582 1337 2909 1402; x_wconf 77' lang='lat' dir='ltr'><strong>Decembris,</strong></span> <span class='ocrx_word' id='word_1_226' title='bbox 2946 1339 3052 1392; x_wconf 77' lang='grc'><strong>555</strong></span> <span class='ocrx_word' id='word_1_227' title='bbox 3084 1338 3221 1397; x_wconf 90' lang='lat' dir='ltr'><strong>dies,</strong></span> <span class='ocrx_word' id='word_1_228' title='bbox 3260 1338 3386 1390; x_wconf 88' lang='lat' dir='ltr'><strong>luna</strong></span> <span class='ocrx_word' id='word_1_229' title='bbox 3422 1339 3506 1390; x_wconf 90' lang='grc'><strong>11.</strong></span> <span class='ocrx_word' id='word_1_230' title='bbox 3532 1336 3588 1390; x_wconf 91' lang='lat' dir='ltr'><strong>In</strong></span> <span class='ocrx_word' id='word_1_231' title='bbox 3617 1336 3812 1399; x_wconf 91' lang='lat' dir='ltr'><strong>Nonis,</strong></span> <span class='ocrx_word' id='word_1_232' title='bbox 3841 1334 3977 1388; x_wconf 86' lang='grc'><strong>559</strong></span> 
     </span>
    </p>
   </div>
   <div class='ocr_carea' id='block_1_27' title="bbox 2374 1426 3955 1494">
    <p class='ocr_par' dir='ltr' id='par_1_27' title="bbox 2374 1426 3955 1494">
     <span class='ocr_line' id='line_1_27' title="bbox 2374 1426 3955 1494; baseline -0.003 -12"><span class='ocrx_word' id='word_1_233' title='bbox 2374 1430 2511 1494; x_wconf 88' lang='lat' dir='ltr'><strong>dies,</strong></span> <span class='ocrx_word' id='word_1_234' title='bbox 2544 1430 2672 1483; x_wconf 90' lang='lat' dir='ltr'><strong>luna</strong></span> <span class='ocrx_word' id='word_1_235' title='bbox 2709 1430 2793 1483; x_wconf 80' lang='grc'><strong>15.</strong></span> <span class='ocrx_word' id='word_1_236' title='bbox 2833 1429 2888 1483; x_wconf 90' lang='lat' dir='ltr'><strong>In</strong></span> <span class='ocrx_word' id='word_1_237' title='bbox 2923 1429 3124 1493; x_wconf 90' lang='lat' dir='ltr'><strong>Idibus,</strong></span> <span class='ocrx_word' id='word_1_238' title='bbox 3180 1428 3283 1482; x_wconf 71' lang='grc'><strong>547</strong></span> <span class='ocrx_word' id='word_1_239' title='bbox 3317 1429 3456 1492; x_wconf 90' lang='lat' dir='ltr'><strong>dies,</strong></span> <span class='ocrx_word' id='word_1_240' title='bbox 3487 1430 3613 1481; x_wconf 92' lang='lat' dir='ltr'><strong>luna</strong></span> <span class='ocrx_word' id='word_1_241' title='bbox 3640 1429 3729 1481; x_wconf 81' lang='grc'><strong>25.</strong></span> <span class='ocrx_word' id='word_1_242' title='bbox 3762 1426 3955 1479; x_wconf 83' lang='lat' dir='ltr'><strong>Pridie</strong></span> 
     </span>
    </p>
   </div>
   <div class='ocr_carea' id='block_1_28' title="bbox 2375 1516 3957 1585">
    <p class='ocr_par' dir='ltr' id='par_1_28' title="bbox 2375 1516 3957 1585">
     <span class='ocr_line' id='line_1_28' title="bbox 2375 1516 3957 1585; baseline -0.003 -11"><span class='ocrx_word' id='word_1_243' title='bbox 2375 1522 2643 1576; x_wconf 84' lang='lat' dir='ltr'><strong>Kalendas</strong></span> <span class='ocrx_word' id='word_1_244' title='bbox 2675 1521 2937 1584; x_wconf 90' lang='lat' dir='ltr'><strong>Januarii,</strong></span> <span class='ocrx_word' id='word_1_245' title='bbox 2963 1522 3066 1575; x_wconf 80' lang='grc'><strong>565</strong></span> <span class='ocrx_word' id='word_1_246' title='bbox 3092 1522 3229 1585; x_wconf 91' lang='lat' dir='ltr'><strong>dies,</strong></span> <span class='ocrx_word' id='word_1_247' title='bbox 3274 1520 3401 1574; x_wconf 90' lang='lat' dir='ltr'><strong>luna</strong></span> <span class='ocrx_word' id='word_1_248' title='bbox 3447 1520 3531 1572; x_wconf 89' lang='lat' dir='ltr'><strong>II.</strong></span> <span class='ocrx_word' id='word_1_249' title='bbox 3565 1520 3730 1572; x_wconf 87' lang='lat' dir='ltr'><strong>Kalen</strong></span> <span class='ocrx_word' id='word_1_250' title='bbox 3754 1519 3829 1573; x_wconf 90' lang='lat' dir='ltr'><strong>lis</strong></span> <span class='ocrx_word' id='word_1_251' title='bbox 3860 1516 3957 1570; x_wconf 84' lang='lat' dir='ltr'><strong>Ja-</strong></span> 
     </span>
    </p>
   </div>
   <div class='ocr_carea' id='block_1_29' title="bbox 2376 1614 3164 1676">
    <p class='ocr_par' dir='ltr' id='par_1_29' title="bbox 2376 1614 3164 1676">
     <span class='ocr_line' id='line_1_29' title="bbox 2376 1614 3164 1676; baseline -0.009 -5"><span class='ocrx_word' id='word_1_252' title='bbox 2376 1616 2574 1676; x_wconf 81' lang='lat' dir='ltr'><strong>linat&#39;ii,</strong></span> <span class='ocrx_word' id='word_1_253' title='bbox 2604 1614 2707 1667; x_wconf 80' lang='grc'><strong>566</strong></span> <span class='ocrx_word' id='word_1_254' title='bbox 2743 1614 2877 1673; x_wconf 86' lang='lat' dir='ltr'><strong>dies,</strong></span> <span class='ocrx_word' id='word_1_255' title='bbox 2915 1614 3037 1665; x_wconf 87' lang='lat' dir='ltr'><strong>luna</strong></span> <span class='ocrx_word' id='word_1_256' title='bbox 3080 1614 3164 1665; x_wconf 75' lang='grc'><strong>12.</strong></span> 
     </span>
    </p>
   </div>
   <div class='ocr_carea' id='block_1_30' title="bbox 2666 1702 3641 1773">
    <p class='ocr_par' dir='ltr' id='par_1_30' title="bbox 2666 1702 3641 1773">
     <span class='ocr_line' id='line_1_30' title="bbox 2666 1702 3641 1773; baseline -0.005 -16"><span class='ocrx_word' id='word_1_257' title='bbox 2666 1705 2807 1758; x_wconf 79' lang='lat' dir='ltr'><strong>XIV.</strong></span> <span class='ocrx_word' id='word_1_258' title='bbox 2854 1705 3055 1757; x_wconf 86' lang='lat' dir='ltr'><strong>Tabula</strong></span> <span class='ocrx_word' id='word_1_259' title='bbox 3079 1702 3343 1773; x_wconf 75' lang='lat' dir='ltr'><strong>paschalis</strong></span> <span class='ocrx_word' id='word_1_260' title='bbox 3382 1702 3641 1755; x_wconf 86' lang='lat' dir='ltr'><strong>Anatolii.</strong></span> 
     </span>
    </p>
   </div>
   <div class='ocr_carea' id='block_1_31' title="bbox 2442 1793 3960 1865">
    <p class='ocr_par' dir='ltr' id='par_1_31' title="bbox 2442 1793 3960 1865">
     <span class='ocr_line' id='line_1_31' title="bbox 2442 1793 3960 1865; baseline 0 -17"><span class='ocrx_word' id='word_1_261' title='bbox 2442 1795 2599 1857; x_wconf 85' lang='lat' dir='ltr'><strong>Nune</strong></span> <span class='ocrx_word' id='word_1_262' title='bbox 2626 1806 2803 1849; x_wconf 89' lang='lat' dir='ltr'><strong>autem</strong></span> <span class='ocrx_word' id='word_1_263' title='bbox 2834 1810 2955 1865; x_wconf 87' lang='lat' dir='ltr'><strong>post</strong></span> <span class='ocrx_word' id='word_1_264' title='bbox 2990 1798 3449 1864; x_wconf 75' lang='lat' dir='ltr'><strong>computationem</strong></span> <span class='ocrx_word' id='word_1_265' title='bbox 3488 1796 3699 1849; x_wconf 86' lang='lat' dir='ltr'><strong>dierum</strong></span> <span class='ocrx_word' id='word_1_266' title='bbox 3730 1802 3784 1847; x_wconf 86' lang='lat' dir='ltr'><strong>et</strong></span> <span class='ocrx_word' id='word_1_267' title='bbox 3809 1793 3960 1848; x_wconf 70' lang='lat' dir='ltr'><strong>luna:</strong></span> 
     </span>
    </p>
   </div>
   <div class='ocr_carea' id='block_1_32' title="bbox 2377 1887 3959 1956">
    <p class='ocr_par' dir='ltr' id='par_1_32' title="bbox 2377 1887 3959 1956">
     <span class='ocr_line' id='line_1_32' title="bbox 2377 1887 3959 1956; baseline -0.001 -15"><span class='ocrx_word' id='word_1_268' title='bbox 2377 1903 2597 1941; x_wconf 81' lang='lat' dir='ltr'><strong>Cursum</strong></span> <span class='ocrx_word' id='word_1_269' title='bbox 2648 1892 2948 1952; x_wconf 84' lang='lat' dir='ltr'><strong>ostensum,</strong></span> <span class='ocrx_word' id='word_1_270' title='bbox 2986 1887 3186 1956; x_wconf 86' lang='lat' dir='ltr'><strong>quibus</strong></span> <span class='ocrx_word' id='word_1_271' title='bbox 3245 1888 3299 1940; x_wconf 80' lang='lat' dir='ltr'><strong>in</strong></span> <span class='ocrx_word' id='word_1_272' title='bbox 3351 1887 3510 1939; x_wconf 86' lang='lat' dir='ltr'><strong>linem</strong></span> <span class='ocrx_word' id='word_1_273' title='bbox 3562 1901 3735 1955; x_wconf 90' lang='lat' dir='ltr'><strong>usque</strong></span> <span class='ocrx_word' id='word_1_274' title='bbox 3779 1887 3959 1940; x_wconf 79' lang='lat' dir='ltr'><strong>volvi-</strong></span> 
     </span>
    </p>
   </div>
   <div class='ocr_carea' id='block_1_33' title="bbox 703 1955 3959 2046">
    <p class='ocr_par' dir='ltr' id='par_1_33' title="bbox 703 1955 3959 2046">
     <span class='ocr_line' id='line_1_33' title="bbox 703 1955 3959 2046; baseline 0 -16"><span class='ocrx_word' id='word_1_275' title='bbox 703 1976 763 2030; x_wconf 92' lang='lat' dir='ltr'><strong>In</strong></span> <span class='ocrx_word' id='word_1_276' title='bbox 792 1974 981 2043; x_wconf 91' lang='lat' dir='ltr'><strong>Nonis,</strong></span> <span class='ocrx_word' id='word_1_277' title='bbox 1012 1977 1117 2030; x_wconf 85' lang='grc'><strong>217</strong></span> <span class='ocrx_word' id='word_1_278' title='bbox 1145 1976 1282 2040; x_wconf 90' lang='lat' dir='ltr'><strong>dies,</strong></span> <span class='ocrx_word' id='word_1_279' title='bbox 1310 1976 1436 2029; x_wconf 89' lang='lat' dir='ltr'><strong>luna</strong></span> <span class='ocrx_word' id='word_1_280' title='bbox 1499 1976 1587 2029; x_wconf 91' lang='grc'><strong>12.</strong></span> <span class='ocrx_word' id='word_1_281' title='bbox 1648 1974 1704 2027; x_wconf 91' lang='lat' dir='ltr'><strong>In</strong></span> <span class='ocrx_word' id='word_1_282' title='bbox 1752 1973 1954 2041; x_wconf 89' lang='lat' dir='ltr'><strong>Idibus,</strong></span> <span class='ocrx_word' id='word_1_283' title='bbox 1988 1975 2095 2029; x_wconf 77' lang='grc'><strong>225</strong></span> <span class='ocrx_word' id='word_1_284' title='bbox 2129 1975 2267 2041; x_wconf 87' lang='lat' dir='ltr'><strong>dies,</strong></span> <span class='ocrx_word' id='word_1_285' title='bbox 2305 1955 2345 2009; x_wconf 76' lang='grc' dir='ltr'><strong><em>Β</em></strong></span> <span class='ocrx_word' id='word_1_286' title='bbox 2378 1989 2466 2031; x_wconf 91' lang='lat' dir='ltr'><strong>tur</strong></span> <span class='ocrx_word' id='word_1_287' title='bbox 2500 1988 2666 2042; x_wconf 87' lang='lat' dir='ltr'><strong>totus,</strong></span> <span class='ocrx_word' id='word_1_288' title='bbox 2693 1995 2960 2031; x_wconf 87' lang='lat' dir='ltr'><strong>annorum</strong></span> <span class='ocrx_word' id='word_1_289' title='bbox 2990 1955 3180 2031; x_wconf 87' lang='lat' dir='ltr'><strong>circuli</strong></span> <span class='ocrx_word' id='word_1_290' title='bbox 3224 1979 3549 2046; x_wconf 81' lang='lat' dir='ltr'><strong>principium</strong></span> <span class='ocrx_word' id='word_1_291' title='bbox 3580 1969 3959 2031; x_wconf 53' lang='lat' dir='ltr'><strong>inchoantium</strong></span> 
     </span>
    </p>
   </div>
   <div class='ocr_carea' id='block_1_34' title="bbox 704 2066 2266 2137">
    <p class='ocr_par' dir='ltr' id='par_1_34' title="bbox 704 2066 2266 2137">
     <span class='ocr_line' id='line_1_34' title="bbox 704 2066 2266 2137; baseline -0.001 -14"><span class='ocrx_word' id='word_1_292' title='bbox 704 2070 832 2123; x_wconf 89' lang='lat' dir='ltr'><strong>luna</strong></span> <span class='ocrx_word' id='word_1_293' title='bbox 875 2068 968 2124; x_wconf 76' lang='lat'><strong>&#39;19.</strong></span> <span class='ocrx_word' id='word_1_294' title='bbox 996 2069 1049 2121; x_wconf 93' lang='lat' dir='ltr'><strong>In</strong></span> <span class='ocrx_word' id='word_1_295' title='bbox 1083 2069 1253 2137; x_wconf 88' lang='lat' dir='ltr'><strong>pridie</strong></span> <span class='ocrx_word' id='word_1_296' title='bbox 1297 2067 1565 2122; x_wconf 88' lang='lat' dir='ltr'><strong>Kalendas</strong></span> <span class='ocrx_word' id='word_1_297' title='bbox 1609 2066 1963 2135; x_wconf 86' lang='lat' dir='ltr'><strong>Septembris,</strong></span> <span class='ocrx_word' id='word_1_298' title='bbox 1994 2066 2099 2122; x_wconf 68' lang='grc'><strong>215</strong></span> <span class='ocrx_word' id='word_1_299' title='bbox 2128 2067 2266 2131; x_wconf 88' lang='lat' dir='ltr'><strong>dies,</strong></span> 
     </span>
    </p>
   </div>
   <div class='ocr_carea' id='block_1_35' title="bbox 705 2159 2267 2247">
    <p class='ocr_par' dir='ltr' id='par_1_35' title="bbox 705 2159 2267 2247">
     <span class='ocr_line' id='line_1_35' title="bbox 705 2159 2267 2247; baseline -0.003 -29"><span class='ocrx_word' id='word_1_300' title='bbox 705 2164 831 2247; x_wconf 77' lang='lat' dir='ltr'><strong>luna</strong></span> <span class='ocrx_word' id='word_1_301' title='bbox 853 2164 905 2218; x_wconf 93' lang='lat'><strong>7.</strong></span> <span class='ocrx_word' id='word_1_302' title='bbox 934 2163 1189 2217; x_wconf 82' lang='lat' dir='ltr'><strong>Kalendis</strong></span> <span class='ocrx_word' id='word_1_303' title='bbox 1240 2162 1596 2230; x_wconf 87' lang='lat' dir='ltr'><strong>Septembris,</strong></span> <span class='ocrx_word' id='word_1_304' title='bbox 1649 2159 1754 2214; x_wconf 70' lang='grc'><strong>241</strong></span> <span class='ocrx_word' id='word_1_305' title='bbox 1783 2160 1921 2224; x_wconf 89' lang='lat' dir='ltr'><strong>dies,</strong></span> <span class='ocrx_word' id='word_1_306' title='bbox 1962 2160 2089 2214; x_wconf 90' lang='lat' dir='ltr'><strong>luna</strong></span> <span class='ocrx_word' id='word_1_307' title='bbox 2124 2160 2177 2214; x_wconf 91' lang='lat'><strong>8.</strong></span> <span class='ocrx_word' id='word_1_308' title='bbox 2210 2162 2267 2214; x_wconf 92' lang='lat' dir='ltr'><strong>In</strong></span> 
     </span>
    </p>
   </div>
   <div class='ocr_carea' id='block_1_36' title="bbox 1091 2293 1485 2339">
    <p class='ocr_par' dir='ltr' id='par_1_36' title="bbox 1091 2293 1485 2339">
     <span class='ocr_line' id='line_1_36' title="bbox 1091 2293 1485 2339; baseline 0 -8"><span class='ocrx_word' id='word_1_309' title='bbox 1091 2293 1485 2339; x_wconf 69' lang='lat' dir='ltr'><strong>£QUINOCTIUII.</strong></span> 
     </span>
    </p>
   </div>
   <div class='ocr_carea' id='block_1_37' title="bbox 2376 2066 3959 2134">
    <p class='ocr_par' dir='ltr' id='par_1_37' title="bbox 2376 2066 3959 2134">
     <span class='ocr_line' id='line_1_37' title="bbox 2376 2066 3959 2134; baseline -0.004 -10"><span class='ocrx_word' id='word_1_310' title='bbox 2376 2079 2478 2124; x_wconf 88' lang='lat' dir='ltr'><strong>est.</strong></span> <span class='ocrx_word' id='word_1_311' title='bbox 2538 2069 2651 2121; x_wconf 86' lang='lat' dir='ltr'><strong>Hoc</strong></span> <span class='ocrx_word' id='word_1_312' title='bbox 2690 2067 2894 2121; x_wconf 78' lang='lat' dir='ltr'><strong>Pascha</strong></span> <span class='ocrx_word' id='word_1_313' title='bbox 2928 2085 2959 2119; x_wconf 92' lang='lat' dir='ltr'><strong>a</strong></span> <span class='ocrx_word' id='word_1_314' title='bbox 2988 2084 3038 2120; x_wconf 79' lang='grc' dir='ltr'><strong>γι</strong></span> <span class='ocrx_word' id='word_1_315' title='bbox 3071 2066 3340 2120; x_wconf 77' lang='lat' dir='ltr'><strong>Kalendas</strong></span> <span class='ocrx_word' id='word_1_316' title='bbox 3375 2067 3597 2130; x_wconf 70' lang='lat' dir='ltr'><strong>Aprilis,</strong></span> <span class='ocrx_word' id='word_1_317' title='bbox 3630 2082 3795 2134; x_wconf 80' lang='lat' dir='ltr'><strong>usque</strong></span> <span class='ocrx_word' id='word_1_318' title='bbox 3817 2067 3875 2118; x_wconf 73' lang='lat' dir='ltr'><strong>in</strong></span> <span class='ocrx_word' id='word_1_319' title='bbox 3906 2079 3959 2117; x_wconf 98' lang='grc' dir='ltr'><strong>ιι</strong></span> 
     </span>
    </p>
   </div>
   <div class='ocr_carea' id='block_1_38' title="bbox 2379 2158 2828 2215">
    <p class='ocr_par' dir='ltr' id='par_1_38' title="bbox 2379 2158 2828 2215">
     <span class='ocr_line' id='line_1_38' title="bbox 2379 2158 2828 2215; baseline -0.009 0"><span class='ocrx_word' id='word_1_320' title='bbox 2379 2160 2649 2215; x_wconf 81' lang='lat' dir='ltr'><strong>Kalendas</strong></span> <span class='ocrx_word' id='word_1_321' title='bbox 2677 2158 2828 2211; x_wconf 78' lang='lat' dir='ltr'><strong>Maii.</strong></span> 
     </span>
    </p>
   </div>
   <div class='ocr_carea' id='block_1_39' title="bbox 1899 2292 3627 2332">
    <p class='ocr_par' dir='ltr' id='par_1_39' title="bbox 1899 2292 3627 2332">
     <span class='ocr_line' id='line_1_39' title="bbox 1899 2292 3627 2332; baseline -0.002 -2"><span class='ocrx_word' id='word_1_322' title='bbox 1899 2294 2055 2331; x_wconf 69' lang='lat' dir='ltr'><strong>LUNA.</strong></span> <span class='ocrx_word' id='word_1_323' title='bbox 2548 2294 2766 2332; x_wconf 68' lang='lat' dir='ltr'><strong>PASCIIA.</strong></span> <span class='ocrx_word' id='word_1_324' title='bbox 3472 2292 3627 2329; x_wconf 67' lang='lat' dir='ltr'><strong>LUNA.</strong></span> 
     </span>
    </p>
   </div>
   <div class='ocr_carea' id='block_1_40' title="bbox 892 2395 3652 2462">
    <p class='ocr_par' dir='ltr' id='par_1_40' title="bbox 892 2395 3652 2462">
     <span class='ocr_line' id='line_1_40' title="bbox 892 2395 3652 2462; baseline 0 -11"><span class='ocrx_word' id='word_1_325' title='bbox 892 2400 945 2452; x_wconf 88' lang='grc'><strong>1.</strong></span> <span class='ocrx_word' id='word_1_326' title='bbox 1173 2395 1426 2451; x_wconf 86' lang='lat' dir='ltr'><strong>Sabbato.</strong></span> <span class='ocrx_word' id='word_1_327' title='bbox 1877 2396 2062 2449; x_wconf 94' lang='lat' dir='ltr'><strong>XXVI.</strong></span> <span class='ocrx_word' id='word_1_328' title='bbox 2364 2400 2477 2452; x_wconf 87' lang='lat' dir='ltr'><strong>XV.</strong></span> <span class='ocrx_word' id='word_1_329' title='bbox 2519 2399 2748 2453; x_wconf 86' lang='lat' dir='ltr'><strong>Kalend.</strong></span> <span class='ocrx_word' id='word_1_330' title='bbox 2779 2398 2933 2462; x_wconf 82' lang='lat' dir='ltr'><strong>.Ilaii,</strong></span> <span class='ocrx_word' id='word_1_331' title='bbox 3466 2396 3652 2450; x_wconf 89' lang='lat' dir='ltr'><strong>XVIII.</strong></span> 
     </span>
    </p>
   </div>
   <div class='ocr_carea' id='block_1_41' title="bbox 888 2489 3601 2563">
    <p class='ocr_par' dir='ltr' id='par_1_41' title="bbox 888 2489 3601 2563">
     <span class='ocr_line' id='line_1_41' title="bbox 888 2489 3601 2563; baseline 0.001 -17"><span class='ocrx_word' id='word_1_332' title='bbox 888 2494 943 2546; x_wconf 83' lang='lat'><strong>2.</strong></span> <span class='ocrx_word' id='word_1_333' title='bbox 1162 2490 1469 2544; x_wconf 86' lang='lat' dir='ltr'><strong>Dominica.</strong></span> <span class='ocrx_word' id='word_1_334' title='bbox 1873 2489 1982 2543; x_wconf 91' lang='lat' dir='ltr'><strong>VII.</strong></span> <span class='ocrx_word' id='word_1_335' title='bbox 2360 2494 2616 2548; x_wconf 77' lang='lat' dir='ltr'><strong>Kalendis</strong></span> <span class='ocrx_word' id='word_1_336' title='bbox 2651 2496 2868 2563; x_wconf 81' lang='lat' dir='ltr'><strong>Aprilis.</strong></span> <span class='ocrx_word' id='word_1_337' title='bbox 3465 2494 3601 2549; x_wconf 88' lang='lat' dir='ltr'><strong>XIV.</strong></span> 
     </span>
    </p>
   </div>
   <div class='ocr_carea' id='block_1_42' title="bbox 881 2574 3603 2644">
    <p class='ocr_par' dir='ltr' id='par_1_42' title="bbox 881 2574 3603 2644">
     <span class='ocr_line' id='line_1_42' title="bbox 881 2574 3603 2644; baseline 0.001 -3"><span class='ocrx_word' id='word_1_338' title='bbox 881 2590 934 2642; x_wconf 85' lang='grc'><strong>5.</strong></span> <span class='ocrx_word' id='word_1_339' title='bbox 1151 2584 1218 2637; x_wconf 94' lang='lat' dir='ltr'><strong>II.</strong></span> <span class='ocrx_word' id='word_1_340' title='bbox 1263 2585 1446 2639; x_wconf 84' lang='lat' dir='ltr'><strong>Feria.</strong></span> <span class='ocrx_word' id='word_1_341' title='bbox 1791 2574 1815 2595; x_wconf 59' lang='grc'><strong>’”</strong></span> <span class='ocrx_word' id='word_1_342' title='bbox 1873 2584 2054 2641; x_wconf 84' lang='lat' dir='ltr'><strong>XVIII.</strong></span> <span class='ocrx_word' id='word_1_343' title='bbox 2358 2588 2447 2642; x_wconf 84' lang='lat' dir='ltr'><strong>XI.</strong></span> <span class='ocrx_word' id='word_1_344' title='bbox 2489 2589 2761 2644; x_wconf 81' lang='lat' dir='ltr'><strong>Kalendas</strong></span> <span class='ocrx_word' id='word_1_345' title='bbox 2792 2590 2941 2643; x_wconf 77' lang='lat' dir='ltr'><strong>Maii.</strong></span> <span class='ocrx_word' id='word_1_346' title='bbox 3463 2589 3603 2643; x_wconf 87' lang='lat' dir='ltr'><strong>XVI.</strong></span> 
     </span>
    </p>
   </div>
   <div class='ocr_carea' id='block_1_43' title="bbox 882 2670 3607 2754">
    <p class='ocr_par' dir='ltr' id='par_1_43' title="bbox 882 2670 3607 2754">
     <span class='ocr_line' id='line_1_43' title="bbox 882 2670 3607 2754; baseline -0.001 -15"><span class='ocrx_word' id='word_1_347' title='bbox 882 2687 937 2739; x_wconf 74' lang='grc' dir='ltr'><strong>ι.</strong></span> <span class='ocrx_word' id='word_1_348' title='bbox 1156 2682 1245 2737; x_wconf 92' lang='lat' dir='ltr'><strong>III.</strong></span> <span class='ocrx_word' id='word_1_349' title='bbox 1268 2670 1462 2736; x_wconf 13' lang='lat' dir='ltr'><strong>VFeria.</strong></span> <span class='ocrx_word' id='word_1_350' title='bbox 1864 2680 2057 2735; x_wconf 88' lang='lat' dir='ltr'><strong>XXIX.</strong></span> <span class='ocrx_word' id='word_1_351' title='bbox 2359 2680 2544 2738; x_wconf 81' lang='lat' dir='ltr'><strong>Idibus</strong></span> <span class='ocrx_word' id='word_1_352' title='bbox 2570 2685 2790 2754; x_wconf 75' lang='lat' dir='ltr'><strong>Aprilis.</strong></span> <span class='ocrx_word' id='word_1_353' title='bbox 2931 2718 2944 2731; x_wconf 75' lang='lat'><strong><em>~</em></strong></span> <span class='ocrx_word' id='word_1_354' title='bbox 3465 2682 3607 2736; x_wconf 88' lang='lat' dir='ltr'><strong>XI‘X.</strong></span> 
     </span>
    </p>
   </div>
   <div class='ocr_carea' id='block_1_44' title="bbox 881 2777 3605 2847">
    <p class='ocr_par' dir='ltr' id='par_1_44' title="bbox 881 2777 3605 2847">
     <span class='ocr_line' id='line_1_44' title="bbox 881 2777 3605 2847; baseline -0.003 -10"><span class='ocrx_word' id='word_1_355' title='bbox 881 2784 934 2837; x_wconf 83' lang='lat'><strong>5.</strong></span> <span class='ocrx_word' id='word_1_356' title='bbox 1153 2783 1243 2837; x_wconf 90' lang='lat' dir='ltr'><strong>IV.</strong></span> <span class='ocrx_word' id='word_1_357' title='bbox 1278 2781 1460 2836; x_wconf 85' lang='lat' dir='ltr'><strong>Feria.</strong></span> <span class='ocrx_word' id='word_1_358' title='bbox 1867 2778 1935 2833; x_wconf 84' lang='lat' dir='ltr'><strong>X.</strong></span> <span class='ocrx_word' id='word_1_359' title='bbox 2357 2777 2445 2834; x_wconf 94' lang='lat' dir='ltr'><strong>IV.</strong></span> <span class='ocrx_word' id='word_1_360' title='bbox 2492 2779 2717 2832; x_wconf 84' lang='lat' dir='ltr'><strong>Kalend.</strong></span> <span class='ocrx_word' id='word_1_361' title='bbox 2749 2779 2948 2847; x_wconf 79' lang='lat' dir='ltr'><strong>Aprilis</strong></span> <span class='ocrx_word' id='word_1_362' title='bbox 3465 2777 3605 2830; x_wconf 89' lang='lat' dir='ltr'><strong>XIV.</strong></span> 
     </span>
    </p>
   </div>
   <div class='ocr_carea' id='block_1_45' title="bbox 882 2872 3608 2948">
    <p class='ocr_par' dir='ltr' id='par_1_45' title="bbox 882 2872 3608 2948">
     <span class='ocr_line' id='line_1_45' title="bbox 882 2872 3608 2948; baseline -0.003 -13"><span class='ocrx_word' id='word_1_363' title='bbox 882 2884 935 2935; x_wconf 88' lang='lat'><strong>6.</strong></span> <span class='ocrx_word' id='word_1_364' title='bbox 1154 2881 1220 2933; x_wconf 87' lang='lat' dir='ltr'><strong>V.</strong></span> <span class='ocrx_word' id='word_1_365' title='bbox 1265 2879 1449 2934; x_wconf 87' lang='lat' dir='ltr'><strong>Feria.</strong></span> <span class='ocrx_word' id='word_1_366' title='bbox 1862 2874 2007 2930; x_wconf 87' lang='lat' dir='ltr'><strong>XXI.</strong></span> <span class='ocrx_word' id='word_1_367' title='bbox 2357 2873 2498 2929; x_wconf 84' lang='lat' dir='ltr'><strong>XIV.</strong></span> <span class='ocrx_word' id='word_1_368' title='bbox 2539 2873 2769 2927; x_wconf 85' lang='lat' dir='ltr'><strong>Kalend.</strong></span> <span class='ocrx_word' id='word_1_369' title='bbox 2799 2873 2959 2928; x_wconf 87' lang='lat' dir='ltr'><strong>Maii.</strong></span> <span class='ocrx_word' id='word_1_370' title='bbox 3084 2945 3088 2948; x_wconf 22' lang='lat'><strong><em>.</em></strong></span> <span class='ocrx_word' id='word_1_371' title='bbox 3466 2872 3608 2927; x_wconf 87' lang='lat' dir='ltr'><strong>XVI.</strong></span> 
     </span>
    </p>
   </div>
   <div class='ocr_carea' id='block_1_46' title="bbox 886 2966 3632 3042">
    <p class='ocr_par' dir='ltr' id='par_1_46' title="bbox 886 2966 3632 3042">
     <span class='ocr_line' id='line_1_46' title="bbox 886 2966 3632 3042; baseline -0.001 -16"><span class='ocrx_word' id='word_1_372' title='bbox 886 2976 937 3027; x_wconf 87' lang='lat' dir='ltr'><strong>&#39;l.</strong></span> <span class='ocrx_word' id='word_1_373' title='bbox 1156 2976 1389 3030; x_wconf 83' lang='lat' dir='ltr'><strong>Sabbato</strong></span> <span class='ocrx_word' id='word_1_374' title='bbox 1422 2972 1557 3042; x_wconf 82' lang='lat'><strong>(27).</strong></span> <span class='ocrx_word' id='word_1_375' title='bbox 1872 2971 1932 3025; x_wconf 90' lang='lat' dir='ltr'><strong>II.</strong></span> <span class='ocrx_word' id='word_1_376' title='bbox 2359 2970 2451 3023; x_wconf 88' lang='lat' dir='ltr'><strong>VI.</strong></span> <span class='ocrx_word' id='word_1_377' title='bbox 2494 2968 2722 3022; x_wconf 84' lang='lat' dir='ltr'><strong>Kalend.</strong></span> <span class='ocrx_word' id='word_1_378' title='bbox 2756 2969 2979 3036; x_wconf 81' lang='lat' dir='ltr'><strong>Aprilis.</strong></span> <span class='ocrx_word' id='word_1_379' title='bbox 3371 2975 3373 2979; x_wconf 62' lang='lat'><em>‘</em></span> <span class='ocrx_word' id='word_1_380' title='bbox 3466 2966 3632 3022; x_wconf 88' lang='lat' dir='ltr'><strong>XVII.</strong></span> 
     </span>
    </p>
   </div>
   <div class='ocr_carea' id='block_1_47' title="bbox 888 3060 3585 3132">
    <p class='ocr_par' dir='ltr' id='par_1_47' title="bbox 888 3060 3585 3132">
     <span class='ocr_line' id='line_1_47' title="bbox 888 3060 3585 3132; baseline -0.003 -11"><span class='ocrx_word' id='word_1_381' title='bbox 888 3075 940 3123; x_wconf 83' lang='grc'><strong>8.</strong></span> <span class='ocrx_word' id='word_1_382' title='bbox 1159 3068 1457 3121; x_wconf 88' lang='lat' dir='ltr'><strong>Dominica.</strong></span> <span class='ocrx_word' id='word_1_383' title='bbox 1870 3064 2009 3119; x_wconf 89' lang='lat' dir='ltr'><strong>XIII.</strong></span> <span class='ocrx_word' id='word_1_384' title='bbox 2360 3063 2619 3118; x_wconf 80' lang='lat' dir='ltr'><strong>Kalendis</strong></span> <span class='ocrx_word' id='word_1_385' title='bbox 2643 3063 2860 3132; x_wconf 79' lang='lat' dir='ltr'><strong>Aprilis.</strong></span> <span class='ocrx_word' id='word_1_386' title='bbox 3468 3060 3585 3113; x_wconf 90' lang='lat' dir='ltr'><strong>XX.</strong></span> 
     </span>
    </p>
   </div>
   <div class='ocr_carea' id='block_1_48' title="bbox 886 3155 3588 3215">
    <p class='ocr_par' dir='ltr' id='par_1_48' title="bbox 886 3155 3588 3215">
     <span class='ocr_line' id='line_1_48' title="bbox 886 3155 3588 3215; baseline -0.001 -1"><span class='ocrx_word' id='word_1_387' title='bbox 886 3168 939 3215; x_wconf 81' lang='grc'><strong>9.</strong></span> <span class='ocrx_word' id='word_1_388' title='bbox 1155 3162 1218 3214; x_wconf 94' lang='lat' dir='ltr'><strong>II.</strong></span> <span class='ocrx_word' id='word_1_389' title='bbox 1257 3162 1439 3215; x_wconf 82' lang='lat' dir='ltr'><strong>Feria.</strong></span> <span class='ocrx_word' id='word_1_390' title='bbox 1868 3159 2055 3212; x_wconf 82' lang='lat' dir='ltr'><strong>XXIV.</strong></span> <span class='ocrx_word' id='word_1_391' title='bbox 2360 3157 2547 3213; x_wconf 83' lang='lat' dir='ltr'><strong>XVIII.</strong></span> <span class='ocrx_word' id='word_1_392' title='bbox 2589 3157 2821 3211; x_wconf 85' lang='lat' dir='ltr'><strong>Kalend.</strong></span> <span class='ocrx_word' id='word_1_393' title='bbox 2859 3157 3012 3212; x_wconf 82' lang='lat' dir='ltr'><strong>Maii.</strong></span> <span class='ocrx_word' id='word_1_394' title='bbox 3222 3188 3231 3200; x_wconf 71' lang='grc' dir='ltr'><strong>ι</strong></span> <span class='ocrx_word' id='word_1_395' title='bbox 3471 3155 3588 3210; x_wconf 86' lang='lat' dir='ltr'><strong>XV.</strong></span> 
     </span>
    </p>
   </div>
   <div class='ocr_carea' id='block_1_49' title="bbox 860 3250 3593 3322">
    <p class='ocr_par' dir='ltr' id='par_1_49' title="bbox 860 3250 3593 3322">
     <span class='ocr_line' id='line_1_49' title="bbox 860 3250 3593 3322; baseline -0.001 -12"><span class='ocrx_word' id='word_1_396' title='bbox 860 3258 949 3311; x_wconf 84' lang='grc'><strong>10.</strong></span> <span class='ocrx_word' id='word_1_397' title='bbox 1043 3298 1045 3307; x_wconf 93' lang='grc'><strong>.</strong></span> <span class='ocrx_word' id='word_1_398' title='bbox 1168 3256 1232 3307; x_wconf 92' lang='lat' dir='ltr'><strong>Ill</strong></span> <span class='ocrx_word' id='word_1_399' title='bbox 1294 3254 1474 3306; x_wconf 83' lang='lat' dir='ltr'><strong>Feria.</strong></span> <span class='ocrx_word' id='word_1_400' title='bbox 1875 3252 1938 3303; x_wconf 92' lang='lat' dir='ltr'><strong>V.</strong></span> <span class='ocrx_word' id='word_1_401' title='bbox 2366 3253 2501 3308; x_wconf 73' lang='lat' dir='ltr'><strong>VIII.</strong></span> <span class='ocrx_word' id='word_1_402' title='bbox 2547 3253 2677 3307; x_wconf 87' lang='lat' dir='ltr'><strong>ldus</strong></span> <span class='ocrx_word' id='word_1_403' title='bbox 2708 3253 2927 3322; x_wconf 86' lang='lat' dir='ltr'><strong>Aprilis.</strong></span> <span class='ocrx_word' id='word_1_404' title='bbox 3476 3250 3593 3307; x_wconf 89' lang='lat' dir='ltr'><strong>XV.</strong></span> 
     </span>
    </p>
   </div>
   <div class='ocr_carea' id='block_1_50' title="bbox 858 3342 3697 3413">
    <p class='ocr_par' dir='ltr' id='par_1_50' title="bbox 858 3342 3697 3413">
     <span class='ocr_line' id='line_1_50' title="bbox 858 3342 3697 3413; baseline -0.002 -11"><span class='ocrx_word' id='word_1_405' title='bbox 858 3349 944 3401; x_wconf 89' lang='lat' dir='ltr'><strong>I1.</strong></span> <span class='ocrx_word' id='word_1_406' title='bbox 1165 3346 1252 3399; x_wconf 80' lang='lat' dir='ltr'><strong>IV.</strong></span> <span class='ocrx_word' id='word_1_407' title='bbox 1297 3345 1476 3399; x_wconf 83' lang='lat' dir='ltr'><strong>Feriu.</strong></span> <span class='ocrx_word' id='word_1_408' title='bbox 1874 3342 2010 3395; x_wconf 85' lang='lat' dir='ltr'><strong>XVI.</strong></span> <span class='ocrx_word' id='word_1_409' title='bbox 2318 3386 2321 3389; x_wconf 54' lang='grc' dir='ltr'><em>ν</em></span> <span class='ocrx_word' id='word_1_410' title='bbox 2360 3344 2449 3401; x_wconf 94' lang='lat' dir='ltr'><strong>IV.</strong></span> <span class='ocrx_word' id='word_1_411' title='bbox 2492 3344 2722 3405; x_wconf 86' lang='lat' dir='ltr'><strong>Kalend.</strong></span> <span class='ocrx_word' id='word_1_412' title='bbox 2755 3345 2975 3413; x_wconf 76' lang='lat' dir='ltr'><strong>Aprilis.</strong></span> <span class='ocrx_word' id='word_1_413' title='bbox 3468 3342 3588 3399; x_wconf 83' lang='lat' dir='ltr'><strong>XX.</strong></span> <span class='ocrx_word' id='word_1_414' title='bbox 3694 3393 3697 3397; x_wconf 39' lang='lat'><strong>.</strong></span> 
     </span>
    </p>
   </div>
   <div class='ocr_carea' id='block_1_51' title="bbox 860 3434 3591 3508">
    <p class='ocr_par' dir='ltr' id='par_1_51' title="bbox 860 3434 3591 3508">
     <span class='ocr_line' id='line_1_51' title="bbox 860 3434 3591 3508; baseline -0.001 -13"><span class='ocrx_word' id='word_1_415' title='bbox 860 3442 944 3495; x_wconf 76' lang='grc'><strong>12.</strong></span> <span class='ocrx_word' id='word_1_416' title='bbox 1055 3446 1058 3448; x_wconf 64' lang='grc'>⁷</span> <span class='ocrx_word' id='word_1_417' title='bbox 1142 3439 1224 3491; x_wconf 60' lang='grc' dir='ltr'><strong>Ν.</strong></span> <span class='ocrx_word' id='word_1_418' title='bbox 1268 3438 1446 3493; x_wconf 86' lang='lat' dir='ltr'><strong>Feria.</strong></span> <span class='ocrx_word' id='word_1_419' title='bbox 1873 3434 2083 3488; x_wconf 85' lang='lat' dir='ltr'><strong>XXVII.</strong></span> <span class='ocrx_word' id='word_1_420' title='bbox 2359 3438 2447 3493; x_wconf 94' lang='lat' dir='ltr'><strong>III.</strong></span> <span class='ocrx_word' id='word_1_421' title='bbox 2490 3438 2622 3493; x_wconf 83' lang='lat' dir='ltr'><strong>Idus</strong></span> <span class='ocrx_word' id='word_1_422' title='bbox 2650 3440 2865 3508; x_wconf 78' lang='lat' dir='ltr'><strong>Aprilis.</strong></span> <span class='ocrx_word' id='word_1_423' title='bbox 3469 3434 3591 3491; x_wconf 92' lang='lat' dir='ltr'><strong>XV.</strong></span> 
     </span>
    </p>
   </div>
   <div class='ocr_carea' id='block_1_52' title="bbox 856 3525 3629 3598">
    <p class='ocr_par' dir='ltr' id='par_1_52' title="bbox 856 3525 3629 3598">
     <span class='ocr_line' id='line_1_52' title="bbox 856 3525 3629 3598; baseline -0.001 -13"><span class='ocrx_word' id='word_1_424' title='bbox 856 3533 945 3585; x_wconf 79' lang='lat' dir='ltr'><strong>I5.</strong></span> <span class='ocrx_word' id='word_1_425' title='bbox 1162 3526 1247 3577; x_wconf 72' lang='lat' dir='ltr'><strong>VI.</strong></span> <span class='ocrx_word' id='word_1_426' title='bbox 1285 3526 1465 3580; x_wconf 84' lang='lat' dir='ltr'><strong>Feria.</strong></span> <span class='ocrx_word' id='word_1_427' title='bbox 1875 3525 2006 3578; x_wconf 90' lang='lat' dir='ltr'><strong>VIII.</strong></span> <span class='ocrx_word' id='word_1_428' title='bbox 2325 3546 2339 3551; x_wconf 51' lang='grc' dir='ltr'><strong>ν’</strong></span> <span class='ocrx_word' id='word_1_429' title='bbox 2364 3528 2451 3581; x_wconf 93' lang='lat' dir='ltr'><strong>III.</strong></span> <span class='ocrx_word' id='word_1_430' title='bbox 2498 3527 2683 3583; x_wconf 83' lang='lat' dir='ltr'><strong>Nonas</strong></span> <span class='ocrx_word' id='word_1_431' title='bbox 2716 3531 2934 3598; x_wconf 82' lang='lat' dir='ltr'><strong>Aprilis.</strong></span> <span class='ocrx_word' id='word_1_432' title='bbox 3467 3526 3629 3581; x_wconf 78' lang='lat' dir='ltr'><strong>XVII.</strong></span> 
     </span>
    </p>
   </div>
   <div class='ocr_carea' id='block_1_53' title="bbox 860 3619 3586 3695">
    <p class='ocr_par' dir='ltr' id='par_1_53' title="bbox 860 3619 3586 3695">
     <span class='ocr_line' id='line_1_53' title="bbox 860 3619 3586 3695; baseline -0.001 -17"><span class='ocrx_word' id='word_1_433' title='bbox 860 3628 945 3679; x_wconf 76' lang='lat' dir='ltr'><strong>II.</strong></span> <span class='ocrx_word' id='word_1_434' title='bbox 1166 3622 1414 3676; x_wconf 76' lang='lat' dir='ltr'><strong>Saobato.</strong></span> <span class='ocrx_word' id='word_1_435' title='bbox 1560 3690 1563 3695; x_wconf 23' lang='grc' dir='ltr'><strong>η</strong></span> <span class='ocrx_word' id='word_1_436' title='bbox 1868 3619 1984 3674; x_wconf 84' lang='lat' dir='ltr'><strong>XX.</strong></span> <span class='ocrx_word' id='word_1_437' title='bbox 2360 3622 2455 3673; x_wconf 85' lang='lat' dir='ltr'><strong>IX.</strong></span> <span class='ocrx_word' id='word_1_438' title='bbox 2498 3620 2731 3679; x_wconf 81' lang='lat' dir='ltr'><strong>Kalend.</strong></span> <span class='ocrx_word' id='word_1_439' title='bbox 2763 3623 2915 3676; x_wconf 83' lang='lat' dir='ltr'><strong>Maii.</strong></span> <span class='ocrx_word' id='word_1_440' title='bbox 3472 3621 3586 3676; x_wconf 90' lang='lat' dir='ltr'><strong>XX.</strong></span> 
     </span>
    </p>
   </div>
   <div class='ocr_carea' id='block_1_54' title="bbox 792 3702 3596 3786">
    <p class='ocr_par' dir='ltr' id='par_1_54' title="bbox 792 3702 3596 3786">
     <span class='ocr_line' id='line_1_54' title="bbox 792 3702 3596 3786; baseline -0.002 -11"><span class='ocrx_word' id='word_1_441' title='bbox 792 3702 796 3705; x_wconf 18' lang='grc' dir='ltr'>ἱ</span> <span class='ocrx_word' id='word_1_442' title='bbox 860 3723 947 3775; x_wconf 70' lang='grc'><strong>15.</strong></span> <span class='ocrx_word' id='word_1_443' title='bbox 1166 3720 1463 3772; x_wconf 87' lang='lat' dir='ltr'><strong>Dominica.</strong></span> <span class='ocrx_word' id='word_1_444' title='bbox 1875 3718 1911 3768; x_wconf 87' lang='lat' dir='ltr'><strong>I.</strong></span> <span class='ocrx_word' id='word_1_445' title='bbox 2364 3717 2455 3770; x_wconf 90' lang='lat' dir='ltr'><strong>VI.</strong></span> <span class='ocrx_word' id='word_1_446' title='bbox 2495 3718 2627 3771; x_wconf 84' lang='lat' dir='ltr'><strong>Idus</strong></span> <span class='ocrx_word' id='word_1_447' title='bbox 2653 3718 2876 3786; x_wconf 84' lang='lat' dir='ltr'><strong>Aprilis.</strong></span> <span class='ocrx_word' id='word_1_448' title='bbox 3105 3742 3109 3746; x_wconf 66' lang='grc'><strong>’</strong></span> <span class='ocrx_word' id='word_1_449' title='bbox 3479 3715 3596 3770; x_wconf 89' lang='lat' dir='ltr'><strong>XV.</strong></span> 
     </span>
    </p>
   </div>
   <div class='ocr_carea' id='block_1_55' title="bbox 860 3811 3757 3881">
    <p class='ocr_par' dir='ltr' id='par_1_55' title="bbox 860 3811 3757 3881">
     <span class='ocr_line' id='line_1_55' title="bbox 860 3811 3757 3881; baseline 0.001 -16"><span class='ocrx_word' id='word_1_450' title='bbox 860 3817 945 3865; x_wconf 84' lang='lat'><strong>16.</strong></span> <span class='ocrx_word' id='word_1_451' title='bbox 1163 3813 1218 3863; x_wconf 91' lang='lat' dir='ltr'><strong>ll.</strong></span> <span class='ocrx_word' id='word_1_452' title='bbox 1262 3812 1442 3864; x_wconf 86' lang='lat' dir='ltr'><strong>Feria.</strong></span> <span class='ocrx_word' id='word_1_453' title='bbox 1866 3811 1977 3864; x_wconf 90' lang='lat' dir='ltr'><strong>XII.</strong></span> <span class='ocrx_word' id='word_1_454' title='bbox 2359 3814 2425 3866; x_wconf 95' lang='lat' dir='ltr'><strong>II.</strong></span> <span class='ocrx_word' id='word_1_455' title='bbox 2473 3812 2712 3866; x_wconf 83' lang='lat' dir='ltr'><strong>Kalend.</strong></span> <span class='ocrx_word' id='word_1_456' title='bbox 2746 3814 2968 3881; x_wconf 84' lang='lat' dir='ltr'><strong>Aprilis.</strong></span> <span class='ocrx_word' id='word_1_457' title='bbox 3475 3811 3658 3868; x_wconf 88' lang='lat' dir='ltr'><strong>XVIII.</strong></span> <span class='ocrx_word' id='word_1_458' title='bbox 3754 3812 3757 3813; x_wconf 44' lang='grc'><strong><em>⁷</em></strong></span> 
     </span>
    </p>
   </div>
   <div class='ocr_carea' id='block_1_56' title="bbox 862 3905 3615 3976">
    <p class='ocr_par' dir='ltr' id='par_1_56' title="bbox 862 3905 3615 3976">
     <span class='ocr_line' id='line_1_56' title="bbox 862 3905 3615 3976; baseline 0.001 -17"><span class='ocrx_word' id='word_1_459' title='bbox 862 3908 945 3959; x_wconf 85' lang='lat'><strong>17.</strong></span> <span class='ocrx_word' id='word_1_460' title='bbox 1168 3906 1253 3959; x_wconf 88' lang='lat' dir='ltr'><strong>IV.</strong></span> <span class='ocrx_word' id='word_1_461' title='bbox 1297 3905 1625 3976; x_wconf 63' lang='lat' dir='ltr'><strong>Feriat28).</strong></span> <span class='ocrx_word' id='word_1_462' title='bbox 1875 3905 2063 3962; x_wconf 87' lang='lat' dir='ltr'><strong>XXIII.</strong></span> <span class='ocrx_word' id='word_1_463' title='bbox 2375 3906 2515 3961; x_wconf 88' lang='lat' dir='ltr'><strong>XIV.</strong></span> <span class='ocrx_word' id='word_1_464' title='bbox 2560 3906 2789 3961; x_wconf 85' lang='lat' dir='ltr'><strong>Kalend.</strong></span> <span class='ocrx_word' id='word_1_465' title='bbox 2822 3908 2978 3963; x_wconf 80' lang='lat' dir='ltr'><strong>Maii.</strong></span> <span class='ocrx_word' id='word_1_466' title='bbox 3476 3906 3615 3963; x_wconf 86' lang='lat' dir='ltr'><strong>XIX.</strong></span> 
     </span>
    </p>
   </div>
   <div class='ocr_carea' id='block_1_57' title="bbox 866 4000 3613 4068">
    <p class='ocr_par' dir='ltr' id='par_1_57' title="bbox 866 4000 3613 4068">
     <span class='ocr_line' id='line_1_57' title="bbox 866 4000 3613 4068; baseline 0.002 -17"><span class='ocrx_word' id='word_1_467' title='bbox 866 4004 947 4051; x_wconf 54' lang='lat'><strong>1‘1.</strong></span> <span class='ocrx_word' id='word_1_468' title='bbox 1170 4000 1234 4054; x_wconf 91' lang='lat' dir='ltr'><strong>V.</strong></span> <span class='ocrx_word' id='word_1_469' title='bbox 1266 4000 1447 4056; x_wconf 77' lang='lat' dir='ltr'><strong>Feria.</strong></span> <span class='ocrx_word' id='word_1_470' title='bbox 1874 4000 1968 4057; x_wconf 92' lang='lat' dir='ltr'><strong>IV.</strong></span> <span class='ocrx_word' id='word_1_471' title='bbox 2370 4001 2437 4055; x_wconf 91' lang='lat' dir='ltr'><strong>II.</strong></span> <span class='ocrx_word' id='word_1_472' title='bbox 2481 4001 2666 4055; x_wconf 80' lang='lat' dir='ltr'><strong>Nonas</strong></span> <span class='ocrx_word' id='word_1_473' title='bbox 2693 4001 2911 4068; x_wconf 81' lang='lat' dir='ltr'><strong>Aprilis.</strong></span> <span class='ocrx_word' id='word_1_474' title='bbox 3474 4003 3613 4057; x_wconf 86' lang='lat' dir='ltr'><strong>XIV.</strong></span> 
     </span>
    </p>
   </div>
   <div class='ocr_carea' id='block_1_58' title="bbox 868 4094 3637 4164">
    <p class='ocr_par' dir='ltr' id='par_1_58' title="bbox 868 4094 3637 4164">
     <span class='ocr_line' id='line_1_58' title="bbox 868 4094 3637 4164; baseline 0.001 -18"><span class='ocrx_word' id='word_1_475' title='bbox 868 4099 950 4147; x_wconf 66' lang='lat' dir='ltr'><strong>I‘J.</strong></span> <span class='ocrx_word' id='word_1_476' title='bbox 1168 4094 1252 4146; x_wconf 84' lang='lat' dir='ltr'><strong>VI.</strong></span> <span class='ocrx_word' id='word_1_477' title='bbox 1296 4095 1475 4148; x_wconf 85' lang='lat' dir='ltr'><strong>Feria.</strong></span> <span class='ocrx_word' id='word_1_478' title='bbox 1883 4096 2001 4151; x_wconf 91' lang='lat' dir='ltr'><strong>XV.</strong></span> <span class='ocrx_word' id='word_1_479' title='bbox 2377 4096 2468 4150; x_wconf 89' lang='lat' dir='ltr'><strong>VI.</strong></span> <span class='ocrx_word' id='word_1_480' title='bbox 2512 4094 2738 4148; x_wconf 75' lang='lat' dir='ltr'><strong>Kalend.</strong></span> <span class='ocrx_word' id='word_1_481' title='bbox 2771 4096 2993 4164; x_wconf 80' lang='lat' dir='ltr'><strong>Aprilis.</strong></span> <span class='ocrx_word' id='word_1_482' title='bbox 3476 4095 3637 4151; x_wconf 88' lang='lat' dir='ltr'><strong>XVII.</strong></span> 
     </span>
    </p>
   </div>
   <div class='ocr_carea' id='block_1_59' title="bbox 768 4205 3963 4287">
    <p class='ocr_par' dir='ltr' id='par_1_59' title="bbox 768 4205 3963 4287">
     <span class='ocr_line' id='line_1_59' title="bbox 768 4205 3963 4287; baseline 0.003 -30"><span class='ocrx_word' id='word_1_483' title='bbox 768 4205 1241 4261; x_wconf 74' lang='lat' dir='ltr'><strong>XV.Ctzsariensis</strong></span> <span class='ocrx_word' id='word_1_484' title='bbox 1265 4208 1448 4275; x_wconf 87' lang='lat' dir='ltr'><strong>synodi</strong></span> <span class='ocrx_word' id='word_1_485' title='bbox 1472 4210 1619 4263; x_wconf 86' lang='lat' dir='ltr'><strong>limes</strong></span> <span class='ocrx_word' id='word_1_486' title='bbox 1638 4210 1700 4262; x_wconf 76' lang='lat' dir='ltr'><strong>ab</strong></span> <span class='ocrx_word' id='word_1_487' title='bbox 1723 4211 1971 4264; x_wconf 86' lang='lat' dir='ltr'><strong>Anatolio</strong></span> <span class='ocrx_word' id='word_1_488' title='bbox 1998 4214 2240 4279; x_wconf 86' lang='lat' dir='ltr'><strong>rejectus.</strong></span> <span class='ocrx_word' id='word_1_489' title='bbox 2314 4230 2355 4287; x_wconf 71' lang='grc' dir='ltr'>ο</span> <span class='ocrx_word' id='word_1_490' title='bbox 2390 4208 2602 4262; x_wconf 88' lang='lat' dir='ltr'><strong>Domini</strong></span> <span class='ocrx_word' id='word_1_491' title='bbox 2639 4207 2885 4276; x_wconf 79' lang='lat' dir='ltr'><strong>jussiono</strong></span> <span class='ocrx_word' id='word_1_492' title='bbox 2935 4210 3200 4263; x_wconf 91' lang='lat' dir='ltr'><strong>sancitum</strong></span> <span class='ocrx_word' id='word_1_493' title='bbox 3256 4219 3339 4263; x_wconf 85' lang='lat' dir='ltr'><strong>cst</strong></span> <span class='ocrx_word' id='word_1_494' title='bbox 3397 4221 3450 4265; x_wconf 87' lang='lat' dir='ltr'><strong>et</strong></span> <span class='ocrx_word' id='word_1_495' title='bbox 3500 4210 3782 4264; x_wconf 65' lang='lat' dir='ltr'><strong>catholica:</strong></span> <span class='ocrx_word' id='word_1_496' title='bbox 3834 4210 3963 4267; x_wconf 79' lang='lat' dir='ltr'><strong>ﬁdei</strong></span> 
     </span>
    </p>
   </div>
   <div class='ocr_carea' id='block_1_60' title="bbox 798 4319 2291 4392">
    <p class='ocr_par' dir='ltr' id='par_1_60' title="bbox 798 4319 2291 4392">
     <span class='ocr_line' id='line_1_60' title="bbox 798 4319 2291 4392; baseline 0.007 -22"><span class='ocrx_word' id='word_1_497' title='bbox 798 4319 894 4372; x_wconf 86' lang='lat' dir='ltr'><strong>llic</strong></span> <span class='ocrx_word' id='word_1_498' title='bbox 928 4320 1161 4374; x_wconf 83' lang='lat' dir='ltr'><strong>circulus</strong></span> <span class='ocrx_word' id='word_1_499' title='bbox 1193 4338 1281 4373; x_wconf 78' lang='lat' dir='ltr'><strong>xix</strong></span> <span class='ocrx_word' id='word_1_500' title='bbox 1312 4338 1579 4376; x_wconf 85' lang='lat' dir='ltr'><strong>annorum</strong></span> <span class='ocrx_word' id='word_1_501' title='bbox 1620 4340 1650 4377; x_wconf 89' lang='lat' dir='ltr'><strong>a</strong></span> <span class='ocrx_word' id='word_1_502' title='bbox 1690 4324 2019 4392; x_wconf 85' lang='lat' dir='ltr'><strong>quibusdam</strong></span> <span class='ocrx_word' id='word_1_503' title='bbox 2077 4324 2291 4380; x_wconf 82' lang='lat' dir='ltr'><strong>Africa-</strong></span> 
     </span>
    </p>
   </div>
   <div class='ocr_carea' id='block_1_61' title="bbox 726 4413 2289 4487">
    <p class='ocr_par' dir='ltr' id='par_1_61' title="bbox 726 4413 2289 4487">
     <span class='ocr_line' id='line_1_61' title="bbox 726 4413 2289 4487; baseline 0.005 -23"><span class='ocrx_word' id='word_1_504' title='bbox 726 4415 813 4465; x_wconf 69' lang='lat' dir='ltr'><strong>nis</strong></span> <span class='ocrx_word' id='word_1_505' title='bbox 844 4413 1079 4465; x_wconf 86' lang='lat' dir='ltr'><strong>rimariis</strong></span> <span class='ocrx_word' id='word_1_506' title='bbox 1107 4414 1195 4480; x_wconf 81' lang='lat' dir='ltr'><strong>qui</strong></span> <span class='ocrx_word' id='word_1_507' title='bbox 1234 4414 1524 4481; x_wconf 90' lang='lat' dir='ltr'><strong>ampliores</strong></span> <span class='ocrx_word' id='word_1_508' title='bbox 1556 4416 1789 4470; x_wconf 90' lang='lat' dir='ltr'><strong>circulos</strong></span> <span class='ocrx_word' id='word_1_509' title='bbox 1824 4418 2289 4487; x_wconf 86' lang='lat' dir='ltr'><strong>conscripserunt,</strong></span> 
     </span>
    </p>
   </div>
   <div class='ocr_carea' id='block_1_62' title="bbox 729 4503 2293 4579">
    <p class='ocr_par' dir='ltr' id='par_1_62' title="bbox 729 4503 2293 4579">
     <span class='ocr_line' id='line_1_62' title="bbox 729 4503 2293 4579; baseline 0.004 -22"><span class='ocrx_word' id='word_1_510' title='bbox 729 4519 838 4557; x_wconf 92' lang='lat' dir='ltr'><strong>non</strong></span> <span class='ocrx_word' id='word_1_511' title='bbox 866 4503 1121 4569; x_wconf 85' lang='lat' dir='ltr'><strong>probatur</strong></span> <span class='ocrx_word' id='word_1_512' title='bbox 1142 4544 1155 4567; x_wconf 93' lang='lat'><strong>,</strong></span> <span class='ocrx_word' id='word_1_513' title='bbox 1191 4506 1315 4571; x_wconf 89' lang='lat' dir='ltr'><strong>quia</strong></span> <span class='ocrx_word' id='word_1_514' title='bbox 1347 4522 1535 4561; x_wconf 89' lang='lat' dir='ltr'><strong>eorum</strong></span> <span class='ocrx_word' id='word_1_515' title='bbox 1591 4509 2049 4577; x_wconf 90' lang='lat' dir='ltr'><strong>suspicationibus</strong></span> <span class='ocrx_word' id='word_1_516' title='bbox 2079 4525 2142 4564; x_wconf 91' lang='lat' dir='ltr'><strong>ac</strong></span> <span class='ocrx_word' id='word_1_517' title='bbox 2175 4511 2293 4579; x_wconf 90' lang='lat' dir='ltr'><strong>opi-</strong></span> 
     </span>
    </p>
   </div>
   <div class='ocr_carea' id='block_1_63' title="bbox 730 4593 2293 4676">
    <p class='ocr_par' dir='ltr' id='par_1_63' title="bbox 730 4593 2293 4676">
     <span class='ocr_line' id='line_1_63' title="bbox 730 4593 2293 4676; baseline 0.004 -28"><span class='ocrx_word' id='word_1_518' title='bbox 730 4594 989 4648; x_wconf 91' lang='lat' dir='ltr'><strong>nionibus</strong></span> <span class='ocrx_word' id='word_1_519' title='bbox 1022 4593 1231 4647; x_wconf 79' lang='lat' dir='ltr'><strong>videtur</strong></span> <span class='ocrx_word' id='word_1_520' title='bbox 1266 4598 1399 4651; x_wconf 88' lang='lat' dir='ltr'><strong>satis</strong></span> <span class='ocrx_word' id='word_1_521' title='bbox 1428 4613 1548 4651; x_wconf 90' lang='lat' dir='ltr'><strong>esse</strong></span> <span class='ocrx_word' id='word_1_522' title='bbox 1580 4603 1914 4656; x_wconf 89' lang='lat' dir='ltr'><strong>contrarius.</strong></span> <span class='ocrx_word' id='word_1_523' title='bbox 1950 4601 2162 4676; x_wconf 77' lang='lat' dir='ltr'><strong>Quippe</strong></span> <span class='ocrx_word' id='word_1_524' title='bbox 2198 4602 2293 4670; x_wconf 90' lang='lat' dir='ltr'><strong>qui</strong></span> 
     </span>
    </p>
   </div>
   <div class='ocr_carea' id='block_1_64' title="bbox 730 4686 2296 4761">
    <p class='ocr_par' dir='ltr' id='par_1_64' title="bbox 730 4686 2296 4761">
     <span class='ocr_line' id='line_1_64' title="bbox 730 4686 2296 4761; baseline 0.003 -22"><span class='ocrx_word' id='word_1_525' title='bbox 730 4688 830 4740; x_wconf 88' lang='lat' dir='ltr'><strong>has</strong></span> <span class='ocrx_word' id='word_1_526' title='bbox 884 4686 935 4738; x_wconf 92' lang='lat' dir='ltr'><strong>iu</strong></span> <span class='ocrx_word' id='word_1_527' title='bbox 994 4700 1094 4738; x_wconf 87' lang='lat' dir='ltr'><strong>suo</strong></span> <span class='ocrx_word' id='word_1_528' title='bbox 1152 4702 1377 4739; x_wconf 87' lang='lat' dir='ltr'><strong>numero</strong></span> <span class='ocrx_word' id='word_1_529' title='bbox 1431 4690 1667 4744; x_wconf 87' lang='lat' dir='ltr'><strong>rationes</strong></span> <span class='ocrx_word' id='word_1_530' title='bbox 1701 4692 2113 4761; x_wconf 88' lang='lat' dir='ltr'><strong>probatissimas</strong></span> <span class='ocrx_word' id='word_1_531' title='bbox 2144 4706 2296 4744; x_wconf 89' lang='lat' dir='ltr'><strong>com-</strong></span> 
     </span>
    </p>
   </div>
   <div class='ocr_carea' id='block_1_65' title="bbox 729 4771 2296 4857">
    <p class='ocr_par' dir='ltr' id='par_1_65' title="bbox 729 4771 2296 4857">
     <span class='ocr_line' id='line_1_65' title="bbox 729 4771 2296 4857; baseline 0.004 -27"><span class='ocrx_word' id='word_1_532' title='bbox 729 4787 977 4847; x_wconf 90' lang='lat' dir='ltr'><strong>ponunt,</strong></span> <span class='ocrx_word' id='word_1_533' title='bbox 1041 4778 1369 4846; x_wconf 87' lang='lat' dir='ltr'><strong>principium</strong></span> <span class='ocrx_word' id='word_1_534' title='bbox 1411 4781 1684 4847; x_wconf 90' lang='lat' dir='ltr'><strong>quoddam</strong></span> <span class='ocrx_word' id='word_1_535' title='bbox 1736 4771 2296 4857; x_wconf 59' lang='lat' dir='ltr'><strong>Pascliae&#39;flinemque</strong></span> 
     </span>
    </p>
   </div>
   <div class='ocr_carea' id='block_1_66' title="bbox 730 4865 2294 4935">
    <p class='ocr_par' dir='ltr' id='par_1_66' title="bbox 730 4865 2294 4935">
     <span class='ocr_line' id='line_1_66' title="bbox 730 4865 2294 4935; baseline 0.001 -16"><span class='ocrx_word' id='word_1_536' title='bbox 730 4876 1140 4934; x_wconf 82' lang='lat' dir='ltr'><strong>componentes,</strong></span> <span class='ocrx_word' id='word_1_537' title='bbox 1192 4867 1245 4919; x_wconf 89' lang='lat' dir='ltr'><strong>id</strong></span> <span class='ocrx_word' id='word_1_538' title='bbox 1284 4875 1366 4920; x_wconf 90' lang='lat' dir='ltr'><strong>est</strong></span> <span class='ocrx_word' id='word_1_539' title='bbox 1410 4882 1477 4919; x_wconf 90' lang='lat' dir='ltr'><strong>ne</strong></span> <span class='ocrx_word' id='word_1_540' title='bbox 1537 4876 1662 4920; x_wconf 89' lang='lat' dir='ltr'><strong>ante</strong></span> <span class='ocrx_word' id='word_1_541' title='bbox 1703 4883 1753 4920; x_wconf 91' lang='grc' dir='ltr'><strong>ιι</strong></span> <span class='ocrx_word' id='word_1_542' title='bbox 1780 4865 2050 4921; x_wconf 79' lang='lat' dir='ltr'><strong>Kalendas</strong></span> <span class='ocrx_word' id='word_1_543' title='bbox 2074 4868 2294 4935; x_wconf 86' lang='lat' dir='ltr'><strong>Aprilis,</strong></span> 
     </span>
    </p>
   </div>
   <div class='ocr_carea' id='block_1_67' title="bbox 732 4957 2299 5026">
    <p class='ocr_par' dir='ltr' id='par_1_67' title="bbox 732 4957 2299 5026">
     <span class='ocr_line' id='line_1_67' title="bbox 732 4957 2299 5026; baseline 0.003 -18"><span class='ocrx_word' id='word_1_544' title='bbox 732 4971 831 5009; x_wconf 90' lang='lat' dir='ltr'><strong>nec</strong></span> <span class='ocrx_word' id='word_1_545' title='bbox 866 4968 984 5025; x_wconf 87' lang='lat' dir='ltr'><strong>post</strong></span> <span class='ocrx_word' id='word_1_546' title='bbox 1034 4957 1344 5012; x_wconf 76' lang='lat' dir='ltr'><strong>vicesimam</strong></span> <span class='ocrx_word' id='word_1_547' title='bbox 1392 4958 1619 5026; x_wconf 91' lang='lat' dir='ltr'><strong>primam</strong></span> <span class='ocrx_word' id='word_1_548' title='bbox 1649 4957 1830 5010; x_wconf 91' lang='lat' dir='ltr'><strong>lunam</strong></span> <span class='ocrx_word' id='word_1_549' title='bbox 1860 4966 1913 5011; x_wconf 83' lang='lat' dir='ltr'><strong>et</strong></span> <span class='ocrx_word' id='word_1_550' title='bbox 1950 4974 2002 5011; x_wconf 89' lang='grc' dir='ltr'><strong>ιι</strong></span> <span class='ocrx_word' id='word_1_551' title='bbox 2030 4957 2299 5012; x_wconf 86' lang='lat' dir='ltr'><strong>Kalendas</strong></span> 
     </span>
    </p>
   </div>
   <div class='ocr_carea' id='block_1_68' title="bbox 734 5045 2297 5115">
    <p class='ocr_par' dir='ltr' id='par_1_68' title="bbox 734 5045 2297 5115">
     <span class='ocr_line' id='line_1_68' title="bbox 734 5045 2297 5115; baseline 0.003 -18"><span class='ocrx_word' id='word_1_552' title='bbox 734 5045 883 5108; x_wconf 81' lang='lat' dir='ltr'><strong>Maii,</strong></span> <span class='ocrx_word' id='word_1_553' title='bbox 911 5047 1113 5103; x_wconf 88' lang='lat' dir='ltr'><strong>Pascha</strong></span> <span class='ocrx_word' id='word_1_554' title='bbox 1137 5050 1531 5103; x_wconf 89' lang='lat' dir='ltr'><strong>immolandum</strong></span> <span class='ocrx_word' id='word_1_555' title='bbox 1553 5065 1693 5103; x_wconf 85' lang='lat' dir='ltr'><strong>esse.</strong></span> <span class='ocrx_word' id='word_1_556' title='bbox 1729 5048 1876 5115; x_wconf 87' lang='lat' dir='ltr'><strong>Quos</strong></span> <span class='ocrx_word' id='word_1_557' title='bbox 1904 5050 2165 5106; x_wconf 85' lang='lat' dir='ltr'><strong>terminos</strong></span> <span class='ocrx_word' id='word_1_558' title='bbox 2188 5064 2297 5104; x_wconf 91' lang='lat' dir='ltr'><strong>non</strong></span> 
     </span>
    </p>
   </div>
   <div class='ocr_carea' id='block_1_69' title="bbox 736 5138 2301 5209">
    <p class='ocr_par' dir='ltr' id='par_1_69' title="bbox 736 5138 2301 5209">
     <span class='ocr_line' id='line_1_69' title="bbox 736 5138 2301 5209; baseline 0.004 -20"><span class='ocrx_word' id='word_1_559' title='bbox 736 5138 912 5189; x_wconf 87' lang='lat' dir='ltr'><strong>solum</strong></span> <span class='ocrx_word' id='word_1_560' title='bbox 954 5155 1061 5192; x_wconf 92' lang='lat' dir='ltr'><strong>non</strong></span> <span class='ocrx_word' id='word_1_561' title='bbox 1096 5142 1441 5209; x_wconf 86' lang='lat' dir='ltr'><strong>sequendos,</strong></span> <span class='ocrx_word' id='word_1_562' title='bbox 1497 5143 1590 5195; x_wconf 90' lang='lat' dir='ltr'><strong>sed</strong></span> <span class='ocrx_word' id='word_1_563' title='bbox 1644 5144 1806 5195; x_wconf 89' lang='lat' dir='ltr'><strong>etiam</strong></span> <span class='ocrx_word' id='word_1_564' title='bbox 1857 5142 2201 5197; x_wconf 88' lang='lat' dir='ltr'><strong>detestandos</strong></span> <span class='ocrx_word' id='word_1_565' title='bbox 2236 5155 2301 5195; x_wconf 82' lang='lat' dir='ltr'><strong>ac</strong></span> 
     </span>
    </p>
   </div>
   <div class='ocr_carea' id='block_1_70' title="bbox 737 5226 2299 5300">
    <p class='ocr_par' dir='ltr' id='par_1_70' title="bbox 737 5226 2299 5300">
     <span class='ocr_line' id='line_1_70' title="bbox 737 5226 2299 5300; baseline 0.004 -19"><span class='ocrx_word' id='word_1_566' title='bbox 737 5226 1092 5281; x_wconf 75' lang='lat' dir='ltr'><strong>Succidendos</strong></span> <span class='ocrx_word' id='word_1_567' title='bbox 1126 5246 1247 5284; x_wconf 90' lang='lat' dir='ltr'><strong>esse</strong></span> <span class='ocrx_word' id='word_1_568' title='bbox 1293 5233 1655 5285; x_wconf 88' lang='lat' dir='ltr'><strong>decernimus.</strong></span> <span class='ocrx_word' id='word_1_569' title='bbox 1690 5229 1826 5284; x_wconf 86' lang='lat' dir='ltr'><strong>Cum</strong></span> <span class='ocrx_word' id='word_1_570' title='bbox 1877 5233 1933 5285; x_wconf 83' lang='lat' dir='ltr'><strong>in</strong></span> <span class='ocrx_word' id='word_1_571' title='bbox 1974 5232 2141 5288; x_wconf 80' lang='lat' dir='ltr'><strong>veteri</strong></span> <span class='ocrx_word' id='word_1_572' title='bbox 2174 5230 2299 5300; x_wconf 85' lang='lat' dir='ltr'><strong>qui-</strong></span> 
     </span>
    </p>
   </div>
   <div class='ocr_carea' id='block_1_71' title="bbox 730 5318 2297 5386">
    <p class='ocr_par' dir='ltr' id='par_1_71' title="bbox 730 5318 2297 5386">
     <span class='ocr_line' id='line_1_71' title="bbox 730 5318 2297 5386; baseline 0.001 -13"><span class='ocrx_word' id='word_1_573' title='bbox 730 5323 854 5373; x_wconf 86' lang='lat' dir='ltr'><strong>dem</strong></span> <span class='ocrx_word' id='word_1_574' title='bbox 895 5318 1009 5386; x_wconf 80' lang='lat' dir='ltr'><strong>lege</strong></span> <span class='ocrx_word' id='word_1_575' title='bbox 1048 5320 1149 5373; x_wconf 87' lang='lat' dir='ltr'><strong>hoc</strong></span> <span class='ocrx_word' id='word_1_576' title='bbox 1202 5325 1377 5375; x_wconf 89' lang='lat' dir='ltr'><strong>solum</strong></span> <span class='ocrx_word' id='word_1_577' title='bbox 1410 5324 1675 5377; x_wconf 71' lang='lat' dir='ltr'><strong>custodiri</strong></span> <span class='ocrx_word' id='word_1_578' title='bbox 1728 5323 1924 5378; x_wconf 84' lang='lat' dir='ltr'><strong>debere</strong></span> <span class='ocrx_word' id='word_1_579' title='bbox 1967 5324 2297 5385; x_wconf 88' lang='lat' dir='ltr'><strong>decernitur,</strong></span> 
     </span>
    </p>
   </div>
   <div class='ocr_carea' id='block_1_72' title="bbox 736 5412 2300 5485">
    <p class='ocr_par' dir='ltr' id='par_1_72' title="bbox 736 5412 2300 5485">
     <span class='ocr_line' id='line_1_72' title="bbox 736 5412 2300 5485; baseline 0.001 -22"><span class='ocrx_word' id='word_1_580' title='bbox 736 5412 811 5464; x_wconf 89' lang='lat' dir='ltr'><strong>uti</strong></span> <span class='ocrx_word' id='word_1_581' title='bbox 846 5425 913 5463; x_wconf 89' lang='lat' dir='ltr'><strong>ne</strong></span> <span class='ocrx_word' id='word_1_582' title='bbox 940 5419 1063 5463; x_wconf 87' lang='lat' dir='ltr'><strong>ante</strong></span> <span class='ocrx_word' id='word_1_583' title='bbox 1090 5419 1486 5480; x_wconf 73' lang='lat' dir='ltr'><strong>transgressum</strong></span> <span class='ocrx_word' id='word_1_584' title='bbox 1520 5416 1757 5470; x_wconf 86' lang='lat' dir='ltr'><strong>vernalis</strong></span> <span class='ocrx_word' id='word_1_585' title='bbox 1781 5414 2089 5485; x_wconf 61' lang='lat' dir='ltr'><strong>aequinoctii</strong></span> <span class='ocrx_word' id='word_1_586' title='bbox 2116 5415 2167 5466; x_wconf 91' lang='lat' dir='ltr'><strong>in</strong></span> <span class='ocrx_word' id='word_1_587' title='bbox 2191 5426 2300 5481; x_wconf 91' lang='lat' dir='ltr'><strong>quo</strong></span> 
     </span>
    </p>
   </div>
   <div class='ocr_carea' id='block_1_73' title="bbox 736 5502 2299 5575">
    <p class='ocr_par' dir='ltr' id='par_1_73' title="bbox 736 5502 2299 5575">
     <span class='ocr_line' id='line_1_73' title="bbox 736 5502 2299 5575; baseline 0.001 -20"><span class='ocrx_word' id='word_1_588' title='bbox 736 5502 1073 5555; x_wconf 88' lang='lat' dir='ltr'><strong>autumnalis</strong></span> <span class='ocrx_word' id='word_1_589' title='bbox 1105 5503 1396 5558; x_wconf 80' lang='lat' dir='ltr'><strong>novissima</strong></span> <span class='ocrx_word' id='word_1_590' title='bbox 1426 5521 1554 5575; x_wconf 89' lang='lat' dir='ltr'><strong>pars</strong></span> <span class='ocrx_word' id='word_1_591' title='bbox 1586 5507 1839 5569; x_wconf 80' lang='lat' dir='ltr'><strong>vincitur,</strong></span> <span class='ocrx_word' id='word_1_592' title='bbox 1876 5508 2085 5561; x_wconf 90' lang='lat' dir='ltr'><strong>decima</strong></span> <span class='ocrx_word' id='word_1_593' title='bbox 2110 5513 2299 5575; x_wconf 89' lang='lat' dir='ltr'><strong>quarta</strong></span> 
     </span>
    </p>
   </div>
   <div class='ocr_carea' id='block_1_74' title="bbox 2398 4300 3973 4371">
    <p class='ocr_par' dir='ltr' id='par_1_74' title="bbox 2398 4300 3973 4371">
     <span class='ocr_line' id='line_1_74' title="bbox 2398 4300 3973 4371; baseline -0.001 -15"><span class='ocrx_word' id='word_1_594' title='bbox 2398 4300 2729 4356; x_wconf 89' lang='lat' dir='ltr'><strong>conveniens</strong></span> <span class='ocrx_word' id='word_1_595' title='bbox 2760 4301 2813 4353; x_wconf 90' lang='lat' dir='ltr'><strong>in</strong></span> <span class='ocrx_word' id='word_1_596' title='bbox 2841 4301 3118 4366; x_wconf 85' lang='lat' dir='ltr'><strong>omnibus,</strong></span> <span class='ocrx_word' id='word_1_597' title='bbox 3172 4302 3456 4370; x_wconf 90' lang='lat' dir='ltr'><strong>anticipari</strong></span> <span class='ocrx_word' id='word_1_598' title='bbox 3490 4301 3733 4365; x_wconf 81' lang='lat' dir='ltr'><strong>illicitum</strong></span> <span class='ocrx_word' id='word_1_599' title='bbox 3769 4316 3837 4354; x_wconf 88' lang='lat' dir='ltr'><strong>ac</strong></span> <span class='ocrx_word' id='word_1_600' title='bbox 3876 4318 3973 4371; x_wconf 65' lang='lat' dir='ltr'><strong>pe.</strong></span> 
     </span>
    </p>
   </div>
   <div class='ocr_carea' id='block_1_75' title="bbox 2398 4392 3976 4461">
    <p class='ocr_par' dir='ltr' id='par_1_75' title="bbox 2398 4392 3976 4461">
     <span class='ocr_line' id='line_1_75' title="bbox 2398 4392 3976 4461; baseline 0.002 -14"><span class='ocrx_word' id='word_1_601' title='bbox 2398 4394 2694 4447; x_wconf 89' lang='lat' dir='ltr'><strong>riculosum</strong></span> <span class='ocrx_word' id='word_1_602' title='bbox 2724 4407 2865 4455; x_wconf 86' lang='lat' dir='ltr'><strong>esse,</strong></span> <span class='ocrx_word' id='word_1_603' title='bbox 2898 4394 3047 4445; x_wconf 92' lang='lat' dir='ltr'><strong>omni</strong></span> <span class='ocrx_word' id='word_1_604' title='bbox 3090 4394 3323 4461; x_wconf 90' lang='lat' dir='ltr'><strong>sapienti</strong></span> <span class='ocrx_word' id='word_1_605' title='bbox 3372 4409 3479 4446; x_wconf 91' lang='lat' dir='ltr'><strong>non</strong></span> <span class='ocrx_word' id='word_1_606' title='bbox 3506 4392 3731 4446; x_wconf 91' lang='lat' dir='ltr'><strong>dubium</strong></span> <span class='ocrx_word' id='word_1_607' title='bbox 3766 4404 3876 4448; x_wconf 80' lang='lat' dir='ltr'><strong>est.</strong></span> <span class='ocrx_word' id='word_1_608' title='bbox 3911 4395 3976 4450; x_wconf 83' lang='lat' dir='ltr'><strong>Et</strong></span> 
     </span>
    </p>
   </div>
   <div class='ocr_carea' id='block_1_76' title="bbox 2400 4484 3974 4542">
    <p class='ocr_par' dir='ltr' id='par_1_76' title="bbox 2400 4484 3974 4542">
     <span class='ocr_line' id='line_1_76' title="bbox 2400 4484 3974 4542; baseline 0.002 -3"><span class='ocrx_word' id='word_1_609' title='bbox 2400 4486 2602 4539; x_wconf 87' lang='lat' dir='ltr'><strong>idcirco</strong></span> <span class='ocrx_word' id='word_1_610' title='bbox 2630 4485 2732 4539; x_wconf 85' lang='lat' dir='ltr'><strong>hoc</strong></span> <span class='ocrx_word' id='word_1_611' title='bbox 2761 4485 2936 4539; x_wconf 88' lang='lat' dir='ltr'><strong>solum</strong></span> <span class='ocrx_word' id='word_1_612' title='bbox 2978 4487 3111 4538; x_wconf 86' lang='lat' dir='ltr'><strong>satis</strong></span> <span class='ocrx_word' id='word_1_613' title='bbox 3143 4494 3226 4539; x_wconf 86' lang='lat' dir='ltr'><strong>est</strong></span> <span class='ocrx_word' id='word_1_614' title='bbox 3272 4484 3762 4539; x_wconf 69' lang='lat' dir='ltr'><strong>omnibus&#39;sanctis</strong></span> <span class='ocrx_word' id='word_1_615' title='bbox 3790 4496 3847 4541; x_wconf 91' lang='lat' dir='ltr'><strong>et</strong></span> <span class='ocrx_word' id='word_1_616' title='bbox 3878 4504 3974 4542; x_wconf 87' lang='lat' dir='ltr'><strong>ca-</strong></span> 
     </span>
    </p>
   </div>
   <div class='ocr_carea' id='block_1_77' title="bbox 2401 4577 3973 4655">
    <p class='ocr_par' dir='ltr' id='par_1_77' title="bbox 2401 4577 3973 4655">
     <span class='ocr_line' id='line_1_77' title="bbox 2401 4577 3973 4655; baseline 0.003 -25"><span class='ocrx_word' id='word_1_617' title='bbox 2401 4577 2619 4644; x_wconf 86' lang='lat' dir='ltr'><strong>tholicis</strong></span> <span class='ocrx_word' id='word_1_618' title='bbox 2677 4578 2808 4631; x_wconf 88' lang='lat' dir='ltr'><strong>viris</strong></span> <span class='ocrx_word' id='word_1_619' title='bbox 2855 4577 3181 4655; x_wconf 46' lang='lat' dir='ltr'><strong>custodire,</strong></span> <span class='ocrx_word' id='word_1_620' title='bbox 3214 4584 3273 4629; x_wconf 87' lang='lat' dir='ltr'><strong>ut</strong></span> <span class='ocrx_word' id='word_1_621' title='bbox 3323 4577 3682 4645; x_wconf 87' lang='lat' dir='ltr'><strong>plurimorum</strong></span> <span class='ocrx_word' id='word_1_622' title='bbox 3735 4578 3973 4635; x_wconf 88' lang='lat' dir='ltr'><strong>diversis</strong></span> 
     </span>
    </p>
   </div>
   <div class='ocr_carea' id='block_1_78' title="bbox 2401 4667 3971 4739">
    <p class='ocr_par' dir='ltr' id='par_1_78' title="bbox 2401 4667 3971 4739">
     <span class='ocr_line' id='line_1_78' title="bbox 2401 4667 3971 4739; baseline 0.004 -20"><span class='ocrx_word' id='word_1_623' title='bbox 2401 4667 2749 4736; x_wconf 63' lang='lat' dir='ltr'><strong>Opinionibus</strong></span> <span class='ocrx_word' id='word_1_624' title='bbox 2776 4670 3185 4736; x_wconf 68' lang='lat' dir='ltr'><strong>praetermissis,</strong></span> <span class='ocrx_word' id='word_1_625' title='bbox 3223 4671 3360 4722; x_wconf 85' lang='lat' dir='ltr'><strong>intra</strong></span> <span class='ocrx_word' id='word_1_626' title='bbox 3410 4667 3670 4722; x_wconf 90' lang='lat' dir='ltr'><strong>terminos</strong></span> <span class='ocrx_word' id='word_1_627' title='bbox 3708 4685 3851 4739; x_wconf 90' lang='lat' dir='ltr'><strong>quos</strong></span> <span class='ocrx_word' id='word_1_628' title='bbox 3887 4688 3971 4726; x_wconf 78' lang='lat' dir='ltr'><strong>ex-</strong></span> 
     </span>
    </p>
   </div>
   <div class='ocr_carea' id='block_1_79' title="bbox 2401 4758 3973 4827">
    <p class='ocr_par' dir='ltr' id='par_1_79' title="bbox 2401 4758 3973 4827">
     <span class='ocr_line' id='line_1_79' title="bbox 2401 4758 3973 4827; baseline 0.006 -18"><span class='ocrx_word' id='word_1_629' title='bbox 2401 4758 2721 4827; x_wconf 88' lang='lat' dir='ltr'><strong>posuimus,</strong></span> <span class='ocrx_word' id='word_1_630' title='bbox 2757 4760 3151 4813; x_wconf 81' lang='lat' dir='ltr'><strong>solemnitatem</strong></span> <span class='ocrx_word' id='word_1_631' title='bbox 3212 4758 3507 4811; x_wconf 69' lang='lat' dir='ltr'><strong>Doininicaa</strong></span> <span class='ocrx_word' id='word_1_632' title='bbox 3553 4764 3973 4819; x_wconf 80' lang='lat' dir='ltr'><strong>resurrectionis</strong></span> 
     </span>
    </p>
   </div>
   <div class='ocr_carea' id='block_1_80' title="bbox 2403 4849 2743 4901">
    <p class='ocr_par' dir='ltr' id='par_1_80' title="bbox 2403 4849 2743 4901">
     <span class='ocr_line' id='line_1_80' title="bbox 2403 4849 2743 4901; baseline 0.003 -1"><span class='ocrx_word' id='word_1_633' title='bbox 2403 4849 2743 4901; x_wconf 91' lang='lat' dir='ltr'><strong>concludant.</strong></span> 
     </span>
    </p>
   </div>
   <div class='ocr_carea' id='block_1_81' title="bbox 2403 4958 3975 5027">
    <p class='ocr_par' dir='ltr' id='par_1_81' title="bbox 2403 4958 3975 5027">
     <span class='ocr_line' id='line_1_81' title="bbox 2403 4958 3975 5027; baseline 0.004 -16"><span class='ocrx_word' id='word_1_634' title='bbox 2403 4958 2542 5011; x_wconf 89' lang='lat' dir='ltr'><strong>XVI.</strong></span> <span class='ocrx_word' id='word_1_635' title='bbox 2571 4959 2645 5012; x_wconf 87' lang='lat' dir='ltr'><strong>De</strong></span> <span class='ocrx_word' id='word_1_636' title='bbox 2680 4960 2807 5013; x_wconf 85' lang='lat' dir='ltr'><strong>solis</strong></span> <span class='ocrx_word' id='word_1_637' title='bbox 2836 4977 3051 5013; x_wconf 84' lang='lat' dir='ltr'><strong>ascensu</strong></span> <span class='ocrx_word' id='word_1_638' title='bbox 3075 4979 3136 5013; x_wconf 88' lang='lat' dir='ltr'><strong>ac</strong></span> <span class='ocrx_word' id='word_1_639' title='bbox 3153 4961 3419 5013; x_wconf 76' lang='lat' dir='ltr'><strong>descensu.</strong></span> <span class='ocrx_word' id='word_1_640' title='bbox 3445 4962 3685 5027; x_wconf 84' lang='lat' dir='ltr'><strong>Quatuor</strong></span> <span class='ocrx_word' id='word_1_641' title='bbox 3706 4967 3834 5017; x_wconf 86' lang='lat' dir='ltr'><strong>anni</strong></span> <span class='ocrx_word' id='word_1_642' title='bbox 3860 4982 3975 5018; x_wconf 85' lang='lat' dir='ltr'><strong>car-</strong></span> 
     </span>
    </p>
   </div>
   <div class='ocr_carea' id='block_1_82' title="bbox 2458 5029 3925 5102">
    <p class='ocr_par' dir='ltr' id='par_1_82' title="bbox 2458 5029 3925 5102">
     <span class='ocr_line' id='line_1_82' title="bbox 2458 5029 3925 5102; baseline 0.004 -21"><span class='ocrx_word' id='word_1_643' title='bbox 2458 5031 2603 5083; x_wconf 78' lang='lat' dir='ltr'><strong>dines</strong></span> <span class='ocrx_word' id='word_1_644' title='bbox 2625 5046 2689 5081; x_wconf 77' lang='lat' dir='ltr'><strong>ea:</strong></span> <span class='ocrx_word' id='word_1_645' title='bbox 2706 5032 2940 5082; x_wconf 82' lang='lat' dir='ltr'><strong>Anatolii</strong></span> <span class='ocrx_word' id='word_1_646' title='bbox 2962 5033 3219 5084; x_wconf 83' lang='lat' dir='ltr'><strong>sententia</strong></span> <span class='ocrx_word' id='word_1_647' title='bbox 3240 5029 3559 5086; x_wconf 82' lang='lat' dir='ltr'><strong>Cwsarianis</strong></span> <span class='ocrx_word' id='word_1_648' title='bbox 3591 5040 3925 5102; x_wconf 78' lang='lat' dir='ltr'><strong>respondent.</strong></span> 
     </span>
    </p>
   </div>
   <div class='ocr_carea' id='block_1_83' title="bbox 2474 5142 3971 5215">
    <p class='ocr_par' dir='ltr' id='par_1_83' title="bbox 2474 5142 3971 5215">
     <span class='ocr_line' id='line_1_83' title="bbox 2474 5142 3971 5215; baseline 0.002 -19"><span class='ocrx_word' id='word_1_649' title='bbox 2474 5142 2739 5197; x_wconf 69' lang='lat' dir='ltr'><strong>Cancrum</strong></span> <span class='ocrx_word' id='word_1_650' title='bbox 2769 5144 2911 5213; x_wconf 88' lang='lat' dir='ltr'><strong>quod</strong></span> <span class='ocrx_word' id='word_1_651' title='bbox 2945 5154 3053 5198; x_wconf 73' lang='lat' dir='ltr'><strong>tua:</strong></span> <span class='ocrx_word' id='word_1_652' title='bbox 3085 5144 3325 5213; x_wconf 71' lang='lat' dir='ltr'><strong>epistolae</strong></span> <span class='ocrx_word' id='word_1_653' title='bbox 3376 5144 3705 5215; x_wconf 87' lang='lat' dir='ltr'><strong>subjcceras,</strong></span> <span class='ocrx_word' id='word_1_654' title='bbox 3740 5154 3795 5197; x_wconf 91' lang='lat' dir='ltr'><strong>ut</strong></span> <span class='ocrx_word' id='word_1_655' title='bbox 3843 5146 3971 5199; x_wconf 90' lang='lat' dir='ltr'><strong>solis</strong></span> 
     </span>
    </p>
   </div>
   <div class='ocr_carea' id='block_1_84' title="bbox 2406 5234 3969 5307">
    <p class='ocr_par' dir='ltr' id='par_1_84' title="bbox 2406 5234 3969 5307">
     <span class='ocr_line' id='line_1_84' title="bbox 2406 5234 3969 5307; baseline 0 -20"><span class='ocrx_word' id='word_1_656' title='bbox 2406 5250 2692 5291; x_wconf 87' lang='lat' dir='ltr'><strong>ascensum</strong></span> <span class='ocrx_word' id='word_1_657' title='bbox 2718 5234 3147 5303; x_wconf 91' lang='lat' dir='ltr'><strong>descensumque</strong></span> <span class='ocrx_word' id='word_1_658' title='bbox 3179 5237 3271 5307; x_wconf 93' lang='lat' dir='ltr'><strong>qui</strong></span> <span class='ocrx_word' id='word_1_659' title='bbox 3301 5236 3354 5289; x_wconf 91' lang='lat' dir='ltr'><strong>in</strong></span> <span class='ocrx_word' id='word_1_660' title='bbox 3378 5237 3735 5289; x_wconf 89' lang='lat' dir='ltr'><strong>diminutione</strong></span> <span class='ocrx_word' id='word_1_661' title='bbox 3761 5234 3969 5287; x_wconf 88' lang='lat' dir='ltr'><strong>dierum</strong></span> 
     </span>
    </p>
   </div>
   <div class='ocr_carea' id='block_1_85' title="bbox 2408 5325 3972 5394">
    <p class='ocr_par' dir='ltr' id='par_1_85' title="bbox 2408 5325 3972 5394">
     <span class='ocr_line' id='line_1_85' title="bbox 2408 5325 3972 5394; baseline 0.001 -17"><span class='ocrx_word' id='word_1_662' title='bbox 2408 5341 2470 5379; x_wconf 87' lang='lat' dir='ltr'><strong>ac</strong></span> <span class='ocrx_word' id='word_1_663' title='bbox 2532 5326 2774 5380; x_wconf 90' lang='lat' dir='ltr'><strong>noctium</strong></span> <span class='ocrx_word' id='word_1_664' title='bbox 2826 5329 3144 5389; x_wconf 77' lang='lat' dir='ltr'><strong>coniicitur,</strong></span> <span class='ocrx_word' id='word_1_665' title='bbox 3200 5328 3327 5381; x_wconf 85' lang='lat' dir='ltr'><strong>huic</strong></span> <span class='ocrx_word' id='word_1_666' title='bbox 3382 5326 3647 5394; x_wconf 91' lang='lat' dir='ltr'><strong>opusculo</strong></span> <span class='ocrx_word' id='word_1_667' title='bbox 3695 5325 3972 5378; x_wconf 84' lang='lat' dir='ltr'><strong>insinuare</strong></span> 
     </span>
    </p>
   </div>
   <div class='ocr_carea' id='block_1_86' title="bbox 2407 5417 3965 5483">
    <p class='ocr_par' dir='ltr' id='par_1_86' title="bbox 2407 5417 3965 5483">
     <span class='ocr_line' id='line_1_86' title="bbox 2407 5417 3965 5483; baseline -0.001 -15"><span class='ocrx_word' id='word_1_668' title='bbox 2407 5431 2668 5483; x_wconf 88' lang='lat' dir='ltr'><strong>conarer,</strong></span> <span class='ocrx_word' id='word_1_669' title='bbox 2704 5417 2807 5472; x_wconf 91' lang='lat' dir='ltr'><strong>hoc</strong></span> <span class='ocrx_word' id='word_1_670' title='bbox 2864 5419 3027 5472; x_wconf 89' lang='lat' dir='ltr'><strong>modo</strong></span> <span class='ocrx_word' id='word_1_671' title='bbox 3076 5418 3367 5471; x_wconf 89' lang='lat' dir='ltr'><strong>inchoatur</strong></span> <span class='ocrx_word' id='word_1_672' title='bbox 3413 5426 3575 5483; x_wconf 88' lang='lat' dir='ltr'><strong>atque</strong></span> <span class='ocrx_word' id='word_1_673' title='bbox 3608 5418 3965 5470; x_wconf 88' lang='lat' dir='ltr'><strong>consumitur.</strong></span> 
     </span>
    </p>
   </div>
   <div class='ocr_carea' id='block_1_87' title="bbox 2408 5508 3972 5579">
    <p class='ocr_par' dir='ltr' id='par_1_87' title="bbox 2408 5508 3972 5579">
     <span class='ocr_line' id='line_1_87' title="bbox 2408 5508 3972 5579; baseline -0.001 -17"><span class='ocrx_word' id='word_1_674' title='bbox 2408 5509 2508 5563; x_wconf 87' lang='lat' dir='ltr'><strong>Per</strong></span> <span class='ocrx_word' id='word_1_675' title='bbox 2540 5527 2607 5564; x_wconf 82' lang='lat' dir='ltr'><strong>xv</strong></span> <span class='ocrx_word' id='word_1_676' title='bbox 2630 5511 2751 5567; x_wconf 81' lang='lat' dir='ltr'><strong>dies</strong></span> <span class='ocrx_word' id='word_1_677' title='bbox 2780 5521 2833 5567; x_wconf 91' lang='lat' dir='ltr'><strong>et</strong></span> <span class='ocrx_word' id='word_1_678' title='bbox 2864 5513 3013 5566; x_wconf 75' lang='lat' dir='ltr'><strong>horae</strong></span> <span class='ocrx_word' id='word_1_679' title='bbox 3043 5511 3328 5565; x_wconf 87' lang='lat' dir='ltr'><strong>dimidium</strong></span> <span class='ocrx_word' id='word_1_680' title='bbox 3374 5508 3484 5562; x_wconf 89' lang='lat' dir='ltr'><strong>sole</strong></span> <span class='ocrx_word' id='word_1_681' title='bbox 3518 5510 3845 5562; x_wconf 88' lang='lat' dir='ltr'><strong>ascendente</strong></span> <span class='ocrx_word' id='word_1_682' title='bbox 3880 5526 3972 5579; x_wconf 88' lang='lat' dir='ltr'><strong>per</strong></span> 
     </span>
    </p>
   </div>
   <div class='ocr_carea' id='block_1_88' title="bbox 737 5579 3969 5671">
    <p class='ocr_par' dir='ltr' id='par_1_88' title="bbox 737 5579 3969 5671">
     <span class='ocr_line' id='line_1_88' title="bbox 737 5579 3969 5671; baseline 0.001 -22"><span class='ocrx_word' id='word_1_683' title='bbox 737 5598 823 5649; x_wconf 88' lang='lat' dir='ltr'><strong>die</strong></span> <span class='ocrx_word' id='word_1_684' title='bbox 858 5598 1063 5651; x_wconf 85' lang='lat' dir='ltr'><strong>mensis</strong></span> <span class='ocrx_word' id='word_1_685' title='bbox 1086 5597 1265 5665; x_wconf 88' lang='lat' dir='ltr'><strong>primi,</strong></span> <span class='ocrx_word' id='word_1_686' title='bbox 1294 5601 1387 5667; x_wconf 91' lang='lat' dir='ltr'><strong>qui</strong></span> <span class='ocrx_word' id='word_1_687' title='bbox 1427 5617 1536 5657; x_wconf 89' lang='lat' dir='ltr'><strong>non</strong></span> <span class='ocrx_word' id='word_1_688' title='bbox 1592 5606 1699 5659; x_wconf 90' lang='lat' dir='ltr'><strong>diei</strong></span> <span class='ocrx_word' id='word_1_689' title='bbox 1761 5605 1855 5659; x_wconf 90' lang='lat' dir='ltr'><strong>sed</strong></span> <span class='ocrx_word' id='word_1_690' title='bbox 1902 5606 2043 5659; x_wconf 66' lang='lat' dir='ltr'><strong>lunae</strong></span> <span class='ocrx_word' id='word_1_691' title='bbox 2090 5601 2305 5656; x_wconf 87' lang='lat' dir='ltr'><strong>orsibus</strong></span> <span class='ocrx_word' id='word_1_692' title='bbox 2338 5579 2380 5633; x_wconf 79' lang='lat' dir='ltr'><strong>D</strong></span> <span class='ocrx_word' id='word_1_693' title='bbox 2411 5602 2619 5671; x_wconf 79' lang='lat' dir='ltr'><strong>singula</strong></span> <span class='ocrx_word' id='word_1_694' title='bbox 2647 5612 2940 5665; x_wconf 88' lang='lat' dir='ltr'><strong>momenta,</strong></span> <span class='ocrx_word' id='word_1_695' title='bbox 2971 5602 3025 5655; x_wconf 92' lang='lat' dir='ltr'><strong>id</strong></span> <span class='ocrx_word' id='word_1_696' title='bbox 3055 5612 3138 5655; x_wconf 88' lang='lat' dir='ltr'><strong>est</strong></span> <span class='ocrx_word' id='word_1_697' title='bbox 3168 5615 3259 5668; x_wconf 90' lang='lat' dir='ltr'><strong>per</strong></span> <span class='ocrx_word' id='word_1_698' title='bbox 3292 5614 3343 5651; x_wconf 80' lang='lat' dir='ltr'><strong>iv</strong></span> <span class='ocrx_word' id='word_1_699' title='bbox 3394 5598 3446 5649; x_wconf 89' lang='lat' dir='ltr'><strong>in</strong></span> <span class='ocrx_word' id='word_1_700' title='bbox 3492 5614 3597 5651; x_wconf 89' lang='lat' dir='ltr'><strong>una</strong></span> <span class='ocrx_word' id='word_1_701' title='bbox 3626 5599 3711 5653; x_wconf 88' lang='lat' dir='ltr'><strong>die</strong></span> <span class='ocrx_word' id='word_1_702' title='bbox 3735 5640 3749 5662; x_wconf 94' lang='lat'><strong>,</strong></span> <span class='ocrx_word' id='word_1_703' title='bbox 3779 5603 3849 5653; x_wconf 85' lang='lat' dir='ltr'><strong>ab</strong></span> <span class='ocrx_word' id='word_1_704' title='bbox 3876 5616 3969 5653; x_wconf 78' lang='lat' dir='ltr'><strong>vni</strong></span> 
     </span>
    </p>
   </div>
   <div class='ocr_carea' id='block_1_89' title="bbox 740 5686 3970 5764">
    <p class='ocr_par' dir='ltr' id='par_1_89' title="bbox 740 5686 3970 5764">
     <span class='ocr_line' id='line_1_89' title="bbox 740 5686 3970 5764; baseline 0.001 -24"><span class='ocrx_word' id='word_1_705' title='bbox 740 5698 1107 5757; x_wconf 88' lang='lat' dir='ltr'><strong>computatur,</strong></span> <span class='ocrx_word' id='word_1_706' title='bbox 1148 5686 1359 5743; x_wconf 86' lang='lat' dir='ltr'><strong>Pascha</strong></span> <span class='ocrx_word' id='word_1_707' title='bbox 1409 5691 1736 5750; x_wconf 87' lang='lat' dir='ltr'><strong>immoletur.</strong></span> <span class='ocrx_word' id='word_1_708' title='bbox 1781 5694 1934 5761; x_wconf 84' lang='lat' dir='ltr'><strong>Quod</strong></span> <span class='ocrx_word' id='word_1_709' title='bbox 1967 5693 2207 5764; x_wconf 87' lang='lat' dir='ltr'><strong>quidem,</strong></span> <span class='ocrx_word' id='word_1_710' title='bbox 2249 5696 2309 5743; x_wconf 77' lang='lat' dir='ltr'><strong>ut</strong></span> <span class='ocrx_word' id='word_1_711' title='bbox 2418 5689 2685 5747; x_wconf 87' lang='lat' dir='ltr'><strong>Kalendas</strong></span> <span class='ocrx_word' id='word_1_712' title='bbox 2719 5692 3004 5757; x_wconf 91' lang='lat' dir='ltr'><strong>Januarii,</strong></span> <span class='ocrx_word' id='word_1_713' title='bbox 3067 5692 3119 5743; x_wconf 88' lang='lat' dir='ltr'><strong>in</strong></span> <span class='ocrx_word' id='word_1_714' title='bbox 3164 5705 3260 5743; x_wconf 82' lang='lat' dir='ltr'><strong>vni</strong></span> <span class='ocrx_word' id='word_1_715' title='bbox 3308 5687 3575 5743; x_wconf 86' lang='lat' dir='ltr'><strong>Kalendas</strong></span> <span class='ocrx_word' id='word_1_716' title='bbox 3606 5692 3807 5761; x_wconf 86' lang='lat' dir='ltr'><strong>Aprilis</strong></span> <span class='ocrx_word' id='word_1_717' title='bbox 3839 5693 3970 5745; x_wconf 84' lang='lat' dir='ltr'><strong>liora</strong></span> 
     </span>
    </p>
   </div>
   <div class='ocr_carea' id='block_1_90' title="bbox 817 5800 2297 5875">
    <p class='ocr_par' dir='ltr' id='par_1_90' title="bbox 817 5800 2297 5875">
     <span class='ocr_line' id='line_1_90' title="bbox 817 5800 2297 5875; baseline 0.002 -19"><span class='ocrx_word' id='word_1_718' title='bbox 817 5802 926 5873; x_wconf 80' lang='lat'><strong>(27)</strong></span> <span class='ocrx_word' id='word_1_719' title='bbox 970 5800 1216 5875; x_wconf 68' lang='lat' dir='ltr'><strong>sabbato.</strong></span> <span class='ocrx_word' id='word_1_720' title='bbox 1268 5802 1366 5860; x_wconf 88' lang='lat' dir='ltr'><strong>Hic</strong></span> <span class='ocrx_word' id='word_1_721' title='bbox 1405 5808 1635 5875; x_wconf 89' lang='lat' dir='ltr'><strong>primum</strong></span> <span class='ocrx_word' id='word_1_722' title='bbox 1670 5812 1952 5866; x_wconf 82' lang='lat' dir='ltr'><strong>Anatolius</strong></span> <span class='ocrx_word' id='word_1_723' title='bbox 2002 5810 2297 5867; x_wconf 72' lang='lat' dir='ltr'><strong>bissextum</strong></span> 
     </span>
    </p>
   </div>
   <div class='ocr_carea' id='block_1_91' title="bbox 745 5873 1255 5929">
    <p class='ocr_par' dir='ltr' id='par_1_91' title="bbox 745 5873 1255 5929">
     <span class='ocr_line' id='line_1_91' title="bbox 745 5873 1255 5929; baseline -0.004 0"><span class='ocrx_word' id='word_1_724' title='bbox 745 5874 993 5929; x_wconf 83' lang='lat' dir='ltr'><strong>admittit.</strong></span> <span class='ocrx_word' id='word_1_725' title='bbox 1028 5873 1255 5929; x_wconf 63' lang='lat' dir='ltr'><strong>Bennett.</strong></span> 
     </span>
    </p>
   </div>
   <div class='ocr_carea' id='block_1_92' title="bbox 2480 5804 3972 5876">
    <p class='ocr_par' dir='ltr' id='par_1_92' title="bbox 2480 5804 3972 5876">
     <span class='ocr_line' id='line_1_92' title="bbox 2480 5804 3972 5876; baseline 0.001 -19"><span class='ocrx_word' id='word_1_726' title='bbox 2480 5804 2592 5875; x_wconf 83' lang='grc'><strong>(28)</strong></span> <span class='ocrx_word' id='word_1_727' title='bbox 2636 5805 2719 5857; x_wconf 82' lang='grc' dir='ltr'><strong>ιγ</strong></span> <span class='ocrx_word' id='word_1_728' title='bbox 2761 5806 2937 5860; x_wconf 78' lang='lat' dir='ltr'><strong>Feria.</strong></span> <span class='ocrx_word' id='word_1_729' title='bbox 2968 5806 3268 5860; x_wconf 75' lang='lat' dir='ltr'><strong>Bissextum</strong></span> <span class='ocrx_word' id='word_1_730' title='bbox 3293 5805 3585 5859; x_wconf 86' lang='lat' dir='ltr'><strong>secundum</strong></span> <span class='ocrx_word' id='word_1_731' title='bbox 3621 5806 3707 5861; x_wconf 90' lang='lat' dir='ltr'><strong>hic</strong></span> <span class='ocrx_word' id='word_1_732' title='bbox 3730 5806 3972 5876; x_wconf 84' lang='lat' dir='ltr'><strong>agnoscit</strong></span> 
     </span>
    </p>
   </div>
   <div class='ocr_carea' id='block_1_93' title="bbox 2424 5876 3459 5931">
    <p class='ocr_par' dir='ltr' id='par_1_93' title="bbox 2424 5876 3459 5931">
     <span class='ocr_line' id='line_1_93' title="bbox 2424 5876 3459 5931; baseline -0.001 -2"><span class='ocrx_word' id='word_1_733' title='bbox 2424 5876 2727 5931; x_wconf 78' lang='lat' dir='ltr'><strong>Anatolius.</strong></span> <span class='ocrx_word' id='word_1_734' title='bbox 2754 5877 2825 5929; x_wconf 87' lang='lat' dir='ltr'><strong>lo.</strong></span> <span class='ocrx_word' id='word_1_735' title='bbox 3454 5905 3459 5907; x_wconf 27' lang='grc' dir='ltr'><strong>Α</strong></span> 
     </span>
    </p>
   </div>
  </div>
