4104 6350
785 538 856 595 IN
891 539 950 595 s.
991 485 1311 599 ANATOLII
1345 517 1669 618 canones!
1707 528 1936 588 morsu
1969 513 2288 584 Bccnsn’n
2325 521 2883 580 COMMENTARIUS.

3298 513 3404 572 Si!

181 654 527 716 dimlnlitur,
545 631 603 708 in
631 667 742 722 qua
790 662 1185 708 consumuntur
1211 665 1290 704 xu
1333 649 1480 702 horai
1506 657 1559 701 et
1578 646 1747 710 assis,
1782 647 1830 703 Α
1857 638 2056 697 lendas’
2064 639 2327 703 Januarii,
2353 638 2515 692 simili
2542 650 2768 690 numero
2793 636 3050 701 horarum
3079 647 3142 688 ac
3169 646 3409 686 momen-

180 745 241 800 id
269 757 350 801 est
380 748 558 816 prima
579 760 708 815 pars
731 759 798 798 ex
829 759 901 797 xu
929 742 1224 811 particulis.
1259 739 1313 792 In
1335 755 1438 808 qua
1457 739 1544 792 die
1564 737 1629 790 ad
1663 751 1751 788 vc-

180 851 424 907 sperum,
445 836 492 891 si
507 836 634 890 luna
648 850 740 888 xiv
757 832 1058 898 accidisset,
1075 846 1247 903 agnus
1262 829 1402 899 apud
1418 828 1631 883 Judaeos
1648 826 1746 879 im-

178 923 514 978 molabatur.
544 920 643 995 Sin
666 931 845 975 autem
870 919 1134 988 excedens
1158 935 1436 981 numerus,
1463 934 1531 972 xv
1555 917 1636 970 vel
1656 933 1745 971 xvi

181 1013 310 1068 luna
341 1012 542 1066 fuisset
563 1010 801 1074 inventa,
827 1010 882 1063 in
920 1023 1143 1077 vespere
1170 1007 1411 1076 ejusdem
1435 1005 1540 1058 diei
1567 1005 1620 1057 in
1658 1019 1750 1057 xiv
1780 1072 1782 1082 ᾖ

179 1104 270 1157 die
303 1103 562 1156 secunda:
592 1102 735 1155 lunae
775 1100 964 1154 eodem
1001 1115 1190 1153 mense
1210 1097 1440 1176 nataead
1468 1107 1750 1164 vesperum

181 1190 390 1248 Pascha
447 1192 824 1247 celebrabatur
860 1209 875 1258 ;
917 1200 1120 1260 septem
1177 1189 1371 1244 diebus
1407 1185 1750 1241 comedentes

182 1298 397 1354 azyma,
427 1284 603 1352 uSque
625 1282 693 1336 ad
724 1283 863 1336 diem
887 1297 979 1335 xxi
1011 1281 1064 1334 in
1093 1293 1398 1349 vesperum.
1429 1275 1597 1330 Nobis
1620 1288 1753 1343 ergo

184 1369 442 1423 similiter
472 1370 520 1424 si
544 1370 778 1436 eveniat,
813 1377 871 1422 ut
903 1384 978 1422 vn
1015 1366 1284 1421 Kalendas
1314 1366 1514 1434 Aprilis
1545 1374 1598 1418 et
1634 1362 1752 1417 dies

184 1458 475 1514 Dominica
512 1469 567 1513 et
616 1460 742 1514 luna
784 1475 873 1513 xiv
912 1459 1238 1523 inveniatur,
1282 1472 1374 1510 xiv
1419 1455 1628 1511 Pascha
1662 1470 1752 1510 ce.

185 1548 514 1614 lebrandum
557 1558 661 1605 est.
701 1547 804 1604 Sed
836 1557 892 1621 et
918 1549 965 1604 si
992 1564 1060 1602 xv
1093 1548 1178 1602 vel
1227 1561 1316 1601 va
1336 1586 1353 1611 ,
1399 1555 1454 1601 et
1481 1563 1656 1616 usque
1683 1548 1751 1602 ad

184 1655 259 1694 xx
303 1641 436 1694 luna
488 1639 655 1694 fuerit
685 1641 914 1695 inventa
941 1683 956 1706 ,
997 1653 1094 1705 pro
1128 1639 1428 1692 reverentia
1447 1637 1753 1693 .Dominicai

185 1732 614 1786 resurrectiOnis
642 1746 762 1801 quae
790 1730 842 1785 in
875 1730 962 1786 die
991 1728 1271 1783 Dominica
1305 1728 1444 1783 facta
1466 1738 1568 1792 est,
1595 1729 1752 1784 nobis

185 1820 445 1876 similiter
465 1813 858 1876 celebrandum
881 1831 999 1886 est;
1033 1820 1102 1874 ita
1139 1828 1316 1872 tamen
1345 1827 1402 1870 ut
1421 1812 1750 1887 principium

179 1915 419 1971 Pascha
439 1914 602 1970 ﬁnem
633 1913 990 1970 solemnitatis
1014 1929 1226 1981 eorum,
1248 1914 1301 1967 id
1324 1921 1413 1968 est
1436 1915 1750 1968 vicesimam

1857 743 2036 788 torum
2067 733 2271 788 ﬁnitur.
2302 730 2377 785 Ita
2422 737 2483 784 ut
2525 745 2620 782 vin
2651 727 2919 783 Kalendas
2946 724 3187 802 Januarii
3216 726 3406 779 horam
3453 721 3456 726 ’

1854 836 1909 881 et
1945 825 2090 882 hora:
2120 824 2399 879 dimidium
2432 823 2562 876 hora
2598 819 2811 874 haheat.
2844 817 2921 872 Eo
2952 833 3125 887 usque
3170 828 3406 884 namque

1853 919 1971 974 dies
1997 933 2050 973 et
2089 936 2194 973 nox
2225 919 2618 973 diminuuntur.
2671 917 2734 971 Et
2772 933 2847 972 xu
2880 918 3028 969 hom
3056 927 3174 982 qum
3206 911 3260 964 in
3287 924 3406 962 ver-

1855 1009 1963 1063 nali
2012 1009 2336 1077 aequinoctio
2368 1009 2419 1061 in
2469 1007 2734 1077 principio
2771 1004 2983 1057 Domini
3010 998 3406 1071 dispensatione

1853 1103 2159 1156 constitutae
2192 1101 2420 1163 sunt,‘|n
2452 1116 2544 1152 vui
2592 1097 2859 1152 Kalendas
2889 1094 3206 1150 Julii'nocte
3245 1091 3408 1146 dimi-

1853 1203 2018 1257 nuta,
2044 1194 2159 1247 sole
2183 1193 2504 1246 ascendente
2527 1206 2620 1270 per
2647 1189 2888 1259 singulos
2913 1203 3053 1257 quos
3075 1200 3237 1254 supra
3267 1183 3407 1238 dixi—
3499 1255 3512 1261 _

1855 1302 1978 1342 mus
2027 1285 2226 1356 gradus
2271 1299 2450 1349 xvm,
2483 1284 2537 1336 in
2589 1283 2908 1336 duodecimo
2955 1278 3187 1349 longiori
3235 1277 3409 1354 spatio

1855 1377 2195 1446 reperiantur
2239 1373 2625 1445 adjunctaz.»Et
2651 1374 2844 1428 iterum
2893 1387 2973 1425 xu
3019 1372 3166 1425 horae
3207 1384 3328 1438 quae
3354 1369 3410 1421 in

1854 1469 2150 1523 autumnali
2178 1467 2500 1536 aequinoctio
2528 1466 2662 1521 solis
2692 1466 2959 1519 descensu
2986 1462 3318 1530 repleantur,
3351 1459 3408 1511 in

1853 1573 1950 1612 vui
1981 1557 2246 1612 Kalendas
2267 1554 2508 1610 Januarii
2535 1571 2630 1620 sex
2659 1556 2807 1610 hora:
2835 1556 2993 1609 in‘xu
3035 1553 3222 1607 divisae
3255 1551 3405 1604 inve.

1854 1644 2072 1703 niantur
2100 1647 2403 1716 disjunctai,
2422 1654 2577 1700 nocte
2597 1661 2724 1699 xvnt
2755 1645 2807 1698 in
2836 1660 2914 1696 xu
2947 1643 3148 1698 divisas
3170 1647 3426 1696 tenente.‘

1852 1736 1983 1805 Quae
2009 1737 2068 1793 in
2095 1754 2189 1793 vin
2212 1736 2478 1793 Kalendas
2498 1733 2625 1790 Julii
2653 1733 2899 1790 similiter
2920 1750 2973 1788 vr
2997 1735 3050 1788 in
3077 1748 3158 1788 xu
3189 1731 3412 1803 partitas
3449 1757 3455 1762 -

1855 1831 2091 1884 tenebat.

2260 1916 2423 1972 XVII.
2464 1916 2647 1984 Operis
2678 1915 2962 1971 conclusio.

185 2003 402 2070 lunam,
445 2018 558 2058 non
584 2004 828 2060 excedat.
864 2003 931 2059 Et
952 2003 1073 2060 ideo
1096 2021 1202 2060 nou
1236 2021 1428 2076 parum
1455 2005 1748 2074 deliquisse
1783 1986 1824 2040 Β
1921 2005 2085 2061 XVII.
2121 2005 2235 2061 Hoc
2285 2017 2464 2062 autem
2495 2023 2602 2062 non
2657 2007 2871 2077 ignores
2897 2046 2912 2069 ,
2964 2002 3106 2073 quod
3137 2003 3239 2056 ista
3277 2013 3413 2070 qua-

182 2093 436 2148 diximus
468 2109 584 2160 eos,
612 2094 703 2162 qui
734 2094 1031 2164 anticipare
1060 2094 1142 2148 vel
1169 2095 1428 2159 excedere
1460 2095 1606 2163 hunc
1645 2110 1749 2148 nu-

183 2199 405 2238 merum
452 2183 650 2238 divina:
703 2184 964 2239 insertum
1009 2186 1307 2254 Scriptura:
1353 2186 1470 2242 ausi
1498 2194 1645 2241 sunt.
1687 2184 1751 2240 Et

174 2275 260 2329 ab
289 2287 391 2328 vui
413 2273 685 2329 Kalendas
707 2275 908 2344 Aprilis
955 2278 1010 2331 in
1040 2292 1138 2331 vni
1168 2266 1437 2333 Kalendas
1460 2276 1632 2334 Julias
1657 2291 1751 2346 per
1775 2275 1777 2277 ’

183 2380 260 2419 xv
308 2366 434 2419 dies
488 2365 620 2419 hora
651 2366 1001 2432 diminuitur;
1029 2384 1124 2436 per
1152 2369 1260 2424 duo
1287 2378 1556 2424 momenta
1584 2377 1638 2424 et
1670 2367 1750 2422 di-

183 2455 448 2520 midium,
485 2464 537 2509 et
574 2463 782 2510 sextam
824 2464 1032 2525 partem
1081 2458 1374 2523 momenti,
1407 2457 1521 2512 sole
1563 2473 1752 2511 ascen-

182 2547 354 2600 dente
380 2561 476 2614 per
503 2546 744 2616 singulos
773 2545 909 2602 dies.
944 2545 1010 2600 Et
1046 2547 1115 2601 ab
1146 2563 1242 2601 vui
1276 2546 1546 2605 Kalendas
1578 2545 1751 2601 Julias

184 2637 244 2691 in
274 2653 379 2691 vm
410 2637 678 2694 Kalendas
720 2636 968 2694 Octobris
990 2639 1235 2694 similiter
1265 2655 1360 2708 per
1415 2655 1483 2693 xv
1512 2639 1650 2708 dies,
1697 2647 1750 2694 ct

179 2736 432 2796 quatuor
470 2728 651 2796 horas,
694 2729 829 2784 hora
864 2718 1217 2797 diminuitur';
1252 2731 1609 2785 descendente
1636 2717 1754 2786 sole

183 2817 244 2870 in
268 2834 603 2888 unaquaque
631 2820 719 2875 die
754 2837 850 2892 per
894 2823 1144 2878 eumdem
1176 2837 1461 2876 numerum
1510 2835 1761 2876 momenv

181 2916 416 2979 torum;
443 2921 498 2966 et
529 2912 764 2982 spatium
781 2913 927 2982 quod
951 2922 1221 2984 superest,
1244 2929 1418 2984 usque
1447 2913 1500 2966 in
1529 2928 1626 2967 vni
1651 2910 1755 2968 Ka-

1855 2107 1980 2153 tuor
2009 2114 2128 2167 qua:
2165 2098 2402 2154 diximus
2455 2108 2757 2167 temporum
2789 2095 3019 2151 conﬁnia
3040 2134 3054 2157 ,
3089 2094 3213 2147 licet
3262 2106 3413 2144 men-

1854 2186 1994 2244 sium
2029 2173 2369 2259 sequentium
2409 2185 2664 2244 Kalendis
2693 2189 3152 2259 approximentur,
3195 2198 3409 2259 unum-

1856 2279 2106 2350 quodque
2155 2267 2333 2336 tamen
2376 2279 2610 2334 medium
2660 2259 2953 2349 temporis:
2981 2279 3032 2332 id
3062 2287 3147 2330 est
3177 2277 3328 2332 verni
3361 2284 3414 2330 et

1857 2373 2084 2433 astatis.
2124 2369 2370 2426 autumni
2398 2377 2453 2424 et
2497 2370 2691 2425 hiemis
2725 2378 2922 2425 teneat.
2971 2369 3037 2423 Et
3066 2384 3172 2422 non
3217 2369 3410 2423 exinde

1858 2471 2161 2533 temporum
2214 2461 2481 2533 principia
2536 2462 2898 2527 inchoantur,
2947 2461 3089 2515 unde
3145 2443 3412 2513 mensium

1855 2553 2107 2609 Kalendm
2141 2553 2443 2608 initiantur.
2486 2551 2590 2608 Sed
2627 2554 2699 2607 ita
2748 2551 3413 2620 unumquodquetempus

1855 2645 2216 2698 inchoandum
2251 2637 2354 2706 est,
2379 2654 2438 2721 ut
2467 2660 2496 2697 a
2520 2645 2692 2713 prima
2725 2644 2811 2697 die
2843 2643 2987 2696 veris
3019 2652 3228 2711 tempus
3247 2641 3414 2710 aequi-

1826 2804 1828 2808 τ
1857 2737 2097 2792 noctium
2133 2737 2373 2799 dividat;
2403 2744 2457 2789 et
2492 2736 2696 2789 aastatis
2729 2750 2827 2788 vui
2874 2732 3140 2787 Kalendas
3171 2729 3336 2795 Julii,
3358 2738 3413 2784 et

1859 2827 2103 2882 autumni
2133 2841 2226 2880 vui
2255 2823 2538 2911 Kalendas.
2559 2824 2832 2884 Octobris,
2865 2833 2921 2877 et
2954 2824 3147 2878 hiemis
3176 2838 3272 2875 vui
3302 2820 3412 2876 Ka-

1859 2914 2048 2969 lendas
2081 2912 2327 2967 Januarii
2362 2911 2611 2966 similiter
2639 2911 2918 2967 dividitur.

1267 3293 1685 3417 IEGlDll
1765 3291 2336 3420 BUCHEBII

673 3486 742 3545 In
771 3487 831 3547 S.
869 3482 1141 3544 Anatolii
1171 3483 1583 3544 Alexandrini
1615 3483 1931 3573 Cononem
1965 3484 2323 3546 Paschalem
2365 3484 2893 3545 Commentarios.

707 3792 930 3849 CAPUT
969 3792 1253 3875 putauit.
1396 3826 1399 3829 -
1499 3859 1502 3862 δ

189 3886 355 3943 Sitne
404 3886 656 3953 genuinus
709 3887 945 3940 Anatolii
987 3886 1173 3940 Canon
1221 3885 1529 3948 Paschalis,
1581 3885 1758 3938 (ἔνατα

1782 3799 1823 3854 C
1857 3796 2063 3848 decima
2098 3793 2245 3848 nullo
2279 3797 2535 3864 scgipulo
2565 3795 2769 3858 indicit,
2811 3797 2861 3847 in
2893 3813 3001 3861 quo
3029 3813 3149 3849 cum
3182 3763 3415 3864 Quarta-

1856 3864 2184 3925 decimanis,
2217 3880 2312 3918 seu
2342 3862 2928 3932 Tessareskaedecatitis
2963 3868 3030 3919 ab
3060 3862 3296 3932 Ecclesia
3333 3885 3416 3921 re-

267 3930 822 4021 Ié'rip’ii'i:'2"iiu'ﬁ}£5
829 3930 1619 4010 ⁷ῐᾶὶίιὶῖ’ἐὶᾱιιίὶιῖε”.”’ὶῑιὲἓῖἆηὲἇ
1631 3930 1641 3938 ’
1657 3930 1757 4006 ἷιῖἓ

1857 3933 2029 4013 jectis,
2067 3932 2195 3987 facit
2238 3935 2395 4021 :letsi
2431 3930 2481 3986 id
2534 3935 2608 3987 illi
2659 3945 2972 4021 perpetu-um
3017 3951 3120 3989 non
3168 3930 3416 4021 sit;hnec

265 4025 531 4092 ejusmodi
591 4022 779 4075 Canon
821 4024 1056 4076 Anatolii
1109 4040 1210 4074 non
1262 4025 1520 4077 videatur.
1575 4024 1756 4092 Ipsum

273 4094 526 4148 Anatolio
573 4092 808 4144 tribuunt
867 4092 1139 4152 Eusebius,
1191 4093 1356 4157 Beda,
1412 4093 1755 4157 Colmannns,

273 4163 584 4286 :Vilfrii‘lu‘s.
615 4160 762 4214 Beda
789 4177 854 4215 ea:
887 4162 982 4214 hoc
1007 4159 1228 4217 Canone
1257 4165 1524 4231 complura
1549 4164 1617 4216 ad
1657 4181 1760 4217 ner-

309 4251 397 4286 um
423 4249 466 4285 ci
495 4251 522 4284 a
554 4268 569 4283 .

273 4345 607 4406 Anatolium,
655 4358 847 4410 genere
876 4342 1297 4399 Alexandrinum
1323 4386 1338 4408 ,
1367 4346 1551 4401 Graece
1578 4345 1754 4400 Cano-

190 4434 321 4471 ssem
370 4431 529 4470 suum
576 4413 860 4482 scripsisse
918 4429 1076 4468 nemo
1129 4415 1357 4468 dubitat.
1414 4415 1478 4467 Et
1533 4417 1755 4469 dubium

189 4501 368 4542 omne
414 4484 605 4552 eximit
623 4481 904 4552 Eusebius,
936 4483 1049 4552 iqui
1096 4484 1289 4552 bonam
1342 4485 1505 4549 hujus
1551 4495 1755 4552 partem

190 4555 392 4612 Graece
417 4555 566 4607 citat.
595 4551 905 4608 Versionem
935 4551 1074 4605 hanc
1103 4550 1344 4606 Latinam
1376 4550 1572 4606 Ruﬁno
1606 4569 1758 4622 aeque

191 4638 401 4679 Omnes
453 4623 764 4686 ascribunt,
815 4635 986 4689 eoque
1037 4636 1228 4689 parum
1279 4631 1610 4684 accuratam,
1660 4639 1758 4677 nec

191 4694 340 4753 satis
369 4693 528 4744 ﬁdam
570 4687 915 4747 existimantf
937 4687 1078 4743 Sane
1104 4687 1309 4751 Graca,
1345 4705 1464 4756 quae
1496 4690 1633 4744 libro
1662 4701 1756 4756 vu‘,

192 4778 326 4830 cap.
361 4760 431 4812 26
467 4759 596 4830 βε)
649 4761 898 4830 Historia;
954 4775 1065 4830 sua:
1109 4758 1475 4830 ecclesiasticae
1533 4758 1758 4815 feliciter

195 4827 438 4887 inseruit
464 4827 752 4894 Eusebius,
790 4839 844 4884 et
870 4827 1169 4882 Ruﬁnianis
1219 4829 1466 4882 uberiora
1513 4838 1659 4894 sunt,
1707 4842 1791 4885 et'

195 4903 362 4955 aliter
409 4898 637 4977 subinde
663 4901 971 4977 clariusque
1007 4897 1418 4976 concipiuntur;
1447 4893 1619 4977 ιιι-γει
1649 4893 1760 4969 pri-

197 4987 292 5024 ma
325 4969 728 5035 comparatione
771 4968 940 5023 cuivis
983 4968 1328 5036 perspicuum
1376 4979 1476 5021 est.
1515 4968 1628 5023 Hoc
1655 4968 1760 5023 no-

198 5038 356 5115 mine
389 5052 494 5088 non
521 5050 682 5115 "3.30,
710 5037 881 5091 labem
911 5038 1221 5115 nonnullam
1256 5036 1308 5115 in
1338 5038 1562 5115 hujusce
1588 5037 1759 5092 Cano-

199 5110 288 5162 πει
325 5115 533 5160 textum
579 5110 811 5172 irrepere

204 5185 390 5231 textus
432 5175 549 5235 iste,
587 5172 819 5246 seposita
858 5172 1036 5227 Ruﬁni
1079 5188 1277 5246 parum
1310 5172 1455 5246 certa
1497 5177 1754 5246 interpre-

202 5238 747 5312 tatione,genuirius
772 5242 905 5296 alias
940 5257 1010 5295 ac
1030 5238 1197 5312 verus
1236 5244 1307 5312 sit
1330 5238 1563 5312 Anatolii
1597 5238 1758 5310 fetus,

204 5328 373 5384 quem
424 5309 971 5384 Euseliius_(.'anoncm
1005 5310 1067 5362 de
1089 5309 1367 5376 Paschatc,
1403 5309 1762 5384 Hieronymus

218 5379 477 5434 Yolumen
511 5397 663 5448 super
684 5378 908 5443 Pascha,
938 5388 1151 5431 vocant.

279 5448 360 5499 Ex
395 5451 672 5515 principiis
712 5448 925 5521 quidem
947 5460 1094 5521 sane
1130 5448 1437 5521 paradoxis,
1465 5463 1764 5521 praeterque

201 5513 772 5573 coniniiiiierireoruut
806 5517 896 5586 qui
927 5516 995 5586 de
1016 5513 1277 5586 Paschate
1302 5513 1608 5586 Christiano
1638 5513 1768 5575 scri-

206 5596 440 5657 pserunt
487 5589 792 5657 opinionem
823 5584 1155 5657 constitutis,
1184 5601 1302 5657 quae
1335 5584 1515 5639 Canon
1544 5589 1630 5642 hic
1656 5607 1766 5657 pra:

205 5651 268 5725 se
310 5651 434 5713 fert,
469 5651 633 5709 videri
666 5655 799 5709 forte
833 5654 1003 5724 possit
1033 5651 1365 5725 adulterinus
1397 5665 1447 5707 et
1475 5651 1766 5725 suppositi-

207 5724 359 5780 tius;
401 5733 454 5774 ct
490 5725 716 5780 alterius
748 5721 925 5792 potius
951 5737 1109 5792 quam
1132 5721 1368 5777 Anatolii
1401 5733 1506 5778 tam
1543 5721 1764 5791 laudati;

206 5799 324 5844 tam
373 5793 624 5860 catholici
670 5789 983 5859 scriptoris.
1010 5789 1086 5860 _Ut
1117 5807 1181 5843 ex
1218 5793 1400 5846 multis
1429 5794 1516 5847 hic
1553 5789 1764 5849 interim

208 5875 384 5930 pauca
425 5857 643 5931 seligam
691 5879 705 5914 :
744 5857 964 5915 Pascha:
1007 5857 1339 5916 Dominicam
1398 5863 1524 5918 luna
1575 5877 1766 5933 quarta

1858 4003 1960 4056 nisi
2003 4012 2081 4056 ter
2117 4013 2228 4057 toto
2259 4003 2734 4072 decemnovennali
2782 4005 2932 4072 cyclo
2963 4015 3226 4059 recurrat.
3271 4005 3414 4060 Prasa-

1860 4083 2001 4126 terea
2056 4074 2298 4126 eamdem
2339 4071 2620 4127 Paschatis
2663 4071 2996 4126 Dominicam
3051 4089 3081 4125 a
3113 4090 3209 4127 xui
3266 4076 3413 4136 luna,

1857 4143 2045 4195 saltem
2088 4151 2348 4202 exeunte.
2384 4143 2436 4195 in
2481 4159 2547 4194 xx
2585 4143 2844 4194 duntaxat
2879 4141 3153 4210 diﬁ‘undit;
3201 4145 3414 4196 tametsi

1860 4210 2162 4278 Scriptura,
2196 4219 2252 4263 et
2275 4226 2397 4263 cum
2429 4226 2490 4262 ea
2505 4210 2844 4263 Alexandrini
2877 4211 3018 4264 inter
3047 4225 3184 4278 quos
3213 4213 3416 4268 studuit

1856 4281 2155 4341 Anatolius,
2187 4294 2217 4332 a
2251 4295 2339 4330 xlv
2375 4281 2426 4331 in
2463 4293 2554 4331 xxi
2588 4289 2766 4344 aperte
2798 4289 3122 4347 propagent;
3150 4279 3325 4335 Latini
3360 4281 3413 4335 in

1857 4350 2169 4402 vicesimam
2212 4362 2428 4414 quoque
2471 4348 2762 4400 secundam
2809 4347 3097 4402 extendere
3142 4351 3274 4402 nihil
3318 4366 3415 4403 ve-

1858 4427 2094 4469 reantur.
2114 4415 2208 4486 iAd
2249 4416 2361 4468 haec
2393 4415 2600 4468 litteras
2633 4414 2991 4472 Dominicales
3021 4427 3072 4471 et
3097 4418 3416 4486 bissextum,

1857 4486 2026 4537 aliave
2076 4485 2330 4552 pleraque
2361 4496 2468 4537 tam
2505 4486 2729 4553 confuse
2767 4489 3067 4553 constituit,
3099 4499 3156 4542 ut
3186 4485 3292 4543 non
3320 4490 3419 4543 do-

1858 4555 1926 4606 cti
1976 4554 2206 4627 alicujus
2258 4563 2312 4627 et
2367 4553 2534 4606 sancti
2568 4552 2786 4627 _Patr_i_s,
2840 4552 3060 4623 qualem
3108 4564 3419 4627 supponunt

1859 4639 2046 4696 omnes
2091 4624 2439 4696 Anatolium;
2491 4623 2782 4696 sedurudis
2827 4635 2880 4678 et
2927 4628 3118 4696 ignari,
3172 4623 3417 4696 forteque

1859 4709 1886 4744 a
1920 4695 2138 4747 veritate
2176 4693 2446 4748 catholica
2481 4693 2619 4746 devii
2665 4693 3162 4762 scriptoris'potius
3190 4711 3308 4749 esse
3336 4693 3417 4745 vi-

1858 4762 2075 4834 deatur.
2104 4762 2310 4831 Dequo
2340 4765 2493 4834 plura
2531 4778 2653 4834 mox
2683 4767 2855 4831 capite
2885 4765 3064 4817 tertio.

1874 4841 1886 4853 '
1929 4829 2259 4890 Germanum
2310 4829 2664 4886 nihilominus
2692 4829 2925 4886 Anatolii
2969 4841 3180 4900 partum
3223 4829 3416 4886 fortius
3458 4892 3461 4893 ν

1859 4903 1974 4971 haec
2009 4910 2282 4971 evincunt.
2326 4900 2507 4954 Primo
2536 4900 2753 4954 Eusebii
2786 4901 3134 4971 Caesariensis
3168 4901 3257 4971 qui
3292 4915 3413 4953 eum

1860 4970 2038 5022 videre
2070 4968 2261 5035 potuit,
2290 4971 2608 5032 auctoritas,
2637 4971 2838 5037 quique
2885 4984 2992 5022 non
3020 4970 3156 5022 exile
3188 4968 3416 5023 Cononis

1862 5040 2090 5104 hujusce
2115 5037 2469 5102 fragmentum
2501 5040 2728 5093 Anatolii
2769 5038 3236 5107 nomineprolert,
3261 5041 3419 5107 plane

897 5106 1117 5159 otuisse.
1164 5104 1268 5158 Sed
1313 5104 1540 5175 quazstio
1576 5117 1658 5161 est
1692 5126 1758 5162 an
1795 5122 1835 5175 ι)
1863 5109 1987 5162 huic
2027 5108 2289 5174 opusculo
2336 5107 2635 5175 conforme,
2672 5107 2773 5159 nisi
2810 5106 2897 5158 ubi
2934 5104 3064 5160 ﬁdes
3091 5104 3307 5162 vacillat
3336 5110 3420 5162 in-

1866 5177 2128 5247 terpretis.
2155 5176 2315 5247 idem
2345 5174 2472 5229 facit
2503 5188 2556 5229 et
2586 5176 2746 5238 Beda,
2780 5175 2934 5247 initio
2967 5175 3126 5230 libelli
3158 5177 3419 5247 Deia’qui-

1867 5243 2042 5299 noctib
2059 5253 2105 5294 et
2132 5243 2192 5296 de
2218 5246 2416 5297 ratione
2447 5256 2751 5312 temporum,
2782 5246 2954 5310 capite
2978 5256 3193 5313 quarto.
3221 5243 3420 5301 Deinde

1864 5317 2193 5369 Colmannns
2233 5315 2530 5382 Scotorum
2586 5314 2901 5382 episcopus,
2969 5317 3110 5381 apud
3165 5318 3415 5369 eumdem

1867 5385 2060 5437 Bedam
2094 5383 2229 5434 libro
2262 5399 2318 5434 ιιι
2349 5382 2598 5436 Historiis
2626 5381 2906 5450 Anglorum
2929 5382 3290 5443 ecclesiastica:
3333 5399 3424 5440 suo,

1907 5456 1976 5505 ite
2013 5450 2102 5513 ΞΒ,
2136 5453 2441 5506 Anatolium
2479 5452 2672 5510 virum,
2727 5451 2924 5513 ut'ait,
2971 5450 3215 5505 sanctum
3263 5457 3414 5503 et‘ln

1891 5519 2094 5576 iisturia
2146 5523 2507 5574 ecclesiastica
2557 5519 3022 5584 laudatissimum,
3074 5522 3138 5571 ah
3171 5537 3258 5572 xw
3292 5521 3416 5571 luna
3457 5558 3463 5564 .

1869 5592 1932 5644 ad
1965 5606 2033 5640 xx
2061 5588 2266 5642 Pascha
2300 5590 2675 5644 celebrandum
2707 5590 2991 5643 tradidisse
3019 5589 3230 5645 asserit.
3262 5586 3416 5652 Quod

1870 5661 2048 5712 etiam
2083 5661 2381 5713 catholicus
2433 5657 2727 5727 Anglorum
2791 5659 3067 5727 presbyter
3113 5655 3412 5727 “filii-idus.

1870 5737 2054 5780 contra
2099 5728 2451 5783 Colmannum
2485 5742 2578 5792 pro
2609 5725 2867 5781 Paschate
2892 5725 3255 5778 Alexandrino
3301 5727 3414 5776 dis-

1873 5805 2065 5862 putans
2098 5839 2112 5860 ,
2145 5815 2248 5849 non
2282 5799 2437 5847 niodo
2468 5797 2734 5857 admittit,
2756 5798 2848 5850 sed
2898 5804 2950 5848 et
2979 5797 3199 5864 insuper
3222 5794 3292 5864 ab
3320 5807 3414 5842 xui

1875 5868 1999 5919 luna
2040 5869 2104 5920 ad
2134 5881 2413 5933 vesperum
2450 5865 2674 5918 subinde
2703 5865 2907 5920 Pascha
2937 5863 3127 5921 Scotos
3169 5863 3416 5919 inchoare
