4104 6350
188 403 287 458 2'35

1142 401 1206 454 IN
1243 401 1299 458 s.
1338 362 1657 456 auarum
1691 400 2015 456 canones
2048 399 2474 457 PASCHALEM.

3293 401 3401 460 Μ

187 497 414 574 Anatolii
447 527 657 572 textum
700 518 767 589 a_d
797 518 985 589 synodi
1016 517 1337 589 sententiam
1366 518 1569 589 saltem
1607 533 1733 588 pro-
1762 523 1809 578 Α
1836 517 1912 589 ta)
1937 518 2078 587 quod
2105 526 2185 589 est
2221 512 2528 589 tequinoctii
2541 527 2937 589 transgressus;
2977 516 3097 589 (teet
3128 516 3196 570 ad
3224 533 3403 572 seruat

188 589 329 641 xime
368 598 673 641 revocaret.
723 585 995 642 Posterius
1019 588 1201 654 priore
1234 585 1447 641 facilius
1491 596 1547 641 et
1576 585 1735 642 accc-

186 657 328 725 ptius
370 656 621 711 credidit.
653 654 763 711 Nec
807 670 935 723 vero
970 656 1167 725 desunt
1209 658 1503 722 etiamnum
1553 658 1737 724 aliqua

190 724 554 794 Corruptionis
588 726 750 779 illata
772 724 1020 793 vestigia.
1062 724 1197 778 Nam
1230 725 1398 794 codex
1436 726 1739 779 manuscri-

189 804 308 915 ptns
332 792 411 859 ‘ex
446 810 557 864 quo
589 795 705 848 haec
738 792 1144 862 exscripsimus,
1167 809 1259 847 vui
1282 792 1547 846 Kalendas
1580 795 1736 862 Apri-

210 880 281 915 es.
310 878 379 915 ex
408 880 534 915 vera
585 878 649 915 ac
674 864 846 915 prima
888 864 1136 915 lectione.
1172 877 1276 915 non
1304 878 1377 915 ιι.
1413 864 1558 915 clare
1586 863 1736 915 exhi-

210 880 281 926 es,
310 878 379 931 ex
408 863 534 918 vera
585 878 649 916 ac
674 864 846 931 prima
888 864 1136 927 lectione,
1172 877 1276 916 non
1304 878 1377 926 ιι,
1413 864 1558 917 clare
1586 863 1739 916 exhi-

329 924 574 988 Tamctsi
605 924 721 986 ιιιι
750 930 924 1003 Dystri
956 932 1095 991 diem
1120 924 1187 985 ex
1213 924 1376 999 prava
1402 934 1738 989 correctione

185 1012 441 1055 retineat.

248 1069 516 1137 Ceterum
544 1085 643 1123 cur
666 1067 949 1133 Eusebius,
981 1079 1074 1123 aut
1115 1069 1161 1122 si
1188 1068 1311 1136 quis
1345 1069 1503 1133 alius,
1536 1070 1739 1122 Anato-

182 1138 334 1209 lium
366 1138 639 1209 corrigere
684 1153 990 1209 aggressus,
1028 1153 1154 1209 exxn
1203 1140 1417 1209 potius,
1453 1153 1735 1209 quamxxt

182 1206 390 1280 ρει-ιιι,
440 1204 541 1280 ιιιςό
580 1223 682 1280 _x_xv
722 1204 1232 1280 substituerlt,-_non
1279 1208 1411 1280 satis
1456 1204 1734 1280 pervideo.

181 1274 397 1330 Nicana
434 1273 720 1345 :siquidem
767 1278 1006 1345 synodus
1065 1276 1131 1329 ad
1171 1273 1349 1345 Martii
1379 1273 1471 1345 xxi
1519 1289 1611 1327 seu
1638 1290 1735 1337 xu,

182 1359 292 1398 Ion
325 1360 379 1397 ιι
408 1342 673 1413 lialéndas
700 1342 907 1413 Apriles
939 1344 1318 1413 equinoctium
1362 1343 1546 1406 aﬂixit,
1576 1352 1631 1397 et
1663 1344 1736 1397 ita

180 1414 438 1482 deinceps
461 1412 697 1467 Ecclesia
733 1412 972 1467 retinuit.

129 1550 132 1551 ν
180 1480 393 1535 videtur
438 1483 753 1551 Anatolius,
788 1483 1035 1551 quando
1080 1483 1195 1549 ipsa
1238 1480 1413 1551 Martii
1453 1496 1582 1543 xxv,
1626 1497 1734 1549 qua

181 1562 341 1604 suum
385 1551 476 1605 ille
514 1551 673 1606 civile
710 1550 823 1620 ﬁgit
844 1552 1252 1618 mquinoctium,
1281 1550 1449 1620 solem
1478 1551 1531 1602 in
1561 1551 1738 1620 primo

181 1620 605 1673 dodecatemorii
644 1618 954 1689 segmento,
1004 1628 1251 1687 quartam
1295 1618 1407 1687 jam
1442 1620 1582 1673 diem
1616 1619 1736 1671 δια-

179 1689 544 1758 πορευόμενον
558 1703 674 1758 γεευῄ
705 1697 1138 1756 praetergressum
1184 1702 1306 1742 esse
1354 1703 1419 1742 ac
1452 1701 1738 1756 superasse

180 1766 364 1826 aperte
387 1756 612 1820 scribit,
664 1756 894 1810 inuuens
940 1758 1182 1826 quintam
1229 1765 1359 1826 tunc
1399 1770 1735 1826 percurrere.

224 1841 365 1905 eque
396 1826 710 1915 satisfaciet,
740 1827 844 1915 quii-
862 1825 1004 1879 tlicet
1023 1825 1290 1915 Etolemaai
1318 1825 1625 1915 opinionem
1651 1826 1733 1906 νῇ·
1765 1860 1810 1915 Β

178 1892 292 1949 deri
340 1905 587 1951 secutum
636 1892 965 1948 Anatolium.
1023 1892 1135 1948 Cur
1166 1896 1311 1948 enim
1355 1892 1467 1957 ille,
1514 1895 1559 1948 si
1602 1894 1736 1949 scri-

178 1965 349 2033 ptoris
404 1964 606 2019 etluiici
652 1973 705 2017 et
756 1964 858 2016 150
890 1964 1053 2033 annis
1097 1964 1382 2018 anterioris
1426 1964 1735 2032 opinionem

178 2032 520 2101 Sequeretur,
553 2033 717 2086 solem
754 2049 860 2085 xxv
886 2032 1060 2086 Martii
1088 2042 1336 2100 quartam
1360 2034 1737 2086 dodecatemo-

179 2102 243 2154 rii
280 2104 680 2170 primi‘partem
723 2102 832 2169 jam
866 2103 1203 2167 percurrisse,
1243 2111 1293 2154 et
1326 2117 1433 2157 non
1467 2102 1644 2169 potius
1667 2117 1732 2153 ex

176 2172 419 2238 ejusdem
478 2184 638 2223 sensu
682 2186 981 2237 percurrere
1021 2171 1292 2224 dixisset?
1332 2171 1412 2222 An
1449 2178 1629 2223 tantus
1656 2171 1734 2221 vir

179 2241 232 2293 in
274 2249 385 2292 tam
420 2239 531 2292 acri
572 2240 749 2291 studio
794 2241 857 2291 ad
892 2239 1013 2293 εωιί
1039 2248 1092 2292 et
1116 2239 1515 2306 horologiorum
1553 2247 1733 2292 motus

176 2324 282 2361 non
308 2307 637 2361 attenderit?
667 2306 858 2360 Verum
901 2308 1161 2375 quidquid
1195 2308 1262 2360 de
1285 2310 1388 2360 hoc
1414 2307 1589 2361 subsit
1617 2313 1734 2374 (pa-

172 2393 295 2437 rum
337 2382 484 2429 enim
539 2377 804 2444 interest),
852 2374 1063 2439 certum
1085 2385 1169 2428 est
1201 2374 1508 2428 Anatolium
1543 2390 1648 2428 non
1678 2377 1730 2428 in

177 2447 354 2513 primo
398 2446 559 2513 primi
616 2444 876 2514 segmenti
925 2448 1093 2513 gradu
1145 2446 1527 2512 aequinoctium
1578 2445 1733 2500 civile

176 2515 543 2584 constituem;
590 2515 685 2568 sed
714 2514 795 2567 vel
829 2515 879 2567 in
898 2514 1116 2584 quinto,
1151 2526 1209 2567 ut
1233 2514 1575 2584 nosquidem
1609 2529 1732 2581 pro-

177 2583 411 2637 babilius
441 2584 850 2648 existimamus;
884 2584 963 2636 vel
987 2590 1155 2645 certe,
1186 2592 1245 2635 ut
1280 2583 1395 2648 alii,
1426 2583 1479 2635 in
1503 2593 1729 2651 quarto;

175 2655 317 2706 sicut
369 2652 640 2707 limitarem
668 2661 737 2706 “et
774 2651 1036 2705 Metonem
1091 2652 1145 2704 in
1194 2662 1420 2715 octavo,
1475 2660 1529 2704 et
1552 2651 1732 2706 Eudo-

174 2736 302 2775 xum
336 2737 402 2776 ex
428 2721 644 2786 Gemini
668 2722 931 2775 sententia
968 2721 1020 2773 in
1048 2730 1201 2775 sexto
1232 2721 1602 2781 constituisse.
1636 2737 1731 2776 su-

172 2805 270 2911 p!ra
294 2791 351 2845 in
366 2800 618 2871 tractatu
648 2790 723 2844 De
757 2789 1068 2849 Judaorum
1089 2806 1225 2842 anno
1250 2792 1423 2859 capite
1454 2790 1612 2844 tertio
1637 2793 1725 2846 de-

174 2875 203 2911 c
227 2875 533 2911 arsvtmus.
951 2870 955 2876 '
1416 2878 1424 2886 -

174 2870 533 2913 ctaravimus.
951 2870 955 2876 ’
1416 2878 1424 2886 “

239 2928 573 2997 Priusquam
619 2936 781 2997 caput
831 2927 934 2982 hoc
981 2928 1133 2991 ﬁnio,
1166 2928 1584 2983 consideret-hic
1612 2943 1726 2982 me-

171 3013 295 3052 cum
346 3001 514 3051 lector
541 3037 557 3061 ,
625 3014 753 3051 num
814 2998 1180 3065 Alexandrina:
1234 2998 1431 3052 scholae
1481 2998 1731 3052 doctores

169 3070 562 3136 aequinoctium
594 3066 751 3120 civile
775 3068 828 3119 in
859 3068 1030 3119 Martii
1058 3082 1161 3119 xxv
1184 3068 1290 3121 huc
1312 3082 1483 3135 usque
1512 3080 1619 3119 non
1645 3081 1730 3120 re-

170 3138 455 3199 liuuerinl,
484 3137 722 3204 quando,
756 3136 848 3204 qui
877 3136 1015 3187 inter
1061 3150 1155 3189 eos
1197 3149 1303 3188 non
1356 3136 1574 3189 intimus
1612 3144 1729 3189 erat

123 3262 127 3265 ,
168 3207 483 3264 Anatolius,
527 3214 636 3256 tam
690 3204 945 3257 tenaciter
990 3214 1055 3257 eo
1104 3204 1192 3257 die
1240 3204 1475 3268 retinet;
1516 3204 1728 3271 tametsi

168 3276 367 3340 quinto
402 3275 615 3343 (saltem
644 3275 856 3343 quarto)
874 3272 1055 3343 _primi
1076 3272 1500 3343 dodecatemorii
1539 3274 1729 3339 gradui

166 3340 502 3411 respondere
532 3342 827 3410 pervident.
861 3340 1088 3411 Quodsi
1115 3350 1220 3411 est,
1248 3350 1377 3411 tguc
1403 3355 1620 3409 quoque
1644 3342 1730 3395 di-

165 3408 403 3466 cendum
432 3408 864 3480 Alexandrinum
882 3409 1252 3480 patriarcham
1273 3408 1607 3480 Dionysium,
1637 3411 1729 3464 vix

166 3482 425 3535 undecim
474 3480 635 3533 annis
680 3490 806 3533 ante
855 3478 994 3533 hanc
1022 3479 1258 3532 Anatolii
1298 3478 1726 3533 lucubrationem

165 3550 279 3604 tato
304 3551 578 3608 Iunctum,
600 3549 977 3603 octaeteridem
1002 3564 1154 3614 suam
1174 3546 1478 3616 pasClialem
1494 3550 1561 3601 ad
1584 3549 1727 3603 hunc

162 3619 480 3687 equinoctii
522 3617 832 3680 Caesariani,
868 3634 974 3672 non
1012 3617 1221 3687 ‘Nicaani
1265 3629 1359 3671 aut
1389 3616 1725 3680 Ptolemaici,

163 3683 305 3741 diem
335 3689 627 3755 adaptasse
650 3706 665 3741 :
691 3688 955 3756 siquidem
982 3683 1105 3740 ante
1131 3690 1510 3754 mquinoctium
1535 3698 1590 3741 et
1612 3689 1726 3756 ipse

168 3756 380 3812 Pascha
412 3758 676 3811 celebrari
709 3772 815 3810 non
849 3757 986 3819 vult,
1015 3767 1074 3810 ut
1097 3772 1258 3824 supra
1289 3758 1619 3811 monuimus.

773 3867 1000 3923 CAPUT
1038 3866 1127 3922 ili.

167 3957 404 4013 Termini
426 3960 702 4029 paschales
726 3968 776 4013 et
809 3960 1005 4028 aliquot
1027 3959 1300 4027 paradoxa
1327 3961 1582 4015 Anatolii.
1616 3963 1722 4017 Pa-

228 4032 438 4083 ndusa
470 4032 528 4082 in
544 4031 691 4090 sole;
715 4030 768 4081 in
795 4030 984 4081 litteris
1021 4029 1468 4094 Dominicalibus;
1492 4034 1547 4084 in
1572 4032 1719 4086 luna.

229 4098 568 4171 {’n‘ucipiuan
592 4100 724 4171 cycli
751 4098 895 4150 illius
920 4098 1211 4171 diversum;
1234 4101 1357 4154 item
1378 4104 1545 4171 saltus
1561 4108 1718 4155 ltttttZ.

228 4168 485 4222 Diuersa
513 4168 789 4237 aureorum
810 4182 1139 4237 numerorum
1164 4170 1333 4229 situs;
1354 4170 1558 4221 diversa
1580 4171 1720 4224 lunt:

232 4250 388 4291 tetas-
412 4237 565 4301 'Quid
610 4238 695 4287 hic
726 4235 870 4287 Beda
911 4237 1116 4301 opinari
1149 4237 1404 4288 videatur.
1447 4237 1718 4291 Diversum

231 4318 393 4375 caput
410 4320 464 4359 et
490 4308 613 4372 ﬁnis
643 4305 833 4375 ruentis
858 4305 1021 4375 primi
1054 4319 1146 4355 seu
1170 4306 1449 4375 paschalis.
1486 4304 1718 4358 Anatolii

231 4372 519 4429 Dominicis
546 4373 808 4441 paschalis
832 4390 863 4424 a
887 4387 971 4425 xvi
1002 4372 1128 4424 luna
1148 4375 1215 4424 ad
1234 4390 1323 4426 xx.
1350 4372 1563 4425 Putavit
1583 4380 1720 4427 Ana-

228 4448 393 4498 tolius
428 4444 583 4495 asinis
617 4457 705 4494 ιιι
737 4452 792 4492 ut
829 4444 1029 4511 lunam,
1060 4443 1135 4492 ita
1161 4450 1211 4493 et
1253 4443 1581 4495 Dominicam
1630 4460 1720 4511 pa-

1049 1414 1141 1466 uin
1168 1413 1239 1465 ita
1265 1427 1479 1480 quoque
1500 1414 1738 1467 sensisse
1762 1464 1763 1467 η

1841 588 2037 651 lumen,
2067 587 2123 639 id
2144 597 2222 641 est
2244 597 2419 640 ortum
2448 587 2596 649 solis,
2622 596 2673 639 et
2696 588 2798 638 diei
2820 587 3136 655 principium
3163 603 3264 639 non
3282 602 3405 655 per-
3429 626 3433 631 .

1843 658 2087 726 tenderit,
2119 667 2296 709 tanien
2323 666 2437 722 post
2473 672 2526 709 se
2560 658 2795 726 tenebras
2824 654 3290 726 noniderelinquit.
3324 654 3401 715 Ita

1841 724 1959 788 ille;
1991 726 2191 793 quibus
2236 726 2475 778 citimam
2526 723 2681 778 suam
2730 725 3033 792 paschalem
3066 723 3401 780 Dominicam

1840 794 2058 863 uotiuisi
2100 794 2339 863 secundo
2384 794 2453 863 ab
2480 793 2805 863 aequinoctio
2837 794 3128 848 commisso
3150 793 3257 861 die,
3302 809 3403 851 seu

1840 861 2018 917 Martii
2051 862 2217 925 xxvii,
2247 862 2547 929 constituit.

1909 929 1965 983 2°
2028 930 2257 984 Litteras
2306 929 2667 998 Dominicales
2710 939 2762 985 et
2807 930 3043 986 bissexta
3092 930 3403 998 longealia

1840 1000 2052 1053 ratione
2082 1001 2373 1067 dispensat.
2405 997 2539 1053 Nam
2588 1014 2619 1053 e
2667 1001 3037 1054 novemdecim
3091 997 3253 1054 annis
3286 1002 3401 1056 bis-

1842 1071 2062 1123 sextiles
2088 1069 2348 1121 duntaxat
2373 1068 2512 1122 duos
2540 1068 2711 1136 ponit,
2743 1083 2817 1120 vn
2848 1069 3065 1123 scilicet
3094 1079 3147 1123 et
3174 1084 3308 1135 xvn,
3343 1077 3406 1125 ut

1841 1137 1895 1191 in
1928 1138 2110 1192 tabula
2139 1138 2258 1205 ejus
2290 1138 2528 1206 paschali
2560 1138 2742 1191 videre
2777 1145 2879 1191 est.
2912 1137 3074 1206 Atqui
3109 1152 3204 1191 xix
3246 1140 3407 1195 annis

1880 1216 2095 1269 uatuor,
2115 1215 2175 1259 ut
2204 1206 2506 1271 minimum,
2523 1206 2752 1259 subinde
2775 1207 3015 1275 quinque
3042 1209 3413 1273 conveniunt,

1887 1290 2086 1343 umque
2130 1276 2478 1345 septuaginta
2520 1290 2616 1329 sex
2662 1275 3157 1345 annisbisscxtiles
3182 1278 3406 1332 omnino

1842 1359 1934 1398 ιιι
1964 1343 2407 1413 ἰιιιριιιειιιιιιίει
2432 1344 2552 1412 ejus
2584 1344 2828 1398 doctrina
2857 1343 3074 1413 nonnisi
3106 1352 3231 1398 octo
3253 1353 3423 1399 com-"

1840 1410 2103 1480 peterent.
2124 1410 2211 1483 illa
2242 1410 2720 1483 annum:solarem
2768 1413 2836 1466 ab
2869 1410 3085 1467 Juliano
3126 1414 3404 1483 diversum
3468 1446 3469 1449 η

1841 1490 2101 1550 tantoque
2121 1482 2420 1535 breviorem
2456 1481 2583 1536 facit
2609 1522 2622 1534 .
2651 1496 2716 1534 ac
2738 1483 2963 1550 proinde
2984 1483 3265 1550 paschales
3288 1481 3403 1537 Do?-

1840 1539 2069 1603 minicas
2117 1551 2256 1604 veris
2304 1549 2600 1611 diﬂ‘ormes,
2635 1539 2863 1619 quaEque
2894 1539 3090 1618 saepius
3133 1552 3186 1604 in
3236 1548 3403 1610 ferias
3536 1539 3541 1545 ’

1841 1619 2113 1687 simplices
2162 1620 2466 1689 incurrunt,
2515 1618 2976 1689 instituit._Certe
3018 1620 3234 1674 nonnisi
3266 1637 3405 1689 qus—

1840 1686 1965 1749 tuor
2010 1688 2281 1756 prioribus
2325 1686 2868 1742 enneadecaetcridos
2918 1702 3031 1741 suae
3062 1690 3241 1751 annis,
3270 1686 3433 1744 item‘

1840 1758 2074 1826 septimo
2101 1765 2156 1810 et
2185 1764 2375 1810 octavo
2402 1771 2526 1810 cum
2550 1756 2775 1809 veritate
2800 1756 3091 1823 consentit,
3131 1758 3246 1821 nisi,
3261 1758 3403 1815 forte

1839 1840 1970 1879 casu
2002 1826 2241 1893 juvetur.
2482 1890 2491 1893 Α
2631 1891 2640 1893 4
3056 1891 3064 1893 Α
3144 1890 3163 1893 Α
3226 1838 3237 1893 ξ

1908 1894 1976 1946 ln-
2005 1890 2137 1947 luna
2185 1905 2315 1962 vero
2350 1890 2527 1961 magis
2572 1891 2968 1962 etiam_diﬂ'ert
2998 1906 3013 1941 :
3048 1891 3100 1944 1°
3130 1890 3267 1958 Quia
3301 1894 3401 1962 qui

1834 1961 2372 2016 enneadecaeteridos
2417 1957 2625 2029 primus
2670 1957 2772 2027 ipsi
2808 1971 2891 2029 est
2926 1975 3135 2023 annus,
3160 1957 3398 2017 Alexan-

1834 2032 2005 2101 drinis
2030 2040 2115 2101 est
2141 2028 2482 2101 undecimus,
2516 2029 2724 2101 Latinis
2749 2039 2801 2101 et
2830 2028 3073 2101 Victoria
3097 2040 3281 2097 nostro
3307 2048 3401 2087 se.—
3466 2088 3473 2094 ,

1833 2100 2063 2154 cundus.
2091 2099 2171 2152 Ab
2211 2099 2356 2151 anno
2397 2100 2662 2168 siquidem
2688 2099 2927 2166 vulgaris
2951 2099 3153 2169 Christi
3178 2103 3399 2169 epochm
3449 2148 3451 2150 .

1832 2169 2179 2239 276~7cyclum
2211 2183 2368 2239 suum
2403 2169 2634 2229 orditur,
2669 2178 2791 2239 octo
2820 2178 2945 2223 ante
2972 2168 3398 2239 Alexandrinum

1835 2237 2016 2301 annis,
2048 2249 2110 2291 ut
2135 2238 2411 2305 deinceps,
2438 2251 2503 2291 ac
2533 2237 2835 2306 praesertim
2870 2239 3045 2305 capite
3086 2238 3121 2291 4
3167 2240 3397 2294 demon-
3474 2280 3479 2285 .

1834 2316 2094 2362 stramns.
2590 2333 2596 2339 ε

1901 2376 1958 2429 2°
1995 2375 2182 2430 Diﬂ‘ert
2222 2375 2277 2428 in
2311 2374 2449 2429 saltu
2502 2374 2663 2429 lunae.
2694 2374 2850 2431 Hunc
2874 2378 3017 2430 enim
3046 2376 3398 2432 Alexandrini
3428 2420 3433 2423 .
3470 2420 3475 2425 .

1833 2459 1976 2499 anno
2006 2445 2262 2516 cyclisui
2290 2443 2797 2516 decemnovennalis
2824 2462 2938 2502 xix.
2968 2447 3059 2514 qui
3087 2455 3170 2516 est
3195 2443 3421 2513 Roma-_

1832 2513 2445 2568 norum'hodiernorum
2476 2513 2702 2581 primus,
2740 2513 3109 2577 constituunt;
3136 2514 3314 2570 Latini
3344 2522 3402 2571 et
3464 2534 3467 2537 '

1832 2581 2106 2637 Victorius
2136 2598 2227 2635 xv:
2259 2597 2380 2644 suo,
2409 2582 2525 2651 ipse
2557 2598 2647 2636 xiv
2681 2586 2805 2637 item
2840 2598 2939 2636 suo
2986 2593 3043 2636 ut
3071 2598 3137 2637 ex
3170 2585 3289 2652 ejus
3315 2593 3399 2638 ta-

1832 2653 1957 2707 bula
1989 2660 2165 2720 patet;
2195 2665 2317 2720 quae
2348 2665 2413 2720 eo
2432 2650 2587 2704 anno
2613 2651 2681 2704 ab
2710 2667 2805 2720 vui
2841 2652 2893 2706 in
2924 2667 2992 2705 xx
3023 2650 3219 2720 saltum
3246 2650 3396 2708 facit."

1832 2720 1907 2775 De
1936 2718 2045 2789 quo
2077 2718 2237 2774 etiam
2270 2719 2505 2791 Cyr-illus
2534 2720 2733 2791 aliquid
2765 2719 2792 2791 ᾗ
2820 2721 2857 2791 ι
2884 2730 2938 2774 et
2982 2721 3012 2791 7
3041 2722 3125 2791 sui
3156 2718 3393 2791 Prologi,
3488 2784 3493 2789 1

1830 2788 2046 2843 tametsi
2093 2803 2384 2857 suppresso
2431 2788 2663 2857 Anatolii
2715 2788 2954 2853 nomine,
2987 2789 3258 2855 insinuat;
3294 2788 3394 2844 ex-

1868 2860 2069 2914 ressius
2100 2856 2277 2927 autem
2304 2856 2539 2927 BedaDe
2567 2860 2769 2911 ratione
2800 2868 3109 2926 temporum,
3143 2874 3261 2927 cap.
3281 2860 3349 2911 40
3373 2877 3390 2914 :

1829 2874 2069 2979 gessms
2100 2874 2277 2911 autem
2304 2874 2539 2911 bonaque
2567 2874 2769 2911 ratione
2800 2874 3109 2926 temporum,
3143 2874 3261 2927 cap.
3281 2874 3349 2911 su
3373 2877 3390 2914 :

1882 2927 2085 2995 enique,
2112 2928 2207 2990 ait,
2238 2926 2541 2991 Anatolius,
2575 2928 2667 2995 qui
2696 2928 2959 2980 verissime
2996 2928 3050 2980 in
3082 2931 3394 2997 aquinoctio
3430 2976 3433 2979 γ

1827 3012 1980 3049 νει·ηο
2010 2997 2222 3049 initium
2257 2997 2511 3059 mensium
2540 3006 2588 3048 et
2617 3006 2776 3064 caput
2804 2997 2990 3049 circuli
3021 2999 3182 3050 totius
3210 2998 3393 3051 termi-

1829 3081 2051 3133 numque
2076 3065 2327 3130 decernit,
2361 3081 2464 3117 non
2486 3066 2595 3133 ipse
2618 3067 2835 3118 hancin
2862 3068 3054 3133 capite,
3081 3076 3139 3118 nt
3161 3064 3391 3121 Βοττιαηί
3424 3070 3427 3071 ⁷

1829 3135 2053 3197 scilicet,
2076 3134 2154 3205 uel
2179 3134 2301 3203 ﬁne,
2334 3145 2392 3205 ut
2415 3133 2675 3205 Egyptii,
2704 3136 2786 3189 sui
2816 3137 3000 3188 circuli
3026 3138 3393 3195 decemnouen-s

1835 3205 1995 3267 nalis,
2016 3204 2105 3257 sed
2134 3202 2187 3256 in
2214 3219 2303 3275 xlv
2328 3204 2441 3271 ejus
2465 3202 2742 3275 anno,qui
2769 3214 2845 3257 est
2869 3207 3086 3257 ultimus
3114 3202 3414 3275 ogdoadis,-

1833 3276 2175 3327 mutationem
2206 3273 2346 3327 lunt:
2368 3275 2540 3340 posuit
2567 3288 2585 3325 .'
2614 3274 2810 3341 faciens
2843 3276 2993 3326 illam
3021 3273 3295 3327 ascendere
3325 3277 3392 3328 a's

1831 3357 1929 3394 vm
1960 3343 2015 3394 in
2050 3358 2138 3395 xx.
2170 3342 2295 3396 Haec
2325 3345 2434 3396 ille.
2468 3341 2605 3395 Hinc
2632 3344 2707 3406 lit,
2740 3352 2796 3397 nt
2823 3343 2970 3395 aurei
3002 3344 3216 3397 numeri
3244 3345 3391 3397 Ana-

1832 3411 2022 3481 t_oliani
2054 3426 2087 3465 a
2119 3428 2206 3465 ινι
2238 3412 2304 3465 ad
2341 3427 2432 3464 ιιι
2476 3426 2694 3465 sursum
2727 3426 2836 3464 uno
2865 3411 2951 3464 die
2979 3411 3032 3463 in
3058 3409 3392 3468 Kalendario
3448 3412 3457 3455 Γ

1829 3477 2044 3549 Iuliano
2069 3489 2510 3549 promoveantur.

1899 3550 1955 3603 5‘.‘
1995 3548 2226 3605 Dissidet
2260 3550 2314 3602 in
2348 3549 2466 3616 ipso
2515 3563 2803 3602 aureorum
2851 3562 3204 3603 numerorum
3253 3549 3385 3615 situ,

1830 3626 1905 3689 et,
1924 3621 2069 3688 quod
2096 3619 2217 3672 inde
2243 3619 2504 3689 sequitur,
2524 3619 2575 3670 in
2607 3627 2761 3689 aetate
2786 3618 2926 3672 lunai
2957 3616 3385 3689 determinanda.

1836 3687 1969 3741 Naui
1997 3704 2122 3743 cum
2155 3704 2260 3741 xxx
2290 3687 2464 3740 Martii
2498 3689 2584 3741 die
2614 3687 2823 3758 eyclum
2853 3703 3011 3758 suum
3038 3687 3271 3755 primum
3303 3690 3388 3744 bis

1828 3773 2083 3826 expresse
2108 3759 2401 3826 componit,
2424 3760 2589 3811 semel
2603 3756 2796 3828 ⁸ιειιιιε
2825 3759 2907 3811 sui
2935 3756 2967 3828 δ
2996 3758 3085 3822 ll,
3110 3772 3303 3811 rursus
3330 3758 3387 3814 in

1828 3828 2023 3881 tabulae
2050 3842 2161 3881 suae
2182 3842 2325 3879 anno
2359 3828 2549 3897 primo.
2586 3826 2691 3891 Qui
2731 3842 2852 3881 cum
2886 3826 3206 3897 respondeat
3230 3830 3386 3897 cyclo

1824 3897 2419 3957 Alexandrinorumxt,
2450 3894 2765 3948 Latinorum
2813 3894 3073 3961 secundo,
3103 3894 3387 3951 illum'tri-

1826 3966 1953 4026 duo,
1980 3966 2143 4018 biduo
2175 3963 2319 4018 hunc
2348 3973 2630 4032 prtevertat
2676 3978 2957 4017 necessum
3000 3975 3105 4018 est.
3146 3964 3288 4021 Idem
3318 3967 3385 4019 de

1788 4042 1791 4045 ’
1826 4036 2034 4088 caeteris
2066 4034 2224 4087 annis
2262 4034 2522 4099 judicium
2567 4042 2683 4095 est;
2729 4047 2961 4100 quorum
2997 4035 3133 4087 situs
3171 4040 3227 4088 et
3248 4043 3381 4088 aetas

1824 4113 1934 4156 tam
1962 4119 2029 4157 ex
2060 4103 2461 4168 comparatione
2509 4116 2632 4154 cum
2685 4103 2857 4169 primo
2880 4103 2991 4169 jam
3019 4103 3190 4164 dicto,
3214 4116 3379 4169 quam
3476 4138 3481 4143 η

1823 4186 1891 4224 ει
1934 4171 2129 4223 tabula:
2160 4166 2451 4239 paschalis
2474 4166 2708 4223 Anatolii
2739 4166 2899 4223 Viersu
2947 4166 3380 4239 perpendiciulari

1820 4250 2015 4306 quarto
2044 4249 2097 4291 et
2128 4239 2316 4291 ultimo
2346 4238 2566 4306 perinde
2592 4239 2899 4307 colligitur;
2937 4241 3073 4294 saltu
3107 4249 3281 4303 tamen
3309 4239 3405 4307 ad,

1821 4308 2144 4375 posteriores
2169 4322 2262 4359 sex
2290 4307 2515 4361 canonis
2550 4322 2721 4360 annos
2747 4308 3019 4375 adjuncto.
3054 4307 3173 4372 Quo
3210 4310 3291 4374 lit,
3317 4318 3379 4363 ut

1820 4376 2055 4447 Anatolii
2081 4376 2220 4430 lunae
2234 4376 2627 4447 Alexandrinas
2649 4378 2963 4447 plerumque
2989 4376 3379 4447 biduoet'riduo-
3466 4411 3469 4413 ι

1821 4459 1905 4509 ve,
1935 4443 2151 4513 Latinas
2178 4460 2287 4498 uno
2316 4443 2505 4499 saltem
2532 4443 3047 4513 dim—nonnunquam
3079 4443 3270 4507 biduo,
3289 4460 3377 4509 ιιι-
3412 4458 3416 4460 ⁷

229 4515 463 4567 scholam
496 4516 625 4583 inse
650 4511 857 4583 revolvi.
883 4510 1071 4579 Cyclas
1098 4511 1329 4583 Anatolii
1350 4527 1467 4563 cum
1494 4508 1721 4566 Alexan-
1750 4513 1794 4568 D
1821 4508 2036 4567 riSsime
2063 4514 2238 4567 triduo
2265 4508 2778 4582 prtecurrant.Cycli
2796 4508 3260 4583 quidem‘Anatolii
3278 4508 3378 4578 ιιι,

228 4585 512 4635 drinorum
559 4577 966 4649 Lalinoruntqn—e
1011 4580 1171 4648 cyclts
1208 4583 1444 4649 aureisve
1489 4584 1716 4637 nunteris

229 4652 573 4720 Compositis.
597 4647 759 4719 'Cycli
780 4647 1087 4703 Anatoliani
1115 4651 1167 4702 in
1195 4648 1520 4703 Kalenda'rio
1543 4652 1721 4720 dispo-

228 4722 380 4775 sitio.
1114 4728 1119 4731 “

229 4793 274 4845 Δ
304 4789 523 4844 caeteris
557 4789 914 4856 computistis,
937 4799 1050 4843 tam
1071 4789 1275 4843 Latinis
1297 4804 1458 4858 quam
1482 4788 1717 4844 Alexan-

164 4859 359 4925 drinis,
386 4860 442 4911 in
472 4858 586 4913 sole
611 4865 662 4910 et
699 4859 823 4910 luna
854 4862 1077 4913 multum
1109 4860 1283 4912 differt
1312 4858 1606 4913 Anatolius.

231 4930 285 4983 In
318 4929 438 4984 sole
468 4927 684 4997 quidem
719 4944 733 4979 :
763 4934 818 4997 _t_°
834 4931 955 4994 quia
986 4932 1367 4997 aequinoctium
1395 4928 1571 4997 civile,
1608 4943 1714 4983 nou

166 5009 221 5051 ut
262 4992 621 5053 Alexandrini
666 5004 721 5048 et
763 4992 974 5065 Melana
1018 4992 1277 5065 synodus,
1311 4998 1365 5049 in
1395 4996 1570 5049 Martii
1601 5014 1713 5062 ιιι,

165 5078 271 5133 aut,
290 5079 351 5122 ut
376 5067 562 5121 Latini
590 5065 750 5133 prisci
778 5062 899 5117 cum
928 5062 1145 5127 ludatis,
1167 5069 1219 5118 in
1243 5082 1393 5127 xvui,
1417 5067 1509 5119 sed
1534 5067 1588 5119 in
1613 5084 1716 5123 xxv

166 5154 283 5193 cum
308 5138 531 5192 stare
562 5136 824 5194 decernit,
860 5144 917 5187 ut
938 5136 1053 5202 jam
1080 5136 1329 5189 vidimus.
1372 5134 1479 5187 Nec
1505 5145 1628 5190 ante
1652 5139 1715 5189 il-

167 5205 271 5270 iud,
308 5222 412 5261 nec
460 5207 514 5259 in
569 5204 681 5267 illo,
726 5203 821 5256 sed
864 5218 963 5255 nec
1004 5204 1261 5272 postridie
1303 5205 1519 5271 quidem
1570 5206 1714 5259 illius

167 5273 366 5330 Pascha
417 5273 697 5343 celebrari
725 5272 839 5324 vult
870 5281 1059 5343 {tanta
1104 5272 1265 5343 inest;
1290 5273 1364 5324 illi
1404 5277 1711 5343 aequinoctii

165 5345 317 5397 etiam
343 5345 526 5399 civilis
549 5340 697 5398 certo
731 5340 1064 5395 transiliendi
1097 5341 1426 5396 sollicitudo.
1464 5340 1711 5405 Quandiu

168 5416 257 5479 (ait
287 5413 315 5484 ς
341 5413 399 5482 6)
436 5412 713 5482 equalitas
745 5412 881 5484 inter
912 5410 1077 5484 lucem
1101 5418 1151 5462 et
1177 5409 1413 5484 tenebras
1437 5412 1707 5484 perdurat,

167 5498 250 5535 nec
275 5479 312 5535 ᾶ
334 5479 457 5535 luce
480 5479 761 5544 diminuta,
794 5479 1000 5535 Pascha
1036 5494 1146 5531 non
1182 5494 1291 5530 esse
1333 5481 1710 5534 immolandum

168 5555 469 5605 ostenditur.
498 5552 711 5604 'ldc'irco
759 5566 877 5620 ergo
920 5558 1034 5619 post
1083 5548 1450 5620 arquinoctium
1500 5549 1710 5604 Pascha

170 5624 423 5673 immolari
455 5623 783 5689 prtecipitur,
819 5618 956 5688 ‘quia
1010 5635 1095 5672 xiv
1138 5618 1277 5669 'luna
1328 5631 1447 5670 ante
1476 5626 1707 5687 aequino-

170 5696 337 5755 ctium,
376 5704 429 5743 et
471 5693 525 5744 in
567 5694 702 5759 cqri
729 5690 878 5743 tactio
915 5698 1076 5742 totam
1120 5701 1315 5739 noctem
1357 5704 1457 5759 non
1496 5691 1696 5756 implet.

170 5761 281 5814 Post
309 5757 677 5831 wquinoctium
709 5766 824 5818 vero
847 5759 972 5820 luna
997 5774 1105 5826 xiv,
1123 5774 1226 5813 una
1247 5758 1330 5812 die
1355 5757 1559 5827 adjecta
1583 5762 1702 5829 (no-

1821 4598 1911 4652 xiv
1933 4592 1985 4636 et
2013 4599 2102 4647 xv,
2135 4592 2244 4637 tam
2270 4584 2503 4652 tertium,
2534 4584 2802 4652 quintum,
2829 4593 2882 4638 et
2912 4596 3123 4638 sextum
3148 4586 3381 4639 Alexan-
3426 4613 3428 4615 ν

1820 4651 2121 4726 drinornm,
2152 4668 2315 4726 quam
2358 4650 2672 4726 Latinorum
2719 4669 2837 4726 xui,
2874 4669 2939 4726 xv
2967 4664 3022 4707 et
3047 4670 3155 4726 va,
3191 4655 3374 4707 triduo

1821 4722 2141 4794 anticipant,
2170 4722 2243 4776 'At
2276 4738 2328 4776 ix
2360 4730 2413 4794 et
2442 4738 2550 4774 xvu
2579 4723 2833 4788 Anatolii,
2867 4722 3255 4794 Alexandrinos
3279 4737 3373 4776 ιιι

1820 4800 1874 4843 ει
1899 4806 1992 4842 viu
2022 4790 2328 4858 quatriduo,
2360 4790 2581 4844 Latinos
2628 4808 2660 4843 ι
2704 4802 2756 4844 et
2803 4806 2933 4845 xvm
2973 4793 3184 4845 nonnisi
3212 4792 3375 4845 biduo

1819 4854 2164 4927 prtevert'u'ut,
2196 4871 2251 4913 ut
2294 4871 2476 4927 nostra
2512 4862 2577 4911 ad
2606 4862 2796 4925 capitis
2831 4861 3051 4927 hujusce
3098 4860 3255 4913 linem
3299 4868 3375 4914 ta-

1818 4926 1944 4981 bula
1967 4929 2317 4980 demonstrat.
2348 4926 2557 4993 Magna,
2585 4927 2772 4991 fateor,
2801 4926 3120 4995 disparitas;
3152 4938 3203 4982 et
3230 4930 3369 4983 ditii-

1819 4996 2022 5050 cilioris
2054 4996 2121 5065 de
2167 5005 2318 5048 tanto
2363 4997 2480 5048 viro
2511 4996 2783 5053 ﬁdei..Sed
2813 4998 2951 5059 luna-
2983 5006 3112 5051 tetas
3142 5000 3373 5065 singulis

1819 5068 2011 5119 tabula:
2059 5064 2392 5117 Auatoliante
2418 5067 2575 5119 annis
2608 5065 2689 5118 bis
2713 5078 2985 5133 expressa,
3018 5069 3177 5120 iidem
3210 5064 3370 5121 istam

1817 5136 1901 5189 vel
1931 5137 1998 5187 ali
2020 5134 2201 5186 invitis
2232 5144 2533 5201 extorquet.

1890 5203 2030 5257 Beda
2063 5202 2277 5269 quidem
2326 5202 2400 5255 De
2433 5205 2631 5256 ratione
2659 5212 2964 5269 temporum,
3003 5218 3050 5256 c.
3080 5204 3133 5268 ι,
3164 5218 3365 5257 annum

1816 5274 1949 5342 cycli
1976 5271 2283 5323 Anatoliani
2313 5287 2402 5324 xiv
2434 5287 2556 5327 cum
2584 5272 2772 5324 ultimo
2801 5273 3075 5342 ogdoadis.
3104 5275 3154 5323 id
3182 5281 3367 5342 est.ut

1816 5341 1958 5404 reor,
1989 5350 2178 5393 octavo
2221 5342 2726 5401 Alexandrinorum,
2756 5348 2813 5392 ut
2848 5341 3017 5408 paulo
3050 5350 3174 5392 ante
3206 5341 3367 5408 audi-

1814 5412 2013 5469 vimus.
2063 5424 2127 5462 ac
2166 5411 2388 5478 proinde
2424 5410 2657 5479 primum
2687 5410 2819 5479 cycli
2848 5407 2987 5479 illius
3018 5407 3365 5479 cumhorum

1816 5496 1903 5534 xiv
1930 5483 2204 5546 componit
2224 5500 2236 5532 :
2256 5489 2415 5548 atque
2443 5480 2511 5531 ita
2539 5479 2694 5531 lunas
2724 5478 2953 5532 Anatolii
2982 5492 3104 5529 cum
3124 5478 3364 5548 Alexan-

1814 5551 1985 5603 drinis
2030 5558 2083 5601 et
2136 5546 2344 5604 Latinis
2389 5563 2523 5617 pene
2570 5562 2777 5601 coaavas
2820 5548 3071 5617 instituit.
3116 5546 3219 5600 Sed
3268 5565 3365 5600 cur

1815 5621 1993 5672 minus
2033 5619 2108 5670 illi
2136 5622 2370 5683 credam,
2392 5616 2467 5670 fut
2496 5616 2726 5669 maxime
2760 5616 2967 5676 vellem,
3002 5617 3099 5668 tria
3124 5618 3362 5672 obstant.

1814 5691 1867 5742 1ο
1896 5688 2099 5743 Salium
2129 5704 2266 5742 tunae
2295 5687 2433 5742 Beda
2474 5688 2585 5755 ipse
2613 5700 2732 5739 cum
2758 5685 2974 5753 Cyrillo,
3010 5696 3061 5737 ut
3088 5686 3199 5753 jam
3230 5686 3360 5749 disi,

1813 5761 1868 5813 in
1907 5775 1995 5813 xiv
2037 5760 2169 5829 cycli
2197 5759 2429 5813 Anatolii
2471 5770 2612 5810 anno
2638 5770 2887 5824 expresse
2920 5758 3122 5811 statuit.
3155 5756 3209 5808 td
3237 5772 3356 5810 cum
