4104 6350
648 327 750 383 235

1695 320 2195 379 THEOGNOSTUS
2229 309 2806 380 ALEXANDNNUS.‘

3737 321 3844 377 256

649 449 808 502 etiam
867 445 1163 516 multiplex.
1219 426 1376 500 Juxta
1416 445 1672 513 .primum
1734 443 1954 497 modum
2023 444 2191 511 hypo-

2293 443 2325 512 ἢ
2360 444 2450 495 καὶ
2486 444 2781 514 πολλαχῶς.
2828 443 2964 496 Καθ’
3000 442 3095 498 ἕνα
3124 443 3220 515 μὲν
3246 407 3442 515 τρόπον
3466 443 3506 513 ’ἡ
3542 439 3846 514 δραματικὴ

649 539 868 602 theseon
918 538 1213 592 dramatica
1263 536 1518 605 peripetia
1579 524 1661 590 est
1710 551 1722 586 :
1770 535 1849 588 sic
1916 532 2188 601 Euripidis

649 627 922 697 tragoediae
980 628 1304 697 hypotlieses
1359 625 1809 681 esse'dicuntur.
1873 623 2030 677 Juxta
2104 638 2188 679 se—

648 719 875 771 cundam
920 717 1362 786 signiﬁcationem
1407 716 1462 769 in
1509 714 1775 768 rhetorica
1799 715 2060 782 reperitur
2102 729 2189 768 re-

589 878 593 882 (
649 823 767 863 rum
801 809 852 862 in
876 809 1052 876 specie
1079 806 1404 876 disquisitio,
1437 805 1728 862 secundum
1751 821 1912 875 quam
1936 807 2216 885 sophista:_-

648 901 833 953 dicunt
874 887 1169 968 ponendam
1208 912 1330 952 esse
1375 897 1719 966 hypotltesin.
1770 896 1929 949 Juxta
1976 896 2186 950 tertiam

596 978 597 981 “
651 982 1088 1058 signiﬁcationem
1135 970 1442 1058 hypothesis
1490 985 1690 1042 dicitur
1732 986 2052 1054 principium
2099 985 2191 1039 de-

651 1079 1074 1143 monstrationis,
1092 1077 1277 1146 petitio
1293 1091 1482 1132 rerum.
1495 1078 1547 1130 in
1574 1078 1944 1147 probationem
1967 1076 2193 1144 alicujus

649 1168 968 1238 argumenti.
1014 1166 1160 1230 Sic,
1187 1176 1246 1220 ut
1286 1164 1598 1240 perhibent,
1647 1166 1981 1221 Democritus
2027 1167 2193 1235 hypo-

652 1256 787 1311 thesi
815 1272 946 1312 usus
965 1265 1068 1320 est,
1089 1258 1284 1312 atomis
1308 1258 1512 1312 scilicet
1533 1265 1586 1310 ct
1616 1271 1785 1310 vacuo
1805 1272 1819 1319 ;
1853 1255 2190 1324 Asclepiades

651 1348 870 1401 materia
899 1357 952 1401 et
979 1348 1126 1416 poris
1144 1352 1169 1413 ;’
1204 1345 1578 1402 mathematica
1613 1359 1740 1415 ergo
1777 1346 1931 1414 juxta
1975 1345 2187 1400 tertium

650 1451 866 1491 sensum
893 1437 1254 1506 hypotheseon
1285 1436 1565 1506 accipitur.

720 1528 871 1592 Quod
909 1528 1296 1582 arithmeticam
1325 1544 1431 1582 non
1474 1530 1620 1583 solus
1653 1528 1820 1583 coluit
1845 1527 2192 1598 Pythagoras,

650 1614 742 1668 scd
774 1614 933 1667 etiam
964 1613 1298 1668 celeberrimi
1325 1615 1442 1683 ejus
1469 1602 1740 1684 discipuli,
1768 1616 1859 1685 qui
1895 1615 2080 1674 dicere.
2099 1631 2191 1671 so-

649 1706 831 1769 lehant
857 1723 873 1759 :

755 1794 943 1848 Omnia
961 1792 1278 1851 conveniunt
1310 1810 1610 1848 numero....
1635 1810 1641 1815 '

716 1881 868 1948 Quod
890 1884 1046 1938 ﬁnem
1073 1886 1285 1953 quidem
1313 1887 1472 1939 habet
1495 1885 1796 1953 proximum
1825 1888 2187 1956 principaliter

648 1973 982 2053 arithmetica
1015 1970 1360 2029 scientiarum
1394 1975 1680 2036 tlzeoriam,
1715 1991 1818 2043 qua
1855 1978 2035 2032 nullus
2065 1978 2187 2032 ﬁnis

648 2064 820 2133 major
846 2074 936 2117 aut
969 2065 1241 2132 pulchrior
1264 2075 1362 2120 est.
1397 2065 1742 2134 Consequens
1768 2077 1943 2120 autem
1963 2068 2084 2139 ﬁnis
2105 2079 2188 2124 est

647 2156 893 2226 colligere
921 2156 1080 2210 simul
1106 2156 1364 2226 quidquid
1390 2157 1443 2210 in
1467 2157 1765 2211 substantia
1789 2158 2004 2213 deﬁnita
2042 2161 2189 2216 inve-

643 2247 806 2311 nitur.
1311 2243 1317 2254 '

715 2335 848 2403 Quis
869 2337 1068 2406 aliquid
1093 2336 1296 2392 invenit
1323 2337 1460 2391 inter
1493 2338 1936 2392 mathematicos?

716 2427 783 2481 Ut
810 2427 1078 2482 Eudemus
1106 2440 1306 2493 narrat,
1334 2430 1387 2482 in
1418 2429 1714 2498 Astrologia
1745 2447 1863 2493 sua,
1887 2429 2187 2498 OEuopidcs

647 2517 848 2571 invenit
897 2519 1106 2586 primus
1161 2520 1366 2574 zodiaci
1412 2521 1694 2585 circulum,
1741 2531 1792 2576 et
1836 2525 1962 2576 anni
2010 2526 2187 2591 magni

644 2608 1083 2676 conversionem;
1133 2607 1326 2666 Thales
1379 2612 1779 2680 solis'eclipsim
1814 2655 1828 2678 ,
1870 2624 1921 2667 et
1969 2630 2185 2670 cursum

641 2699 761 2769 ejus
792 2698 930 2753 inter
960 2688 1210 2769 trepicos,
1239 2717 1450 2770 semper
1486 2702 1567 2758 sui
1595 2703 1940 2771 dissimilem;
1988 2704 2186 2760 Anaxi-

643 2791 866 2844 mander
895 2791 1089 2846 terram
1131 2806 1251 2846 esse
1291 2807 1486 2862 corpus
1532 2794 1782 2848 libratum
1833 2799 1887 2850 in
1933 2810 2087 2861 aere,
2135 2807 2188 2851 et

644 2879 786 2934 circa
827 2880 1009 2934 mundi
1054 2883 1886 2949 axem-moveriyAnaximenes
1931 2887 2110 2940 lunam
2156 2903 2186 2941 a

644 2969 757 3023 sole
794 2969 974 3040 lumen
1029 2971 1312 3038 accipere,
1371 2980 1424 3025 et
1480 2975 1696 3028 modum
1749 2975 1984 3030 defectus
2037 2978 2183 3044 ejus;

646 3060 822 3112 caeteri
845 3073 973 3112 vero
1000 3059 1086 3112 his
1124 3059 1252 3114 olim
1293 3061 1524 3118 inventis
1553 3063 1768 3118 inventa
1813 3066 1916 3118 alia
1967 3067 2184 3122 addide-

644 3157 791 3211 runt

716 3239 867 3304 Quod
893 3239 1064 3308 primo
1090 3241 1262 3295 sidera
1289 3242 1394 3298 ﬁxa
1429 3255 1711 3300 moventur
1745 3248 1888 3302 circa
1915 3263 2066 3303 axem
2095 3265 2190 3319 per

648 3331 800 3400 polos
845 3340 1240 3395 transeuntem;
1285 3335 1521 3389 secundo
1551 3341 1695 3404 quod
1736 3342 1972 3394 errantia
2013 3341 2190 3396 sidera

649 3421 791 3474 circa
828 3423 1312 3490 perpendicularcm
1352 3439 1504 3480 axem
1542 3428 1746 3481 zodiaci
1783 3445 1902 3484 sese
1941 3429 2186 3500 fugiunt;

649 3511 792 3579 quod
829 3513 1040 3566 demum
1083 3513 1308 3567 ﬁxorum
1344 3524 1400 3569 et
1435 3516 1726 3570 errantium
1765 3519 1999 3571 siderum
2037 3518 2152 3573 axis
2175 3557 2190 3579 .

650 3602 1061 3670 pcntedecagoni
1104 3603 1242 3658 latus
1285 3614 1384 3665 est,
1428 3603 1571 3673 quod
1600 3605 1758 3659 habet
1783 3605 1980 3674 gradus
2007 3607 2192 3674 viginti

651 3699 898 3758 quatuor.
1329 3707 1333 3711 -

2293 536 2630 602 περιπέτεια,
2658 534 2776 587 καθ’
2803 534 2860 586 ὃν
2885 534 3128 601 λέγονται
3148 530 3287 594 εἶναι
3315 535 3592 596 ὑποθέσεις
3610 531 3716 585 τῶν
3735 532 3846 583 Εὗ-

2295 624 2500 693 ριπίδου
2543 625 2851 694 δραμάτων.
2897 623 3032 678 Καθ’
3070 611 3250 695 ἕτερον
3282 626 3336 679 δὲ
3377 609 3768 696 σημαινόμενον
3813 621 3845 690 ή

2293 717 2349 766 ὲν
2388 716 2644 785 ῥητορικῇ
2675 715 2781 766 τῶν
2810 716 2903 767 ἐπὶ
2927 716 3121 785 μέρους
3145 714 3392 786 ζήτησις,
3429 702 3546 767 καθ’
3575 714 3632 766 ὃν
3658 712 3847 778 λέγου-

2295 821 2376 856 σιν
2404 806 2452 856 οί
2481 805 2728 872 σοφισταὶ
2755 804 2932 858 θετέον
2957 805 3224 858 ὑπόθεσιν.
3258 805 3410 873 Κατὰ
3433 806 3489 857 δὲ
3503 803 3686 873 τρίτην
3716 803 3848 853 ὑπο-
3913 858 3917 861 ,

2291 895 2450 966 ϐολὴν
2480 891 2731 958 ὑπόθεσις
2767 896 2980 964 λέγεται
3013 897 3046 965 ἡ
3093 897 3352 968 ἀρχὴτῆς
3383 893 3728 957 ἀποδείξεως,
3765 892 3842 943 αῐ-
3876 918 3882 923 -

2291 1005 2448 1057 τησις
2480 984 2612 1040 οὖσα
2645 987 2981 1058 πραγμάτων
3014 988 3092 1047 είς
3121 989 3460 1056 κατασκευήν
3500 1002 3657 1046 τινος.
3691 981 3846 1035 Οὕτω

2296 1077 2394 1147 μὲν
2438 1077 2650 1144 λέγεται
2694 1077 3027 1148 Δημόκριτον
3069 1078 3316 1129 ὑποθέσει
3362 1075 3592 1147 χρῆσθαι
3623 1075 3846 1142 ἀτόμοις

2293 1167 2385 1218 καὶ
2421 1166 2580 1237 κενῷ,
2611 1167 2700 1220 καὶ
2753 1167 3146 1237 Ἀσκληπιάδης
3180 1167 3360 1234 ὄγκοις
3403 1167 3494 1218 καὶ
3522 1167 3722 1236 πόροις.
3783 1163 3846 1214 Ἦ

2293 1250 2386 1307 οὖν
2402 1255 2752 1326 μαθηματικὴ
2782 1256 2909 1327 περὶ
2935 1258 3031 1326 τὴν
3056 1257 3242 1327 τρίτην
3275 1256 3497 1324 εἴληται.

2369 1520 2488 1572 Ὀτι
2524 1520 2621 1588 τὴν
2646 1521 3004 1590 ἀριθμητικὴν
3036 1521 3093 1572 οὐ
3126 1497 3282 1590 μόνος
3313 1520 3470 1590 ἐτίμα
3507 1519 3844 1590 Πυθαγόρας,

2299 1609 2430 1662 ἀλλὰ
2459 1610 2552 1661 καὶ
2575 1611 2622 1661 οἱ
2654 1610 2838 1663 τούτου
2871 1610 3132 1679 γνώριμοι
3163 1610 3514 1676 ἐπιλέγοντες·
3660 1606 3666 1611 ’

2502 1698 2730 1769 ,ἀριθμῶ
2755 1700 2821 1752 δὲ
2848 1717 2908 1753 τε
2939 1705 3104 1754 ποειτ’
3142 1701 3428 1771 ἐπέοικεν.

2365 1898 2481 1950 Ὀτι
2506 1897 2656 1961 τέλος
2694 1897 2790 1966 μὲν
2823 1897 2932 1966 ἔχει
2966 1897 3248 1949 ἀκόλουθον
3290 1897 3617 1968 ἀριθμητικὴ
3645 1896 3851 1968 ,κυρίως

2275 1983 2417 2060 μὲν,
2450 1990 2547 2058 τὴν
2579 1989 3002 2059 ἐπιστημονικὴν
3036 1987 3261 2058 Θεωρίαν
3290 1984 3355 2057 ἦς
3383 1989 3527 2042 οὐδὲν
3549 1988 3700 2050 τέλος
3727 1988 3850 2040 οὔτε

2297 2079 2477 2147 μεῖζον
2505 2076 2628 2130 οὔτε
2659 2077 2870 2130 κάλλιόν
2907 2080 3071 2129 ἐστιν.
3113 2077 3417 2148 Ἑπομένως
3446 2077 3521 2139 δὲ,
3551 2077 3852 2148 συλλήϐδην

2293 2169 2614 2222 καταλαϐεῖν
2647 2167 2784 2222 πόσα
2804 2169 2866 2236 τῇ
2899 2167 3172 2238 ὡρισμένῃ
3203 2167 3359 2236 οὐσία
3381 2166 3740 2237 συμϐέϐηκεν.

2359 2345 2454 2407 Τίς
2488 2362 2539 2396 τι
2561 2335 2795 2418 εὗρεννέν
2821 2343 3242 2411 μαθηματικοῖςς

2359 2437 2604 2504 Εὔδημος
2636 2434 2833 2503 ἱστορεῖ
2867 2435 2923 2483 ἐν
2949 2434 3066 2493 ταῖς
3093 2432 3490 2501 ἀστρολογίαις,
3521 2430 3601 2481 ὅτι
3628 2431 3843 2483 Οίνοπί-

2292 2527 2386 2595 δης
2417 2521 2536 2595 εὗρε
2570 2523 2781 2593 πρῶτος
2809 2522 2904 2589 τὴν
2934 2520 3026 2571 τοῦ
3057 2520 3316 2584 ζωδιακοῦ
3350 2519 3598 2582 διάζωσιν
3629 2519 3721 2570 καὶ
3752 2520 3852 2587 τὴν

2292 2615 2383 2668 τοῦ
2448 2614 2674 2684 μεγάλου
2728 2609 2972 2663 ἐνιαυτοῦ
3030 2610 3360 2680 περίστασιν.
3405 2609 3580 2676 Θαλῆς
3611 2608 3664 2660 δὲ
3699 2610 3850 2678 ἡλίου

2293 2707 2521 2774 ἔλλειψιν
2569 2704 2662 2756 καὶ
2691 2701 2788 2771 τὴν
2819 2700 2956 2754 κατὰ
2999 2698 3203 2769 τροπὰς
3245 2698 3406 2752 αὑτοῦ
3453 2698 3717 2768 περίοδον,
3774 2699 3853 2761 ὡς

2292 2798 2388 2850 οὐκ
2424 2796 2512 2865 ἴση
2541 2797 2625 2848 ἀεὶ
2653 2792 2959 2863 σμμὸαίνει.
3011 2788 3418 2858 Ἀναξίμανδρος
3446 2787 3502 2839 δὲ
3526 2788 3606 2839 ὅτι
3641 2789 3786 2840 ἐστὶν
3816 2790 3850 2857 ἡ

2293 2890 2362 2958 γῆ
2391 2887 2656 2957 μετέωρος
2683 2884 2776 2937 καὶ
2808 2884 3034 2947 κινεῖται
3064 2880 3191 2950 περὶ
3220 2879 3279 2930 τὸ
3305 2876 3398 2928 τοῦ
3427 2878 3627 2946 κόσμου
3664 2877 3847 2944 μέσον.
3876 2911 3882 2918 .

2306 2979 2652 3048 Ἀναξιμένης
2687 2976 2775 3037 δὲ,
2827 2975 2908 3026 ὃτι
2944 2975 2976 3042 ὴ
3012 2971 3206 3041 σελήνη
3249 2973 3311 3022 ὲκ
3344 2966 3439 3020 ’τοῦ
3465 2966 3616 3036 ἡλίου
3650 2965 3761 3034 ἔχει
3789 2965 3855 3016 τὸ

2297 3071 2410 3137 φῶς
2437 3069 2534 3124 καὶ.
2559 3067 2680 3119 τίνα
2715 3064 2950 3116 ἐκλείπει
2975 3063 3192 3132 τρόπον.
3231 3061 3295 3112 Οἱ
3321 3059 3376 3111 δὲ
3413 3058 3584 3110 λοιποὶ
3626 3054 3852 3125 ἐξευρη-

2212 3169 2253 3224 C
2289 3160 2471 3231 μένοις
2498 3157 2700 3232 τούτοις
2727 3151 2989 3216 ἐπέταξαν
3013 3153 3191 3220 ἕτερα.

2363 3253 2480 3303 Ὅτι
2504 3250 2555 3300 οἱ
2585 3233 2836 3304 ἀπλανεῖς
2863 3242 3131 3294 κινοῦνται
3152 3240 3278 3310 περὶ¹
3311 3237 3398 3289 τὸν
3423 3237 3508 3288 διὰ
3537 3235 3644 3286 τῶν
3675 3235 3852 3287 πόλων

2290 3341 2451 3406 ἄξονα
2479 3337 2725 3408 μένοντα,
2755 3337 2804 3384 οἱ
2829 3332 2884 3383 δὲ
2908 3331 3241 3399 πλανώμενοι
3268 3329 3392 3396 περὶ
3411 3328 3498 3379 τὸν
3528 3327 3618 3378 τοῦ
3660 3327 3852 3389 ζωδια-

2290 3428 2388 3480 κοῦ
2420 3427 2552 3497 πρὸς
2572 3423 2731 3493 ὀρθὰς
2761 3421 2885 3473 ὄντα
2909 3420 3068 3486 ἄξονα
3094 3416 3238 3485 αὐτῷ
3269 3418 3556 3485 ἀπέχουσιν
3586 3417 3847 3486 ἀλλήλων·

2293 3517 2373 3567 ὅτι
2410 3513 2499 3566 τὸν
2544 3512 2650 3563 τῶν
2681 3510 2930 3565 ἀπλανῶν
2985 3511 3076 3561 καὶ
3131 3508 3234 3558 τῶν
3282 3505 3643 3575 πλανωμένων
3688 3506 3851 3569 ἄξονα

2298 3600 2856 3668 πεντεκαιδεκαγώνου
2888 3599 3121 3666 πλευρὰν
3153 3595 3206 3645 οἵ
3227 3595 3329 3644 εἱσι
3355 3597 3531 3663 μοῖραι
3555 3596 3850 3647 εἰκοσιτέσ-

2300 3709 2476 3762 σαρες.

663 3849 3838 3882 Μ

1778 4018 1958 4060 CIBCA
2000 4019 2220 4060 ANNUM
2280 4018 2508 4059 DOMINI
2564 4015 2719 4058 CCLX

736 4150 2140 4348 -‘THEOGNOSTUS
2261 4137 3754 4307 ALEXANDRINUS

1977 4537 2574 4654 NOTITIA

1382 4723 1667 4786 (GALLAKD.,
1712 4722 2000 4775 Bibliotheca
2037 4730 2244 4775 ceterum
2266 4723 2488 4780 Patrum,
2520 4718 2604 4779 IlI,
2634 4721 2828 4784 Proleg.
2856 4734 2964 4784 pag.
2993 4723 3140 4782 xux.)

658 4966 699 5024 ι
1248 4978 1385 5031 haud
1433 4978 1757 5064 meminerint
1809 4979 2064 5035 Eusebius
2113 4993 2160 5036 et
2209 4980 2576 5051 Hieronymus.
2642 4983 2771 5053 Ejus
2813 4992 2984 5035 tamen
3035 4980 3268 5033 meminit
3318 4995 3434 5033 cum
3487 4977 3644 5030 iaude
3679 4979 3840 5033 Atha-

733 5041 932 5094 nasiue.

601 5153 605 5157 .
1017 5111 1390 5189 Alexandrinae
1429 5114 1640 5189 p‘rajuit
1686 5087 1798 5182 post
1843 5115 2094 5189 Pieriam.
2151 5117 2224 5170 De
2252 5127 2470 5189 tempore
2512 5138 2610 5189 quo
2639 5123 2864 5180 claruit,
2907 5118 3204 5189 disseritur.
3259 5115 3539 5189 Sacrorum
3589 5114 3834 5168 librorum

729 5183 1063 5260 interpretem
1093 5183 1222 5260 egit.
1275 5183 1493 5252 Scripsit
1521 5184 1927 5254 Hypotyposeon
1972 5188 2133 5240 libros
2163 5202 2258 5253 vn,
2299 5183 2410 5255 jam
2440 5183 2637 5243 dudum
2665 5189 2978 5258 deperditus.
3034 5186 3234 5239 Horum
3267 5185 3553 5239 summaria
3581 5189 3754 5254 capita
3777 5200 3835 5237 ex

733 5246 923 5316 Plautio
946 5246 1231 5316 proposita.

666 5287 1458 5388 ιιιῖ-’ῖιίίξυναῖξέᾜῖλέοῃηοεεο
1499 5287 1675 5377 Photii
1723 5339 1936 5376 censura
1986 5325 2227 5378 diluitur.

2282 5326 2516 5396 Gregorii
2548 5327 2774 5396 Nysseni
2823 5325 2886 5377 de
2918 5324 3092 5376 eodem
3121 5324 3364 5396 scriptore
3391 5323 3531 5396 locus
3561 5337 3832 5392 expensus.

738 5380 948 5467 Integra
999 5380 1304 5456 Theogﬁosti
1345 5392 1469 5458 ﬁdes
1499 5391 1848 5466 praedicatur.
1894 5393 2026 5462 Ejus
2069 5380 2481 5465 HypotyposeOn
2529 5380 2824 5467 frlfgmenta
2854 5410 2917 5446 ex
2944 5407 3128 5463 magno
3168 5380 3452 5446 Aihanasio
3497 5380 3760 5460 descripta
3788 5400 3835 5443 et

731 5452 980 5508 exhibita.

733 5591 775 5644 ι.
813 5590 885 5646 De
929 5591 1270 5666 Theognosto
1314 5567 1672 5655 Alexandrino
1721 5600 1855 5656 nihil
1910 5602 2194 5667 Eusebius,

666 5679 796 5733 nihil
847 5680 970 5737 item
1012 5682 1385 5757 Hieronymus.
1445 5688 1510 5744 Et
1547 5683 1930 5762 Hieronymum
1981 5694 2192 5763 quidem

2301 5614 2563 5659 tacentem
2597 5605 2738 5658 haud
2773 5603 2956 5656 mirari
2983 5604 3157 5658 subit:
3186 5603 3277 5671 qui
3302 5603 3541 5659 videlicet
3565 5605 3736 5657 decem
3755 5619 3858 5655 εει

2301 5694 2603 5749 clesiasticre
2626 5693 3057 5756 Historiae-libros
3084 5695 3150 5750 ab
3177 5693 3402 5750 Eusebio
3433 5693 3691 5774 Pamphili
3709 5708 3829 5747 con-
