  <div class='ocr_page' id='page_1' title='image "/cluster/home/n/w/nwhite01/storage/ocr_20150623/10/pst.000005711901/135.png"; bbox 0 0 4104 6350; ppageno 0'>
   <div class='ocr_carea' id='block_1_1' title="bbox 2516 574 2607 581">
    <p class='ocr_par' dir='ltr' id='par_1_1' title="bbox 2516 574 2607 581">
     <span class='ocr_line' id='line_1_1' title="bbox 2516 574 2607 581; baseline -0.011 -1"><span class='ocrx_word' id='word_1_1' title='bbox 2516 574 2607 581; x_wconf 57' lang='grc'><strong><em>*-</em></strong></span> 
     </span>
    </p>
   </div>
   <div class='ocr_carea' id='block_1_2' title="bbox 1827 704 2835 765">
    <p class='ocr_par' dir='ltr' id='par_1_2' title="bbox 1827 704 2835 765">
     <span class='ocr_line' id='line_1_2' title="bbox 1827 704 2835 765; baseline 0.002 -4"><span class='ocrx_word' id='word_1_2' title='bbox 1827 718 2012 761; x_wconf 68' lang='lat' dir='ltr'><strong><em>cmcs</em></strong></span> <span class='ocrx_word' id='word_1_3' title='bbox 2053 720 2272 762; x_wconf 64' lang='lat' dir='ltr'><strong><em>summa</em></strong></span> <span class='ocrx_word' id='word_1_4' title='bbox 2311 720 2536 765; x_wconf 73' lang='lat' dir='ltr'><strong><em>Domst</em></strong></span> <span class='ocrx_word' id='word_1_5' title='bbox 2568 719 2752 763; x_wconf 71' lang='lat' dir='ltr'><strong><em>ceu.</em></strong></span> <span class='ocrx_word' id='word_1_6' title='bbox 2828 704 2835 708; x_wconf 79' lang='grc'><em>’</em></span> 
     </span>
    </p>
   </div>
   <div class='ocr_carea' id='block_1_3' title="bbox 1798 828 2936 1073">
    <p class='ocr_par' dir='ltr' id='par_1_3' title="bbox 1798 828 2936 1073">
     <span class='ocr_line' id='line_1_3' title="bbox 1798 828 2936 1073; baseline 0.002 -2"><span class='ocrx_word' id='word_1_7' title='bbox 1798 892 2773 1073; x_wconf 86' lang='lat' dir='ltr'><strong><em>MALCHIO</em></strong></span> <span class='ocrx_word' id='word_1_8' title='bbox 2932 869 2936 873; x_wconf 75' lang='grc'><em>’</em></span> 
     </span>
    </p>
   </div>
   <div class='ocr_carea' id='block_1_4' title="bbox 1157 1201 3438 1302">
    <p class='ocr_par' dir='ltr' id='par_1_4' title="bbox 1157 1201 3438 1302">
     <span class='ocr_line' id='line_1_4' title="bbox 1157 1201 3438 1302; baseline 0.002 -10"><span class='ocrx_word' id='word_1_9' title='bbox 1157 1201 1750 1296; x_wconf 70' lang='lat' dir='ltr'><strong><em>ECCLESIE</em></strong></span> <span class='ocrx_word' id='word_1_10' title='bbox 1816 1201 2638 1294; x_wconf 62' lang='lat' dir='ltr'><strong><em>ANTIOCHENJE</em></strong></span> <span class='ocrx_word' id='word_1_11' title='bbox 2714 1204 3438 1302; x_wconf 79' lang='lat' dir='ltr'><strong><em>PRESBYTER.</em></strong></span> 
     </span>
    </p>
   </div>
   <div class='ocr_carea' id='block_1_5' title="bbox 1968 1566 2615 1741">
    <p class='ocr_par' dir='ltr' id='par_1_5' title="bbox 1968 1566 2615 1741">
     <span class='ocr_line' id='line_1_5' title="bbox 1968 1566 2615 1741; baseline 0.002 -66"><span class='ocrx_word' id='word_1_12' title='bbox 1968 1566 2615 1741; x_wconf 85' lang='lat' dir='ltr'><strong><em>NOTlTIA.</em></strong></span> 
     </span>
    </p>
   </div>
   <div class='ocr_carea' id='block_1_6' title="bbox 1413 1779 3137 1851">
    <p class='ocr_par' dir='ltr' id='par_1_6' title="bbox 1413 1779 3137 1851">
     <span class='ocr_line' id='line_1_6' title="bbox 1413 1779 3137 1851; baseline 0.001 -18"><span class='ocrx_word' id='word_1_13' title='bbox 1413 1784 1695 1845; x_wconf 69' lang='lat' dir='ltr'><strong><em>(Gum.,</em></strong></span> <span class='ocrx_word' id='word_1_14' title='bbox 1731 1779 2025 1834; x_wconf 72' lang='lat' dir='ltr'><strong><em>Bibliotheca</em></strong></span> <span class='ocrx_word' id='word_1_15' title='bbox 2043 1788 2252 1834; x_wconf 78' lang='lat' dir='ltr'><strong><em>ueterum</em></strong></span> <span class='ocrx_word' id='word_1_16' title='bbox 2278 1784 2501 1842; x_wconf 83' lang='lat' dir='ltr'><strong><em>Patrum,</em></strong></span> <span class='ocrx_word' id='word_1_17' title='bbox 2536 1784 2623 1845; x_wconf 83' lang='lat' dir='ltr'><strong><em>Ill,</em></strong></span> <span class='ocrx_word' id='word_1_18' title='bbox 2647 1784 2844 1849; x_wconf 83' lang='lat' dir='ltr'><strong><em>Proleg.</em></strong></span> <span class='ocrx_word' id='word_1_19' title='bbox 2868 1799 2918 1849; x_wconf 91' lang='lat' dir='ltr'><strong><em>p.</em></strong></span> <span class='ocrx_word' id='word_1_20' title='bbox 2940 1786 3137 1851; x_wconf 75' lang='lat' dir='ltr'><strong><em>um.)</em></strong></span> 
     </span>
    </p>
   </div>
   <div class='ocr_carea' id='block_1_7' title="bbox 690 2094 3901 2183">
    <p class='ocr_par' dir='ltr' id='par_1_7' title="bbox 690 2094 3901 2183">
     <span class='ocr_line' id='line_1_7' title="bbox 690 2094 3901 2183; baseline 0 -31"><span class='ocrx_word' id='word_1_21' title='bbox 690 2096 741 2152; x_wconf 87' lang='grc'><strong><em>1.</em></strong></span> <span class='ocrx_word' id='word_1_22' title='bbox 784 2094 1049 2183; x_wconf 65' lang='grc' dir='ltr'><strong><em>,υαςεΙιὶοη</em></strong></span> <span class='ocrx_word' id='word_1_23' title='bbox 1067 2139 1081 2161; x_wconf 83' lang='grc'><strong>.</strong></span> <span class='ocrx_word' id='word_1_24' title='bbox 1109 2101 1188 2183; x_wconf 64' lang='lat' dir='ltr'><strong><em>uir</em></strong></span> <span class='ocrx_word' id='word_1_25' title='bbox 1221 2101 1593 2183; x_wconf 68' lang='lat' dir='ltr'><strong><em>disertissimus</em></strong></span> <span class='ocrx_word' id='word_1_26' title='bbox 1611 2118 1750 2183; x_wconf 43' lang='lat' dir='ltr'><strong><em>,‘quo</em></strong></span> <span class='ocrx_word' id='word_1_27' title='bbox 1777 2109 2002 2183; x_wconf 67' lang='lat' dir='ltr'><strong><em>tempore</em></strong></span> <span class='ocrx_word' id='word_1_28' title='bbox 2041 2103 2254 2183; x_wconf 61' lang='lat' dir='ltr'><strong><em>claruit.</em></strong></span> <span class='ocrx_word' id='word_1_29' title='bbox 2288 2102 2542 2183; x_wconf 59' lang='lat' dir='ltr'><strong><em>poctrina</em></strong></span> <span class='ocrx_word' id='word_1_30' title='bbox 2572 2110 2622 2157; x_wconf 86' lang='lat' dir='ltr'><strong><em>et</em></strong></span> <span class='ocrx_word' id='word_1_31' title='bbox 2650 2100 3248 2183; x_wconf 44' lang='lat' dir='ltr'><strong><em>eruditioneprcstans.</em></strong></span> <span class='ocrx_word' id='word_1_32' title='bbox 3272 2096 3532 2183; x_wconf 53' lang='lat' dir='ltr'><strong><em>ﬂecte-snio</em></strong></span> <span class='ocrx_word' id='word_1_33' title='bbox 3562 2097 3901 2183; x_wconf 63' lang='lat' dir='ltr'><strong><em>Antiocth</em></strong></span> 
     </span>
    </p>
   </div>
   <div class='ocr_carea' id='block_1_8' title="bbox 755 2166 3900 2249">
    <p class='ocr_par' dir='ltr' id='par_1_8' title="bbox 755 2166 3900 2249">
     <span class='ocr_line' id='line_1_8' title="bbox 755 2166 3900 2249; baseline 0.003 -31"><span class='ocrx_word' id='word_1_34' title='bbox 755 2167 1019 2249; x_wconf 59' lang='lat' dir='ltr'><strong><em>presbyter</em></strong></span> <span class='ocrx_word' id='word_1_35' title='bbox 1051 2170 1343 2249; x_wconf 72' lang='lat' dir='ltr'><strong><em>ordinatur.</em></strong></span> <span class='ocrx_word' id='word_1_36' title='bbox 1388 2172 1585 2228; x_wconf 74' lang='lat' dir='ltr'><strong><em>Acriter</em></strong></span> <span class='ocrx_word' id='word_1_37' title='bbox 1616 2166 1849 2241; x_wconf 83' lang='lat' dir='ltr'><strong><em>disputat</em></strong></span> <span class='ocrx_word' id='word_1_38' title='bbox 1879 2166 2135 2227; x_wconf 78' lang='lat' dir='ltr'><strong><em>adversus</em></strong></span> <span class='ocrx_word' id='word_1_39' title='bbox 2181 2172 2407 2227; x_wconf 83' lang='lat' dir='ltr'><strong><em>Paulum</em></strong></span> <span class='ocrx_word' id='word_1_40' title='bbox 2447 2174 2868 2230; x_wconf 79' lang='lat' dir='ltr'><strong><em>Samosatenunt.</em></strong></span> <span class='ocrx_word' id='word_1_41' title='bbox 2902 2170 3033 2240; x_wconf 86' lang='lat' dir='ltr'><strong><em>Ejus</em></strong></span> <span class='ocrx_word' id='word_1_42' title='bbox 3071 2170 3319 2222; x_wconf 87' lang='lat' dir='ltr'><strong><em>memoria</em></strong></span> <span class='ocrx_word' id='word_1_43' title='bbox 3352 2170 3407 2222; x_wconf 82' lang='lat' dir='ltr'><strong><em>in</em></strong></span> <span class='ocrx_word' id='word_1_44' title='bbox 3445 2168 3747 2229; x_wconf 72' lang='lat' dir='ltr'><strong><em>Grecorum</em></strong></span> <span class='ocrx_word' id='word_1_45' title='bbox 3785 2166 3900 2223; x_wconf 68' lang='lat' dir='ltr'><strong><em>Uc-</em></strong></span> 
     </span>
    </p>
   </div>
   <div class='ocr_carea' id='block_1_9' title="bbox 684 2236 3898 2379">
    <p class='ocr_par' dir='ltr' id='par_1_9' title="bbox 684 2236 3898 2379">
     <span class='ocr_line' id='line_1_9' title="bbox 684 2236 3898 2379; baseline -0.001 -18"><span class='ocrx_word' id='word_1_46' title='bbox 684 2236 1348 2379; x_wconf 46' lang='lat' dir='ltr'><strong><em>Ilzoi‘ifiitgtt’ieigtljiii‘r&#39;iiur</em></strong></span> <span class='ocrx_word' id='word_1_47' title='bbox 1376 2326 1476 2379; x_wconf 82' lang='lat' dir='ltr'><strong><em>quo</em></strong></span> <span class='ocrx_word' id='word_1_48' title='bbox 1506 2300 1761 2379; x_wconf 66' lang='lat' dir='ltr'><strong><em>celebrata</em></strong></span> <span class='ocrx_word' id='word_1_49' title='bbox 1790 2310 1893 2377; x_wconf 82' lang='lat' dir='ltr'><strong><em>fuit</em></strong></span> <span class='ocrx_word' id='word_1_50' title='bbox 1928 2311 2187 2378; x_wconf 76' lang='lat' dir='ltr'><strong><em>posterior</em></strong></span> <span class='ocrx_word' id='word_1_51' title='bbox 2216 2311 2448 2377; x_wconf 79' lang='lat' dir='ltr'><strong><em>synodus</em></strong></span> <span class='ocrx_word' id='word_1_52' title='bbox 2484 2314 2839 2379; x_wconf 80' lang='lat' dir='ltr'><strong><em>Antiochetta,</em></strong></span> <span class='ocrx_word' id='word_1_53' title='bbox 2879 2278 2969 2364; x_wconf 78' lang='lat' dir='ltr'><strong><em>ubi</em></strong></span> <span class='ocrx_word' id='word_1_54' title='bbox 3006 2307 3189 2362; x_wconf 81' lang='lat' dir='ltr'><strong><em>habita</em></strong></span> <span class='ocrx_word' id='word_1_55' title='bbox 3232 2306 3543 2362; x_wconf 70' lang='lat' dir='ltr'><strong><em>Malchionis</em></strong></span> <span class='ocrx_word' id='word_1_56' title='bbox 3585 2306 3898 2376; x_wconf 80' lang='lat' dir='ltr'><strong><em>disputatio.</em></strong></span> 
     </span>
    </p>
   </div>
   <div class='ocr_carea' id='block_1_10' title="bbox 754 2375 3457 2433">
    <p class='ocr_par' dir='ltr' id='par_1_10' title="bbox 754 2375 3457 2433">
     <span class='ocr_line' id='line_1_10' title="bbox 754 2375 3457 2433; baseline 0.003 -5"><span class='ocrx_word' id='word_1_57' title='bbox 754 2375 1030 2429; x_wconf 81' lang='lat' dir='ltr'><strong><em>Pearsonii</em></strong></span> <span class='ocrx_word' id='word_1_58' title='bbox 1054 2375 1308 2431; x_wconf 79' lang='lat' dir='ltr'><strong><em>sententia</em></strong></span> <span class='ocrx_word' id='word_1_59' title='bbox 1332 2375 1398 2431; x_wconf 76' lang='lat' dir='ltr'><strong><em>de</em></strong></span> <span class='ocrx_word' id='word_1_60' title='bbox 1425 2396 1525 2432; x_wconf 88' lang='lat' dir='ltr'><strong><em>uno</em></strong></span> <span class='ocrx_word' id='word_1_61' title='bbox 1547 2378 1763 2431; x_wconf 84' lang='lat' dir='ltr'><strong><em>concilio</em></strong></span> <span class='ocrx_word' id='word_1_62' title='bbox 1791 2375 2107 2432; x_wconf 68' lang='lat' dir='ltr'><strong><em>Antiocltrno</em></strong></span> <span class='ocrx_word' id='word_1_63' title='bbox 2131 2375 2396 2433; x_wconf 73' lang='lat' dir='ltr'><strong><em>evertitur.</em></strong></span> <span class='ocrx_word' id='word_1_64' title='bbox 2824 2375 2833 2379; x_wconf 64' lang='grc'><em>’</em></span> <span class='ocrx_word' id='word_1_65' title='bbox 3454 2390 3457 2393; x_wconf 73' lang='grc'><em>’</em></span> 
     </span>
    </p>
   </div>
   <div class='ocr_carea' id='block_1_11' title="bbox 684 2440 3899 2516">
    <p class='ocr_par' dir='ltr' id='par_1_11' title="bbox 684 2440 3899 2516">
     <span class='ocr_line' id='line_1_11' title="bbox 684 2440 3899 2516; baseline -0.001 -17"><span class='ocrx_word' id='word_1_66' title='bbox 684 2443 748 2499; x_wconf 82' lang='grc' dir='ltr'><strong><em>ΙΙ</em></strong></span> <span class='ocrx_word' id='word_1_67' title='bbox 759 2444 806 2500; x_wconf 87' lang='grc'><strong><em>1.</em></strong></span> <span class='ocrx_word' id='word_1_68' title='bbox 848 2444 1137 2516; x_wconf 62' lang='lat' dir='ltr'><strong><em>Epistglam</em></strong></span> <span class='ocrx_word' id='word_1_69' title='bbox 1172 2449 1473 2515; x_wconf 76' lang='lat' dir='ltr'><strong><em>synodicam</em></strong></span> <span class='ocrx_word' id='word_1_70' title='bbox 1495 2448 1752 2501; x_wconf 67' lang='grc' dir='ltr'><strong><em>Μαιάιὲοη</em></strong></span> <span class='ocrx_word' id='word_1_71' title='bbox 1777 2448 1966 2501; x_wconf 78' lang='lat' dir='ltr'><strong><em>litteris</em></strong></span> <span class='ocrx_word' id='word_1_72' title='bbox 1988 2450 2321 2516; x_wconf 84' lang='lat' dir='ltr'><strong><em>consignasse</em></strong></span> <span class='ocrx_word' id='word_1_73' title='bbox 2347 2451 2662 2514; x_wconf 76' lang='lat' dir='ltr'><strong><em>perhibetur.</em></strong></span> <span class='ocrx_word' id='word_1_74' title='bbox 2691 2450 2807 2516; x_wconf 82' lang='lat' dir='ltr'><strong><em>Quo</em></strong></span> <span class='ocrx_word' id='word_1_75' title='bbox 2831 2464 2967 2503; x_wconf 84' lang='lat' dir='ltr'><strong><em>anno</em></strong></span> <span class='ocrx_word' id='word_1_76' title='bbox 2994 2448 3142 2501; x_wconf 84' lang='lat' dir='ltr'><strong><em>illam</em></strong></span> <span class='ocrx_word' id='word_1_77' title='bbox 3166 2446 3523 2515; x_wconf 73' lang='lat' dir='ltr'><strong><em>perscripserit</em></strong></span> <span class='ocrx_word' id='word_1_78' title='bbox 3549 2455 3754 2500; x_wconf 84' lang='lat' dir='ltr'><strong><em>auctor.</em></strong></span> <span class='ocrx_word' id='word_1_79' title='bbox 3784 2440 3899 2495; x_wconf 76' lang='lat' dir='ltr'><strong><em>Ea—</em></strong></span> 
     </span>
    </p>
   </div>
   <div class='ocr_carea' id='block_1_12' title="bbox 748 2513 3212 2589">
    <p class='ocr_par' dir='ltr' id='par_1_12' title="bbox 748 2513 3212 2589">
     <span class='ocr_line' id='line_1_12' title="bbox 748 2513 3212 2589; baseline 0.002 -23"><span class='ocrx_word' id='word_1_80' title='bbox 748 2516 865 2567; x_wconf 89' lang='lat' dir='ltr'><strong><em>dem</em></strong></span> <span class='ocrx_word' id='word_1_81' title='bbox 887 2528 950 2566; x_wconf 76' lang='lat' dir='ltr'><strong><em>ea:</em></strong></span> <span class='ocrx_word' id='word_1_82' title='bbox 977 2513 1468 2572; x_wconf 26' lang='lat' dir='ltr'><strong><em>Eusebio’exltibita.</em></strong></span> <span class='ocrx_word' id='word_1_83' title='bbox 1504 2516 1823 2589; x_wconf 80' lang='lat' dir='ltr'><strong><em>Fragmenta</em></strong></span> <span class='ocrx_word' id='word_1_84' title='bbox 1847 2533 1911 2571; x_wconf 75' lang='lat' dir='ltr'><strong><em>ea:</em></strong></span> <span class='ocrx_word' id='word_1_85' title='bbox 1942 2519 2087 2572; x_wconf 78' lang='lat' dir='ltr'><strong><em>Actis</em></strong></span> <span class='ocrx_word' id='word_1_86' title='bbox 2116 2513 2486 2588; x_wconf 80' lang='lat' dir='ltr'><strong><em>disputationis</em></strong></span> <span class='ocrx_word' id='word_1_87' title='bbox 2521 2513 2924 2575; x_wconf 74' lang='lat' dir='ltr'><strong><em>Malchioniana:</em></strong></span> <span class='ocrx_word' id='word_1_88' title='bbox 2956 2513 3212 2587; x_wconf 82' lang='lat' dir='ltr'><strong><em>subjecta.</em></strong></span> 
     </span>
    </p>
   </div>
   <div class='ocr_carea' id='block_1_13' title="bbox 749 2630 3897 2721">
    <p class='ocr_par' dir='ltr' id='par_1_13' title="bbox 749 2630 3897 2721">
     <span class='ocr_line' id='line_1_13' title="bbox 749 2630 3897 2721; baseline 0 -19"><span class='ocrx_word' id='word_1_89' title='bbox 749 2651 791 2704; x_wconf 86' lang='grc' dir='ltr'>ι.</span> <span class='ocrx_word' id='word_1_90' title='bbox 820 2648 1207 2713; x_wconf 80' lang='lat' dir='ltr'><strong><em>Malehion,vir</em></strong></span> <span class='ocrx_word' id='word_1_91' title='bbox 1226 2647 1633 2714; x_wconf 83' lang='lat' dir='ltr'><strong><em>disertissimus,</em></strong></span> <span class='ocrx_word' id='word_1_92' title='bbox 1658 2647 1831 2719; x_wconf 79' lang='lat' dir='ltr'><strong><em>inquit</em></strong></span> <span class='ocrx_word' id='word_1_93' title='bbox 1852 2648 2113 2704; x_wconf 78' lang='lat' dir='ltr'><strong><em>Eusebius</em></strong></span> <span class='ocrx_word' id='word_1_94' title='bbox 2136 2649 2232 2721; x_wconf 78' lang='grc' dir='ltr'><strong><em>(ί),</em></strong></span> <span class='ocrx_word' id='word_1_95' title='bbox 2263 2654 2307 2711; x_wconf 76' lang='grc' dir='ltr'><strong>Α</strong></span> <span class='ocrx_word' id='word_1_96' title='bbox 2340 2651 2453 2705; x_wconf 64' lang='lat' dir='ltr'><strong><em>haec</em></strong></span> <span class='ocrx_word' id='word_1_97' title='bbox 2477 2652 2738 2721; x_wconf 82' lang='lat' dir='ltr'><strong><em>temporis</em></strong></span> <span class='ocrx_word' id='word_1_98' title='bbox 2778 2638 2986 2706; x_wconf 85' lang='lat' dir='ltr'><strong><em>notatio</em></strong></span> <span class='ocrx_word' id='word_1_99' title='bbox 3025 2666 3093 2705; x_wconf 82' lang='lat' dir='ltr'><strong><em>ex</em></strong></span> <span class='ocrx_word' id='word_1_100' title='bbox 3140 2649 3379 2720; x_wconf 87' lang='lat' dir='ltr'><strong><em>epistola</em></strong></span> <span class='ocrx_word' id='word_1_101' title='bbox 3410 2649 3650 2719; x_wconf 84' lang='lat' dir='ltr'><strong><em>ejusdem</em></strong></span> <span class='ocrx_word' id='word_1_102' title='bbox 3681 2630 3897 2705; x_wconf 77' lang='lat' dir='ltr'><strong><em>conclii</em></strong></span> 
     </span>
    </p>
   </div>
   <div class='ocr_carea' id='block_1_14' title="bbox 679 2738 2232 2811">
    <p class='ocr_par' dir='ltr' id='par_1_14' title="bbox 679 2738 2232 2811">
     <span class='ocr_line' id='line_1_14' title="bbox 679 2738 2232 2811; baseline 0.001 -19"><span class='ocrx_word' id='word_1_103' title='bbox 679 2738 817 2811; x_wconf 80' lang='grc' dir='ltr'><strong><em>ἀνηρ</em></strong></span> <span class='ocrx_word' id='word_1_104' title='bbox 846 2739 915 2792; x_wconf 85' lang='grc' dir='ltr'><strong><em>τά</em></strong></span> <span class='ocrx_word' id='word_1_105' title='bbox 949 2756 1007 2792; x_wconf 86' lang='grc' dir='ltr'>τε</span> <span class='ocrx_word' id='word_1_106' title='bbox 1038 2738 1167 2793; x_wconf 74' lang='grc' dir='ltr'>ἄλλα</span> <span class='ocrx_word' id='word_1_107' title='bbox 1202 2738 1395 2808; x_wconf 77' lang='grc' dir='ltr'><strong><em>λόγιος,</em></strong></span> <span class='ocrx_word' id='word_1_108' title='bbox 1427 2739 1572 2795; x_wconf 84' lang='lat' dir='ltr'><strong><em>circa</em></strong></span> <span class='ocrx_word' id='word_1_109' title='bbox 1599 2738 1803 2795; x_wconf 84' lang='lat' dir='ltr'><strong><em>Christi</em></strong></span> <span class='ocrx_word' id='word_1_110' title='bbox 1833 2756 2036 2795; x_wconf 91' lang='lat' dir='ltr'><strong><em>annum</em></strong></span> <span class='ocrx_word' id='word_1_111' title='bbox 2062 2756 2232 2796; x_wconf 69' lang='lat' dir='ltr'><strong><em>ceu:</em></strong></span> 
     </span>
    </p>
   </div>
   <div class='ocr_carea' id='block_1_15' title="bbox 679 2829 2233 2905">
    <p class='ocr_par' dir='ltr' id='par_1_15' title="bbox 679 2829 2233 2905">
     <span class='ocr_line' id='line_1_15' title="bbox 679 2829 2233 2905; baseline -0.002 -17"><span class='ocrx_word' id='word_1_112' title='bbox 679 2834 939 2888; x_wconf 78' lang='lat' dir='ltr'><strong><em>claruisse</em></strong></span> <span class='ocrx_word' id='word_1_113' title='bbox 960 2832 1304 2901; x_wconf 89' lang='lat' dir='ltr'><strong><em>eomperitur.</em></strong></span> <span class='ocrx_word' id='word_1_114' title='bbox 1334 2829 1644 2905; x_wconf 62' lang='lat' dir='ltr'><strong><em>Grecorum</em></strong></span> <span class='ocrx_word' id='word_1_115' title='bbox 1676 2831 1864 2885; x_wconf 76' lang='lat' dir='ltr'><strong><em>litteris</em></strong></span> <span class='ocrx_word' id='word_1_116' title='bbox 1890 2833 2233 2886; x_wconf 82' lang='lat' dir='ltr'><strong><em>vehementer</em></strong></span> 
     </span>
    </p>
   </div>
   <div class='ocr_carea' id='block_1_16' title="bbox 677 2921 2233 2991">
    <p class='ocr_par' dir='ltr' id='par_1_16' title="bbox 677 2921 2233 2991">
     <span class='ocr_line' id='line_1_16' title="bbox 677 2921 2233 2991; baseline 0 -14"><span class='ocrx_word' id='word_1_117' title='bbox 677 2925 945 2988; x_wconf 84' lang='lat' dir='ltr'><strong><em>excultus,</em></strong></span> <span class='ocrx_word' id='word_1_118' title='bbox 976 2924 1173 2979; x_wconf 78' lang='lat' dir='ltr'><strong><em>scholae</em></strong></span> <span class='ocrx_word' id='word_1_119' title='bbox 1204 2921 1510 2990; x_wconf 78' lang='lat' dir='ltr'><strong><em>sophiStica:</em></strong></span> <span class='ocrx_word' id='word_1_120' title='bbox 1542 2924 1682 2991; x_wconf 87' lang='lat' dir='ltr'><strong><em>apud</em></strong></span> <span class='ocrx_word' id='word_1_121' title='bbox 1715 2923 2056 2977; x_wconf 82' lang='lat' dir='ltr'><strong><em>Antiochiam</em></strong></span> <span class='ocrx_word' id='word_1_122' title='bbox 2095 2938 2233 2990; x_wconf 75' lang='lat' dir='ltr'><strong><em>pra:-</em></strong></span> 
     </span>
    </p>
   </div>
   <div class='ocr_carea' id='block_1_17' title="bbox 678 3010 2231 3083">
    <p class='ocr_par' dir='ltr' id='par_1_17' title="bbox 678 3010 2231 3083">
     <span class='ocr_line' id='line_1_17' title="bbox 678 3010 2231 3083; baseline 0 -16"><span class='ocrx_word' id='word_1_123' title='bbox 678 3013 813 3080; x_wconf 77' lang='lat' dir='ltr'><strong><em>fuit,</em></strong></span> <span class='ocrx_word' id='word_1_124' title='bbox 851 3015 995 3079; x_wconf 89' lang='lat' dir='ltr'><strong><em>sive,</em></strong></span> <span class='ocrx_word' id='word_1_125' title='bbox 1032 3024 1091 3068; x_wconf 90' lang='lat' dir='ltr'><strong><em>ut</em></strong></span> <span class='ocrx_word' id='word_1_126' title='bbox 1128 3014 1367 3082; x_wconf 87' lang='lat' dir='ltr'><strong><em>loquitur</em></strong></span> <span class='ocrx_word' id='word_1_127' title='bbox 1399 3010 1743 3083; x_wconf 29' lang='lat' dir='ltr'><strong><em>Ilii-ronym...</em></strong></span> <span class='ocrx_word' id='word_1_128' title='bbox 1802 3013 1908 3081; x_wconf 42' lang='lat'><strong><em>&#39;2).</em></strong></span> <span class='ocrx_word' id='word_1_129' title='bbox 1954 3017 2007 3068; x_wconf 83' lang='lat' dir='ltr'><strong><em>in</em></strong></span> <span class='ocrx_word' id='word_1_130' title='bbox 2048 3016 2231 3069; x_wconf 86' lang='lat' dir='ltr'><strong><em>eadem</em></strong></span> 
     </span>
    </p>
   </div>
   <div class='ocr_carea' id='block_1_18' title="bbox 676 3100 2231 3172">
    <p class='ocr_par' dir='ltr' id='par_1_18' title="bbox 676 3100 2231 3172">
     <span class='ocr_line' id='line_1_18' title="bbox 676 3100 2231 3172; baseline 0.001 -15"><span class='ocrx_word' id='word_1_131' title='bbox 676 3105 803 3157; x_wconf 86' lang='lat' dir='ltr'><strong><em>urbe</em></strong></span> <span class='ocrx_word' id='word_1_132' title='bbox 850 3104 1161 3157; x_wconf 69' lang='lat' dir='ltr'><strong><em>rhetoricam</em></strong></span> <span class='ocrx_word' id='word_1_133' title='bbox 1213 3103 1579 3170; x_wconf 81' lang='lat' dir='ltr'><strong><em>ﬂorentissime</em></strong></span> <span class='ocrx_word' id='word_1_134' title='bbox 1626 3104 1824 3156; x_wconf 87' lang='lat' dir='ltr'><strong><em>docuit.</em></strong></span> <span class='ocrx_word' id='word_1_135' title='bbox 1876 3100 2058 3172; x_wconf 77' lang='lat' dir='ltr'><strong><em>Neque</em></strong></span> <span class='ocrx_word' id='word_1_136' title='bbox 2102 3120 2231 3159; x_wconf 88' lang='lat' dir='ltr'><strong><em>vero</em></strong></span> 
     </span>
    </p>
   </div>
   <div class='ocr_carea' id='block_1_19' title="bbox 676 3192 2230 3249">
    <p class='ocr_par' dir='ltr' id='par_1_19' title="bbox 676 3192 2230 3249">
     <span class='ocr_line' id='line_1_19' title="bbox 676 3192 2230 3249; baseline 0.001 -2"><span class='ocrx_word' id='word_1_137' title='bbox 676 3194 921 3247; x_wconf 88' lang='lat' dir='ltr'><strong><em>doctrina</em></strong></span> <span class='ocrx_word' id='word_1_138' title='bbox 959 3194 1134 3248; x_wconf 90' lang='lat' dir='ltr'><strong><em>solum</em></strong></span> <span class='ocrx_word' id='word_1_139' title='bbox 1171 3201 1224 3246; x_wconf 91' lang='lat' dir='ltr'><strong><em>et</em></strong></span> <span class='ocrx_word' id='word_1_140' title='bbox 1264 3192 1567 3246; x_wconf 87' lang='lat' dir='ltr'><strong><em>eruditione</em></strong></span> <span class='ocrx_word' id='word_1_141' title='bbox 1598 3192 1841 3247; x_wconf 65' lang='lat' dir='ltr'><strong><em>saeculari</em></strong></span> <span class='ocrx_word' id='word_1_142' title='bbox 1871 3196 2119 3249; x_wconf 78' lang='lat' dir='ltr'><strong><em>excelluit</em></strong></span> <span class='ocrx_word' id='word_1_143' title='bbox 2150 3197 2230 3248; x_wconf 80' lang='lat' dir='ltr'><strong><em>vir</em></strong></span> 
     </span>
    </p>
   </div>
   <div class='ocr_carea' id='block_1_20' title="bbox 673 3280 2228 3352">
    <p class='ocr_par' dir='ltr' id='par_1_20' title="bbox 673 3280 2228 3352">
     <span class='ocr_line' id='line_1_20' title="bbox 673 3280 2228 3352; baseline 0.001 -16"><span class='ocrx_word' id='word_1_144' title='bbox 673 3280 950 3352; x_wconf 83' lang='lat' dir='ltr'><strong><em>egregius,</em></strong></span> <span class='ocrx_word' id='word_1_145' title='bbox 982 3283 1074 3336; x_wconf 88' lang='lat' dir='ltr'><strong><em>sed</em></strong></span> <span class='ocrx_word' id='word_1_146' title='bbox 1106 3283 1265 3336; x_wconf 89' lang='lat' dir='ltr'><strong><em>etiam</em></strong></span> <span class='ocrx_word' id='word_1_147' title='bbox 1306 3281 1376 3335; x_wconf 90' lang='lat' dir='ltr'><strong><em>ob</em></strong></span> <span class='ocrx_word' id='word_1_148' title='bbox 1403 3280 1724 3334; x_wconf 83' lang='lat' dir='ltr'><strong><em>eminentem</em></strong></span> <span class='ocrx_word' id='word_1_149' title='bbox 1757 3280 2077 3336; x_wconf 71' lang='lat' dir='ltr'><strong><em>Christiana:</em></strong></span> <span class='ocrx_word' id='word_1_150' title='bbox 2108 3284 2228 3339; x_wconf 82' lang='lat' dir='ltr'><strong><em>ﬁdei</em></strong></span> 
     </span>
    </p>
   </div>
   <div class='ocr_carea' id='block_1_21' title="bbox 674 3374 2227 3447">
    <p class='ocr_par' dir='ltr' id='par_1_21' title="bbox 674 3374 2227 3447">
     <span class='ocr_line' id='line_1_21' title="bbox 674 3374 2227 3447; baseline -0.001 -16"><span class='ocrx_word' id='word_1_151' title='bbox 674 3376 1074 3441; x_wconf 79' lang='lat' dir='ltr'><strong><em>sinceritatem,</em></strong></span> <span class='ocrx_word' id='word_1_152' title='bbox 1108 3376 1421 3447; x_wconf 77' lang='lat' dir='ltr'><strong><em>presbyterii</em></strong></span> <span class='ocrx_word' id='word_1_153' title='bbox 1457 3377 1718 3430; x_wconf 87' lang='lat' dir='ltr'><strong><em>honorem</em></strong></span> <span class='ocrx_word' id='word_1_154' title='bbox 1761 3374 1815 3428; x_wconf 88' lang='lat' dir='ltr'><strong><em>in</em></strong></span> <span class='ocrx_word' id='word_1_155' title='bbox 1848 3374 1965 3443; x_wconf 85' lang='lat' dir='ltr'><strong><em>ejus</em></strong></span> <span class='ocrx_word' id='word_1_156' title='bbox 1992 3374 2096 3428; x_wconf 89' lang='lat' dir='ltr'><strong><em>loci</em></strong></span> <span class='ocrx_word' id='word_1_157' title='bbox 2127 3376 2227 3430; x_wconf 83' lang='lat' dir='ltr'><strong><em>Ec-</em></strong></span> 
     </span>
    </p>
   </div>
   <div class='ocr_carea' id='block_1_22' title="bbox 674 3465 2228 3538">
    <p class='ocr_par' dir='ltr' id='par_1_22' title="bbox 674 3465 2228 3538">
     <span class='ocr_line' id='line_1_22' title="bbox 674 3465 2228 3538; baseline -0.002 -17"><span class='ocrx_word' id='word_1_158' title='bbox 674 3469 837 3532; x_wconf 87' lang='lat' dir='ltr'><strong><em>clesia</em></strong></span> <span class='ocrx_word' id='word_1_159' title='bbox 869 3478 953 3523; x_wconf 90' lang='lat' dir='ltr'><strong><em>est</em></strong></span> <span class='ocrx_word' id='word_1_160' title='bbox 989 3478 1350 3523; x_wconf 87' lang='lat' dir='ltr'><strong><em>consecutus:</em></strong></span> <span class='ocrx_word' id='word_1_161' title='bbox 1392 3466 1466 3519; x_wconf 86' lang='grc' dir='ltr'><strong><em>Οὑ</em></strong></span> <span class='ocrx_word' id='word_1_162' title='bbox 1504 3467 1607 3538; x_wconf 73' lang='grc' dir='ltr'><strong><em>μὴν</em></strong></span> <span class='ocrx_word' id='word_1_163' title='bbox 1649 3465 1783 3519; x_wconf 84' lang='grc' dir='ltr'><strong><em>ἀλλὰ</em></strong></span> <span class='ocrx_word' id='word_1_164' title='bbox 1825 3466 1919 3520; x_wconf 73' lang='grc' dir='ltr'>καὶ</span> <span class='ocrx_word' id='word_1_165' title='bbox 1948 3466 2016 3519; x_wconf 86' lang='grc' dir='ltr'>δι’</span> <span class='ocrx_word' id='word_1_166' title='bbox 2061 3468 2228 3538; x_wconf 88' lang='grc' dir='ltr'>ὑπερ-</span> 
     </span>
    </p>
   </div>
   <div class='ocr_carea' id='block_1_23' title="bbox 675 3557 2229 3631">
    <p class='ocr_par' dir='ltr' id='par_1_23' title="bbox 675 3557 2229 3631">
     <span class='ocr_line' id='line_1_23' title="bbox 675 3557 2229 3631; baseline 0.001 -21"><span class='ocrx_word' id='word_1_167' title='bbox 675 3557 967 3613; x_wconf 66' lang='grc' dir='ltr'><strong><em>ϐάλλουσαν</em></strong></span> <span class='ocrx_word' id='word_1_168' title='bbox 984 3560 1087 3631; x_wconf 81' lang='grc' dir='ltr'><strong><em>’τῆς</em></strong></span> <span class='ocrx_word' id='word_1_169' title='bbox 1114 3561 1193 3622; x_wconf 77' lang='grc' dir='ltr'><strong><em>εἰς</em></strong></span> <span class='ocrx_word' id='word_1_170' title='bbox 1209 3558 1437 3629; x_wconf 74' lang='grc' dir='ltr'><strong><em>Χριστὸν</em></strong></span> <span class='ocrx_word' id='word_1_171' title='bbox 1454 3558 1684 3621; x_wconf 81' lang='grc' dir='ltr'>πίστεως</span> <span class='ocrx_word' id='word_1_172' title='bbox 1713 3558 2065 3630; x_wconf 83' lang='grc' dir='ltr'><strong><em>γνησιότητα,</em></strong></span> <span class='ocrx_word' id='word_1_173' title='bbox 2097 3575 2229 3629; x_wconf 83' lang='grc' dir='ltr'><strong><em>πρε-</em></strong></span> 
     </span>
    </p>
   </div>
   <div class='ocr_carea' id='block_1_24' title="bbox 676 3648 1948 3721">
    <p class='ocr_par' dir='ltr' id='par_1_24' title="bbox 676 3648 1948 3721">
     <span class='ocr_line' id='line_1_24' title="bbox 676 3648 1948 3721; baseline 0.002 -19"><span class='ocrx_word' id='word_1_174' title='bbox 676 3649 952 3719; x_wconf 76' lang='grc' dir='ltr'><strong><em>σϐυτερίου</em></strong></span> <span class='ocrx_word' id='word_1_175' title='bbox 984 3652 1083 3721; x_wconf 78' lang='grc' dir='ltr'><strong><em>τῆς</em></strong></span> <span class='ocrx_word' id='word_1_176' title='bbox 1115 3649 1299 3704; x_wconf 79' lang='grc' dir='ltr'><strong><em>αὐτόθι</em></strong></span> <span class='ocrx_word' id='word_1_177' title='bbox 1325 3650 1611 3719; x_wconf 78' lang='grc' dir='ltr'><strong><em>παροικίας</em></strong></span> <span class='ocrx_word' id='word_1_178' title='bbox 1634 3648 1948 3719; x_wconf 79' lang='grc' dir='ltr'><strong><em>ἠξιωμένος.</em></strong></span> 
     </span>
    </p>
   </div>
   <div class='ocr_carea' id='block_1_25' title="bbox 748 3740 2226 3814">
    <p class='ocr_par' dir='ltr' id='par_1_25' title="bbox 748 3740 2226 3814">
     <span class='ocr_line' id='line_1_25' title="bbox 748 3740 2226 3814; baseline -0.001 -19"><span class='ocrx_word' id='word_1_179' title='bbox 748 3741 962 3814; x_wconf 75' lang='lat' dir='ltr'><strong><em>Synodo</em></strong></span> <span class='ocrx_word' id='word_1_180' title='bbox 990 3742 1335 3795; x_wconf 75' lang='lat' dir='ltr'><strong><em>Antiochente</em></strong></span> <span class='ocrx_word' id='word_1_181' title='bbox 1363 3740 1681 3809; x_wconf 88' lang='lat' dir='ltr'><strong><em>posteriori,</em></strong></span> <span class='ocrx_word' id='word_1_182' title='bbox 1710 3754 1873 3809; x_wconf 83' lang='lat' dir='ltr'><strong><em>quam</em></strong></span> <span class='ocrx_word' id='word_1_183' title='bbox 1903 3750 2226 3810; x_wconf 81' lang='lat' dir='ltr'><strong><em>postremam</em></strong></span> 
     </span>
    </p>
   </div>
   <div class='ocr_carea' id='block_1_26' title="bbox 673 3831 2229 3904">
    <p class='ocr_par' dir='ltr' id='par_1_26' title="bbox 673 3831 2229 3904">
     <span class='ocr_line' id='line_1_26' title="bbox 673 3831 2229 3904; baseline -0.004 -15"><span class='ocrx_word' id='word_1_184' title='bbox 673 3842 831 3889; x_wconf 86' lang='lat' dir='ltr'><strong><em>vocat</em></strong></span> <span class='ocrx_word' id='word_1_185' title='bbox 862 3832 1126 3889; x_wconf 79' lang='lat' dir='ltr'><strong><em>Eusebius</em></strong></span> <span class='ocrx_word' id='word_1_186' title='bbox 1151 3834 1261 3904; x_wconf 85' lang='grc'><strong><em>(5),</em></strong></span> <span class='ocrx_word' id='word_1_187' title='bbox 1292 3831 1608 3893; x_wconf 82' lang='grc' dir='ltr'><strong><em>τελευταίας</em></strong></span> <span class='ocrx_word' id='word_1_188' title='bbox 1664 3832 2119 3902; x_wconf 74' lang='grc' dir='ltr'><strong><em>συγκρατηθείσης</em></strong></span> <span class='ocrx_word' id='word_1_189' title='bbox 2159 3861 2229 3871; x_wconf 88' lang='lat'><strong><em>—</em></strong></span> 
     </span>
    </p>
   </div>
   <div class='ocr_carea' id='block_1_27' title="bbox 675 3923 2228 3992">
    <p class='ocr_par' dir='ltr' id='par_1_27' title="bbox 675 3923 2228 3992">
     <span class='ocr_line' id='line_1_27' title="bbox 675 3923 2228 3992; baseline -0.001 -13"><span class='ocrx_word' id='word_1_190' title='bbox 675 3926 923 3990; x_wconf 82' lang='grc' dir='ltr'><strong><em>συνόδου,</em></strong></span> <span class='ocrx_word' id='word_1_191' title='bbox 981 3925 1223 3980; x_wconf 84' lang='lat' dir='ltr'><strong><em>interfuit</em></strong></span> <span class='ocrx_word' id='word_1_192' title='bbox 1274 3923 1574 3991; x_wconf 79' lang='lat' dir='ltr'><strong><em>Malchion;</em></strong></span> <span class='ocrx_word' id='word_1_193' title='bbox 1642 3926 1695 3979; x_wconf 91' lang='lat' dir='ltr'><strong><em>in</em></strong></span> <span class='ocrx_word' id='word_1_194' title='bbox 1745 3938 1917 3992; x_wconf 87' lang='lat' dir='ltr'><strong><em>eaque</em></strong></span> <span class='ocrx_word' id='word_1_195' title='bbox 1970 3923 2228 3977; x_wconf 88' lang='lat' dir='ltr'><strong><em>adversus</em></strong></span> 
     </span>
    </p>
   </div>
   <div class='ocr_carea' id='block_1_28' title="bbox 673 4013 2228 4085">
    <p class='ocr_par' dir='ltr' id='par_1_28' title="bbox 673 4013 2228 4085">
     <span class='ocr_line' id='line_1_28' title="bbox 673 4013 2228 4085; baseline -0.003 -14"><span class='ocrx_word' id='word_1_196' title='bbox 673 4016 901 4071; x_wconf 81' lang='lat' dir='ltr'><strong><em>Paulum</em></strong></span> <span class='ocrx_word' id='word_1_197' title='bbox 959 4015 1372 4071; x_wconf 88' lang='lat' dir='ltr'><strong><em>Samosatenum</em></strong></span> <span class='ocrx_word' id='word_1_198' title='bbox 1425 4017 1518 4085; x_wconf 85' lang='lat' dir='ltr'><strong><em>qui</em></strong></span> <span class='ocrx_word' id='word_1_199' title='bbox 1573 4014 1827 4069; x_wconf 80' lang='lat' dir='ltr'><strong><em>Ecclesia:</em></strong></span> <span class='ocrx_word' id='word_1_200' title='bbox 1880 4013 2228 4068; x_wconf 75' lang='lat' dir='ltr'><strong><em>Antiochenu:</em></strong></span> 
     </span>
    </p>
   </div>
   <div class='ocr_carea' id='block_1_29' title="bbox 673 4105 2231 4176">
    <p class='ocr_par' dir='ltr' id='par_1_29' title="bbox 673 4105 2231 4176">
     <span class='ocr_line' id='line_1_29' title="bbox 673 4105 2231 4176; baseline -0.002 -16"><span class='ocrx_word' id='word_1_201' title='bbox 673 4106 957 4176; x_wconf 85' lang='lat' dir='ltr'><strong><em>episcopus</em></strong></span> <span class='ocrx_word' id='word_1_202' title='bbox 990 4106 1298 4161; x_wconf 85' lang='lat' dir='ltr'><strong><em>Artemonis</em></strong></span> <span class='ocrx_word' id='word_1_203' title='bbox 1333 4106 1579 4161; x_wconf 65' lang='lat' dir='ltr'><strong><em>haeresim</em></strong></span> <span class='ocrx_word' id='word_1_204' title='bbox 1626 4106 1988 4170; x_wconf 75' lang='lat' dir='ltr'><strong><em>instaurant,</em></strong></span> <span class='ocrx_word' id='word_1_205' title='bbox 2035 4105 2231 4159; x_wconf 87' lang='lat' dir='ltr'><strong><em>acriter</em></strong></span> 
     </span>
    </p>
   </div>
   <div class='ocr_carea' id='block_1_30' title="bbox 674 4198 2227 4268">
    <p class='ocr_par' dir='ltr' id='par_1_30' title="bbox 674 4198 2227 4268">
     <span class='ocr_line' id='line_1_30' title="bbox 674 4198 2227 4268; baseline 0 -16"><span class='ocrx_word' id='word_1_206' title='bbox 674 4199 991 4266; x_wconf 87' lang='lat' dir='ltr'><strong><em>disputavit,</em></strong></span> <span class='ocrx_word' id='word_1_207' title='bbox 1018 4199 1406 4268; x_wconf 79' lang='lat' dir='ltr'><strong><em>excipientibus</em></strong></span> <span class='ocrx_word' id='word_1_208' title='bbox 1438 4206 1634 4255; x_wconf 89' lang='lat' dir='ltr'><strong><em>cuncta</em></strong></span> <span class='ocrx_word' id='word_1_209' title='bbox 1672 4199 1936 4264; x_wconf 88' lang='lat' dir='ltr'><strong><em>notariis;</em></strong></span> <span class='ocrx_word' id='word_1_210' title='bbox 1972 4198 2227 4268; x_wconf 84' lang='lat' dir='ltr'><strong><em>solusque</em></strong></span> 
     </span>
    </p>
   </div>
   <div class='ocr_carea' id='block_1_31' title="bbox 673 4288 2231 4346">
    <p class='ocr_par' dir='ltr' id='par_1_31' title="bbox 673 4288 2231 4346">
     <span class='ocr_line' id='line_1_31' title="bbox 673 4288 2231 4346; baseline 0.002 -4"><span class='ocrx_word' id='word_1_211' title='bbox 673 4288 913 4342; x_wconf 89' lang='lat' dir='ltr'><strong><em>omnium</em></strong></span> <span class='ocrx_word' id='word_1_212' title='bbox 953 4289 1193 4342; x_wconf 85' lang='lat' dir='ltr'><strong><em>occultos</em></strong></span> <span class='ocrx_word' id='word_1_213' title='bbox 1226 4290 1462 4345; x_wconf 88' lang='lat' dir='ltr'><strong><em>hominis</em></strong></span> <span class='ocrx_word' id='word_1_214' title='bbox 1500 4305 1691 4346; x_wconf 83' lang='lat' dir='ltr'><strong><em>sensus</em></strong></span> <span class='ocrx_word' id='word_1_215' title='bbox 1729 4304 1792 4344; x_wconf 87' lang='lat' dir='ltr'><strong><em>ac</em></strong></span> <span class='ocrx_word' id='word_1_216' title='bbox 1830 4288 2044 4345; x_wconf 75' lang='lat' dir='ltr'><strong><em>fraudes</em></strong></span> <span class='ocrx_word' id='word_1_217' title='bbox 2081 4290 2231 4345; x_wconf 77' lang='lat' dir='ltr'><strong><em>dete-</em></strong></span> 
     </span>
    </p>
   </div>
   <div class='ocr_carea' id='block_1_32' title="bbox 576 4376 2224 4449">
    <p class='ocr_par' dir='ltr' id='par_1_32' title="bbox 576 4376 2224 4449">
     <span class='ocr_line' id='line_1_32' title="bbox 576 4376 2224 4449; baseline 0.001 -18"><span class='ocrx_word' id='word_1_218' title='bbox 576 4402 581 4408; x_wconf 61' lang='grc' dir='ltr'><strong><em>ι</em></strong></span> <span class='ocrx_word' id='word_1_219' title='bbox 672 4392 797 4449; x_wconf 88' lang='lat' dir='ltr'><strong><em>gere</em></strong></span> <span class='ocrx_word' id='word_1_220' title='bbox 842 4376 1027 4429; x_wconf 80' lang='lat' dir='ltr'><strong><em>valuit.</em></strong></span> <span class='ocrx_word' id='word_1_221' title='bbox 1078 4376 1193 4441; x_wconf 86' lang='lat' dir='ltr'><strong><em>Qua</em></strong></span> <span class='ocrx_word' id='word_1_222' title='bbox 1241 4378 1455 4446; x_wconf 86' lang='lat' dir='ltr'><strong><em>quidem</em></strong></span> <span class='ocrx_word' id='word_1_223' title='bbox 1506 4394 1571 4431; x_wconf 78' lang='lat' dir='ltr'><strong><em>ex</em></strong></span> <span class='ocrx_word' id='word_1_224' title='bbox 1615 4378 1982 4433; x_wconf 83' lang='lat' dir='ltr'><strong><em>confutatione</em></strong></span> <span class='ocrx_word' id='word_1_225' title='bbox 2023 4389 2224 4434; x_wconf 88' lang='lat' dir='ltr'><strong><em>tantam</em></strong></span> 
     </span>
    </p>
   </div>
   <div class='ocr_carea' id='block_1_33' title="bbox 673 4466 2225 4539">
    <p class='ocr_par' dir='ltr' id='par_1_33' title="bbox 673 4466 2225 4539">
     <span class='ocr_line' id='line_1_33' title="bbox 673 4466 2225 4539; baseline 0.001 -18"><span class='ocrx_word' id='word_1_226' title='bbox 673 4466 899 4538; x_wconf 75' lang='lat' dir='ltr'><strong><em>gloriam</em></strong></span> <span class='ocrx_word' id='word_1_227' title='bbox 948 4466 1132 4521; x_wconf 88' lang='lat' dir='ltr'><strong><em>retulit</em></strong></span> <span class='ocrx_word' id='word_1_228' title='bbox 1170 4478 1353 4520; x_wconf 91' lang='lat' dir='ltr'><strong><em>noster</em></strong></span> <span class='ocrx_word' id='word_1_229' title='bbox 1390 4478 1595 4533; x_wconf 85' lang='lat' dir='ltr'><strong><em>auctor,</em></strong></span> <span class='ocrx_word' id='word_1_230' title='bbox 1639 4468 1816 4535; x_wconf 84' lang='lat' dir='ltr'><strong><em>inquit</em></strong></span> <span class='ocrx_word' id='word_1_231' title='bbox 1848 4467 2094 4523; x_wconf 79' lang='lat' dir='ltr'><strong><em>Valesius</em></strong></span> <span class='ocrx_word' id='word_1_232' title='bbox 2128 4471 2225 4539; x_wconf 80' lang='grc'><strong><em>(4),</em></strong></span> 
     </span>
    </p>
   </div>
   <div class='ocr_carea' id='block_1_34' title="bbox 674 4556 2223 4628">
    <p class='ocr_par' dir='ltr' id='par_1_34' title="bbox 674 4556 2223 4628">
     <span class='ocr_line' id='line_1_34' title="bbox 674 4556 2223 4628; baseline 0.001 -15"><span class='ocrx_word' id='word_1_233' title='bbox 674 4569 733 4613; x_wconf 80' lang='grc' dir='ltr'><strong><em>ιιι</em></strong></span> <span class='ocrx_word' id='word_1_234' title='bbox 762 4574 825 4614; x_wconf 85' lang='lat' dir='ltr'><strong><em>ea</em></strong></span> <span class='ocrx_word' id='word_1_235' title='bbox 862 4558 928 4612; x_wconf 80' lang='lat' dir='ltr'><strong><em>de</em></strong></span> <span class='ocrx_word' id='word_1_236' title='bbox 964 4572 1126 4611; x_wconf 87' lang='lat' dir='ltr'><strong><em>causa</em></strong></span> <span class='ocrx_word' id='word_1_237' title='bbox 1165 4558 1217 4609; x_wconf 88' lang='lat' dir='ltr'><strong><em>in</em></strong></span> <span class='ocrx_word' id='word_1_238' title='bbox 1247 4556 1557 4628; x_wconf 83' lang='lat' dir='ltr'><strong><em>Menologiis</em></strong></span> <span class='ocrx_word' id='word_1_239' title='bbox 1584 4558 1895 4613; x_wconf 64' lang='lat' dir='ltr'><strong><em>Graecorum</em></strong></span> <span class='ocrx_word' id='word_1_240' title='bbox 1929 4561 2017 4614; x_wconf 91' lang='lat' dir='ltr'><strong><em>die</em></strong></span> <span class='ocrx_word' id='word_1_241' title='bbox 2061 4577 2223 4615; x_wconf 78' lang='lat' dir='ltr'><strong><em>xxvnt</em></strong></span> 
     </span>
    </p>
   </div>
   <div class='ocr_carea' id='block_1_35' title="bbox 674 4638 1549 4705">
    <p class='ocr_par' dir='ltr' id='par_1_35' title="bbox 674 4638 1549 4705">
     <span class='ocr_line' id='line_1_35' title="bbox 674 4638 1549 4705; baseline -0.003 0"><span class='ocrx_word' id='word_1_242' title='bbox 674 4649 918 4705; x_wconf 89' lang='lat' dir='ltr'><strong><em>Octobris</em></strong></span> <span class='ocrx_word' id='word_1_243' title='bbox 949 4638 1251 4703; x_wconf 86' lang='lat' dir='ltr'><strong><em>consecrari</em></strong></span> <span class='ocrx_word' id='word_1_244' title='bbox 1275 4651 1549 4702; x_wconf 88' lang='lat' dir='ltr'><strong><em>meruerit.</em></strong></span> 
     </span>
    </p>
   </div>
   <div class='ocr_carea' id='block_1_36' title="bbox 739 4734 2224 4810">
    <p class='ocr_par' dir='ltr' id='par_1_36' title="bbox 739 4734 2224 4810">
     <span class='ocr_line' id='line_1_36' title="bbox 739 4734 2224 4810; baseline 0.001 -18"><span class='ocrx_word' id='word_1_245' title='bbox 739 4739 804 4794; x_wconf 87' lang='grc' dir='ltr'>ιι.</span> <span class='ocrx_word' id='word_1_246' title='bbox 846 4734 925 4795; x_wconf 81' lang='lat' dir='ltr'><strong><em>Ex</em></strong></span> <span class='ocrx_word' id='word_1_247' title='bbox 974 4740 1077 4795; x_wconf 89' lang='lat' dir='ltr'><strong><em>hac</em></strong></span> <span class='ocrx_word' id='word_1_248' title='bbox 1124 4748 1301 4793; x_wconf 90' lang='lat' dir='ltr'><strong><em>autem</em></strong></span> <span class='ocrx_word' id='word_1_249' title='bbox 1353 4739 1405 4791; x_wconf 92' lang='lat' dir='ltr'><strong><em>in</em></strong></span> <span class='ocrx_word' id='word_1_250' title='bbox 1443 4740 1639 4793; x_wconf 86' lang='lat' dir='ltr'><strong><em>tabulis</em></strong></span> <span class='ocrx_word' id='word_1_251' title='bbox 1679 4739 1877 4795; x_wconf 72' lang='lat' dir='ltr'><strong><em>Graecis</em></strong></span> <span class='ocrx_word' id='word_1_252' title='bbox 1910 4742 2224 4810; x_wconf 86' lang='lat' dir='ltr'><strong><em>consignata</em></strong></span> 
     </span>
    </p>
   </div>
   <div class='ocr_carea' id='block_1_37' title="bbox 674 4824 2223 4900">
    <p class='ocr_par' dir='ltr' id='par_1_37' title="bbox 674 4824 2223 4900">
     <span class='ocr_line' id='line_1_37' title="bbox 674 4824 2223 4900; baseline 0.003 -21"><span class='ocrx_word' id='word_1_253' title='bbox 674 4827 990 4884; x_wconf 81' lang='lat' dir='ltr'><strong><em>Malchionis</em></strong></span> <span class='ocrx_word' id='word_1_254' title='bbox 1018 4830 1310 4895; x_wconf 88' lang='lat' dir='ltr'><strong><em>memoria,</em></strong></span> <span class='ocrx_word' id='word_1_255' title='bbox 1342 4829 1758 4882; x_wconf 83' lang='lat' dir='ltr'><strong><em>existimaverim</em></strong></span> <span class='ocrx_word' id='word_1_256' title='bbox 1798 4830 2045 4900; x_wconf 87' lang='lat' dir='ltr'><strong><em>equidem</em></strong></span> <span class='ocrx_word' id='word_1_257' title='bbox 2082 4824 2223 4885; x_wconf 84' lang='lat' dir='ltr'><strong><em>cele-</em></strong></span> 
     </span>
    </p>
   </div>
   <div class='ocr_carea' id='block_1_38' title="bbox 676 4915 2224 4990">
    <p class='ocr_par' dir='ltr' id='par_1_38' title="bbox 676 4915 2224 4990">
     <span class='ocr_line' id='line_1_38' title="bbox 676 4915 2224 4990; baseline 0.003 -21"><span class='ocrx_word' id='word_1_258' title='bbox 676 4915 883 4971; x_wconf 88' lang='lat' dir='ltr'><strong><em>bratam</em></strong></span> <span class='ocrx_word' id='word_1_259' title='bbox 912 4920 1091 4975; x_wconf 79' lang='lat' dir='ltr'><strong><em>fuisse.</em></strong></span> <span class='ocrx_word' id='word_1_260' title='bbox 1111 4921 1249 4976; x_wconf 90' lang='lat' dir='ltr'><strong><em>hanc</em></strong></span> <span class='ocrx_word' id='word_1_261' title='bbox 1275 4920 1539 4990; x_wconf 85' lang='lat' dir='ltr'><strong><em>synodum</em></strong></span> <span class='ocrx_word' id='word_1_262' title='bbox 1570 4935 1711 4974; x_wconf 89' lang='lat' dir='ltr'><strong><em>anno</em></strong></span> <span class='ocrx_word' id='word_1_263' title='bbox 1737 4936 1925 4975; x_wconf 77' lang='lat' dir='ltr'><strong><em>ccutx</em></strong></span> <span class='ocrx_word' id='word_1_264' title='bbox 1946 4923 2224 4977; x_wconf 88' lang='lat' dir='ltr'><strong><em>desinente</em></strong></span> 
     </span>
    </p>
   </div>
   <div class='ocr_carea' id='block_1_39' title="bbox 677 5010 2222 5082">
    <p class='ocr_par' dir='ltr' id='par_1_39' title="bbox 677 5010 2222 5082">
     <span class='ocr_line' id='line_1_39' title="bbox 677 5010 2222 5082; baseline 0.005 -22"><span class='ocrx_word' id='word_1_265' title='bbox 677 5018 841 5077; x_wconf 77' lang='lat' dir='ltr'><strong><em>atque</em></strong></span> <span class='ocrx_word' id='word_1_266' title='bbox 894 5010 1205 5081; x_wconf 84' lang='lat' dir='ltr'><strong><em>insequente</em></strong></span> <span class='ocrx_word' id='word_1_267' title='bbox 1251 5020 1613 5082; x_wconf 75' lang='lat' dir='ltr'><strong><em>prorogatam.</em></strong></span> <span class='ocrx_word' id='word_1_268' title='bbox 1681 5012 2043 5069; x_wconf 79' lang='lat' dir='ltr'><strong><em>Conﬁrmatur</em></strong></span> <span class='ocrx_word' id='word_1_269' title='bbox 2096 5028 2222 5068; x_wconf 87' lang='lat' dir='ltr'><strong><em>vero</em></strong></span> 
     </span>
    </p>
   </div>
   <div class='ocr_carea' id='block_1_40' title="bbox 748 5201 1975 5276">
    <p class='ocr_par' dir='ltr' id='par_1_40' title="bbox 748 5201 1975 5276">
     <span class='ocr_line' id='line_1_40' title="bbox 748 5201 1975 5276; baseline 0.007 -22"><span class='ocrx_word' id='word_1_270' title='bbox 748 5202 825 5276; x_wconf 70' lang='lat' dir='ltr'><strong><em>(l)</em></strong></span> <span class='ocrx_word' id='word_1_271' title='bbox 863 5201 1083 5276; x_wconf 45' lang='lat' dir='ltr'><strong><em>Euscbq</em></strong></span> <span class='ocrx_word' id='word_1_272' title='bbox 1119 5204 1255 5276; x_wconf 78' lang='lat' dir='ltr'><strong><em>Hist.</em></strong></span> <span class='ocrx_word' id='word_1_273' title='bbox 1288 5208 1444 5269; x_wconf 85' lang='lat' dir='ltr'><strong><em>eccl.,</em></strong></span> <span class='ocrx_word' id='word_1_274' title='bbox 1480 5206 1572 5259; x_wconf 90' lang='lat' dir='ltr'><strong><em>lib.</em></strong></span> <span class='ocrx_word' id='word_1_275' title='bbox 1598 5221 1710 5269; x_wconf 84' lang='lat' dir='ltr'><strong><em>vn,</em></strong></span> <span class='ocrx_word' id='word_1_276' title='bbox 1739 5223 1856 5276; x_wconf 83' lang='lat' dir='ltr'><strong><em>cap.</em></strong></span> <span class='ocrx_word' id='word_1_277' title='bbox 1887 5208 1975 5265; x_wconf 70' lang='lat'><strong><em>29.</em></strong></span> 
     </span>
    </p>
   </div>
   <div class='ocr_carea' id='block_1_41' title="bbox 746 5271 1847 5344">
    <p class='ocr_par' dir='ltr' id='par_1_41' title="bbox 746 5271 1847 5344">
     <span class='ocr_line' id='line_1_41' title="bbox 746 5271 1847 5344; baseline 0.007 -22"><span class='ocrx_word' id='word_1_278' title='bbox 746 5271 823 5344; x_wconf 57' lang='grc' dir='ltr'><strong><em>(ἓ)</em></strong></span> <span class='ocrx_word' id='word_1_279' title='bbox 862 5271 1099 5344; x_wconf 83' lang='lat' dir='ltr'><strong><em>l_lieron.,</em></strong></span> <span class='ocrx_word' id='word_1_280' title='bbox 1136 5275 1208 5327; x_wconf 80' lang='lat' dir='ltr'><strong><em>De</em></strong></span> <span class='ocrx_word' id='word_1_281' title='bbox 1232 5277 1329 5332; x_wconf 84' lang='lat' dir='ltr'><strong><em>vir.</em></strong></span> <span class='ocrx_word' id='word_1_282' title='bbox 1353 5281 1577 5343; x_wconf 86' lang='lat' dir='ltr'><strong><em>ittustr.,</em></strong></span> <span class='ocrx_word' id='word_1_283' title='bbox 1604 5291 1724 5344; x_wconf 86' lang='lat' dir='ltr'><strong><em>cap.</em></strong></span> <span class='ocrx_word' id='word_1_284' title='bbox 1764 5271 1847 5330; x_wconf 75' lang='grc' dir='ltr'><strong><em>π.</em></strong></span> 
     </span>
    </p>
   </div>
   <div class='ocr_carea' id='block_1_42' title="bbox 768 5341 1221 5406">
    <p class='ocr_par' dir='ltr' id='par_1_42' title="bbox 768 5341 1221 5406">
     <span class='ocr_line' id='line_1_42' title="bbox 768 5341 1221 5406; baseline 0.009 -12"><span class='ocrx_word' id='word_1_285' title='bbox 768 5341 821 5406; x_wconf 87' lang='grc'><strong>5)</strong></span> <span class='ocrx_word' id='word_1_286' title='bbox 862 5341 1077 5400; x_wconf 84' lang='lat' dir='ltr'><strong><em>Euseb..</em></strong></span> <span class='ocrx_word' id='word_1_287' title='bbox 1105 5345 1139 5397; x_wconf 88' lang='lat' dir='ltr'><strong><em>l.</em></strong></span> <span class='ocrx_word' id='word_1_288' title='bbox 1174 5360 1221 5398; x_wconf 89' lang='lat' dir='ltr'><strong><em>e.</em></strong></span> 
     </span>
    </p>
   </div>
   <div class='ocr_carea' id='block_1_43' title="bbox 862 5410 1767 5480">
    <p class='ocr_par' dir='ltr' id='par_1_43' title="bbox 862 5410 1767 5480">
     <span class='ocr_line' id='line_1_43' title="bbox 862 5410 1767 5480; baseline 0.01 -19"><span class='ocrx_word' id='word_1_289' title='bbox 862 5410 1035 5465; x_wconf 85' lang='lat' dir='ltr'><strong><em>Vales.</em></strong></span> <span class='ocrx_word' id='word_1_290' title='bbox 1068 5414 1120 5464; x_wconf 88' lang='lat' dir='ltr'><strong><em>in</em></strong></span> <span class='ocrx_word' id='word_1_291' title='bbox 1160 5421 1269 5466; x_wconf 84' lang='lat' dir='ltr'><strong><em>not.</em></strong></span> <span class='ocrx_word' id='word_1_292' title='bbox 1299 5414 1364 5466; x_wconf 87' lang='lat' dir='ltr'><strong><em>ad</em></strong></span> <span class='ocrx_word' id='word_1_293' title='bbox 1394 5414 1587 5469; x_wconf 83' lang='lat' dir='ltr'><strong><em>Euseb.</em></strong></span> <span class='ocrx_word' id='word_1_294' title='bbox 1608 5456 1623 5480; x_wconf 91' lang='lat'><strong><em>,</em></strong></span> <span class='ocrx_word' id='word_1_295' title='bbox 1648 5414 1683 5468; x_wconf 91' lang='lat' dir='ltr'><strong><em>l.</em></strong></span> <span class='ocrx_word' id='word_1_296' title='bbox 1719 5430 1767 5470; x_wconf 89' lang='lat' dir='ltr'><strong><em>c.</em></strong></span> 
     </span>
    </p>
   </div>
   <div class='ocr_carea' id='block_1_44' title="bbox 743 5341 799 5673">
    <p class='ocr_par' dir='ltr' id='par_1_44' title="bbox 743 5341 799 5673">
     <span class='ocr_line' id='line_1_44' title="bbox 768 5341 799 5394; baseline 0 0"><span class='ocrx_word' id='word_1_297' title='bbox 768 5341 799 5394; x_wconf 97' lang='grc'><strong><em>5</em></strong></span> 
     </span>
     <span class='ocr_line' id='line_1_45' title="bbox 743 5341 799 5673; baseline 0 0"><span class='ocrx_word' id='word_1_298' title='bbox 743 5341 799 5673; x_wconf 73' lang='lat' dir='ltr'><strong><em>l</em></strong></span> 
     </span>
     <span class='ocr_line' id='line_1_46' title="bbox 768 5549 799 5602; baseline 0 0"><span class='ocrx_word' id='word_1_299' title='bbox 768 5549 799 5602; x_wconf 89' lang='lat'><strong><em>6</em></strong></span> 
     </span>
    </p>
   </div>
   <div class='ocr_carea' id='block_1_45' title="bbox 672 5616 744 5675">
    <p class='ocr_par' dir='ltr' id='par_1_45' title="bbox 672 5616 744 5675">
     <span class='ocr_line' id='line_1_47' title="bbox 672 5616 744 5675; baseline 0 0"><span class='ocrx_word' id='word_1_300' title='bbox 672 5616 744 5675; x_wconf 73' lang='lat'><strong><em>55</em></strong></span> 
     </span>
    </p>
   </div>
   <div class='ocr_carea' id='block_1_46' title="bbox 802 5412 821 5621">
    <p class='ocr_par' dir='ltr' id='par_1_46' title="bbox 802 5412 821 5621">
     <span class='ocr_line' id='line_1_48' title="bbox 802 5412 821 5621; baseline 0 0"><span class='ocrx_word' id='word_1_301' title='bbox 802 5412 821 5621; x_wconf 69' lang='grc' dir='ltr'><em>ξ</em></span> 
     </span>
    </p>
   </div>
   <div class='ocr_carea' id='block_1_47' title="bbox 860 5480 1599 5555">
    <p class='ocr_par' dir='ltr' id='par_1_47' title="bbox 860 5480 1599 5555">
     <span class='ocr_line' id='line_1_49' title="bbox 860 5480 1599 5555; baseline 0.007 -23"><span class='ocrx_word' id='word_1_302' title='bbox 860 5480 1179 5555; x_wconf 61' lang='grc' dir='ltr'><strong><em>ξιφιρεοιηη</em></strong></span> <span class='ocrx_word' id='word_1_303' title='bbox 1206 5498 1320 5555; x_wconf 82' lang='lat' dir='ltr'><strong><em>cap.</em></strong></span> <span class='ocrx_word' id='word_1_304' title='bbox 1355 5485 1447 5555; x_wconf 65' lang='lat' dir='ltr'><strong><em>i2;</em></strong></span> <span class='ocrx_word' id='word_1_305' title='bbox 1488 5485 1513 5555; x_wconf 82' lang='lat'>§</span> <span class='ocrx_word' id='word_1_306' title='bbox 1548 5486 1599 5555; x_wconf 64' lang='lat'><strong><em>1.</em></strong></span> 
     </span>
    </p>
   </div>
   <div class='ocr_carea' id='block_1_48' title="bbox 861 5549 2219 5628">
    <p class='ocr_par' dir='ltr' id='par_1_48' title="bbox 861 5549 2219 5628">
     <span class='ocr_line' id='line_1_50' title="bbox 861 5549 2219 5628; baseline 0.005 -25"><span class='ocrx_word' id='word_1_307' title='bbox 861 5549 1036 5619; x_wconf 52' lang='lat' dir='ltr'><strong><em>Epistf</em></strong></span> <span class='ocrx_word' id='word_1_308' title='bbox 1068 5566 1218 5605; x_wconf 89' lang='lat' dir='ltr'><strong><em>conc.</em></strong></span> <span class='ocrx_word' id='word_1_309' title='bbox 1259 5549 1532 5617; x_wconf 44' lang='lat' dir='ltr'><strong><em>Antiochi,</em></strong></span> <span class='ocrx_word' id='word_1_310' title='bbox 1577 5552 1605 5625; x_wconf 66' lang='grc' dir='ltr'>ᾗ</span> <span class='ocrx_word' id='word_1_311' title='bbox 1655 5554 1702 5609; x_wconf 78' lang='grc'><strong>1.</strong></span> <span class='ocrx_word' id='word_1_312' title='bbox 1733 5552 1852 5614; x_wconf 78' lang='lat' dir='ltr'><strong><em>Vid.</em></strong></span> <span class='ocrx_word' id='word_1_313' title='bbox 1901 5555 2050 5624; x_wconf 67' lang='lat' dir='ltr'><strong><em>inin,</em></strong></span> <span class='ocrx_word' id='word_1_314' title='bbox 2095 5572 2219 5628; x_wconf 89' lang='lat' dir='ltr'><strong><em>pag.</em></strong></span> 
     </span>
    </p>
   </div>
   <div class='ocr_carea' id='block_1_49' title="bbox 743 5659 1709 5762">
    <p class='ocr_par' dir='ltr' id='par_1_49' title="bbox 743 5659 1709 5762">
     <span class='ocr_line' id='line_1_51' title="bbox 743 5659 1709 5762; baseline 0.007 -23"><span class='ocrx_word' id='word_1_315' title='bbox 743 5659 821 5761; x_wconf 61' lang='grc' dir='ltr'><strong><em>δ)</em></strong></span> <span class='ocrx_word' id='word_1_316' title='bbox 856 5686 1003 5759; x_wconf 74' lang='lat' dir='ltr'><strong><em>Pagi,</em></strong></span> <span class='ocrx_word' id='word_1_317' title='bbox 1028 5687 1161 5744; x_wconf 82' lang='lat' dir='ltr'><strong><em>Crit.</em></strong></span> <span class='ocrx_word' id='word_1_318' title='bbox 1198 5688 1264 5744; x_wconf 85' lang='lat' dir='ltr'><strong><em>ad</em></strong></span> <span class='ocrx_word' id='word_1_319' title='bbox 1292 5702 1419 5744; x_wconf 81' lang='lat' dir='ltr'><strong><em>ann.</em></strong></span> <span class='ocrx_word' id='word_1_320' title='bbox 1448 5690 1573 5757; x_wconf 68' lang='lat'><strong><em>271,</em></strong></span> <span class='ocrx_word' id='word_1_321' title='bbox 1603 5691 1709 5762; x_wconf 70' lang='lat'><strong><em>52.</em></strong></span> 
     </span>
    </p>
   </div>
   <div class='ocr_carea' id='block_1_50' title="bbox 2334 2740 3898 2813">
    <p class='ocr_par' dir='ltr' id='par_1_50' title="bbox 2334 2740 3898 2813">
     <span class='ocr_line' id='line_1_52' title="bbox 2334 2740 3898 2813; baseline 0 -19"><span class='ocrx_word' id='word_1_322' title='bbox 2334 2740 2591 2813; x_wconf 89' lang='lat' dir='ltr'><strong><em>Dionysio</em></strong></span> <span class='ocrx_word' id='word_1_323' title='bbox 2640 2740 3173 2811; x_wconf 76' lang='lat' dir='ltr'><strong><em>pontiﬁci-Romano</em></strong></span> <span class='ocrx_word' id='word_1_324' title='bbox 3213 2741 3469 2809; x_wconf 83' lang='lat' dir='ltr'><strong><em>inscripta</em></strong></span> <span class='ocrx_word' id='word_1_325' title='bbox 3500 2782 3515 2805; x_wconf 93' lang='lat'><strong><em>,</em></strong></span> <span class='ocrx_word' id='word_1_326' title='bbox 3550 2740 3644 2795; x_wconf 79' lang='lat' dir='ltr'><strong><em>sed</em></strong></span> <span class='ocrx_word' id='word_1_327' title='bbox 3689 2740 3898 2794; x_wconf 82' lang='lat' dir='ltr'><strong><em>reddita</em></strong></span> 
     </span>
    </p>
   </div>
   <div class='ocr_carea' id='block_1_51' title="bbox 2333 2829 3897 2903">
    <p class='ocr_par' dir='ltr' id='par_1_51' title="bbox 2333 2829 3897 2903">
     <span class='ocr_line' id='line_1_53' title="bbox 2333 2829 3897 2903; baseline -0.001 -18"><span class='ocrx_word' id='word_1_328' title='bbox 2333 2830 2493 2886; x_wconf 89' lang='lat' dir='ltr'><strong><em>Felici</em></strong></span> <span class='ocrx_word' id='word_1_329' title='bbox 2537 2831 2656 2899; x_wconf 88' lang='lat' dir='ltr'><strong><em>ejus</em></strong></span> <span class='ocrx_word' id='word_1_330' title='bbox 2697 2833 2995 2886; x_wconf 86' lang='lat' dir='ltr'><strong><em>successori</em></strong></span> <span class='ocrx_word' id='word_1_331' title='bbox 3022 2873 3037 2896; x_wconf 97' lang='lat'><strong><em>,</em></strong></span> <span class='ocrx_word' id='word_1_332' title='bbox 3072 2832 3219 2903; x_wconf 81' lang='lat' dir='ltr'><strong><em>quod</em></strong></span> <span class='ocrx_word' id='word_1_333' title='bbox 3260 2831 3349 2885; x_wconf 79' lang='lat' dir='ltr'><strong><em>ille</em></strong></span> <span class='ocrx_word' id='word_1_334' title='bbox 3388 2845 3699 2900; x_wconf 87' lang='lat' dir='ltr'><strong><em>supremum</em></strong></span> <span class='ocrx_word' id='word_1_335' title='bbox 3752 2829 3897 2883; x_wconf 80' lang='lat' dir='ltr'><strong><em>diem</em></strong></span> 
     </span>
    </p>
   </div>
   <div class='ocr_carea' id='block_1_52' title="bbox 2332 2909 3898 2991">
    <p class='ocr_par' dir='ltr' id='par_1_52' title="bbox 2332 2909 3898 2991">
     <span class='ocr_line' id='line_1_54' title="bbox 2332 2909 3898 2991; baseline -0.003 -16"><span class='ocrx_word' id='word_1_336' title='bbox 2332 2921 2529 2977; x_wconf 89' lang='lat' dir='ltr'><strong><em>obierit</em></strong></span> <span class='ocrx_word' id='word_1_337' title='bbox 2561 2922 2663 2976; x_wconf 90' lang='lat' dir='ltr'><strong><em>sub</em></strong></span> <span class='ocrx_word' id='word_1_338' title='bbox 2695 2922 2852 2976; x_wconf 77' lang='lat' dir='ltr'><strong><em>linem</em></strong></span> <span class='ocrx_word' id='word_1_339' title='bbox 2887 2909 3195 2977; x_wconf 84' lang='lat' dir='ltr'><strong><em>Decembris</em></strong></span> <span class='ocrx_word' id='word_1_340' title='bbox 3226 2922 3464 2991; x_wconf 85' lang='lat' dir='ltr'><strong><em>ejusdem</em></strong></span> <span class='ocrx_word' id='word_1_341' title='bbox 3506 2920 3633 2975; x_wconf 88' lang='lat' dir='ltr'><strong><em>anni</em></strong></span> <span class='ocrx_word' id='word_1_342' title='bbox 3670 2934 3898 2984; x_wconf 76' lang='lat' dir='ltr'><strong><em>ccutx,</em></strong></span> 
     </span>
    </p>
   </div>
   <div class='ocr_carea' id='block_1_53' title="bbox 2333 3011 3896 3081">
    <p class='ocr_par' dir='ltr' id='par_1_53' title="bbox 2333 3011 3896 3081">
     <span class='ocr_line' id='line_1_55' title="bbox 2333 3011 3896 3081; baseline -0.004 -15"><span class='ocrx_word' id='word_1_343' title='bbox 2333 3022 2391 3066; x_wconf 92' lang='lat' dir='ltr'><strong><em>ut</em></strong></span> <span class='ocrx_word' id='word_1_344' title='bbox 2435 3012 2687 3081; x_wconf 88' lang='lat' dir='ltr'><strong><em>superius</em></strong></span> <span class='ocrx_word' id='word_1_345' title='bbox 2728 3019 3007 3067; x_wconf 85' lang='lat' dir='ltr'><strong><em>ostensum</em></strong></span> <span class='ocrx_word' id='word_1_346' title='bbox 3043 3012 3141 3081; x_wconf 79' lang='lat'><strong><em>(5).</em></strong></span> <span class='ocrx_word' id='word_1_347' title='bbox 3180 3012 3344 3081; x_wconf 86' lang='lat' dir='ltr'><strong><em>quue</em></strong></span> <span class='ocrx_word' id='word_1_348' title='bbox 3392 3012 3589 3065; x_wconf 88' lang='lat' dir='ltr'><strong><em>iterum</em></strong></span> <span class='ocrx_word' id='word_1_349' title='bbox 3634 3011 3896 3064; x_wconf 83' lang='lat' dir='ltr'><strong><em>astruitur</em></strong></span> 
     </span>
    </p>
   </div>
   <div class='ocr_carea' id='block_1_54' title="bbox 2330 3098 3895 3173">
    <p class='ocr_par' dir='ltr' id='par_1_54' title="bbox 2330 3098 3895 3173">
     <span class='ocr_line' id='line_1_56' title="bbox 2330 3098 3895 3173; baseline -0.003 -16"><span class='ocrx_word' id='word_1_350' title='bbox 2330 3120 2397 3158; x_wconf 84' lang='lat' dir='ltr'><strong><em>ex</em></strong></span> <span class='ocrx_word' id='word_1_351' title='bbox 2437 3104 2601 3157; x_wconf 82' lang='lat' dir='ltr'><strong><em>citata</em></strong></span> <span class='ocrx_word' id='word_1_352' title='bbox 2642 3101 2871 3173; x_wconf 86' lang='lat' dir='ltr'><strong><em>epistola</em></strong></span> <span class='ocrx_word' id='word_1_353' title='bbox 2915 3103 3170 3171; x_wconf 81' lang='lat' dir='ltr'><strong><em>synodica</em></strong></span> <span class='ocrx_word' id='word_1_354' title='bbox 3196 3144 3211 3168; x_wconf 93' lang='lat'><strong><em>,</em></strong></span> <span class='ocrx_word' id='word_1_355' title='bbox 3239 3103 3330 3156; x_wconf 90' lang='lat' dir='ltr'><strong><em>ubi</em></strong></span> <span class='ocrx_word' id='word_1_356' title='bbox 3366 3103 3553 3157; x_wconf 87' lang='lat' dir='ltr'><strong><em>Patres</em></strong></span> <span class='ocrx_word' id='word_1_357' title='bbox 3591 3101 3657 3155; x_wconf 88' lang='lat' dir='ltr'><strong><em>de</em></strong></span> <span class='ocrx_word' id='word_1_358' title='bbox 3700 3098 3895 3153; x_wconf 83' lang='lat' dir='ltr'><strong><em>Firmi-</em></strong></span> 
     </span>
    </p>
   </div>
   <div class='ocr_carea' id='block_1_55' title="bbox 2330 3187 3896 3261">
    <p class='ocr_par' dir='ltr' id='par_1_55' title="bbox 2330 3187 3896 3261">
     <span class='ocr_line' id='line_1_57' title="bbox 2330 3187 3896 3261; baseline -0.002 -17"><span class='ocrx_word' id='word_1_359' title='bbox 2330 3193 2475 3245; x_wconf 87' lang='lat' dir='ltr'><strong><em>liano</em></strong></span> <span class='ocrx_word' id='word_1_360' title='bbox 2513 3192 2863 3261; x_wconf 71' lang='lat' dir='ltr'><strong><em>Cappadociae</em></strong></span> <span class='ocrx_word' id='word_1_361' title='bbox 2911 3190 3152 3247; x_wconf 84' lang='lat' dir='ltr'><strong><em>antistite</em></strong></span> <span class='ocrx_word' id='word_1_362' title='bbox 3189 3193 3349 3246; x_wconf 82' lang='lat' dir='ltr'><strong><em>verba</em></strong></span> <span class='ocrx_word' id='word_1_363' title='bbox 3389 3192 3691 3246; x_wconf 75' lang='lat' dir='ltr'><strong><em>facientes:</em></strong></span> <span class='ocrx_word' id='word_1_364' title='bbox 3740 3187 3896 3242; x_wconf 79' lang='lat' dir='ltr'><strong><em>Nunc</em></strong></span> 
     </span>
    </p>
   </div>
   <div class='ocr_carea' id='block_1_56' title="bbox 2329 3278 3893 3352">
    <p class='ocr_par' dir='ltr' id='par_1_56' title="bbox 2329 3278 3893 3352">
     <span class='ocr_line' id='line_1_58' title="bbox 2329 3278 3893 3352; baseline -0.003 -16"><span class='ocrx_word' id='word_1_365' title='bbox 2329 3299 2561 3352; x_wconf 83' lang='lat' dir='ltr'><strong><em>quoque,</em></strong></span> <span class='ocrx_word' id='word_1_366' title='bbox 2604 3282 2853 3352; x_wconf 88' lang='lat' dir='ltr'><strong><em>inquiunt</em></strong></span> <span class='ocrx_word' id='word_1_367' title='bbox 2881 3279 2977 3351; x_wconf 86' lang='lat'><strong><em>(6).</em></strong></span> <span class='ocrx_word' id='word_1_368' title='bbox 3007 3291 3251 3334; x_wconf 79' lang='lat' dir='ltr'><strong><em>uenturus</em></strong></span> <span class='ocrx_word' id='word_1_369' title='bbox 3288 3292 3400 3334; x_wconf 83' lang='lat' dir='ltr'><strong><em>erat</em></strong></span> <span class='ocrx_word' id='word_1_370' title='bbox 3431 3278 3812 3342; x_wconf 76' lang='lat' dir='ltr'><strong><em>Firmilianus;</em></strong></span> <span class='ocrx_word' id='word_1_371' title='bbox 3838 3286 3893 3332; x_wconf 73' lang='lat' dir='ltr'><strong><em>et</em></strong></span> 
     </span>
    </p>
   </div>
   <div class='ocr_carea' id='block_1_57' title="bbox 2321 3370 3895 3442">
    <p class='ocr_par' dir='ltr' id='par_1_57' title="bbox 2321 3370 3895 3442">
     <span class='ocr_line' id='line_1_59' title="bbox 2321 3370 3895 3442; baseline -0.002 -19"><span class='ocrx_word' id='word_1_372' title='bbox 2321 3371 2438 3439; x_wconf 89' lang='lat' dir='ltr'><strong><em>jam</em></strong></span> <span class='ocrx_word' id='word_1_373' title='bbox 2469 3372 2689 3425; x_wconf 90' lang='lat' dir='ltr'><strong><em>Tarsum</em></strong></span> <span class='ocrx_word' id='word_1_374' title='bbox 2718 3388 2877 3442; x_wconf 79' lang='lat' dir='ltr'><strong><em>usque</em></strong></span> <span class='ocrx_word' id='word_1_375' title='bbox 2904 3380 3223 3441; x_wconf 80' lang='lat' dir='ltr'><strong><em>pervenerat.</em></strong></span> <span class='ocrx_word' id='word_1_376' title='bbox 3254 3370 3354 3425; x_wconf 86' lang='lat' dir='ltr'><strong><em>Sed</em></strong></span> <span class='ocrx_word' id='word_1_377' title='bbox 3385 3389 3500 3424; x_wconf 88' lang='lat' dir='ltr'><strong><em>cum</em></strong></span> <span class='ocrx_word' id='word_1_378' title='bbox 3524 3388 3615 3425; x_wconf 87' lang='lat' dir='ltr'><strong><em>nos</em></strong></span> <span class='ocrx_word' id='word_1_379' title='bbox 3638 3371 3755 3439; x_wconf 83' lang='lat' dir='ltr'><strong><em>jatss</em></strong></span> <span class='ocrx_word' id='word_1_380' title='bbox 3776 3384 3895 3421; x_wconf 80' lang='lat' dir='ltr'><strong><em>con-</em></strong></span> 
     </span>
    </p>
   </div>
   <div class='ocr_carea' id='block_1_58' title="bbox 2329 3460 3893 3527">
    <p class='ocr_par' dir='ltr' id='par_1_58' title="bbox 2329 3460 3893 3527">
     <span class='ocr_line' id='line_1_60' title="bbox 2329 3460 3893 3527; baseline -0.001 -14"><span class='ocrx_word' id='word_1_381' title='bbox 2329 3464 2640 3516; x_wconf 81' lang='lat' dir='ltr'><strong><em>uenissemus</em></strong></span> <span class='ocrx_word' id='word_1_382' title='bbox 2661 3504 2675 3527; x_wconf 93' lang='lat'><strong><em>,</em></strong></span> <span class='ocrx_word' id='word_1_383' title='bbox 2699 3464 2900 3517; x_wconf 85' lang='lat' dir='ltr'><strong><em>interea</em></strong></span> <span class='ocrx_word' id='word_1_384' title='bbox 2928 3462 3028 3515; x_wconf 83' lang='lat' dir='ltr'><strong><em>loci</em></strong></span> <span class='ocrx_word' id='word_1_385' title='bbox 3065 3462 3188 3513; x_wconf 90' lang='lat' dir='ltr'><strong><em>dum</em></strong></span> <span class='ocrx_word' id='word_1_386' title='bbox 3211 3462 3359 3513; x_wconf 84' lang='lat' dir='ltr'><strong><em>illum</em></strong></span> <span class='ocrx_word' id='word_1_387' title='bbox 3395 3463 3705 3515; x_wconf 82' lang='lat' dir='ltr'><strong><em>accersimus</em></strong></span> <span class='ocrx_word' id='word_1_388' title='bbox 3726 3502 3740 3527; x_wconf 89' lang='lat'><strong><em>,</em></strong></span> <span class='ocrx_word' id='word_1_389' title='bbox 3766 3460 3893 3513; x_wconf 74' lang='lat' dir='ltr'><strong><em>dunt</em></strong></span> 
     </span>
    </p>
   </div>
   <div class='ocr_carea' id='block_1_59' title="bbox 2328 3551 3891 3622">
    <p class='ocr_par' dir='ltr' id='par_1_59' title="bbox 2328 3551 3891 3622">
     <span class='ocr_line' id='line_1_61' title="bbox 2328 3551 3891 3622; baseline 0 -19"><span class='ocrx_word' id='word_1_390' title='bbox 2328 3552 2441 3620; x_wconf 78' lang='lat' dir='ltr'><strong><em>ejus</em></strong></span> <span class='ocrx_word' id='word_1_391' title='bbox 2492 3554 2765 3606; x_wconf 75' lang='lat' dir='ltr'><strong><em>adventura</em></strong></span> <span class='ocrx_word' id='word_1_392' title='bbox 2811 3561 3207 3622; x_wconf 73' lang='lat' dir='ltr'><strong><em>exspectamus,</em></strong></span> <span class='ocrx_word' id='word_1_393' title='bbox 3265 3553 3393 3604; x_wconf 90' lang='lat' dir='ltr'><strong><em>abiit</em></strong></span> <span class='ocrx_word' id='word_1_394' title='bbox 3449 3570 3476 3606; x_wconf 85' lang='lat' dir='ltr'><strong><em>c</em></strong></span> <span class='ocrx_word' id='word_1_395' title='bbox 3537 3553 3664 3606; x_wconf 78' lang='lat' dir='ltr'><strong><em>vita.</em></strong></span> <span class='ocrx_word' id='word_1_396' title='bbox 3725 3551 3891 3620; x_wconf 78' lang='lat' dir='ltr'><strong><em>Atqui</em></strong></span> 
     </span>
    </p>
   </div>
   <div class='ocr_carea' id='block_1_60' title="bbox 2328 3641 3891 3714">
    <p class='ocr_par' dir='ltr' id='par_1_60' title="bbox 2328 3641 3891 3714">
     <span class='ocr_line' id='line_1_62' title="bbox 2328 3641 3891 3714; baseline -0.003 -17"><span class='ocrx_word' id='word_1_397' title='bbox 2328 3641 2499 3697; x_wconf 63' lang='lat' dir='ltr'><strong><em>Graeci</em></strong></span> <span class='ocrx_word' id='word_1_398' title='bbox 2532 3643 2585 3695; x_wconf 90' lang='lat' dir='ltr'><strong><em>in</em></strong></span> <span class='ocrx_word' id='word_1_399' title='bbox 2624 3643 2926 3714; x_wconf 80' lang='lat' dir='ltr'><strong><em>Menologio</em></strong></span> <span class='ocrx_word' id='word_1_400' title='bbox 2970 3644 3056 3697; x_wconf 87' lang='lat' dir='ltr'><strong><em>die</em></strong></span> <span class='ocrx_word' id='word_1_401' title='bbox 3091 3657 3261 3696; x_wconf 77' lang='lat' dir='ltr'><strong><em>nvm</em></strong></span> <span class='ocrx_word' id='word_1_402' title='bbox 3303 3642 3551 3697; x_wconf 83' lang='lat' dir='ltr'><strong><em>Octobris</em></strong></span> <span class='ocrx_word' id='word_1_403' title='bbox 3594 3642 3651 3696; x_wconf 88' lang='lat' dir='ltr'><strong><em>S.</em></strong></span> <span class='ocrx_word' id='word_1_404' title='bbox 3690 3641 3891 3695; x_wconf 82' lang='lat' dir='ltr'><strong><em>Firmi—</em></strong></span> 
     </span>
    </p>
   </div>
   <div class='ocr_carea' id='block_1_61' title="bbox 2328 3725 3889 3797">
    <p class='ocr_par' dir='ltr' id='par_1_61' title="bbox 2328 3725 3889 3797">
     <span class='ocr_line' id='line_1_63' title="bbox 2328 3725 3889 3797; baseline -0.003 -17"><span class='ocrx_word' id='word_1_405' title='bbox 2328 3726 2459 3780; x_wconf 87' lang='lat' dir='ltr'><strong><em>liani</em></strong></span> <span class='ocrx_word' id='word_1_406' title='bbox 2488 3726 2746 3782; x_wconf 68' lang='lat' dir='ltr'><strong><em>Caesareae</em></strong></span> <span class='ocrx_word' id='word_1_407' title='bbox 2787 3730 2841 3782; x_wconf 91' lang='lat' dir='ltr'><strong><em>in</em></strong></span> <span class='ocrx_word' id='word_1_408' title='bbox 2876 3726 3214 3797; x_wconf 86' lang='lat' dir='ltr'><strong><em>Cappadocia</em></strong></span> <span class='ocrx_word' id='word_1_409' title='bbox 3248 3726 3483 3794; x_wconf 87' lang='lat' dir='ltr'><strong><em>episcopi</em></strong></span> <span class='ocrx_word' id='word_1_410' title='bbox 3516 3726 3710 3781; x_wconf 79' lang='lat' dir='ltr'><strong><em>festum</em></strong></span> <span class='ocrx_word' id='word_1_411' title='bbox 3744 3725 3889 3778; x_wconf 86' lang='lat' dir='ltr'><strong><em>diem</em></strong></span> 
     </span>
    </p>
   </div>
   <div class='ocr_carea' id='block_1_62' title="bbox 2328 3814 3891 3888">
    <p class='ocr_par' dir='ltr' id='par_1_62' title="bbox 2328 3814 3891 3888">
     <span class='ocr_line' id='line_1_64' title="bbox 2328 3814 3891 3888; baseline -0.001 -20"><span class='ocrx_word' id='word_1_412' title='bbox 2328 3826 2513 3886; x_wconf 84' lang='lat' dir='ltr'><strong><em>agunt.</em></strong></span> <span class='ocrx_word' id='word_1_413' title='bbox 2558 3815 2763 3882; x_wconf 80' lang='lat' dir='ltr'><strong><em>Quare,</em></strong></span> <span class='ocrx_word' id='word_1_414' title='bbox 2794 3828 2853 3872; x_wconf 88' lang='lat' dir='ltr'><strong><em>ut</em></strong></span> <span class='ocrx_word' id='word_1_415' title='bbox 2895 3818 3015 3888; x_wconf 86' lang='lat' dir='ltr'><strong><em>jure</em></strong></span> <span class='ocrx_word' id='word_1_416' title='bbox 3050 3816 3227 3887; x_wconf 80' lang='lat' dir='ltr'><strong><em>arguit</em></strong></span> <span class='ocrx_word' id='word_1_417' title='bbox 3262 3814 3458 3883; x_wconf 85' lang='lat' dir='ltr'><strong><em>Pagius</em></strong></span> <span class='ocrx_word' id='word_1_418' title='bbox 3492 3815 3589 3884; x_wconf 83' lang='lat'><strong><em>(7),</em></strong></span> <span class='ocrx_word' id='word_1_419' title='bbox 3620 3816 3665 3868; x_wconf 90' lang='lat' dir='ltr'><strong><em>si</em></strong></span> <span class='ocrx_word' id='word_1_420' title='bbox 3703 3830 3769 3868; x_wconf 91' lang='lat' dir='ltr'><strong><em>eo</em></strong></span> <span class='ocrx_word' id='word_1_421' title='bbox 3802 3815 3891 3868; x_wconf 85' lang='lat' dir='ltr'><strong><em>die</em></strong></span> 
     </span>
    </p>
   </div>
   <div class='ocr_carea' id='block_1_63' title="bbox 2327 3905 3887 3978">
    <p class='ocr_par' dir='ltr' id='par_1_63' title="bbox 2327 3905 3887 3978">
     <span class='ocr_line' id='line_1_65' title="bbox 2327 3905 3887 3978; baseline 0.002 -20"><span class='ocrx_word' id='word_1_422' title='bbox 2327 3905 2677 3960; x_wconf 88' lang='lat' dir='ltr'><strong><em>Firmilianus</em></strong></span> <span class='ocrx_word' id='word_1_423' title='bbox 2715 3907 2779 3960; x_wconf 93' lang='lat' dir='ltr'><strong><em>ad</em></strong></span> <span class='ocrx_word' id='word_1_424' title='bbox 2817 3923 3045 3978; x_wconf 85' lang='lat' dir='ltr'><strong><em>superos</em></strong></span> <span class='ocrx_word' id='word_1_425' title='bbox 3077 3907 3325 3969; x_wconf 89' lang='lat' dir='ltr'><strong><em>transiit,</em></strong></span> <span class='ocrx_word' id='word_1_426' title='bbox 3355 3913 3482 3960; x_wconf 88' lang='lat' dir='ltr'><strong><em>tunc</em></strong></span> <span class='ocrx_word' id='word_1_427' title='bbox 3514 3905 3625 3975; x_wconf 86' lang='lat' dir='ltr'><strong><em>jam</em></strong></span> <span class='ocrx_word' id='word_1_428' title='bbox 3658 3921 3887 3975; x_wconf 78' lang='lat' dir='ltr'><strong><em>congre-</em></strong></span> 
     </span>
    </p>
   </div>
   <div class='ocr_carea' id='block_1_64' title="bbox 2331 3999 3245 4067">
    <p class='ocr_par' dir='ltr' id='par_1_64' title="bbox 2331 3999 3245 4067">
     <span class='ocr_line' id='line_1_66' title="bbox 2331 3999 3245 4067; baseline 0.003 -17"><span class='ocrx_word' id='word_1_429' title='bbox 2331 4007 2450 4067; x_wconf 84' lang='lat' dir='ltr'><strong><em>gata</em></strong></span> <span class='ocrx_word' id='word_1_430' title='bbox 2478 4006 2594 4051; x_wconf 88' lang='lat' dir='ltr'><strong><em>erat</em></strong></span> <span class='ocrx_word' id='word_1_431' title='bbox 2626 3999 2863 4067; x_wconf 82' lang='lat' dir='ltr'><strong><em>synodus</em></strong></span> <span class='ocrx_word' id='word_1_432' title='bbox 2891 4000 3245 4067; x_wconf 76' lang='lat' dir='ltr'><strong><em>Antiochena.</em></strong></span> 
     </span>
    </p>
   </div>
   <div class='ocr_carea' id='block_1_65' title="bbox 2406 4099 3893 4174">
    <p class='ocr_par' dir='ltr' id='par_1_65' title="bbox 2406 4099 3893 4174">
     <span class='ocr_line' id='line_1_67' title="bbox 2406 4099 3893 4174; baseline -0.001 -17"><span class='ocrx_word' id='word_1_433' title='bbox 2406 4106 2586 4174; x_wconf 84' lang='lat' dir='ltr'><strong><em>Atque</em></strong></span> <span class='ocrx_word' id='word_1_434' title='bbox 2622 4119 2687 4158; x_wconf 80' lang='lat' dir='ltr'><strong><em>ex</em></strong></span> <span class='ocrx_word' id='word_1_435' title='bbox 2717 4105 2803 4159; x_wconf 86' lang='lat' dir='ltr'><strong><em>his</em></strong></span> <span class='ocrx_word' id='word_1_436' title='bbox 2836 4105 3112 4159; x_wconf 82' lang='lat' dir='ltr'><strong><em>enimvero</em></strong></span> <span class='ocrx_word' id='word_1_437' title='bbox 3148 4106 3306 4174; x_wconf 85' lang='lat' dir='ltr'><strong><em>longo</em></strong></span> <span class='ocrx_word' id='word_1_438' title='bbox 3340 4104 3619 4157; x_wconf 85' lang='lat' dir='ltr'><strong><em>aberrasse</em></strong></span> <span class='ocrx_word' id='word_1_439' title='bbox 3667 4099 3893 4155; x_wconf 83' lang='lat' dir='ltr'><strong><em>Pearso—</em></strong></span> 
     </span>
    </p>
   </div>
   <div class='ocr_carea' id='block_1_66' title="bbox 2333 4176 3983 4264">
    <p class='ocr_par' dir='ltr' id='par_1_66' title="bbox 2333 4176 3983 4264">
     <span class='ocr_line' id='line_1_68' title="bbox 2333 4176 3983 4264; baseline -0.002 -17"><span class='ocrx_word' id='word_1_440' title='bbox 2333 4193 2483 4247; x_wconf 89' lang='lat' dir='ltr'><strong><em>nium</em></strong></span> <span class='ocrx_word' id='word_1_441' title='bbox 2510 4194 2833 4264; x_wconf 88' lang='lat' dir='ltr'><strong><em>colligimus,</em></strong></span> <span class='ocrx_word' id='word_1_442' title='bbox 2866 4195 2958 4263; x_wconf 90' lang='lat' dir='ltr'><strong><em>qui</em></strong></span> <span class='ocrx_word' id='word_1_443' title='bbox 2992 4194 3210 4247; x_wconf 86' lang='lat' dir='ltr'><strong><em>unicum</em></strong></span> <span class='ocrx_word' id='word_1_444' title='bbox 3243 4203 3448 4247; x_wconf 89' lang='lat' dir='ltr'><strong><em>tantum</em></strong></span> <span class='ocrx_word' id='word_1_445' title='bbox 3479 4190 3765 4246; x_wconf 87' lang='lat' dir='ltr'><strong><em>concilium</em></strong></span> <span class='ocrx_word' id='word_1_446' title='bbox 3788 4190 3894 4243; x_wconf 70' lang='lat' dir='ltr'><strong><em>An-</em></strong></span> <span class='ocrx_word' id='word_1_447' title='bbox 3966 4176 3983 4194; x_wconf 72' lang='grc'><em>’</em></span> 
     </span>
    </p>
   </div>
   <div class='ocr_carea' id='block_1_67' title="bbox 2333 4282 3890 4363">
    <p class='ocr_par' dir='ltr' id='par_1_67' title="bbox 2333 4282 3890 4363">
     <span class='ocr_line' id='line_1_69' title="bbox 2333 4282 3890 4363; baseline -0.003 -23"><span class='ocrx_word' id='word_1_448' title='bbox 2333 4285 2639 4342; x_wconf 85' lang='lat' dir='ltr'><strong><em>tiochenum</em></strong></span> <span class='ocrx_word' id='word_1_449' title='bbox 2664 4288 2717 4341; x_wconf 90' lang='lat' dir='ltr'><strong><em>in</em></strong></span> <span class='ocrx_word' id='word_1_450' title='bbox 2735 4303 2898 4342; x_wconf 86' lang='lat' dir='ltr'><strong><em>causa</em></strong></span> <span class='ocrx_word' id='word_1_451' title='bbox 2921 4282 3257 4363; x_wconf 78' lang='lat' dir='ltr'><strong><em>Samosateni</em></strong></span> <span class='ocrx_word' id='word_1_452' title='bbox 3275 4296 3520 4341; x_wconf 87' lang='lat' dir='ltr'><strong><em>coactum</em></strong></span> <span class='ocrx_word' id='word_1_453' title='bbox 3546 4299 3688 4337; x_wconf 83' lang='lat' dir='ltr'><strong><em>anno</em></strong></span> <span class='ocrx_word' id='word_1_454' title='bbox 3702 4298 3890 4337; x_wconf 82' lang='lat' dir='ltr'><strong><em>cet.va</em></strong></span> 
     </span>
    </p>
   </div>
   <div class='ocr_carea' id='block_1_68' title="bbox 2333 4376 3889 4448">
    <p class='ocr_par' dir='ltr' id='par_1_68' title="bbox 2333 4376 3889 4448">
     <span class='ocr_line' id='line_1_70' title="bbox 2333 4376 3889 4448; baseline -0.003 -16"><span class='ocrx_word' id='word_1_455' title='bbox 2333 4380 2614 4448; x_wconf 76' lang='lat' dir='ltr'><strong><em>agnoscit;</em></strong></span> <span class='ocrx_word' id='word_1_456' title='bbox 2647 4395 2677 4432; x_wconf 91' lang='lat' dir='ltr'><strong><em>a</em></strong></span> <span class='ocrx_word' id='word_1_457' title='bbox 2714 4395 2821 4447; x_wconf 91' lang='lat' dir='ltr'><strong><em>quo</em></strong></span> <span class='ocrx_word' id='word_1_458' title='bbox 2854 4391 3134 4447; x_wconf 85' lang='lat' dir='ltr'><strong><em>propterea</em></strong></span> <span class='ocrx_word' id='word_1_459' title='bbox 3180 4380 3371 4431; x_wconf 89' lang='lat' dir='ltr'><strong><em>merito</em></strong></span> <span class='ocrx_word' id='word_1_460' title='bbox 3401 4376 3664 4429; x_wconf 87' lang='lat' dir='ltr'><strong><em>dissident</em></strong></span> <span class='ocrx_word' id='word_1_461' title='bbox 3696 4377 3775 4429; x_wconf 88' lang='lat' dir='ltr'><strong><em>vel</em></strong></span> <span class='ocrx_word' id='word_1_462' title='bbox 3805 4376 3889 4430; x_wconf 87' lang='lat' dir='ltr'><strong><em>sui</em></strong></span> 
     </span>
    </p>
   </div>
   <div class='ocr_carea' id='block_1_69' title="bbox 2331 4467 3913 4539">
    <p class='ocr_par' dir='ltr' id='par_1_69' title="bbox 2331 4467 3913 4539">
     <span class='ocr_line' id='line_1_71' title="bbox 2331 4467 3913 4539; baseline -0.004 -12"><span class='ocrx_word' id='word_1_463' title='bbox 2331 4473 2684 4536; x_wconf 85' lang='lat' dir='ltr'><strong><em>contribules,</em></strong></span> <span class='ocrx_word' id='word_1_464' title='bbox 2731 4472 2918 4525; x_wconf 87' lang='lat' dir='ltr'><strong><em>Bullus</em></strong></span> <span class='ocrx_word' id='word_1_465' title='bbox 2962 4470 3035 4539; x_wconf 90' lang='lat'><strong><em>(8)</em></strong></span> <span class='ocrx_word' id='word_1_466' title='bbox 3080 4479 3135 4523; x_wconf 90' lang='lat' dir='ltr'><strong><em>et</em></strong></span> <span class='ocrx_word' id='word_1_467' title='bbox 3173 4469 3458 4523; x_wconf 88' lang='lat' dir='ltr'><strong><em>Dodvellus</em></strong></span> <span class='ocrx_word' id='word_1_468' title='bbox 3488 4468 3586 4536; x_wconf 88' lang='lat'><strong><em>(9),</em></strong></span> <span class='ocrx_word' id='word_1_469' title='bbox 3628 4477 3685 4521; x_wconf 89' lang='lat' dir='ltr'><strong><em>ut</em></strong></span> <span class='ocrx_word' id='word_1_470' title='bbox 3729 4467 3913 4521; x_wconf 84' lang='lat' dir='ltr'><strong><em>Tillc-&#39;</em></strong></span> 
     </span>
    </p>
   </div>
   <div class='ocr_carea' id='block_1_70' title="bbox 2331 4557 3887 4627">
    <p class='ocr_par' dir='ltr' id='par_1_70' title="bbox 2331 4557 3887 4627">
     <span class='ocr_line' id='line_1_72' title="bbox 2331 4557 3887 4627; baseline -0.003 -11"><span class='ocrx_word' id='word_1_471' title='bbox 2331 4558 2968 4627; x_wconf 80' lang='lat' dir='ltr'><strong><em>montium(tu)a|iosque</em></strong></span> <span class='ocrx_word' id='word_1_472' title='bbox 2991 4558 3322 4611; x_wconf 82' lang='lat' dir='ltr'><strong><em>omittamus.</em></strong></span> <span class='ocrx_word' id='word_1_473' title='bbox 3348 4557 3527 4627; x_wconf 88' lang='lat' dir='ltr'><strong><em>Neque</em></strong></span> <span class='ocrx_word' id='word_1_474' title='bbox 3553 4559 3783 4613; x_wconf 88' lang='lat' dir='ltr'><strong><em>advertit</em></strong></span> <span class='ocrx_word' id='word_1_475' title='bbox 3812 4559 3887 4611; x_wconf 88' lang='lat' dir='ltr'><strong><em>vir</em></strong></span> 
     </span>
    </p>
   </div>
   <div class='ocr_carea' id='block_1_71' title="bbox 2282 4648 3888 4720">
    <p class='ocr_par' dir='ltr' id='par_1_71' title="bbox 2282 4648 3888 4720">
     <span class='ocr_line' id='line_1_73' title="bbox 2282 4648 3888 4720; baseline -0.001 -16"><span class='ocrx_word' id='word_1_476' title='bbox 2282 4717 2286 4720; x_wconf 22' lang='lat'><strong><em>,</em></strong></span> <span class='ocrx_word' id='word_1_477' title='bbox 2332 4661 2525 4704; x_wconf 64' lang='lat' dir='ltr'><strong><em>cmtera</em></strong></span> <span class='ocrx_word' id='word_1_478' title='bbox 2547 4650 2757 4712; x_wconf 88' lang='lat' dir='ltr'><strong><em>doctus,</em></strong></span> <span class='ocrx_word' id='word_1_479' title='bbox 2788 4650 2928 4703; x_wconf 88' lang='lat' dir='ltr'><strong><em>hanc</em></strong></span> <span class='ocrx_word' id='word_1_480' title='bbox 2950 4650 3212 4720; x_wconf 89' lang='lat' dir='ltr'><strong><em>synodum</em></strong></span> <span class='ocrx_word' id='word_1_481' title='bbox 3241 4665 3346 4718; x_wconf 89' lang='lat' dir='ltr'><strong><em>qua</em></strong></span> <span class='ocrx_word' id='word_1_482' title='bbox 3374 4649 3440 4702; x_wconf 90' lang='lat' dir='ltr'><strong><em>de</em></strong></span> <span class='ocrx_word' id='word_1_483' title='bbox 3465 4649 3692 4718; x_wconf 82' lang='lat' dir='ltr'><strong><em>agimus,</em></strong></span> <span class='ocrx_word' id='word_1_484' title='bbox 3726 4648 3888 4703; x_wconf 82' lang='lat' dir='ltr'><strong><em>Euse-</em></strong></span> 
     </span>
    </p>
   </div>
   <div class='ocr_carea' id='block_1_72' title="bbox 2331 4740 3883 4809">
    <p class='ocr_par' dir='ltr' id='par_1_72' title="bbox 2331 4740 3883 4809">
     <span class='ocr_line' id='line_1_74' title="bbox 2331 4740 3883 4809; baseline 0 -16"><span class='ocrx_word' id='word_1_485' title='bbox 2331 4740 2422 4793; x_wconf 87' lang='lat' dir='ltr'><strong><em>bio</em></strong></span> <span class='ocrx_word' id='word_1_486' title='bbox 2453 4747 2764 4806; x_wconf 84' lang='lat' dir='ltr'><strong><em>postremam</em></strong></span> <span class='ocrx_word' id='word_1_487' title='bbox 2792 4748 3073 4809; x_wconf 87' lang='lat' dir='ltr'><strong><em>eapropter</em></strong></span> <span class='ocrx_word' id='word_1_488' title='bbox 3106 4741 3302 4793; x_wconf 88' lang='lat' dir='ltr'><strong><em>dictam</em></strong></span> <span class='ocrx_word' id='word_1_489' title='bbox 3337 4749 3396 4792; x_wconf 87' lang='lat' dir='ltr'><strong><em>ut</em></strong></span> <span class='ocrx_word' id='word_1_490' title='bbox 3430 4741 3589 4793; x_wconf 90' lang='lat' dir='ltr'><strong><em>modo</em></strong></span> <span class='ocrx_word' id='word_1_491' title='bbox 3615 4740 3883 4803; x_wconf 81' lang='lat' dir='ltr'><strong><em>vidimus,</em></strong></span> 
     </span>
    </p>
   </div>
   <div class='ocr_carea' id='block_1_73' title="bbox 2330 4830 3881 4901">
    <p class='ocr_par' dir='ltr' id='par_1_73' title="bbox 2330 4830 3881 4901">
     <span class='ocr_line' id='line_1_75' title="bbox 2330 4830 3881 4901; baseline 0.001 -19"><span class='ocrx_word' id='word_1_492' title='bbox 2330 4830 2474 4899; x_wconf 86' lang='lat' dir='ltr'><strong><em>quod</em></strong></span> <span class='ocrx_word' id='word_1_493' title='bbox 2536 4830 2723 4898; x_wconf 74' lang='lat' dir='ltr'><strong><em>prima:</em></strong></span> <span class='ocrx_word' id='word_1_494' title='bbox 2777 4830 3022 4885; x_wconf 84' lang='lat' dir='ltr'><strong><em>videlicet</em></strong></span> <span class='ocrx_word' id='word_1_495' title='bbox 3078 4831 3415 4884; x_wconf 87' lang='lat' dir='ltr'><strong><em>meminisset</em></strong></span> <span class='ocrx_word' id='word_1_496' title='bbox 3470 4832 3598 4901; x_wconf 78' lang='grc'><strong><em>(11),</em></strong></span> <span class='ocrx_word' id='word_1_497' title='bbox 3660 4831 3717 4884; x_wconf 89' lang='lat' dir='ltr'><strong><em>in</em></strong></span> <span class='ocrx_word' id='word_1_498' title='bbox 3777 4845 3881 4900; x_wconf 81' lang='lat' dir='ltr'><strong><em>qua</em></strong></span> 
     </span>
    </p>
   </div>
   <div class='ocr_carea' id='block_1_74' title="bbox 2333 4921 3881 4990">
    <p class='ocr_par' dir='ltr' id='par_1_74' title="bbox 2333 4921 3881 4990">
     <span class='ocr_line' id='line_1_76' title="bbox 2333 4921 3881 4990; baseline 0.001 -17"><span class='ocrx_word' id='word_1_499' title='bbox 2333 4921 2557 4973; x_wconf 70' lang='lat' dir='ltr'><strong><em>maxime</em></strong></span> <span class='ocrx_word' id='word_1_500' title='bbox 2590 4923 2913 4977; x_wconf 82' lang='lat' dir='ltr'><strong><em>eminuerunt</em></strong></span> <span class='ocrx_word' id='word_1_501' title='bbox 2939 4922 3285 4975; x_wconf 82' lang='lat' dir='ltr'><strong><em>Firmilianus</em></strong></span> <span class='ocrx_word' id='word_1_502' title='bbox 3318 4922 3569 4976; x_wconf 75' lang='lat' dir='ltr'><strong><em>Ctesarete</em></strong></span> <span class='ocrx_word' id='word_1_503' title='bbox 3601 4922 3881 4990; x_wconf 83' lang='lat' dir='ltr'><strong><em>Cappado-</em></strong></span> 
     </span>
    </p>
   </div>
   <div class='ocr_carea' id='block_1_75' title="bbox 2331 5012 3878 5083">
    <p class='ocr_par' dir='ltr' id='par_1_75' title="bbox 2331 5012 3878 5083">
     <span class='ocr_line' id='line_1_77' title="bbox 2331 5012 3878 5083; baseline 0.002 -21"><span class='ocrx_word' id='word_1_504' title='bbox 2331 5026 2448 5063; x_wconf 84' lang='lat' dir='ltr'><strong><em>cum</em></strong></span> <span class='ocrx_word' id='word_1_505' title='bbox 2502 5013 2797 5081; x_wconf 83' lang='lat' dir='ltr'><strong><em>episcopus,</em></strong></span> <span class='ocrx_word' id='word_1_506' title='bbox 2855 5014 3134 5082; x_wconf 76' lang='lat' dir='ltr'><strong><em>Gregorius</em></strong></span> <span class='ocrx_word' id='word_1_507' title='bbox 3180 5012 3596 5083; x_wconf 82' lang='lat' dir='ltr'><strong><em>Thaumaturgus</em></strong></span> <span class='ocrx_word' id='word_1_508' title='bbox 3643 5013 3878 5081; x_wconf 85' lang='lat' dir='ltr'><strong><em>aliique;</em></strong></span> 
     </span>
    </p>
   </div>
   <div class='ocr_carea' id='block_1_76' title="bbox 2391 5210 3867 5284">
    <p class='ocr_par' dir='ltr' id='par_1_76' title="bbox 2391 5210 3867 5284">
     <span class='ocr_line' id='line_1_78' title="bbox 2391 5210 3867 5284; baseline -0.002 -16"><span class='ocrx_word' id='word_1_509' title='bbox 2391 5214 2463 5283; x_wconf 83' lang='lat'><strong><em>(8)</em></strong></span> <span class='ocrx_word' id='word_1_510' title='bbox 2504 5212 2663 5278; x_wconf 90' lang='lat' dir='ltr'><strong><em>Bul|.,</em></strong></span> <span class='ocrx_word' id='word_1_511' title='bbox 2708 5213 2887 5267; x_wconf 78' lang='lat' dir='ltr'><strong><em>Judic.</em></strong></span> <span class='ocrx_word' id='word_1_512' title='bbox 2932 5210 3078 5263; x_wconf 75' lang='lat' dir='ltr'><strong><em>Eccl.</em></strong></span> <span class='ocrx_word' id='word_1_513' title='bbox 3116 5211 3275 5276; x_wconf 87' lang='lat' dir='ltr'><strong><em>catlt.,</em></strong></span> <span class='ocrx_word' id='word_1_514' title='bbox 3308 5227 3425 5281; x_wconf 84' lang='lat' dir='ltr'><strong><em>cap.</em></strong></span> <span class='ocrx_word' id='word_1_515' title='bbox 3467 5213 3522 5275; x_wconf 88' lang='grc'><strong>5,</strong></span> <span class='ocrx_word' id='word_1_516' title='bbox 3560 5210 3590 5284; x_wconf 57' lang='grc' dir='ltr'>ί</span> <span class='ocrx_word' id='word_1_517' title='bbox 3638 5213 3704 5280; x_wconf 83' lang='lat'><strong><em>7,</em></strong></span> <span class='ocrx_word' id='word_1_518' title='bbox 3750 5226 3867 5282; x_wconf 75' lang='lat' dir='ltr'><strong><em>pag.</em></strong></span> 
     </span>
    </p>
   </div>
   <div class='ocr_carea' id='block_1_77' title="bbox 2248 5284 2467 5353">
    <p class='ocr_par' dir='ltr' id='par_1_77' title="bbox 2248 5284 2467 5353">
     <span class='ocr_line' id='line_1_79' title="bbox 2248 5284 2467 5353; baseline -0.005 -16"><span class='ocrx_word' id='word_1_519' title='bbox 2248 5284 2467 5353; x_wconf 57' lang='lat'><strong><em>(:38.-</em></strong></span> 
     </span>
    </p>
   </div>
   <div class='ocr_carea' id='block_1_78' title="bbox 2395 5348 3869 5437">
    <p class='ocr_par' dir='ltr' id='par_1_78' title="bbox 2395 5348 3869 5437">
     <span class='ocr_line' id='line_1_80' title="bbox 2395 5348 3869 5437; baseline -0.003 -32"><span class='ocrx_word' id='word_1_520' title='bbox 2506 5352 2712 5437; x_wconf 69' lang='lat' dir='ltr'><strong><em>Dodw__.2</em></strong></span> <span class='ocrx_word' id='word_1_521' title='bbox 2745 5351 2967 5405; x_wconf 84' lang='lat' dir='ltr'><strong><em>Dissert.</em></strong></span> <span class='ocrx_word' id='word_1_522' title='bbox 3007 5350 3146 5418; x_wconf 87' lang='lat' dir='ltr'><strong><em>sing.</em></strong></span> <span class='ocrx_word' id='word_1_523' title='bbox 3190 5349 3256 5402; x_wconf 88' lang='lat' dir='ltr'><strong><em>ad</em></strong></span> <span class='ocrx_word' id='word_1_524' title='bbox 3289 5365 3410 5419; x_wconf 88' lang='lat' dir='ltr'><strong><em>opp.</em></strong></span> <span class='ocrx_word' id='word_1_525' title='bbox 3445 5348 3630 5405; x_wconf 84' lang='lat' dir='ltr'><strong><em>Pears.</em></strong></span> <span class='ocrx_word' id='word_1_526' title='bbox 3658 5366 3779 5419; x_wconf 86' lang='lat' dir='ltr'><strong><em>cap.</em></strong></span> <span class='ocrx_word' id='word_1_527' title='bbox 3817 5348 3869 5411; x_wconf 84' lang='lat'><strong><em>6,</em></strong></span> 
     </span>
    </p>
   </div>
   <div class='ocr_carea' id='block_1_79' title="bbox 2329 5422 3869 5562">
    <p class='ocr_par' dir='ltr' id='par_1_79' title="bbox 2329 5422 3869 5562">
     <span class='ocr_line' id='line_1_81' title="bbox 2329 5422 3869 5562; baseline -0.003 -19"><span class='ocrx_word' id='word_1_528' title='bbox 2828 5488 3177 5562; x_wconf 27' lang='grc' dir='ltr'><strong><em>Μάκαρα-1.,</em></strong></span> <span class='ocrx_word' id='word_1_529' title='bbox 3231 5503 3359 5541; x_wconf 70' lang='lat' dir='ltr'><strong><em>tom.</em></strong></span> <span class='ocrx_word' id='word_1_530' title='bbox 3411 5485 3500 5552; x_wconf 85' lang='grc' dir='ltr'><strong><em>ιν,</em></strong></span> <span class='ocrx_word' id='word_1_531' title='bbox 3550 5497 3663 5542; x_wconf 80' lang='lat' dir='ltr'><strong><em>nol.</em></strong></span> <span class='ocrx_word' id='word_1_532' title='bbox 3710 5491 3740 5542; x_wconf 65' lang='grc'><strong>6</strong></span> <span class='ocrx_word' id='word_1_533' title='bbox 3778 5498 3869 5541; x_wconf 85' lang='lat' dir='ltr'><strong><em>sur</em></strong></span> 
     </span>
    </p>
   </div>
   <div class='ocr_carea' id='block_1_80' title="bbox 2325 5559 3119 5628">
    <p class='ocr_par' dir='ltr' id='par_1_80' title="bbox 2325 5559 3119 5628">
     <span class='ocr_line' id='line_1_82' title="bbox 2325 5559 3119 5628; baseline -0.009 -13"><span class='ocrx_word' id='word_1_534' title='bbox 2325 5560 2457 5615; x_wconf 83' lang='lat' dir='ltr'><strong><em>Paul</em></strong></span> <span class='ocrx_word' id='word_1_535' title='bbox 2487 5559 2551 5612; x_wconf 68' lang='lat' dir='ltr'><strong><em>ile</em></strong></span> <span class='ocrx_word' id='word_1_536' title='bbox 2587 5559 2819 5621; x_wconf 87' lang='lat' dir='ltr'><strong><em>Samos.,</em></strong></span> <span class='ocrx_word' id='word_1_537' title='bbox 2848 5575 2967 5628; x_wconf 86' lang='lat' dir='ltr'><strong><em>pag.</em></strong></span> <span class='ocrx_word' id='word_1_538' title='bbox 3001 5559 3119 5609; x_wconf 70' lang='grc'>666.</span> 
     </span>
    </p>
   </div>
   <div class='ocr_carea' id='block_1_81' title="bbox 2398 5626 3639 5701">
    <p class='ocr_par' dir='ltr' id='par_1_81' title="bbox 2398 5626 3639 5701">
     <span class='ocr_line' id='line_1_83' title="bbox 2398 5626 3639 5701; baseline -0.001 -19"><span class='ocrx_word' id='word_1_539' title='bbox 2398 5628 2506 5701; x_wconf 77' lang='lat' dir='ltr'><strong><em>(tt)</em></strong></span> <span class='ocrx_word' id='word_1_540' title='bbox 2548 5628 2768 5700; x_wconf 86' lang='lat' dir='ltr'><strong><em>Euseb.,</em></strong></span> <span class='ocrx_word' id='word_1_541' title='bbox 2801 5626 2943 5685; x_wconf 74' lang='lat' dir='ltr'><strong><em>Hist.</em></strong></span> <span class='ocrx_word' id='word_1_542' title='bbox 2976 5628 3133 5694; x_wconf 83' lang='lat' dir='ltr'><strong><em>ecct.,</em></strong></span> <span class='ocrx_word' id='word_1_543' title='bbox 3156 5626 3248 5682; x_wconf 90' lang='lat' dir='ltr'><strong><em>lib.</em></strong></span> <span class='ocrx_word' id='word_1_544' title='bbox 3277 5641 3373 5693; x_wconf 81' lang='lat' dir='ltr'><strong><em>vn,</em></strong></span> <span class='ocrx_word' id='word_1_545' title='bbox 3398 5641 3513 5696; x_wconf 86' lang='lat' dir='ltr'><strong><em>cap.</em></strong></span> <span class='ocrx_word' id='word_1_546' title='bbox 3549 5626 3639 5681; x_wconf 66' lang='grc'><strong><em>28.</em></strong></span> 
     </span>
    </p>
   </div>
  </div>
