4104 6350
730 296 792 349 59
949 319 952 321 λ
1299 273 1303 276 ’
1342 263 1756 355 ΜΛΙΑΟΞζίυΝΙέ
1798 300 2130 355 EPISTULA
2170 282 2453 358 CONTRA
2502 306 2780 363 PAULUM
2823 310 3161 365 SAMOSAT.

693 527 1064 608 Fragmenta
1098 531 1412 608 Epistulas,
1447 540 1514 614 ut
1551 533 1833 620 videtur,
1873 532 2161 620 ejusdem
2205 536 2446 620 §ynodi
2474 538 2908 620 Antiocheam,
2937 543 3076 620 ejus
3110 541 3249 602 vide

1285 577 1412 602 una,
1452 577 1514 614 φ.
1560 577 1787 594 ηυνιμι
1874 577 2161 608 ινδυυυυιυ
2208 577 2442 612 uylivuo
2474 577 2908 612 aruum-unum,
2937 577 3076 620 CJua
3116 577 3285 602 Vlucr

1285 638 1287 640 -
1510 619 1752 671 constat
1803 577 2010 689 luisse,
2070 613 2147 672 ab
2205 615 2486 676 Eusebio
2545 619 3052 693 prmtermissam.
3222 634 3224 637 '
3283 657 3285 660 ι

3792 313 3896 368 260

3260 541 3402 602 licet
3445 501 3641 618 paitis
3710 558 3898 620 quam

1339 709 1491 770 Apud
1520 708 1790 763 Leontium
1825 713 2166 784 Byzantium,
2199 718 2290 770 lib.
2338 736 2396 774 Ill
2431 732 2610 774 contra
2645 721 2880 785 Nestor.,
2907 723 2998 776 sub
3034 724 3206 792 ﬁnem.

756 796 844 848 Ait
870 795 1055 865 igitur
1095 797 1148 850 in
1199 802 1601 855 commentariis
1633 802 1721 872 (de
1749 804 1917 860 Paulo
1976 809 2318 880 loquuntur)
2348 827 2569 867 servare
2614 815 2930 884 dignitatem
2982 815 3280 884 sapientiai.

1722 906 1727 910 “
2095 898 2162 950 Et
2196 911 2310 966 post
2339 904 2445 955 alia
2483 921 2501 957 :
2850 890 2852 892 I
2910 961 2914 969 λ

756 974 811 1027 Si
830 985 1015 1058 autem
1039 977 1332 1030 secundum
1362 974 1738 1040 formationem
1763 994 1816 1039 et
1840 988 2233 1055 generationem
2263 1003 2309 1058 Α
2337 995 2677 1062 sapientiam,
2716 1004 2773 1048 ut
2815 1009 2912 1049 nos
2945 979 3251 1061 Credimus,
3295 993 3743 1058 substantialiter,
3798 992 3890 1048 sed

685 1067 966 1134 capillatus
1015 1075 1148 1130 erat,
1189 1067 1393 1122 homini
1442 1070 1544 1124 hoc
1591 1074 1859 1149 accidere.
1888 1074 1956 1127 Et
1999 1093 2253 1131 rursus
2345 1087 2645 1143 secundum
2677 1086 3013 1155 qualitatem.
3102 1068 3105 1069 ν

685 1157 801 1211 Non
841 1160 984 1211 enim
1038 1169 1451 1229 congeneratam
1503 1162 1672 1219 fuisse
1720 1181 1841 1219 cum
1901 1168 2237 1223 humanitate

2059 1288 2062 1289 ν
2087 1258 2175 1326 Et;
2193 1270 2306 1326 post
2343 1261 2490 1314 alia:

753 1339 890 1404 Quid
929 1351 1108 1395 autem
1148 1344 1259 1397 vult
1305 1345 1484 1398 dicere
1515 1345 1674 1399 aliam
1705 1362 1825 1402 esse
1874 1360 1925 1405 et
1967 1351 2233 1404 diversam

686 1433 1063 1488 formationem
1094 1439 1294 1492 Christi
1320 1455 1349 1492 a
1382 1449 1592 1504 nostra,
1629 1432 1933 1494 voleniibus
1977 1443 2132 1496 nobis
2179 1443 2231 1495 in

684 1526 786 1579 hac
835 1528 1066 1580 maxima
1099 1544 1201 1582 una
1240 1545 1294 1583 re
1332 1531 1548 1585 dilferre
1585 1533 1756 1602 ipsius
1789 1534 2230 1608 constitutionem

2341 1371 2370 1408 a
2406 1365 2611 1417 nostra.
2641 1354 2783 1424 quod
2816 1355 3020 1410 scilicet
3047 1355 3100 1408 in
3138 1343 3255 1426 ipso
3275 1352 3350 1410 sit
3384 1333 3619 1409 Verbum
3652 1354 3799 1423 quod
3836 1354 3890 1407 in

2341 1447 2496 1502 nobis
2519 1447 2682 1501 homo
2709 1447 2928 1501 interior
2956 1447 3090 1515 (48).
3131 1444 3134 1448 ί

2142 1645 2208 1698 Et
2241 1653 2450 1712 postea:

751 1733 807 1788 Si
859 1736 1035 1790 dicere
1084 1737 1358 1791 habitasse
1411 1737 1463 1790 in
1513 1754 1578 1792 eo
1627 1739 1968 1808 sapientiam,
2001 1741 2142 1794 sicut
2167 1727 2224 1793 in
2327 1753 2355 1789 a
2390 1733 2673 1801 sapientia.
2715 1730 2827 1784 lloc
2859 1740 3036 1784 autem
3073 1730 3261 1785 nolunt
3311 1717 3559 1784 catholici
3606 1740 3659 1782 et
3703 1729 3879 1780 eccle-

681 1826 830 1878 nullo
860 1825 984 1888 alio,
1015 1827 1117 1880 hoc
1145 1829 1359 1880 modum
1392 1828 1605 1895 quidem
1635 1829 2042 1886 inhabitationis
2073 1846 2226 1884 eum-

678 1917 799 1967 dem
825 1916 1081 1977 declarat,
1103 1931 1352 1969 mensura
1382 1931 1508 1969 vero
1535 1925 1586 1969 et
1609 1917 1949 1972 multitudine
1977 1919 2225 1972 excellit;
2253 1915 2255 1917 ’

681 2006 829 2058 verbi
865 2008 1056 2074 gratia,
1086 2008 1247 2075 duplo
1286 2008 1435 2074 plus,
1458 2017 1550 2062 aut
1591 2012 2078 2079 quomodocunque
2115 2027 2231 2063 am-

680 2097 840 2162 plius,
867 2098 949 2150 vel
979 2099 1156 2151 minus
1179 2099 1340 2167 duplo
1369 2115 1532 2168 quam
1565 2101 1678 2166 alii,
1714 2111 2070 2170 cognoscente
2113 2102 2228 2170 ipso

2328 1826 2532 1880 siastiei
2561 1838 2815 1885 canones,
2834 1822 2926 1875 sed
2952 1820 3267 1890 potiusillos
3287 1809 3500 1888 quidem
3529 1819 3880 1893 participasse

2327 1915 2647 1984 sapientiam
2701 1910 2834 1964 foris
2876 1911 3250 1978 inspi‘rantem,
3298 1925 3418 1978 quze
3469 1911 3572 1963 alia
3617 1919 3700 1962 est
3741 1906 3882 1976 apud

2329 2011 2510 2078 ipsos;
2539 2007 2723 2074 ipsam.
2740 2017 2877 2056 vero.
2899 2005 3213 2070 sapientiam
3247 2019 3338 2068 per
3359 2020 3415 2057 se
3436 1990 3604 2073 ipsam
3629 2002 3887 2057 substan-

2330 2100 2530 2153 tialiter
2554 2098 2606 2150 in
2637 2110 2837 2164 corpus
2862 2088 2934 2148 ex
2960 2093 3129 2147 Maria
3164 2095 3394 2149 venisse.

2075 2189 2142 2242 Et
2171 2197 2285 2257 post
2319 2188 2428 2241 alia
2462 2203 2480 2239 :

747 2299 824 2352 Ac
853 2300 1054 2361 dicunt,
1095 2314 1200 2352 non
1249 2313 1366 2352 esse
1408 2299 1545 2352 duos
1576 2299 1732 2352 ﬁlios.
1765 2299 1821 2352 Si
1845 2310 2022 2353 autem
2053 2300 2221 2354 Filius

675 2398 760 2445 est
781 2378 1044 2443 Dei'Jesus
1070 2389 1349 2456 Christus;
1375 2388 1545 2443 Filius
1573 2405 1700 2442 vero
1724 2389 1884 2443 etiam
1915 2390 2180 2458 sapientia
2205 2408 2218 2454 ;

2304 2305 2380 2353 'et
2421 2299 2564 2352 aliud
2591 2269 2674 2350 est
2707 2294 2990 2364 sapientia,
3020 2301 3074 2348 et
3099 2275 3242 2347 aliud
3270 2291 3426 2348 Jesus
3454 2269 3738 2349 Christus:
3766 2293 3880 2350 duo

2331 2398 2459 2443 sunt
2493 2389 2610 2443 lilii.

2117 2485 2185 2536 Et
2217 2497 2394 2554 postea
2428 2498 2445 2534 ἔ
2798 2543 2800 2545 ,

747 2576 1153 2645 Copulationem
1184 2578 1292 2646 (i9)
1323 2593 1448 2631 vero
1478 2593 1600 2631 cum
1621 2572 1624 2574 ’
1644 2578 1905 2647 sapientia
1961 2577 2113 2631 aliter
2140 2577 2223 2629 in-
2259 2581 2298 2637 Β
2329 2592 2434 2628 non
2469 2584 2646 2628 autem
2675 2572 2970 2629 secundum
3001 2571 3354 2649 substantiam
3395 2570 3448 2625 in
3493 2585 3719 2640 corpore
3772 2568 3884 2623 lor-

677 2673 870 2740 tellige,
914 2671 1207 2725 secundum
1258 2667 1676 2737 disciplinamet
1726 2668 2220 2737 participationem;

2334 2674 2555 2718 malam.

2077 2779 2144 2831 Et
2178 2787 2292 2848 post
2322 2778 2431 2829 alia
2465 2790 2483 2826 :

749 2871 931 2942 Neque
969 2873 1109 2926 Deus
1137 2873 1227 2940 qui
1267 2887 1460 2940 corpus
1496 2874 1788 2927 humanum
1827 2873 2032 2928 ferebat
2057 2883 2110 2926 et
2135 2873 2220 2925 in-

672 2965 880 3030 duerat,
908 2967 1214 3033 passionum
1253 2969 1608 3019 humanarum
1639 2968 2006 3035 principaliter
2030 2964 2222 3037 expers

672 3066 824 3121 erat;
857 3071 1030 3123 neque
1062 3070 1260 3122 corpus
1315 3057 1608 3108 humanum
1644 3057 1952 3110 divinorum
1999 3073 2221 3126 operum

2329 2886 2491 2939 quem
2525 2867 2636 2923 haec
2684 2883 2843 2938 opera
2888 2867 3132 2922 faciebat.
3172 2867 3454 2920 Formatus
3496 2877 3576 2921 est
3606 2869 3877 2937 principa-

2327 2964 2539 3030 literut
2575 2964 2737 3015 homo
2783 2963 2834 3014 iii
2886 2972 3095 3026 ventre;
3125 2970 3177 3014 et
3222 2963 3539 3015 secundario
3569 2963 3678 3030 (50)
3734 2962 3878 3016 Deus

2325 3065 2442 3110 erat
2497 3054 2548 3107 in
2597 3062 2780 3107 ventre
2833 3051 3249 3121 συνουσιωμένος
3303 3051 3379 3121 τῷ
3423 3052 3762 3123 ἀνθρωπίνῳ,
3825 3054 3877 3106 id

672 3148 1037 3216 principaliter
1075 3163 1266 3215 expers
1303 3157 1418 3200 erat
1452 3148 1507 3201 in
1551 3162 1616 3200 eo
1640 3128 1710 3200 'in
1752 3163 1861 3217 quo
1883 3156 2018 3212 erat,
2048 3158 2101 3201 et
2131 3164 2222 3216 per
2327 3156 2428 3207 est,
2460 3146 2708 3214 copulata
2741 3144 3039 3197 substantia
3069 3143 3186 3207 ejus
3215 3158 3336 3196 eum
3371 3144 3604 3197 homine.

2231 3236 2316 3289 lll.

892 3332 983 3390 Ex
1037 3329 1207 3390 Actis
1258 3330 1707 3407 disputationis
1753 3332 1979 3394 habitas
2024 3350 2058 3394 a
2108 3333 2470 3393 Malchione
2519 3337 2733 3390 contra
2795 3328 3055 3389 Paulum
3113 3331 3615 3390 Somosatenum.

1286 3429 1432 3495 Apud
1464 3427 1673 3482 Petrum
1707 3430 1998 3484 Diaconum
2036 3432 2126 3484 lib.
2163 3432 2237 3483 De
2269 3429 2539 3482 Incarnat.
2572 3430 2638 3480 ad
2672 3427 3028 3496 Fulgentium,
3059 3443 3173 3494 cap.
3204 3426 3254 3478 6.

1640 3499 1786 3551 Inter
1815 3518 1969 3568 opera
1998 3500 2054 3554 S.
2089 3501 2355 3568 Fulgentii
2390 3502 2546 3567 epist.
2586 3498 2671 3550 16.
3075 3511 3078 3514 ’

741 3587 816 3640 Ex
852 3588 1182 3651 simplicibus
1218 3587 1291 3657 (1)
1325 3591 1382 3640 tit
1406 3600 1549 3642 certe
1576 3593 1956 3658 compositum,
1992 3593 2131 3647 sicut
2155 3594 2207 3645 in

669 3677 884 3730 Christo
912 3675 1058 3739 Jesn,
1085 3677 1174 3743 qui
1204 3677 1265 3730 ex
1299 3675 1613 3731 DeoJ/erbo
1637 3691 1690 3732 et
1715 3680 1951 3733 humano
1977 3697 2202 3749 corpore

668 3766 810 3832 quoii
842 3774 922 3818 est
961 3781 1024 3817 ex
1059 3767 1259 3819 semine
1289 3765 1474 3828 David,
1516 3783 1654 3821 unus
1685 3767 1858 3822 factus
1886 3778 1984 3832 est,
2012 3786 2217 3836 nequa-

606 3906 610 3910 .
668 3870 829 3922 quam
867 3856 1091 3908 ulterius
1121 3857 1385 3909 divisione
1422 3858 1622 3925 aliqua,
1662 3860 1754 3912 sed
1794 3861 1996 3912 unitate
2035 3861 2216 3913 subsi-

669 3957 834 3998 stens.
885 3945 963 3998 Tu
1008 3961 1133 3999 vero
1181 3946 1378 3999 videris
1410 3947 1540 3999 mihi
1588 3949 1884 4002 secundum
1932 3949 2034 4001 hoc
2076 3950 2216 4002 nolle

669 4032 1109 4103 compositionem
1160 4035 1340 4101 fateri;
1371 4046 1427 4088 ut
1468 4053 1574 4090 non
1616 4039 1914 4091 substantia
1950 4039 2019 4092 sit
2062 4039 2115 4091 in
2150 4055 2214 4093 co

670 4124 833 4180 Filius
864 4127 974 4190 Dei,
995 4127 1086 4180 sed
1113 4129 1370 4194 sapientia
1401 4130 1695 4181 secundum
1723 4130 2207 4197 participationem.

669 4213 781 4268 lloc
811 4217 950 4268 enim
990 4217 1194 4277 dixisti,
1217 4219 1340 4284 quia
1369 4218 1630 4286 sapientia
1668 4217 2009 4286 dispendium
2039 4221 2211 4287 patia-

2223 4308 2310 4362 1V.

2323 3600 2500 3655 tur,et
2525 3590 2642 3641 ideo
2666 3586 2961 3652 composita
2988 3600 3106 3641 esse
3139 3600 3244 3637 non
3270 3583 3438 3650 possit
3470 3605 3481 3638 :
3512 3602 3609 3641 nec
3641 3584 3896 3657 cogitas,

2321 3683 2460 3750 quod
2506 3680 2684 3732 divina
2738 3679 2997 3746 sapientia
3035 3679 3173 3732 sicut
3201 3687 3484 3746 antequam
3515 3693 3571 3731 se
3595 3680 3876 3733 exinanis-

2323 3779 2422 3830 set,
2469 3769 2786 3821 imliminuta
2834 3769 3156 3836 permansit;
3205 3769 3275 3820 ita
3305 3776 3358 3822 et
3401 3768 3454 3820 in
3493 3769 3592 3820 hac
3617 3770 3871 3821 exinanio

2323 3861 2467 3910 tione
2505 3873 2664 3926 quam
2695 3857 2858 3925 gessit
2880 3856 3333 3922 vniisei‘icorditer,
3363 3856 3682 3911 indiminuta
3709 3867 3870 3926 atque

2321 3947 2719 4001 indemutabilis
2771 3947 2995 4000 exstitit.
3052 3945 3118 3999 Et
3169 3947 3270 4000 hoc
3321 3948 3480 4004 etiam
3529 3946 3688 4012 dicis,
3720 3935 3868 4013 quod

2319 4036 2580 4104 sapientia
2620 4036 2884 4089 habitaret
2913 4038 2965 4087 in
2992 4050 3077 4099 eo,
3104 4036 3242 4090 sicut
3268 4034 3570 4088 habitamus
3593 4045 3642 4087 et
3679 4051 3780 4088 nos
3813 4035 3868 4086 in

2320 4129 2592 4190 domibus,
2625 4137 2684 4181 ut
2710 4130 2884 4202 Valter‘
2910 4128 2960 4180 in
3002 4129 3168 4180 altero
3193 4127 3336 4196 (52);
3379 4129 3470 4180 sed
3520 4140 3694 4192 neque
3741 4141 3869 4194 pars

2316 4221 2510 4273 domus
2536 4235 2634 4273 nos
2662 4233 2870 4281 sumus,
2895 4232 3000 4284 nec
3027 4219 3198 4271 nostri
3221 4233 3344 4286 pars
3366 4217 3562 4270 domus
3587 4224 3691 4271 est.

1704 4397 1784 4451 Ea:
1814 4401 1998 4452 iisdem
2031 4401 2175 4453 Actis
2210 4402 2347 4468 apud
2377 4402 2648 4454 Leontium
2685 4399 2723 4450 ι.
2765 4413 2812 4450 c.

739 4483 925 4538 Nonne
959 4495 1079 4536 ante
1108 4483 1374 4543 dicebam,
1408 4487 1548 4553 quod
1586 4503 1694 4539 non
1739 4492 1988 4543 concedis
2021 4491 2214 4544 Filium

670 4575 1001 4644 unigenitum
1024 4576 1114 4643 qui
1146 4585 1228 4628 est
1260 4591 1324 4628 ex
1353 4577 1648 4630 asternitatc
1678 4587 1803 4630 ante
1827 4595 2041 4631 omnem
2069 4595 2212 4632 crea-

671 4721 947 4776 scoporiim
980 4707 1142 4761 totius
1169 4707 1383 4776 ,Al‘ricze,
1415 4716 1474 4759 ut
1511 4708 1696 4760 scribit
1719 4709 1771 4760 in
1797 4709 2018 4776 epistola
2045 4710 2206 4762 citata

670 4775 736 4826 ad
783 4776 1108 4828 Cornelium.
1165 4775 1350 4830 Patres
1387 4792 1604 4845 quoque
1635 4775 1965 4832 Sardicensis
1992 4780 2205 4833 concilii

669 4846 907 4917 eamdem
953 4846 1313 4917 adhibuerunt
1339 4847 1701 4917 diligentiam.
1743 4846 1842 4899 Sed
1899 4856 1951 4901 et
1993 4850 2206 4917 quoties

671 4912 898 4964 mortuis
924 4914 1188 4980 episcopis
1215 4915 1303 4966 alii
1338 4915 1388 4965 in
1415 4930 1599 4967 eorum
1629 4917 1802 4969 locum
1830 4912 2035 4972 fuerant
2061 4918 2205 4970 ordi-

672 4980 800 5038 nati,
827 4994 1010 5031 eorum
1026 4983 1256 5054 nomina
1287 4984 1506 5051 reliquis
1525 4985 1788 5054 episcopis
1812 4987 2051 5040 indicare
2073 5003 2172 5039 con
2190 5016 2204 5026 -

670 5057 914 5121 sueverat
944 5050 1237 5121 ordinator,
1261 5060 1318 5103 ut
1339 5050 1616 5105 scirentad
1643 5050 1778 5121 quos
1811 5057 2065 5120 scribere,
2089 5066 2142 5109 et
2175 5072 2204 5109 a

593 5132 600 5139 ’
669 5117 864 5189 quibus
908 5119 1154 5189 paciﬁcas
1188 5121 1390 5174 litteras
1421 5117 1675 5189 accipere
1693 5125 1965 5188 deberent,
2006 5117 2064 5177 ut
2120 5126 2205 5178 di-

671 5186 871 5257 scim‘us
907 5200 972 5257 ex
1002 5184 1278 5257 Theophili
1317 5184 1555 5256 epistolis
1584 5184 2171 5257 paschalibus-Vaces.

739 5254 846 5327 (48)
898 5251 1009 5305 Nos
1061 5251 1298 5320 dicimus,
1327 5251 1460 5327 quod
1505 5251 1640 5311 sicut
1686 5260 1836 5326 homo
1885 5266 2111 5317 exterior
2157 5273 2206 5317 et

670 5323 886 5373 interior
917 5333 1034 5374 sunt
1071 5339 1171 5375 una
1211 5323 1463 5391 persona;
1502 5330 1575 5380 sic
1606 5329 1745 5381 Deus
1770 5323 2002 5384 ‘Yerbum
2035 5345 2082 5385 et
2109 5336 2205 5385 liu-

670 5394 894 5510 rluunjtas
920 5402 1194 5512 gssumpta
1232 5407 1348 5447 sunt
1377 5415 1480 5448 una
1509 5415 1746 5466 persona,
1776 5400 1909 5466 quod
1949 5412 2098 5471 negat
2124 5403 2203 5454 hic

722 5477 786 5510 an
815 5478 894 5512 us.
965 5477 1049 5512 an.

722 5477 894 5513 nutus.
920 5477 1049 5514 ΒΑΝ.

741 5531 850 5595 (49)
897 5535 942 5583 Σ
949 5530 1225 5596 υνάεεειαν
1241 5571 1254 5593 ,

671 5600 870 5670 unitum
929 5617 1038 5652 esse
1079 5617 1191 5652 cum
1250 5603 1524 5668 sapientia,
1549 5606 1684 5656 sicut
1717 5605 1991 5670 disciplina
2022 5614 2202 5662 unitur

669 5681 783 5718 cum
810 5668 1034 5723 discent:
1055 5686 1143 5723 uer
1163 5672 1630 5739 participationem.
1661 5675 1789 5746 CAN.

1327 5533 1702 5591 humanitatem
1767 5537 1938 5588 aiebat
2000 5538 2201 5592 Paulus

2325 4503 2520 4555 turam,
2545 4493 2598 4544 in
2636 4500 2746 4542 toto
2776 4488 3054 4542 Salvatore
3077 4483 3382 4549 ὀύσιῶσοαι,
3418 4489 3470 4541 id
3518 4497 3618 4551 est,
3651 4491 3863 4546 unitum

2316 4597 2435 4636 esse
2478 4575 2772 4633 secundum
2810 4579 3203 4633 substantiam?

2379 4715 2490 4779 (50)
2532 4711 2877 4782 iSerundario.
2909 4709 3350 4782 Kaibbzézzpm
3389 4712 3559 4781 λὸγην.
3592 4714 3888 4782 thnnln._

2381 4777 2489 4852 (ξι)
2523 4781 2602 4832 lia:
2631 4781 2972 4852 simplicibus.
2994 4777 3470 4852 llnichfragtnento'
3488 4785 3587 4836 ista
3622 4791 3860 4852 pﬁBIIIil-

2314 4844 2597 4904 tit'Pe'trus
2632 4844 2900 4901 Diaconos
2988 4866 3001 4899 :
3040 4866 3056 4895 ι
3096 4844 3421 4899 Ιιίιιεῖιιίειιη
3467 4867 3497 4901 a
3529 4844 3735 4905 sanctis
3762 4853 3861 4908 Pa-

2312 4921 2482 4973 tribus
2509 4919 2831 4972 adunatione
2855 4933 2919 4969 ex
2949 4916 3230 4968 divinitate
3263 4924 3315 4966 et
3350 4917 3680 4970 immanitate
3705 4922 3862 4972 Chri-

2313 5000 2426 5042 stus
2464 4991 2717 5042 Dominus
2749 4995 2930 5039 noster
2963 4983 3291 5049 compositus
3315 4985 3653 5050 praedicatur.
3696 4985 3851 5051 Quod

2313 5061 2500 5112 nolens
2540 5058 2736 5110 Paulus
2754 5056 3138 5109 Samosatenus
3164 5052 3427 5113 confiteri,
3458 5052 3749 5106 damnatus
3777 5068 3861 5109 est

2312 5129 2380 5178 ab
2413 5129 2744 5180 Antiocheno
2773 5121 3023 5182 concilio,
3049 5119 3344 5175 Malchione
3382 5123 3695 5190 presbytero
3720 5122 3862 5190 ejus-

2311 5196 2429 5248 dem
2464 5195 2808 5249 Antiochenae
2831 5189 3103 5254 Ecclesiae,
3123 5191 3237 5244 viro
3271 5205 3362 5258 per
3387 5190 3563 5243 omnia
3598 5189 3858 5246 eruditis-

2312 5267 2469 5330 simo,
2495 5275 2548 5318 et
2579 5266 2645 5316 ab
2670 5260 2935 5314 universis
2973 5259 3338 5313 sacerdotibus
3357 5259 3448 5326 qui
3483 5266 3668 5316 contra
3703 5275 3856 5315 eum-
3886 5270 3888 5272 '

2311 5335 2430 5386 dem
2485 5334 2708 5386 Paulum
2763 5337 3121 5383 convenerant
3177 5340 3303 5382 tunc
3350 5330 3673 5393 eiecto;qui
3705 5346 3854 5384 sum-

2312 5419 2457 5456 mum
2500 5400 2886 5473 disputationis
2916 5410 3184 5473 certamen
3227 5414 3254 5450 a
3284 5395 3516 5473 concilio
3541 5408 3852 5473 memorato

2311 5468 2631 5539 suscipiens,
2678 5470 2754 5539 ita
2808 5469 3051 5539 eumdem
3117 5468 3422 5539 haereticum
3475 5468 3612 5519 inter
3660 5477 3853 5525 cetera

2312 5537 2602 5613 redarguit,
2637 5538 2819 5613 dicens
2851 5551 2882 5613 :_
2904 5537 2983 5590 Ex
3011 5537 3351 5613 simplicibus,
3399 5553 3416 5584 ι
3443 5542 3584 5613 εμπ..

2382 5600 2491 5676 (δὲ)
2516 5606 2580 5659 Ut
2601 5606 2730 5658 alter
2755 5610 2806 5660 in
2829 5607 3012 5661 altero.
3034 5600 3172 5660 Editi
3191 5604 3391 5670 Lovan.
3407 5600 3628 5657 etBasil.
3643 5612 3697 5655 ut
3717 5605 3854 5658 alter

2314 5680 2366 5730 in
2397 5678 2583 5729 altera.
2655 5718 2657 5721 .
