4104 6350
212 415 320 468 9.77

1172 420 1257 477 DE
1293 421 1453 479 VITA
1490 425 1576 479 ET
1620 423 1923 479 SURIPTIS
1963 424 2019 479 S.
2062 426 2442 481 IllPPOLYTl.

3244 429 3433 485 ‘27‘8‘

212 530 281 583 de
306 530 462 584 laude
485 529 701 584 Domini
725 531 1036 599 Salvaloris,
1062 536 1111 588 in
1142 552 1243 604 qua
1266 547 1515 605 prazsente
1546 538 1767 608 Origene
1793 545 1839 602 Α
1869 547 1985 593 stus
2016 536 2379 603 lleumannns,
2410 554 2471 591 ac
2493 554 2629 592 nova
2664 539 2867 592 ratione
2893 539 3080 601 utitur,
3123 539 3258 595 hanc
3286 557 3397 595 rem

214 638 274 673 se
300 622 443 691 loqui
473 624 529 676 in
552 623 1079 694 ecclesiasigni/icat.
1101 626 1238 679 Hinc
1260 629 1460 682 videtur
1483 630 1641 696 fuisse
1660 631 1767 698 epi-

214 728 407 779 scopus
445 714 499 765 in
548 713 759 767 Oriente
782 754 799 775 ,
831 726 877 768 et
912 716 1090 784 forsan
1127 718 1180 770 in
1227 719 1455 785 Arabia,
1506 720 1574 771 ad
1611 736 1765 787 quam

219 801 472 872 Origenes
501 821 641 857 anno
669 806 875 860 circiter
906 808 1011 862 217
1036 819 1273 864 evocatus
1298 820 1467 875 est,ut
1496 812 1632 879 apud
1660 812 1766 864 Eu-

213 895 415 947 sebium
442 894 515 947 Η.
554 894 620 947 Ε.
647 897 735 951 lib.
766 914 834 959 tv,
870 901 985 967 cap.
1014 900 1097 965 19,
1136 900 1368 971 legimus.
1404 902 1503 954 His
1527 904 1599 955 ita
1627 906 1765 969 posi-

216 985 307 1047 tis,
339 1000 509 1037 nonne
545 984 605 1043 S.
640 985 949 1057 Hippolytus
985 991 1249 1058 episcopus
1278 992 1446 1046 Arabs
1476 993 1629 1060 facile
1668 1010 1763 1060 po-

217 1076 317 1127 tuit
349 1075 419 1127 ad
443 1078 709 1132 visitanda
740 1082 1091 1147 apostolorum
1118 1084 1440 1153 aliorumque
1476 1094 1764 1154 martyrum

214 1167 455 1233 sepulcra
482 1168 700 1222 Romam
730 1172 916 1235 venire,
950 1174 1004 1226 in
1032 1173 1193 1229 Portu
1212 1175 1443 1230 Romano
1465 1177 1528 1230 ab
1549 1177 1763 1232 ethnicis

216 1262 602 1325 comprehendi,
621 1275 668 1315 et
698 1263 886 1318 ibidem
908 1267 1159 1347 martyrio
1181 1269 1354 1335 allici?
1376 1270 1513 1335 Quid
1532 1273 1579 1324 si
1602 1273 1761 1337 plebs,

217 1352 623 1405 determinatam
670 1356 819 1408 istius
867 1359 1113 1427 martyris
1159 1360 1453 1413 cathedram
1494 1364 1759 1431 ignorans,

222 1446 348 1495 hunc
369 1448 705 1513 peregrinum
730 1450 1021 1515 episcopum
1045 1466 1076 1501 a
1100 1450 1209 1503 loco
1238 1454 1480 1521 martyrii
1504 1452 1763 1517 Portuen-

227 1550 321 1587 sem
353 1537 822 1605 cognominaverit,
856 1550 904 1593 et
952 1541 1033 1593 hic
1073 1542 1341 1610 popularis
1383 1560 1528 1597 error
1558 1546 1625 1597 ad
1658 1545 1761 1598 ali-

223 1640 340 1692 quos
373 1629 683 1692 posterioris
717 1630 811 1681 a'ri
836 1632 1107 1699 scriptores
1149 1636 1445 1698 trans:'erit,
1474 1633 1548 1689 uel
1589 1638 1759 1706 potius

221 1716 314 1767 illa
342 1717 626 1793 appellatio
665 1723 881 1788 posteris
914 1725 1234 1778 occasionem
1261 1726 1494 1793 dederit,
1524 1730 1592 1781 ad
1627 1726 1761 1782 Por-

213 1792 450 1881 ’καθησεῶ
514 1808 669 1877 hujus
710 1815 958 1883 martyris
998 1814 1347 1884 episcopatum
1385 1820 1762 1873 asserendum?

1866 625 2133 684 diﬁcilem
2182 630 2504 699 explicandi.
2558 630 2948 684 Nimirum’vir
2984 631 3240 695 eruditus,
3291 642 3395 686 tota

1868 714 1991 771 licel
2031 718 2344 782 antiquitate
2390 728 2736 790 repugnante,
2781 720 2939 774 unius
2960 719 3104 773 vocis
3128 721 3285 773 varia:
3312 735 3399 775 ac-

1865 809 2097 876 ceptioni
2144 805 2413 861 subnixus
2452 818 2509 862 et
2551 805 2756 871 ﬁdens,
2803 810 3150 877 comprobare
3213 809 3399 861 nititur

1862 895 2241 949 dissertatione
2254 909 2392 947 anno
2412 894 2565 963 I158,
2590 895 2881 967 Goettingze
2895 898 3036 951 edita
3053 897 3184 965 (41),
3200 896 3398 967 Hippo-
3422 912 3423 915 ‘

1863 984 2030 1055 lytum
2076 982 2244 1040 fuisse
2292 985 2506 1055 quidem
2528 986 2860 1061 episcopum,
2894 1001 3001 1040 non
3031 996 3205 1045 tamen
3237 988 3418 1040 eccle-'

1863 1074 2155 1134 siasticum,
2189 1084 2242 1126 at
2274 1073 2492 1127 civilem.
2541 1073 2711 1138 Quam
2744 1074 2800 1127 in
2830 1076 3142 1130 sententiam
3173 1077 3395 1145 paucula

1862 1165 2059 1218 excitat
2081 1166 2199 1217 loca
2223 1179 2286 1217 ex
2312 1162 2509 1217 Grazeis
2528 1162 2839 1232 Latinisque
2871 1165 3241 1234 scriptoribus,
3260 1167 3398 1221 unde

1864 1254 2076 1323 colligat
2120 1252 2288 1307 fuisse
2333 1254 2620 1321 aliquando
2650 1244 2879 1308 civilium
2910 1270 3189 1309 uulnerum
3220 1257 3419 1309 homi-.

1864 1361 1976 1407 nes,
2007 1345 2098 1412 qui
2128 1345 2520 1412 appellarentur
2560 1346 2822 1414 episcopi;
2867 1345 3025 1414 idque
3066 1346 3297 1400 nominis
3341 1348 3395 1400 in

1860 1434 2050 1502 primis
2072 1448 2181 1488 ora:
2211 1434 2493 1489 maritima;
2544 1447 2703 1504 atque
2733 1436 2866 1490 adeo
2892 1445 3136 1504 portuum
3161 1437 3397 1489 custodi-

1860 1524 1961 1577 bus
1988 1524 2155 1579 fuisse
2186 1526 2443 1579 tributum
2474 1543 2485 1577 :
2522 1535 2579 1578 nt
2607 1527 2826 1594 proinde
2858 1537 3039 1581 noster
3063 1525 3395 1597 Hippolytus,

1860 1602 2258 1671 ortu-fortasse
2312 1616 2609 1678 lldmanus,
2654 1631 2717 1671 eo
2766 1632 2924 1671 sensu
2965 1618 3182 1673 Romani
3219 1627 3394 1687 portus
3440 1603 3452 1610 ’

1860 1707 2127 1775 episcopus
2171 1706 2468 1761 censendus
2512 1706 2688 1761 fuerit.
2744 1706 2905 1773 Quin,
2953 1710 2999 1762 si
3036 1710 3223 1769 virum
3248 1711 3409 1765 criti-1.

1860 1812 1982 1851 cum
2012 1797 2221 1863 audias,
2257 1799 2337 1851 vel
2370 1798 2482 1866 ipsa
2511 1806 2685 1851 statua
2709 1798 3017 1864 imarmorca
3051 1798 3332 1870 Hippolyto
3362 1815 3397 1871 pa

227 1894 489 1965 Quidquid
511 1866 669 1954 sit'de
697 1902 792 1956 hac
820 1866 1113 1971 coniectura
1138 1866 1343 1973 n’ostra,
1374 1926 1527 1978 quam
1553 1922 1760 1980 propter
1791 1866 1831 1919 B
1860 1887 2171 1980 propinquis
2203 1888 2397 1980 βοείων
2449 1900 2608 1980 alque
2645 1904 2709 1940 ⁸³
2737 1885 2960 1942 Β⁰¹Ῑ¹²¹ί¹ί
3004 1902 3189 1965 Portus
3239 1893 3396 1946 ’Μεθ’

228 1985 446 2037 certiora
478 1988 750 2054 cujuslibet
768 2004 1073 2060 argumenta
1098 1996 1312 2050 libenter
1331 1999 1641 2067 deseremus,
1667 2018 1758 2053 nos

224 2076 281 2126 in
311 2077 459 2128 titulo
482 2081 791 2147 martyrium
823 2083 881 2136 S.
917 2083 1186 2155 Hippolyti
1213 2104 1330 2140 cum
1358 2091 1569 2143 vetustis
1596 2107 1655 2142 ac
1679 2108 1758 2143 re-

226 2164 529 2218 centioribus
579 2166 968 2241 Martyrologiis
998 2176 1051 2226 in
1085 2174 1245 2228 Porta
1272 2178 1504 2231 Romano
1534 2180 1756 2233 colloca-
1797 2229 1801 2232 .

235 2269 397 2309 mus...
430 2256 650 2311 Addunt
680 2262 872 2322 adhuc,
890 2265 1034 2331 quod
1063 2283 1161 2320 non
1188 2270 1337 2321 inviti
1370 2270 1682 2323 Orientalem
1709 2282 1755 2325 et

238 2343 607 2399 Occidentalem
635 2349 789 2418 hujus
810 2356 976 2407 sancti
1000 2359 1245 2425 martyris
1266 2362 1612 2428 episcopatum
1642 2381 1756 2416 cum

224 2432 448 2488 Baronio
487 2448 536 2489 et
587 2438 800 2507 Ughello
832 2442 941 2511 (59)
971 2446 1251 2499 admittant
1279 2488 1291 2511 ,
1324 2450 1488 2502 ethoc
1518 2453 1756 2507 ultimum

220 2533 443 2591 systema
468 2543 619 2580 suum
646 2545 738 2596 pro
769 2546 909 2583 mera
934 2518 1232 2600 cbnjertura
1270 2536 1409 2587 dent.

284 2616 550 2674 Auctores
604 2620 857 2675 Historiie
917 2623 1193 2678 litterariae
1253 2625 1549 2682 Galliarum
1618 2635 1757 2702 regni

216 2719 441 2763 censent
473 2711 527 2765 S.
565 2711 904 2783 Hippolytum
938 2726 1223 2786 martyrem
1259 2712 1458 2773 nullam
1509 2723 1756 2779 habuisse

214 2798 379 2850 lixam
411 2800 613 2867 sedem,
629 2802 721 2856 sed
746 2803 1193 2871 quemadmodum
1214 2808 1331 2875 ejus
1354 2807 1552 2862 sodalis
1569 2808 1752 2870 Caius,

213 2888 481 2955 gentium,
515 2890 626 2944 sive
661 2893 936 2946 nationum
967 2892 1133 2948 fuisse
1156 2896 1463 2965 episcopum
1492 2898 1624 2965 (40).
1648 2898 1756 2954 ’δίο

212 2988 397 3032 autem
431 2980 817 3036 ratiocinantur
846 3000 855 3031 :
883 2982 1107 3048 Quando
1135 2986 1394 3041 Eusebius
1416 2986 1752 3060 Hippolytum

208 3068 349 3123 dicit
394 3069 615 3125 alterius
660 3074 936 3142 cujusdam
967 3074 1250 3139 Ecclesiae,
1296 3087 1414 3131 utut
1446 3078 1756 3134 indetermi-

1860 1978 2009 2033 ribus
2058 1993 2199 2031 anno
2248 1979 2379 2033 1551
2426 1978 2640 2043 effossa,
2705 1980 3005 2035 istiusmodi
3072 1983 3390 2038 sententiam

1857 2070 2171 2133 conﬁrmat;
2198 2069 2396 2137 quippe
2420 2085 2558 2137 quze,
2588 2072 2681 2135 ait,
2705 2070 2905 2124 nullam
2929 2071 3084 2141 plane
3107 2080 3284 2126 notam
3305 2086 3394 2127 ec-

1856 2160 2170 2213 clesiastica:
2190 2160 2467 2235 dignitatis
2489 2175 2596 2228 prae
2624 2175 2679 2213 se
2709 2160 2858 2215 ferat.
2966 2154 2969 2157 ’
3218 2208 3225 2215 ,

1923 2250 2161 2306 Perbelle
2211 2266 2357 2306 sane.
2416 2251 2569 2305 Nunc
2611 2266 2757 2315 vero,
2811 2251 2856 2305 si
2888 2251 2992 2307 diis
3022 2252 3209 2320 placet,
3256 2253 3395 2306 inter

1857 2342 2108 2398 Ecclesia:
2136 2343 2343 2408 Patres,
2388 2344 2481 2412 qui
2526 2343 2721 2398 saeculo
2768 2343 2931 2397 tertio
2963 2343 3176 2397 ineunte
3201 2343 3393 2409 ﬂorue-

1858 2446 2015 2499 runt,
2063 2436 2314 2490 novimus
2364 2436 2745 2510 recensendum
2790 2434 3167 2505 Hippolytum;
3222 2428 3391 2489 virum

1857 2528 1996 2580 haud
2027 2526 2204 2581 Plinio
2256 2527 2543 2579 absimilem
2576 2527 2709 2595 (η),
2744 2527 2856 2595 qui,
2889 2536 2948 2581 ut
2974 2528 3062 2581 ille
3094 2530 3267 2597 portui
3290 2526 3394 2580 Μί-
3422 2587 3426 2590 ,

1856 2632 1997 2677 seno,
2034 2614 2193 2669 fuerit
2223 2613 2465 2675 Romano
2492 2613 2809 2683 praefectus;
2845 2614 3132 2685 episcopus
3154 2617 3390 2686 quidem,

1856 2708 1947 2760 sed
1976 2707 2185 2773 civilis;
2223 2722 2346 2772 orte,
2395 2706 2632 2776 inquam,
2682 2705 2960 2758 maritima
2998 2705 3273 2773 inspector,
3300 2722 3393 2758 cu-
3447 2722 3453 2729 '

1856 2808 2017 2862 ratur,
2044 2801 2483 2867 superintendens.
2526 2797 2741 2873 Scilicet
2766 2804 2946 2851 noster
2970 2795 3282 2866 Hippolytus
3313 2799 3391 2851 vir

1856 2892 1955 2959 fuit
1982 2908 2181 2961 magnte
2207 2892 2521 2961 dignationis
2560 2892 2612 2943 in
2642 2889 2763 2942 urbe
2786 2889 2966 2955 Roma,
2996 2888 3269 2942 honoribus
3294 2904 3388 2954 pa-

1856 2983 1983 3035 riter
2014 2999 2073 3035 ac
2098 2983 2295 3035 divitiis
2334 2982 2592 3043 eminens,
2634 2969 2949 3051 Romanique
2989 2988 3165 3049 portus
3203 2979 3387 3050 prwfe-

1856 3084 2000 3137 ctus;
2049 3083 2108 3126 ut
2150 3082 2451 3141 propterea,
2477 3087 2584 3140 quo
2618 3082 2845 3127 munere
2868 3089 2966 3128 suo
2993 3073 3389 3143 rite’l'ungere-

207 3169 378 3225 natae,
403 3159 735 3229 episcopum,
768 3162 968 3217 lubenti
993 3166 1174 3218 animo
1200 3166 1485 3232 credimus,
1509 3169 1752 3223 eumdem
1781 3183 1823 3239 ο
1857 3172 1963 3228 tur,
2013 3162 2323 3217 sublimiora
2367 3162 2685 3217 Christiana:
2730 3162 3002 3234 religionis
3029 3158 3277 3234 mysteria
3305 3180 3388 3217 re-

206 3265 329 3302 non
360 3250 612 3304 habuisse
638 3252 798 3306 ﬁxam
827 3255 1027 3317 sedem,
1064 3257 1157 3311 sed
1188 3258 1484 3326 putandum
1518 3276 1656 3324 esse,
1682 3263 1753 3315 si-

201 3351 307 3395 cut
370 3340 794 3411 condiscipulum
842 3361 1002 3401 suum
1041 3346 1254 3413 Caium,
1319 3351 1593 3415 nationum
1646 3353 1755 3421 cpi-

161 3471 167 3483 .
200 3443 459 3497 scopum.
494 3427 617 3484 Haec
647 3431 886 3499 profecto
920 3435 1103 3503 opinio
1133 3438 1529 3506 simplicissima
1552 3440 1756 3510 absque

198 3523 584 3584 coatroversia
613 3524 767 3579 nobis
802 3526 1028 3591 videtur,
1054 3535 1211 3596 atque
1235 3544 1356 3583 cum
1384 3531 1551 3585 sancti
1586 3533 1760 3586 nostri

196 3614 441 3668 historia
473 3615 713 3684 apprime
744 3620 1034 3686 conspirat.
1065 3619 1178 3674 Hoc
1204 3620 1345 3673 enim
1382 3620 1576 3688 posito,
1611 3621 1752 3676 haud

136 3756 145 3761 -
197 3706 452 3773 amplius
504 3707 559 3758 in
614 3708 819 3761 ratione
858 3708 1125 3762 reddenda
1174 3725 1360 3764 sumus
1415 3712 1597 3777 anxii,
1659 3728 1754 3765 cur

199 3807 435 3851 sanctus
462 3795 779 3868 Hippolytus
814 3800 981 3853 modo
1007 3802 1060 3852 in
1104 3798 1346 3865 Oriente,
1382 3802 1542 3857 modo
1570 3806 1624 3855 in
1653 3801 1754 3858 Oc-

202 3888 444 3951 cidente,
474 3889 923 3965 quemadmodum
954 3904 1021 3942 ex
1056 3889 1239 3957 paucis
1264 3891 1381 3961 ejus
1410 3894 1571 3961 gestis
1591 3937 1605 3961 ,
1635 3911 1753 3965 quae

202 3980 269 4033 ad
311 3989 562 4033 nostram
603 3981 843 4035 notitiam
888 3992 1276 4049 pervenerunt,
1317 3994 1544 4049 constat,
1592 4003 1752 4057 appa--

200 4072 401 4125 ruerit.
429 4069 583 4135 Quod
631 4080 804 4126 autem
842 4074 893 4126 in
929 4071 1142 4127 Oriente
1189 4084 1431 4130 versatus
1465 4075 1651 4139 fuerit,
1686 4094 1749 4132 ex

201 4163 306 4216 hoc
351 4160 539 4214 nullus
578 4160 855 4215 dubitandi
888 4164 1036 4217 locus
1085 4165 1436 4233 relinquitur.
1466 4167 1591 4235 quia
1639 4168 1749 4234 ipse

201 4253 319 4306 suis
371 4252 426 4304 in
469 4250 720 4319 operibus
772 4264 1043 4309 asseverat
1092 4256 1373 4325 Origenem
1418 4259 1471 4310 in
1527 4272 1750 4311 numero

189 4358 433 4398 suorum
467 4342 775 4396 auditorum
803 4341 1003 4408 fuisse,
1044 4348 1187 4415 quod
1220 4363 1347 4401 sane
1378 4348 1431 4401 in
1466 4347 1748 4402 Occidente

200 4435 454 4491 accidere
500 4433 642 4489 baud
674 4435 864 4504 potuit.
898 4435 1081 4505 Neque
1111 4438 1269 4491 etiam
1314 4438 1367 4491 in
1398 4438 1619 4490 dubium
1664 4453 1745 4491 re-

1855 3253 2079 3320 scrarit;
2109 3253 2173 3307 de
2203 3254 2466 3325 theologia
2491 3254 2948 3323 etincarnatinne,
2972 3256 3037 3308 de
3058 3254 3167 3309 Deo
3191 3264 3243 3308 et
3269 3270 3387 3309 car-

1855 3347 1938 3401 nis
1971 3348 2361 3402 resurrectione
2381 3350 2672 3417 peregerit;
2705 3348 3085 3401 commentaria
3122 3348 3175 3402 in
3201 3363 3385 3403 omnes

1853 3436 2020 3493 ferme
2065 3454 2253 3494 sacras
2283 3439 2559 3507 utriusque
2586 3437 2822 3491 Foederis
2852 3438 3072 3507 paginas
3119 3439 3341 3491 ediderit
3367 3455 3381 3503 ;

1854 3529 1919 3583 de
1946 3530 2253 3599 apostolicis
2297 3529 2668 3583 traditionibus
2699 3528 3000 3596 scripserit;
3049 3518 3382 3581 dcmonstri-
3444 3568 3447 3571 γ

1853 3623 2051 3677 tionem
2102 3632 2396 3691 temporum
2445 3619 2665 3674 Pascha:
2710 3620 3068 3684 elucubrarit;
3128 3619 3382 3674 adversus

1852 3712 2085 3779 Iudaeos,
2114 3714 2354 3766 ethnicos
2380 3711 2763 3781 lncretieosque
2793 3710 2986 3780 stylum
3014 3712 3246 3777 acuerit;
3290 3714 3397 3780 qui;

1854 3814 2105 3872 prazlerca
2152 3803 2215 3855 de
2261 3803 2416 3856 rebus
2459 3801 2654 3856 divinis
2702 3800 3007 3871 frequenter
3030 3801 3093 3855 ad
3128 3803 3378 3871 populum

1853 3908 2124 3946 sermones
2170 3892 2447 3958 habuerit;
2495 3893 2829 3961 potissimum
2866 3905 2993 3947 vero
3036 3893 3145 3961 (45)
3184 3909 3376 3963 προσο-

1855 3983 2029 4051 μιλίαν
2060 3982 2119 4033 de
2148 3981 2300 4033 laude
2336 3981 2545 4035 Domini
2571 3981 2877 4050 Saluatoris|
2902 3984 2956 4035 in
2977 3998 3098 4051 qua,
3129 3992 3401 4050 prasente;

1851 4071 2086 4139 Origene,
2122 4087 2174 4125 se
2214 4060 2353 4149 loqui
2375 4073 2635 4143 signiﬁcat
2665 4073 2717 4125 in
2742 4072 2986 4134 ecclesia;
3036 4071 3121 4124 cui
3148 4070 3375 4139 denique

1850 4177 1956 4214 non
1988 4163 2159 4216 solum
2203 4173 2698 4219 statuamarmorea
2718 4161 2934 4231 posita,
2983 4161 3074 4214 sed
3106 4152 3289 4223 ,statua
3320 4164 3370 4214 in

1848 4252 2097 4306 cathedra
2138 4254 2359 4321 sedens;
2400 4268 2507 4325 quo
2530 4253 2778 4308 nimirum
2810 4250 3126 4320 episcopalis
3151 4252 3267 4320 ejus
3294 4253 3372 4307 die

1849 4346 2025 4413 gnitas
2066 4344 2445 4407 ecclesiastica,
2472 4357 2578 4397 non
2618 4340 2803 4406 civilis,
2829 4340 3053 4411 ejusque
3086 4358 3282 4397 munus
3308 4346 3372 4396 ad

1847 4432 1939 4487 Dei
1970 4435 2223 4505 pepulum
2253 4434 2305 4487 in
2333 4431 2565 4503 Ecclesia
2592 4430 2801 4484 dicendi
2846 4439 3095 4510 testatum
3144 4432 3372 4501 posteris

199 4525 389 4580 vocari
415 4534 591 4599 potest
627 4526 756 4594 quin
784 4527 966 4593 etiam,
1009 4538 1289 4596 postquam
1334 4525 1743 4593 Lugdunensem
1777 4512 1819 4566 Ῑ)
1847 4527 2254 4596 relinqueretur.
2329 4523 2464 4589 Quid
2522 4522 2804 4577 absurdius
2859 4524 3038 4578 dictu?
3110 4522 3244 4577 Hinc
3288 4524 3367 4575 Cl.

199 4615 502 4671 Ecclesiam
552 4616 870 4686 reliquerat,
926 4619 980 4671 in
1054 4618 1338 4672 Occidente
1387 4628 1746 4672 commoratus

198 4707 391 4761 fuerit.
422 4705 593 4775 Hujus
623 4709 699 4761 rei
745 4707 1122 4762 conﬁrmandae
1172 4716 1541 4775 argumentum
1599 4710 1752 4762 omni

197 4797 740 4866 exceptionelmajus
786 4798 914 4851 illud
966 4806 1077 4859 est,
1137 4798 1281 4866 quod
1332 4799 1384 4851 in
1436 4810 1745 4867 computum

199 4898 506 4958 temporum
561 4902 762 4940 morem
787 4886 1100 4940 Latinorum
1131 4896 1407 4957 sequatur,
1439 4890 1744 4957 posthabito

198 4979 291 5033 illo
338 4977 857 5043 Alexandrinorum,
908 4992 1015 5046 quo
1054 4992 1241 5033 omnes
1292 4978 1590 5034 Orientales
1624 4990 1743 5035 ute—

199 5069 421 5123 bantur.
1140 5074 1141 5077 “

267 5160 357 5213 Ab
387 5160 639 5215 omnibus
682 5160 767 5214 bis
805 5161 1102 5225 sententiis.
1156 5163 1265 5216 sive
1308 5164 1631 5230 coniecturis
1658 5166 1739 5219 di-

1849 4617 2236 4673 Schroeckhius
2270 4616 2377 4685 (44)
2410 4614 2547 4669 hanc
2573 4614 2867 4669 Heumanni
2894 4618 3253 4679 conjecturam
3279 4628 3368 4667 sa-

1845 4695 2213 4777 tis'ingeniose
2258 4700 2615 4781 excogitatam
2668 4696 2731 4761 ac
2780 4716 3089 4761 exornatam
3131 4704 3367 4773 quidem,

1847 4797 1936 4850 sed
1966 4798 2105 4850 haud
2130 4780 2798 4850 verisimilem'arbitratur.

1911 4883 2100 4938 Nostra
2136 4892 2291 4938 :etate
2322 4883 2591 4940 Romanus
2618 4884 2785 4937 editor
2809 4881 3038 4935 Danielis
3075 4881 3367 4935 secundum

1845 4973 2186 5043 Septuaginta
2214 4990 2279 5031 ex
2307 4974 2564 5052 Tetraplis
2602 4973 2844 5042 Origenis
2887 4972 3253 5036 demonstrare
3284 4988 3367 5026 co-

1843 5078 1998 5120 natus
2044 5075 2145 5129 est,
2195 5069 2337 5137 quod
2375 5068 2433 5121 S.
2468 5066 2775 5136 Hippolytus
2813 5079 2916 5119 non
2951 5064 3126 5119 solum
3174 5061 3366 5117 Portus

1844 5155 2068 5211 Romani
2092 5159 2376 5227 episcopus
2406 5156 2688 5222 exstiterit,
2720 5154 2812 5211 sed
2843 5154 2985 5223 quod
3012 5156 3170 5210 etiam
3198 5153 3366 5221 ipsius

199 5250 373 5303 scatit
412 5252 495 5303 vir
538 5252 692 5320 longe
718 5251 1083 5317 doctissimus,
1115 5251 1534 5323 ChristOphorus
1561 5256 1741 5326 Augu-
1838 5248 2084 5303 dimcesis
2118 5250 2183 5303 ad
2212 5266 2326 5303 eam
2356 5258 2549 5319 partem
2579 5246 2830 5302 Humana:
2876 5248 3044 5313 urbis,
3079 5259 3197 5313 quae
3221 5243 3379 5315 regio.

268 5400 383 5469 (7:9)
424 5402 722 5480 Baron.,a_d
755 5418 878 5480 any.
908 5402 1034 5467 229,
1064 5418 1214 5480 inim.
1243 5402 1329 5459 IV.
1365 5403 1590 5475 Ugboll,
1620 5404 1735 5461 ltal.
1838 5404 2064 5480 scriptor
2095 5404 2505 5459 ecclesiasticus.
2556 5401 2696 5457 Inter
2720 5403 2931 5458 Primit.
2960 5400 3211 5471 (Ionium,
3234 5418 3357 5473 pag.
3389 5466 3400 5480 ﬂ

200 5467 357 5537 Sacr.
384 5480 515 5525 tam.
545 5474 583 5537 Ι,
616 5475 719 5527 col.
752 5473 873 5535 110,
911 5486 1032 5525 nov.
1066 5473 1192 5525 edit.

272 5536 385 5606 140)
420 5536 755 5596 Benedictini
795 5557 826 5595 e
870 5551 1168 5608 congregat.
1204 5540 1455 5596 S..Mauri
1506 5545 1558 5597 in
1592 5542 1732 5596 Hist.

199 5607 375 5681 Ιίιψς.Δ
395 5609 466 5681 de
483 5608 537 5661 la
563 5608 786 5681 France,
813 5619 943 5665 tom.
978 5607 1176 5681 l,.part.
1208 5634 1247 5671 ι,
1280 5625 1397 5681 pag.
1432 5614 1550 5666 365.

273 5675 385 5747 (41)
425 5675 722 5739 Heumanni
750 5675 1077 5741 Dissertatio,
1112 5679 1163 5731 in
1193 5675 1537 5747 quadocetur
1563 5682 1649 5735 ubi
1686 5691 1763 5733 et~

201 5745 374 5813 qualis
419 5746 705 5817 episcopus
748 5749 907 5805 fuerit
960 5745 1306 5836 Hippolytus,
1367 5751 1542 5805 saeculi
1577 5754 1732 5830 tertii

1834 5474 2043 5543 Ξὲυλει
2052 5489 2181 5543 ἕως.

1925 5541 2012 5613 42)
2050 5540 2347 5613 Heumann.
2380 5540 2427 5613 l._
2446 5554 2640 5613 c._pag~
2670 5541 2798 5613 345.

1925 5542 1991 5595 42
2050 5542 2347 5596 Heumann.
2380 5542 2415 5591 1.
2446 5554 2640 5661 αὔρας-
2670 5542 2798 5613 345.

1926 5542 2014 5679 451
2054 5610 2247 5665 Hieron
2288 5625 2358 5661 m.
2392 5607 2461 5661 De
2546 5611 2615 5662 ir.
2640 5608 2857 5677 Μυκη,
2886 5618 2943 5688 (ξ
2987 5605 3116 5685 ,1611

1902 5542 2014 5743 ibi)
2048 5680 2200 5735 Joan.
2252 5625 2436 5732 ilatth.
2481 5678 2827 5743 Schroeckh.,
2892 5618 3116 5727 orrum:

1924 5671 2200 5747 44)]01111.
2252 5671 2436 5732 Matth.
2481 5671 2854 5745 Schroeckh,
2892 5671 3193 5747 Christlichc
3253 5673 3350 5730 lie-

1835 5743 2081 5819 schichte,
2107 5752 2488 5821 part.’tv,‘pag.
2526 5748 2627 5804 l55
2658 5743 2896 5813 secunda
2923 5743 3049 5795 ειηι-
3110 5784 3115 5791 .
