4104 6350
748 454 855 511 279

1699 451 1782 538 PE
1819 449 1978 505 VITA
2009 446 2097 502 ET
2136 442 2440 502 SCRIPTIS
2474 440 2533 495 S.
2575 434 2949 511 HIPPOLYTI.

3810 419 3925 477 280

750 571 1152 627 Transtiberina
1197 569 1415 635 dicitur,
1462 584 1521 625 se
1551 568 1867 633 extenderit,
1914 577 2074 635 atque
2118 566 2286 633 ipsam
2315 569 2359 625 Α
2389 561 2553 612 lutam
2577 556 2820 624 notisque
2849 554 3165 606 illustratam
3192 546 3522 615 immigrasse
3548 540 3921 612 cognovimus.

744 664 1050 719 Tiberinam
1077 663 1306 716 insulam
1345 661 1622 729 complexa
1664 658 1844 713 fuerit.
1903 677 1930 709 «ε
1960 656 2076 711 Duo
2106 666 2283 709 autem

740 756 894 810 nobis
942 762 1063 824 post
1108 753 1411 822 complures
1436 751 1768 804 eruditorum
1808 748 2098 815 sententias
2123 749 2187 802 de
2220 746 2285 799 ti-

741 846 850 899 tulo
866 843 1157 914 Hippolyti,
1172 857 1279 911 quo
1301 840 1497 896 dicitur
1521 840 1811 901 ἐπίσκοπος
1846 837 2078 906 Ῥώμης,
2097 851 2283 905 quem-

738 936 1026 991 admodum
1079 949 1218 1003 saepe
1263 948 1294 987 a
1340 932 1558 997 Graecis,
1599 930 1942 985 verisimilius
1984 929 2089 983 dici
2123 942 2284 997 posse

698 1032 702 1037 '
736 1028 850 1080 visa
883 1032 1029 1090 sunt,
1059 1024 1199 1091 quod
1232 1024 1364 1091 ipse,
1406 1036 1527 1076 cum
1559 1030 1701 1076 esset
1729 1020 1963 1091 gentium
2002 1021 2285 1086 episcopus

736 1113 923 1169 Roma
969 1112 1266 1177 ordinatus,
1320 1110 1481 1165 fuerit
1524 1111 1577 1163 in
1612 1109 1734 1162 urbe
1765 1108 1930 1160 Roma
1978 1109 2282 1182 episcopus,

736 1208 879 1261 unde
904 1204 1207 1273 percrebuit
1230 1205 1496 1271 episcopus
1523 1199 1721 1263 Romae,
1753 1200 1895 1267 quod
1918 1207 1998 1252 est
2024 1199 2279 1253 alienum.

736 1295 883 1357 Vixit
930 1294 1194 1365 Hippolyti
1227 1309 1341 1347 avo
1379 1292 1541 1345 Caius
1575 1291 1857 1360 presbyter,
1892 1289 2137 1355 idemque
2179 1287 2285 1341 Ro-

735 1401 835 1437 ma:
861 1366 1082 1452 gentium
1108 1385 1398 1451 episcopus,
1445 1379 1897 1449 quemadmodum
1931 1377 2157 1431 inferius
2187 1391 2283 1445 ap-

738 1475 967 1544 parebit,
1022 1473 1297 1541 repudiata
1342 1468 1578 1524 Jo.'Alb.
1605 1469 1834 1523 Fabricii
1882 1466 2280 1531 emendatione,

737 1567 831 1633 qui
872 1564 1196 1616 Athenarum
1237 1563 1355 1616 loco
1398 1563 1626 1630 gentium
1673 1560 1909 1628 reposuit
1947 1559 2095 1612 nullo
2136 1559 2280 1627 jure,

720 1653 1052 1721 necessitate
1108 1653 1286 1720 nulla;
1341 1653 1573 1720 itemque
1618 1649 1736 1705 Jac.
1786 1649 2033 1718 Basuagii
2077 1650 2169 1718 qui
2217 1649 2284 1702 de

735 1741 1019 1813 Hippolyto
1046 1743 1272 1811 loquens
1306 1760 1320 1797 :
1354 1741 1411 1795 Is
1441 1742 1577 1795 enim
1603 1741 1757 1803 ritus,
1781 1740 1956 1808 inquit
1981 1738 2113 1809 (45),
2132 1739 2284 1806 plane

733 1849 911 1897 novus,
942 1848 1033 1887 nec
1058 1831 1241 1887 saltem
1267 1832 1562 1899 pristinam,
1593 1831 1655 1882 de
1676 1846 1777 1898 qua
1799 1830 2023 1899 agimus,
2048 1828 2282 1896 antiqui-

2388 636 2466 705 Ac
2496 650 2648 718 plura
2673 646 2909 714 quidem,
2945 657 3063 711 qua
3091 636 3327 708 proferre
3354 635 3729 705 potuissemus,
3756 644 3925 697 expo-

2389 743 2491 795 sita
2519 739 2713 792 ibidem
2744 733 3084 795 oﬂ‘endimus,
3111 738 3169 783 ut
3191 728 3368 794 aliqua
3398 733 3596 780 tantum
3628 723 3923 791 supersint.

2388 849 2509 901 qua
2533 827 2943 897 disputationem
2967 824 3030 877 de
3050 822 3291 891 pluribus
3308 815 3600 886 Hippolytis
3616 811 3925 901 expediant.

2391 900 2507 974 Duo
2540 917 2771 971 maxime
2806 914 3039 983 insignes
3068 912 3213 970 cultu
3240 905 3602 963 anniversario
3625 902 3811 956 Roma
3843 900 3901 954 fu

2389 1020 2545 1065 erunt
2590 1006 2854 1076 Hippolyti
2897 1013 3159 1073 martyres
3206 1018 3219 1054 :
3268 999 3472 1068 primus
3522 994 3709 1057 miles,
3767 990 3929 1058 cujus

2388 1102 2703 1172 praclarum
2747 1098 2846 1150 luit
2884 1100 3288 1150 monumentum
3333 1087 3675 1155 conjunctum
3720 1080 3929 1148 templo

2392 1170 2447 1245 Β.
2480 1189 2749 1245 Laurentii
2784 1176 2839 1241 in
2884 1199 3015 1255 agro
3058 1182 3289 1237 Verano.
3348 1177 3519 1245 Hujus
3559 1188 3751 1227 nomen
3799 1170 3932 1223 fasti

2390 1281 2639 1336 Ecclesia
2663 1279 2918 1333 exhibent
2949 1272 3126 1329 Idibus
3157 1269 3400 1340 Augusti.
3456 1265 3682 1319 Exhibet
3708 1275 3933 1332 quoque

2388 1372 2711 1427 Prudentius
2739 1369 2851 1438 (49)
2876 1385 2887 1419 :
2908 1347 2967 1420 Si
2992 1366 3112 1417 bene
3140 1358 3482 1419 commemini,
3513 1355 3633 1408 colit
3659 1354 3795 1406 hunc
3808 1350 3936 1418 pul-

2388 1462 2645 1515 cherrima
2672 1459 2835 1512 Roma
2864 1454 3042 1508 Idibus
3073 1450 3293 1520 Augusti
3322 1446 3526 1500 mensis.
3564 1444 3769 1498 Catera
3806 1456 3935 1511 qua

2387 1549 2708 1606 Prudentius
2738 1548 2849 1617 ipse
2878 1546 2953 1599 ait
2978 1558 3035 1597 se
3063 1554 3257 1596 canere
3290 1538 3357 1591 ad
3385 1538 3600 1607 pictura
3628 1533 3811 1594 tidem,
3848 1531 3935 1584 hi-

2388 1643 2584 1698 storice
2611 1642 2676 1695 de
2710 1653 2819 1693 uno
2847 1644 3053 1691 tantum
3084 1630 3369 1701 Hippolyto
3401 1642 3509 1682 non
3553 1640 3707 1696 posse
3753 1622 3933 1690 accipi

2390 1731 2712 1786 venerabilis
2735 1728 2998 1787 Baronius
3018 1721 3303 1779 cardinalis
3326 1717 3621 1779 admonuit,
3643 1724 3702 1770 ut
3727 1713 3931 1767 mirum

2390 1823 2460 1877 sit
2492 1822 2635 1875 viros
2663 1820 2862 1875 critica
2888 1816 3158 1872 studiosos
3195 1810 3383 1867 deinde
3411 1807 3629 1879 pictoris
3651 1803 3930 1877 licentiam

737 1894 906 1976 tatem
958 1920 1150 1977 redolet
1182 1937 1200 1987 ;
1267 1894 1523 1975 nimirum
1548 1894 1556 1896 ﬁ
1581 1894 1721 1989 quod
1783 1894 2021 1988 episcom
2079 1894 2286 1987 aliquot
2312 1905 2355 1959 Β
2384 1928 2481 1983 pro
2511 1910 2733 1967 veritate
2756 1907 3027 1969 habuisse,
3078 1912 3172 1957 aut
3196 1915 3430 1957 errorem
3461 1907 3624 1963 certe,
3667 1894 3762 1966 qui
3793 1904 3930 1989 exo-

630 2037 634 2040 ~
734 2013 1078 2069 sublevandis
1140 2011 1503 2078 Romanorum
1571 2008 1886 2079 pontiﬁcum
1947 2008 2093 2061 curis
2149 2022 2287 2077 pra~

733 2113 818 2159 sto
881 2111 1081 2158 essent.
1150 2100 1386 2173 Longius
1454 2110 1630 2154 tamen
1714 2100 1979 2153 aberravit
2045 2096 2285 2155 Christo-

732 2196 937 2267 phorus
956 2195 1090 2262 Aug.
1114 2191 1580 2259 Heumannusﬂﬁ)
1600 2192 1690 2261 qui
1718 2192 1927 2245 civilem
1954 2201 2156 2245 tantum
2174 2193 2286 2261 epi-

734 2299 989 2353 scopum,
1054 2282 1140 2336 vel
1190 2298 1295 2335 orte
1349 2285 1630 2337 maritimae
1680 2292 1972 2335 curatorem
2028 2284 2283 2351 inspecto-

737 2390 944 2444 remque
971 2373 1187 2443 agnovit
1216 2370 1576 2449 Hippolytum,
1629 2382 1688 2425 ut
1720 2373 1941 2444 martyri
1991 2371 2284 2430 fortissimo

736 2480 949 2533 semper
979 2464 1121 2529 vivo,
1146 2471 1469 2532 mortuoque
1496 2462 1769 2537 negotium
1801 2461 1963 2516 fuerit
1983 2477 2106 2516 cum
2135 2477 2285 2516 erra-

736 2544 797 2611 re
835 2555 1155 2627 volentibus.
1214 2554 1293 2609 Eo
1338 2555 1519 2625 itaque
1565 2565 1800 2624 tempore
1849 2555 2103 2623 quoniam
2147 2553 2283 2615 Urbs

736 2646 1115 2701 innumerabili
1171 2645 1470 2716 frequentia
1526 2645 1703 2715 populi
1756 2644 2001 2710 ﬂorebat,
2053 2645 2282 2714 indeque

736 2737 1169 2791 Christianorum
1194 2752 1453 2791 numerus
1486 2737 1779 2807 augebatur
1810 2737 1864 2791 in
1902 2736 2038 2802 dies,
2070 2738 2282 2806 pontiti—

737 2844 826 2886 ces
857 2827 1084 2882 Romani
1118 2828 1263 2883 viros
1306 2828 1630 2883 lectissimos
1651 2867 1666 2890 ,
1718 2827 2164 2896 doctissimosque
2190 2843 2281 2881 ve-

735 2919 833 2989 luti
869 2918 1141 2987 adjutores
1169 2918 1548 2982 adhibuerunt,
1586 2920 1783 2989 quibus
1807 2919 1860 2972 in
1894 2918 2147 2973 Ecclesia
2180 2920 2278 2973 ad-

734 3009 1132 3069 ministratione
1190 3018 1484 3074 uterentur,
1538 3010 1849 3079 eosque‘in
1905 3009 2277 3079 episcoporum

738 3098 904 3177 gradu
934 3112 1053 3151 esse
1077 3097 1378 3151 voluerunt.
1432 3096 1678 3152 Succedit
1718 3096 1972 3151 Ecclesia
2014 3096 2276 3153 Portuen-

738 3187 816 3285 sis
991 3185 1273 3285 Hippolyto
1302 3188 1609 3253 commissa,
1639 3188 1704 3242 de
1728 3202 1832 3255 qua
1860 3184 2095 3242 Ecclesia
2122 3204 2279 3243 nemo
2304 3225 2348 3285 ο

737 3274 955 3331 Eusebii
1004 3277 1369 3343 Caesariensis,
1416 3291 1480 3333 ac
1528 3276 1586 3333 S.
1635 3277 1945 3348 Hieronymi
2000 3278 2269 3332 silentium

737 3365 823 3419 vel
854 3366 1241 3435 ignorationem
1284 3378 1533 3439 opponat,
1569 3378 1628 3422 ut
1669 3367 1975 3422 cathedram
2008 3350 2273 3438 Hippolyti

739 3461 939 3510 statuat
969 3456 1035 3510 ad
1064 3454 1284 3512 Portum
1309 3458 1362 3512 in
1391 3456 1607 3512 Arabia.
1668 3456 1900 3511 Facilius
1942 3455 2087 3509 enim
2115 3456 2274 3509 ambo

740 3544 1032 3611 scriptores
1056 3545 1122 3599 de
1148 3544 1316 3599 Portu
1351 3544 1575 3599 Romano
1602 3546 1755 3615 longe.
1779 3543 1969 3617 dissito
1998 3543 2154 3598 silere
2180 3558 2276 3613 po-

740 3636 979 3700 luerunt,
1026 3650 1188 3705 quam
1226 3636 1293 3691 de
1317 3634 1484 3706 Portu
1507 3636 1735 3706 Arabia,
1782 3650 1939 3705 quem
1972 3635 2275 3708 propiorem

742 3725 1030 3781 habebant.
1085 3726 1263 3797 thue
1307 3728 1411 3782 alia
1436 3728 1766 3795 omittamus,
1798 3727 2059 3799 Hippolyti
2097 3737 2275 3795 statua

743 3815 1034 3883 singularis
1084 3818 1236 3873 testis
1268 3826 1382 3882 est,
1427 3832 1534 3871 non
1563 3818 1770 3873 Arabia
1798 3820 2103 3891 episcopum
2130 3860 2144 3884 ,
2181 3819 2277 3889 sed

742 3905 905 3975 hujus
934 3906 1144 3962 vicinia
1174 3922 1207 3982 τι
1233 3923 1291 3964 se
1314 3908 1700 3974 demonstrari;
1737 3925 1860 3962 nam
1889 3908 2033 3978 Cycli
2059 3910 2279 3979 pascha-

744 3994 811 4067 lis
857 4009 1021 4051 causa
1068 4010 1175 4059 non
1200 4003 1379 4052 statua
1413 4010 1548 4065 opus
1583 4003 1718 4068 erat,
1756 3995 1842 4048 cui
1870 4009 2171 4047 marmorea
2197 4002 2279 4056 ta-

742 4087 871 4143 bula
901 4088 1216 4145 sull'ecisset.
1278 4087 1446 4144 Multo
1478 4096 1654 4147 autem
1685 4086 1798 4156 ipse
1832 4083 2025 4156 Cyclus
2046 4084 2279 4139 ostendit

742 4177 1117 4245 manifestius,
1173 4187 1444 4249 auctorem
1491 4192 1597 4232 non
1647 4176 1699 4230 in
1728 4173 1985 4243 Oriente,
2026 4181 2081 4228 at
2108 4174 2160 4228 in
2192 4173 2278 4227 his

744 4265 880 4334 ipsis
926 4268 1125 4323 vixisse
1164 4270 1365 4324 nostris
1416 4267 1742 4339 regionibus.
1798 4263 1964 4332 Totus
2006 4264 2149 4319 enim
2195 4272 2277 4318 est

746 4355 1056 4419 Latinorum
1085 4359 1207 4412 usui
1234 4358 1693 4423 accommodatus;
1729 4357 1796 4411 ab
1820 4353 2169 4411 Orientalium
2189 4368 2281 4417 ve-_
2317 4363 2321 4367 ‘

744 4461 810 4502 ro
836 4449 1217 4503 consuetudine
1242 4458 1346 4503 tam
1379 4450 1602 4515 alienus,
1647 4456 1705 4503 ut
1735 4463 1765 4501 a
1804 4447 1934 4501 viris
1975 4445 2279 4500 eruditissi-

2386 2002 2481 2062 riri
2517 2000 2691 2073 potuit
2733 1998 2825 2053 illa
2866 1998 3125 2065 inspecta,
3171 1992 3409 2046 noluisse
3442 2000 3752 2057 agnoscere,
3788 1993 3849 2038 ut
3876 1983 3930 2036 iu

2384 2108 2554 2147 unum
2586 2101 2695 2145 tres
2729 2087 2995 2158 Hippolyti
3027 2085 3403 2140 coalescerent.
3462 2078 3694 2134 Alterius
3726 2074 3933 2143 Hippo-

2382 2184 2499 2255 lyti,
2550 2182 2641 2251 qui
2669 2178 2982 2249 Portuensis
3020 2184 3123 2239 est,
3164 2174 3313 2227 varie
3341 2172 3455 2227 dies
3479 2170 3648 2224 festus
3674 2180 3926 2222 recense-

2382 2284 2490 2337 tur,
2531 2289 2583 2326 χι
2630 2271 2747 2339 Kal.
2780 2268 2925 2338 Sept.
2972 2267 3061 2325 vel
3092 2263 3369 2335 postridie,
3400 2262 3484 2316 vel
3514 2259 3652 2315 Non.
3686 2258 3862 2327 Sept.,
3896 2270 3930 2310 ι

2383 2364 2581 2418 Graecis
2617 2378 2670 2416 tv
2703 2361 2786 2435 vel
2816 2376 2872 2413 ιιι
2914 2357 3031 2411 Kal.
3076 2356 3231 2411 Febr.
3286 2353 3339 2407 Is
3380 2350 3666 2421 aliquando
3695 2347 3927 2410 Nonnus

2380 2454 2544 2509 veteri
2582 2468 2732 2507 more
2762 2451 2985 2505 honoris
3012 2462 3207 2523 caussa,
3232 2445 3412 2501 dictus
3439 2441 3727 2511 invenitur,
3784 2437 3931 2492 unde

2382 2539 2556 2594 Nomii
2583 2539 2841 2595 Edesseui
2891 2535 3149 2611 Episcopi
3179 2543 3386 2603 gestum
3422 2528 3637 2599 aliquod
3688 2528 3935 2598 sequiori.

2380 2645 2493 2685 avo
2524 2630 2634 2700 (50)
2670 2631 2897 2704 relatum
2945 2637 3027 2701 est
3062 2626 3131 2681 ad
3170 2624 3509 2694 Hippolytum
3550 2619 3931 2694 Portuensem.

2380 2720 2436 2775 lu
2464 2720 2625 2775 Portu
2644 2716 2900 2787 Romano
2946 2732 3141 2793 corpus
3184 2706 3450 2784 Hippolyti
3492 2720 3760 2767 servatum
3805 2725 3927 2765 esse

2378 2813 2443 2865 ad
2496 2827 2668 2879 usque
2715 2810 2923 2863 initittm
2970 2823 3022 2873 ix
3101 2805 3279 2859 saeuli
3327 2803 3645 2858 Anastasius
3688 2802 3925 2871 prodidit

2379 2900 2511 2969 (51),
2565 2898 2713 2951 Fecit
2743 2900 2880 2951 idem
2911 2896 3169 2969 almiﬁcus
3214 2894 3447 2963 pontifex
3478 2892 3610 2964 (Leo
3636 2889 3723 2962 ΙΙΙ)
3748 2893 3801 2944 in
3832 2892 3926 2943 bav-

2376 2988 2529 3041 silica
2573 2987 2723 3041 Beati
2779 2986 3047 3055 Hippolyti
3107 2985 3358 3053 martyris
3406 2984 3457 3037 in
3496 2985 3702 3037 civitate
3728 2981 3927 3035 Portu-

2376 3079 2485 3133 snsi
2517 3086 2675 3130 vestes
2698 3076 2761 3128 de
2783 3076 3015 3129 stauraci
3043 3072 3197 3133 duas,
3225 3070 3380 3125 unam
3400 3089 3553 3142 super
3581 3087 3765 3138 corpus
3786 3071 3920 3138 ejus,

2376 3176 2425 3225 et
2450 3166 2611 3219 aliam
2643 3168 2697 3219 in
2724 3165 2884 3219 altari
2912 3164 3118 3231 majori.
3174 3161 3371 3239 Eodem
3411 3177 3535 3217 vero
3566 3171 3794 3217 exeunte
3818 3177 3920 3214 sa-

2381 3260 2504 3313 eclo
2550 3273 2580 3312 a
2612 3256 2873 3332 Formoso
2905 3255 3138 3308 nondum
3182 3252 3427 3327 pontiﬁce
3454 3266 3683 3314 summo,
3727 3260 3782 3303 at
3808 3248 3924 3316 epi-

2377 3366 2540 3420 scopo
2580 3347 2886 3412 Portuensi,
2928 3360 3123 3414 corpus
3152 3342 3419 3418 Hippolyti
3443 3357 3565 3396 cum
3591 3342 3710 3396 aliis
3742 3341 3793 3393 in
3826 3337 3923 3392 Ti-

2375 3442 2617 3495 berinam
2664 3438 2896 3491 insulam
2932 3435 3251 3490 translatum
3276 3442 3379 3498 est,
3406 3430 3547 3500 quod
3572 3446 3747 3485 coava
3770 3431 3925 3484 docet

2378 3530 2663 3599 epigraphe
2708 3527 2817 3597 (52)
2851 3544 2864 3579 :

2588 3632 2621 3671 ιι
2630 3633 2693 3669 lC.
2722 3628 3100 3679 REQUIESCI'N’I‘.
3129 3626 3369 3689 CORPORA.

2489 3756 2492 3760 λ
2583 3708 2731 3771 soon.
2769 3704 3039 3771 usnrvnv.
3068 3728 3327 3767 YPPOLITI.

2588 3822 2824 3861 TAVBINI.
2856 3819 3167 3859 ιιειιονιΑΝι.
3230 3818 3352 3866 Δτρ.

2586 3910 2813 3952 IOANNIS.
2850 3911 3111 3950 csusms
3330 3885 3335 3889 ’

2590 4013 2879 4068 rosuosvs.
2932 3987 3028 4052 Εἷς

2790 4098 3062 4139 CONDIDIT.

2384 4176 2647 4249 Quoniam
2700 4179 2884 4246 itaque
2929 4192 3037 4231 non
3080 4176 3389 4232 dubitamus
3436 4174 3563 4243 quin
3607 4169 3918 4242 Hippolytus

2382 4266 2546 4339 fuerit
2592 4268 2779 4322 Portus
2822 4267 3042 4322 Romani
3084 4269 3387 4337 episcopus,
3417 4264 3545 4319 illud
3580 4260 3792 4315 facilius
3818 4263 3917 4315 im-

2381 4350 3103 4441 petrabimus,Portuensern
3141 4361 3449 4429 episc0pum
3502 4355 3809 4423 aliquandiu
3863 4355 3914 4409 in

2381 4466 2478 4507 sua
2505 4452 2722 4506 diacesi
2752 4465 3063 4504 numerasse
3088 4450 3356 4519 regionem
3392 4445 3539 4500 urbis
3562 4442 3915 4499 Transtiberi-

746 4538 874 4603 mis:
930 4537 1024 4607 (Ιυί
1081 4553 1337 4606 suppares
1388 4539 1604 4604 fuerunt
1658 4538 1962 4609 HiPPOIYlO.
2018 4544 2177 4604 atque
2222 4536 2276 4589 in
2308 4565 2352 4619 ι)
2381 4558 2527 4605 nam,
2574 4539 2851 4609 ipsamque
2893 4535 3197 4591 Tiberinam
3239 4534 3491 4593 insulam,
3535 4530 3646 4586 sive
3685 4530 3811 4597 quia
3853 4543 3915 4584 ea

745 4629 964 4691 Oriente
999 4630 1312 4694 ﬂoruerunt,
1342 4633 1539 4701 percipi
1567 4646 1671 4685 non
1698 4630 1949 4700 potuerit.
1994 4626 2050 4681 S.
2080 4626 2280 4689 Anato-

743 4720 853 4777 lius
893 4722 1005 4793 ipse
1039 4720 1369 4775 Laodiceuus
1413 4722 1513 4775 hoc
1552 4722 1737 4775 eodem
1787 4720 1963 4789 studio
1992 4717 2279 4772 celeberri-

745 4827 912 4871 mus:
949 4811 1286 4881 Hippolytus.
1333 4810 1505 4879 inquit
1538 4811 1670 4878 (47),
1718 4809 1784 4863 16
1821 4824 2073 4877 armorum
2109 4806 2280 4860 circu-

748 4902 856 4957 lum
884 4904 1189 4972 quibusdam
1215 4903 1405 4972 ignotis
1432 4902 1569 4955 luna
1604 4898 1835 4953 cursibus
1864 4900 2167 4968 composuit.
2214 4897 2281 4972 At

747 4992 929 5047 sedem
953 4992 1219 5065 Hippolyti
1264 4994 1589 5049 luculentius
1620 4992 1708 5045 alii
1746 4990 2103 5051 vindicarunt.
2145 5004 2283 5059 pra-

748 5082 1007 5151 cipueque
1058 5071 1438 5139 Constantinus
1485 5079 1780 5153 Huggerius
1827 5078 1892 5153 Υ.
1928 5079 1989 5135 C.
2025 5078 2162 5153 (ﬂ),
2188 5094 2284 5133 eu-

743 5174 833 5249 jus
856 5174 1183 5242 inspeximus
1224 5176 1454 5246 pagellas
1483 5172 1551 5228 80
1582 5174 1684 5236 hoc
1698 5181 2012 5238 argumento
2040 5170 2282 5226 conscri-

750 5277 891 5337 ptas,
917 5281 1116 5337 easque
1150 5284 1316 5338 nuper
1339 5271 1391 5337 iu
1425 5265 1852 5323 dissertationem
1890 5266 2097 5320 erudite
2126 5266 2282 5319 abso-

822 5402 1200 5473 (45)Basnag.,
1218 5402 1493 5473 Animadv.
1521 5404 1587 5459 de
1614 5399 1670 5457 S.
1697 5399 1965 5472 Hippolyti
1980 5400 2112 5467 Ἧι..
2136 5398 2285 5473 Lect.

750 5475 918 5540 antiq.
947 5472 1229 5541 anisiiJ,
1257 5486 1375 5541 pag.
1405 5472 1487 5525 10.

822 5538 935 5663 (ιϐξ
975 5538 1274 5607 Heuman.{
1297 5539 1505 5595 Primit.
1538 5541 1771 5623 Gotting.
1800 5556 1919 5663 ρπβ.
1950 5538 2073 5594 240.

822 5613 909 5663 147
970 5609 1027 5663 S.
1052 5612 1288 5663 Anatol..
1312 5608 1523 5663 Prafat.
1546 5627 1598 5663 in
1623 5612 1825 5663 Conon.
1898 5609 2073 5663 aschal

818 5602 932 5679 μη
970 5609 1027 5665 S.
1052 5602 1288 5673 AnatoL,
1312 5608 1523 5679 Prafat.
1546 5612 1598 5665 in
1623 5602 1825 5667 Catiou'.
1850 5602 2120 5677 Paschal.,
2143 5602 2285 5677 apud

750 5678 1073 5756 Bucaérism
1099 5696 1218 5756 pas:
1247 5678 1373 5756 452-

845 5754 930 5824 ⁸8)
968 5744 1221 5825 Enniani
1244 5758 1297 5807 et
1327 5746 1544 5807 Buschii
1572 5750 1794 5810 Dissert.
1818 5750 1885 5806 de
1907 5746 2054 5805 Pori.
2082 5746 2139 5805 S.
2165 5744 2286 5816 ﬂip-

753 5754 1086 5915 alia:

2380 4649 2505 4703 pars
2534 4641 2685 4687 extra
2714 4628 2871 4695 Urbis
2893 4629 3128 4697 pomeria
3155 4627 3371 4679 ﬂumine
3401 4620 3615 4674 detinita
3655 4620 3912 4674 censeba-

2338 4774 2341 4777 ,
2380 4712 2486 4795 tur,
2535 4724 2668 4786 sive,
2718 4730 2776 4774 ut
2803 4728 3006 4775 certum
3038 4726 3141 4781 est,
3193 4715 3555 4768 Romanorum
3600 4707 3910 4776 pontiﬁcum

2380 4815 2572 4885 insigni
2606 4814 2953 4883 humanitate,
2980 4825 3085 4878 qua
3113 4814 3301 4877 prater
3330 4799 3576 4854 Ecclesia
3598 4801 3910 4851 ornamenta

2380 4905 2536 4957 etiam
2583 4903 2839 4973 nonnulla
2880 4901 3126 4965 deinceps
3179 4892 3449 4948 consecuti
3494 4899 3638 4951 sunt,
3674 4900 3793 4956 qua
3846 4882 3909 4935 ad

2381 4993 2664 5061 imperium
2694 4992 2980 5063 pertinent,
3012 4986 3175 5043 veluti
3208 4984 3335 5037 illud
3360 4991 3438 5035 est
3461 4978 3700 5050 capiendi
3726 4987 3907 5028 eorum

2381 5079 2735 5140 hareditates,
2785 5077 2877 5145 qui
2928 5078 3180 5129 intestato
3211 5071 3542 5125 decederent.
3597 5065 3910 5118 Exstantea

2380 5170 2446 5224 de
2471 5186 2527 5223 re
2559 5169 2733 5223 adhuc
2761 5167 3047 5237 diplomata
3081 5162 3349 5218 Benedicti
3380 5160 3516 5222 Vlll,
3575 5169 3716 5211 anno
3736 5152 3907 5215 i019;

2380 5260 2602 5317 Joannis
2627 5260 2771 5335 XIX,
2800 5274 2942 5313 anno
2969 5256 3103 5311 1026
3129 5266 3181 5310 et
3213 5254 3406 5310 Leonis
3430 5252 3497 5305 1X
3530 5251 3663 5322 (55),
3701 5245 3794 5317 qui
3816 5241 3908 5298 Jo-

2450 5394 2560 5459 (49)
2598 5394 2851 5456 P_rudent.
2880 5392 3016 5460 Περὶ
3046 5390 3375 5460 στεφάνων,
3401 5403 3477 5442 x1.

2452 5463 2561 5534 (50)
2597 5464 2739 5519 Petr.
2772 5462 3036 5534 Damjau.,
3068 5466 3134 5534 de
3161 5462 3294 5534 A_l_t_d.
3326 5460 3453 5534 epis:

2454 5520 2565 5604 (5f)
2604 5520 3043 5604 ᾼιιαειειεηβξιξι.)
3075 5532 3159 5585 ed.
3192 5520 3397 5604 gigno't.
3431 5525 3653 5604 ll,_pag‘.‘
3680 5520 3801 5604 eos.

2456 5586 2566 5665 ἔδεε
2602 5586 2826 5657 arma;
2867 5586 3050 5654 uLut'.
3096 5610 3150 5655 et
3191 5586 3391 5652 Bo‘itar.
3438 5586 3574 5649 delle
3601 5586 3909 5665 'Scult._lll,

2384 5658 2503 5740 pag.
2532 5658 2619 5740 at.
2643 5671 2890 5725 Paciaud.
2922 5672 2986 5725 de
3013 5670 3163 5724 Baln.
3193 5666 3481 5740 Christian.
3513 5676 3633 5730 pag.
3665 5660 3753 5717 tt.
3778 5658 3911 5715 Pas-

2384 5736 2522 5808 non.
2548 5739 2793 5808 lnscript.
2827 5740 3044 5808 Antich.
3072 5754 3193 5808 pag.
3226 5736 3347 5808 [2L

2454 5794 2565 5890 ($3)
2604 5794 2812 5882 Ugh'ell.
2845 5807 3003 5865 Tom.
3030 5807 3048 5861 Ι
3074 5794 3207 5879 Ίιιῖζ.
3234 5804 3381 5861 Sacr.
3443 5814 3561 5889 pag.
3593 5798 3691 5856 116
3712 5807 3765 5857 et
3788 5794 3910 5879 130.,
