4104 6350
239 428 342 483 981

1199 425 1285 479 DE
1321 423 1481 480 VITA
1517 422 1604 478 ΕΤ
1644 420 1947 479 SCRIPTIS
1987 418 2044 474 S.
2082 415 2458 473 HIPPOLY’I‘I.

3315 410 3423 465 282

241 544 367 597 anni
392 540 678 597 Portuensi
711 542 934 598 antistiti
962 544 1375 599 vetustissimam
1404 542 1655 601 Ecclesiae
1675 558 1786 597 sua:
1813 545 1858 599 A
1886 538 2211 607 superiorem
2229 575 2243 599 ,
2278 545 2335 588 nt
2362 535 2407 589 si
2433 534 2543 603 jam
2577 547 2605 586 a
2632 531 2828 587 Gramis
2858 530 3032 584 Romae
3055 530 3321 607 episcopus
3345 528 3428 582 di-

239 634 580 700 dignitatem,
620 649 686 688 ac
726 634 990 704 praecipue
1032 634 1284 703 templum
1320 632 1377 688 S.
1409 634 1676 688 Adalberti
1728 633 1780 685 in

240 720 493 777 Tiberina
526 723 727 787 insula,
762 740 881 793 quae
905 740 996 793 per
1026 726 1079 779 id
1107 725 1366 799 temporis
1386 725 1659 779 dicebatur
1682 722 1786 793 Ly-

239 816 453 876 caonia,
485 824 817 883 repugnante
848 815 1154 891 Crescentio
1181 817 1430 885 episcopo
1453 815 1623 885 Sylva:
1647 814 1787 869 Can-

239 902 401 965 didaz,
422 905 657 958 asseruit
693 904 747 957 in
787 905 903 973 ipso
935 903 1280 961 Lateranensi
1319 907 1547 961 concilio
1574 922 1633 968 ιι,
1679 921 1786 972 quo

236 1006 429 1048 exacto
456 997 723 1049 sententia
751 998 1022 1065 pontiﬁcis
1050 998 1254 1069 prolata
1281 986 1381 1052 est.
1430 997 1654 1063 Quando
1692 1013 1789 1051 au-

237 1091 342 1134 tem
404 1084 765 1138 suburbicarii
812 1085 1049 1153 episcopi
1107 1101 1493 1155 nonnunquam
1564 1087 1787 1155 episcopi

240 1171 399 1226 Urbis
436 1175 701 1228 nominati
750 1186 907 1239 sunt,
956 1192 1113 1230 nemo
1153 1193 1259 1230 non
1298 1177 1473 1243 videt,
1504 1188 1705 1246 quanto
1734 1177 1786 1231 id

238 1279 432 1317 nomen
472 1264 687 1319 facilius
716 1267 998 1321 adhteserit
1025 1269 1288 1337 episcopis
1320 1267 1514 1323 Portus
1537 1269 1784 1334 Romani,

236 1354 323 1420 qui
342 1364 497 1409 trans
509 1353 743 1408 Tiberim
760 1364 902 1409 tanta
918 1372 1039 1411 cum
1054 1366 1313 1425 potestate
1329 1357 1638 1412 obtinebant
1653 1359 1783 1427 (54).

235 1440 598 1506 Quamobrem
637 1444 1014 1514 intelligimus,
1042 1446 1183 1499 unde
1221 1449 1501 1514 repetenda
1546 1447 1614 1501 sit
1653 1462 1786 1501 con-

238 1532 487 1595 suetudo,
528 1549 632 1602 qua
663 1532 985 1589 Portuenses
1016 1545 1069 1589 et
1100 1534 1269 1606 Sylva:
1293 1538 1526 1606 episcopi
1556 1547 1785 1605 quotan-

236 1622 314 1676 nis
358 1622 589 1677 donaria
631 1626 874 1695 quaedam
915 1627 970 1680 in
1015 1626 1273 1681 Vaticano
1314 1630 1508 1698 templo
1554 1629 1788 1698 excipie-

231 1711 393 1778 bant,
426 1724 572 1783 quod
606 1730 671 1769 ex
715 1719 1077 1773 monumentis
1113 1719 1345 1774 basilica!
1378 1720 1520 1774 haud
1560 1720 1631 1775 ita
1672 1722 1789 1791 pri-

229 1802 352 1870 dem
408 1805 672 1872 evulgatis
713 1807 941 1876 quisque
986 1810 1279 1880 agnoverit.
1338 1809 1448 1864 IIac
1504 1811 1667 1864 etiam
1718 1810 1787 1866 de

231 1891 405 1946 cassa
446 1892 642 1948 factum
693 1904 806 1960 est,
847 1906 907 1951 ut
944 1896 1224 1952 Formosus
1266 1900 1442 1954 adhuc
1475 1898 1784 1956 Portuensis

232 1980 537 2052 episcopus,
563 2000 673 2054 quo
697 1993 934 2055 tempore
954 1990 1133 2042 omnia
1163 1990 1376 2043 barbari
1402 1991 1784 2059 depraedaban-

230 2081 341 2137 tur,
378 2084 627 2144 tnetuque
669 2074 1062 2132 Saracenorum
1105 2079 1295 2134 incolae
1326 2079 1547 2134 Portum
1587 2080 1784 2136 Roma-

226 2181 359 2220 num
387 2167 777 2233 deseruerunt,
801 2171 1094 2239 exportarit
1123 2186 1320 2240 corpus
1358 2171 1627 2243 Hippolyti
1659 2189 1783 2228 cum
1844 2217 1847 2219 .

239 2253 357 2307 aliis
382 2268 409 2306 a
440 2251 609 2308 Portu
638 2254 883 2316 Romano
900 2257 1034 2324 {ubi
1071 2259 1345 2313 conditum
1374 2259 1582 2326 fuerat,
1614 2260 1667 2313 in
1700 2262 1782 2316 Io-

240 2360 385 2407 cum,
414 2360 527 2414 quo
557 2346 671 2401 ﬁeri
697 2356 904 2417 poterat
923 2350 1265 2418 remotiorem
1294 2351 1374 2404 sui
1406 2352 1746 2423 episcopatus
1765 2394 1783 2420 ,
1814 2358 1817 2359 ⁷

232 2436 285 2491 in
323 2435 635 2491 Tiberinam
678 2453 869 2508 nempe
906 2439 1171 2509 insulam,
1196 2441 1286 2495 ubi
1312 2443 1605 2511 episcopum
1649 2442 1784 2497 Por-

230 2536 462 2598 tuensem
496 2528 739 2582 habuisse
773 2529 1097 2584 domicilium
1127 2531 1178 2583 in
1218 2532 1434 2588 ecclesia
1471 2530 1530 2586 ε.
1558 2530 1783 2588 Joannis

170 2675 177 2678 _
226 2615 364 2669 inter
398 2616 532 2671 duos
565 2626 744 2687 pontes
774 2618 1001 2689 legimus
1027 2619 1160 2690 (55).
1189 2619 1321 2677 Illud
1345 2631 1523 2678 autem
1557 2624 1613 2678 in
1640 2624 1783 2679 reci-

224 2715 341 2761 tata
386 2707 711 2778 epigraphe,
749 2724 907 2778 quam
947 2708 1235 2765 Formosus
1276 2711 1452 2765 loequ
1476 2692 1781 2775 'sacrorum

222 2798 516 2866 pignorum
577 2799 883 2870 inscripsit,
930 2802 1092 2856 etiam
1148 2802 1585 2872 deprehenditur,
1638 2804 1783 2872 quod

219 2888 448 2944 ncntina
495 2886 798 2959 Hippolyti,
845 2890 1094 2959 Taurini,
1158 2892 1495 2959 Herculiani,
1531 2895 1780 2976 exhibet,

220 2992 350 3047 qua:
377 2977 493 3047 ipsa
530 2978 778 3048 leguntur
800 2980 854 3033 in
881 2982 1168 3035 veterrimo
1199 2982 1486 3038 Liberiano
1515 2982 1781 3038 Kalenda-

217 3068 311 3123 rio
357 3073 461 3124 hac
502 3068 731 3124 formula
762 3086 777 3123 :
815 3069 956 3139 Non.
991 3070 1137 3141 Sept.
1184 3075 1371 3130 Aconti
1403 3074 1461 3127 in
1511 3075 1704 3137 Porto,
1729 3082 1778 3126 et

218 3156 446 3222 Nonni,
510 3166 561 3212 et
630 3157 952 3224 Herculani,
1010 3171 1059 3216 et
1132 3160 1368 3219 Taurini.
1436 3162 1776 3234 Hippolytum
1806 3188 1851 3248 ο

215 3250 426 3320 quippe
453 3249 674 3305 honoris
697 3266 860 3306 causa
887 3252 1087 3307 dictum
1113 3255 1281 3309 fuisse
1321 3252 1566 3309 Nounum
1601 3263 1781 3307 osten-

213 3342 429 3405 dimus,
450 3341 896 3411 quemadmodum
913 3353 1102 3399 auctor
1127 3359 1227 3399 suo
1241 3360 1354 3399 aavo
1376 3345 1512 3400 satis
1534 3344 1778 3401 idoneus:

213 3432 447 3485 Nonnos
466 3449 725 3499 vocamus,
742 3433 935 3503 inquit,
958 3436 1177 3503 majores
1196 3435 1255 3487 ob
1277 3435 1641 3502 reverentiam;
1660 3451 1782 3489 nam

209 3522 540 3593 intelligitur
576 3532 794 3593 paterna
847 3528 1131 3579 reuerentia
1169 3524 1299 3595 (56,.
1348 3525 1465 3578 Itali
1516 3526 1778 3592 retinent,

209 3628 349 3668 cum
388 3629 519 3669 avos
567 3615 861 3685 appellant,
887 3625 941 3671 et
969 3632 1134 3687 prope
1168 3615 1335 3670 Graeci
1378 3616 1778 3694 signiﬁcaram,

212 3719 352 3759 cum
390 3702 729 3777 Hippolytum
762 3706 984 3760 παλαιόν
1016 3708 1215 3763 dixere.
1247 3704 1550 3775 Aliquando
1591 3704 1779 3781 Nunus

210 3794 448 3851 eﬂertur
478 3812 586 3850 non
611 3812 767 3853 secus
791 3809 951 3868 atque
982 3799 1034 3852 in
1070 3797 1238 3852 veteri
1259 3814 1525 3853 marmore
1560 3797 1666 3869 (57)
1693 3818 1706 3854 :

278 3900 492 3939 DONATA
528 3900 665 3941 ΠΙ]Νο
703 3903 799 3942 SUO
839 3903 1117 3943 TERTULLO
1152 3902 1256 3941 CUI
1291 3903 1428 3944 FILIA
1470 3904 1520 3942 IN
1558 3904 1705 3943 PACE.

296 3994 316 4024 σ
338 3972 457 4029 Non
487 3984 693 4030 tantum
725 3978 901 4047 itaque
930 3976 1064 4031 falsa
1091 3987 1172 4032 est
1191 3979 1258 4032 ab
1285 3977 1584 4049 Lemoynio
1618 3992 1778 4032 exco—

212 4066 385 4137 gitata
420 4064 717 4130 derivatio,
749 4068 840 4136 qui
871 4067 1037 4135 ﬁlium
1066 4067 1299 4136 explicat
1339 4067 1585 4122 Nonnum
1623 4066 1776 4135 quasi

209 4174 286 4214 ex
304 4163 375 4241 Γ]
401 4157 534 4229 (58),
551 4157 672 4211 dum
690 4159 799 4228 agit
817 4158 883 4213 de
899 4159 1000 4212 hoc
1015 4159 1131 4226 ipso
1152 4158 1416 4230 Hippolyti
1437 4157 1773 4229 cognomine,

210 4250 313 4303 sed
346 4248 563 4304 veritati
599 4248 887 4302 contraria.
927 4247 1177 4304 Salmasii
1214 4267 1277 4305 ex
1320 4251 1476 4321 μόνος
1508 4249 1774 4304 deducen-

124 4409 129 4415 ’
210 4338 321 4402 tis,
382 4339 720 4406 aliorumque
774 4343 951 4408 etyma
1014 4339 1148 4392 nihil
1213 4355 1507 4405 moramur,
1561 4336 1776 4406 quando

209 4443 379 4481 usum
411 4429 765 4497 inquirimus,
799 4443 904 4483 non
932 4429 1216 4503 originem.
1253 4430 1367 4486 Hoc
1390 4432 1549 4500 igitur
1573 4442 1771 4483 correc-

1884 636 2093 682 ceretur
2130 625 2444 695 Hippolytus
2467 664 2484 686 ,
2514 624 2709 677 mirum
2746 638 2851 675 non
2883 629 2963 676 est
2991 622 3035 675 si
3056 620 3138 674 vir
3169 618 3429 689 peritissi-

1883 733 2037 779 mus,
2070 733 2194 785 cum
2241 717 2442 785 optime
2489 723 2672 769 nosset
2716 712 3057 783 Hippolytum
3101 725 3209 768 non
3261 710 3429 765 fuisse

1884 806 2184 860 Romanum
2219 805 2560 875 pontificem,
2586 805 2857 874 scripserit
2882 844 2894 864 ,
2939 804 3123 875 ἐτέρας
3160 816 3262 854 που
3309 801 3429 853 Έκ-

1884 898 2137 966 κλησίας,
2176 896 2391 949 alterius
2425 893 2979 963 σηῙιιεάωηεΕεειεεὶιε
3001 933 3017 958 ,
3044 908 3163 963 qua:
3199 892 3428 947 manife—

1886 988 2021 1043 stius
2069 984 2423 1053 Hieronymus
2460 993 2543 1035 est
2578 982 2987 1051 interpretatus:
3029 995 3210 1035 nomen
3246 979 3429 1048 quippe

1885 1079 2030 1133 urbis
2063 1079 2195 1131 scire
2234 1092 2333 1129 non
2367 1075 2533 1145 potui.
2574 1074 2726 1138 Quod
2756 1088 2882 1126 vero
2916 1070 3298 1142 Hieronymus,
3336 1069 3430 1124 diu

1890 1169 2073 1224 Roma:
2108 1175 2472 1225 commoratus
2496 1205 2511 1229 ,
2542 1163 2807 1234 Hippolyti
2838 1162 3015 1218 sedem
3040 1165 3287 1232 ignorare
3321 1176 3428 1216 non
3537 1210 3539 1212 .

1885 1270 2105 1330 posset"
2148 1274 2266 1328 qua:
2299 1256 2562 1328 ignoratio
2600 1256 2757 1310 nimis
2784 1255 3074 1316 extollitur,
3097 1254 3207 1322 jam
3232 1269 3292 1308 ea
3318 1263 3435 1307 utee

1885 1365 2028 1413 mur,
2054 1358 2332 1418 prepterea
2369 1347 2512 1423 quod
2544 1345 2900 1417 Hieronymus
2922 1348 2972 1399 in
2995 1343 3206 1415 Oriente
3231 1345 3433 1413 diutius

1884 1449 2245 1493 commoratus
2278 1447 2397 1502 est,
2430 1453 2587 1507 quam
2622 1436 2821 1492 Homaa.
2860 1458 2878 1489 ι

1952 1526 2223 1584 Hactenus
2255 1530 2325 1584 cl.
2359 1529 2441 1581 vir
2467 1527 2650 1580 Simon
2680 1528 2745 1581 de
2775 1528 3072 1598 Magistris.

2402 1616 2794 1673 ARTICULUS
2838 1618 2921 1672 III.

2190 1727 2257 1765 nr:
2295 1726 2564 1766 IlARTYRIO
2599 1727 2645 1766 s.
2683 1725 2992 1776 utprourt,
3018 1716 3137 1766 ‘etc.

1954 1799 2030 1855 De
2056 1799 2219 1855 rebus
2244 1799 2301 1853 S.
2337 1798 2599 1870 Hippolyti
2626 1799 2797 1853 nostri
2829 1799 2882 1851 in
2930 1790 3239 1868 episcopatu
3268 1797 3445 1867 gesti;

1818 1868 1862 1923 Β
1885 1899 2356 1944 monumentorum
2382 1868 2799 1957 copiadestituti
2832 1888 2965 1941 nihil
2999 1888 3218 1941 omnino
3243 1886 3431 1957 singil-

1882 1980 2028 2034 latim
2087 1979 2299 2034 edicere
2358 1994 2668 2048 possumus.
2714 1977 2909 2032 Verum
2975 1978 3117 2047 quod
3165 1976 3439 2046 reliquum.

1882 2070 2145 2124 habemus
2178 2084 2246 2123 ex
2275 2068 2393 2137 ejus
2419 2069 2673 2137 operibus
2706 2068 2860 2122 nobis
2898 2067 3092 2121 suilicit
3113 2067 3178 2122 ad
3209 2082 3433 2137 persua-
3454 2088 3481 2125 χ

1880 2160 2113 2215 dendum
2135 2200 2149 2225 ,
2177 2159 2319 2229 quod
2342 2160 2392 2213 is
2413 2160 2467 2213 in
2502 2159 2808 2229 episcopatu
2838 2173 2998 2213 omne
3030 2166 3242 2228 tempus
3270 2160 3335 2213 ad
3357 2158 3434 2213 in-

1882 2251 2168 2309 struendos
2198 2251 2379 2306 iideles
2405 2249 2899 2320 defendendamque
2920 2251 3179 2307 adversus
3202 2250 3434 2307 haereses

1880 2357 2234 2413 quascunque
2263 2341 2538 2397 veritatem
2569 2342 2927 2396 orthodoxam
2964 2341 3299 2412 impenderit.
3382 2404 3386 2409 τ

1948 2435 2244 2505 Martyrum
2290 2434 2411 2489 albo
2447 2432 2789 2505 Hippolytum
2832 2433 3133 2489 inscribunt
3174 2431 3431 2503 Hierony-

1877 2541 2003 2582 mus
2032 2526 2167 2597 (59),
2198 2525 2444 2582 Gelasius
2476 2525 2588 2595 (60)
2611 2524 3015 2590 ,Tbeodoretus
3040 2523 3152 2595 (6i)
3183 2524 3383 2593 aliique
3413 2539 3429 2578 :
3468 2563 3473 2567 -

1879 2626 2205 2687 quapropter
2244 2617 2299 2669 in
2342 2616 2722 2686 Martyrologio
2764 2614 3008 2670 Romano
3058 2614 3169 2686 (62)
3216 2615 3431 2685 legitur,

1881 2708 1981 2763 sub
2000 2707 2304 2760 Alexandro
2333 2706 2658 2774 imperatore
2675 2746 2689 2770 ,
2717 2705 2787 2759 ob
2813 2706 3123 2774 pmclaram
3149 2705 3270 2761 ﬁdei
3299 2722 3429 2760 con-

1880 2797 2169 2852 fessionem
2195 2837 2209 2862 ,
2238 2795 2485 2851 manibus
2507 2795 2839 2865 pedibusque
2869 2795 3045 2863 ligatis
3077 2796 3130 2849 in
3160 2796 3321 2850 altam
3350 2795 3428 2851 [ου

1879 2902 2030 2943 veam
2071 2886 2228 2956 aquis
2268 2886 2480 2955 plenam
2523 2879 3310 2954 przecipitatumoccubuisse,
3342 2887 3429 2940 cui
3472 2942 3475 2943 ,

1878 2986 1932 3033 et
1957 2978 2093 3034 alios
2123 2978 2176 3032 in
2204 2977 2465 3047 martyrio
2502 2977 2680 3031 socios
2706 2991 2771 3031 ex
2795 2976 2944 3031 Actis
2980 2975 3035 3030 S.
3064 2975 3253 3031 Aurea:
3285 2978 3426 3033 addit

1878 3068 2143 3135 Baronius
2163 3066 2294 3138 (65).
2317 3065 2460 3121 Inter
2481 3066 2787 3138 apocrypha
2808 3076 2984 3121 tamen
3007 3060 3118 3121 ttim
3138 3067 3429 3143 (Hippolyti,

1880 3175 2003 3226 sum
2046 3158 2103 3213 S.
2128 3159 2483 3235 Aurem‘Acta
2533 3159 2859 3225 recenseqda
2900 3174 3020 3215 esse
3058 3161 3292 3216 dubitari
3341 3162 3428 3216 vix

1880 3259 2092 3321 potest,
2127 3260 2313 3322 utpote
2338 3266 2487 3321 quae,
2514 3259 2574 3304 ut
2600 3250 2739 3305 idem
2771 3250 3225 3319 inquitBaronius
3247 3292 3261 3315 ,
3290 3270 3425 3306 men-
3538 3246 3539 3249 “

1834 3417 1837 3419 _
1879 3343 1962 3421 dis
2001 3344 2151 3413 plena
2197 3346 2252 3401 in
2288 3344 2468 3397 multis
2515 3343 2832 3396 restituenda
2866 3344 2993 3428 (64).
3045 3344 3104 3398 In
3156 3343 3429 3400 Maximini

1879 3450 2008 3490 vero
2043 3446 2133 3491 aut
2169 3434 2310 3490 Decii
2334 3435 2705 3505 persecutione
2726 3450 2857 3487 eum
2888 3436 3129 3505 martyrii
3169 3452 3425 3491 coronam

1880 3526 2127 3595 adeptum
2150 3524 2319 3581 fuisse
2343 3523 2648 3579 verosimile
2678 3523 2801 3579 inde
2829 3527 3087 3591 redditur,
3116 3528 3256 3594 quod
3284 3543 3424 3580 anne

1877 3616 2167 3670 Alexandri
2203 3617 2542 3684 imperatoris
2571 3618 2775 3686 primo,
2812 3627 3095 3686 temporum
3131 3618 3422 3683 Cononem,

1876 3706 2283 3778 Paschalcmque
2317 3709 2515 3777 cyclum
2543 3709 2741 3773 edidit,
2772 3712 2858 3765 cui
2895 3711 2997 3764 alia
3035 3711 3293 3780 opuscula
3331 3704 3447 3765 ad?

1878 3796 2042 3861 didit,
2072 3805 2131 3850 ut
2155 3812 2221 3851 ex
2250 3797 2491 3866 ejusdem
2523 3816 2745 3871 operum
2782 3803 3023 3872 catalogo
3056 3803 3236 3856 videre
3263 3810 3365 3856 est.

1946 3887 2207 3945 (Steterunt
2232 3905 2350 3958 quae
2379 3893 2669 3962 scriptores
2693 3894 2759 3948 de
2789 3904 3024 3963 tempore
3050 3894 3287 3965 martyrii
3321 3895 3416 3948 Ιιυ-

1871 3977 1962 4047 jtts
1991 3977 2238 4043 tradunt,
2271 3979 2482 4035 diversa
2512 3992 2671 4051 atque
2694 3982 2893 4037 incerta
2919 3992 3061 4036 sunt.
3088 3983 3191 4036 Alii
3217 3983 3265 4036 id
3290 3982 3411 4037 refe

1875 4076 2003 4121 runt
2028 4067 2096 4121 ad
2129 4084 2328 4123 annum
2355 4069 2555 4127 Christi
2594 4072 2718 4125 250.
2757 4071 2858 4125 Sed
2897 4070 3253 4128 severioribus
3283 4073 3420 4133 criti-

1875 4158 1955 4215 cis
1983 4175 2090 4214 non
2120 4162 2311 4230 placet,
2344 4163 2487 4232 quod
2519 4163 2572 4215 in
2607 4162 2985 4232 Martyrologio
3016 4160 3257 4216 Romano
3281 4150 3433 4216 mar?

1878 4252 2072 4321 tyrium
2107 4252 2161 4306 S.
2196 4251 2463 4322 Hippolyti
2495 4253 2787 4315 collocetur
2816 4252 2916 4304 sub
2940 4252 3164 4319 imperio
3186 4252 3416 4310 Alexan.

1874 4342 1957 4396 dri
1986 4343 2194 4407 Severi,
2223 4360 2344 4399 eum
2369 4353 2496 4398 tunc
2535 4343 2677 4396 nulla
2718 4343 3016 4411 persecutio
3042 4342 3231 4407 fuerit,
3260 4344 3404 4413 quin-

1874 4435 1985 4489 itao
2013 4437 2126 4505 ipse
2154 4436 2439 4503 imperator
2465 4432 2782 4488 Christianis
2812 4431 3029 4488 faveret.
3067 4433 3214 4489 Unde
3249 4434 3413 4487 Ruin-

208 4519 414 4573 damus
449 4516 650 4576 Graecis
699 4520 1089 4591 scriptoribus,
1142 4531 1202 4578 ut
1247 4526 1499 4599 quoniam
1544 4522 1771 4581 Romani
1804 4512 1848 4566 ι)
1875 4528 2045 4581 artius
2088 4529 2140 4580 in
2189 4525 2504 4579 Praefatione
2550 4524 2616 4577 ad
2668 4524 2799 4577 Acta
2852 4538 3153 4595 martyrum-
3182 4528 3412 4591 sincera,

120 4604 151 4685 _'
206 4607 500 4677 pontiﬁces
540 4606 881 4681 Hippolytum
908 4604 1258 4667 ’Portue'nsem
1298 4612 1522 4681 ejusque
1557 4630 1771 4669 succes-

206 4712 372 4753 sores
395 4696 607 4753 eximiis
637 4700 959 4769 quibusdam
999 4701 1329 4757 ornamentis
1363 4702 1644 4757 honestare
1673 4720 1769 4759 vo-

205 4786 468 4851 luerunt,
502 4786 577 4840 illi
624 4805 733 4844 non
766 4806 797 4845 a
835 4791 1002 4845 Portu
1034 4782 1209 4846 sedem
1239 4790 1509 4862 Hippolyti
1527 4834 1542 4857 ,
1578 4794 1667 4849 sed
1703 4796 1770 4850 ab

208 4875 365 4932 Urbe
387 4876 499 4945 ipsa
530 4880 885 4945 nominarint,
916 4880 1365 4950 quemadmodum
1399 4896 1581 4940 nostra
1612 4888 1766 4941 exhi-

206 4968 305 5024 bet
351 4968 635 5037 epigraphe
672 4972 1060 5026 commentario
1111 4973 1408 5038 prmmissa.
1459 4974 1642 5045 Neque
1683 4993 1762 5033 re-

208 5060 511 5115 centiorem
540 5074 663 5113 eum
702 5059 1011 5132 Scaligero,
1037 5062 1131 5117 sed
1163 5066 1580 5122 vetustissimam
1629 5069 1767 5125 hanc
1796 5130 1801 5141 ,

210 5166 341 5220 esse
369 5151 576 5224 opinari
606 5152 766 5217 licet,
807 5168 969 5224 atque
1012 5154 1227 5210 Eusebii
1266 5155 1610 5215 Caesariensis
1650 5176 1765 5215 aevo

282 5330 382 5398 (54

279 5396 380 5535 iii

309 5467 379 5521 56

202 5532 343 5592 Las.
379 5532 428 5599 ’,

285 5603 401 5680 (ΞΖ)
439 5604 746 5680 ξιωγοοει..
774 5624 894 5680 pag.
926 5608 1050 5680 586.

202 5625 415 5803 "igéi
426 5625 1336 5799 ἐξῖιῖῗδίἒρῖίῗγῖξῗὶνωιεεοω.
1369 5683 1435 5739 ad
1476 5683 1633 5740 Varia
1659 5683 1731 5741 Sa
1749 5716 1763 5724 ο

213 5782 325 5818 .Fl'-‘
351 5782 497 5827 διοιε

442 5330 577 5386 Βυιι.
609 5303 733 5385 Bas.
760 5330 931 5385 Vatic.
960 5347 998 5397 ι,
1032 5334 1121 5387 2i.

437 5400 569 5470 (Sed.
595 5400 724 5469 Heg.
756 5398 910 5455 Suec.
945 5401 1063 5456 Vat.
1092 5403 1220 5465 585,
1251 5418 1303 5470 p.
1332 5403 1421 5457 2|.

437 5468 566 5542 Pag.
596 5468 842 5525 vocabul.
876 5470 1133 5539 Nonnos;
1164 5468 1332 5541 Calig.
1353 5472 1585 5529 Glossar.
1620 5475 1757 5530 Med.

1872 4632 1992 4687 pag.
2021 4633 2205 4683 vam,
2240 4616 2484 4670 eumdem
2512 4615 2820 4682 scrupulum
2851 4614 3116 4686 proponit,
3151 4628 3202 4671 et
3233 4627 3390 4670 utcun

1869 4723 1974 4777 que
1997 4708 2261 4761 discutere
2292 4715 2518 4759 conatur
2542 4705 2643 4760 hoc
2677 4707 2876 4761 modo':
2920 4707 3271 4767 Alexandrum
3302 4705 3411 4760 He-

1869 4797 2117 4866 liogabali
2152 4812 2493 4848 successorem
2522 4795 2833 4851 Christianis
2861 4798 3046 4866 favisse
3078 4812 3219 4848 nemo
3247 4808 3410 4863 potest

1867 4889 2114 4957 inﬁciari,
2142 4888 2243 4940 nisi
2272 4903 2444 4940 omnes
2470 4891 2709 4957 antiquos
2737 4891 3008 4956 scriptores
3039 4888 3246 4955 rejiccre
3271 4888 3409 4942 velit.

1869 4979 2013 5034 Unde
2039 4978 2228 5029 mirum
2255 4986 2330 5031 est
2356 4987 2429 5031 tot
2456 4992 2707 5048 martyres
2736 4980 2825 5032 sub
2854 4979 2962 5044 ejus
2990 4978 3202 5046 imperio
3230 4996 3408 5044 passos

1865 5090 1897 5124 a
1932 5069 2190 5124 nonnullis
2229 5072 2496 5123 recenseri.
2529 5071 2609 5123 An
2647 5071 2700 5123 id
2731 5070 2798 5121 ad
2827 5070 3094 5137 prwfectos
3120 5110 3134 5133 ,
3157 5088 3280 5139 quos
3310 5072 3403 5123 sub

1863 5164 1973 5232 ejus
2002 5160 2214 5229 imperio
2243 5162 2550 5215 sanissimos
2574 5161 2733 5229 fuisse
2760 5158 2925 5222 aiunt,
2946 5159 3265 5227 referendum
3294 5157 3407 5212 est!

1933 5342 2041 5415 (69)
2082 5340 2416 5415 Hieronym.,
2447 5340 2605 5396 Praef.
2639 5339 3054 5415 in__hlattha:u_m.

1930 5408 2037 5480 (60)
2078 5410 2253 5467 Gelas.
2280 5408 2337 5466 ut
2367 5428 2484 5480 sup.
2514 5422 2654 5480 tom.
2674 5408 2739 5461 IV
2768 5410 3017 5464 Biblioth.
3048 5409 3161 5480 PP.

1950 5479 2037 5548 61)
2077 5480 2392 5536 Theodoret.
2422 5479 2613 5548 dialog.
2645 5479 2679 5531 5
2699 5520 2713 5537 ,
2733 5480 2805 5532 lie
2835 5479 3115 5547 impatihil.

1950 5549 2036 5621 αξξ)
2076 5548 2414 5621 Μυτιγτοιοε.
2446 5549 2637 5621 Bouh,
2657 5550 2744 5602 die
2771 5549 2840 5602 ‘22
2863 5550 3091 5621 A_ugust.
3122 5608 3125 5609 ν

1927 5618 2038 5684 (63)
2078 5618 2273 5673 Baron.
2301 5618 2518 5673 ad'ann.
2552 5618 2673 5684 129,
2704 5634 2851 5671 num.
2884 5618 2933 5669 7.

1925 5686 2039 5773 (64)
2077 5688 2417 5761 Martyrolog.
2454 5686 2705 5753 Romam,
2737 5688 2822 5743 die
2851 5687 2883 5741 5
2912 5695 2967 5742 et
2994 5686 3065 5742 ΞΩ
3082 5685 3322 5765 Augusti.
