4104 6350
1724 375 1756 439 \

706 472 811 528 285

1698 470 1785 524 DE
1828 470 1983 525 Vl'l‘A
2020 471 2102 525 ET
2144 448 2445 527 scinp'ns
2487 471 2541 526 s.
2582 470 2953 526 nmmum.

3805 470 3905 525 284

703 591 844 645 Hinc
866 590 1128 663 nonnulli
1169 591 1458 660 scriptores
1494 599 1706 661 pmptcr
1746 590 1982 647 favorem
2028 593 2259 647 Alexan-
2286 599 2330 655 Α
2359 602 2442 648 cet
2470 592 2610 645 haud
2644 592 2955 659 simpliciter
2991 587 3360 670 aﬁirm’andum
3400 601 3518 640 esse
3554 594 3733 654 putem
3763 603 3776 649 ;
3811 585 3907 637 mi-

701 681 785 735 dri
811 682 1146 751 imperatoris
1170 697 1293 751 erga
1324 682 1658 739 Christianos
1688 683 1911 738 mallent
1938 686 2251 755 martyrium

704 770 765 826 S.
815 762 1085 843 Hippolyti
1137 774 1399 828 collocare
1448 774 1549 827 sub
1601 774 1888 829 Alexandri
1944 791 2253 832 successore

678 844 1031 925 ‘Maximino;
1074 852 1211 915 inter
1243 862 1340 921 hos
1379 861 1677 919 Dodwellus
1719 862 1785 916 ad
1817 850 2017 937 annum
2049 864 2152 919 2'55
2185 860 2251 917 il-

698 950 806 1006 lius
834 942 1145 1021 martyrium
1180 951 1337 1005 refert
1376 952 1506 1021 (65).
1542 950 1642 1007 Sed
1672 955 1921 1022 quamvis
1961 954 2061 1009 sub
2086 953 2251 1022 impe-

638 1068 641 1073 ν
698 1041 1193 1097 ratoreMaximlno
1219 1042 1512 1097 habeamus
1538 1044 1962 1112 persecutionem
1993 1045 2251 1100 adversus

696 1132 1035 1188 Christianos
1078 1135 1432 1188 truculentam
1459 1176 1473 1198 ,
1509 1144 1629 1203 quae
1666 1135 1933 1209 praecipue
1966 1137 2252 1206 spectabat

696 1224 763 1277 ad
798 1238 983 1277 eorum
1033 1216 1335 1290 antistites,
1376 1226 1552 1293 qualis
1591 1226 1751 1278 etiam
1791 1234 2010 1298 sanctus
2050 1235 2249 1298 martyr

695 1320 877 1366 noster
904 1313 1035 1378 fuit,
1065 1292 1437 1368 asseveranter
1465 1320 1640 1366 tamen
1685 1292 1999 1384 martyrium
2029 1313 2084 1368 S.
2119 1292 2247 1385 Ilip-

694 1392 857 1472 polyti
880 1419 987 1458 non
1014 1403 1278 1457 audemus
1300 1412 1536 1457 statuere
1569 1403 1669 1457 Sub
1702 1404 1928 1472 imperio
1952 1402 2243 1471 Maximini,

692 1502 909 1562 propter
953 1493 1231 1562 epistolam
1267 1492 1465 1562 ipsius,
1504 1509 1625 1562 quae
1668 1494 1731 1547 ad
1777 1495 2015 1562 reginam
2055 1511 2245 1563 quam-

691 1583 814 1635 dam
860 1584 1052 1651 scripta
1104 1592 1219 1646 est,
1265 1594 1317 1637 et
1356 1600 1419 1637 ex
1455 1599 1559 1651 qua
1600 1584 1964 1637 Theodoretus
1995 1584 2104 1653 (66)
2137 1584 2244 1639 fra—

692 1683 907 1745 gmenta
937 1675 1134 1743 aliquot
1179 1674 1441 1743 allegavit.
1483 1674 1746 1729 Baronius
1780 1675 1889 1742 (67)
1916 1686 2065 1743 putat
2106 1677 2244 1731 hanc

654 1746 929 1837 Ireginam
978 1765 1144 1820 fuisse
1196 1766 1504 1832 Mammam,
1562 1766 1903 1834 imperatoris
1952 1768 2240 1820 Alexandri

689 1866 913 1911 matrem
938 1898 951 1923 ,
982 1873 1099 1926 quae
1121 1856 1443 1912 Christianis
1478 1866 1749 1925 utcunque
1776 1857 2004 1911 favebat.
2041 1856 2237 1913 Verum

692 1950 1075 2016 annogC-hristi
1131 1949 1261 2003 1551
1310 1950 1363 2003 in
1425 1965 1553 2018 agro
1617 1949 1821 2003 Vcrano
1872 1961 2113 2018 repertus
2164 1960 2248 2004 est
2278 1951 2319 2004 Β

689 2039 876 2108 Cyclas
908 2040 1201 2104 Paschalis,
1234 2042 1287 2094 in
1317 2038 1470 2109 cujus
1500 2042 1663 2096 latere
1690 2043 1825 2093 inter
1853 2042 1987 2094 alias
2022 2040 2079 2115 Sy.
2112 2039 2241 2116 llipo

685 2128 850 2198 polyti
890 2128 1288 2184 lucubrationes
1324 2128 1628 2182 Exhortatio
1659 2131 1726 2182 ad
1757 2129 2053 2184 Severinum
2080 2141 2240 2186 nota-‘

685 2227 791 2272 tur.
834 2217 983 2273 Unde
1016 2220 1390 2275 Tillemontius
1427 2221 1535 2291 (68)
1580 2214 1905 2290 suspicatur,
1942 2222 2043 2277 hac
2080 2222 2241 2279 Seve-

685 2292 804 2360 rina
844 2308 1069 2361 indicari
1116 2307 1399 2374 Severam,
1450 2300 1678 2378 Philippi
1714 2311 2061 2383 imperatoris
2105 2328 2239 2367 uxoo

684 2412 834 2463 rem,
898 2413 1019 2465 quae
1085 2397 1389 2453 Christiana
1455 2399 1622 2453 fuisse
1677 2386 2017 2468 perhibetur,
2054 2409 2122 2456 et
2171 2402 2239 2456 ad

684 2498 844 2554 quam
866 2474 1211 2543 doctissimus
1234 2488 1491 2557 Origenes
1529 2492 1691 2543 etiam
1731 2490 1936 2545 litteras
1975 2489 2139 2545 dedit.
2180 2490 2235 2547 Si

686 2578 774 2632 illa
807 2577 1130 2633 Tillemontii
1167 2580 1404 2649 suspicio
1432 2596 1556 2633 vera
1597 2580 1693 2645 sit,
1729 2582 1870 2634 haud
1898 2582 2059 2635 dubie
2093 2599 2239 2636 mar-

684 2673 877 2741 tyrium
916 2670 973 2725 S.
1010 2670 1278 2742 Hippolyti
1316 2690 1487 2742 usque
1523 2673 1588 2727 ad
1638 2691 1839 2729 annum
1871 2675 2069 2729 Christi
2109 2676 2232 2743 250,

681 2763 792 2817 sive
813 2762 877 2816 ad
902 2764 1328 2832 persecutionem
1357 2763 1497 2818 Decii
1522 2766 1861 2835 imperatoris
1884 2766 2252 2834 diﬂ'erendum

677 2860 778 2907 est.
818 2851 899 2907 Ad
955 2855 1093 2909 hanc
1140 2856 1503 2924 suspicionem
1552 2858 1976 2912 conlirmandam
2028 2860 2235 2913 accedit

677 2944 1043 2997 testimonium
1082 2944 1139 2997 S.
1174 2944 1479 3014 Epiphanii.
1530 2948 1620 3016 qui
1666 2948 1855 3003 haeresi
1888 2948 1978 3015 57,
2005 2948 2116 3003 sive
2143 2950 2231 3014 57,

677 3043 861 3087 contra
899 3032 1189 3090 Noetianos
1225 3035 1297 3089 ita
1342 3038 1525 3091 scribit
1559 3056 1571 3090 :
1615 3037 1739 3090 Post
1776 3040 1909 3091 hunc
1947 3039 2084 3092 alius
2116 3040 2233 3109 qui-

677 3124 801 3176 dam
825 3126 1097 3181 haereticus
1116 3170 1130 3191 ,
1166 3127 1362 3182 Nactus
1394 3133 1627 3193 nomine,
1652 3133 1886 3199 prodiit;
1909 3149 2067 3203 neque
2098 3135 2233 3186 mul-

680 3216 747 3275 tis
774 3212 959 3267 abhinc
986 3217 1158 3280 annis,
1182 3219 1269 3270 sed
1301 3230 1420 3272 ante
1445 3220 1535 3272 hos
1557 3232 1759 3274 centum
1784 3222 1890 3290 fere
1912 3241 1971 3276 ac
1996 3228 2228 3295 triginta,

2362 699 2465 738 nus
2503 692 2678 735 tamen
2711 679 2953 740 dilﬁteor,
2980 694 3099 747 qua:
3133 677 3199 731 de
3230 676 3486 746 martyrio
3518 674 3635 743 ejus
3677 688 3906 726 narran-

2359 783 2465 837 tur,
2501 773 2753 842 pleraque
2773 786 2890 825 esse
2920 772 3120 823 incerta
3143 784 3206 823 ac
3233 768 3468 823 tenebris
3494 767 3746 820 involuta.
3777 788 3781 795 λ

2427 901 2503 956 De
2546 900 2834 971 Hippolyto
2866 900 3081 970 quidem
3131 902 3362 970 martyi‘e
3407 897 3661 952 nonnulla
3690 896 3910 971 cecinit

2356 989 2700 1055 Prudentius,
2729 1007 2878 1059 quae,
2910 992 2953 1043 si
2984 989 3265 1059 Hippolyto
3295 990 3546 1057 episcopo
3580 986 3750 1055 aptari
3783 1001 3909 1054 pos-

2356 1091 2496 1140 sent,
2522 1084 2744 1135 certiora
2768 1082 2915 1135 Actis
2946 1090 3153 1139 essent,
3181 1078 3429 1131 Nostrum
3463 1076 3821 1147 Hippolytum,
3856 1077 3911 1130 id

2354 1181 2469 1234 est,
2509 1173 2849 1240 episcopiun,
2898 1172 3084 1223 invenit
3136 1170 3445 1223 Ruinartius
3479 1168 3589 1240 (71)
3626 1170 3679 1221 in
3712 1174 3909 1237 hymno

2354 1263 2629 1315 Prutlcntii
2670 1264 2805 1333 (7:2),
2848 1263 2922 1315 ait
2966 1262 3261 1331 Basuagius
3295 1261 3426 1331 (75).
3478 1261 3534 1315 Si
3584 1270 3782 1315 attente
3821 1272 3911 1314 ta-

2353 1371 2474 1408 men
2508 1354 2772 1408 Ruinartii
2805 1355 3069 1410 monitum
3092 1352 3445 1423 ianrudentii
3482 1354 3718 1407 carmina
3744 1340 3935 1422 legis--

2352 1452 2462 1505 set,
2495 1445 2821 1499 contrarium
2848 1443 2916 1496 ab
2939 1458 3002 1496 eo
3034 1442 3169 1497 tradi
3203 1444 3511 1507 didicisset;
3543 1460 3664 1521 nam
3696 1441 3907 1511 Hippo-

2351 1534 2517 1604 lytum
2542 1550 2571 1587 a
2600 1533 2890 1593 Prudentio
2914 1533 3238 1586 celebratum
3271 1533 3337 1586 ab
3358 1534 3543 1595 altero,
3565 1533 3631 1586 de
3656 1548 3764 1601 quo
3790 1533 3907 1602 agi-

2349 1637 2504 1687 nius,
2551 1626 2814 1695 cujusque
2850 1626 3107 1693 opuscula
3145 1625 3406 1683 Eusebius
3442 1634 3514 1679 et‘
3542 1622 3906 1693 Hieronymus

2349 1728 2671 1780 memorant,
2698 1718 3132 1787 distinguendum
3156 1734 3275 1773 esse
3304 1719 3495 1776 ibidem
3520 1718 3740 1772 adnotat
3770 1716 3905 1769 Rui-

2348 1808 2592 1873 nartius;
2637 1807 2879 1875 quinimo
2916 1819 3022 1861 tres
3077 1808 3315 1877 ejusdem
3360 1806 3595 1861 nominis
3635 1814 3903 1873 martyres

2346 1898 2728 1955 discernendos
2751 1914 2889 1963 esse,
2918 1906 3053 1967 quos
3096 1916 3125 1954 a
3171 1886 3667 1973 Martyrologiorum
3706 1909 3902 1960 aucto-

2347 1990 2496 2044 ribus
2522 1978 2577 2045 in
2610 2005 2776 2045 unum
2806 1990 3063 2043 confusos
3087 1988 3252 2044 fuisse
3283 1990 3546 2053 Baromus
3574 1989 3771 2057 aliique
3796 1996 3904 2040 tra-

2345 2082 2617 2136 diderunt.
2647 2080 2711 2136 Et
2744 2097 2874 2137 sane
2906 2081 3218 2152 Hippolytus
3244 2098 3274 2135 a
3304 2082 3597 2136 Prudentio
3622 2082 3897 2143 laudatus,

2343 2174 2435 2242 qui
2475 2174 2525 2225 in
2562 2171 2725 2241 Portu
2770 2166 3012 2225 Romano
3042 2174 3106 2227 ad
3142 2171 3289 2228 Ostia
3328 2162 3611 2235 Tiberina,
3642 2180 3702 2226 ut
3736 2172 3902 2241 vulgo

2341 2264 2599 2339 creditur,
2625 2267 2945 2333 martyrium
2986 2264 3172 2329 subiit,
3200 2264 3445 2319 diversus
3480 2264 3703 2317 omnino
3731 2278 3763 2316 a
3806 2278 3904 2316 no—

2342 2365 2456 2411 stro
2500 2366 2601 2411 est.
2640 2357 2739 2415 Hic
2778 2357 3291 2429 quippegepiscopus
3320 2358 3538 2412 incertae
3594 2357 3758 2420 sedis,
3809 2357 3903 2411 ille

2342 2463 2467 2503 vero
2497 2447 2751 2502 Romana:
2780 2446 3028 2502 Ecclesiae
3050 2449 3342 2517 presbyter,
3371 2465 3434 2504 ac
3468 2447 3653 2503 Novaii
3684 2449 3901 2518 opinio-

2342 2540 2837 2609 nibusaliquaudo
2876 2540 3141 2604 addictus,
3173 2550 3227 2595 et
3255 2541 3497 2610 martyrii
3544 2550 3751 2595 tantum
3800 2554 3900 2595 co-

2341 2645 2471 2684 rona
2497 2632 2716 2697 clarus;
2752 2641 2941 2687 noster.
2959 2646 3088 2697 vero
3125 2647 3231 2685 non
3269 2633 3444 2687 solum
3477 2628 3764 2703 martyrio,
3800 2632 3899 2687 sed

2338 2730 2393 2773 et
2428 2710 2731 2777 eruditione
2753 2733 2807 2777 et
2843 2724 3059 2791 scriptis
3093 2712 3493 2777 celeberrimus.
3533 2722 3622 2775 llle
3650 2722 3897 2789 demum,

2339 2810 2629 2867 Prudentio
2658 2822 2825 2877 teste,
2851 2812 3152 2869 furentibus
3182 2813 3333 2880 equis
3372 2822 3613 2881 raptatus
3652 2813 3893 2879 interiit;

2340 2909 2523 2953 noster
2552 2917 2705 2965 vero,
2745 2902 2796 2955 si
2841 2903 2971 2955 ﬁdes
3004 2896 3424 2972 Martyrologiis,
3454 2903 3505 2955 in
3546 2900 3757 2957 foveam
3802 2903 3895 2956 dc-

2339 3005 2550 3042 mersus
2585 2990 2854 3044 occubuit.

2409 3108 2777 3179 Theodoretus
2805 3125 2948 3179 hunc
2975 3136 3217 3181 sanctum
3241 3125 3513 3182 doctorem
3546 3126 3741 3179 iluentc
3776 3125 3899 3180 ion~

2338 3214 2405 3265 tis
2442 3225 2734 3281 comparat,
2764 3208 2891 3269 dum
2919 3216 3128 3287 dialogo
3163 3220 3217 3284 5,
3244 3220 3357 3273 sive
3384 3231 3529 3273 tomo
3563 3217 3623 3270 IV
3650 3217 3885 3286 Operum

677 3307 930 3366 nimirum
970 3308 1284 3376 priusquam
1330 3320 1548 3366 sanctus
1580 3311 1680 3365 hoc
1712 3328 1849 3380 opus
1886 3328 2041 3367 suum
2085 3332 2232 3370 com-
2259 3308 2301 3367 C
2335 3321 2557 3360 suorum
2590 3309 2781 3378 pagina
2807 3308 2983 3363 154-et
3010 3318 3289 3377 sequente,
3317 3312 3687 3365 testimonium
3718 3310 3893 3379 ipsius

676 3404 915 3463 poneret.
958 3396 1025 3449 At
1066 3395 1122 3450 S.
1150 3396 1481 3467 Epiphanius
1521 3402 1664 3454 circa
1712 3417 1911 3455 annum
1942 3404 2056 3458 575
2100 3406 2226 3460 illud

675 3499 809 3553 opus
838 3485 1097 3543 adversus
1128 3486 1358 3544 haereses
1390 3492 1742 3561 conscripsit,
1768 3492 2006 3562 adquue
2031 3506 2227 3551 retror-
2270 3515 2279 3518 ‘

675 3592 794 3653 sum
845 3580 1178 3633 numerando
1215 3580 1433 3638 hazresis
1472 3580 1730 3636 Noetiana
1780 3584 1881 3637 sub
1912 3577 2228 3653 imperatore

674 3668 920 3740 Philippo
959 3682 1144 3726 exorta
1183 3682 1299 3739 est,
1324 3682 1382 3727 ut
1415 3672 1790 3731 Tillemontius
1832 3674 2058 3730 aﬂirmat
2092 3676 2222 3747 (69).

674 3761 809 3813 Cum
852 3761 1032 3831 itaque
1060 3764 1121 3816 ὃ.
1154 3763 1467 3834 Hippolytus
1499 3766 1638 3820 hanc
1674 3766 1824 3821 Nocti
1863 3768 2110 3842 haeresim
2143 3785 2229 3822 rc-

676 3859 858 3904 center
878 3843 1119 3906 exortam
1146 3854 1390 3909 videatur
1416 3858 1796 3927 impugnasse,
1818 3868 1874 3913 ut
1903 3862 2041 3929 apud
2070 3876 2225 3916 eum-

626 3975 633 3981 ρ
675 3941 795 3993 dem
838 3938 1235 3996 Tillemontium
1289 3944 1324 3997 l.
1365 3960 1412 3998 c.
1466 3948 1783 4013 ostenditur,
1818 3950 1871 4002 in
1911 3951 2011 4004 ista
2061 3952 2226 4021 hypo-

676 4032 816 4085 thcsi
856 4035 1170 4104 martyrium
1221 4035 1391 4103 ipsius
1439 4046 1563 4089 ante
1610 4040 2035 4106 persecutionem
2080 4042 2221 4097 Decii

674 4125 1013 4195 imperatoris
1039 4127 1287 4182 collocari
1334 4144 1439 4182 non
1482 4138 1672 4197 potest.
1709 4127 1829 4184 Haec
1868 4141 2041 4186 tamen
2075 4132 2224 4188 Tille-

672 4217 859 4275 montii
887 4231 1201 4287 argumenta
1232 4235 1337 4273 non
1363 4220 1586 4275 omnino
1614 4230 1757 4275 certa
1794 4232 1952 4287 sunt,
1982 4227 2224 4291 quando-

671 4309 882 4377 quidem
915 4310 981 4363 ab
1009 4310 1135 4363 aliis
1160 4310 1439 4378 negantur.

738 4397 845 4452 Nec
870 4415 989 4467 quae
1021 4401 1087 4454 de
1136 4404 1254 4455 loco
1300 4402 1540 4473 martyrii
1594 4404 1882 4468 adduntur,
1908 4422 1969 4461 ea
2017 4409 2220 4461 munita

672 4495 798 4541 sunt
839 4491 1190 4570 auctoritate,
1242 4503 1299 4547 ut
1336 4496 1401 4549 iis
1443 4498 1573 4551 ﬁdes
1623 4478 1807 4552 haberi
1855 4500 2061 4553 debeat.
2114 4501 2222 4555 lmo

671 4576 924 4644 quoniam
961 4576 1225 4635 Eusebius
1253 4593 1306 4637 et
1340 4583 1696 4655 Hieronymus
1723 4588 1788 4641 de
1828 4592 2083 4660 martyrio
2120 4592 2223 4645 hoc

670 4667 897 4732 sileant,
938 4668 1358 4739 Christophorus
1398 4674 1744 4731 lleumannus
1795 4678 1918 4747 (70),
1953 4655 2226 4736 existimat
2256 4655 2299 4709 Β

671 4750 1012 4828 Hippolytum
1058 4758 1194 4813 falso
1238 4762 1303 4813 iis
1347 4765 1727 4829 annumerari,
1771 4766 1861 4833 qui
1910 4771 2223 4837 sanguinem

670 4866 826 4902 suum
868 4866 964 4918 pro
992 4866 1155 4905 causa
1192 4851 1394 4905 Christi
1437 4853 1801 4921 profuderint,
1830 4870 1999 4923 eoque
2032 4860 2227 4912 verita-

670 4950 774 4994 tem
814 4942 1086 5011 religionis
1116 4944 1437 4999 Christiana:
1472 4945 1857 4999 conﬁrmarint.
1899 4945 1950 4999 ιιι
1985 4950 2127 5016 quod
2158 4952 2225 5011 li-

740 5072 1143 5195 (ιϐῗὲὂῡοόννοιι,
1170 5120 1184 5143 ,
1214 5078 1491 5136 Dissertat.
1526 5079 1891 5152 Cyprianicar.
1933 5096 2016 5145 xi,
2055 5081 2082 5152 §
2123 5083 2221 5145 50,

672 5156 791 5207 pag.
821 5156 908 5197 δο.

742 5210 851 5278 (66)
892 5213 1208 5289 Theodorei.
1235 5261 1249 5278 .
1280 5221 1477 5289 dialog.
1522 5220 1556 5273 2
1608 5229 1660 5274 et
1701 5220 1771 5283 5,
1823 5221 1934 5275 sive
1982 5230 2111 5275 tom.
2156 5221 2225 5275 Ν

670 5277 841 5349 Opp.,
861 5296 980 5350 pag.
1007 5287 1074 5339 88
1094 5299 1145 5342 et
1176 5290 1294 5343 155.

739 5350 850 5425 (QZ)
890 5350 1082 5425 lia-ron.
1107 5358 1468 5415 inAnnal-.m|
1497 5374 1623 5413 ann.
1658 5359 1791 5425 259,
1831 5372 1979 5412 num.
2013 5360 2096 5413 10.

892 5419 1199 5500 :I'illemont,
1234 5438 1361 5481 tom.
1390 5427 1457 5480 111
1510 5419 1788 5494 Mémoirq'
1809 5447 1926 5500 pag.
1951 5430 2073 5484 215.

740 5488 851 5557 (69)
892 5488 1055 5555 Idem,
1082 5494 1297 5549 ibidem.

892 5558 1221 5641 Heumaan
1246 5566 1445 5641 laudat.
1479 5567 1778 5641 Qi_s_sertat.,
1816 5570 1842 5641 §
1876 5571 1960 5633 12,
1985 5587 2103 5641 pag.
2140 5574 2217 5625 17.».

892 5628 1454 5709 ﬁuinartwﬁcnsinc.
1497 5638 1651 5709 MM,
1688 5628 1952 5709 pag.0157.

738 5700 850 5772 (Ῑὲ)
891 5697 1148 5772 Prudent.
1173 5702 1311 5767 Περὶ
1338 5697 1668 5772 vesparum,
1688 5697 1869 5763 ’θεῖ-ιη.
1902 5728 1975 5763 χι.

736 5768 849 5837 (75)
891 5768 1152 5838 Basnagc,
1182 5771 1399 5834 Annal.,
1430 5768 1516 5827 an.
1549 5768 1672 5837 2‘22,
1709 5796 1857 5833 num.
1890 5781 1942 5834 8.

738 5839 847 5909 (74)
889 5837 989 5894 Ubi
1030 5837 1218 5917 beatus
1267 5840 1355 5892 ille
1397 5843 1593 5917 chorus
1631 5858 1713 5900 est
1756 5852 2125 5917 episcoporum
2170 5860 2220 5904 ct

666 5907 1388 5980 domorum,quitanquam
1440 5911 1720 5968 luminaria
1776 5907 1828 5971 i'n
1888 5907 2083 5971 mundo
2137 5936 2217 5972 re-

2332 3407 2384 3451 ct
2413 3398 2641 3452 aliorum
2669 3406 2978 3453 sanctorum
3010 3400 3227 3456 Patrum
3254 3412 3440 3457 contra
3480 3403 3759 3458 ltmreticos
3788 3404 3890 3457 ad-

2332 3490 2477 3545 ducit
2507 3491 2611 3544 hoc
2637 3492 2795 3544 modo
2828 3510 2839 3543 :
2876 3489 2985 3544 Fac
3012 3494 3174 3561 igitur
3211 3504 3423 3561 pateant
3448 3512 3597 3549 aures
3621 3535 3636 3559 ,
3658 3504 3705 3548 et
3730 3494 3892 3564 spiri—

2333 3581 2557 3655 tualium
2578 3584 2800 3651 fontium
2822 3586 3021 3653 ﬂuenta
3051 3588 3242 3652 accipe,
3273 3589 3441 3639 sancti
3470 3587 3667 3657 lgnatii
3697 3589 3888 3641 Antio-

2332 3674 2479 3728 caeni
2500 3682 2547 3727 et
2572 3676 2817 3742 martyris
2838 3690 2900 3728 ea:
2926 3675 3144 3741 epistola
3170 3676 3236 3725 ad
3264 3673 3662 3743 Smyrnenses...
3694 3675 3890 3732 Ircnwi

2334 3762 2690 3835 Lugdunensis
2724 3768 2949 3834 episcopi
2985 3782 3047 3819 ea:
3089 3768 3238 3818 tertio
3271 3767 3404 3818 libro
3438 3766 3681 3829 adversus
3722 3770 3891 3823 litare-

2332 3873 2479 3909 ses...
2514 3859 2682 3910 sancti
2718 3858 2989 3927 Hippolyti
3027 3858 3251 3925 episcopi
3290 3866 3338 3908 et
3388 3858 3635 3925 martyris
3674 3874 3739 3911 ea;
3778 3864 3890 3927 cpi-

2330 3946 2467 4001 stola
2499 3948 2565 3999 ad
2603 3951 2883 4017 quamdam
2911 3950 3161 4018 reginam.
3214 3948 3271 4002 S.
3306 3947 3754 4020 Chrysostomus,
3790 3966 3887 4005 seu

2330 4037 2508 4107 potius
2531 4037 2666 4091 alius
2697 4040 2950 4106 antiquus
2979 4048 3165 4092 auctor
3192 4038 3292 4092 sub
3316 4037 3432 4105 ejus
3459 4034 3694 4101 nomine,
3730 4041 3887 4093 attri-

2330 4126 2447 4179 buit
2474 4123 2529 4179 S.
2561 4124 2842 4196 Hippolyto
2870 4128 3142 4197 ingenium
3169 4129 3457 4188 excellens,
3491 4128 3883 4195 eloquentiam-

2329 4231 2433 4284 que
2480 4216 2889 4279 suavissimam,
2939 4233 3038 4271 nec
3074 4218 3281 4273 dubitat
3324 4234 3448 4293 cum
3491 4217 3737 4273 conferre
3761 4238 3882 4274 eum

2332 4307 2387 4359 S.
2421 4306 2623 4376 lgnatio
2660 4306 2729 4358 M.
2755 4317 2806 4360 et
2836 4307 2892 4360 S.
2921 4308 3175 4379 Dionysio
3207 4310 3486 4366 Corinthio
3528 4312 3609 4366 vel
3652 4314 3883 4368 Alexan-

2329 4399 2485 4451 drino
2514 4398 2646 4468 (74).
2680 4397 2734 4453 S.
2762 4384 3077 4454 Anastasius
3120 4402 3297 4455 sarculi
3326 4418 3396 4455 vn
3426 4401 3703 4456 confessor
3724 4420 3880 4458 euin-

2328 4491 2449 4544 dem
2485 4492 2806 4544 condecorat
2836 4490 2987 4545 titulo
3020 4495 3197 4562 magni
3234 4503 3287 4547 et
3319 4494 3667 4547 sacratissimi
3696 4495 3881 4551 docto-

2329 4582 2423 4647 ris,
2457 4582 2607 4636 testis
2643 4582 2813 4637 ﬁdelis
2844 4583 3080 4638 veritatis
3103 4624 3116 4648 ,
3139 4584 3513 4654 atque'organi
3548 4586 3717 4639 sancti
3760 4586 3880 4655 Spi-

2328 4674 2461 4727 ritus
2488 4661 2637 4743 (75).
2674 4672 2930 4729 Leontius
2966 4676 3292 4745 Byzantinus
3322 4669 3563 4729 sanctum
3603 4678 3874 4733 doctorem

2329 4775 2570 4818 nostrum
2601 4776 2840 4820 recenset
2886 4760 3451 4821 interiillustrissituos
3492 4766 3743 4826 Ecclesiae
3774 4770 3876 4825 Pa-

2327 4862 2457 4917 tres,
2495 4856 2586 4922 qui
2613 4871 2643 4907 a
2676 4870 2801 4911 nato
2836 4856 3111 4910 Salvatore
3142 4856 3207 4909 ad
3234 4857 3514 4944 imperium
3537 4876 3708 4931 usque
3730 4861 3844 4916 Con

2328 4944 2546 4997 stantini
2576 4942 2643 4995 Μ.
2669 4943 2895 4999 ﬂoruere
2925 4946 3055 5014 (76).

2326 5078 2710 5158 splendueruot
2738 5081 2959 5158 verbum
2988 5083 3107 5158 vine
3133 5084 3463 5158 continentes
3482 5089 3568 5142 i...
3597 5086 3702 5158 7U_b_i
3744 5087 3872 5158 Hip-

2325 5150 2549 5218 polytusi
2565 5149 2917 5203 suavissimus
2951 5161 3001 5204 et
3037 5152 3614 5212 hencvolentissimus?
3648 5155 3745 5211 Ubi
3770 5149 3871 5212 Ba-

2325 5221 2478 5273 silius
2505 5217 2746 5342 Magnus,
2773 5228 2874 5274 etc.
2900 5220 3266 5291 Chrysostom.
3291 5234 3421 5279 tom.
3452 5225 3512 5278 Vl
3542 5225 3701 5296 Opp.,
3728 5239 3863 5283 orat.

2325 5288 2413 5342 51.
2444 5304 2562 5342 nae.
2625 5288 2711 5341 80.
2736 5314 2747 5326 -

2549 5328 2562 5342 .
2625 5304 2711 5341 δυ.
2736 5314 2747 5326 -

2393 5304 2559 5427 (71⁸1ῗῆ
2590 5304 2733 5438 ἔρρε
2757 5375 2901 5438 nunc
2932 5368 2984 5414 et
3010 5363 3410 5438 sacratissimus
3432 5364 3518 5417 hic
3546 5372 3610 5438 et
3638 5381 3866 5438 magnus

2234 5408 2239 5415 ’
2324 5408 2528 5495 doctoi',
2554 5430 2907 5497 veritatisque
2940 5432 3093 5485 testis
3142 5433 3313 5486 ﬁdelis
3361 5408 3862 5492 conconditeruiz‘u‘ni

2324 5501 2445 5574 aliis
2474 5500 2723 5574 omnibus
2754 5501 2978 5574 sanctis
3005 5501 3281 5574 Catholica!
3322 5502 3431 5574 Dei_
3452 5516 3514 5555 ac
3558 5508 3866 5574 apostolica:
3894 5510 3897 5513 ’

2324 5569 2747 5622 institutionibus
2775 5569 3047 5630 Ecclesiae,
3080 5572 3215 5624 duas
3236 5570 3528 5624 secundum
3569 5569 3861 5632 u'nitionem

2324 5638 2734 5712 inconiusamet
2755 5639 3097 5712 impatibilem
3126 5642 3575 5706 quemadmodum
3618 5654 3859 5712 naturas,

2325 5719 2392 5784 ita
2436 5708 2620 5784 etiam_
2648 5709 3126 5784 dunasnvoluntates
3168 5749 3233 5784 .__.
3270 5749 3282 5762 .
3321 5749 3333 5761 .
3368 5714 3607 5784 conﬁteri
3632 5717 3801 5784 jubet.
3836 5708 3854 5768 ἰ

2323 5781 2569 5854 Anastas.
2590 5779 2661 5854 _i_n
2694 5777 2909 5854 Collect.
2938 5778 3488 5854 Sirmondiaua,_tom.
3519 5777 3708 5854 rlll,'p.
3732 5786 3837 5842 590

2392 5846 2501 5915 (76)
2534 5867 2553 5896 ι
2590 5846 2941 5914 Temporibus
2989 5848 3093 5901 illis
3121 5864 3238 5915 qua:
3264 5865 3293 5901 a
3334 5849 3529 5907 Christi
3580 5846 3785 5909 nativit'

2324 5932 2489 5986 usque
2514 5916 2579 5972 ad
2610 5916 2887 5983 imperium
2918 5918 3249 5973 Constantini
3287 5931 3657 5994 numerantur,
3684 5923 3735 5973 Υ
