4104 6350
682 402 801 501 ’987

1468 630 1645 682 ΙΟΥΣ

1467 700 1644 753 ΝΙΑΣ

690 766 751 837 ln
782 768 1043 825 Psalmos.
1162 834 1165 835 ν

694 838 770 910 De
798 840 1139 910 Pythonissa.

689 907 768 963 De
792 905 1084 979 hiangelio
1118 907 1417 964 secundum
1447 905 1708 962 Joannem

760 989 815 1034 et
840 980 1185 1049 Apocalypsi.

631 1053 634 1058 ’
687 1047 766 1121 De
793 1047 1219 1121 Charismatibus
1250 1048 1383 1121 (84).

686 1118 995 1186 Apostolica
1024 1119 1260 1173 traditio.

687 1187 993 1257 Chronicon
1018 1187 1148 1257 (85).

688 1257 884 1311 Contra
915 1254 1125 1313 Graecos
1149 1265 1205 1312 et
1230 1257 1285 1311 in
1315 1256 1591 1314 Platonem
1619 1254 1704 1310 vel

756 1329 916 1381 etiam
945 1327 1012 1382 de
1035 1328 1201 1381 omni.

686 1392 1099 1452 Exhortatorius
1123 1398 1188 1450 ad
1217 1394 1545 1450 Severinam.

1650 442 1738 498 ne
1782 441 1949 499 vm
1974 441 2062 497 ET
2098 440 2405 498 scrupus
2439 440 2502 497 s.
2537 439 2910 495 HlPPOLY‘H.

1784 559 2023 629 Calalog.
2050 564 2189 628 apud
2220 558 2409 614 Euseb.

1784 628 1839 681 ln
1867 628 2248 685 Hexaemeron.

1783 697 1838 751 In
1868 714 1930 753 ea
1954 714 2075 781 qum
2105 708 2225 781 post
2256 696 2619 781 Hexaemeron
2650 698 2816 768 (con-~
2871 693 3088 781 LCogtra
3116 691 3482 775 Hareionem).

1854 777 1934 823 tra
1959 768 2332 840 Marcionem).

1776 1183 1851 1239 De
1874 1152 2085 1240 Pascha
2114 1183 2230 1255 (lib.
2257 1185 2319 1256 ι).

3779 426 3887 483 ⁸183

2872 555 3022 624 Apud
3053 554 3351 623 Hieronym.

2871 623 2929 677 In
2961 624 3345 679 Hexaemeron.

2872 764 2945 817 De
2968 763 3213 819 Psalmis.

2869 833 2946 904 ρο
2973 832 3135 887 Saulo
3159 841 3212 887 et
3230 831 3566 904 Pythonissa.

2868 902 2946 958 De
2965 902 3303 975 Apocalypsi.

2752 1194 2767 1200 ‘
2867 1181 3191 1253 Temporum
3222 1196 3474 1243 canones.

686 1392 1099 1476 Exhortatorius
1123 1398 1188 1450 ad
1217 1394 1545 1450 Severinam.
2158 1464 2169 1475 ι
2804 1464 2807 1467 ν
2844 1392 2853 1493 ι
3626 1460 3638 1470 '

685 1464 1109 1548 Demonstratim
1131 1475 1427 1548 temporum
1456 1466 1702 1548 _Pascbaa
1769 1461 2081 1548 De__Pascba
2115 1463 2233 1534 (lib.
2267 1463 2327 1535 ιι)
2368 1480 2541 1521 canon
2565 1466 2791 1537 pascha-
2864 1463 2938 1518 De
2959 1460 3187 1530 Pascha,
3211 1477 3381 1518 canon
3405 1460 3693 1531 paschalis.

757 1536 1207 1602 quemadmodum
1237 1534 1292 1590 in
1327 1537 1523 1591 tabula.
1845 1534 1931 1599 lis.

569 1664 575 1668 _
685 1598 813 1661 Odée
849 1605 903 1658 in
944 1620 1132 1679 omnes
1171 1605 1473 1675 Scripturas
1497 1606 1708 1679 (adver-
1775 1598 2048 1662 Adversus
2077 1617 2266 1658 omnes
2295 1602 2546 1661 hmreses.

646 1734 664 1751 λ
684 1742 723 1751 _
758 1689 852 1751 sus
877 1689 1065 1731 omnes
1099 1676 1370 1751 hereses).

684 1742 762 1799 De
791 1742 898 1798 Deo
920 1754 973 1799 ct
993 1745 1169 1801 carnis
1189 1742 1599 1802 resurrectione.

682 1813 761 1879 De
787 1813 927 1870 bono
952 1824 1005 1871 et
1032 1815 1173 1870 unde
1193 1816 1415 1871 malum.

1774 1881 1833 1935 In
1862 1879 2145 1936 Canticum
2177 1888 2321 1936 cant.

2862 1603 3133 1657 Adversus
3164 1618 3351 1660 omnes
3375 1602 3625 1655 hereses.

2822 1742 2825 1745 ⁴
2863 1742 2938 1797 De
2969 1741 3378 1798 resurrectione.

2862 1880 2919 1936 In
2949 1880 3155 1936 Cantic.
3178 1881 3371 1938 cantic.

1772 1951 1828 2005 lu
1885 1960 2088 2034 partem
2150 1949 2436 2022 quamdam
2496 1948 2793 2034 Ezechielis

1838 2022 2131 2093 prophetae.

1189 2666 1590 2756 IARTICUL'US
1624 2700 1687 2755 ιι.

678 2804 728 2844 8ο
765 2804 1039 2845 IIIPPOLYTI
1088 2807 1238 2845 LIBER
1290 2807 1378 2848 CUI
1426 2809 1654 2849 ‘l'lTllLUS
1695 2811 1708 2847 τ
1755 2810 1773 2843 1
1820 2803 2223 2847 DEIONSTBATIO

993 2877 1061 2915 DE
1093 2878 1319 2920 CHRISTO
1356 2880 1424 2918 ΕΤ
1459 2876 1828 2919 ANTICHRISTO.
1875 2882 1895 2915 ι

748 2971 985 3027 Plurima
1042 2974 1257 3043 scripsit
1278 2974 1635 3046 (Hippolytus,
1675 2974 1939 3054 Eusebio,
1966 2971 2223 3043 Hierony-

570 3057 572 3060 ’
676 3081 788 3131 mo,
815 3065 1011 3120 Photio
1039 3067 1264 3137 aliisque
1292 3067 1894 3132 meinorata.,Quaedani
1931 3080 2115 3119 eorum
2155 3066 2222 3120 ad

675 3173 776 3213 nos
824 3166 1213 3227 pervenerunt;
1260 3159 1549 3227 'plerisque
1598 3167 1775 3212 autem
1826 3172 1922 3226 per
1969 3156 2219 3225 injuriam

674 3257 977 3317 temporum
1012 3263 1155 3303 nunc
1194 3263 1479 3315 caremus;
1536 3258 1629 3306 aut
1674 3248 1975 3318 fragmenta
2013 3240 2220 3302 tantum

674 3345 986 3407 supersunt,
1012 3353 1131 3407 qua:
1163 3354 1285 3392 cum
1331 3339 1385 3392 in
1422 3339 1579 3394 editis
1616 3339 1789 3404 libris,
1823 3347 1935 3391 tum
1984 3338 2037 3392 in
2074 3339 2222 3393 codi-
2265 3359 2268 3363 ’

672 3430 830 3487 cibus
896 3432 1279 3501 manuscriptis
1328 3432 1612 3489 habentur.
1662 3432 1799 3487 Sunt
1832 3447 2047 3501 quoque
2088 3447 2220 3486 non-

672 3518 845 3582 nulla,
877 3534 995 3589 qua:
1022 3518 1285 3592 Hippolyti
1319 3523 1537 3590 quidem
1567 3536 1762 3577 nomen
1791 3536 1900 3590 pra:
1922 3536 1979 3574 se
2011 3520 2216 3587 ferunt;

671 3612 887 3668 illorum
919 3624 1095 3668 autem
1122 3630 1185 3669 ea
1214 3624 1295 3668 est
1325 3616 1482 3679 ratio,
1510 3624 1568 3669 ut
1612 3623 1753 3669 recte
1780 3614 1976 3668 eruditi
2012 3615 2107 3667 viri
2127 3614 2217 3681 ju—

670 3704 987 3786 dicayerint,
1013 3706 1115 3762 ista
1142 3707 1321 3760 minus
1344 3708 1639 3775 composita
1662 3723 1780 3762 esse
1806 3709 1874 3762 ab
1901 3705 2181 3777 Hippolyto
2202 3747 2215 3771 ,

671 3796 767 3863 sed
800 3797 853 3849 in
884 3797 1037 3851 libris
1069 3797 1248 3850 dubiis
1279 3813 1341 3850 ac
1376 3799 1667 3866 suppositis
1694 3800 1969 3853 numerari
2001 3801 2213 3854 debere.

741 3884 809 3939 Et
850 3887 1081 3955 primum
1114 3886 1327 3956 quidem
1370 3888 1546 3942 locum
1611 3889 1751 3944 inter
1789 3905 1949 3958 Opera
2011 3891 2216 3961 integra

671 3991 769 4032 seu
797 3977 1057 4047 ampliora
1090 3975 1146 4031 S.
1180 3976 1450 4049 Hippolyti
1494 3978 1699 4033 obtinet
1736 3978 2118 4033 Demonstratio
2153 3983 2230 4049 de,

672 4067 882 4124 Christo
931 4079 983 4123 et
1026 4068 1367 4133 Antichrislo,
1411 4068 1567 4138 cujus
1618 4071 1908 4124 meminere
1957 4069 2215 4142 Hierony-

669 4176 813 4227 mus,
846 4162 1086 4216 Andreas
1130 4161 1499 4227 Caesariensis,
1541 4160 1843 4216 Germanus
1888 4159 2014 4226 CP.,
2048 4160 2213 4214 Joan-

668 4268 768 4307 nes
806 4253 1187 4318 Damascenus,
1217 4266 1271 4309 et
1300 4252 1565 4319 Pliotius;
1600 4267 1896 4320 eorumque
1931 4253 2045 4307 loca
2082 4252 2214 4305 infe-

666 4344 785 4398 rius
824 4344 962 4399 inter
1003 4354 1239 4400 veterum
1278 4347 1584 4401 testimonia
1628 4344 1842 4412 scriptis
1886 4342 2211 4414 llippolyteis

666 4433 925 4501 pmmisit
947 4432 1007 4486 C.
1033 4432 1094 4488 Ἰ.
1129 4434 1435 4491 Gallandius
1464 4436 1609 4506 (86);
1644 4445 1699 4489 ut
1720 4445 1997 4505 propterea
2026 4434 2207 4489 mirari

666 4523 857 4577 subeat
911 4521 1158 4592 Basnagii
1218 4526 1639 4586 conﬁdentiam.
1708 4528 1799 4595 qui
1860 4528 2206 4594 antiquorum

664 4611 987 4680 scriptorum
1042 4610 1145 4665 ﬁde
1201 4615 1524 4680 posthabita,
1577 4616 1818 4671 omnium
1873 4617 2205 4671 eruditorum

662 4702 871 4760 calculo
906 4685 1287 4771 comprobata,
1336 4705 1579 4772 ﬁctilium
1634 4703 1974 4773 Hippolytum
2024 4708 2207 4775 appel-

660 4792 737 4847 lat
779 4790 895 4861 (87)
931 4790 1093 4861 hujus
1132 4790 1601 4847 Demonstrationis
1643 4805 1935 4849 auctorem.
1989 4796 2205 4853 Utinam

660 4896 789 4935 vero
814 4882 1029 4953 legisset
1062 4882 1169 4946 ille,
1216 4882 1696 4951 perpendissetque
1738 4884 2006 4938 sincerum
2046 4888 2204 4955 primi

661 4973 879 5029 editoris
922 4974 1206 5043 judicium,
1251 4974 1345 5043 qui
1387 4989 1515 5028 sane
1570 4974 1669 5028 sibi
1716 4986 1997 5044 suspectus
2062 4979 2205 5032 haud

659 5074 782 5124 esse
801 5060 921 5131 jure
948 5070 1179 5133 poterat.
1217 5061 1309 5119 Sic
1342 5062 1502 5133 igitur
1533 5061 1739 5122 (ludius
1762 5064 1869 5135 (88)
1901 5082 1919 5129 ε⁵
1965 5065 2206 5123 illiustre

734 5236 845 5310 (84)
876 5235 1121 5310 Neander
1162 5242 1245 5295 vir
1288 5238 1634 5295 doctissimus
1678 5240 1914 5310 dubitat,
1967 5260 2095 5299 num
2140 5244 2205 5299 de

662 5309 1083 5381 charismatibus
1105 5319 1157 5381 et
1182 5311 1250 5381 de
1270 5313 1559 5381 apostolica
1595 5312 1881 5368 traditione
1925 5314 1977 5367 in
2008 5315 2198 5370 eodem

2858 2098 2914 2153 In
2939 2097 3199 2154 Exodum.

2857 2168 2912 2221 In
2942 2169 3190 2229 Genesin.

2856 2236 2910 2290 ln
2942 2238 3274 2293 Zachariam.

2852 2307 2910 2361 In
2937 2308 3145 2362 Isaiam.

2853 2377 2927 2432 De
2956 2379 3189 2432 Daniele.

2853 2447 2929 2502 De
2950 2446 3273 2503 Proverbiis.

2853 2516 2929 2571 De
2964 2517 3304 2573 Ecclesiaste.

2853 2585 2929 2641 De
2949 2588 3301 2642 Antichristo.

2251 2699 2301 2761 Δ
2330 2696 2504 2753 Photii
2536 2699 2901 2757 testimonium
2950 2704 3174 2759 libenter
3218 2699 3615 2770 adjungendum
3659 2700 3881 2753 curavi-

2326 2808 2449 2846 mus
2480 2790 2627 2860 (89);
2653 2800 2711 2845 ut
2732 2793 2778 2845 si
2807 2794 3058 2848 lectorem
3089 2793 3380 2847 oﬂ‘enderet
3408 2792 3462 2845 in
3488 2792 3587 2845 hoc
3613 2793 3882 2860 epuscnlo

2323 2882 2728 2953 cogitationum,
2770 2884 3044 2955 ipsiusque
3084 2884 3343 2938 orationis
3370 2883 3707 2952 simplicitas,
3742 2884 3878 2936 nihil

2322 2983 2601 3043 propterea
2635 2976 2905 3030 dubitaret
2936 2975 3063 3044 περὶ
3099 2977 3196 3046 τῆς
3237 2975 3599 3046 γνησιότητος.
3646 2974 3879 3028 Photius

2322 3066 2501 3120 libello
2535 3075 2720 3121 nostro
2750 3077 3002 3137 tanquam
3041 3069 3298 3137 insignem
3337 3077 3517 3120 notam
3569 3066 3791 3133 apponit
3816 3067 3874 3117 τὸ

2319 3158 2425 3211 τῶν
2456 3160 2737 3230 νοημάτων
2784 3160 3162 3230 ἁπλούστερον.
3199 3158 3263 3213 Ει
3307 3158 3565 3228 profecto,
3613 3157 3871 3228 quidquid

2322 3249 2604 3324 Hippolyto
2624 3253 2909 3319 tribuebat,
2940 3253 3163 3307 miriﬁce
3194 3253 3498 3322 respondet.
3539 3270 3558 3303 ι

2390 3343 2483 3399 His
2516 3356 2693 3399 autem
2730 3346 2797 3399 de
2851 3345 3028 3415 operis
3074 3344 3376 3414 integritate
3434 3340 3654 3406 habitis,
3698 3340 3909 3409 pergit'

2320 3435 2545 3499 Gudius,
2570 3445 2731 3505 atque
2764 3436 2829 3489 de
2853 3436 2993 3489 illius
3022 3435 3176 3488 titulo
3203 3434 3348 3487 hisce
3372 3432 3549 3487 verbis
3576 3432 3829 3487 edisserit
3858 3447 3872 3483 :

2325 3545 2343 3575 ε
2369 3526 2470 3579 Sed
2497 3541 2600 3579 non
2627 3527 2916 3582 omittenda
2947 3534 3030 3580 est
3067 3525 3549 3593 inscriptio,quam
3580 3538 3870 3578 conserva-

2319 3616 2394 3667 vit
2419 3614 2554 3668 idem
2587 3614 2841 3672 Pliotius:
2868 3616 3007 3683 Περὶ
3042 3614 3296 3684 Χριστοῦ
3317 3613 3413 3666 καὶ
3454 3612 3873 3681 Ἀντιχριστοῦ.

2320 3706 2551 3775 Uterque
2575 3709 2738 3763 codex
2772 3708 3050 3764 Remensis
3074 3716 3125 3762 et
3155 3706 3515 3768 Ehroieensis,
3557 3707 3699 3758 unde
3730 3720 3871 3772 Opus

2316 3803 2663 3869 descriptum,
2715 3802 2961 3856 similiter
3007 3819 3020 3854 :
3059 3799 3197 3867 Περὶ
3236 3799 3339 3853 τοῦ
3390 3796 3656 3864 Σωτῆρος
3698 3796 3869 3864 ἡμῶν

2330 3894 2518 3961 Ἰησοῦ
2546 3894 2817 3961 Χριστοῦ,
2848 3893 2947 3948 καὶ
2984 3892 3113 3960 περὶ
3144 3890 3249 3944 τοῦ
3305 3889 3717 3959 Ἄντιχριστοῦ.
3756 3887 3871 3957 Ego

2318 4000 2443 4039 vero
2473 3984 2696 4038 discessi
2726 3986 2933 4053 magnis
2975 3983 3292 4038 rationibus.
3340 3978 3458 4033 Non
3502 3979 3646 4033 enim
3706 3979 3869 4031 debe-

2320 4078 2440 4130 bam
2494 4076 2819 4131 conseieutia
2864 4076 3173 4140 convictus,
3230 4072 3570 4128 librariorum
3624 4084 3866 4124 errorem

2319 4176 2477 4234 atque
2511 4165 2862 4234 ignorantiam
2891 4166 3260 4235 superstitiose
3304 4175 3619 4230 propagare.
3665 4157 3865 4226 Hippo-

2318 4252 2458 4320 lytus
2509 4268 2724 4307 causam
2773 4254 2915 4306 dicet
2960 4252 3277 4307 necessaria:
3317 4249 3648 4310 mutationis,
3705 4248 3863 4315 cujus

2314 4341 2475 4395 verba
2499 4352 2656 4395 sunt:
2697 4341 2879 4394 Verum
2920 4344 3163 4411 quoniam
3214 4341 3330 4410 jam
3382 4350 3577 4407 tempus
3613 4349 3755 4407 urget
3790 4340 3860 4392 ad

2313 4449 2394 4496 ea,
2424 4448 2539 4500 qua:
2577 4432 2721 4486 nobis
2765 4444 3069 4500 argumento
3090 4434 3357 4502 proposita
3387 4437 3526 4493 sunt,
3554 4444 3670 4480 cum
3716 4431 3852 4497 auﬁ-

2313 4522 2475 4584 ciaut,
2506 4537 2623 4591 qua:
2648 4522 2702 4573 in
2735 4522 2951 4574 exordio
2993 4522 3060 4573 ad
3092 4522 3187 4574 Dei
3234 4521 3453 4590 gloriam
3480 4518 3856 4585 peroravimus,

2313 4629 2516 4682 (equum
2540 4625 2636 4678 est,
2662 4622 2717 4666 ut
2749 4614 3097 4683 aggredienles
3126 4614 3263 4682 ipsas
3294 4611 3496 4663 divinas
3523 4606 3854 4676 ’δαέρων-αι,

2310 4718 2374 4755 ea:
2399 4703 2504 4756 illis
2528 4704 2811 4770 videamus,
2855 4706 2969 4773 quis
3003 4714 3053 4757 et
3099 4703 3267 4771 qualis
3310 4696 3618 4751 Antichristi
3660 4697 3853 4751 adm-

2266 4810 2269 4813 ‘
2314 4803 2396 4846 tus
2421 4793 2551 4861 (90).
2581 4786 2718 4859 Quid
2757 4810 2901 4848 nunc
2924 4804 3007 4848 est
3030 4794 3285 4863 apertius,
3315 4805 3476 4858 quam
3513 4804 3620 4841 non
3664 4787 3730 4840 ad
3760 4802 3852 4839 ar-

2311 4891 2621 4951 gumentum
2660 4884 2943 4950 pertinere,
2972 4902 3089 4953 qua:
3106 4885 3170 4936 de
3194 4881 3409 4935 Christo
3439 4879 3683 4933 dixerat?
3710 4876 3851 4931 Nihil

2311 4986 2368 5024 se
2401 4970 2633 5038 proﬁteri
2680 4972 2991 5040 planissime
3040 4981 3287 5037 testatur,
3318 4982 3671 5040 praeterquam
3698 4966 3850 5019 Auti-

2309 5062 2495 5116 cliristi
2519 5061 3057 5125 demonstrationem.
3087 5062 3381 5121 Credamus
3424 5061 3632 5117 auctori
3673 5060 3849 5129 potius

2344 5238 2489 5361 “(852
2525 5238 2687 5293 Tituli
2718 5238 2774 5294 b.
2800 5239 2837 5293 ι.
2871 5239 3049 5294 collati
3072 5240 3319 5296 eumdem
3349 5239 3544 5293 librum
3568 5234 3849 5304 designare

2344 5325 2357 5361 ι
2398 5325 2461 5361 en
2492 5326 2573 5361 ur.

2308 5324 2573 5366 νιαθηιυτ.

661 5380 801 5458 libro
827 5378 1178 5458 dispunxerit
1210 5373 1417 5458 Hip'pol.
1450 5384 1507 5435 ln
1537 5382 1747 5436 duobus
1783 5398 1906 5458 vero
1954 5386 2105 5458 libris
2137 5401 2199 5439 ea

2320 5449 2333 5458 _
2353 5379 2483 5458 _(_86)
2516 5378 2783 5444 Galland.,
2808 5378 3059 5437 Biblioth.
3108 5380 3248 5446 PP.,
3277 5389 3409 5435 tom.
3460 5376 3526 5442 ll,
3554 5389 3677 5444 pag.
3714 5373 3839 5439 411,

661 5452 729 5511 de
757 5462 817 5523 re
846 5447 995 5523 illum
1026 5447 1343 5523 disseruisse
1374 5461 1520 5520 puto,
1545 5468 1666 5505 cum
1701 5467 1806 5506 non
1832 5454 2036 5523 legatur
2066 5457 2203 5509 ἁπο-

663 5516 882 5593 genus};
914 5516 1211 5593 impubem;
1227 5521 1351 5593 πξρὶ
1374 5516 1743 5593 χαρισμάτων,
1774 5525 1864 5577 sed
1882 5516 2005 5579 Vice
2028 5541 2200 5579 versa.

663 5532 882 5598 στολικῃ
914 5532 1202 5639 παῗαοοσις
1227 5532 1351 5589 περὶ
1378 5532 1743 5593 χαρισμάτων,
1774 5532 1864 5577 sed
1888 5532 2005 5579 vice
2028 5541 2200 5579 versa.

662 5587 1151 5667 Daquibusulbris
1197 5586 1357 5667 latius
1405 5603 1563 5667 atque
1604 5593 1785 5667 fusius
1812 5594 2050 5663 disputat
2082 5594 2202 5649 Ste-

660 5661 904 5731 phanus;
933 5657 1163 5711 aliorum
1192 5659 1429 5731 virorum
1460 5657 1741 5717 doctorum
1772 5664 1873 5718 hac
1898 5657 1972 5720 'de
1998 5680 2055 5721 re
2082 5680 2205 5720 sen-

663 5726 843 5805 tentiae
866 5728 1130 5805 leguntur
1146 5727 1313 5805 _a_pud
1328 5726 1699 5805 “Fabricium,
1731 5743 1859 5788 tom.
1896 5733 1937 5801 l,
1968 5735 2200 5805 pag.d83.

658 5795 1096 5874 Conﬂulfabricii
1136 5795 1277 5854 Bibl.
1322 5795 1487 5854 Gra'c.
1530 5805 1615 5857 ed.
1660 5795 2066 5874 Harless.,'\7ol:
2092 5803 2201 5871 νη,

640 5884 785 5954 pag.
809 5867 931 5925 19%.

2306 5449 2487 5590 “(78.7)
2514 5495 2765 5593 B'asnag.,
2802 5520 3086 5575 Animadv.
3128 5519 3191 5574 ad
3235 5515 3413 5575 tom.l
3446 5512 3699 5568 Thesauri
3743 5512 3845 5575 Ca-

2320 5593 2819 5735 mfééfzguiioapud
2848 5658 3057 5714 Fabric.
3088 5671 3218 5715 tom.
3244 5656 3273 5717 1,
3288 5656 3425 5731 Opp.
3453 5651 3513 5713 S.
3550 5652 3848 5735 Hippolyti,

2380 5747 2703 5867 ῗέξὶῖριιοιη
2735 5796 2981 5853 Bibliollt.
3012 5798 3130 5851 cod.
3165 5813 3289 5857 ceu.

2381 5805 2469 5867 (89
2521 5805 2703 5865 Phot.,
2735 5805 2981 5853 Bibliolli.
3012 5813 3084 5851 eo

2380 5805 2490 5940 (9οζ
2519 5868 2593 5927 De
2622 5870 2851 5926 Antichr.
2886 5884 3001 5939 cap.
3034 5884 3084 5921 γ.
