  <div class='ocr_page' id='page_1' title='image "/cluster/home/n/w/nwhite01/storage/ocr_20150623/10/pst.000005711901/156.png"; bbox 0 0 4104 6350; ppageno 0'>
   <div class='ocr_carea' id='block_1_1' title="bbox 178 460 279 517">
    <p class='ocr_par' dir='ltr' id='par_1_1' title="bbox 178 460 279 517">
     <span class='ocr_line' id='line_1_1' title="bbox 178 460 279 517; baseline 0 0"><span class='ocrx_word' id='word_1_1' title='bbox 178 460 279 517; x_wconf 74' lang='lat'><strong>239</strong></span> 
     </span>
    </p>
   </div>
   <div class='ocr_carea' id='block_1_2' title="bbox 1132 429 2391 528">
    <p class='ocr_par' dir='ltr' id='par_1_2' title="bbox 1132 429 2391 528">
     <span class='ocr_line' id='line_1_2' title="bbox 1132 429 2391 528; baseline -0.006 -16"><span class='ocrx_word' id='word_1_2' title='bbox 1132 459 1215 513; x_wconf 73' lang='lat' dir='ltr'><strong>ne</strong></span> <span class='ocrx_word' id='word_1_3' title='bbox 1254 452 1409 528; x_wconf 72' lang='lat' dir='ltr'><strong>VlTA</strong></span> <span class='ocrx_word' id='word_1_4' title='bbox 1448 456 1536 511; x_wconf 83' lang='lat' dir='ltr'><strong>ET</strong></span> <span class='ocrx_word' id='word_1_5' title='bbox 1579 454 1889 517; x_wconf 81' lang='lat' dir='ltr'><strong>SCRIPTIS</strong></span> <span class='ocrx_word' id='word_1_6' title='bbox 1923 453 1978 507; x_wconf 91' lang='lat' dir='ltr'><strong>s.</strong></span> <span class='ocrx_word' id='word_1_7' title='bbox 2015 429 2391 511; x_wconf 59' lang='lat' dir='ltr'><strong>innectit.</strong></span> 
     </span>
    </p>
   </div>
   <div class='ocr_carea' id='block_1_3' title="bbox 178 555 3372 648">
    <p class='ocr_par' dir='ltr' id='par_1_3' title="bbox 178 555 3372 648">
     <span class='ocr_line' id='line_1_3' title="bbox 178 555 3372 648; baseline -0.002 -18"><span class='ocrx_word' id='word_1_8' title='bbox 178 584 340 645; x_wconf 85' lang='lat' dir='ltr'><strong>quam</strong></span> <span class='ocrx_word' id='word_1_9' title='bbox 391 576 611 641; x_wconf 90' lang='lat' dir='ltr'><strong>Photio,</strong></span> <span class='ocrx_word' id='word_1_10' title='bbox 668 579 756 633; x_wconf 91' lang='lat' dir='ltr'><strong>cui</strong></span> <span class='ocrx_word' id='word_1_11' title='bbox 801 576 1143 633; x_wconf 78' lang='lat' dir='ltr'><strong>librariorum</strong></span> <span class='ocrx_word' id='word_1_12' title='bbox 1178 586 1367 648; x_wconf 89' lang='lat' dir='ltr'><strong>stupor</strong></span> <span class='ocrx_word' id='word_1_13' title='bbox 1399 576 1572 632; x_wconf 89' lang='lat' dir='ltr'><strong>fraudi</strong></span> <span class='ocrx_word' id='word_1_14' title='bbox 1602 576 1723 632; x_wconf 81' lang='lat' dir='ltr'><strong>fuit.</strong></span> <span class='ocrx_word' id='word_1_15' title='bbox 1755 589 1801 645; x_wconf 73' lang='grc' dir='ltr'><strong>Α</strong></span> <span class='ocrx_word' id='word_1_16' title='bbox 1830 575 1923 644; x_wconf 85' lang='lat' dir='ltr'><strong>qui</strong></span> <span class='ocrx_word' id='word_1_17' title='bbox 1954 589 2075 644; x_wconf 66' lang='lat' dir='ltr'><strong>quae</strong></span> <span class='ocrx_word' id='word_1_18' title='bbox 2113 574 2381 645; x_wconf 81' lang='lat' dir='ltr'><strong>ignorant,</strong></span> <span class='ocrx_word' id='word_1_19' title='bbox 2400 555 2806 643; x_wconf 14' lang='lat' dir='ltr'><strong>’blasphemau‘t,</strong></span> <span class='ocrx_word' id='word_1_20' title='bbox 2857 568 2948 624; x_wconf 86' lang='lat' dir='ltr'><strong>sed</strong></span> <span class='ocrx_word' id='word_1_21' title='bbox 2972 582 3095 623; x_wconf 89' lang='lat' dir='ltr'><strong>cum</strong></span> <span class='ocrx_word' id='word_1_22' title='bbox 3120 566 3372 631; x_wconf 78' lang='lat' dir='ltr'><strong>fidelibus</strong></span> 
     </span>
    </p>
   </div>
   <div class='ocr_carea' id='block_1_4' title="bbox 178 665 1734 739">
    <p class='ocr_par' dir='ltr' id='par_1_4' title="bbox 178 665 1734 739">
     <span class='ocr_line' id='line_1_4' title="bbox 178 665 1734 739; baseline -0.001 -18"><span class='ocrx_word' id='word_1_23' title='bbox 178 665 346 721; x_wconf 86' lang='lat' dir='ltr'><strong>Error</strong></span> <span class='ocrx_word' id='word_1_24' title='bbox 369 668 423 721; x_wconf 92' lang='lat' dir='ltr'><strong>in</strong></span> <span class='ocrx_word' id='word_1_25' title='bbox 453 667 553 723; x_wconf 91' lang='lat' dir='ltr'><strong>hac</strong></span> <span class='ocrx_word' id='word_1_26' title='bbox 582 669 858 739; x_wconf 76' lang='grc' dir='ltr'><strong>ἐπιγραφῇ</strong></span> <span class='ocrx_word' id='word_1_27' title='bbox 891 669 1164 737; x_wconf 81' lang='lat' dir='ltr'><strong>antiquior</strong></span> <span class='ocrx_word' id='word_1_28' title='bbox 1194 679 1278 722; x_wconf 90' lang='lat' dir='ltr'><strong>est</strong></span> <span class='ocrx_word' id='word_1_29' title='bbox 1298 668 1620 738; x_wconf 71' lang='lat' dir='ltr'><strong>octingentis</strong></span> <span class='ocrx_word' id='word_1_30' title='bbox 1640 682 1734 722; x_wconf 91' lang='lat' dir='ltr'><strong>an-</strong></span> 
     </span>
    </p>
   </div>
   <div class='ocr_carea' id='block_1_5' title="bbox 175 755 1733 813">
    <p class='ocr_par' dir='ltr' id='par_1_5' title="bbox 175 755 1733 813">
     <span class='ocr_line' id='line_1_5' title="bbox 175 755 1733 813; baseline -0.001 -3"><span class='ocrx_word' id='word_1_31' title='bbox 175 757 287 812; x_wconf 87' lang='lat' dir='ltr'><strong>nis.</strong></span> <span class='ocrx_word' id='word_1_32' title='bbox 320 755 422 811; x_wconf 78' lang='lat' dir='ltr'><strong>Sed</strong></span> <span class='ocrx_word' id='word_1_33' title='bbox 445 758 650 812; x_wconf 90' lang='lat' dir='ltr'><strong>erroris</strong></span> <span class='ocrx_word' id='word_1_34' title='bbox 686 766 950 811; x_wconf 86' lang='lat' dir='ltr'><strong>vetustate</strong></span> <span class='ocrx_word' id='word_1_35' title='bbox 984 774 1088 810; x_wconf 93' lang='lat' dir='ltr'><strong>non</strong></span> <span class='ocrx_word' id='word_1_36' title='bbox 1115 773 1413 813; x_wconf 90' lang='lat' dir='ltr'><strong>movemur.</strong></span> <span class='ocrx_word' id='word_1_37' title='bbox 1430 755 1565 810; x_wconf 83' lang='lat' dir='ltr'><strong>Nam</strong></span> <span class='ocrx_word' id='word_1_38' title='bbox 1589 755 1733 809; x_wconf 79' lang='lat' dir='ltr'><strong>Pho-</strong></span> 
     </span>
    </p>
   </div>
   <div class='ocr_carea' id='block_1_6' title="bbox 179 848 1733 919">
    <p class='ocr_par' dir='ltr' id='par_1_6' title="bbox 179 848 1733 919">
     <span class='ocr_line' id='line_1_6' title="bbox 179 848 1733 919; baseline -0.001 -16"><span class='ocrx_word' id='word_1_39' title='bbox 179 850 262 903; x_wconf 87' lang='lat' dir='ltr'><strong>tio</strong></span> <span class='ocrx_word' id='word_1_40' title='bbox 289 857 477 903; x_wconf 82' lang='lat' dir='ltr'><strong>testem</strong></span> <span class='ocrx_word' id='word_1_41' title='bbox 510 849 614 903; x_wconf 73' lang='lat' dir='ltr'><strong>fide</strong></span> <span class='ocrx_word' id='word_1_42' title='bbox 643 858 804 919; x_wconf 89' lang='lat' dir='ltr'><strong>atque</strong></span> <span class='ocrx_word' id='word_1_43' title='bbox 828 858 981 903; x_wconf 57' lang='lat' dir='ltr'><strong>aetate</strong></span> <span class='ocrx_word' id='word_1_44' title='bbox 1013 848 1170 917; x_wconf 84' lang='lat' dir='ltr'><strong>longe</strong></span> <span class='ocrx_word' id='word_1_45' title='bbox 1202 849 1536 917; x_wconf 84' lang='lat' dir='ltr'><strong>superiorem</strong></span> <span class='ocrx_word' id='word_1_46' title='bbox 1563 862 1733 917; x_wconf 85' lang='lat' dir='ltr'><strong>oppo-</strong></span> 
     </span>
    </p>
   </div>
   <div class='ocr_carea' id='block_1_7' title="bbox 178 938 1734 1018">
    <p class='ocr_par' dir='ltr' id='par_1_7' title="bbox 178 938 1734 1010">
     <span class='ocr_line' id='line_1_7' title="bbox 178 938 1734 1010; baseline -0.001 -16"><span class='ocrx_word' id='word_1_47' title='bbox 178 942 368 995; x_wconf 78' lang='lat' dir='ltr'><strong>nimus</strong></span> <span class='ocrx_word' id='word_1_48' title='bbox 416 938 801 1010; x_wconf 76' lang='lat' dir='ltr'><strong>Hieronymum</strong></span> <span class='ocrx_word' id='word_1_49' title='bbox 830 980 845 1006; x_wconf 95' lang='lat'><strong>,</strong></span> <span class='ocrx_word' id='word_1_50' title='bbox 892 940 1070 1010; x_wconf 82' lang='lat' dir='ltr'><strong>cujus</strong></span> <span class='ocrx_word' id='word_1_51' title='bbox 1126 942 1500 997; x_wconf 82' lang='lat' dir='ltr'><strong>auctoritatem</strong></span> <span class='ocrx_word' id='word_1_52' title='bbox 1555 939 1734 1010; x_wconf 91' lang='lat' dir='ltr'><strong>magni</strong></span> 
     </span>
    </p>
   </div>
   <div class='ocr_carea' id='block_1_8' title="bbox 178 1021 1734 1107">
    <p class='ocr_par' dir='ltr' id='par_1_8' title="bbox 178 1021 1734 1107">
     <span class='ocr_line' id='line_1_8' title="bbox 178 1021 1734 1107; baseline 0.001 -20"><span class='ocrx_word' id='word_1_53' title='bbox 178 1047 398 1102; x_wconf 83' lang='lat' dir='ltr'><strong>semper</strong></span> <span class='ocrx_word' id='word_1_54' title='bbox 428 1033 589 1088; x_wconf 88' lang='lat' dir='ltr'><strong>facio.</strong></span> <span class='ocrx_word' id='word_1_55' title='bbox 624 1032 714 1087; x_wconf 91' lang='lat' dir='ltr'><strong>Ille</strong></span> <span class='ocrx_word' id='word_1_56' title='bbox 744 1043 921 1087; x_wconf 84' lang='lat' dir='ltr'><strong>autem</strong></span> <span class='ocrx_word' id='word_1_57' title='bbox 956 1034 1193 1088; x_wconf 83' lang='lat' dir='ltr'><strong>laudavit</strong></span> <span class='ocrx_word' id='word_1_58' title='bbox 1220 1021 1423 1107; x_wconf 60' lang='lat' dir='ltr'><strong>uniti);</strong></span> <span class='ocrx_word' id='word_1_59' title='bbox 1459 1050 1734 1091; x_wconf 89' lang='lat' dir='ltr'><strong>commen-</strong></span> 
     </span>
    </p>
   </div>
   <div class='ocr_carea' id='block_1_9' title="bbox 181 1125 1732 1198">
    <p class='ocr_par' dir='ltr' id='par_1_9' title="bbox 181 1125 1732 1198">
     <span class='ocr_line' id='line_1_9' title="bbox 181 1125 1732 1198; baseline 0.003 -20"><span class='ocrx_word' id='word_1_60' title='bbox 181 1126 443 1181; x_wconf 82' lang='lat' dir='ltr'><strong>tationem</strong></span> <span class='ocrx_word' id='word_1_61' title='bbox 476 1125 542 1180; x_wconf 90' lang='lat' dir='ltr'><strong>de</strong></span> <span class='ocrx_word' id='word_1_62' title='bbox 570 1126 918 1182; x_wconf 80' lang='lat' dir='ltr'><strong>Antichristo.</strong></span> <span class='ocrx_word' id='word_1_63' title='bbox 954 1126 1065 1182; x_wconf 87' lang='lat' dir='ltr'><strong>Hoc</strong></span> <span class='ocrx_word' id='word_1_64' title='bbox 1084 1128 1141 1179; x_wconf 83' lang='grc' dir='ltr'>ἐν</span> <span class='ocrx_word' id='word_1_65' title='bbox 1168 1127 1378 1198; x_wconf 84' lang='grc' dir='ltr'><strong>παρόδῳ</strong></span> <span class='ocrx_word' id='word_1_66' title='bbox 1408 1128 1732 1182; x_wconf 87' lang='lat' dir='ltr'><strong>monendum</strong></span> 
     </span>
    </p>
   </div>
   <div class='ocr_carea' id='block_1_10' title="bbox 166 1216 1733 1292">
    <p class='ocr_par' dir='ltr' id='par_1_10' title="bbox 166 1216 1733 1292">
     <span class='ocr_line' id='line_1_10' title="bbox 166 1216 1733 1292; baseline -0.001 -19"><span class='ocrx_word' id='word_1_67' title='bbox 166 1216 303 1292; x_wconf 63' lang='lat' dir='ltr'><strong>fuit,</strong></span> <span class='ocrx_word' id='word_1_68' title='bbox 338 1232 407 1270; x_wconf 89' lang='lat' dir='ltr'><strong>ne</strong></span> <span class='ocrx_word' id='word_1_69' title='bbox 434 1218 560 1286; x_wconf 88' lang='lat' dir='ltr'><strong>quis</strong></span> <span class='ocrx_word' id='word_1_70' title='bbox 597 1232 695 1271; x_wconf 88' lang='lat' dir='ltr'><strong>nos</strong></span> <span class='ocrx_word' id='word_1_71' title='bbox 718 1218 940 1287; x_wconf 84' lang='lat' dir='ltr'><strong>juvenili</strong></span> <span class='ocrx_word' id='word_1_72' title='bbox 970 1219 1269 1273; x_wconf 85' lang='lat' dir='ltr'><strong>temeritate</strong></span> <span class='ocrx_word' id='word_1_73' title='bbox 1294 1221 1346 1272; x_wconf 90' lang='lat' dir='ltr'><strong>in</strong></span> <span class='ocrx_word' id='word_1_74' title='bbox 1375 1219 1542 1273; x_wconf 92' lang='lat' dir='ltr'><strong>libros</strong></span> <span class='ocrx_word' id='word_1_75' title='bbox 1568 1235 1733 1272; x_wconf 92' lang='lat' dir='ltr'><strong>manu</strong></span> 
     </span>
    </p>
   </div>
   <div class='ocr_carea' id='block_1_11' title="bbox 176 1308 1731 1379">
    <p class='ocr_par' dir='ltr' id='par_1_11' title="bbox 176 1308 1731 1379">
     <span class='ocr_line' id='line_1_11' title="bbox 176 1308 1731 1379; baseline 0.001 -18"><span class='ocrx_word' id='word_1_76' title='bbox 176 1316 435 1363; x_wconf 74' lang='lat' dir='ltr'><strong>exaratos</strong></span> <span class='ocrx_word' id='word_1_77' title='bbox 469 1308 703 1378; x_wconf 87' lang='lat' dir='ltr'><strong>grassari</strong></span> <span class='ocrx_word' id='word_1_78' title='bbox 725 1310 1108 1379; x_wconf 65' lang='lat' dir='ltr'><strong>suSpicaretur.</strong></span> <span class='ocrx_word' id='word_1_79' title='bbox 1146 1329 1166 1362; x_wconf 69' lang='grc' dir='ltr'><strong><em>ι</em></strong></span> <span class='ocrx_word' id='word_1_80' title='bbox 1195 1308 1467 1378; x_wconf 84' lang='lat' dir='ltr'><strong>Hactenus</strong></span> <span class='ocrx_word' id='word_1_81' title='bbox 1494 1308 1731 1364; x_wconf 85' lang='lat' dir='ltr'><strong>Gudius:</strong></span> 
     </span>
    </p>
   </div>
   <div class='ocr_carea' id='block_1_12' title="bbox 178 1388 1736 1471">
    <p class='ocr_par' dir='ltr' id='par_1_12' title="bbox 178 1388 1736 1471">
     <span class='ocr_line' id='line_1_12' title="bbox 178 1388 1736 1471; baseline -0.001 -16"><span class='ocrx_word' id='word_1_82' title='bbox 178 1399 340 1469; x_wconf 83' lang='lat' dir='ltr'><strong>cujus</strong></span> <span class='ocrx_word' id='word_1_83' title='bbox 372 1409 553 1455; x_wconf 87' lang='lat' dir='ltr'><strong>tamen</strong></span> <span class='ocrx_word' id='word_1_84' title='bbox 608 1403 873 1457; x_wconf 82' lang='lat' dir='ltr'><strong>sententia</strong></span> <span class='ocrx_word' id='word_1_85' title='bbox 920 1400 1099 1456; x_wconf 91' lang='lat' dir='ltr'><strong>minus</strong></span> <span class='ocrx_word' id='word_1_86' title='bbox 1155 1402 1412 1471; x_wconf 76' lang='lat' dir='ltr'><strong>probatur</strong></span> <span class='ocrx_word' id='word_1_87' title='bbox 1468 1388 1736 1456; x_wconf 45' lang='lat' dir='ltr'><strong>Combeti‘a</strong></span> 
     </span>
    </p>
   </div>
   <div class='ocr_carea' id='block_1_13' title="bbox 179 1491 1737 1563">
    <p class='ocr_par' dir='ltr' id='par_1_13' title="bbox 179 1491 1737 1563">
     <span class='ocr_line' id='line_1_13' title="bbox 179 1491 1737 1563; baseline 0 -18"><span class='ocrx_word' id='word_1_88' title='bbox 179 1491 266 1547; x_wconf 89' lang='lat' dir='ltr'><strong>sio</strong></span> <span class='ocrx_word' id='word_1_89' title='bbox 290 1492 439 1561; x_wconf 79' lang='lat' dir='ltr'><strong>(9i);</strong></span> <span class='ocrx_word' id='word_1_90' title='bbox 472 1508 705 1562; x_wconf 88' lang='lat' dir='ltr'><strong>eumque</strong></span> <span class='ocrx_word' id='word_1_91' title='bbox 730 1493 953 1563; x_wconf 86' lang='lat' dir='ltr'><strong>proinde</strong></span> <span class='ocrx_word' id='word_1_92' title='bbox 978 1508 1100 1548; x_wconf 91' lang='lat' dir='ltr'><strong>cum</strong></span> <span class='ocrx_word' id='word_1_93' title='bbox 1127 1492 1376 1548; x_wconf 85' lang='lat' dir='ltr'><strong>Fabricio</strong></span> <span class='ocrx_word' id='word_1_94' title='bbox 1404 1491 1515 1563; x_wconf 70' lang='lat'><strong>(92)</strong></span> <span class='ocrx_word' id='word_1_95' title='bbox 1537 1502 1591 1547; x_wconf 90' lang='lat' dir='ltr'><strong>et</strong></span> <span class='ocrx_word' id='word_1_96' title='bbox 1609 1492 1737 1547; x_wconf 84' lang='lat' dir='ltr'><strong>Gal-</strong></span> 
     </span>
    </p>
   </div>
   <div class='ocr_carea' id='block_1_14' title="bbox 180 1581 1732 1653">
    <p class='ocr_par' dir='ltr' id='par_1_14' title="bbox 180 1581 1732 1653">
     <span class='ocr_line' id='line_1_14' title="bbox 180 1581 1732 1653; baseline 0.001 -19"><span class='ocrx_word' id='word_1_97' title='bbox 180 1582 367 1636; x_wconf 90' lang='lat' dir='ltr'><strong>landio</strong></span> <span class='ocrx_word' id='word_1_98' title='bbox 402 1582 517 1651; x_wconf 77' lang='lat'><strong>(93)</strong></span> <span class='ocrx_word' id='word_1_99' title='bbox 548 1598 647 1637; x_wconf 91' lang='lat' dir='ltr'><strong>nos</strong></span> <span class='ocrx_word' id='word_1_100' title='bbox 672 1600 886 1653; x_wconf 90' lang='lat' dir='ltr'><strong>quoque</strong></span> <span class='ocrx_word' id='word_1_101' title='bbox 920 1596 1275 1639; x_wconf 85' lang='lat' dir='ltr'><strong>assectamur.</strong></span> <span class='ocrx_word' id='word_1_102' title='bbox 1315 1581 1542 1638; x_wconf 82' lang='lat' dir='ltr'><strong>Notante</strong></span> <span class='ocrx_word' id='word_1_103' title='bbox 1589 1585 1732 1637; x_wconf 90' lang='lat' dir='ltr'><strong>enim</strong></span> 
     </span>
    </p>
   </div>
   <div class='ocr_carea' id='block_1_15' title="bbox 182 1672 1733 1747">
    <p class='ocr_par' dir='ltr' id='par_1_15' title="bbox 182 1672 1733 1747">
     <span class='ocr_line' id='line_1_15' title="bbox 182 1672 1733 1747; baseline 0.002 -19"><span class='ocrx_word' id='word_1_104' title='bbox 182 1672 533 1740; x_wconf 81' lang='lat' dir='ltr'><strong>Combelisio,</strong></span> <span class='ocrx_word' id='word_1_105' title='bbox 557 1690 679 1730; x_wconf 90' lang='lat' dir='ltr'><strong>cum</strong></span> <span class='ocrx_word' id='word_1_106' title='bbox 704 1691 762 1729; x_wconf 88' lang='lat' dir='ltr'><strong>se</strong></span> <span class='ocrx_word' id='word_1_107' title='bbox 784 1674 1102 1747; x_wconf 84' lang='lat' dir='ltr'><strong>Hippolytus</strong></span> <span class='ocrx_word' id='word_1_108' title='bbox 1136 1676 1410 1731; x_wconf 86' lang='lat' dir='ltr'><strong>dicturum</strong></span> <span class='ocrx_word' id='word_1_109' title='bbox 1431 1676 1733 1746; x_wconf 85' lang='lat' dir='ltr'><strong>pollicetur,</strong></span> 
     </span>
    </p>
   </div>
   <div class='ocr_carea' id='block_1_16' title="bbox 183 1764 1738 1834">
    <p class='ocr_par' dir='ltr' id='par_1_16' title="bbox 183 1764 1738 1834">
     <span class='ocr_line' id='line_1_16' title="bbox 183 1764 1738 1834; baseline 0.001 -15"><span class='ocrx_word' id='word_1_110' title='bbox 183 1765 250 1821; x_wconf 84' lang='lat' dir='ltr'><strong>de</strong></span> <span class='ocrx_word' id='word_1_111' title='bbox 275 1765 569 1819; x_wconf 87' lang='lat' dir='ltr'><strong>revelando</strong></span> <span class='ocrx_word' id='word_1_112' title='bbox 597 1764 797 1821; x_wconf 85' lang='lat' dir='ltr'><strong>Christi</strong></span> <span class='ocrx_word' id='word_1_113' title='bbox 824 1766 1053 1821; x_wconf 83' lang='lat' dir='ltr'><strong>adventu</strong></span> <span class='ocrx_word' id='word_1_114' title='bbox 1072 1807 1086 1831; x_wconf 90' lang='lat'><strong>,</strong></span> <span class='ocrx_word' id='word_1_115' title='bbox 1121 1767 1190 1822; x_wconf 86' lang='lat' dir='ltr'><strong>de</strong></span> <span class='ocrx_word' id='word_1_116' title='bbox 1212 1767 1349 1822; x_wconf 77' lang='lat' dir='ltr'><strong>ctelo</strong></span> <span class='ocrx_word' id='word_1_117' title='bbox 1368 1808 1384 1834; x_wconf 95' lang='lat'><strong>,</strong></span> <span class='ocrx_word' id='word_1_118' title='bbox 1434 1767 1501 1822; x_wconf 86' lang='lat' dir='ltr'><strong>de</strong></span> <span class='ocrx_word' id='word_1_119' title='bbox 1532 1775 1738 1822; x_wconf 81' lang='lat' dir='ltr'><strong>sancto-</strong></span> 
     </span>
    </p>
   </div>
   <div class='ocr_carea' id='block_1_17' title="bbox 188 1850 1737 1928">
    <p class='ocr_par' dir='ltr' id='par_1_17' title="bbox 188 1850 1737 1928">
     <span class='ocr_line' id='line_1_17' title="bbox 188 1850 1737 1928; baseline 0.002 -18"><span class='ocrx_word' id='word_1_120' title='bbox 188 1854 463 1911; x_wconf 33' lang='lat' dir='ltr'><strong>rum‘cum</strong></span> <span class='ocrx_word' id='word_1_121' title='bbox 499 1855 721 1911; x_wconf 88' lang='lat' dir='ltr'><strong>Christo</strong></span> <span class='ocrx_word' id='word_1_122' title='bbox 754 1872 953 1927; x_wconf 84' lang='lat' dir='ltr'><strong>regno,</strong></span> <span class='ocrx_word' id='word_1_123' title='bbox 990 1850 1222 1928; x_wconf 86' lang='lat' dir='ltr'><strong>cumque</strong></span> <span class='ocrx_word' id='word_1_124' title='bbox 1267 1866 1380 1913; x_wconf 90' lang='lat' dir='ltr'><strong>tota</strong></span> <span class='ocrx_word' id='word_1_125' title='bbox 1419 1860 1737 1913; x_wconf 81' lang='lat' dir='ltr'><strong>tractatione</strong></span> 
     </span>
    </p>
   </div>
   <div class='ocr_carea' id='block_1_18' title="bbox 1837 656 3442 730">
    <p class='ocr_par' dir='ltr' id='par_1_18' title="bbox 1837 656 3442 730">
     <span class='ocr_line' id='line_1_18' title="bbox 1837 656 3442 730; baseline -0.002 -14"><span class='ocrx_word' id='word_1_126' title='bbox 1837 664 1893 717; x_wconf 90' lang='lat' dir='ltr'><strong>in</strong></span> <span class='ocrx_word' id='word_1_127' title='bbox 1949 664 2257 729; x_wconf 76' lang='lat' dir='ltr'><strong>sanctitate,</strong></span> <span class='ocrx_word' id='word_1_128' title='bbox 2312 662 2519 730; x_wconf 77' lang='lat' dir='ltr'><strong>iustitia</strong></span> <span class='ocrx_word' id='word_1_129' title='bbox 2564 671 2619 717; x_wconf 89' lang='lat' dir='ltr'><strong>et</strong></span> <span class='ocrx_word' id='word_1_130' title='bbox 2663 664 2859 721; x_wconf 88' lang='lat' dir='ltr'><strong>timore</strong></span> <span class='ocrx_word' id='word_1_131' title='bbox 2917 658 3013 712; x_wconf 85' lang='lat' dir='ltr'><strong>Dei</strong></span> <span class='ocrx_word' id='word_1_132' title='bbox 3052 656 3377 723; x_wconf 72' lang='lat' dir='ltr'><strong>viventibus,</strong></span> <span class='ocrx_word' id='word_1_133' title='bbox 3437 715 3442 719; x_wconf 29' lang='grc' dir='ltr'><strong>λ</strong></span> 
     </span>
    </p>
   </div>
   <div class='ocr_carea' id='block_1_19' title="bbox 1833 747 3376 824">
    <p class='ocr_par' dir='ltr' id='par_1_19' title="bbox 1833 747 3376 824">
     <span class='ocr_line' id='line_1_19' title="bbox 1833 747 3376 824; baseline -0.003 -16"><span class='ocrx_word' id='word_1_134' title='bbox 1833 753 2196 810; x_wconf 87' lang='lat' dir='ltr'><strong>communicet</strong></span> <span class='ocrx_word' id='word_1_135' title='bbox 2231 748 2362 824; x_wconf 84' lang='lat'><strong>(95).</strong></span> <span class='ocrx_word' id='word_1_136' title='bbox 2392 753 2692 821; x_wconf 82' lang='lat' dir='ltr'><strong>Antequam</strong></span> <span class='ocrx_word' id='word_1_137' title='bbox 2718 764 2844 805; x_wconf 89' lang='lat' dir='ltr'><strong>vero</strong></span> <span class='ocrx_word' id='word_1_138' title='bbox 2876 749 2943 805; x_wconf 75' lang='lat' dir='ltr'><strong>ad</strong></span> <span class='ocrx_word' id='word_1_139' title='bbox 2977 747 3376 812; x_wconf 58' lang='lat' dir='ltr'><strong>tractatum&#39;De</strong></span> 
     </span>
    </p>
   </div>
   <div class='ocr_carea' id='block_1_20' title="bbox 1833 835 3381 910">
    <p class='ocr_par' dir='ltr' id='par_1_20' title="bbox 1833 835 3381 910">
     <span class='ocr_line' id='line_1_20' title="bbox 1833 835 3381 910; baseline -0.003 -15"><span class='ocrx_word' id='word_1_140' title='bbox 1833 842 2154 895; x_wconf 81' lang='lat' dir='ltr'><strong>Antichristo</strong></span> <span class='ocrx_word' id='word_1_141' title='bbox 2186 849 2375 908; x_wconf 87' lang='lat' dir='ltr'><strong>pergat</strong></span> <span class='ocrx_word' id='word_1_142' title='bbox 2411 837 2470 893; x_wconf 92' lang='lat' dir='ltr'><strong>S.</strong></span> <span class='ocrx_word' id='word_1_143' title='bbox 2502 837 2849 910; x_wconf 85' lang='lat' dir='ltr'><strong>Hippolytus‘,</strong></span> <span class='ocrx_word' id='word_1_144' title='bbox 2872 836 3022 906; x_wconf 86' lang='lat' dir='ltr'><strong>prius</strong></span> <span class='ocrx_word' id='word_1_145' title='bbox 3064 836 3199 891; x_wconf 88' lang='lat' dir='ltr'><strong>duas</strong></span> <span class='ocrx_word' id='word_1_146' title='bbox 3244 835 3381 891; x_wconf 80' lang='lat' dir='ltr'><strong>alias</strong></span> 
     </span>
    </p>
   </div>
   <div class='ocr_carea' id='block_1_21' title="bbox 1832 925 3380 1001">
    <p class='ocr_par' dir='ltr' id='par_1_21' title="bbox 1832 925 3380 1001">
     <span class='ocr_line' id='line_1_21' title="bbox 1832 925 3380 1001; baseline -0.003 -17"><span class='ocrx_word' id='word_1_147' title='bbox 1832 930 2156 1001; x_wconf 82' lang='lat' dir='ltr'><strong>quaestiones</strong></span> <span class='ocrx_word' id='word_1_148' title='bbox 2206 927 2313 991; x_wconf 80' lang='lat' dir='ltr'><strong>sibi</strong></span> <span class='ocrx_word' id='word_1_149' title='bbox 2352 928 2636 981; x_wconf 84' lang='lat' dir='ltr'><strong>solvendas</strong></span> <span class='ocrx_word' id='word_1_150' title='bbox 2685 927 2963 996; x_wconf 86' lang='lat' dir='ltr'><strong>proponit:</strong></span> <span class='ocrx_word' id='word_1_151' title='bbox 2994 925 3200 981; x_wconf 89' lang='lat' dir='ltr'><strong>scilicet</strong></span> <span class='ocrx_word' id='word_1_152' title='bbox 3242 941 3380 995; x_wconf 79' lang='lat' dir='ltr'><strong>quo-</strong></span> 
     </span>
    </p>
   </div>
   <div class='ocr_carea' id='block_1_22' title="bbox 1833 1004 3382 1090">
    <p class='ocr_par' dir='ltr' id='par_1_22' title="bbox 1833 1004 3382 1090">
     <span class='ocr_line' id='line_1_22' title="bbox 1833 1004 3382 1090; baseline -0.005 -13"><span class='ocrx_word' id='word_1_153' title='bbox 1833 1022 1993 1077; x_wconf 84' lang='lat' dir='ltr'><strong>modo</strong></span> <span class='ocrx_word' id='word_1_154' title='bbox 2025 1020 2118 1074; x_wconf 86' lang='lat' dir='ltr'><strong>Dei</strong></span> <span class='ocrx_word' id='word_1_155' title='bbox 2147 1016 2382 1072; x_wconf 77' lang='lat' dir='ltr'><strong>Verbum</strong></span> <span class='ocrx_word' id='word_1_156' title='bbox 2410 1027 2536 1090; x_wconf 85' lang='lat' dir='ltr'><strong>ante</strong></span> <span class='ocrx_word' id='word_1_157' title='bbox 2567 1004 2987 1072; x_wconf 83' lang='lat' dir='ltr'><strong>incarnationem</strong></span> <span class='ocrx_word' id='word_1_158' title='bbox 3016 1031 3075 1070; x_wconf 87' lang='lat' dir='ltr'><strong>se</strong></span> <span class='ocrx_word' id='word_1_159' title='bbox 3107 1015 3382 1085; x_wconf 87' lang='lat' dir='ltr'><strong>prophetis</strong></span> 
     </span>
    </p>
   </div>
   <div class='ocr_carea' id='block_1_23' title="bbox 1833 1106 3384 1180">
    <p class='ocr_par' dir='ltr' id='par_1_23' title="bbox 1833 1106 3384 1180">
     <span class='ocr_line' id='line_1_23' title="bbox 1833 1106 3384 1180; baseline -0.005 -11"><span class='ocrx_word' id='word_1_160' title='bbox 1833 1113 2302 1169; x_wconf 87' lang='lat' dir='ltr'><strong>manifestaverit?</strong></span> <span class='ocrx_word' id='word_1_161' title='bbox 2333 1120 2387 1165; x_wconf 89' lang='lat' dir='ltr'><strong>et</strong></span> <span class='ocrx_word' id='word_1_162' title='bbox 2418 1111 2540 1164; x_wconf 91' lang='lat' dir='ltr'><strong>dein</strong></span> <span class='ocrx_word' id='word_1_163' title='bbox 2565 1110 2839 1180; x_wconf 66' lang='lat' dir='ltr'><strong>Quomodo</strong></span> <span class='ocrx_word' id='word_1_164' title='bbox 2865 1110 3004 1162; x_wconf 91' lang='lat' dir='ltr'><strong>idem</strong></span> <span class='ocrx_word' id='word_1_165' title='bbox 3028 1107 3260 1162; x_wconf 85' lang='lat' dir='ltr'><strong>Verbum</strong></span> <span class='ocrx_word' id='word_1_166' title='bbox 3286 1106 3384 1162; x_wconf 82' lang='lat' dir='ltr'><strong>Dei</strong></span> 
     </span>
    </p>
   </div>
   <div class='ocr_carea' id='block_1_24' title="bbox 1832 1195 3415 1274">
    <p class='ocr_par' dir='ltr' id='par_1_24' title="bbox 1832 1195 3415 1274">
     <span class='ocr_line' id='line_1_24' title="bbox 1832 1195 3415 1274; baseline -0.003 -17"><span class='ocrx_word' id='word_1_167' title='bbox 1832 1219 1930 1274; x_wconf 87' lang='lat' dir='ltr'><strong>per</strong></span> <span class='ocrx_word' id='word_1_168' title='bbox 1952 1202 2374 1257; x_wconf 83' lang='lat' dir='ltr'><strong>incarnationem</strong></span> <span class='ocrx_word' id='word_1_169' title='bbox 2409 1199 2610 1253; x_wconf 90' lang='lat' dir='ltr'><strong>factum</strong></span> <span class='ocrx_word' id='word_1_170' title='bbox 2652 1199 2725 1253; x_wconf 87' lang='lat' dir='ltr'><strong>sit</strong></span> <span class='ocrx_word' id='word_1_171' title='bbox 2756 1212 2942 1252; x_wconf 83' lang='lat' dir='ltr'><strong>servus</strong></span> <span class='ocrx_word' id='word_1_172' title='bbox 2977 1196 3113 1251; x_wconf 85' lang='lat' dir='ltr'><strong>Dei?</strong></span> <span class='ocrx_word' id='word_1_173' title='bbox 3143 1195 3381 1252; x_wconf 89' lang='lat' dir='ltr'><strong>Primam</strong></span> <span class='ocrx_word' id='word_1_174' title='bbox 3412 1266 3415 1267; x_wconf 79' lang='lat'><strong>7</strong></span> 
     </span>
    </p>
   </div>
   <div class='ocr_carea' id='block_1_25' title="bbox 1834 1278 3385 1366">
    <p class='ocr_par' dir='ltr' id='par_1_25' title="bbox 1834 1278 3385 1366">
     <span class='ocr_line' id='line_1_25' title="bbox 1834 1278 3385 1366; baseline -0.005 -17"><span class='ocrx_word' id='word_1_175' title='bbox 1834 1296 2183 1366; x_wconf 60' lang='lat' dir='ltr'><strong>quaestionem</strong></span> <span class='ocrx_word' id='word_1_176' title='bbox 2223 1278 2383 1349; x_wconf 79' lang='lat' dir='ltr'><strong>solvit</strong></span> <span class='ocrx_word' id='word_1_177' title='bbox 2409 1280 2589 1347; x_wconf 88' lang='lat' dir='ltr'><strong>ducta</strong></span> <span class='ocrx_word' id='word_1_178' title='bbox 2648 1292 3050 1361; x_wconf 89' lang='lat' dir='ltr'><strong>comparatione</strong></span> <span class='ocrx_word' id='word_1_179' title='bbox 3082 1289 3151 1342; x_wconf 89' lang='lat' dir='ltr'><strong>ab</strong></span> <span class='ocrx_word' id='word_1_180' title='bbox 3186 1290 3385 1344; x_wconf 80' lang='lat' dir='ltr'><strong>instru-</strong></span> 
     </span>
    </p>
   </div>
   <div class='ocr_carea' id='block_1_26' title="bbox 1834 1380 3387 1453">
    <p class='ocr_par' dir='ltr' id='par_1_26' title="bbox 1834 1380 3387 1453">
     <span class='ocr_line' id='line_1_26' title="bbox 1834 1380 3387 1453; baseline -0.005 -12"><span class='ocrx_word' id='word_1_181' title='bbox 1834 1397 2018 1442; x_wconf 90' lang='lat' dir='ltr'><strong>mento</strong></span> <span class='ocrx_word' id='word_1_182' title='bbox 2044 1387 2273 1451; x_wconf 90' lang='lat' dir='ltr'><strong>musico,</strong></span> <span class='ocrx_word' id='word_1_183' title='bbox 2303 1386 2486 1453; x_wconf 86' lang='lat' dir='ltr'><strong>aitque</strong></span> <span class='ocrx_word' id='word_1_184' title='bbox 2510 1381 2797 1451; x_wconf 85' lang='lat' dir='ltr'><strong>prophetas</strong></span> <span class='ocrx_word' id='word_1_185' title='bbox 2819 1396 2940 1436; x_wconf 89' lang='lat' dir='ltr'><strong>esse</strong></span> <span class='ocrx_word' id='word_1_186' title='bbox 2969 1383 3139 1435; x_wconf 89' lang='lat' dir='ltr'><strong>instar</strong></span> <span class='ocrx_word' id='word_1_187' title='bbox 3156 1380 3387 1443; x_wconf 85' lang='lat' dir='ltr'><strong>chorda-</strong></span> 
     </span>
    </p>
   </div>
   <div class='ocr_carea' id='block_1_27' title="bbox 1833 1473 3483 1554">
    <p class='ocr_par' dir='ltr' id='par_1_27' title="bbox 1833 1473 3483 1554">
     <span class='ocr_line' id='line_1_27' title="bbox 1833 1473 3483 1554; baseline -0.003 -22"><span class='ocrx_word' id='word_1_188' title='bbox 1833 1494 1977 1543; x_wconf 90' lang='lat' dir='ltr'><strong>rum,</strong></span> <span class='ocrx_word' id='word_1_189' title='bbox 2003 1485 2056 1530; x_wconf 89' lang='lat' dir='ltr'><strong>et</strong></span> <span class='ocrx_word' id='word_1_190' title='bbox 2085 1474 2319 1545; x_wconf 78' lang='lat' dir='ltr'><strong>Verbum</strong></span> <span class='ocrx_word' id='word_1_191' title='bbox 2351 1474 2515 1527; x_wconf 89' lang='lat' dir='ltr'><strong>veluti</strong></span> <span class='ocrx_word' id='word_1_192' title='bbox 2547 1473 2829 1543; x_wconf 84' lang='lat' dir='ltr'><strong>plectrum,</strong></span> <span class='ocrx_word' id='word_1_193' title='bbox 2859 1473 3014 1541; x_wconf 89' lang='lat' dir='ltr'><strong>cujus</strong></span> <span class='ocrx_word' id='word_1_194' title='bbox 3042 1482 3193 1554; x_wconf 83' lang='lat' dir='ltr'><strong>motu</strong></span> <span class='ocrx_word' id='word_1_195' title='bbox 3222 1480 3387 1543; x_wconf 85' lang='lat' dir='ltr'><strong>atque</strong></span> <span class='ocrx_word' id='word_1_196' title='bbox 3482 1544 3483 1547; x_wconf 16' lang='grc' dir='ltr'><strong>η</strong></span> 
     </span>
    </p>
   </div>
   <div class='ocr_carea' id='block_1_28' title="bbox 1832 1564 3387 1637">
    <p class='ocr_par' dir='ltr' id='par_1_28' title="bbox 1832 1564 3387 1637">
     <span class='ocr_line' id='line_1_28' title="bbox 1832 1564 3387 1637; baseline -0.004 -15"><span class='ocrx_word' id='word_1_197' title='bbox 1832 1568 2064 1637; x_wconf 89' lang='lat' dir='ltr'><strong>impulsu</strong></span> <span class='ocrx_word' id='word_1_198' title='bbox 2095 1566 2365 1636; x_wconf 84' lang='lat' dir='ltr'><strong>incognita</strong></span> <span class='ocrx_word' id='word_1_199' title='bbox 2392 1566 2663 1634; x_wconf 70' lang='lat' dir='ltr'><strong>prophetas</strong></span> <span class='ocrx_word' id='word_1_200' title='bbox 2689 1565 2811 1618; x_wconf 88' lang='lat' dir='ltr'><strong>aliis</strong></span> <span class='ocrx_word' id='word_1_201' title='bbox 2837 1564 3149 1618; x_wconf 90' lang='lat' dir='ltr'><strong>hominibus</strong></span> <span class='ocrx_word' id='word_1_202' title='bbox 3170 1564 3387 1618; x_wconf 52' lang='lat' dir='ltr'><strong>a&#39;nnuné</strong></span> 
     </span>
    </p>
   </div>
   <div class='ocr_carea' id='block_1_29' title="bbox 1834 1656 3389 1728">
    <p class='ocr_par' dir='ltr' id='par_1_29' title="bbox 1834 1656 3389 1728">
     <span class='ocr_line' id='line_1_29' title="bbox 1834 1656 3389 1728; baseline -0.002 -14"><span class='ocrx_word' id='word_1_203' title='bbox 1834 1661 2029 1714; x_wconf 90' lang='lat' dir='ltr'><strong>tiarent</strong></span> <span class='ocrx_word' id='word_1_204' title='bbox 2057 1656 2189 1728; x_wconf 85' lang='lat'><strong>(96).</strong></span> <span class='ocrx_word' id='word_1_205' title='bbox 2218 1659 2485 1723; x_wconf 73' lang='lat' dir='ltr'><strong>Quantum</strong></span> <span class='ocrx_word' id='word_1_206' title='bbox 2528 1656 2592 1710; x_wconf 89' lang='lat' dir='ltr'><strong>ad</strong></span> <span class='ocrx_word' id='word_1_207' title='bbox 2623 1656 2847 1711; x_wconf 87' lang='lat' dir='ltr'><strong>alteram</strong></span> <span class='ocrx_word' id='word_1_208' title='bbox 2887 1657 3260 1726; x_wconf 59' lang='lat' dir='ltr'><strong>quaestionem,</strong></span> <span class='ocrx_word' id='word_1_209' title='bbox 3299 1668 3389 1711; x_wconf 35' lang='lat' dir='ltr'><strong>re;</strong></span> 
     </span>
    </p>
   </div>
   <div class='ocr_carea' id='block_1_30' title="bbox 1834 1733 3451 1819">
    <p class='ocr_par' dir='ltr' id='par_1_30' title="bbox 1834 1733 3451 1819">
     <span class='ocr_line' id='line_1_30' title="bbox 1834 1733 3451 1819; baseline -0.001 -16"><span class='ocrx_word' id='word_1_210' title='bbox 1834 1751 2060 1819; x_wconf 89' lang='lat' dir='ltr'><strong>spondet</strong></span> <span class='ocrx_word' id='word_1_211' title='bbox 2104 1747 2402 1818; x_wconf 84' lang='lat' dir='ltr'><strong>Theophilo</strong></span> <span class='ocrx_word' id='word_1_212' title='bbox 2432 1746 2489 1801; x_wconf 77' lang='lat' dir='ltr'><strong>S.</strong></span> <span class='ocrx_word' id='word_1_213' title='bbox 2543 1747 2904 1819; x_wconf 84' lang='lat' dir='ltr'><strong>Hippolytus:</strong></span> <span class='ocrx_word' id='word_1_214' title='bbox 2956 1733 3094 1814; x_wconf 85' lang='lat' dir='ltr'><strong>Quia</strong></span> <span class='ocrx_word' id='word_1_215' title='bbox 3163 1747 3388 1803; x_wconf 74' lang='lat' dir='ltr'><strong>Verbum</strong></span> <span class='ocrx_word' id='word_1_216' title='bbox 3448 1792 3451 1795; x_wconf 97' lang='lat'><strong>.</strong></span> 
     </span>
    </p>
   </div>
   <div class='ocr_carea' id='block_1_31' title="bbox 1833 1839 3389 1910">
    <p class='ocr_par' dir='ltr' id='par_1_31' title="bbox 1833 1839 3389 1910">
     <span class='ocr_line' id='line_1_31' title="bbox 1833 1839 3389 1910; baseline -0.002 -16"><span class='ocrx_word' id='word_1_217' title='bbox 1833 1857 1984 1895; x_wconf 84' lang='lat' dir='ltr'><strong>suam</strong></span> <span class='ocrx_word' id='word_1_218' title='bbox 2026 1839 2439 1894; x_wconf 85' lang='lat' dir='ltr'><strong>misericordiam</strong></span> <span class='ocrx_word' id='word_1_219' title='bbox 2466 1879 2481 1902; x_wconf 92' lang='lat'><strong>,</strong></span> <span class='ocrx_word' id='word_1_220' title='bbox 2515 1847 2563 1891; x_wconf 91' lang='lat' dir='ltr'><strong>et</strong></span> <span class='ocrx_word' id='word_1_221' title='bbox 2594 1839 2728 1908; x_wconf 85' lang='lat' dir='ltr'><strong>quod</strong></span> <span class='ocrx_word' id='word_1_222' title='bbox 2769 1839 2980 1892; x_wconf 83' lang='lat' dir='ltr'><strong>minime</strong></span> <span class='ocrx_word' id='word_1_223' title='bbox 3032 1851 3272 1909; x_wconf 82' lang='lat' dir='ltr'><strong>acceptor</strong></span> <span class='ocrx_word' id='word_1_224' title='bbox 3309 1846 3389 1910; x_wconf 78' lang='lat' dir='ltr'><strong>est</strong></span> 
     </span>
    </p>
   </div>
   <div class='ocr_carea' id='block_1_32' title="bbox 196 1926 3487 2019">
    <p class='ocr_par' dir='ltr' id='par_1_32' title="bbox 196 1926 3487 2019">
     <span class='ocr_line' id='line_1_32' title="bbox 196 1926 3487 2019; baseline 0 -36"><span class='ocrx_word' id='word_1_225' title='bbox 196 1948 583 2002; x_wconf 49' lang='lat' dir='ltr'><strong>Antichrismm</strong></span> <span class='ocrx_word' id='word_1_226' title='bbox 616 1926 837 2002; x_wconf 53' lang='lat' dir='ltr'><strong>(ml-is“,</strong></span> <span class='ocrx_word' id='word_1_227' title='bbox 867 1926 1149 2019; x_wconf 47' lang='lat' dir='ltr'><strong>opponat;</strong></span> <span class='ocrx_word' id='word_1_228' title='bbox 1178 1964 1285 2005; x_wconf 74' lang='lat' dir='ltr'><strong>non</strong></span> <span class='ocrx_word' id='word_1_229' title='bbox 1324 1951 1398 2004; x_wconf 60' lang='lat' dir='ltr'><strong>in</strong></span> <span class='ocrx_word' id='word_1_230' title='bbox 1445 1950 1585 2005; x_wconf 57' lang='lat' dir='ltr'><strong>male</strong></span> <span class='ocrx_word' id='word_1_231' title='bbox 1626 1950 1738 2005; x_wconf 61' lang='lat' dir='ltr'><strong>sive</strong></span> <span class='ocrx_word' id='word_1_232' title='bbox 1768 1926 1810 1982; x_wconf 84' lang='grc' dir='ltr'><strong>Β</strong></span> <span class='ocrx_word' id='word_1_233' title='bbox 1835 1944 2195 2001; x_wconf 81' lang='lat' dir='ltr'><strong>personarum,</strong></span> <span class='ocrx_word' id='word_1_234' title='bbox 2244 1946 2337 2000; x_wconf 89' lang='lat' dir='ltr'><strong>per</strong></span> <span class='ocrx_word' id='word_1_235' title='bbox 2381 1947 2554 1985; x_wconf 82' lang='lat' dir='ltr'><strong>omnes</strong></span> <span class='ocrx_word' id='word_1_236' title='bbox 2574 1938 2781 1984; x_wconf 85' lang='lat' dir='ltr'><strong>sanctos</strong></span> <span class='ocrx_word' id='word_1_237' title='bbox 2812 1930 3057 1997; x_wconf 78' lang='lat' dir='ltr'><strong>ostendit,</strong></span> <span class='ocrx_word' id='word_1_238' title='bbox 3080 1930 3389 1985; x_wconf 81' lang='lat' dir='ltr'><strong>illuminans</strong></span> <span class='ocrx_word' id='word_1_239' title='bbox 3483 1941 3487 1945; x_wconf 83' lang='lat'><strong><em>&#39;</em></strong></span> 
     </span>
    </p>
   </div>
   <div class='ocr_carea' id='block_1_33' title="bbox 200 2020 3414 2113">
    <p class='ocr_par' dir='ltr' id='par_1_33' title="bbox 200 2020 3414 2113">
     <span class='ocr_line' id='line_1_33' title="bbox 200 2020 3414 2113; baseline -0.001 -22"><span class='ocrx_word' id='word_1_240' title='bbox 200 2039 531 2110; x_wconf 81' lang='lat' dir='ltr'><strong>Hippolytus,</strong></span> <span class='ocrx_word' id='word_1_241' title='bbox 560 2039 673 2094; x_wconf 88' lang='lat' dir='ltr'><strong>sive</strong></span> <span class='ocrx_word' id='word_1_242' title='bbox 696 2039 873 2110; x_wconf 82' lang='lat' dir='ltr'><strong>quivis</strong></span> <span class='ocrx_word' id='word_1_243' title='bbox 903 2042 1063 2105; x_wconf 86' lang='lat' dir='ltr'><strong>alius,</strong></span> <span class='ocrx_word' id='word_1_244' title='bbox 1089 2027 1581 2112; x_wconf 48' lang='lat' dir='ltr'><strong>praenotavitﬂlepi</strong></span> <span class='ocrx_word' id='word_1_245' title='bbox 1608 2043 1757 2113; x_wconf 74' lang='lat' dir='ltr'><strong>Xpt-.</strong></span> <span class='ocrx_word' id='word_1_246' title='bbox 1804 2024 1957 2079; x_wconf 66' lang='grc' dir='ltr'><strong><em>θίηοδ</em></strong></span> <span class='ocrx_word' id='word_1_247' title='bbox 2006 2032 2160 2093; x_wconf 69' lang='grc' dir='ltr'><strong>ατφαε</strong></span> <span class='ocrx_word' id='word_1_248' title='bbox 2220 2037 2527 2113; x_wconf 57' lang='lat' dir='ltr'><strong>componens</strong></span> <span class='ocrx_word' id='word_1_249' title='bbox 2574 2020 2708 2075; x_wconf 73' lang='grc' dir='ltr'><strong><em>υείιιε</em></strong></span> <span class='ocrx_word' id='word_1_250' title='bbox 2728 2022 2931 2113; x_wconf 60' lang='lat' dir='ltr'><strong>Peril!“</strong></span> <span class='ocrx_word' id='word_1_251' title='bbox 2972 2023 3198 2107; x_wconf 54' lang='lat' dir='ltr'><strong>medic!&quot;</strong></span> <span class='ocrx_word' id='word_1_252' title='bbox 3238 2021 3307 2105; x_wconf 66' lang='grc' dir='ltr'><em>αά</em></span> <span class='ocrx_word' id='word_1_253' title='bbox 3327 2026 3414 2109; x_wconf 51' lang='grc' dir='ltr'><em>επ]</em></span> 
     </span>
    </p>
   </div>
   <div class='ocr_carea' id='block_1_34' title="bbox 198 2100 1748 2199">
    <p class='ocr_par' dir='ltr' id='par_1_34' title="bbox 198 2100 1743 2199">
     <span class='ocr_line' id='line_1_34' title="bbox 198 2100 1743 2199; baseline 0.003 -20"><span class='ocrx_word' id='word_1_254' title='bbox 198 2100 317 2181; x_wconf 61' lang='grc' dir='ltr'><strong>στιζιέ</strong></span> <span class='ocrx_word' id='word_1_255' title='bbox 343 2100 439 2181; x_wconf 60' lang='lat' dir='ltr'><strong>xui.</strong></span> <span class='ocrx_word' id='word_1_256' title='bbox 480 2100 869 2198; x_wconf 58' lang='lat' dir='ltr'><strong>‘Amxpims.</strong></span> <span class='ocrx_word' id='word_1_257' title='bbox 895 2100 1146 2196; x_wconf 30' lang='lat' dir='ltr'><strong>Quod&#39;i&#39;ta</strong></span> <span class='ocrx_word' id='word_1_258' title='bbox 1167 2116 1291 2199; x_wconf 77' lang='lat' dir='ltr'><strong>post</strong></span> <span class='ocrx_word' id='word_1_259' title='bbox 1310 2100 1629 2187; x_wconf 76' lang='lat' dir='ltr'><strong>Photianum</strong></span> <span class='ocrx_word' id='word_1_260' title='bbox 1654 2100 1743 2187; x_wconf 68' lang='grc' dir='ltr'><strong>ἐο-</strong></span> 
     </span>
    </p>
   </div>
   <div class='ocr_carea' id='block_1_35' title="bbox 1841 2100 3493 2199">
    <p class='ocr_par' dir='ltr' id='par_1_35' title="bbox 1841 2100 3428 2191">
     <span class='ocr_line' id='line_1_35' title="bbox 1841 2100 3428 2191; baseline -0.001 -23"><span class='ocrx_word' id='word_1_261' title='bbox 1841 2131 1951 2184; x_wconf 73' lang='lat' dir='ltr'><strong>qua:</strong></span> <span class='ocrx_word' id='word_1_262' title='bbox 1982 2114 2049 2166; x_wconf 82' lang='lat' dir='ltr'><strong>ad</strong></span> <span class='ocrx_word' id='word_1_263' title='bbox 2076 2122 2308 2167; x_wconf 86' lang='lat' dir='ltr'><strong>nostram</strong></span> <span class='ocrx_word' id='word_1_264' title='bbox 2336 2112 2629 2166; x_wconf 83' lang='lat' dir='ltr'><strong>conducant</strong></span> <span class='ocrx_word' id='word_1_265' title='bbox 2653 2112 2895 2187; x_wconf 80' lang='lat' dir='ltr'><strong>salutem,</strong></span> <span class='ocrx_word' id='word_1_266' title='bbox 2924 2114 3110 2183; x_wconf 80' lang='lat' dir='ltr'><strong>quippe</strong></span> <span class='ocrx_word' id='word_1_267' title='bbox 3135 2102 3250 2166; x_wconf 81' lang='lat' dir='ltr'><strong>cum</strong></span> <span class='ocrx_word' id='word_1_268' title='bbox 3286 2100 3428 2191; x_wconf 22' lang='lat' dir='ltr'><strong>noni.</strong></span> 
     </span>
    </p>
   </div>
   <div class='ocr_carea' id='block_1_36' title="bbox 204 2208 1740 2292">
    <p class='ocr_par' dir='ltr' id='par_1_36' title="bbox 204 2208 1740 2292">
     <span class='ocr_line' id='line_1_36' title="bbox 204 2208 1740 2292; baseline 0.004 -20"><span class='ocrx_word' id='word_1_269' title='bbox 204 2219 367 2273; x_wconf 83' lang='lat' dir='ltr'><strong>dicem</strong></span> <span class='ocrx_word' id='word_1_270' title='bbox 412 2208 579 2272; x_wconf 83' lang='lat' dir='ltr'><strong>etiam</strong></span> <span class='ocrx_word' id='word_1_271' title='bbox 622 2220 667 2273; x_wconf 87' lang='lat' dir='ltr'><strong>ii</strong></span> <span class='ocrx_word' id='word_1_272' title='bbox 694 2228 1113 2289; x_wconf 74' lang='lat' dir='ltr'><strong>repraesentant,</strong></span> <span class='ocrx_word' id='word_1_273' title='bbox 1145 2237 1211 2274; x_wconf 81' lang='lat' dir='ltr'><strong>ex</strong></span> <span class='ocrx_word' id='word_1_274' title='bbox 1254 2222 1447 2291; x_wconf 90' lang='lat' dir='ltr'><strong>quibus</strong></span> <span class='ocrx_word' id='word_1_275' title='bbox 1485 2222 1740 2292; x_wconf 73' lang='lat' dir='ltr'><strong>expressa</strong></span> 
     </span>
    </p>
   </div>
   <div class='ocr_carea' id='block_1_37' title="bbox 211 2308 1738 2383">
    <p class='ocr_par' dir='ltr' id='par_1_37' title="bbox 211 2308 1738 2383">
     <span class='ocr_line' id='line_1_37' title="bbox 211 2308 1738 2383; baseline 0.003 -20"><span class='ocrx_word' id='word_1_276' title='bbox 211 2308 351 2363; x_wconf 74' lang='lat' dir='ltr'><strong>Gunlii</strong></span> <span class='ocrx_word' id='word_1_277' title='bbox 380 2310 587 2375; x_wconf 79' lang='lat' dir='ltr'><strong>editio;</strong></span> <span class='ocrx_word' id='word_1_278' title='bbox 624 2311 821 2381; x_wconf 79' lang='lat' dir='ltr'><strong>quibus</strong></span> <span class='ocrx_word' id='word_1_279' title='bbox 853 2313 1073 2380; x_wconf 86' lang='lat' dir='ltr'><strong>proinde</strong></span> <span class='ocrx_word' id='word_1_280' title='bbox 1104 2313 1269 2366; x_wconf 87' lang='lat' dir='ltr'><strong>malui</strong></span> <span class='ocrx_word' id='word_1_281' title='bbox 1302 2314 1559 2368; x_wconf 66' lang='lat' dir='ltr'><strong>inhaerere</strong></span> <span class='ocrx_word' id='word_1_282' title='bbox 1577 2330 1738 2383; x_wconf 89' lang='lat' dir='ltr'><strong>quam</strong></span> 
     </span>
    </p>
   </div>
   <div class='ocr_carea' id='block_1_38' title="bbox 209 2396 1743 2472">
    <p class='ocr_par' dir='ltr' id='par_1_38' title="bbox 209 2396 1743 2472">
     <span class='ocr_line' id='line_1_38' title="bbox 209 2396 1743 2472; baseline 0.003 -21"><span class='ocrx_word' id='word_1_283' title='bbox 209 2399 310 2467; x_wconf 78' lang='lat' dir='ltr'><strong>ejus</strong></span> <span class='ocrx_word' id='word_1_284' title='bbox 337 2398 630 2452; x_wconf 86' lang='lat' dir='ltr'><strong>mutationi</strong></span> <span class='ocrx_word' id='word_1_285' title='bbox 660 2398 893 2453; x_wconf 84' lang='lat' dir='ltr'><strong>deferre.</strong></span> <span class='ocrx_word' id='word_1_286' title='bbox 926 2396 1309 2470; x_wconf 79' lang='lat' dir='ltr'><strong>Hieronymum</strong></span> <span class='ocrx_word' id='word_1_287' title='bbox 1338 2399 1513 2472; x_wconf 86' lang='lat' dir='ltr'><strong>(cujus</strong></span> <span class='ocrx_word' id='word_1_288' title='bbox 1535 2409 1591 2455; x_wconf 87' lang='lat' dir='ltr'><strong>et</strong></span> <span class='ocrx_word' id='word_1_289' title='bbox 1627 2402 1743 2471; x_wconf 82' lang='lat' dir='ltr'><strong>ipse</strong></span> 
     </span>
    </p>
   </div>
   <div class='ocr_carea' id='block_1_39' title="bbox 204 2486 1749 2567">
    <p class='ocr_par' dir='ltr' id='par_1_39' title="bbox 204 2486 1749 2567">
     <span class='ocr_line' id='line_1_39' title="bbox 204 2486 1749 2567; baseline 0.003 -27"><span class='ocrx_word' id='word_1_290' title='bbox 204 2487 374 2555; x_wconf 82' lang='lat' dir='ltr'><strong>magni</strong></span> <span class='ocrx_word' id='word_1_291' title='bbox 428 2488 806 2541; x_wconf 87' lang='lat' dir='ltr'><strong>auctoritatem</strong></span> <span class='ocrx_word' id='word_1_292' title='bbox 843 2486 1012 2567; x_wconf 82' lang='lat' dir='ltr'><strong>facio)</strong></span> <span class='ocrx_word' id='word_1_293' title='bbox 1070 2489 1340 2543; x_wconf 88' lang='lat' dir='ltr'><strong>adversari</strong></span> <span class='ocrx_word' id='word_1_294' title='bbox 1394 2488 1587 2545; x_wconf 90' lang='lat' dir='ltr'><strong>Photio</strong></span> <span class='ocrx_word' id='word_1_295' title='bbox 1633 2505 1749 2545; x_wconf 78' lang='lat' dir='ltr'><strong>non</strong></span> 
     </span>
    </p>
   </div>
   <div class='ocr_carea' id='block_1_40' title="bbox 200 2567 1745 2648">
    <p class='ocr_par' dir='ltr' id='par_1_40' title="bbox 200 2567 1745 2648">
     <span class='ocr_line' id='line_1_40' title="bbox 200 2567 1745 2648; baseline 0.001 -17"><span class='ocrx_word' id='word_1_296' title='bbox 200 2567 350 2631; x_wconf 71' lang='lat' dir='ltr'><strong>facile</strong></span> <span class='ocrx_word' id='word_1_297' title='bbox 377 2576 635 2642; x_wconf 76' lang='lat' dir='ltr'><strong>dixerim,</strong></span> <span class='ocrx_word' id='word_1_298' title='bbox 665 2577 808 2647; x_wconf 86' lang='lat' dir='ltr'><strong>quod</strong></span> <span class='ocrx_word' id='word_1_299' title='bbox 834 2576 1101 2648; x_wconf 86' lang='lat' dir='ltr'><strong>Hippolyti</strong></span> <span class='ocrx_word' id='word_1_300' title='bbox 1132 2578 1285 2647; x_wconf 91' lang='lat' dir='ltr'><strong>plura</strong></span> <span class='ocrx_word' id='word_1_301' title='bbox 1308 2579 1639 2633; x_wconf 80' lang='lat' dir='ltr'><strong>recensendo</strong></span> <span class='ocrx_word' id='word_1_302' title='bbox 1671 2580 1745 2634; x_wconf 88' lang='lat' dir='ltr'><strong>De</strong></span> 
     </span>
    </p>
   </div>
   <div class='ocr_carea' id='block_1_41' title="bbox 197 2666 1746 2737">
    <p class='ocr_par' dir='ltr' id='par_1_41' title="bbox 197 2666 1746 2737">
     <span class='ocr_line' id='line_1_41' title="bbox 197 2666 1746 2737; baseline 0.003 -18"><span class='ocrx_word' id='word_1_303' title='bbox 197 2668 521 2720; x_wconf 79' lang='lat' dir='ltr'><strong>Antichristo</strong></span> <span class='ocrx_word' id='word_1_304' title='bbox 545 2668 883 2722; x_wconf 78' lang='lat' dir='ltr'><strong>solummodo</strong></span> <span class='ocrx_word' id='word_1_305' title='bbox 901 2666 1127 2722; x_wconf 75' lang='lat' dir='ltr'><strong>dixerit.</strong></span> <span class='ocrx_word' id='word_1_306' title='bbox 1146 2667 1367 2737; x_wconf 84' lang='lat' dir='ltr'><strong>Nempe,</strong></span> <span class='ocrx_word' id='word_1_307' title='bbox 1391 2685 1489 2724; x_wconf 89' lang='lat' dir='ltr'><strong>nec</strong></span> <span class='ocrx_word' id='word_1_308' title='bbox 1503 2671 1569 2725; x_wconf 88' lang='lat' dir='ltr'><strong>de</strong></span> <span class='ocrx_word' id='word_1_309' title='bbox 1586 2670 1746 2725; x_wconf 88' lang='lat' dir='ltr'><strong>Chri-</strong></span> 
     </span>
    </p>
   </div>
   <div class='ocr_carea' id='block_1_42' title="bbox 199 2757 1745 2826">
    <p class='ocr_par' dir='ltr' id='par_1_42' title="bbox 199 2757 1745 2826">
     <span class='ocr_line' id='line_1_42' title="bbox 199 2757 1745 2826; baseline 0.005 -16"><span class='ocrx_word' id='word_1_310' title='bbox 199 2766 281 2810; x_wconf 86' lang='lat' dir='ltr'><strong>sto</strong></span> <span class='ocrx_word' id='word_1_311' title='bbox 310 2757 562 2826; x_wconf 77' lang='lat' dir='ltr'><strong>negavit,</strong></span> <span class='ocrx_word' id='word_1_312' title='bbox 588 2757 681 2812; x_wconf 86' lang='lat' dir='ltr'><strong>sed</strong></span> <span class='ocrx_word' id='word_1_313' title='bbox 702 2758 790 2812; x_wconf 89' lang='lat' dir='ltr'><strong>sic</strong></span> <span class='ocrx_word' id='word_1_314' title='bbox 818 2773 1028 2812; x_wconf 84' lang='lat' dir='ltr'><strong>summa</strong></span> <span class='ocrx_word' id='word_1_315' title='bbox 1048 2800 1064 2822; x_wconf 95' lang='lat'><strong>,</strong></span> <span class='ocrx_word' id='word_1_316' title='bbox 1111 2760 1253 2812; x_wconf 88' lang='lat' dir='ltr'><strong>unde</strong></span> <span class='ocrx_word' id='word_1_317' title='bbox 1297 2769 1557 2816; x_wconf 88' lang='lat' dir='ltr'><strong>tractatus</strong></span> <span class='ocrx_word' id='word_1_318' title='bbox 1604 2772 1745 2817; x_wconf 86' lang='lat' dir='ltr'><strong>esset</strong></span> 
     </span>
    </p>
   </div>
   <div class='ocr_carea' id='block_1_43' title="bbox 144 2846 1747 2922">
    <p class='ocr_par' dir='ltr' id='par_1_43' title="bbox 144 2846 1747 2922">
     <span class='ocr_line' id='line_1_43' title="bbox 144 2846 1747 2922; baseline 0.004 -22"><span class='ocrx_word' id='word_1_319' title='bbox 144 2912 149 2915; x_wconf 97' lang='lat'><em>_</em></span> <span class='ocrx_word' id='word_1_320' title='bbox 195 2847 413 2910; x_wconf 87' lang='lat' dir='ltr'><strong>notior,</strong></span> <span class='ocrx_word' id='word_1_321' title='bbox 447 2847 734 2922; x_wconf 69' lang='lat' dir='ltr'><strong>asrripsit;</strong></span> <span class='ocrx_word' id='word_1_322' title='bbox 765 2846 988 2903; x_wconf 88' lang='lat' dir='ltr'><strong>Photius</strong></span> <span class='ocrx_word' id='word_1_323' title='bbox 1021 2865 1086 2903; x_wconf 74' lang='lat' dir='ltr'><strong>ex</strong></span> <span class='ocrx_word' id='word_1_324' title='bbox 1114 2849 1301 2904; x_wconf 87' lang='lat' dir='ltr'><strong>codice</strong></span> <span class='ocrx_word' id='word_1_325' title='bbox 1327 2851 1589 2921; x_wconf 83' lang='lat' dir='ltr'><strong>integrum</strong></span> <span class='ocrx_word' id='word_1_326' title='bbox 1618 2854 1747 2907; x_wconf 87' lang='lat' dir='ltr'><strong>titu-</strong></span> 
     </span>
    </p>
   </div>
   <div class='ocr_carea' id='block_1_44' title="bbox 196 2935 1749 3007">
    <p class='ocr_par' dir='ltr' id='par_1_44' title="bbox 196 2935 1749 3007">
     <span class='ocr_line' id='line_1_44' title="bbox 196 2935 1749 3007; baseline 0.005 -19"><span class='ocrx_word' id='word_1_327' title='bbox 196 2935 305 2988; x_wconf 86' lang='lat' dir='ltr'><strong>lum</strong></span> <span class='ocrx_word' id='word_1_328' title='bbox 338 2938 634 2990; x_wconf 76' lang='lat' dir='ltr'><strong>necensuit.</strong></span> <span class='ocrx_word' id='word_1_329' title='bbox 667 2936 864 2993; x_wconf 84' lang='lat' dir='ltr'><strong>Deinde</strong></span> <span class='ocrx_word' id='word_1_330' title='bbox 913 2948 1204 3007; x_wconf 81' lang='lat' dir='ltr'><strong>eospectat</strong></span> <span class='ocrx_word' id='word_1_331' title='bbox 1227 2949 1338 2993; x_wconf 90' lang='lat' dir='ltr'><strong>tota</strong></span> <span class='ocrx_word' id='word_1_332' title='bbox 1373 2942 1650 3004; x_wconf 84' lang='lat' dir='ltr'><strong>tractatio,</strong></span> <span class='ocrx_word' id='word_1_333' title='bbox 1690 2948 1749 2996; x_wconf 84' lang='lat' dir='ltr'><strong>ut</strong></span> 
     </span>
    </p>
   </div>
   <div class='ocr_carea' id='block_1_45' title="bbox 196 3028 1750 3097">
    <p class='ocr_par' dir='ltr' id='par_1_45' title="bbox 196 3028 1750 3097">
     <span class='ocr_line' id='line_1_45' title="bbox 196 3028 1750 3097; baseline 0.003 -15"><span class='ocrx_word' id='word_1_334' title='bbox 196 3028 522 3083; x_wconf 77' lang='lat' dir='ltr'><strong>Antichristi</strong></span> <span class='ocrx_word' id='word_1_335' title='bbox 544 3043 611 3082; x_wconf 83' lang='lat' dir='ltr'><strong>ex</strong></span> <span class='ocrx_word' id='word_1_336' title='bbox 635 3028 930 3097; x_wconf 90' lang='lat' dir='ltr'><strong>Scripturis</strong></span> <span class='ocrx_word' id='word_1_337' title='bbox 955 3033 1413 3087; x_wconf 85' lang='lat' dir='ltr'><strong>demonstratione</strong></span> <span class='ocrx_word' id='word_1_338' title='bbox 1434 3033 1588 3087; x_wconf 78' lang='lat' dir='ltr'><strong>abeo</strong></span> <span class='ocrx_word' id='word_1_339' title='bbox 1618 3034 1750 3087; x_wconf 80' lang='lat' dir='ltr'><strong>lide-</strong></span> 
     </span>
    </p>
   </div>
   <div class='ocr_carea' id='block_1_46' title="bbox 197 3120 1748 3193">
    <p class='ocr_par' dir='ltr' id='par_1_46' title="bbox 197 3120 1748 3193">
     <span class='ocr_line' id='line_1_46' title="bbox 197 3120 1748 3193; baseline 0.004 -20"><span class='ocrx_word' id='word_1_340' title='bbox 197 3120 339 3175; x_wconf 86' lang='lat' dir='ltr'><strong>libus</strong></span> <span class='ocrx_word' id='word_1_341' title='bbox 363 3128 584 3185; x_wconf 78' lang='lat' dir='ltr'><strong>caveat,</strong></span> <span class='ocrx_word' id='word_1_342' title='bbox 600 3128 654 3174; x_wconf 88' lang='lat' dir='ltr'><strong>et</strong></span> <span class='ocrx_word' id='word_1_343' title='bbox 672 3120 887 3177; x_wconf 77' lang='lat' dir='ltr'><strong>Christo</strong></span> <span class='ocrx_word' id='word_1_344' title='bbox 916 3124 1192 3193; x_wconf 83' lang='lat' dir='ltr'><strong>adjungat,</strong></span> <span class='ocrx_word' id='word_1_345' title='bbox 1222 3125 1611 3192; x_wconf 84' lang='lat' dir='ltr'><strong>amborumque</strong></span> <span class='ocrx_word' id='word_1_346' title='bbox 1633 3125 1748 3179; x_wconf 90' lang='lat' dir='ltr'><strong>dis-</strong></span> 
     </span>
    </p>
   </div>
   <div class='ocr_carea' id='block_1_47' title="bbox 196 3208 1766 3293">
    <p class='ocr_par' dir='ltr' id='par_1_47' title="bbox 196 3208 1766 3293">
     <span class='ocr_line' id='line_1_47' title="bbox 196 3208 1766 3293; baseline 0.003 -29"><span class='ocrx_word' id='word_1_347' title='bbox 196 3208 435 3283; x_wconf 75' lang='lat' dir='ltr'><strong>crimen</strong></span> <span class='ocrx_word' id='word_1_348' title='bbox 477 3226 602 3293; x_wconf 86' lang='lat' dir='ltr'><strong>eum</strong></span> <span class='ocrx_word' id='word_1_349' title='bbox 631 3212 685 3266; x_wconf 92' lang='lat' dir='ltr'><strong>in</strong></span> <span class='ocrx_word' id='word_1_350' title='bbox 710 3213 1126 3283; x_wconf 83' lang='lat' dir='ltr'><strong>tinem‘aperiat;</strong></span> <span class='ocrx_word' id='word_1_351' title='bbox 1153 3215 1296 3283; x_wconf 91' lang='lat' dir='ltr'><strong>quod</strong></span> <span class='ocrx_word' id='word_1_352' title='bbox 1332 3213 1603 3268; x_wconf 86' lang='lat' dir='ltr'><strong>Christum</strong></span> <span class='ocrx_word' id='word_1_353' title='bbox 1640 3231 1766 3268; x_wconf 73' lang='lat' dir='ltr'><strong>non</strong></span> 
     </span>
    </p>
   </div>
   <div class='ocr_carea' id='block_1_48' title="bbox 1838 2194 3389 2274">
    <p class='ocr_par' dir='ltr' id='par_1_48' title="bbox 1838 2194 3389 2274">
     <span class='ocr_line' id='line_1_48' title="bbox 1838 2194 3389 2274; baseline -0.001 -16"><span class='ocrx_word' id='word_1_354' title='bbox 1838 2207 2034 2258; x_wconf 86' lang='lat' dir='ltr'><strong>nesciat</strong></span> <span class='ocrx_word' id='word_1_355' title='bbox 2055 2205 2339 2257; x_wconf 85' lang='lat' dir='ltr'><strong>humanam</strong></span> <span class='ocrx_word' id='word_1_356' title='bbox 2366 2204 2747 2272; x_wconf 76' lang='lat' dir='ltr'><strong>inﬁrmitatem.</strong></span> <span class='ocrx_word' id='word_1_357' title='bbox 2779 2203 2853 2274; x_wconf 75' lang='lat' dir='ltr'><strong>Ac</strong></span> <span class='ocrx_word' id='word_1_358' title='bbox 2873 2205 3076 2272; x_wconf 87' lang='lat' dir='ltr'><strong>quidem</strong></span> <span class='ocrx_word' id='word_1_359' title='bbox 3094 2194 3389 2274; x_wconf 82' lang='lat' dir='ltr'><strong>ignorantes</strong></span> 
     </span>
    </p>
   </div>
   <div class='ocr_carea' id='block_1_49' title="bbox 1838 2288 3450 2350">
    <p class='ocr_par' dir='ltr' id='par_1_49' title="bbox 1838 2288 3450 2350">
     <span class='ocr_line' id='line_1_49' title="bbox 1838 2288 3450 2350; baseline -0.001 -2"><span class='ocrx_word' id='word_1_360' title='bbox 1838 2296 2010 2349; x_wconf 81' lang='lat' dir='ltr'><strong>studet</strong></span> <span class='ocrx_word' id='word_1_361' title='bbox 2048 2295 2291 2349; x_wconf 82' lang='lat' dir='ltr'><strong>edocerc:</strong></span> <span class='ocrx_word' id='word_1_362' title='bbox 2346 2288 2577 2348; x_wconf 82' lang='lat' dir='ltr'><strong>errantes</strong></span> <span class='ocrx_word' id='word_1_363' title='bbox 2606 2312 2723 2350; x_wconf 86' lang='lat' dir='ltr'><strong>vero</strong></span> <span class='ocrx_word' id='word_1_364' title='bbox 2754 2296 2820 2348; x_wconf 89' lang='lat' dir='ltr'><strong>ad</strong></span> <span class='ocrx_word' id='word_1_365' title='bbox 2872 2312 3043 2349; x_wconf 80' lang='lat' dir='ltr'><strong>veram</strong></span> <span class='ocrx_word' id='word_1_366' title='bbox 3074 2295 3224 2349; x_wconf 80' lang='lat' dir='ltr'><strong>suam</strong></span> <span class='ocrx_word' id='word_1_367' title='bbox 3248 2298 3388 2350; x_wconf 83' lang='lat' dir='ltr'><strong>viam</strong></span> <span class='ocrx_word' id='word_1_368' title='bbox 3446 2321 3450 2325; x_wconf 80' lang='lat'><strong><em>~</em></strong></span> 
     </span>
    </p>
   </div>
   <div class='ocr_carea' id='block_1_50' title="bbox 1840 2378 3390 2457">
    <p class='ocr_par' dir='ltr' id='par_1_50' title="bbox 1840 2378 3390 2457">
     <span class='ocr_line' id='line_1_50' title="bbox 1840 2378 3390 2457; baseline -0.001 -15"><span class='ocrx_word' id='word_1_369' title='bbox 1840 2389 2107 2442; x_wconf 80' lang='lat' dir='ltr'><strong>convertit.</strong></span> <span class='ocrx_word' id='word_1_370' title='bbox 2131 2378 2306 2457; x_wconf 20' lang='lat' dir='ltr'><strong>Atque.</strong></span> <span class='ocrx_word' id='word_1_371' title='bbox 2329 2388 2409 2440; x_wconf 89' lang='lat' dir='ltr'><strong>his</strong></span> <span class='ocrx_word' id='word_1_372' title='bbox 2444 2387 2670 2457; x_wconf 77' lang='lat' dir='ltr'><strong>quidem,</strong></span> <span class='ocrx_word' id='word_1_373' title='bbox 2710 2382 2799 2457; x_wconf 77' lang='lat' dir='ltr'><strong>qui</strong></span> <span class='ocrx_word' id='word_1_374' title='bbox 2830 2388 2933 2457; x_wconf 79' lang='lat' dir='ltr'><strong>ﬁde</strong></span> <span class='ocrx_word' id='word_1_375' title='bbox 2952 2397 3215 2457; x_wconf 69' lang='lat' dir='ltr'><strong>quierunt,-</strong></span> <span class='ocrx_word' id='word_1_376' title='bbox 3236 2388 3390 2456; x_wconf 63' lang='lat' dir='ltr'><strong>facile</strong></span> 
     </span>
    </p>
   </div>
   <div class='ocr_carea' id='block_1_51' title="bbox 1795 2468 3389 2546">
    <p class='ocr_par' dir='ltr' id='par_1_51' title="bbox 1795 2468 3389 2546">
     <span class='ocr_line' id='line_1_51' title="bbox 1795 2468 3389 2546; baseline -0.001 -14"><span class='ocrx_word' id='word_1_377' title='bbox 1795 2515 1799 2517; x_wconf 79' lang='lat'><strong><em>-</em></strong></span> <span class='ocrx_word' id='word_1_378' title='bbox 1840 2479 2099 2533; x_wconf 77' lang='lat' dir='ltr'><strong>invenitur</strong></span> <span class='ocrx_word' id='word_1_379' title='bbox 2112 2493 2132 2545; x_wconf 78' lang='lat'><strong>,&#39;</strong></span> <span class='ocrx_word' id='word_1_380' title='bbox 2156 2478 2235 2531; x_wconf 84' lang='lat' dir='ltr'><strong>his</strong></span> <span class='ocrx_word' id='word_1_381' title='bbox 2252 2468 2446 2542; x_wconf 85' lang='lat' dir='ltr'><strong>autem,</strong></span> <span class='ocrx_word' id='word_1_382' title='bbox 2469 2478 2558 2546; x_wconf 80' lang='lat' dir='ltr'><strong>qui</strong></span> <span class='ocrx_word' id='word_1_383' title='bbox 2588 2479 2794 2530; x_wconf 78' lang='lat' dir='ltr'><strong>mundis</strong></span> <span class='ocrx_word' id='word_1_384' title='bbox 2816 2479 2978 2530; x_wconf 79' lang='lat' dir='ltr'><strong>Oculis</strong></span> <span class='ocrx_word' id='word_1_385' title='bbox 2994 2488 3054 2536; x_wconf 84' lang='lat' dir='ltr'><strong>et</strong></span> <span class='ocrx_word' id='word_1_386' title='bbox 3078 2487 3221 2531; x_wconf 86' lang='lat' dir='ltr'><strong>casto</strong></span> <span class='ocrx_word' id='word_1_387' title='bbox 3235 2478 3389 2539; x_wconf 79' lang='lat' dir='ltr'><strong>corde</strong></span> 
     </span>
    </p>
   </div>
   <div class='ocr_carea' id='block_1_52' title="bbox 1840 2568 3443 2646">
    <p class='ocr_par' dir='ltr' id='par_1_52' title="bbox 1840 2568 3443 2646">
     <span class='ocr_line' id='line_1_52' title="bbox 1840 2568 3443 2646; baseline -0.005 -21"><span class='ocrx_word' id='word_1_388' title='bbox 1840 2573 2034 2625; x_wconf 75' lang='lat' dir='ltr'><strong>ostium</strong></span> <span class='ocrx_word' id='word_1_389' title='bbox 2070 2569 2281 2639; x_wconf 84' lang='lat' dir='ltr'><strong>pulsare</strong></span> <span class='ocrx_word' id='word_1_390' title='bbox 2303 2568 2625 2633; x_wconf 85' lang='lat' dir='ltr'><strong>desiderant,</strong></span> <span class='ocrx_word' id='word_1_391' title='bbox 2648 2568 2919 2637; x_wconf 77' lang='lat' dir='ltr'><strong>confestim</strong></span> <span class='ocrx_word' id='word_1_392' title='bbox 2943 2570 3127 2646; x_wconf 82' lang='lat' dir='ltr'><strong>aperit.</strong></span> <span class='ocrx_word' id='word_1_393' title='bbox 3169 2568 3390 2622; x_wconf 72' lang='lat' dir='ltr'><strong>Nullum</strong></span> <span class='ocrx_word' id='word_1_394' title='bbox 3440 2616 3443 2617; x_wconf 65' lang='lat'>,</span> 
     </span>
    </p>
   </div>
   <div class='ocr_carea' id='block_1_53' title="bbox 1841 2662 3393 2732">
    <p class='ocr_par' dir='ltr' id='par_1_53' title="bbox 1841 2662 3393 2732">
     <span class='ocr_line' id='line_1_53' title="bbox 1841 2662 3393 2732; baseline -0.002 -16"><span class='ocrx_word' id='word_1_395' title='bbox 1841 2665 1979 2716; x_wconf 82' lang='lat' dir='ltr'><strong>enim</strong></span> <span class='ocrx_word' id='word_1_396' title='bbox 2002 2680 2216 2717; x_wconf 83' lang='lat' dir='ltr'><strong>suorum</strong></span> <span class='ocrx_word' id='word_1_397' title='bbox 2239 2679 2504 2719; x_wconf 83' lang='lat' dir='ltr'><strong>servorum</strong></span> <span class='ocrx_word' id='word_1_398' title='bbox 2541 2662 2744 2729; x_wconf 86' lang='lat' dir='ltr'><strong>rejicit,</strong></span> <span class='ocrx_word' id='word_1_399' title='bbox 2776 2662 2927 2730; x_wconf 82' lang='lat' dir='ltr'><strong>quasi</strong></span> <span class='ocrx_word' id='word_1_400' title='bbox 2956 2662 3247 2723; x_wconf 76' lang='lat' dir='ltr'><strong>divinorum</strong></span> <span class='ocrx_word' id='word_1_401' title='bbox 3280 2678 3393 2732; x_wconf 80' lang='lat' dir='ltr'><strong>my-</strong></span> 
     </span>
    </p>
   </div>
   <div class='ocr_carea' id='block_1_54' title="bbox 1843 2754 3419 2825">
    <p class='ocr_par' dir='ltr' id='par_1_54' title="bbox 1843 2754 3419 2825">
     <span class='ocr_line' id='line_1_54' title="bbox 1843 2754 3419 2825; baseline -0.001 -17"><span class='ocrx_word' id='word_1_402' title='bbox 1843 2755 2119 2808; x_wconf 81' lang='lat' dir='ltr'><strong>steriorum</strong></span> <span class='ocrx_word' id='word_1_403' title='bbox 2150 2754 2831 2825; x_wconf 37' lang='lat' dir='ltr'><strong>indignumaNondivitem</strong></span> <span class='ocrx_word' id='word_1_404' title='bbox 2855 2769 3079 2821; x_wconf 83' lang='lat' dir='ltr'><strong>paupere</strong></span> <span class='ocrx_word' id='word_1_405' title='bbox 3098 2754 3263 2821; x_wconf 78' lang='lat' dir='ltr'><strong>pluris</strong></span> <span class='ocrx_word' id='word_1_406' title='bbox 3302 2754 3419 2823; x_wconf 63' lang='grc' dir='ltr'><strong>[ιμ’</strong></span> 
     </span>
    </p>
   </div>
   <div class='ocr_carea' id='block_1_55' title="bbox 1843 2842 3391 2914">
    <p class='ocr_par' dir='ltr' id='par_1_55' title="bbox 1843 2842 3391 2914">
     <span class='ocr_line' id='line_1_55' title="bbox 1843 2842 3391 2914; baseline 0 -17"><span class='ocrx_word' id='word_1_407' title='bbox 1843 2847 1935 2909; x_wconf 84' lang='lat' dir='ltr'><strong>cit,</strong></span> <span class='ocrx_word' id='word_1_408' title='bbox 1962 2861 2121 2914; x_wconf 77' lang='lat' dir='ltr'><strong>neque</strong></span> <span class='ocrx_word' id='word_1_409' title='bbox 2143 2861 2423 2914; x_wconf 78' lang='lat' dir='ltr'><strong>pauperem</strong></span> <span class='ocrx_word' id='word_1_410' title='bbox 2445 2860 2541 2914; x_wconf 89' lang='lat' dir='ltr'><strong>pro</strong></span> <span class='ocrx_word' id='word_1_411' title='bbox 2571 2844 2682 2913; x_wconf 82' lang='lat' dir='ltr'><strong>ejus</strong></span> <span class='ocrx_word' id='word_1_412' title='bbox 2723 2844 2974 2897; x_wconf 73' lang='lat' dir='ltr'><strong>tenuitate</strong></span> <span class='ocrx_word' id='word_1_413' title='bbox 3009 2844 3223 2911; x_wconf 81' lang='lat' dir='ltr'><strong>spernit.</strong></span> <span class='ocrx_word' id='word_1_414' title='bbox 3269 2842 3391 2897; x_wconf 85' lang='lat' dir='ltr'><strong>Non</strong></span> 
     </span>
    </p>
   </div>
   <div class='ocr_carea' id='block_1_56' title="bbox 1844 2935 3392 3005">
    <p class='ocr_par' dir='ltr' id='par_1_56' title="bbox 1844 2935 3392 3005">
     <span class='ocr_line' id='line_1_56' title="bbox 1844 2935 3392 3005; baseline -0.002 -16"><span class='ocrx_word' id='word_1_415' title='bbox 1844 2937 2064 2989; x_wconf 73' lang='lat' dir='ltr'><strong>barbaro</strong></span> <span class='ocrx_word' id='word_1_416' title='bbox 2095 2941 2375 3005; x_wconf 72' lang='lat' dir='ltr'><strong>exprobrat</strong></span> <span class='ocrx_word' id='word_1_417' title='bbox 2396 2980 2412 3004; x_wconf 97' lang='lat'><strong>,</strong></span> <span class='ocrx_word' id='word_1_418' title='bbox 2454 2953 2545 2990; x_wconf 88' lang='lat' dir='ltr'><strong>nec</strong></span> <span class='ocrx_word' id='word_1_419' title='bbox 2572 2940 2860 2989; x_wconf 81' lang='lat' dir='ltr'><strong>eunuchum</strong></span> <span class='ocrx_word' id='word_1_420' title='bbox 2909 2935 3060 3005; x_wconf 85' lang='lat' dir='ltr'><strong>quasi</strong></span> <span class='ocrx_word' id='word_1_421' title='bbox 3101 2951 3200 2987; x_wconf 89' lang='lat' dir='ltr'><strong>non</strong></span> <span class='ocrx_word' id='word_1_422' title='bbox 3224 2938 3392 2987; x_wconf 77' lang='lat' dir='ltr'><strong>virum</strong></span> 
     </span>
    </p>
   </div>
   <div class='ocr_carea' id='block_1_57' title="bbox 1846 3019 3392 3107">
    <p class='ocr_par' dir='ltr' id='par_1_57' title="bbox 1846 3019 3392 3107">
     <span class='ocr_line' id='line_1_57' title="bbox 1846 3019 3392 3107; baseline -0.002 -26"><span class='ocrx_word' id='word_1_423' title='bbox 1846 3030 2070 3099; x_wconf 75' lang='lat' dir='ltr'><strong>ablegat.</strong></span> <span class='ocrx_word' id='word_1_424' title='bbox 2109 3030 2229 3083; x_wconf 80' lang='lat' dir='ltr'><strong>Non</strong></span> <span class='ocrx_word' id='word_1_425' title='bbox 2269 3030 2380 3084; x_wconf 87' lang='lat' dir='ltr'><strong>odit</strong></span> <span class='ocrx_word' id='word_1_426' title='bbox 2404 3019 2652 3107; x_wconf 79' lang='lat' dir='ltr'><strong>feminam</strong></span> <span class='ocrx_word' id='word_1_427' title='bbox 2679 3030 2740 3082; x_wconf 87' lang='lat' dir='ltr'><strong>ob</strong></span> <span class='ocrx_word' id='word_1_428' title='bbox 2756 3028 2941 3097; x_wconf 71' lang='lat' dir='ltr'><strong>prima:</strong></span> <span class='ocrx_word' id='word_1_429' title='bbox 2967 3029 3191 3096; x_wconf 73' lang='lat' dir='ltr'><strong>Originis</strong></span> <span class='ocrx_word' id='word_1_430' title='bbox 3216 3028 3392 3079; x_wconf 81' lang='lat' dir='ltr'><strong>iuobe-</strong></span> 
     </span>
    </p>
   </div>
   <div class='ocr_carea' id='block_1_58' title="bbox 1848 3118 3393 3191">
    <p class='ocr_par' dir='ltr' id='par_1_58' title="bbox 1848 3118 3393 3191">
     <span class='ocr_line' id='line_1_58' title="bbox 1848 3118 3393 3191; baseline -0.003 -17"><span class='ocrx_word' id='word_1_431' title='bbox 1848 3123 2122 3186; x_wconf 87' lang='lat' dir='ltr'><strong>dientiam,</strong></span> <span class='ocrx_word' id='word_1_432' title='bbox 2151 3140 2242 3176; x_wconf 88' lang='lat' dir='ltr'><strong>nec</strong></span> <span class='ocrx_word' id='word_1_433' title='bbox 2276 3124 2444 3179; x_wconf 82' lang='lat' dir='ltr'><strong>virum</strong></span> <span class='ocrx_word' id='word_1_434' title='bbox 2488 3120 2550 3174; x_wconf 87' lang='lat' dir='ltr'><strong>ob</strong></span> <span class='ocrx_word' id='word_1_435' title='bbox 2595 3120 3019 3191; x_wconf 80' lang='lat' dir='ltr'><strong>transgressionis</strong></span> <span class='ocrx_word' id='word_1_436' title='bbox 3067 3128 3263 3179; x_wconf 83' lang='lat' dir='ltr'><strong>reatum</strong></span> <span class='ocrx_word' id='word_1_437' title='bbox 3302 3118 3393 3183; x_wconf 79' lang='lat' dir='ltr'><strong>de-</strong></span> 
     </span>
    </p>
   </div>
   <div class='ocr_carea' id='block_1_59' title="bbox 1850 3206 3390 3283">
    <p class='ocr_par' dir='ltr' id='par_1_59' title="bbox 1850 3206 3390 3283">
     <span class='ocr_line' id='line_1_59' title="bbox 1850 3206 3390 3283; baseline -0.001 -18"><span class='ocrx_word' id='word_1_438' title='bbox 1850 3214 2051 3276; x_wconf 83' lang='lat' dir='ltr'><strong>turbat;</strong></span> <span class='ocrx_word' id='word_1_439' title='bbox 2080 3214 2171 3266; x_wconf 87' lang='lat' dir='ltr'><strong>sed</strong></span> <span class='ocrx_word' id='word_1_440' title='bbox 2200 3230 2373 3267; x_wconf 86' lang='lat' dir='ltr'><strong>omnes</strong></span> <span class='ocrx_word' id='word_1_441' title='bbox 2399 3211 2530 3279; x_wconf 76' lang='lat' dir='ltr'><strong>vult,</strong></span> <span class='ocrx_word' id='word_1_442' title='bbox 2560 3216 2831 3283; x_wconf 80' lang='lat' dir='ltr'><strong>omnesque</strong></span> <span class='ocrx_word' id='word_1_443' title='bbox 2869 3210 3072 3269; x_wconf 67' lang='lat' dir='ltr'><strong>salvere</strong></span> <span class='ocrx_word' id='word_1_444' title='bbox 3108 3206 3390 3264; x_wconf 74' lang='lat' dir='ltr'><strong>desiderat.</strong></span> 
     </span>
    </p>
   </div>
   <div class='ocr_carea' id='block_1_60' title="bbox 196 3302 3444 3377">
    <p class='ocr_par' dir='ltr' id='par_1_60' title="bbox 196 3302 3444 3377">
     <span class='ocr_line' id='line_1_60' title="bbox 196 3302 3444 3377; baseline -0.001 -22"><span class='ocrx_word' id='word_1_445' title='bbox 196 3302 464 3366; x_wconf 74' lang='lat' dir='ltr'><strong>excludit,</strong></span> <span class='ocrx_word' id='word_1_446' title='bbox 493 3316 561 3356; x_wconf 88' lang='lat' dir='ltr'><strong>ne</strong></span> <span class='ocrx_word' id='word_1_447' title='bbox 589 3303 703 3371; x_wconf 87' lang='lat' dir='ltr'><strong>ipse</strong></span> <span class='ocrx_word' id='word_1_448' title='bbox 726 3319 852 3373; x_wconf 89' lang='lat' dir='ltr'><strong>pars</strong></span> <span class='ocrx_word' id='word_1_449' title='bbox 891 3306 1189 3373; x_wconf 82' lang='lat' dir='ltr'><strong>argumenti</strong></span> <span class='ocrx_word' id='word_1_450' title='bbox 1220 3302 1463 3358; x_wconf 84' lang='lat' dir='ltr'><strong>videatur</strong></span> <span class='ocrx_word' id='word_1_451' title='bbox 1488 3344 1503 3369; x_wconf 97' lang='lat'><strong>,</strong></span> <span class='ocrx_word' id='word_1_452' title='bbox 1532 3311 1586 3357; x_wconf 86' lang='lat' dir='ltr'><strong>et</strong></span> <span class='ocrx_word' id='word_1_453' title='bbox 1628 3304 1749 3359; x_wconf 84' lang='lat' dir='ltr'><strong>linis</strong></span> <span class='ocrx_word' id='word_1_454' title='bbox 1778 3302 1816 3315; x_wconf 59' lang='grc' dir='ltr'>ν</span> <span class='ocrx_word' id='word_1_455' title='bbox 1852 3303 2038 3358; x_wconf 83' lang='lat' dir='ltr'><strong>Omnes</strong></span> <span class='ocrx_word' id='word_1_456' title='bbox 2082 3306 2177 3358; x_wconf 86' lang='lat' dir='ltr'><strong>Dei</strong></span> <span class='ocrx_word' id='word_1_457' title='bbox 2206 3305 2344 3373; x_wconf 73' lang='lat' dir='ltr'><strong>filios</strong></span> <span class='ocrx_word' id='word_1_458' title='bbox 2382 3318 2629 3377; x_wconf 75' lang='lat' dir='ltr'><strong>prcstare</strong></span> <span class='ocrx_word' id='word_1_459' title='bbox 2673 3303 2805 3369; x_wconf 83' lang='lat' dir='ltr'><strong>vult,</strong></span> <span class='ocrx_word' id='word_1_460' title='bbox 2843 3310 3150 3371; x_wconf 82' lang='lat' dir='ltr'><strong>sanctosque</strong></span> <span class='ocrx_word' id='word_1_461' title='bbox 3178 3372 3181 3375; x_wconf 91' lang='lat'><em>_</em></span> <span class='ocrx_word' id='word_1_462' title='bbox 3206 3308 3381 3354; x_wconf 74' lang='lat' dir='ltr'><strong>omnes</strong></span> <span class='ocrx_word' id='word_1_463' title='bbox 3434 3313 3444 3319; x_wconf 84' lang='lat'>&#39;</span> 
     </span>
    </p>
   </div>
   <div class='ocr_carea' id='block_1_61' title="bbox 161 3392 1748 3463">
    <p class='ocr_par' dir='ltr' id='par_1_61' title="bbox 161 3392 1748 3463">
     <span class='ocr_line' id='line_1_61' title="bbox 161 3392 1748 3463; baseline 0.002 -17"><span class='ocrx_word' id='word_1_464' title='bbox 161 3392 475 3461; x_wconf 68' lang='lat' dir='ltr'><strong>genuinus</strong></span> <span class='ocrx_word' id='word_1_465' title='bbox 511 3401 673 3463; x_wconf 87' lang='lat' dir='ltr'><strong>atque</strong></span> <span class='ocrx_word' id='word_1_466' title='bbox 719 3395 971 3463; x_wconf 86' lang='lat' dir='ltr'><strong>proprius.</strong></span> <span class='ocrx_word' id='word_1_467' title='bbox 1008 3395 1371 3460; x_wconf 85' lang='lat' dir='ltr'><strong>tractationis,</strong></span> <span class='ocrx_word' id='word_1_468' title='bbox 1422 3410 1530 3447; x_wconf 91' lang='lat' dir='ltr'><strong>non</strong></span> <span class='ocrx_word' id='word_1_469' title='bbox 1574 3396 1748 3449; x_wconf 90' lang='lat' dir='ltr'><strong>solum</strong></span> 
     </span>
    </p>
   </div>
   <div class='ocr_carea' id='block_1_62' title="bbox 200 3485 1080 3538">
    <p class='ocr_par' dir='ltr' id='par_1_62' title="bbox 200 3485 1080 3538">
     <span class='ocr_line' id='line_1_62' title="bbox 200 3485 1080 3538; baseline 0 -1"><span class='ocrx_word' id='word_1_470' title='bbox 200 3485 567 3538; x_wconf 75' lang='lat' dir='ltr'><strong>extrinsecus.</strong></span> <span class='ocrx_word' id='word_1_471' title='bbox 1074 3533 1080 3537; x_wconf 90' lang='lat'><strong>.</strong></span> 
     </span>
    </p>
   </div>
   <div class='ocr_carea' id='block_1_63' title="bbox 269 3568 1753 3647">
    <p class='ocr_par' dir='ltr' id='par_1_63' title="bbox 269 3568 1753 3647">
     <span class='ocr_line' id='line_1_63' title="bbox 269 3568 1753 3647; baseline 0.003 -20"><span class='ocrx_word' id='word_1_472' title='bbox 269 3575 423 3647; x_wconf 82' lang='lat' dir='ltr'><strong>Opus</strong></span> <span class='ocrx_word' id='word_1_473' title='bbox 454 3575 598 3627; x_wconf 83' lang='lat' dir='ltr'><strong>istud</strong></span> <span class='ocrx_word' id='word_1_474' title='bbox 620 3573 812 3627; x_wconf 87' lang='lat' dir='ltr'><strong>litteris</strong></span> <span class='ocrx_word' id='word_1_475' title='bbox 827 3568 1163 3644; x_wconf 73' lang='lat' dir='ltr'><strong>eonsignavit</strong></span> <span class='ocrx_word' id='word_1_476' title='bbox 1190 3585 1409 3629; x_wconf 81' lang='lat' dir='ltr'><strong>sanctus</strong></span> <span class='ocrx_word' id='word_1_477' title='bbox 1438 3574 1620 3642; x_wconf 84' lang='lat' dir='ltr'><strong>Pater,</strong></span> <span class='ocrx_word' id='word_1_478' title='bbox 1665 3594 1753 3632; x_wconf 60' lang='grc' dir='ltr'><strong>νου</strong></span> 
     </span>
    </p>
   </div>
   <div class='ocr_carea' id='block_1_64' title="bbox 202 3654 1754 3753">
    <p class='ocr_par' dir='ltr' id='par_1_64' title="bbox 202 3654 1754 3753">
     <span class='ocr_line' id='line_1_64' title="bbox 202 3654 1754 3753; baseline 0.006 -36"><span class='ocrx_word' id='word_1_479' title='bbox 202 3674 416 3753; x_wconf 50' lang='grc' dir='ltr'><strong>κθωερ</strong></span> <span class='ocrx_word' id='word_1_480' title='bbox 446 3666 678 3733; x_wconf 89' lang='lat' dir='ltr'><strong>quodam</strong></span> <span class='ocrx_word' id='word_1_481' title='bbox 722 3654 1039 3734; x_wconf 66' lang='lat' dir='ltr'><strong>Thmphilo,</strong></span> <span class='ocrx_word' id='word_1_482' title='bbox 1068 3671 1615 3735; x_wconf 77' lang='lat' dir='ltr'><strong>quocumdeeodem</strong></span> <span class='ocrx_word' id='word_1_483' title='bbox 1666 3682 1754 3726; x_wconf 83' lang='lat' dir='ltr'><strong>ar-</strong></span> 
     </span>
    </p>
   </div>
   <div class='ocr_carea' id='block_1_65' title="bbox 154 3748 1751 3829">
    <p class='ocr_par' dir='ltr' id='par_1_65' title="bbox 154 3748 1751 3829">
     <span class='ocr_line' id='line_1_65' title="bbox 154 3748 1751 3829; baseline 0.004 -23"><span class='ocrx_word' id='word_1_484' title='bbox 154 3783 161 3788; x_wconf 56' lang='grc' dir='ltr'><strong><em>ς</em></strong></span> <span class='ocrx_word' id='word_1_485' title='bbox 203 3748 469 3824; x_wconf 75' lang='lat' dir='ltr'><strong>gumento</strong></span> <span class='ocrx_word' id='word_1_486' title='bbox 504 3751 678 3807; x_wconf 85' lang='lat' dir='ltr'><strong>fuerat</strong></span> <span class='ocrx_word' id='word_1_487' title='bbox 698 3763 821 3808; x_wconf 88' lang='lat' dir='ltr'><strong>ante</strong></span> <span class='ocrx_word' id='word_1_488' title='bbox 843 3748 1177 3821; x_wconf 60' lang='lat' dir='ltr'><strong>collocutusj</strong></span> <span class='ocrx_word' id='word_1_489' title='bbox 1212 3757 1421 3828; x_wconf 86' lang='lat' dir='ltr'><strong>ipsique</strong></span> <span class='ocrx_word' id='word_1_490' title='bbox 1451 3772 1751 3829; x_wconf 83' lang='lat' dir='ltr'><strong>propterea.</strong></span> 
     </span>
    </p>
   </div>
   <div class='ocr_carea' id='block_1_66' title="bbox 204 3842 1751 3915">
    <p class='ocr_par' dir='ltr' id='par_1_66' title="bbox 204 3842 1751 3915">
     <span class='ocr_line' id='line_1_66' title="bbox 204 3842 1751 3915; baseline 0.003 -17"><span class='ocrx_word' id='word_1_491' title='bbox 204 3858 369 3913; x_wconf 80' lang='lat' dir='ltr'><strong>quem</strong></span> <span class='ocrx_word' id='word_1_492' title='bbox 403 3842 785 3897; x_wconf 75' lang='lat' dir='ltr'><strong>charissimam</strong></span> <span class='ocrx_word' id='word_1_493' title='bbox 813 3844 1030 3898; x_wconf 78' lang='lat' dir='ltr'><strong>fratrem</strong></span> <span class='ocrx_word' id='word_1_494' title='bbox 1065 3848 1331 3915; x_wconf 77' lang='lat' dir='ltr'><strong>appellat;—</strong></span> <span class='ocrx_word' id='word_1_495' title='bbox 1356 3849 1551 3903; x_wconf 89' lang='lat' dir='ltr'><strong>librum</strong></span> <span class='ocrx_word' id='word_1_496' title='bbox 1597 3866 1751 3905; x_wconf 89' lang='lat' dir='ltr'><strong>suum</strong></span> 
     </span>
    </p>
   </div>
   <div class='ocr_carea' id='block_1_67' title="bbox 188 3926 1755 4004">
    <p class='ocr_par' dir='ltr' id='par_1_67' title="bbox 188 3926 1755 4004">
     <span class='ocr_line' id='line_1_67' title="bbox 188 3926 1755 4004; baseline 0.004 -19"><span class='ocrx_word' id='word_1_497' title='bbox 188 3926 597 4002; x_wconf 54' lang='lat' dir='ltr'><strong>nuncupatio</strong></span> <span class='ocrx_word' id='word_1_498' title='bbox 619 3948 686 3986; x_wconf 83' lang='lat' dir='ltr'><strong>eo</strong></span> <span class='ocrx_word' id='word_1_499' title='bbox 707 3944 906 3992; x_wconf 88' lang='lat' dir='ltr'><strong>autem.</strong></span> <span class='ocrx_word' id='word_1_500' title='bbox 930 3928 1111 4004; x_wconf 87' lang='lat' dir='ltr'><strong>judiee</strong></span> <span class='ocrx_word' id='word_1_501' title='bbox 1138 3934 1350 4002; x_wconf 87' lang='lat' dir='ltr'><strong>Photio,</strong></span> <span class='ocrx_word' id='word_1_502' title='bbox 1380 3947 1438 3991; x_wconf 93' lang='lat' dir='ltr'><strong>ut</strong></span> <span class='ocrx_word' id='word_1_503' title='bbox 1468 3940 1625 3993; x_wconf 87' lang='lat' dir='ltr'><strong>modo</strong></span> <span class='ocrx_word' id='word_1_504' title='bbox 1659 3955 1755 3991; x_wconf 87' lang='lat' dir='ltr'><strong>au-</strong></span> 
     </span>
    </p>
   </div>
   <div class='ocr_carea' id='block_1_68' title="bbox 202 4024 1751 4095">
    <p class='ocr_par' dir='ltr' id='par_1_68' title="bbox 202 4024 1751 4095">
     <span class='ocr_line' id='line_1_68' title="bbox 202 4024 1751 4095; baseline 0.003 -18"><span class='ocrx_word' id='word_1_505' title='bbox 202 4024 469 4084; x_wconf 85' lang='lat' dir='ltr'><strong>divimus,</strong></span> <span class='ocrx_word' id='word_1_506' title='bbox 513 4033 729 4078; x_wconf 81' lang='lat' dir='ltr'><strong>servata</strong></span> <span class='ocrx_word' id='word_1_507' title='bbox 758 4040 1012 4078; x_wconf 86' lang='lat' dir='ltr'><strong>sensuum</strong></span> <span class='ocrx_word' id='word_1_508' title='bbox 1042 4027 1355 4095; x_wconf 71' lang='lat' dir='ltr'><strong>simplicitas</strong></span> <span class='ocrx_word' id='word_1_509' title='bbox 1381 4044 1446 4083; x_wconf 90' lang='lat' dir='ltr'><strong>ac</strong></span> <span class='ocrx_word' id='word_1_510' title='bbox 1486 4032 1751 4094; x_wconf 80' lang='lat' dir='ltr'><strong>vetustas;</strong></span> 
     </span>
    </p>
   </div>
   <div class='ocr_carea' id='block_1_69' title="bbox 207 4114 1756 4189">
    <p class='ocr_par' dir='ltr' id='par_1_69' title="bbox 207 4114 1756 4189">
     <span class='ocr_line' id='line_1_69' title="bbox 207 4114 1756 4189; baseline 0.003 -21"><span class='ocrx_word' id='word_1_511' title='bbox 207 4129 379 4185; x_wconf 72' lang='lat' dir='ltr'><strong>genus</strong></span> <span class='ocrx_word' id='word_1_512' title='bbox 442 4127 570 4166; x_wconf 86' lang='lat' dir='ltr'><strong>vero</strong></span> <span class='ocrx_word' id='word_1_513' title='bbox 613 4114 819 4168; x_wconf 87' lang='lat' dir='ltr'><strong>dicendi</strong></span> <span class='ocrx_word' id='word_1_514' title='bbox 883 4116 1093 4169; x_wconf 82' lang='lat' dir='ltr'><strong>clarum</strong></span> <span class='ocrx_word' id='word_1_515' title='bbox 1138 4118 1190 4172; x_wconf 91' lang='lat' dir='ltr'><strong>in</strong></span> <span class='ocrx_word' id='word_1_516' title='bbox 1247 4122 1433 4189; x_wconf 90' lang='lat' dir='ltr'><strong>primis</strong></span> <span class='ocrx_word' id='word_1_517' title='bbox 1460 4136 1523 4174; x_wconf 90' lang='lat' dir='ltr'><strong>ac</strong></span> <span class='ocrx_word' id='word_1_518' title='bbox 1553 4120 1756 4188; x_wconf 89' lang='lat' dir='ltr'><strong>perspi-</strong></span> 
     </span>
    </p>
   </div>
   <div class='ocr_carea' id='block_1_70' title="bbox 205 4206 1761 4282">
    <p class='ocr_par' dir='ltr' id='par_1_70' title="bbox 205 4206 1761 4282">
     <span class='ocr_line' id='line_1_70' title="bbox 205 4206 1761 4282; baseline 0.004 -23"><span class='ocrx_word' id='word_1_519' title='bbox 205 4221 391 4270; x_wconf 86' lang='lat' dir='ltr'><strong>cuum,</strong></span> <span class='ocrx_word' id='word_1_520' title='bbox 422 4221 526 4258; x_wconf 87' lang='lat' dir='ltr'><strong>nec</strong></span> <span class='ocrx_word' id='word_1_521' title='bbox 550 4218 654 4257; x_wconf 87' lang='lat' dir='ltr'><strong>non</strong></span> <span class='ocrx_word' id='word_1_522' title='bbox 683 4206 1108 4275; x_wconf 87' lang='lat' dir='ltr'><strong>interpretationi</strong></span> <span class='ocrx_word' id='word_1_523' title='bbox 1144 4227 1462 4282; x_wconf 81' lang='lat' dir='ltr'><strong>congruum.</strong></span> <span class='ocrx_word' id='word_1_524' title='bbox 1490 4212 1761 4266; x_wconf 68' lang='lat' dir='ltr'><strong>Caeterum</strong></span> 
     </span>
    </p>
   </div>
   <div class='ocr_carea' id='block_1_71' title="bbox 204 4296 1756 4378">
    <p class='ocr_par' dir='ltr' id='par_1_71' title="bbox 204 4296 1756 4378">
     <span class='ocr_line' id='line_1_71' title="bbox 204 4296 1756 4378; baseline 0.008 -31"><span class='ocrx_word' id='word_1_525' title='bbox 204 4297 411 4365; x_wconf 75' lang='lat' dir='ltr'><strong>epocha</strong></span> <span class='ocrx_word' id='word_1_526' title='bbox 456 4296 618 4366; x_wconf 86' lang='lat' dir='ltr'><strong>hujus</strong></span> <span class='ocrx_word' id='word_1_527' title='bbox 659 4297 780 4351; x_wconf 83' lang='lat' dir='ltr'><strong>libri</strong></span> <span class='ocrx_word' id='word_1_528' title='bbox 808 4315 1028 4367; x_wconf 90' lang='lat' dir='ltr'><strong>prorsus</strong></span> <span class='ocrx_word' id='word_1_529' title='bbox 1076 4313 1159 4357; x_wconf 85' lang='lat' dir='ltr'><strong>est</strong></span> <span class='ocrx_word' id='word_1_530' title='bbox 1194 4307 1393 4358; x_wconf 86' lang='lat' dir='ltr'><strong>incerta</strong></span> <span class='ocrx_word' id='word_1_531' title='bbox 1420 4344 1435 4367; x_wconf 91' lang='lat'><strong>,</strong></span> <span class='ocrx_word' id='word_1_532' title='bbox 1490 4322 1661 4378; x_wconf 90' lang='lat' dir='ltr'><strong>neque</strong></span> <span class='ocrx_word' id='word_1_533' title='bbox 1690 4321 1756 4360; x_wconf 76' lang='lat' dir='ltr'><strong>ex</strong></span> 
     </span>
    </p>
   </div>
   <div class='ocr_carea' id='block_1_72' title="bbox 208 4386 1797 4461">
    <p class='ocr_par' dir='ltr' id='par_1_72' title="bbox 208 4386 1797 4461">
     <span class='ocr_line' id='line_1_72' title="bbox 208 4386 1797 4461; baseline 0.008 -23"><span class='ocrx_word' id='word_1_534' title='bbox 208 4388 488 4453; x_wconf 68' lang='lat' dir='ltr'><strong>adiunctis</strong></span> <span class='ocrx_word' id='word_1_535' title='bbox 513 4386 691 4455; x_wconf 78' lang='lat' dir='ltr'><strong>colligi</strong></span> <span class='ocrx_word' id='word_1_536' title='bbox 722 4396 893 4455; x_wconf 79' lang='lat' dir='ltr'><strong>potest</strong></span> <span class='ocrx_word' id='word_1_537' title='bbox 928 4404 1039 4457; x_wconf 88' lang='lat' dir='ltr'><strong>quo</strong></span> <span class='ocrx_word' id='word_1_538' title='bbox 1071 4401 1308 4461; x_wconf 88' lang='lat' dir='ltr'><strong>tempore</strong></span> <span class='ocrx_word' id='word_1_539' title='bbox 1339 4394 1395 4447; x_wconf 91' lang='lat' dir='ltr'><strong>S.</strong></span> <span class='ocrx_word' id='word_1_540' title='bbox 1436 4393 1591 4449; x_wconf 87' lang='lat' dir='ltr'><strong>Pater</strong></span> <span class='ocrx_word' id='word_1_541' title='bbox 1616 4396 1759 4455; x_wconf 79' lang='lat' dir='ltr'><strong>hunc</strong></span> <span class='ocrx_word' id='word_1_542' title='bbox 1796 4436 1797 4439; x_wconf 58' lang='grc' dir='ltr'><strong>η</strong></span> 
     </span>
    </p>
   </div>
   <div class='ocr_carea' id='block_1_73' title="bbox 208 4482 964 4547">
    <p class='ocr_par' dir='ltr' id='par_1_73' title="bbox 208 4482 964 4547">
     <span class='ocr_line' id='line_1_73' title="bbox 208 4482 964 4547; baseline 0.001 -14"><span class='ocrx_word' id='word_1_543' title='bbox 208 4482 502 4533; x_wconf 80' lang='lat' dir='ltr'><strong>tractatum</strong></span> <span class='ocrx_word' id='word_1_544' title='bbox 540 4482 919 4547; x_wconf 89' lang='lat' dir='ltr'><strong>composuerit.</strong></span> <span class='ocrx_word' id='word_1_545' title='bbox 957 4488 964 4495; x_wconf 89' lang='lat'><strong>&#39;</strong></span> 
     </span>
    </p>
   </div>
   <div class='ocr_carea' id='block_1_74' title="bbox 595 4570 1703 4641">
    <p class='ocr_par' dir='ltr' id='par_1_74' title="bbox 595 4570 1703 4641">
     <span class='ocr_line' id='line_1_74' title="bbox 595 4570 1703 4641; baseline 0.008 -21"><span class='ocrx_word' id='word_1_546' title='bbox 595 4570 842 4637; x_wconf 72' lang='lat' dir='ltr'><strong>Analgsis</strong></span> <span class='ocrx_word' id='word_1_547' title='bbox 892 4570 1045 4639; x_wconf 85' lang='lat' dir='ltr'><strong>hujus</strong></span> <span class='ocrx_word' id='word_1_548' title='bbox 1091 4583 1364 4626; x_wconf 86' lang='lat' dir='ltr'><strong>tractatus.</strong></span> <span class='ocrx_word' id='word_1_549' title='bbox 1700 4638 1703 4641; x_wconf 96' lang='lat'><em>_</em></span> 
     </span>
    </p>
   </div>
   <div class='ocr_carea' id='block_1_75' title="bbox 279 4652 1755 4729">
    <p class='ocr_par' dir='ltr' id='par_1_75' title="bbox 279 4652 1755 4729">
     <span class='ocr_line' id='line_1_75' title="bbox 279 4652 1755 4729; baseline 0.003 -19"><span class='ocrx_word' id='word_1_550' title='bbox 279 4655 517 4713; x_wconf 81' lang='lat' dir='ltr'><strong>Sanctus</strong></span> <span class='ocrx_word' id='word_1_551' title='bbox 550 4658 869 4729; x_wconf 85' lang='lat' dir='ltr'><strong>Hippolytus</strong></span> <span class='ocrx_word' id='word_1_552' title='bbox 900 4661 1096 4720; x_wconf 63' lang='lat' dir='ltr'><strong>librum</strong></span> <span class='ocrx_word' id='word_1_553' title='bbox 1126 4663 1202 4715; x_wconf 79' lang='lat' dir='ltr'><strong>De</strong></span> <span class='ocrx_word' id='word_1_554' title='bbox 1243 4652 1559 4715; x_wconf 80' lang='lat' dir='ltr'><strong>Antichrista</strong></span> <span class='ocrx_word' id='word_1_555' title='bbox 1606 4676 1755 4715; x_wconf 77' lang='lat' dir='ltr'><strong>eom-</strong></span> 
     </span>
    </p>
   </div>
   <div class='ocr_carea' id='block_1_76' title="bbox 212 4738 1755 4827">
    <p class='ocr_par' dir='ltr' id='par_1_76' title="bbox 212 4738 1755 4827">
     <span class='ocr_line' id='line_1_76' title="bbox 212 4738 1755 4827; baseline 0.003 -27"><span class='ocrx_word' id='word_1_556' title='bbox 212 4749 389 4816; x_wconf 86' lang='lat' dir='ltr'><strong>posuit</strong></span> <span class='ocrx_word' id='word_1_557' title='bbox 405 4752 700 4825; x_wconf 83' lang='lat' dir='ltr'><strong>occasione</strong></span> <span class='ocrx_word' id='word_1_558' title='bbox 723 4752 972 4820; x_wconf 83' lang='lat' dir='ltr'><strong>colloquii</strong></span> <span class='ocrx_word' id='word_1_559' title='bbox 995 4738 1349 4827; x_wconf 80' lang='lat' dir='ltr'><strong>quodhahuit</strong></span> <span class='ocrx_word' id='word_1_560' title='bbox 1375 4767 1497 4807; x_wconf 89' lang='lat' dir='ltr'><strong>cum</strong></span> <span class='ocrx_word' id='word_1_561' title='bbox 1522 4754 1755 4821; x_wconf 87' lang='lat' dir='ltr'><strong>quodam</strong></span> 
     </span>
    </p>
   </div>
   <div class='ocr_carea' id='block_1_77' title="bbox 214 4833 1760 4912">
    <p class='ocr_par' dir='ltr' id='par_1_77' title="bbox 214 4833 1760 4912">
     <span class='ocr_line' id='line_1_77' title="bbox 214 4833 1760 4912; baseline 0.005 -23"><span class='ocrx_word' id='word_1_562' title='bbox 214 4833 517 4906; x_wconf 77' lang='lat' dir='ltr'><strong>Theophilo</strong></span> <span class='ocrx_word' id='word_1_563' title='bbox 546 4840 684 4909; x_wconf 68' lang='lat'><strong>(94),</strong></span> <span class='ocrx_word' id='word_1_564' title='bbox 722 4842 809 4895; x_wconf 89' lang='lat' dir='ltr'><strong>cui</strong></span> <span class='ocrx_word' id='word_1_565' title='bbox 836 4842 993 4894; x_wconf 90' lang='lat' dir='ltr'><strong>illum</strong></span> <span class='ocrx_word' id='word_1_566' title='bbox 1015 4842 1232 4905; x_wconf 85' lang='lat' dir='ltr'><strong>dicavit,</strong></span> <span class='ocrx_word' id='word_1_567' title='bbox 1267 4857 1535 4912; x_wconf 85' lang='lat' dir='ltr'><strong>quemque</strong></span> <span class='ocrx_word' id='word_1_568' title='bbox 1557 4844 1760 4897; x_wconf 84' lang='lat' dir='ltr'><strong>charis-</strong></span> 
     </span>
    </p>
   </div>
   <div class='ocr_carea' id='block_1_78' title="bbox 217 4928 1760 5007">
    <p class='ocr_par' dir='ltr' id='par_1_78' title="bbox 217 4928 1760 5007">
     <span class='ocr_line' id='line_1_78' title="bbox 217 4928 1760 5007; baseline 0.003 -25"><span class='ocrx_word' id='word_1_569' title='bbox 217 4928 415 4982; x_wconf 91' lang='lat' dir='ltr'><strong>simum</strong></span> <span class='ocrx_word' id='word_1_570' title='bbox 442 4945 605 4982; x_wconf 90' lang='lat' dir='ltr'><strong>suum</strong></span> <span class='ocrx_word' id='word_1_571' title='bbox 633 4930 852 5007; x_wconf 81' lang='lat' dir='ltr'><strong>fratrem</strong></span> <span class='ocrx_word' id='word_1_572' title='bbox 879 4933 1131 5003; x_wconf 87' lang='lat' dir='ltr'><strong>appellat.</strong></span> <span class='ocrx_word' id='word_1_573' title='bbox 1165 4932 1341 4987; x_wconf 81' lang='lat' dir='ltr'><strong>Monet</strong></span> <span class='ocrx_word' id='word_1_574' title='bbox 1381 4944 1559 4988; x_wconf 88' lang='lat' dir='ltr'><strong>autem</strong></span> <span class='ocrx_word' id='word_1_575' title='bbox 1594 4935 1760 5002; x_wconf 90' lang='lat' dir='ltr'><strong>inpri-</strong></span> 
     </span>
    </p>
   </div>
   <div class='ocr_carea' id='block_1_79' title="bbox 218 5020 1758 5094">
    <p class='ocr_par' dir='ltr' id='par_1_79' title="bbox 218 5020 1758 5094">
     <span class='ocr_line' id='line_1_79' title="bbox 218 5020 1758 5094; baseline 0.003 -20"><span class='ocrx_word' id='word_1_576' title='bbox 218 5023 321 5075; x_wconf 89' lang='lat' dir='ltr'><strong>mis</strong></span> <span class='ocrx_word' id='word_1_577' title='bbox 344 5020 708 5091; x_wconf 84' lang='lat' dir='ltr'><strong>Theophilum</strong></span> <span class='ocrx_word' id='word_1_578' title='bbox 733 5063 749 5090; x_wconf 96' lang='lat'><strong>,</strong></span> <span class='ocrx_word' id='word_1_579' title='bbox 795 5040 862 5078; x_wconf 91' lang='lat' dir='ltr'><strong>ne</strong></span> <span class='ocrx_word' id='word_1_580' title='bbox 890 5027 1088 5094; x_wconf 84' lang='lat' dir='ltr'><strong>scripta</strong></span> <span class='ocrx_word' id='word_1_581' title='bbox 1135 5040 1232 5079; x_wconf 91' lang='lat' dir='ltr'><strong>sua</strong></span> <span class='ocrx_word' id='word_1_582' title='bbox 1270 5041 1393 5079; x_wconf 89' lang='lat' dir='ltr'><strong>cum</strong></span> <span class='ocrx_word' id='word_1_583' title='bbox 1436 5026 1758 5091; x_wconf 79' lang='lat' dir='ltr'><strong>inﬁdelibus,</strong></span> 
     </span>
    </p>
   </div>
   <div class='ocr_carea' id='block_1_80' title="bbox 285 5176 1758 5249">
    <p class='ocr_par' dir='ltr' id='par_1_80' title="bbox 285 5176 1758 5249">
     <span class='ocr_line' id='line_1_80' title="bbox 285 5176 1758 5249; baseline -0.001 -17"><span class='ocrx_word' id='word_1_584' title='bbox 285 5176 714 5249; x_wconf 82' lang='lat' dir='ltr'><strong>(9l)_Combelis.</strong></span> <span class='ocrx_word' id='word_1_585' title='bbox 744 5178 797 5231; x_wconf 94' lang='lat' dir='ltr'><strong>in</strong></span> <span class='ocrx_word' id='word_1_586' title='bbox 830 5179 973 5249; x_wconf 81' lang='lat' dir='ltr'><strong>notis</strong></span> <span class='ocrx_word' id='word_1_587' title='bbox 996 5179 1063 5233; x_wconf 90' lang='lat' dir='ltr'><strong>ad</strong></span> <span class='ocrx_word' id='word_1_588' title='bbox 1091 5195 1212 5249; x_wconf 90' lang='lat' dir='ltr'><strong>cap.</strong></span> <span class='ocrx_word' id='word_1_589' title='bbox 1244 5196 1297 5246; x_wconf 87' lang='lat' dir='ltr'><strong>v,</strong></span> <span class='ocrx_word' id='word_1_590' title='bbox 1325 5178 1462 5232; x_wconf 88' lang='lat' dir='ltr'><strong>infra</strong></span> <span class='ocrx_word' id='word_1_591' title='bbox 1487 5194 1608 5248; x_wconf 88' lang='lat' dir='ltr'><strong>pag.</strong></span> <span class='ocrx_word' id='word_1_592' title='bbox 1634 5179 1758 5243; x_wconf 72' lang='grc'><strong>419,</strong></span> 
     </span>
    </p>
   </div>
   <div class='ocr_carea' id='block_1_81' title="bbox 220 5246 912 5315">
    <p class='ocr_par' dir='ltr' id='par_1_81' title="bbox 220 5246 912 5315">
     <span class='ocr_line' id='line_1_81' title="bbox 220 5246 912 5315; baseline -0.003 -14"><span class='ocrx_word' id='word_1_593' title='bbox 220 5246 359 5315; x_wconf 77' lang='lat' dir='ltr'><strong>apud</strong></span> <span class='ocrx_word' id='word_1_594' title='bbox 382 5246 661 5308; x_wconf 28' lang='lat' dir='ltr'><strong>’Gallandq</strong></span> <span class='ocrx_word' id='word_1_595' title='bbox 684 5254 822 5315; x_wconf 75' lang='lat' dir='ltr'><strong>tom.</strong></span> <span class='ocrx_word' id='word_1_596' title='bbox 851 5247 912 5299; x_wconf 75' lang='lat' dir='ltr'><strong>ll.</strong></span> 
     </span>
    </p>
   </div>
   <div class='ocr_carea' id='block_1_82' title="bbox 285 5313 1760 5387">
    <p class='ocr_par' dir='ltr' id='par_1_82' title="bbox 285 5313 1760 5387">
     <span class='ocr_line' id='line_1_82' title="bbox 285 5313 1760 5387; baseline 0 -17"><span class='ocrx_word' id='word_1_597' title='bbox 285 5317 401 5387; x_wconf 78' lang='lat'><strong>(9‘2)</strong></span> <span class='ocrx_word' id='word_1_598' title='bbox 436 5316 651 5387; x_wconf 82' lang='lat' dir='ltr'><strong>Fabric.</strong></span> <span class='ocrx_word' id='word_1_599' title='bbox 680 5313 1127 5387; x_wconf 78' lang='lat' dir='ltr'><strong>Hippolyt.,7tom.</strong></span> <span class='ocrx_word' id='word_1_600' title='bbox 1166 5317 1187 5369; x_wconf 85' lang='grc' dir='ltr'>Ι</span> <span class='ocrx_word' id='word_1_601' title='bbox 1215 5316 1374 5385; x_wconf 86' lang='lat' dir='ltr'><strong>Opp.,</strong></span> <span class='ocrx_word' id='word_1_602' title='bbox 1404 5332 1458 5385; x_wconf 86' lang='lat' dir='ltr'><strong>p.</strong></span> <span class='ocrx_word' id='word_1_603' title='bbox 1488 5315 1541 5387; x_wconf 54' lang='lat'><strong>2,</strong></span> <span class='ocrx_word' id='word_1_604' title='bbox 1571 5324 1684 5387; x_wconf 84' lang='lat' dir='ltr'><strong>not.</strong></span> <span class='ocrx_word' id='word_1_605' title='bbox 1720 5319 1760 5370; x_wconf 82' lang='lat'><strong>‘.</strong></span> 
     </span>
    </p>
   </div>
   <div class='ocr_carea' id='block_1_83' title="bbox 285 5384 1763 5458">
    <p class='ocr_par' dir='ltr' id='par_1_83' title="bbox 285 5384 1763 5458">
     <span class='ocr_line' id='line_1_83' title="bbox 285 5384 1763 5458; baseline -0.001 -17"><span class='ocrx_word' id='word_1_606' title='bbox 285 5384 399 5458; x_wconf 78' lang='lat'><strong>(95)</strong></span> <span class='ocrx_word' id='word_1_607' title='bbox 427 5386 701 5452; x_wconf 80' lang='lat' dir='ltr'><strong>Galland.,</strong></span> <span class='ocrx_word' id='word_1_608' title='bbox 734 5384 927 5441; x_wconf 67' lang='lat' dir='ltr'><strong>tom.“</strong></span> <span class='ocrx_word' id='word_1_609' title='bbox 948 5386 1198 5440; x_wconf 84' lang='lat' dir='ltr'><strong>Biblioth.</strong></span> <span class='ocrx_word' id='word_1_610' title='bbox 1242 5384 1384 5451; x_wconf 67' lang='lat' dir='ltr'><strong>PR,</strong></span> <span class='ocrx_word' id='word_1_611' title='bbox 1428 5388 1481 5439; x_wconf 90' lang='lat' dir='ltr'><strong>in</strong></span> <span class='ocrx_word' id='word_1_612' title='bbox 1508 5384 1763 5455; x_wconf 82' lang='lat' dir='ltr'><strong>Prolcgo-</strong></span> 
     </span>
    </p>
   </div>
   <div class='ocr_carea' id='block_1_84' title="bbox 222 5471 1115 5525">
    <p class='ocr_par' dir='ltr' id='par_1_84' title="bbox 222 5471 1115 5525">
     <span class='ocr_line' id='line_1_84' title="bbox 222 5471 1115 5525; baseline 0.001 -16"><span class='ocrx_word' id='word_1_613' title='bbox 222 5471 387 5520; x_wconf 60' lang='lat' dir='ltr'><strong>metu,</strong></span> <span class='ocrx_word' id='word_1_614' title='bbox 419 5472 543 5525; x_wconf 80' lang='lat' dir='ltr'><strong>pag.</strong></span> <span class='ocrx_word' id='word_1_615' title='bbox 573 5472 691 5525; x_wconf 63' lang='lat' dir='ltr'><strong>sev.</strong></span> <span class='ocrx_word' id='word_1_616' title='bbox 1031 5524 1036 5525; x_wconf 79' lang='lat'><strong>7</strong></span> <span class='ocrx_word' id='word_1_617' title='bbox 1112 5522 1115 5523; x_wconf 79' lang='lat'><strong>7</strong></span> 
     </span>
    </p>
   </div>
   <div class='ocr_carea' id='block_1_85' title="bbox 186 5523 1763 5594">
    <p class='ocr_par' dir='ltr' id='par_1_85' title="bbox 186 5523 1763 5594">
     <span class='ocr_line' id='line_1_85' title="bbox 186 5523 1763 5594; baseline 0.001 -18"><span class='ocrx_word' id='word_1_618' title='bbox 186 5562 189 5563; x_wconf 47' lang='grc' dir='ltr'><em>ν</em></span> <span class='ocrx_word' id='word_1_619' title='bbox 240 5523 622 5594; x_wconf 27' lang='grc' dir='ltr'><strong>μ(94)ίΡὶιιει’</strong></span> <span class='ocrx_word' id='word_1_620' title='bbox 663 5535 795 5594; x_wconf 49' lang='lat' dir='ltr'><strong>post.</strong></span> <span class='ocrx_word' id='word_1_621' title='bbox 836 5524 1135 5579; x_wconf 82' lang='lat' dir='ltr'><strong>Fabricium</strong></span> <span class='ocrx_word' id='word_1_622' title='bbox 1191 5523 1488 5578; x_wconf 87' lang='lat' dir='ltr'><strong>Ceillierius</strong></span> <span class='ocrx_word' id='word_1_623' title='bbox 1536 5532 1668 5594; x_wconf 86' lang='lat' dir='ltr'><strong>tom.</strong></span> <span class='ocrx_word' id='word_1_624' title='bbox 1723 5523 1763 5577; x_wconf 94' lang='lat' dir='ltr'><strong>ll</strong></span> 
     </span>
    </p>
   </div>
   <div class='ocr_carea' id='block_1_86' title="bbox 228 5592 1767 5664">
    <p class='ocr_par' dir='ltr' id='par_1_86' title="bbox 228 5592 1767 5664">
     <span class='ocr_line' id='line_1_86' title="bbox 228 5592 1767 5664; baseline 0.002 -20"><span class='ocrx_word' id='word_1_625' title='bbox 228 5592 579 5664; x_wconf 39' lang='lat' dir='ltr'><strong>llistagénér.</strong></span> <span class='ocrx_word' id='word_1_626' title='bbox 611 5592 702 5648; x_wconf 74' lang='lat' dir='ltr'><strong>des</strong></span> <span class='ocrx_word' id='word_1_627' title='bbox 726 5605 961 5661; x_wconf 82' lang='lat' dir='ltr'><strong>auteurs,</strong></span> <span class='ocrx_word' id='word_1_628' title='bbox 987 5612 1105 5664; x_wconf 80' lang='lat' dir='ltr'><strong>pag.</strong></span> <span class='ocrx_word' id='word_1_629' title='bbox 1141 5594 1262 5657; x_wconf 68' lang='lat'><strong>534,</strong></span> <span class='ocrx_word' id='word_1_630' title='bbox 1292 5604 1401 5647; x_wconf 90' lang='lat' dir='ltr'><strong>not.</strong></span> <span class='ocrx_word' id='word_1_631' title='bbox 1432 5596 1494 5655; x_wconf 92' lang='lat' dir='ltr'><strong>d,</strong></span> <span class='ocrx_word' id='word_1_632' title='bbox 1539 5593 1767 5647; x_wconf 81' lang='lat' dir='ltr'><strong>fortasse</strong></span> 
     </span>
    </p>
   </div>
   <div class='ocr_carea' id='block_1_87' title="bbox 448 5664 1767 5733">
    <p class='ocr_par' dir='ltr' id='par_1_87' title="bbox 448 5664 1767 5733">
     <span class='ocr_line' id='line_1_87' title="bbox 448 5664 1767 5733; baseline -0.002 -16"><span class='ocrx_word' id='word_1_633' title='bbox 448 5666 752 5733; x_wconf 81' lang='lat' dir='ltr'><strong>lteOphilum</strong></span> <span class='ocrx_word' id='word_1_634' title='bbox 779 5667 1023 5719; x_wconf 87' lang='lat' dir='ltr'><strong>eumdem</strong></span> <span class='ocrx_word' id='word_1_635' title='bbox 1056 5664 1253 5729; x_wconf 85' lang='lat' dir='ltr'><strong>luisse,</strong></span> <span class='ocrx_word' id='word_1_636' title='bbox 1289 5678 1447 5733; x_wconf 82' lang='lat' dir='ltr'><strong>quem</strong></span> <span class='ocrx_word' id='word_1_637' title='bbox 1476 5664 1767 5733; x_wconf 87' lang='lat' dir='ltr'><strong>alloquitur</strong></span> 
     </span>
    </p>
   </div>
   <div class='ocr_carea' id='block_1_88' title="bbox 226 5663 1765 5804">
    <p class='ocr_par' dir='ltr' id='par_1_88' title="bbox 226 5663 1765 5804">
     <span class='ocr_line' id='line_1_88' title="bbox 227 5663 1765 5733; baseline 0 -18"><span class='ocrx_word' id='word_1_638' title='bbox 227 5663 369 5716; x_wconf 88' lang='lat' dir='ltr'><strong>hunc</strong></span> <span class='ocrx_word' id='word_1_639' title='bbox 396 5663 752 5733; x_wconf 84' lang='lat' dir='ltr'><strong>TheOphilum</strong></span> <span class='ocrx_word' id='word_1_640' title='bbox 779 5667 1023 5719; x_wconf 87' lang='lat' dir='ltr'><strong>eumdem</strong></span> <span class='ocrx_word' id='word_1_641' title='bbox 1056 5664 1253 5729; x_wconf 85' lang='lat' dir='ltr'><strong>luisse,</strong></span> <span class='ocrx_word' id='word_1_642' title='bbox 1289 5678 1447 5732; x_wconf 88' lang='lat' dir='ltr'><strong>quem</strong></span> <span class='ocrx_word' id='word_1_643' title='bbox 1476 5664 1765 5731; x_wconf 88' lang='lat' dir='ltr'><strong>alloquitur</strong></span> 
     </span>
     <span class='ocr_line' id='line_1_89' title="bbox 226 5730 1765 5804; baseline 0.001 -20"><span class='ocrx_word' id='word_1_644' title='bbox 226 5730 529 5787; x_wconf 71' lang='lat' dir='ltr'><strong>Methodius</strong></span> <span class='ocrx_word' id='word_1_645' title='bbox 578 5735 860 5804; x_wconf 80' lang='lat' dir='ltr'><strong>episcopus</strong></span> <span class='ocrx_word' id='word_1_646' title='bbox 903 5734 1046 5804; x_wconf 82' lang='lat' dir='ltr'><strong>Tyri,</strong></span> <span class='ocrx_word' id='word_1_647' title='bbox 1084 5734 1305 5804; x_wconf 61' lang='lat' dir='ltr'><strong>aequalis</strong></span> <span class='ocrx_word' id='word_1_648' title='bbox 1355 5732 1657 5802; x_wconf 86' lang='lat' dir='ltr'><strong>Hippolyto,</strong></span> <span class='ocrx_word' id='word_1_649' title='bbox 1712 5732 1765 5785; x_wconf 90' lang='lat' dir='ltr'><strong>in</strong></span> 
     </span>
    </p>
   </div>
   <div class='ocr_carea' id='block_1_89' title="bbox 228 5802 1765 5857">
    <p class='ocr_par' dir='ltr' id='par_1_89' title="bbox 228 5802 1765 5857">
     <span class='ocr_line' id='line_1_90' title="bbox 228 5802 1765 5857; baseline -0.002 -2"><span class='ocrx_word' id='word_1_650' title='bbox 228 5817 325 5855; x_wconf 87' lang='lat' dir='ltr'><strong>suo</strong></span> <span class='ocrx_word' id='word_1_651' title='bbox 356 5810 588 5856; x_wconf 76' lang='lat' dir='ltr'><strong>tractatu</strong></span> <span class='ocrx_word' id='word_1_652' title='bbox 625 5803 703 5856; x_wconf 83' lang='lat' dir='ltr'><strong>De</strong></span> <span class='ocrx_word' id='word_1_653' title='bbox 747 5802 1118 5857; x_wconf 72' lang='lat' dir='ltr'><strong>resurrectione</strong></span> <span class='ocrx_word' id='word_1_654' title='bbox 1146 5819 1162 5855; x_wconf 92' lang='grc'><strong>.·</strong></span> <span class='ocrx_word' id='word_1_655' title='bbox 1182 5802 1275 5856; x_wconf 84' lang='lat' dir='ltr'><strong>Vos</strong></span> <span class='ocrx_word' id='word_1_656' title='bbox 1305 5806 1439 5855; x_wconf 86' lang='lat' dir='ltr'><strong>enim</strong></span> <span class='ocrx_word' id='word_1_657' title='bbox 1474 5816 1765 5856; x_wconf 81' lang='lat' dir='ltr'><strong>sermonum</strong></span> 
     </span>
    </p>
   </div>
   <div class='ocr_carea' id='block_1_90' title="bbox 230 5871 1762 5943">
    <p class='ocr_par' dir='ltr' id='par_1_90' title="bbox 230 5871 1762 5943">
     <span class='ocr_line' id='line_1_91' title="bbox 230 5871 1762 5943; baseline -0.002 -18"><span class='ocrx_word' id='word_1_658' title='bbox 230 5880 526 5942; x_wconf 64' lang='lat' dir='ltr'><strong>nostrorum</strong></span> <span class='ocrx_word' id='word_1_659' title='bbox 550 5872 948 5942; x_wconf 82' lang='lat' dir='ltr'><strong>judices,‘teque</strong></span> <span class='ocrx_word' id='word_1_660' title='bbox 976 5875 1451 5943; x_wconf 83' lang='lat' dir='ltr'><strong>imprimis,optime</strong></span> <span class='ocrx_word' id='word_1_661' title='bbox 1471 5871 1762 5940; x_wconf 67' lang='lat' dir='ltr'><strong>Theophila.</strong></span> 
     </span>
    </p>
   </div>
   <div class='ocr_carea' id='block_1_91' title="bbox 1849 3396 3393 3467">
    <p class='ocr_par' dir='ltr' id='par_1_91' title="bbox 1849 3396 3393 3467">
     <span class='ocr_line' id='line_1_92' title="bbox 1849 3396 3393 3467; baseline -0.002 -21"><span class='ocrx_word' id='word_1_662' title='bbox 1849 3396 1903 3446; x_wconf 88' lang='lat' dir='ltr'><strong>in</strong></span> <span class='ocrx_word' id='word_1_663' title='bbox 1956 3412 2115 3447; x_wconf 88' lang='lat' dir='ltr'><strong>unum</strong></span> <span class='ocrx_word' id='word_1_664' title='bbox 2150 3396 2407 3448; x_wconf 78' lang='lat' dir='ltr'><strong>hominem</strong></span> <span class='ocrx_word' id='word_1_665' title='bbox 2439 3396 2721 3464; x_wconf 76' lang='lat' dir='ltr'><strong>perfectum</strong></span> <span class='ocrx_word' id='word_1_666' title='bbox 2767 3405 2950 3456; x_wconf 85' lang='lat' dir='ltr'><strong>vocat;</strong></span> <span class='ocrx_word' id='word_1_667' title='bbox 2992 3408 3113 3445; x_wconf 84' lang='lat' dir='ltr'><strong>nunt</strong></span> <span class='ocrx_word' id='word_1_668' title='bbox 3155 3400 3227 3467; x_wconf 77' lang='lat' dir='ltr'><strong>et</strong></span> <span class='ocrx_word' id='word_1_669' title='bbox 3260 3396 3393 3444; x_wconf 82' lang='lat' dir='ltr'><strong>unus</strong></span> 
     </span>
    </p>
   </div>
   <div class='ocr_carea' id='block_1_92' title="bbox 1850 3477 3395 3552">
    <p class='ocr_par' dir='ltr' id='par_1_92' title="bbox 1850 3477 3395 3552">
     <span class='ocr_line' id='line_1_93' title="bbox 1850 3477 3395 3552; baseline -0.003 -15"><span class='ocrx_word' id='word_1_670' title='bbox 1850 3484 1947 3538; x_wconf 86' lang='lat' dir='ltr'><strong>Dei</strong></span> <span class='ocrx_word' id='word_1_671' title='bbox 1983 3484 2154 3539; x_wconf 84' lang='lat' dir='ltr'><strong>Filius</strong></span> <span class='ocrx_word' id='word_1_672' title='bbox 2182 3496 2279 3549; x_wconf 89' lang='lat' dir='ltr'><strong>est,</strong></span> <span class='ocrx_word' id='word_1_673' title='bbox 2330 3485 2478 3552; x_wconf 83' lang='lat' dir='ltr'><strong>cujus</strong></span> <span class='ocrx_word' id='word_1_674' title='bbox 2522 3486 2681 3538; x_wconf 83' lang='lat' dir='ltr'><strong>etiam</strong></span> <span class='ocrx_word' id='word_1_675' title='bbox 2728 3500 2823 3538; x_wconf 81' lang='lat' dir='ltr'><strong>nos</strong></span> <span class='ocrx_word' id='word_1_676' title='bbox 2874 3497 3104 3535; x_wconf 69' lang='lat' dir='ltr'><strong>munere.</strong></span> <span class='ocrx_word' id='word_1_677' title='bbox 3136 3477 3395 3549; x_wconf 71' lang='lat' dir='ltr'><strong>per&#39;Spi-</strong></span> 
     </span>
    </p>
   </div>
   <div class='ocr_carea' id='block_1_93' title="bbox 1851 3572 3393 3653">
    <p class='ocr_par' dir='ltr' id='par_1_93' title="bbox 1851 3572 3393 3653">
     <span class='ocr_line' id='line_1_94' title="bbox 1851 3572 3393 3653; baseline -0.003 -28"><span class='ocrx_word' id='word_1_678' title='bbox 1851 3575 2010 3627; x_wconf 87' lang='lat' dir='ltr'><strong>ritum</strong></span> <span class='ocrx_word' id='word_1_679' title='bbox 2045 3575 2104 3630; x_wconf 91' lang='lat' dir='ltr'><strong>S.</strong></span> <span class='ocrx_word' id='word_1_680' title='bbox 2142 3579 2316 3645; x_wconf 78' lang='lat' dir='ltr'><strong>adepti</strong></span> <span class='ocrx_word' id='word_1_681' title='bbox 2349 3576 2802 3653; x_wconf 77' lang='lat' dir='ltr'><strong>regenerationem,</strong></span> <span class='ocrx_word' id='word_1_682' title='bbox 2826 3575 2881 3625; x_wconf 88' lang='lat' dir='ltr'><strong>in</strong></span> <span class='ocrx_word' id='word_1_683' title='bbox 2908 3589 3068 3649; x_wconf 83' lang='lat' dir='ltr'><strong>unum</strong></span> <span class='ocrx_word' id='word_1_684' title='bbox 3114 3572 3393 3641; x_wconf 76' lang='lat' dir='ltr'><strong>perfectum</strong></span> 
     </span>
    </p>
   </div>
   <div class='ocr_carea' id='block_1_94' title="bbox 1850 3660 3391 3730">
    <p class='ocr_par' dir='ltr' id='par_1_94' title="bbox 1850 3660 3391 3730">
     <span class='ocr_line' id='line_1_95' title="bbox 1850 3660 3391 3730; baseline -0.002 -14"><span class='ocrx_word' id='word_1_685' title='bbox 1850 3680 1913 3716; x_wconf 77' lang='lat' dir='ltr'><strong>ac</strong></span> <span class='ocrx_word' id='word_1_686' title='bbox 1943 3666 2193 3719; x_wconf 69' lang='lat' dir='ltr'><strong>calcatem</strong></span> <span class='ocrx_word' id='word_1_687' title='bbox 2217 3667 2475 3719; x_wconf 85' lang='lat' dir='ltr'><strong>hominem</strong></span> <span class='ocrx_word' id='word_1_688' title='bbox 2507 3679 2680 3717; x_wconf 86' lang='lat' dir='ltr'><strong>omnes</strong></span> <span class='ocrx_word' id='word_1_689' title='bbox 2704 3666 2970 3716; x_wconf 79' lang='lat' dir='ltr'><strong>occurrere</strong></span> <span class='ocrx_word' id='word_1_690' title='bbox 2995 3671 3231 3730; x_wconf 87' lang='lat' dir='ltr'><strong>optamus</strong></span> <span class='ocrx_word' id='word_1_691' title='bbox 3258 3660 3391 3729; x_wconf 89' lang='lat'><strong>(97).</strong></span> 
     </span>
    </p>
   </div>
   <div class='ocr_carea' id='block_1_95' title="bbox 1846 3749 3399 3823">
    <p class='ocr_par' dir='ltr' id='par_1_95' title="bbox 1846 3749 3399 3823">
     <span class='ocr_line' id='line_1_96' title="bbox 1846 3749 3399 3823; baseline -0.002 -16"><span class='ocrx_word' id='word_1_692' title='bbox 1846 3754 2041 3815; x_wconf 84' lang='lat' dir='ltr'><strong>Postea</strong></span> <span class='ocrx_word' id='word_1_693' title='bbox 2081 3756 2267 3823; x_wconf 83' lang='lat' dir='ltr'><strong>paucis</strong></span> <span class='ocrx_word' id='word_1_694' title='bbox 2311 3754 2533 3823; x_wconf 80' lang='lat' dir='ltr'><strong>exponit</strong></span> <span class='ocrx_word' id='word_1_695' title='bbox 2569 3754 2839 3823; x_wconf 90' lang='lat' dir='ltr'><strong>quomodo</strong></span> <span class='ocrx_word' id='word_1_696' title='bbox 2868 3749 3097 3807; x_wconf 83' lang='lat' dir='ltr'><strong>Verbum</strong></span> <span class='ocrx_word' id='word_1_697' title='bbox 3123 3751 3237 3815; x_wconf 88' lang='lat' dir='ltr'><strong>Dei,</strong></span> <span class='ocrx_word' id='word_1_698' title='bbox 3272 3751 3399 3805; x_wconf 87' lang='lat' dir='ltr'><strong>licet</strong></span> 
     </span>
    </p>
   </div>
   <div class='ocr_carea' id='block_1_96' title="bbox 1851 3838 3497 3914">
    <p class='ocr_par' dir='ltr' id='par_1_96' title="bbox 1851 3838 3497 3914">
     <span class='ocr_line' id='line_1_97' title="bbox 1851 3838 3497 3914; baseline 0.001 -18"><span class='ocrx_word' id='word_1_699' title='bbox 1851 3844 2175 3913; x_wconf 81' lang='lat' dir='ltr'><strong>purissimus</strong></span> <span class='ocrx_word' id='word_1_700' title='bbox 2202 3845 2444 3914; x_wconf 89' lang='lat' dir='ltr'><strong>spiritus,</strong></span> <span class='ocrx_word' id='word_1_701' title='bbox 2476 3846 2531 3898; x_wconf 90' lang='lat' dir='ltr'><strong>in</strong></span> <span class='ocrx_word' id='word_1_702' title='bbox 2572 3856 2725 3900; x_wconf 89' lang='lat' dir='ltr'><strong>utero</strong></span> <span class='ocrx_word' id='word_1_703' title='bbox 2760 3841 2993 3914; x_wconf 84' lang='lat' dir='ltr'><strong>Virginis</strong></span> <span class='ocrx_word' id='word_1_704' title='bbox 3030 3844 3101 3897; x_wconf 91' lang='lat' dir='ltr'><strong>sit</strong></span> <span class='ocrx_word' id='word_1_705' title='bbox 3143 3838 3396 3897; x_wconf 74' lang='lat' dir='ltr'><strong>incarn&#39;a-</strong></span> <span class='ocrx_word' id='word_1_706' title='bbox 3494 3886 3497 3889; x_wconf 58' lang='grc' dir='ltr'><strong>ς</strong></span> 
     </span>
    </p>
   </div>
   <div class='ocr_carea' id='block_1_97' title="bbox 1854 3931 3398 4006">
    <p class='ocr_par' dir='ltr' id='par_1_97' title="bbox 1854 3931 3398 4006">
     <span class='ocr_line' id='line_1_98' title="bbox 1854 3931 3398 4006; baseline 0.003 -19"><span class='ocrx_word' id='word_1_707' title='bbox 1854 3946 2001 4000; x_wconf 91' lang='lat' dir='ltr'><strong>tum;</strong></span> <span class='ocrx_word' id='word_1_708' title='bbox 2031 3945 2192 4005; x_wconf 86' lang='lat' dir='ltr'><strong>atque</strong></span> <span class='ocrx_word' id='word_1_709' title='bbox 2219 3938 2516 4001; x_wconf 90' lang='lat' dir='ltr'><strong>concludit,</strong></span> <span class='ocrx_word' id='word_1_710' title='bbox 2546 3936 2697 4006; x_wconf 85' lang='lat' dir='ltr'><strong>quod</strong></span> <span class='ocrx_word' id='word_1_711' title='bbox 2734 3931 2971 3989; x_wconf 85' lang='lat' dir='ltr'><strong>Vérbum</strong></span> <span class='ocrx_word' id='word_1_712' title='bbox 3014 3936 3168 3997; x_wconf 84' lang='lat' dir='ltr'><strong>carni</strong></span> <span class='ocrx_word' id='word_1_713' title='bbox 3200 3946 3398 3992; x_wconf 62' lang='lat' dir='ltr'><strong>nostra:</strong></span> 
     </span>
    </p>
   </div>
   <div class='ocr_carea' id='block_1_98' title="bbox 1852 4027 3399 4097">
    <p class='ocr_par' dir='ltr' id='par_1_98' title="bbox 1852 4027 3399 4097">
     <span class='ocr_line' id='line_1_99' title="bbox 1852 4027 3399 4097; baseline 0.003 -19"><span class='ocrx_word' id='word_1_714' title='bbox 1852 4027 2067 4080; x_wconf 84' lang='lat' dir='ltr'><strong>mortali</strong></span> <span class='ocrx_word' id='word_1_715' title='bbox 2111 4029 2318 4081; x_wconf 88' lang='lat' dir='ltr'><strong>unitum</strong></span> <span class='ocrx_word' id='word_1_716' title='bbox 2347 4028 2549 4097; x_wconf 76' lang='lat' dir='ltr'><strong>fuerit,</strong></span> <span class='ocrx_word' id='word_1_717' title='bbox 2578 4037 2636 4081; x_wconf 91' lang='lat' dir='ltr'><strong>ut</strong></span> <span class='ocrx_word' id='word_1_718' title='bbox 2659 4036 2901 4080; x_wconf 76' lang='lat' dir='ltr'><strong>nostrum</strong></span> <span class='ocrx_word' id='word_1_719' title='bbox 2924 4034 3127 4096; x_wconf 10' lang='lat' dir='ltr'><strong>corpus,</strong></span> <span class='ocrx_word' id='word_1_720' title='bbox 3154 4029 3399 4083; x_wconf 87' lang='lat' dir='ltr'><strong>redderet</strong></span> 
     </span>
    </p>
   </div>
   <div class='ocr_carea' id='block_1_99' title="bbox 1835 4116 3401 4193">
    <p class='ocr_par' dir='ltr' id='par_1_99' title="bbox 1835 4116 3401 4193">
     <span class='ocr_line' id='line_1_100' title="bbox 1835 4116 3401 4193; baseline -0.002 -19"><span class='ocrx_word' id='word_1_721' title='bbox 1835 4116 2281 4185; x_wconf 57' lang='lat' dir='ltr'><strong>,incorruptibi-le,</strong></span> <span class='ocrx_word' id='word_1_722' title='bbox 2307 4118 2579 4185; x_wconf 82' lang='lat' dir='ltr'><strong>hominem</strong></span> <span class='ocrx_word' id='word_1_723' title='bbox 2608 4116 2871 4184; x_wconf 88' lang='lat' dir='ltr'><strong>perditum</strong></span> <span class='ocrx_word' id='word_1_724' title='bbox 2895 4116 3145 4169; x_wconf 80' lang='lat' dir='ltr'><strong>salvaret.</strong></span> <span class='ocrx_word' id='word_1_725' title='bbox 3192 4116 3401 4193; x_wconf 52' lang='lat' dir='ltr'><strong>Aidjuns</strong></span> 
     </span>
    </p>
   </div>
   <div class='ocr_carea' id='block_1_100' title="bbox 1855 4202 3401 4275">
    <p class='ocr_par' dir='ltr' id='par_1_100' title="bbox 1855 4202 3401 4275">
     <span class='ocr_line' id='line_1_101' title="bbox 1855 4202 3401 4275; baseline 0.002 -18"><span class='ocrx_word' id='word_1_726' title='bbox 1855 4205 1929 4275; x_wconf 83' lang='lat' dir='ltr'><strong>git</strong></span> <span class='ocrx_word' id='word_1_727' title='bbox 1959 4207 2199 4274; x_wconf 74' lang='lat' dir='ltr'><strong>quaedam</strong></span> <span class='ocrx_word' id='word_1_728' title='bbox 2224 4206 2290 4259; x_wconf 90' lang='lat' dir='ltr'><strong>de</strong></span> <span class='ocrx_word' id='word_1_729' title='bbox 2322 4204 2573 4274; x_wconf 86' lang='lat' dir='ltr'><strong>passione</strong></span> <span class='ocrx_word' id='word_1_730' title='bbox 2598 4202 2805 4255; x_wconf 85' lang='lat' dir='ltr'><strong>Domini</strong></span> <span class='ocrx_word' id='word_1_731' title='bbox 2830 4203 2996 4257; x_wconf 89' lang='lat' dir='ltr'><strong>nostri</strong></span> <span class='ocrx_word' id='word_1_732' title='bbox 3027 4202 3151 4258; x_wconf 71' lang='lat' dir='ltr'><strong>Jesu</strong></span> <span class='ocrx_word' id='word_1_733' title='bbox 3174 4204 3401 4273; x_wconf 78' lang='lat' dir='ltr'><strong>Christi,-</strong></span> 
     </span>
    </p>
   </div>
   <div class='ocr_carea' id='block_1_101' title="bbox 1856 4280 3397 4365">
    <p class='ocr_par' dir='ltr' id='par_1_101' title="bbox 1856 4280 3397 4365">
     <span class='ocr_line' id='line_1_102' title="bbox 1856 4280 3397 4365; baseline 0.003 -16"><span class='ocrx_word' id='word_1_734' title='bbox 1856 4296 2374 4365; x_wconf 87' lang='lat' dir='ltr'><strong>putatquealiquam</strong></span> <span class='ocrx_word' id='word_1_735' title='bbox 2415 4295 2560 4349; x_wconf 88' lang='lat' dir='ltr'><strong>illius</strong></span> <span class='ocrx_word' id='word_1_736' title='bbox 2595 4280 2847 4349; x_wconf 29' lang='lat' dir='ltr'><strong>invenire.</strong></span> <span class='ocrx_word' id='word_1_737' title='bbox 2880 4295 3285 4350; x_wconf 87' lang='lat' dir='ltr'><strong>similitudinem</strong></span> <span class='ocrx_word' id='word_1_738' title='bbox 3341 4300 3397 4353; x_wconf 89' lang='lat' dir='ltr'><strong>in</strong></span> 
     </span>
    </p>
   </div>
   <div class='ocr_carea' id='block_1_102' title="bbox 1856 4384 2388 4452">
    <p class='ocr_par' dir='ltr' id='par_1_102' title="bbox 1856 4384 2388 4452">
     <span class='ocr_line' id='line_1_103' title="bbox 1856 4384 2388 4452; baseline -0.006 -12"><span class='ocrx_word' id='word_1_739' title='bbox 1856 4395 1969 4440; x_wconf 89' lang='lat' dir='ltr'><strong>arte</strong></span> <span class='ocrx_word' id='word_1_740' title='bbox 1997 4385 2221 4439; x_wconf 82' lang='lat' dir='ltr'><strong>textoris</strong></span> <span class='ocrx_word' id='word_1_741' title='bbox 2256 4384 2388 4452; x_wconf 85' lang='lat'><strong>(98).</strong></span> 
     </span>
    </p>
   </div>
   <div class='ocr_carea' id='block_1_103' title="bbox 1925 4475 3398 4547">
    <p class='ocr_par' dir='ltr' id='par_1_103' title="bbox 1925 4475 3398 4547">
     <span class='ocr_line' id='line_1_104' title="bbox 1925 4475 3398 4547; baseline 0.001 -18"><span class='ocrx_word' id='word_1_742' title='bbox 1925 4476 2020 4530; x_wconf 79' lang='lat' dir='ltr'><strong>llis</strong></span> <span class='ocrx_word' id='word_1_743' title='bbox 2059 4476 2350 4546; x_wconf 72' lang='lat' dir='ltr'><strong>prmissis</strong></span> <span class='ocrx_word' id='word_1_744' title='bbox 2382 4485 2671 4531; x_wconf 87' lang='lat' dir='ltr'><strong>tractatum</strong></span> <span class='ocrx_word' id='word_1_745' title='bbox 2716 4475 2791 4529; x_wconf 89' lang='lat' dir='ltr'><strong>De</strong></span> <span class='ocrx_word' id='word_1_746' title='bbox 2833 4475 3157 4531; x_wconf 77' lang='lat' dir='ltr'><strong>Antichristo</strong></span> <span class='ocrx_word' id='word_1_747' title='bbox 3193 4478 3398 4547; x_wconf 84' lang='lat' dir='ltr'><strong>incipit,</strong></span> 
     </span>
    </p>
   </div>
   <div class='ocr_carea' id='block_1_104' title="bbox 1789 4563 3403 4639">
    <p class='ocr_par' dir='ltr' id='par_1_104' title="bbox 1789 4563 3403 4639">
     <span class='ocr_line' id='line_1_105' title="bbox 1789 4563 3403 4639; baseline 0 -19"><span class='ocrx_word' id='word_1_748' title='bbox 1789 4585 1833 4639; x_wconf 76' lang='grc' dir='ltr'><strong>ι)</strong></span> <span class='ocrx_word' id='word_1_749' title='bbox 1860 4566 1925 4620; x_wconf 91' lang='lat' dir='ltr'><strong>de</strong></span> <span class='ocrx_word' id='word_1_750' title='bbox 1946 4580 2051 4635; x_wconf 89' lang='lat' dir='ltr'><strong>quo</strong></span> <span class='ocrx_word' id='word_1_751' title='bbox 2073 4581 2143 4619; x_wconf 80' lang='lat' dir='ltr'><strong>ex</strong></span> <span class='ocrx_word' id='word_1_752' title='bbox 2171 4563 2466 4633; x_wconf 88' lang='lat' dir='ltr'><strong>Scripturis</strong></span> <span class='ocrx_word' id='word_1_753' title='bbox 2499 4566 2752 4631; x_wconf 90' lang='lat' dir='ltr'><strong>ostendit,</strong></span> <span class='ocrx_word' id='word_1_754' title='bbox 2780 4574 2940 4634; x_wconf 86' lang='lat' dir='ltr'><strong>atque</strong></span> <span class='ocrx_word' id='word_1_755' title='bbox 2961 4566 3243 4635; x_wconf 85' lang='lat' dir='ltr'><strong>sequentes</strong></span> <span class='ocrx_word' id='word_1_756' title='bbox 3266 4582 3403 4635; x_wconf 57' lang='lat' dir='ltr'><strong>qua):</strong></span> 
     </span>
    </p>
   </div>
   <div class='ocr_carea' id='block_1_105' title="bbox 1854 4654 3403 4727">
    <p class='ocr_par' dir='ltr' id='par_1_105' title="bbox 1854 4654 3403 4727">
     <span class='ocr_line' id='line_1_106' title="bbox 1854 4654 3403 4727; baseline -0.003 -15"><span class='ocrx_word' id='word_1_757' title='bbox 1854 4657 2061 4712; x_wconf 90' lang='lat' dir='ltr'><strong>stiones</strong></span> <span class='ocrx_word' id='word_1_758' title='bbox 2083 4656 2290 4711; x_wconf 88' lang='lat' dir='ltr'><strong>solvere</strong></span> <span class='ocrx_word' id='word_1_759' title='bbox 2309 4668 2534 4711; x_wconf 86' lang='lat' dir='ltr'><strong>conatur</strong></span> <span class='ocrx_word' id='word_1_760' title='bbox 2557 4675 2568 4710; x_wconf 92' lang='lat'><strong>:</strong></span> <span class='ocrx_word' id='word_1_761' title='bbox 2598 4654 2861 4709; x_wconf 80' lang='lat' dir='ltr'><strong>Nimirum</strong></span> <span class='ocrx_word' id='word_1_762' title='bbox 2881 4656 3003 4723; x_wconf 90' lang='lat' dir='ltr'><strong>quis</strong></span> <span class='ocrx_word' id='word_1_763' title='bbox 3027 4660 3082 4710; x_wconf 89' lang='lat' dir='ltr'><strong>et</strong></span> <span class='ocrx_word' id='word_1_764' title='bbox 3098 4658 3269 4727; x_wconf 89' lang='lat' dir='ltr'><strong>qualis</strong></span> <span class='ocrx_word' id='word_1_765' title='bbox 3293 4657 3403 4710; x_wconf 86' lang='lat' dir='ltr'><strong>An-</strong></span> 
     </span>
    </p>
   </div>
   <div class='ocr_carea' id='block_1_106' title="bbox 1856 4748 3405 4816">
    <p class='ocr_par' dir='ltr' id='par_1_106' title="bbox 1856 4748 3405 4816">
     <span class='ocr_line' id='line_1_107' title="bbox 1856 4748 3405 4816; baseline -0.001 -14"><span class='ocrx_word' id='word_1_766' title='bbox 1856 4750 2086 4803; x_wconf 72' lang='lat' dir='ltr'><strong>tichristi</strong></span> <span class='ocrx_word' id='word_1_767' title='bbox 2116 4748 2397 4813; x_wconf 89' lang='lat' dir='ltr'><strong>adventus,</strong></span> <span class='ocrx_word' id='word_1_768' title='bbox 2422 4763 2527 4816; x_wconf 89' lang='lat' dir='ltr'><strong>qua</strong></span> <span class='ocrx_word' id='word_1_769' title='bbox 2550 4755 2703 4801; x_wconf 62' lang='lat' dir='ltr'><strong>aitate</strong></span> <span class='ocrx_word' id='word_1_770' title='bbox 2729 4761 2791 4799; x_wconf 90' lang='lat' dir='ltr'><strong>ae</strong></span> <span class='ocrx_word' id='word_1_771' title='bbox 2820 4756 3059 4816; x_wconf 84' lang='lat' dir='ltr'><strong>tempore</strong></span> <span class='ocrx_word' id='word_1_772' title='bbox 3082 4748 3405 4801; x_wconf 87' lang='lat' dir='ltr'><strong>revelabitur</strong></span> 
     </span>
    </p>
   </div>
   <div class='ocr_carea' id='block_1_107' title="bbox 1824 4823 3480 4909">
    <p class='ocr_par' dir='ltr' id='par_1_107' title="bbox 1824 4823 3480 4909">
     <span class='ocr_line' id='line_1_108' title="bbox 1824 4823 3480 4909; baseline 0 -19"><span class='ocrx_word' id='word_1_773' title='bbox 1824 4886 1825 4889; x_wconf 45' lang='grc' dir='ltr'><strong>η</strong></span> <span class='ocrx_word' id='word_1_774' title='bbox 1858 4840 2075 4909; x_wconf 89' lang='lat' dir='ltr'><strong>iniquus</strong></span> <span class='ocrx_word' id='word_1_775' title='bbox 2111 4831 2241 4905; x_wconf 84' lang='lat' dir='ltr'><strong>ille;</strong></span> <span class='ocrx_word' id='word_1_776' title='bbox 2293 4840 2579 4903; x_wconf 90' lang='lat' dir='ltr'><strong>undenam,</strong></span> <span class='ocrx_word' id='word_1_777' title='bbox 2626 4850 2681 4892; x_wconf 92' lang='lat' dir='ltr'><strong>et</strong></span> <span class='ocrx_word' id='word_1_778' title='bbox 2708 4855 2773 4893; x_wconf 83' lang='lat' dir='ltr'><strong>ex</strong></span> <span class='ocrx_word' id='word_1_779' title='bbox 2800 4856 2903 4909; x_wconf 93' lang='lat' dir='ltr'><strong>qua</strong></span> <span class='ocrx_word' id='word_1_780' title='bbox 2938 4824 3101 4901; x_wconf 80' lang='lat' dir='ltr'><strong>tribu,</strong></span> <span class='ocrx_word' id='word_1_781' title='bbox 3135 4828 3279 4905; x_wconf 87' lang='lat' dir='ltr'><strong>quod</strong></span> <span class='ocrx_word' id='word_1_782' title='bbox 3326 4838 3403 4890; x_wconf 90' lang='lat' dir='ltr'><strong>illi</strong></span> <span class='ocrx_word' id='word_1_783' title='bbox 3471 4823 3480 4832; x_wconf 72' lang='grc'><em>’</em></span> 
     </span>
    </p>
   </div>
   <div class='ocr_carea' id='block_1_108' title="bbox 1860 4928 3403 4999">
    <p class='ocr_par' dir='ltr' id='par_1_108' title="bbox 1860 4928 3403 4999">
     <span class='ocr_line' id='line_1_109' title="bbox 1860 4928 3403 4999; baseline -0.002 -15"><span class='ocrx_word' id='word_1_784' title='bbox 1860 4946 2077 4995; x_wconf 89' lang='lat' dir='ltr'><strong>nomen,</strong></span> <span class='ocrx_word' id='word_1_785' title='bbox 2092 4931 2363 4999; x_wconf 86' lang='lat' dir='ltr'><strong>quomodo</strong></span> <span class='ocrx_word' id='word_1_786' title='bbox 2381 4930 2636 4997; x_wconf 87' lang='lat' dir='ltr'><strong>populum</strong></span> <span class='ocrx_word' id='word_1_787' title='bbox 2654 4931 2708 4983; x_wconf 90' lang='lat' dir='ltr'><strong>in</strong></span> <span class='ocrx_word' id='word_1_788' title='bbox 2736 4934 2976 4984; x_wconf 89' lang='lat' dir='ltr'><strong>errorem</strong></span> <span class='ocrx_word' id='word_1_789' title='bbox 2990 4928 3222 4993; x_wconf 88' lang='lat' dir='ltr'><strong>inducet,</strong></span> <span class='ocrx_word' id='word_1_790' title='bbox 3241 4934 3403 4996; x_wconf 85' lang='lat' dir='ltr'><strong>quam</strong></span> 
     </span>
    </p>
   </div>
   <div class='ocr_carea' id='block_1_109' title="bbox 1861 5015 3406 5088">
    <p class='ocr_par' dir='ltr' id='par_1_109' title="bbox 1861 5015 3406 5088">
     <span class='ocr_line' id='line_1_110' title="bbox 1861 5015 3406 5088; baseline -0.002 -15"><span class='ocrx_word' id='word_1_791' title='bbox 1861 5022 1988 5073; x_wconf 89' lang='lat' dir='ltr'><strong>item</strong></span> <span class='ocrx_word' id='word_1_792' title='bbox 2016 5020 2218 5073; x_wconf 87' lang='lat' dir='ltr'><strong>sanctis</strong></span> <span class='ocrx_word' id='word_1_793' title='bbox 2248 5019 2648 5073; x_wconf 88' lang='lat' dir='ltr'><strong>tribulationem</strong></span> <span class='ocrx_word' id='word_1_794' title='bbox 2679 5020 2871 5073; x_wconf 81' lang='lat' dir='ltr'><strong>inferet</strong></span> <span class='ocrx_word' id='word_1_795' title='bbox 2901 5017 3031 5088; x_wconf 89' lang='lat'><strong>(99).</strong></span> <span class='ocrx_word' id='word_1_796' title='bbox 3073 5015 3204 5070; x_wconf 88' lang='lat' dir='ltr'><strong>Dein</strong></span> <span class='ocrx_word' id='word_1_797' title='bbox 3235 5018 3406 5087; x_wconf 80' lang='lat' dir='ltr'><strong>expli-</strong></span> 
     </span>
    </p>
   </div>
   <div class='ocr_carea' id='block_1_110' title="bbox 1836 5169 2866 5241">
    <p class='ocr_par' dir='ltr' id='par_1_110' title="bbox 1836 5169 2866 5241">
     <span class='ocr_line' id='line_1_111' title="bbox 1836 5169 2866 5241; baseline -0.005 -16"><span class='ocrx_word' id='word_1_798' title='bbox 1836 5173 2015 5241; x_wconf 58' lang='lat' dir='ltr'><strong>&#39;Apud</strong></span> <span class='ocrx_word' id='word_1_799' title='bbox 2051 5169 2315 5241; x_wconf 86' lang='lat' dir='ltr'><strong>Epiphan.</strong></span> <span class='ocrx_word' id='word_1_800' title='bbox 2345 5170 2533 5225; x_wconf 63' lang='lat' dir='ltr'><strong>hmres.</strong></span> <span class='ocrx_word' id='word_1_801' title='bbox 2563 5171 2652 5234; x_wconf 71' lang='grc'><strong>64,</strong></span> <span class='ocrx_word' id='word_1_802' title='bbox 2681 5186 2731 5238; x_wconf 91' lang='lat' dir='ltr'><strong>p.</strong></span> <span class='ocrx_word' id='word_1_803' title='bbox 2764 5169 2866 5236; x_wconf 72' lang='lat' dir='ltr'><strong>5M)</strong></span> 
     </span>
    </p>
   </div>
   <div class='ocr_carea' id='block_1_111' title="bbox 1955 5232 3211 5309">
    <p class='ocr_par' dir='ltr' id='par_1_111' title="bbox 1955 5232 3211 5309">
     <span class='ocr_line' id='line_1_112' title="bbox 1955 5232 3211 5309; baseline -0.003 -15"><span class='ocrx_word' id='word_1_804' title='bbox 1955 5242 2043 5301; x_wconf 82' lang='lat'><strong>95)</strong></span> <span class='ocrx_word' id='word_1_805' title='bbox 2069 5232 2345 5309; x_wconf 76' lang='lat' dir='ltr'><strong>Hippolyt.</strong></span> <span class='ocrx_word' id='word_1_806' title='bbox 2375 5241 2489 5309; x_wconf 39' lang='lat' dir='ltr'><strong>liba</strong></span> <span class='ocrx_word' id='word_1_807' title='bbox 2503 5241 2578 5292; x_wconf 89' lang='lat' dir='ltr'><strong>De</strong></span> <span class='ocrx_word' id='word_1_808' title='bbox 2605 5232 2946 5309; x_wconf 53' lang='lat' dir='ltr'><strong>Aulio/crista,</strong></span> <span class='ocrx_word' id='word_1_809' title='bbox 2975 5254 3125 5291; x_wconf 91' lang='lat' dir='ltr'><strong>num.</strong></span> <span class='ocrx_word' id='word_1_810' title='bbox 3160 5238 3211 5290; x_wconf 85' lang='grc'><strong>1.</strong></span> 
     </span>
    </p>
   </div>
   <div class='ocr_carea' id='block_1_112' title="bbox 1931 5246 3399 5381">
    <p class='ocr_par' dir='ltr' id='par_1_112' title="bbox 1931 5246 3399 5381">
     <span class='ocr_line' id='line_1_113' title="bbox 1955 5246 3211 5361; baseline -0.003 -67"><span class='ocrx_word' id='word_1_811' title='bbox 1955 5246 2043 5301; x_wconf 85' lang='grc'><strong>95)</strong></span> <span class='ocrx_word' id='word_1_812' title='bbox 2069 5246 2335 5361; x_wconf 48' lang='grc' dir='ltr'><strong>Ηῖρροιδιι.</strong></span> <span class='ocrx_word' id='word_1_813' title='bbox 2375 5246 2477 5304; x_wconf 47' lang='grc' dir='ltr'><strong>Ιώ.</strong></span> <span class='ocrx_word' id='word_1_814' title='bbox 2503 5246 2578 5292; x_wconf 89' lang='lat' dir='ltr'><strong>De</strong></span> <span class='ocrx_word' id='word_1_815' title='bbox 2605 5246 2946 5301; x_wconf 64' lang='lat' dir='ltr'><strong>Antia/crista,</strong></span> <span class='ocrx_word' id='word_1_816' title='bbox 2975 5254 3125 5291; x_wconf 91' lang='lat' dir='ltr'><strong>num.</strong></span> <span class='ocrx_word' id='word_1_817' title='bbox 3160 5246 3211 5290; x_wconf 85' lang='grc'><strong>1.</strong></span> 
     </span>
     <span class='ocr_line' id='line_1_114' title="bbox 1931 5246 3399 5381; baseline -0.004 -16"><span class='ocrx_word' id='word_1_818' title='bbox 1931 5246 2039 5381; x_wconf 40' lang='lat' dir='ltr'><strong>lilii)</strong></span> <span class='ocrx_word' id='word_1_819' title='bbox 2080 5329 2098 5360; x_wconf 71' lang='grc' dir='ltr'>ι</span> <span class='ocrx_word' id='word_1_820' title='bbox 2148 5309 2449 5381; x_wconf 77' lang='lat' dir='ltr'><strong>[tuamque</strong></span> <span class='ocrx_word' id='word_1_821' title='bbox 2476 5307 2661 5381; x_wconf 80' lang='lat' dir='ltr'><strong>Patres</strong></span> <span class='ocrx_word' id='word_1_822' title='bbox 2683 5307 2881 5381; x_wconf 84' lang='lat' dir='ltr'><strong>Spiritu</strong></span> <span class='ocrx_word' id='word_1_823' title='bbox 2907 5309 3197 5381; x_wconf 66' lang='lat' dir='ltr'><strong>prophetiae</strong></span> <span class='ocrx_word' id='word_1_824' title='bbox 3214 5307 3399 5374; x_wconf 87' lang='lat' dir='ltr'><strong>aptati,</strong></span> 
     </span>
    </p>
   </div>
   <div class='ocr_carea' id='block_1_113' title="bbox 1862 5377 3455 5449">
    <p class='ocr_par' dir='ltr' id='par_1_113' title="bbox 1862 5377 3455 5449">
     <span class='ocr_line' id='line_1_115' title="bbox 1862 5377 3455 5449; baseline -0.003 -14"><span class='ocrx_word' id='word_1_825' title='bbox 1862 5377 2124 5449; x_wconf 73' lang='lat' dir='ltr'><strong>digneque</strong></span> <span class='ocrx_word' id='word_1_826' title='bbox 2144 5380 2225 5433; x_wconf 88' lang='lat' dir='ltr'><strong>ab</strong></span> <span class='ocrx_word' id='word_1_827' title='bbox 2248 5380 2365 5448; x_wconf 91' lang='lat' dir='ltr'><strong>ipso</strong></span> <span class='ocrx_word' id='word_1_828' title='bbox 2403 5378 2574 5432; x_wconf 85' lang='lat' dir='ltr'><strong>Verbo</strong></span> <span class='ocrx_word' id='word_1_829' title='bbox 2604 5377 2874 5449; x_wconf 76' lang='lat' dir='ltr'><strong>honorati,</strong></span> <span class='ocrx_word' id='word_1_830' title='bbox 2898 5393 3007 5447; x_wconf 92' lang='lat' dir='ltr'><strong>quo</strong></span> <span class='ocrx_word' id='word_1_831' title='bbox 3023 5380 3283 5449; x_wconf 65' lang='lat' dir='ltr'><strong>nimirum</strong></span> <span class='ocrx_word' id='word_1_832' title='bbox 3312 5392 3399 5430; x_wconf 87' lang='lat' dir='ltr'><strong>ve-</strong></span> <span class='ocrx_word' id='word_1_833' title='bbox 3452 5436 3455 5439; x_wconf 20' lang='grc' dir='ltr'>ι</span> 
     </span>
    </p>
   </div>
   <div class='ocr_carea' id='block_1_114' title="bbox 1865 5443 3404 5518">
    <p class='ocr_par' dir='ltr' id='par_1_114' title="bbox 1865 5443 3404 5518">
     <span class='ocr_line' id='line_1_116' title="bbox 1865 5443 3404 5518; baseline -0.005 -15"><span class='ocrx_word' id='word_1_834' title='bbox 1865 5443 1946 5503; x_wconf 83' lang='grc' dir='ltr'><strong>ιυῐ</strong></span> <span class='ocrx_word' id='word_1_835' title='bbox 1973 5443 2173 5518; x_wconf 71' lang='lat' dir='ltr'><strong>organa</strong></span> <span class='ocrx_word' id='word_1_836' title='bbox 2211 5443 2485 5518; x_wconf 51' lang='lat' dir='ltr'><strong>in&#39;seipsis</strong></span> <span class='ocrx_word' id='word_1_837' title='bbox 2529 5448 2755 5518; x_wconf 82' lang='lat' dir='ltr'><strong>unitum</strong></span> <span class='ocrx_word' id='word_1_838' title='bbox 2781 5443 2991 5515; x_wconf 79' lang='lat' dir='ltr'><strong>semper</strong></span> <span class='ocrx_word' id='word_1_839' title='bbox 3023 5443 3404 5518; x_wconf 70' lang='lat' dir='ltr'><strong>Verbum_tan-</strong></span> 
     </span>
    </p>
   </div>
   <div class='ocr_carea' id='block_1_115' title="bbox 1863 5514 3399 5587">
    <p class='ocr_par' dir='ltr' id='par_1_115' title="bbox 1863 5514 3399 5587">
     <span class='ocr_line' id='line_1_117' title="bbox 1863 5514 3399 5587; baseline -0.003 -16"><span class='ocrx_word' id='word_1_840' title='bbox 1863 5534 2021 5586; x_wconf 86' lang='lat' dir='ltr'><strong>quam</strong></span> <span class='ocrx_word' id='word_1_841' title='bbox 2044 5514 2311 5587; x_wconf 77' lang='lat' dir='ltr'><strong>plectrum</strong></span> <span class='ocrx_word' id='word_1_842' title='bbox 2334 5570 2339 5575; x_wconf 74' lang='grc'>,</span> <span class='ocrx_word' id='word_1_843' title='bbox 2364 5514 2644 5572; x_wconf 79' lang='lat' dir='ltr'><strong>haberent.</strong></span> <span class='ocrx_word' id='word_1_844' title='bbox 2673 5516 2827 5584; x_wconf 88' lang='lat' dir='ltr'><strong>cujus</strong></span> <span class='ocrx_word' id='word_1_845' title='bbox 2867 5514 3001 5571; x_wconf 86' lang='lat' dir='ltr'><strong>nutu</strong></span> <span class='ocrx_word' id='word_1_846' title='bbox 3036 5522 3202 5587; x_wconf 79' lang='lat' dir='ltr'><strong>atque</strong></span> <span class='ocrx_word' id='word_1_847' title='bbox 3221 5514 3399 5580; x_wconf 81' lang='lat' dir='ltr'><strong>alliam</strong></span> 
     </span>
    </p>
   </div>
   <div class='ocr_carea' id='block_1_116' title="bbox 1864 5583 3396 5655">
    <p class='ocr_par' dir='ltr' id='par_1_116' title="bbox 1864 5583 3396 5655">
     <span class='ocr_line' id='line_1_118' title="bbox 1864 5583 3396 5655; baseline -0.003 -15"><span class='ocrx_word' id='word_1_848' title='bbox 1864 5583 1981 5655; x_wconf 76' lang='lat' dir='ltr'><strong>quae</strong></span> <span class='ocrx_word' id='word_1_849' title='bbox 2015 5583 2155 5641; x_wconf 46' lang='lat' dir='ltr'><strong>D’cus</strong></span> <span class='ocrx_word' id='word_1_850' title='bbox 2207 5589 2379 5650; x_wconf 78' lang='lat' dir='ltr'><strong>vellet,</strong></span> <span class='ocrx_word' id='word_1_851' title='bbox 2435 5587 2548 5639; x_wconf 84' lang='lat' dir='ltr'><strong>haec</strong></span> <span class='ocrx_word' id='word_1_852' title='bbox 2602 5583 2875 5655; x_wconf 71' lang='lat' dir='ltr'><strong>pr0phetae</strong></span> <span class='ocrx_word' id='word_1_853' title='bbox 2931 5583 3341 5640; x_wconf 86' lang='lat' dir='ltr'><strong>aununtiabant.</strong></span> <span class='ocrx_word' id='word_1_854' title='bbox 3377 5604 3396 5636; x_wconf 75' lang='grc' dir='ltr'><strong><em>ι</em></strong></span> 
     </span>
    </p>
   </div>
   <div class='ocr_carea' id='block_1_117' title="bbox 1865 5655 2683 5726">
    <p class='ocr_par' dir='ltr' id='par_1_117' title="bbox 1865 5655 2683 5726">
     <span class='ocr_line' id='line_1_119' title="bbox 1865 5655 2683 5726; baseline 0 -17"><span class='ocrx_word' id='word_1_855' title='bbox 1865 5657 2153 5726; x_wconf 87' lang='lat' dir='ltr'><strong>llippolyt.,</strong></span> <span class='ocrx_word' id='word_1_856' title='bbox 2179 5658 2273 5710; x_wconf 89' lang='lat' dir='ltr'><strong>lih.</strong></span> <span class='ocrx_word' id='word_1_857' title='bbox 2298 5658 2412 5720; x_wconf 87' lang='lat' dir='ltr'><strong>cit.,</strong></span> <span class='ocrx_word' id='word_1_858' title='bbox 2441 5670 2590 5707; x_wconf 91' lang='lat' dir='ltr'><strong>num.</strong></span> <span class='ocrx_word' id='word_1_859' title='bbox 2633 5655 2683 5726; x_wconf 73' lang='lat'><strong>2.</strong></span> 
     </span>
    </p>
   </div>
   <div class='ocr_carea' id='block_1_118' title="bbox 1936 5725 2683 5796">
    <p class='ocr_par' dir='ltr' id='par_1_118' title="bbox 1936 5725 2683 5796">
     <span class='ocr_line' id='line_1_120' title="bbox 1936 5725 2683 5796; baseline 0 -17"><span class='ocrx_word' id='word_1_860' title='bbox 1936 5725 2309 5796; x_wconf 67' lang='lat' dir='ltr'><strong>t97)ldem,l.</strong></span> <span class='ocrx_word' id='word_1_861' title='bbox 2334 5742 2406 5786; x_wconf 89' lang='lat' dir='ltr'><strong>c.,</strong></span> <span class='ocrx_word' id='word_1_862' title='bbox 2440 5740 2590 5796; x_wconf 79' lang='lat' dir='ltr'><strong>nuru.</strong></span> <span class='ocrx_word' id='word_1_863' title='bbox 2629 5725 2683 5779; x_wconf 78' lang='lat'><strong>&#39;5.</strong></span> 
     </span>
    </p>
   </div>
   <div class='ocr_carea' id='block_1_119' title="bbox 1938 5792 2582 5867">
    <p class='ocr_par' dir='ltr' id='par_1_119' title="bbox 1938 5792 2582 5867">
     <span class='ocr_line' id='line_1_121' title="bbox 1938 5792 2582 5867; baseline -0.006 -18"><span class='ocrx_word' id='word_1_864' title='bbox 1938 5792 2044 5867; x_wconf 83' lang='lat'><strong>(98)</strong></span> <span class='ocrx_word' id='word_1_865' title='bbox 2085 5796 2247 5867; x_wconf 80' lang='lat' dir='ltr'><strong>ldem,</strong></span> <span class='ocrx_word' id='word_1_866' title='bbox 2285 5798 2317 5867; x_wconf 20' lang='grc' dir='ltr'><strong>Ι..</strong></span> <span class='ocrx_word' id='word_1_867' title='bbox 2350 5810 2421 5855; x_wconf 92' lang='lat' dir='ltr'><strong>c.,</strong></span> <span class='ocrx_word' id='word_1_868' title='bbox 2449 5810 2503 5845; x_wconf 91' lang='lat' dir='ltr'><strong>n.</strong></span> <span class='ocrx_word' id='word_1_869' title='bbox 2530 5792 2582 5845; x_wconf 71' lang='grc'><strong>4.</strong></span> 
     </span>
    </p>
   </div>
   <div class='ocr_carea' id='block_1_120' title="bbox 1939 5863 2917 5939">
    <p class='ocr_par' dir='ltr' id='par_1_120' title="bbox 1939 5863 2917 5939">
     <span class='ocr_line' id='line_1_122' title="bbox 1939 5863 2917 5939; baseline 0 -22"><span class='ocrx_word' id='word_1_870' title='bbox 1939 5863 2049 5939; x_wconf 82' lang='lat'><strong>(99)</strong></span> <span class='ocrx_word' id='word_1_871' title='bbox 2091 5865 2254 5930; x_wconf 84' lang='lat' dir='ltr'><strong>Idem,</strong></span> <span class='ocrx_word' id='word_1_872' title='bbox 2294 5865 2322 5917; x_wconf 88' lang='grc' dir='ltr'><strong>ι.</strong></span> <span class='ocrx_word' id='word_1_873' title='bbox 2364 5878 2435 5929; x_wconf 76' lang='lat' dir='ltr'><strong>c.,</strong></span> <span class='ocrx_word' id='word_1_874' title='bbox 2467 5878 2619 5917; x_wconf 87' lang='lat' dir='ltr'><strong>num.</strong></span> <span class='ocrx_word' id='word_1_875' title='bbox 2655 5864 2687 5919; x_wconf 82' lang='lat'><strong>5</strong></span> <span class='ocrx_word' id='word_1_876' title='bbox 2721 5895 2743 5909; x_wconf 71' lang='grc' dir='ltr'><strong>η</strong></span> <span class='ocrx_word' id='word_1_877' title='bbox 2774 5863 2861 5917; x_wconf 74' lang='lat'><strong>25.</strong></span> <span class='ocrx_word' id='word_1_878' title='bbox 2914 5928 2917 5929; x_wconf 76' lang='lat'><strong>7</strong></span> 
     </span>
    </p>
   </div>
  </div>
