4104 6350
697 416 785 469 2M

1641 415 1722 468 DE
1753 409 1916 470 VITA
1951 413 2036 469 ΕΤ
2076 411 2380 468 SCRIPTIS
2420 413 2476 465 S.
2517 411 2903 467 IIIPPOLYTI.

3774 413 3890 471 293

694 544 778 589 cat
838 531 1076 590 visiones
1128 529 1672 589 Nsbuchodonosoris
1722 544 1775 587 et
1838 533 2073 586 Danielis
2124 533 2235 611 .hoc
2265 537 2311 593 Α
2341 545 2456 582 cem
2485 545 2709 594 cornua,
2737 545 2856 599 qua:
2920 528 3100 584 futura
3157 538 3284 585 sunt
3331 544 3492 600 regna
3522 538 3576 585 et
3613 530 3887 613 imperia;

694 627 850 682 modo
879 628 955 697 (I)
981 647 992 680 :
1024 646 1040 676 ι
1067 625 1201 692 Quia
1238 626 1397 695 igitur
1422 640 1540 694 qum
1571 626 1646 678 sic
1676 640 1872 678 areana
1905 641 2066 680 sensu
2092 600 2232 679 dicta

693 729 850 788 sunt,
906 721 1177 774 nonnullis
1225 720 1474 773 videnlur
1521 729 1677 786 captu
1740 717 1995 782 dilIicilia,
2048 733 2234 772 eorum

693 813 824 867 nihil
857 812 1251 867 abscondemus
1274 851 1289 876 ,
1322 819 1379 863 ut
1420 809 1754 878 intelligant,
1782 809 1872 877 qui
1905 823 2034 862 sana
2060 818 2237 862 meme

693 904 900 974 praediti
951 911 1092 958 sunt.
1144 900 1384 954 Lewnam
1433 900 1577 954 enim
1623 900 1848 954 dicendo
1880 898 2236 968 ascendentem

692 1013 722 1050 e
747 1000 916 1061 man’,
949 994 1363 1064 Babyloniorum
1390 977 1611 1061 regnum
1647 992 1699 1044 in
1730 991 1932 1044 mundo
1967 991 2239 1059 signiliear

691 1088 803 1152 vit,
834 1085 974 1156 quod
1008 1085 1168 1154 hujus
1198 1082 1466 1137 simulacri
1496 1090 1611 1135 erat
1642 1089 1796 1149 caput
1824 1096 2061 1132 aureum.
2086 1079 2239 1144 Quod

695 1185 869 1230 autem
905 1175 1060 1229 dicit:
1111 1173 1224 1226 Ala:
1265 1173 1376 1241 ejus
1400 1172 1548 1241 quasi
1578 1170 1790 1239 aquilw,
1815 1169 1941 1238 quia
1975 1170 2241 1223 cxaltatus

693 1255 776 1322 est
817 1283 907 1322 rex
939 1264 1454 1324 Nabuchodonosor,
1486 1271 1540 1317 et
1568 1264 1827 1316 adversus
1857 1259 2022 1314 Deum
2045 1261 2237 1314 elatus.

695 1361 831 1415 Dum
860 1363 962 1414 ait:
993 1358 1197 1412 Evulsae
1227 1367 1346 1410 sunt
1375 1355 1475 1408 alte
1505 1355 1633 1422 ejus,
1660 1355 1786 1422 quia
1817 1353 1934 1422 ejus
1967 1352 2143 1406 ablata
2161 1361 2243 1406 cst

695 1452 891 1523 gloria;
927 1449 1191 1504 fuitenim
1221 1448 1424 1515 ejcetus
1455 1461 1484 1500 e
1517 1460 1680 1514 regno
1716 1460 1834 1498 suo.
1873 1443 2108 1497 Dicendo
2147 1458 2244 1496 au-

695 1550 831 1595 tem:
864 1537 966 1593 Cor
985 1538 1206 1590 hominis
1231 1537 1411 1587 datum
1430 1542 1503 1586 est
1528 1534 1574 1585 ei
1592 1543 1639 1585 et
1663 1549 1815 1600 super
1838 1532 1988 1601 pedes
2021 1533 2244 1586 hominis

696 1630 857 1694 stetit,
893 1627 1020 1697 quia
1068 1625 1260 1680 ductus
1311 1622 1622 1693 pmnitentia
1684 1631 1784 1685 est,
1842 1622 1955 1690 ipse
2008 1622 2245 1690 seipsum

697 1733 1013 1790 agnoscens,
1047 1717 1188 1786 quod
1215 1717 1379 1769 homo
1399 1722 1560 1779 esset,
1597 1722 1650 1767 et
1678 1713 1824 1768 dedit
1855 1712 2079 1782 gloriam
2117 1710 2241 1766 Deo.

696 1807 825 1863 Post
849 1809 1068 1862 leaenam
1104 1804 1552 1876 ergosecundum
1595 1803 1794 1856 animal
1823 1803 1956 1856 vidit
2002 1818 2126 1855 urso
2153 1802 2248 1878 _'si-

698 1899 840 1963 mile,
889 1898 1031 1968 quod
1091 1905 1219 1952 sunt
1262 1896 1438 1949 Pcrsze
1471 1933 1486 1947 .
1522 1930 1536 1945 .
1571 1931 1584 1944 .
1617 1892 1857 1947 Dicendo
1899 1881 2091 1946 autem
2147 1900 2248 1945 tres

700 2002 852 2045 costae
882 1991 1015 2060 (sive
1046 1989 1282 2057 ordines)
1317 1989 1496 2062 in‘ore
1536 1986 1668 2055 ejus,
1701 1997 1809 2040 tres
1837 1994 2021 2053 gentes
2050 1983 2253 2055 signin-

701 2083 860 2148 cavit,
889 2082 1103 2143 Persas,
1137 2079 1318 2134 Medos
1349 2087 1402 2133 et
1425 2076 1771 2149 Babylonios,
1814 2068 1975 2146 idque
2016 2075 2252 2129 ostendit

704 2181 983 2242 argentum
1036 2160 1350 2240 adjunctum
1403 2182 1538 2221 auro
1567 2167 1618 2221 in
1651 2163 1962 2221 simulacro.
1997 2163 2253 2232 Sequitur

701 2263 859 2317 tertia
905 2261 1072 2335 bestia
1105 2261 1325 2329 pardus,
1382 2273 1573 2328 nempe
1624 2255 1832 2321 Graeci;
1888 2263 2010 2324 post
2058 2252 2252 2308 Persas

703 2354 844 2408 enim
875 2353 1175 2408 Alexander
1206 2349 1426 2406 Macedo
1458 2364 1638 2403 rerum
1687 2349 1891 2416 potitus
1941 2356 2023 2400 est
2068 2344 2253 2413 debel-

669 2443 811 2509 ulato
838 2422 1016 2502 Dario,
1049 2441 1140 2510 qui
1177 2441 1230 2493 in
1282 2439 1572 2494 simulacro
1603 2440 1724 2492 teris
1771 2437 1951 2506 specie
2002 2445 2256 2497 ostensus

705 2541 806 2586 est.
834 2530 1065 2585 Mecudo
1096 2540 1273 2583 autem
1305 2537 1530 2598 quatuor
1577 2529 1690 2580 alas
1747 2527 1994 2588 volucris,
2027 2523 2257 2592 apertis-

707 2621 842 2674 sime
867 2619 1048 2673 docuit
1083 2619 1356 2688 quomodo
1388 2617 1674 2670 Alexandri
1703 2617 1990 2685 imperium
2023 2613 2255 2668 divisum

705 2710 838 2775 fuit;
873 2710 1096 2764 dicendo
1121 2710 1262 2763 enim
1292 2718 1524 2779 quatuor
1549 2709 1722 2777 capita
1746 2749 1761 2773 ,
1789 2715 2041 2776 quatuor,
2069 2705 2256 2775 quies

667 2864 671 2868 4
707 2797 797 2849 illo
827 2786 1180 2852 surrexerunt
1207 2812 1376 2867 rcges,
1409 2797 1760 2864 memoravit;
1785 2793 2089 2848 Alexander
2112 2793 2257 2847 enim

706 2889 944 2940 moriens
967 2887 1247 2956 imperium
1277 2887 1506 2941 solidum
1565 2887 1617 2940 in
1657 2888 1889 2955 quatuor
1920 2880 2098 2954 partes
2123 2884 2259 2958 divi-

709 2978 795 3030 sit.
830 2975 1024 3031 Deinde
1049 2978 1124 3030 ait
1153 2995 1164 3030 :
1197 2975 1376 3030 Bestia
1400 2985 1590 3047 quarta
1615 2976 1862 3051 terrjbilis
1893 2991 1953 3028 ac
1978 2973 2253 3044 stupenda,

708 3067 881 3120 dentes
911 3068 1024 3135 ejus
1056 3067 1232 3135 ferrei,
1290 3076 1338 3122 et
1398 3067 1751 3136 ungues-11m
1821 3071 1971 3121 a'nei.
2002 3067 2283 3136 ‘Quinanr

711 3159 822 3219 isti,
858 3160 961 3212 nisi
1016 3157 1266 3223 Romani,
1314 3160 1458 3227 quod
1509 3168 1593 3212 est
1650 3159 1907 3221 ferretim,
1940 3156 2082 3226 quod
2115 3171 2259 3211 nunc

712 3258 838 3315 stat,
871 3243 1156 3317 manetque
1185 3249 1494 3318 imperium,
1525 3262 1684 3301 crura
1723 3248 1863 3300 enim
1897 3248 2015 3316 ejus
2049 3246 2256 3313 ferrea;

711 3351 834 3413 ppSt
856 3337 967 3395 lucc
992 3338 1133 3390 enim
1169 3337 1296 3405 quid
1329 3337 1473 3391 aliud
1502 3331 1738 3406 superat,
1771 3339 2110 3403 charissime,
2133 3355 2279 3408 prae-2

711 3438 794 3480 ter
816 3428 1038 3496 vestigia
1068 3428 1261 3496 pedum
1324 3428 1622 3494 simulacri,
1680 3427 1834 3482 et'in
1895 3430 2092 3497 quibus
2133 3445 2260 3498 pars

712 3518 955 3584 quaedam
985 3517 1176 3581 ferrea,
1237 3532 1362 3586 pars
1396 3531 1526 3571 vero
1583 3527 1750 3572 testea
1803 3528 1906 3581 est,
1961 3521 2264 3574 commistis

713 3609 851 3660 inter
882 3624 939 3661 se
967 3607 1281 3675 speciebus?
1307 3607 1408 3660 Per
1431 3624 1636 3677 ungues
1659 3609 1852 3678 pedum
1885 3625 2082 3664 arcano
2103 3627 2265 3676 sensu

631 3740 636 3747 .
719 3712 874 3766 rcges
903 3713 966 3750 cx
1000 3700 1090 3751 illo
1119 3708 1293 3752 ortum
1350 3701 1630 3754 habituros
1682 3701 1997 3770 designavit,
2043 3704 2117 3757 uti
2170 3702 2268 3758 Da~

714 3789 820 3841 niel
852 3791 923 3842 ait
953 3809 961 3840 :
993 3789 1298 3858 Cogitabam
1337 3791 1590 3854 ,bcstiam,
1626 3801 1674 3844 et
1719 3808 1832 3846 ecce
1856 3811 2058 3847 cornua
2095 3796 2264 3848 decent

716 3887 854 3930 retro
871 3894 1014 3950 eam,
1047 3879 1181 3930 inter
1216 3895 1330 3948 qua:
1358 3880 1531 3948 διαὶ-σιντ
1561 3882 1884 3934 minusculus
1932 3885 2064 3936 stola
2102 3886 2262 3950 alius,

713 3980 764 4023 et
791 3971 914 4030 tria,
949 3985 1060 4038 qua
1101 3980 1219 4023 ante
1251 3972 1423 4038 ipsum
1456 3981 1626 4035 erant,
1680 3987 1874 4024 cornua
1900 3974 2097 4027 evellet.
2150 3975 2266 4040 Quo

717 4078 824 4114 non
849 4062 1015 4125 aliud,
1047 4077 1208 4130 quam
1245 4062 1608 4115 Antichristus
1667 4072 1998 4117 monstratus
2022 4072 2123 4128 est,
2173 4067 2266 4134 qui

716 4166 767 4208 et
797 4155 908 4222 ipse
953 4152 1262 4207 Judteorum
1322 4168 1543 4222 regnum
1577 4154 1936 4208 suscitaturus
1987 4153 2110 4208 est:
2167 4157 2265 4209 tria

719 4260 919 4298 cornua
967 4260 1060 4313 per
1100 4261 1222 4297 eum
1260 4246 1441 4300 evulsa
1484 4256 1592 4300 tres
1618 4263 1770 4314 reges
1817 4255 1994 4311 .vocat,
2027 4246 2265 4319 Egypti,

719 4334 900 4404 Lybiae
954 4345 1006 4387 et
1083 4334 1399 4404 Ethiopian,
1466 4353 1602 4405 quos
1670 4339 1962 4392 interticict
2025 4341 2078 4392 in
2142 4340 2265 4393 belli

721 4441 852 4479 ηειρ.
879 4445 897 4475 ι

2337 635 2504 674 cornu
2560 621 2703 674 aliud
2758 635 2979 688 parvum
3029 635 3394 683 succrescens,
3447 619 3589 689 quod
3618 618 3755 673 inter
3784 617 3882 672 illa

2337 718 2672 770 numeratur,
2721 708 3118 771 Antichristus;
3172 708 3306 778 lapis
3361 706 3896 778 percutiens‘conteA

2342 813 2576 866 reusque
2610 797 2980 859 simulacrum,
3033 796 3122 865 qui
3157 787 3350 850 terram
3375 795 3686 866 adimplevit
3712 804 3768 850 et
3790 794 3892 864 jna

2338 889 2536 942 dieium
2569 889 2768 940 mundo
2794 887 2972 951 infert,
3003 887 3298 944 Christus.»

2411 978 2675 1032 Praeterea
2729 978 2785 1031 S.
2826 976 3164 1048 Hippolytus.
3217 985 3500 1048 postquam
3550 977 3892 1048 prophetiam

2341 1070 2492 1126 Isaia:
2522 1071 2584 1124 de
2617 1071 2832 1123 interitu
2853 1069 3148 1125 Jerusalem
3170 1086 3288 1141 cap.-
3321 1087 3360 1135 ι,
3395 1087 3447 1125 v.
3485 1070 3537 1138 7,
3566 1079 3619 1124 et
3658 1069 3903 1140 prophe-
3937 1083 3946 1087 ·

2341 1163 2470 1214 tiam
2502 1159 2734 1216 Daniclis
2763 1161 2826 1214 de
2856 1160 3168 1222 simulacro,
3194 1176 3286 1216 seu
3331 1169 3507 1216 statua
3532 1167 3692 1215 antea
3722 1158 3906 1230 expli-

2344 1264 2482 1313 cata.
2511 1253 2634 1307 item
2681 1254 2839 1306 aliam
2890 1253 3223 1323 prophetiam
3256 1253 3406 1309 Isaiae
3429 1269 3547 1326 cap.
3573 1269 3742 1321 van,
3766 1270 3824 1308 ν.
3864 1253 3896 1308 ί

2298 1384 2300 1386 τ
2343 1350 2396 1394 et
2430 1357 2566 1414 seq.,
2595 1343 2865 1411 impletam
2918 1357 3040 1396 esse
3069 1343 3244 1410 quoad
3269 1343 3525 1412 majorem
3551 1353 3757 1414 partem
3784 1357 3900 1397 no-

2345 1433 2493 1498 tavit,
2521 1448 2586 1487 ex
2640 1433 2956 1505 Apocalypsi
3014 1434 3182 1503 sancti
3215 1432 3437 1490 Joannis
3481 1435 3655 1504 capite
3699 1452 3816 1490 xm
3845 1444 3906 1490 et
3939 1506 3945 1513 _

2345 1539 2500 1581 xvm:
2541 1523 2859 1579 Antichristi
2901 1525 3294 1584 damnationem
3332 1524 3449 1580 fuse
3479 1525 3752 1591 describit,
3774 1541 3908 1596 quae

2346 1615 2519 1683 capita
2548 1615 2635 1669 hic
2667 1625 2885 1686 sanctus
2914 1612 3230 1684 Hippolytus
3269 1614 3321 1668 in
3361 1623 3591 1671 extenso
3636 1616 3824 1680 refert,
3850 1625 3911 1671 et

2348 1706 2564 1759 demum
2616 1705 2798 1772 subdit
2842 1705 2958 1776 (5):
2990 1705 3324 1774 Apertissime
3356 1708 3420 1760 in
3444 1707 3523 1761 his
3580 1709 3905 1781 testimoniis

2350 1794 2626 1863 sigillatim
2660 1795 2986 1848 declaratum
3020 1805 3094 1848 est
3157 1794 3221 1849 de
3262 1805 3630 1859 tormentorum
3666 1785 3907 1866 judicio,

2352 1900 2466 1954 qua:
2492 1884 2736 1937 extremis
2780 1885 3092 1952 temporibus
3131 1894 3616 1954 per-tyrannorum,
3654 1888 3744 1956 qui
3774 1890 3910 1942 tunc

2353 1983 2522 2040 erunt,
2555 1973 2805 2042 injuria»:
2833 1973 2994 2037 illam
3019 1975 3284 2028 incessum
3314 1985 3454 2031 sunt.
3528 2018 3534 2024 .

2354 2137 2360 2144 _
2423 2065 2614 2120 Postea
2643 2063 2978 2120 (lescrihit'S.
3007 2064 3183 2134 Pater,
3228 2052 3498 2135 quomodo
3531 2082 3590 2123 se
3633 2066 3911 2140 Antichri-

2356 2167 2470 2233 stns
2509 2149 2565 2210 ut
2589 2155 2755 2209 Deum
2791 2156 3061 2237 exhibebit
3093 2157 3173 2226 (4)
3191 2157 3555 2227 populumque
3581 2158 3647 2213 ad
3687 2159 3746 2214 se
3771 2174 3915 2214 eon-

2355 2248 2595 2320 gregabit
2647 2246 2722 2317 (5)
2762 2258 2922 2316 atque
2947 2258 3332 2318 persecuturus
3362 2250 3432 2304 sit
3473 2248 3768 2306 Ecclesiatn
3799 2249 3906 2322 (6).

2357 2339 2582 2395 Mortem
2611 2340 2927 2396 Antichristi
2957 2341 3174 2395 tandem
3203 2341 3390 2396 statuit
3437 2350 3557 2410 post
3592 2341 3707 2396 dies
3739 2333 3912 2412 regni

2357 2434 2527 2504 ipsius
2558 2433 2703 2488 mille
2730 2434 2990 2488 ducentos
3022 2442 3074 2487 et
3105 2435 3402 2503 sexaginta.
3438 2429 3531 2486 IIis
3560 2440 3739 2487 autem
3757 2447 3915 2489 com-

2358 2516 2515 2592 pletis
2557 2525 2712 2578 docet
2766 2525 2998 2580 futuram
3048 2525 3234 2579 mundi
3284 2523 3517 2578 universi
3551 2522 3911 2578 consumma-

2359 2609 2588 2677 tionem,
2645 2604 2906 2684 judicium
2960 2624 3292 2679 extremum,
3349 2629 3680 2686 regnumque
3734 2615 3914 2669 caelo-

2363 2720 2480 2757 rum
2513 2704 2608 2772 (7).

2433 2783 2674 2866 Denique
2713 2795 2770 2849 S.
2831 2795 3148 2866 Hippolytus
3192 2811 3343 2850 suam
3395 2793 3910 2849 demonstrationem

2362 2888 2710 2956 sequentibus
2743 2889 3050 2942 concludit:
3107 2907 3124 2936 ‹
3154 2885 3275 2953 Ilaec
3312 2887 3406 2941 tibi
3441 2886 3626 2956 paucis
3657 2884 3911 2954 exposui,

2362 2974 2679 3048 Theophile,
2728 2994 2793 3031 ex
2848 2977 3043 3032 divinis
3090 2977 3381 3046 Scripturis
3427 2974 3640 3055 hausta,
3689 2983 3751 3027 ut
3797 2987 3914 3027 ser-

2360 3069 2538 3122 vando
2570 3067 2694 3133 fide,
2729 3059 2848 3138 quae
2885 3056 3085 3139 scripta
3137 3077 3279 3132 sunt,
3329 3065 3767 3136 prOSpiciensque
3819 3062 3912 3116 fu-
3966 3082 3971 3087 ·

2287 3193 2328 3249 C
2363 3169 2504 3225 tura,
2541 3159 2858 3213 in'oll'ensum
2886 3167 2934 3212 te
2962 3157 3069 3212 Deo
3099 3173 3161 3212 ac
3212 3158 3523 3212 hominibus
3574 3172 3777 3218 serves,
3817 3171 3910 3209 ex-

2364 3250 2846 3318 spectans.beatam
2882 3264 3028 3318 spem
3070 3258 3122 3303 ct
3151 3248 3559 3302 illustrationem
3588 3245 3682 3301 Dei
3707 3255 3760 3300 et
3789 3240 3909 3299 Sal-

2364 3341 2570 3395 vatoris
2600 3341 2791 3406 nostri,
2823 3341 2878 3394 in
2904 3355 3009 3410 qna
3039 3340 3310 3395 suscitatis
3338 3339 3537 3394 sanctis
3563 3339 3760 3394 nostris
3784 3353 3910 3393 cum

2362 3435 2442 3486 eis
2477 3432 2746 3485 laetabitur
2765 3431 3068 3502 glorificaus
3101 3431 3343 3496 Patrem;
3375 3431 3474 3500 ipsi
3497 3429 3664 3500 gloria
3684 3429 3738 3485 in
3767 3443 3914 3486 sem-

2343 3521 2570 3589 piterna
2605 3522 2798 3576 saecula
2831 3523 3170 3600 saeculorum.
3198 3521 3419 3576 Amen.»

2881 3615 3272 3719 Auricutus
3302 3615 3399 3705 ιιι.¹

2440 3789 2779 3829 ε.ιιιι>ῐιοιττι
2818 3783 3118 3829 ονυεευωιι
3170 3789 3235 3826 DE
3279 3787 3528 3827 HISTORIA
3565 3788 3830 3828 ειτελκηι.

2439 3883 2961 3939 Demonstrationem
3000 3884 3065 3937 de
3113 3882 3330 3936 Christo
3367 3892 3419 3936 et
3463 3883 3796 3938 Antichristo
3823 3899 3918 3938 ex-

2368 3971 2497 4039 cipit
2525 3973 2846 4040 epusculum
2871 3972 2928 4023 in
2959 3969 3279 4031 Susannam,
3317 3987 3344 4024 a
3376 3971 3697 4026 Combelisio
3727 3970 3915 4026 Graec

2369 4077 2431 4114 ac
2475 4057 2660 4116 Latine
2685 4063 2955 4133 vulgatum
3021 4061 3138 4133 (8):
3175 4063 3299 4116 hinc
3340 4077 3469 4116 vero
3495 4077 3526 4116 a
3581 4061 3833 4143 If‘abrieio
3861 4063 3913 4114 in

2370 4167 2522 4204 suam
2547 4153 2835 4226 editionem
2861 4152 3162 4222 conjectum
3217 4154 3327 4222 (9):
3360 4155 3536 4208 versio
3571 4163 3750 4207 autem
3814 4151 3916 4206 La-

2367 4243 2479 4294 tina
2505 4244 2556 4294 in
2588 4242 2908 4296 Bibliotheca
2961 4241 3059 4297 SS.
3100 4243 3315 4296 Patrum
3377 4242 3720 4312 Lugdunensi
3763 4257 3916 4310 repe-

2370 4337 2463 4388 tita
2501 4336 2630 4403 (10).
2661 4336 2733 4389 De
2760 4337 2920 4405 hujus
2969 4337 3212 4404 opusculi
3268 4336 3570 4405 integritate
3613 4347 3774 4387 nemo
3793 4333 3915 4402 jure

2283 4463 2286 4466 -
2331 4487 2334 4492 ι
2370 4427 2622 4497 ambigat,
2661 4429 2749 4481 ubi
2791 4427 3029 4482 conferat
3082 4428 3210 4482 illud
3246 4441 3368 4480 cum
3413 4424 3760 4494 praecedentis
3791 4439 3910 4493 cap.

791 4515 987 4566 Eodem
1025 4512 1131 4567 fere
1185 4515 1346 4567 modo
1388 4515 1441 4568 S.
1497 4515 1810 4588 Hippolytus
1843 4520 2112 4573 somnium
2162 4518 2337 4592 Na-‘q
2364 4513 2457 4574 ΒΟ.
2494 4521 2766 4589 Siquidem
2799 4522 3081 4590 utrobique
3111 4505 3288 4589 parem
3320 4517 3622 4586 Scripturas
3649 4518 3911 4586 interpre-

723 4607 1185 4661 bucltodonosoris
1218 4609 1282 4661 de
1314 4610 1512 4676 ingenti
1571 4625 1634 4663 ac
1694 4612 1798 4663 alta
1856 4621 2050 4674 statua,
2100 4628 2260 4680 quam

725 4699 903 4752 Daniel
933 4699 1232 4767 descripsit,
1285 4701 1661 4769 interpretatur
1691 4702 1786 4767 (9.).
1821 4702 2054 4756 Aureum
2082 4716 2261 4772 caput,

723 4791 914 4860 inquit,
948 4793 1242 4854 simulacri,
1295 4794 1516 4856 lentum,
1553 4812 1571 4841 ε
1602 4791 1873 4863 Babylonii
1928 4803 2116 4858 crant;
2160 4795 2263 4847 hu-

658 4924 668 4940 ,
725 4883 854 4933 meri
885 4889 937 4934 et
971 4883 1188 4935 brachia
1231 4895 1502 4951 argentea,
1553 4877 1752 4946 ursus,
1791 4883 1968 4938 Persae
1997 4895 2048 4939 ct
2093 4884 2262 4947 Medi;

723 4979 907 5024 venter
952 4972 1230 5048 femurque
1257 4989 1485 5037 arneum,
1535 4976 1754 5044 pardus,
1789 4978 1879 5046 qui
1918 4978 1986 5031 ab
2036 4978 2264 5030 Alexan-

723 5062 820 5114 dro
851 5059 1017 5115 Gnaei
1075 5081 1251 5116 rerum
1303 5067 1450 5132 potiti
1514 5078 1668 5130 sunt;
1717 5084 1875 5122 crura
1923 5068 2114 5134 ferrea,
2146 5081 2264 5123 stu-

725 5153 895 5222 penda
924 5153 1087 5206 bestia
1114 5171 1173 5206 ac
1195 5156 1469 5216 terribilis,
1505 5153 1759 5219 Romani,
1794 5161 1883 5227 qui
1915 5176 2055 5214 nunc
2081 5175 2262 5214 rerum

724 5241 1032 5308 potiuntur;
1059 5244 1274 5311 vestigia
1309 5244 1524 5312 pedum,
1550 5254 1682 5298 testa
1711 5246 2034 5323 ferrumque,
2065 5264 2128 5302 ac
2173 5249 2265 5302 de-

795 5439 869 5508 (I)
901 5436 1172 5508 iIIippolyt.
1202 5440 1236 5492 l.
1265 5441 1520 5502 c.,’nuln.
1551 5443 1620 5495 ‘23
1658 5446 1787 5497 £8.

794 5507 869 5577 (9-)
898 5507 1060 5570 Idem,
1098 5510 1247 5573 ibid.,
1279 5526 1426 5563 num.
1452 5514 1539 5566 28,

795 5580 871 5644 (5)
902 5578 1062 5639 Idem,
1097 5577 1248 5640 ibid.,
1276 5579 1308 5630 l.
1335 5595 1381 5632 c.
1413 5598 1558 5635 num.
1589 5583 1673 5634 45.

792 5650 867 5712 (4)
896 5647 1033 5699 Idem
1061 5647 1154 5707 ib.,
1181 5664 1328 5701 nunt.
1361 5650 1444 5702 5‘2.

798 5719 872 5777 (5)
905 5715 978 5769 Id.
1018 5717 1170 5780 ibid.,
1206 5734 1351 5769 num.
1387 5720 1472 5771 54.

799 5787 873 5854 (ὅ)
900 5784 973 5839 Id.
1002 5787 1155 5854 ibid.,
1197 5804 1343 5842 num.
1380 5788 1446 5842 56
1469 5800 1518 5843 ct
1552 5803 1664 5859 seq.

2373 4613 2518 4664 tandi
2555 4613 2813 4666 rationem
2850 4612 3004 4666 facile
3026 4619 3298 4679 agnoscet.
3331 4607 3427 4664 liis
3467 4609 3670 4663 accedit
3699 4593 3940 4680 Georgii.

2374 4701 2604 4770 Syncelli
2638 4703 3028 4765 testimonium,
3064 4701 3154 4770 qui
3176 4700 3432 4768 scriptum
3465 4700 3912 4770 bujusmodiper-

2371 4791 2564 4859 legisse
2591 4791 2820 4844 videtur.
2878 4791 2966 4846 Sic
2994 4791 3134 4845 enim
3163 4792 3350 4846 scribit
3378 4792 3486 4862 (Η)
3513 4811 3525 4845 :
3577 4810 3609 4849 ι,
3634 4792 3796 4847 Sacer
3824 4810 3911 4848 au-

2375 4891 2478 4933 tem
2505 4881 2820 4952 Hippolytus
2849 4884 2901 4936 in
2937 4885 3136 4951 set-ipto
3186 4884 3251 4937 de
3309 4874 3553 4936 Susanna
3587 4894 3640 4938 et
3671 4883 3907 4946 Daniele.

2371 4971 2615 5026 Joacbiln
2649 4972 2873 5028 Joacimi
2933 4976 3136 5039 lilium,
3181 4975 3285 5027 alio
3316 4976 3530 5029 nomine
3575 4976 3906 5037 Jechoniam,

2372 5079 2493 5117 cum
2528 5074 2634 5117 trcs
2669 5081 2840 5119 annos
2883 5076 3236 5135 postpatrcm
3296 5066 3627 5134 imperasset,
3687 5067 3911 5137 Babylo-

2374 5171 2493 5207 nem
2521 5172 2641 5208 cnm
2697 5157 2916 5225 reliquis
2974 5156 3324 5221 translatum;
3381 5141 3650 5213 Danielem
3696 5174 3823 5213 vero
3851 5173 3910 5211 ac

2374 5257 2481 5300 tres
2525 5264 2719 5316 pueros
2745 5248 3070 5316 captivitatis
3098 5248 3256 5317 hujus
3279 5259 3594 5315 consortes;
3624 5265 3746 5304 eum
3787 5265 3908 5304 vero

2445 5447 2519 5509 (7)
2550 5446 2627 5498 Id.
2666 5447 2819 5506 ibid.,
2853 5461 2999 5498 num.
3033 5443 3122 5496 6|.
3151 5443 3237 5508 69.,
3270 5445 3356 5506 65,
3380 5445 3466 5509 64,
3498 5443 3586 5503 65,
3615 5441 3702 5496 66.
3831 5479 3838 5484 ι

2377 5586 2392 5613 Ρ
2429 5515 2880 5635 1(εξ)ϋ(]οηιὶ›ρ1ἱδ.,
2947 5515 3159 5565 Λυσίαν.
3224 5517 3436 5578 noriss.,
3501 5523 3630 5564 tum.
3689 5510 3729 5576 Ι,
3789 5529 3907 5583 pag.

2377 5595 2426 5635 at
2449 5605 2512 5634 -υ
2554 5625 2564 5635 .

2375 5595 2731 5717 δυξέὶῗί-ἠᾕνη
2755 5650 3018 5723 Hippolyt.
3053 5662 3182 5706 tom.
3208 5653 3226 5706 I
3260 5653 3568 5723 0pp.,_pa_g.
3598 5649 3700 5703 275
3717 5660 3776 5723 et
3797 5668 3906 5720 seq.

2447 5713 2556 5787 nm
2581 5713 2724 5792 Bibl.
2763 5713 2875 5774 re:
2907 5713 3170 5791 Lugdun.,
3211 5713 3574 5792 mntfxxvu,
3601 5736 3720 5792 pag.
3757 5722 3845 5777 δε.

2450 5792 2560 5858 (Η)
2585 5791 2972 5862 Chronograph.
2993 5789 3124 5861 ἧρπε.
3149 5793 3273 5858 218,
3303 5791 3369 5844 al.
3402 5789 3514 5843 ιη.
3677 5789 3691 5792 ⁷
3749 5825 3752 5828 -
