4104 6350
717 440 822 498 295
874 416 877 417 ί

1672 444 1759 500 DE
1794 445 1956 500 VITA
1988 443 2075 500 ET
2116 445 2425 503 SCRIPTIS
2462 446 2519 503 S.
2554 446 2933 503 HIPPOLYTI.

3784 451 3896 510 296

716 557 809 629 lyti
840 559 922 614 sui
950 561 1253 628 volumine;
1290 564 1382 642 qui
1406 564 1586 633 postea
1620 565 1823 620 codicis
1856 565 2098 621 Vaticani
2136 582 2265 636 apo-
2296 573 2333 627 A
2363 568 2474 631 ire;
2499 567 2627 637 quid
2660 568 2806 622 aliud
2844 566 2947 621 sibi
2985 568 3115 632 vult,
3150 568 3251 622 nisi
3295 568 3438 637 quod
3483 567 3641 625 Luca
3670 583 3782 635 va,
3838 567 3914 622 26

717 651 975 718 graphum
1003 662 1211 717 nactus,
1242 654 1384 720 quod
1411 668 1531 707 cum
1557 669 1623 709 eo
1659 657 2073 710 communicavit
2098 655 2271 711 Mont-

715 738 996 794 fauconius
1022 740 1087 794 V.
1119 741 1207 806 C.,
1238 744 1288 795 in
1321 743 1616 811 posteriore
1644 743 1827 799 Grmce
1857 754 1911 800 et
1949 743 2139 802 Latine
2178 764 2269 809 eo-

714 830 837 885 dem
898 831 1163 886 Turriano
1209 833 1495 902 interprete
1538 850 1675 904 opus
1720 837 1973 906 vulgavit.
2016 839 2155 893 Idem
2194 840 2262 894 cl.

718 923 892 977 editor
927 924 1229 993 suspicatur
1262 925 1531 980 laudatam
1562 926 2063 982 Demonstrationem
2084 930 2267 984 adver-

713 1030 801 1068 sus
848 1012 1059 1068 Judccos
1115 1030 1234 1071 esse
1286 1017 1607 1086 particulam
1654 1021 2147 1077 commentariorum,
2202 1020 2262 1076 S.

716 1104 987 1176 Hippolyti
1026 1109 1083 1170 in
1113 1106 1373 1171 Psalmos,
1402 1125 1526 1163 cum
1585 1111 1659 1167 sit
1704 1113 1868 1167 veluti
1919 1117 2263 1185 paraphrasis

712 1196 912 1252 Psalmi
960 1215 1146 1265 vaui,
1172 1202 1325 1271 juxta
1376 1199 1631 1257 Hebraeos
1655 1219 1802 1268 LXIX,
1830 1205 1884 1258 in
1929 1220 2061 1273 quo-
2084 1206 2262 1273 passio

711 1287 924 1344 Christo
976 1306 1007 1345 a
1050 1290 1249 1349 ludatis
1278 1292 1554 1349 inferenda
1581 1296 1973 1365 praenuntiatur
2003 1311 2031 1350 a
2065 1296 2263 1351 Davide

714 1381 860 1451 regio
888 1382 1078 1451 psalte.

1245 1513 1636 1570 AllTlCULUS
1676 1516 1746 1589 ν,

711 1640 778 1680 DE
804 1639 959 1680 LIBBO
995 1643 1014 1678 ι
1043 1642 1307 1684 Αυνειιευε
1343 1643 1577 1689 (ἰῐιιεϐοδ,
1604 1646 1699 1684 SEU
1740 1622 1947 1684 CdNTRA
1983 1633 2256 1686 PLATONEH

1177 1704 1242 1752 bs
1273 1713 1434 1753 CAUSA
1467 1714 1726 1753 usrvsnsr.
1759 1718 1778 1751 ι

782 1806 984 1873 Quarto
1010 1808 1128 1860 loco
1164 1808 1570 1861 memorandum
1606 1810 1843 1863 occurrit
1875 1809 2082 1879 insigne
2112 1809 2255 1881 frag-

710 1992 952 2045 adversus
1025 1990 1321 2058 Platonem,
1373 1993 1437 2046 de
1471 2010 1631 2046 causa
1660 1995 1919 2057 universi;
1949 2010 2109 2063 quem
2136 1995 2257 2064 qui-

709 2085 829 2139 dem
863 2086 917 2138 in
953 2084 1210 2139 laterculo
1255 2086 1462 2155 lapideo
1503 2097 1853 2141 memoratum
1885 2086 2087 2151 videas,
2121 2087 2256 2159 πρὸς

711 2175 971 2247 Ἕλληνας
1008 2177 1101 2230 καὶ
1146 2161 1281 2249 πρὸς
1322 2177 1596 2245 Πλάτωνα,
1626 2177 1658 2249 ἢ
1692 2180 1786 2232 καὶ
1828 2178 1953 2249 περὶ
1984 2179 2074 2232 τοῦ
2119 2197 2255 2233 παν-

708 2266 817 2329 τός.
849 2266 1009 2321 Plura
1039 2267 1105 2322 de
1132 2282 1196 2321 eo
1220 2269 1427 2323 erudite
1454 2268 1734 2324 Fabricius
1761 2269 1894 2339 (22).
1931 2266 2126 2338 Scripti
2157 2270 2257 2323 hu-

710 2356 796 2423 ius
826 2354 1123 2426 Hippolytei
1166 2358 1473 2425 praasmntia
1520 2359 1629 2413 duo
1659 2369 1931 2429 excerpta,
1961 2368 2013 2413 et
2040 2346 2255 2427 quidem

658 2480 663 2485 ι
710 2448 876 2502 editis
901 2441 1283 2515 emendatiora,
1316 2458 1529 2505 exstant
1560 2450 1613 2502 in
1647 2448 1931 2503 Parallelis
1974 2448 2258 2503 Damasce-

710 2531 849 2590 nicis
898 2524 1333 2605 Rupcfuealdinis
1383 2554 1503 2608 pag.
1540 2538 1643 2594 755
1688 2547 1743 2594 et
1785 2538 1905 2601 789,
1935 2539 2255 2608 quibuscum

710 2634 990 2695 propterea
1020 2627 1220 2682 editum
1256 2626 1635 2685 Fabricianum
1670 2630 1901 2685 contulit
1945 2630 2012 2687 cl.
2041 2630 2257 2686 Callan-

710 2717 852 2771 dius;

777 2831 1221 2903 Quandoquidem
1255 2846 1385 2888 vero
1414 2833 1480 2888 de
1505 2833 1665 2904 hujus
1701 2818 1881 2904 operis
1915 2843 2135 2889 auctore
2162 2850 2255 2889 va-

710 2923 791 2977 ria
834 2935 948 2977 tum
998 2933 1274 2990 veterum,
1323 2936 1437 2978 tum
1475 2927 1831 2979 recentiorum
1880 2924 2256 2987 circumfertur

711 3016 913 3083 opinio,
960 3016 1012 3069 in
1048 3016 1280 3069 medium
1317 3015 1583 3070 adducere
1613 3017 1787 3085 placet
1811 3016 2090 3087 Lequienii
2113 3019 2256 3092 judi-

709 3104 882 3169 cium;
917 3104 1071 3174 cuju's
1113 3105 1327 3175 quidem
1373 3104 1475 3159 viri
1521 3106 1817 3160 doctissimi
1843 3107 2162 3161 sententiam
2192 3106 2258 3159 li-

710 3196 899 3251 benter
932 3196 1321 3265 amplectimur.
1373 3196 1465 3257 Sic
1515 3196 1678 3266 igitur
1718 3197 1807 3251 ille
1833 3198 1944 3267 (25)
1976 3218 1989 3252 :
2032 3216 2049 3249 ι
2078 3196 2255 3252 Lucu-

710 3284 975 3340 brationis
1015 3286 1174 3354 hujus
1203 3284 1338 3355 Περὶ
1380 3284 1474 3337 τοῦ
1517 3285 1733 3348 παντός,
1766 3285 1840 3339 De
1873 3288 2129 3353 universo,
2157 3304 2253 3342 ex-

712 3387 951 3443 cerptum
994 3374 1137 3428 aliud
1165 3374 1391 3427 habetur
1423 3375 1475 3427 in
1512 3375 1596 3429 his
1624 3374 1902 3443 Parallelis
1933 3376 2269 3447 Rnpefucal-v

710 3464 872 3527 diuis,
922 3465 1020 3517 litt.
1070 3479 1119 3527 τι,
1151 3463 1231 3517 tit.
1266 3463 1352 3529 7i,
1404 3463 1491 3516 ubi
1538 3462 1745 3517 Mcletio
1792 3465 2107 3520 Antioclteno
2158 3468 2254 3522 tri-

712 3552 914 3605 buitur.
980 3551 1201 3606 Photius
1252 3552 1362 3621 (24)
1422 3553 1522 3607 hoc
1565 3553 1701 3607 idem
1759 3546 1903 3624 opus:
1927 3559 2253 3626 assignatum

657 3662 661 3667 λ
709 3641 878 3697 fuisse
906 3653 1088 3697 narrat
1113 3645 1310 3698 sanctis
1332 3643 1566 3711 Iustino,
1601 3644 1804 3701 lremeo
1828 3656 1881 3700 et
1904 3645 2035 3701 Caio
2061 3646 2257 3702 [toma-

710 3748 794 3786 ηπ
836 3733 1090 3788 Ecclesia:
1116 3736 1446 3803 presbytero.
1492 3736 1711 3805 Josephi
1753 3738 1968 3806 quidem
1998 3753 2105 3790 non
2136 3754 2257 3793 esse

711 3823 878 3876 fctum
905 3822 1027 3881 inde
1052 3826 1626 3889 certissime,eonstarc
1645 3812 1895 3892 arbitror,
1918 3831 2058 3899 quod
2086 3830 2259 3884 ambae

712 3914 829 3968 ista:
878 3916 1104 3982 laciniae,
1142 3917 1249 3970 imo
1300 3926 1469 3971 totum
1512 3918 1887 3988 fragmentum,
1936 3922 2077 3991 quod
2131 3920 2255 3976 lla:-

712 4007 945 4062 schelius
968 4008 1018 4061 in
1052 4010 1192 4063 notis
1221 4010 1288 4064 ad
1315 4009 1568 4065 Pbotium
1600 4011 1783 4066 Graece
1812 4014 1993 4078 edidit,
2021 4030 2085 4067 ac
2105 4013 2255 4067 Grae-

710 4113 773 4152 ce
798 4097 1087 4169 Latineque
1110 4100 1412 4171 Stephanus
1432 4102 1504 4157 Le
1525 4102 1714 4173 Moyne
1737 4105 1874 4158 inter
1909 4103 2066 4158 Varia
2081 4123 2253 4171 sacra,

709 4190 1096 4257 Christianum,
1121 4210 1229 4246 non
1261 4193 1502 4251 Judteum
1538 4205 1809 4249 auctorem
1842 4196 2089 4262 prodant.
2121 4195 2255 4250 Nam

709 4282 984 4337 Christum
1011 4300 1130 4339 esse
1156 4284 1326 4338 Deum
1357 4284 1594 4341 Verbum
1628 4288 1803 4349 docet,
1832 4288 1939 4338 imo
1974 4285 2141 4339 Deum
2174 4286 2256 4340 fa-

710 4388 855 4427 etum
886 4374 1178 4441 hominem,
1204 4376 1333 4429 Θεὸν
1362 4378 1863 4450 ὲνανθρωπήσαντα.
1913 4377 2257 4446 Evangelicas

711 4464 933 4532 insuper
957 4465 1255 4520 locutiones
1300 4475 1355 4520 et
1398 4469 1687 4523 sententias
1722 4480 1962 4536 usurpat.
1994 4469 2081 4523 Sic
2112 4470 2255 4523 enim

2372 659 2629 713 Dominus
2645 660 3109 729 pronuntiaverat:
3132 658 3199 712 Et
3226 660 3278 713 in
3306 659 3386 712 his
3406 659 3640 713 omnibus
3656 659 3797 713 inter
3817 674 3913 737 nos

2363 759 2411 803 et
2440 766 2525 803 vos
2551 750 2704 803 chaos
2729 766 2969 819 magnum
2994 751 3257 819 firmatum
3278 758 3375 815 est,
3392 750 3719 823 ἐστήρικται,
3749 759 3812 805 ιε
3834 751 3913 817 Iri,

2362 842 2451 910 qui
2476 841 2651 893 volunt
2670 841 2789 893 hinc
2816 842 3038 893 transire
3058 840 3125 893 ad
3148 857 3251 905 vos,
3280 857 3380 893 non
3406 842 3625 911 possint,
3642 857 3803 911 neque
3829 840 3914 894 in-

2362 931 2426 984 de
2448 931 2547 984 [mc
2571 939 2889 985 transmeare
2909 930 2934 984 .’

2438 1039 2457 1070 ι
2487 1018 2591 1074 Eos
2643 1019 2818 1074 dedita
2865 1024 3028 1088 opera
3074 1033 3179 1073 non
3226 1018 3431 1087 refello,
3471 1020 3565 1089 qui
3620 1027 3911 1074 tractatum

2363 1108 2550 1177 istum;
2573 1107 2723 1174 Caio,
2776 1107 3019 1176 Justino,
3068 1109 3289 1170 Irenaeo,
3339 1108 3651 1180 Origeniret
3695 1110 3915 1163 Mcletio

2362 1198 2744 1266 ascripserunt.
2794 1199 2974 1254 Satius
3003 1200 3073 1255 sit
3102 1200 3278 1266 nobis,
3313 1202 3364 1255 in
3397 1202 3744 1270 inscriptione
3773 1201 3917 1271 lapi-

2360 1290 2456 1344 dea
2484 1291 2863 1354 vetustissima,
2886 1307 3006 1361 qua:
3033 1292 3325 1345 etiamnum
3356 1303 3548 1355 exstat,
3576 1296 3713 1348 inter
3743 1308 3914 1363 opera

2361 1381 2629 1453 Hippolyti
2656 1383 2965 1438 Portuensis
2985 1384 3219 1453 episcopi
3248 1388 3512 1439 reccnseri
3546 1387 3738 1440 librum
3769 1386 3913 1457 πρὸς

2360 1472 2635 1537 Πλάτωνα,
2670 1476 2703 1545 ἢ
2749 1476 2876 1547 περὶ
2919 1475 3013 1529 τοῦ
3058 1476 3270 1537 παντός,
3303 1476 3371 1528 ad
3405 1475 3723 1546 (adversus)
3774 1477 3916 1529 Pla-

2358 1576 2547 1627 tonem.
2574 1584 2663 1621 seu
2706 1568 2768 1621 de
2805 1570 3073 1631 universo,
3095 1574 3155 1619 ut
3196 1566 3424 1622 alterum
3452 1568 3599 1625 illius
3628 1578 3912 1637 parentem

2357 1675 2464 1712 non
2496 1675 2819 1728 quzeramus.
2861 1660 3124 1720 Nimirum
3169 1664 3430 1719 accidisse
3478 1672 3687 1732 oportet
3728 1672 3795 1717 ut
3846 1664 3910 1717 li-

2355 1749 2589 1813 brarius,
2632 1762 2753 1805 cum
2797 1753 2851 1805 in
2893 1755 3097 1820 codice,
3123 1750 3281 1825 quem
3310 1771 3419 1824 pra:
3442 1755 3612 1809 oculis
3650 1754 3910 1819 habebat,

1760 1837 1843 1908 ςι⁷ιι
1876 1837 2082 1912 limis“
2103 1837 2255 1912 ffj‘iS‘
2359 1837 2562 1904 primas
2597 1838 2857 1905 duntaxat
2894 1842 3130 1897 nominis
3158 1841 3425 1912 Hippolyti
3456 1842 3660 1895 litteras
3690 1840 3911 1897 Graecas
4010 1868 4013 1873 ν

711 1908 950 1953 mentum
997 1898 1234 1965 ex_libro
1276 1900 1519 1954 adversus
1563 1898 1796 1963 Crarcos’,
1825 1901 1914 1969 qui
1958 1900 2257 1955 inscribitur

2359 1922 2767 1992 legeret,"lmro,
2790 1926 2974 1983 deletis
2996 1928 3078 1983 vel
3097 1919 3190 1984 con

2790 1926 2974 1983 deletis
2996 1928 3078 1983 vel
3097 1929 3415 1999 compendio
3439 1930 3745 1999 suppressis
3766 1931 3908 1997 aliis,

2358 2013 2485 2069 hinc
2517 2016 2810 2071 arbitratus
2838 2019 2928 2082 sit,
2955 2019 3125 2075 fuisse
3151 2023 3409 2090 scriptum
3453 2020 3735 2075 Ἰωσίππου
3771 2022 3908 2093 (‘25),

2357 2104 2497 2158 unde
2540 2122 2674 2174 opus
2703 2105 2935 2175 Josepho
2976 2109 3363 2165 restituendum
3398 2112 3657 2165 intulerit.
3696 2111 3908 2166 Aucto-

2357 2210 2467 2248 rem
2497 2212 2657 2264 porro
2686 2197 3050 2253 non.Platonis
3078 2200 3359 2270 opiniones
3383 2194 3774 2272 propugnasse.
3814 2203 3908 2257 sed

2357 2287 2530 2354 potius
2559 2287 2919 2357 impugnasse,
2942 2289 3182 2359 adeoque
3213 2280 3494 2362 legendum
3523 2308 3643 2347 esse
3676 2294 3766 2362 (in
3802 2292 3909 2347 Pa—

2355 2376 2552 2431 railelis
2592 2387 2645 2432 ct
2676 2379 2729 2431 in
2771 2372 2948 2447 operis
2988 2380 3378 2451 inscriptione)
3422 2382 3561 2435 κατὰ
3594 2384 3906 2449 Πλάτωνος,

2356 2476 2425 2520 et~
2440 2482 2544 2521 non
2579 2469 2718 2523 κατά
2747 2469 3026 2533 Πλάτωνα,
3052 2470 3164 2539 jam
3197 2471 3297 2525 viri
3338 2472 3481 2526 docti
3525 2474 3906 2547 observarunt.

2360 2557 2424 2612 Et
2446 2570 2587 2615 certe
2609 2562 2661 2614 in
2685 2562 2781 2615 his
2795 2561 3107 2632 fragmentis
3131 2561 3526 2619 Platonicorum
3556 2565 3910 2633 philosopho-

2358 2666 2477 2704 rum
2527 2652 2594 2705 de
2639 2652 2849 2707 inferno
2879 2654 3070 2707 fabula:
3109 2668 3174 2707 ac
3207 2653 3393 2707 naenia:
3419 2653 3590 2707 dedita
3624 2669 3789 2723 opera
3818 2670 3904 2709 re-

2354 2740 2607 2817 felluntur
2639 2743 3123 2813 explodunturqne,
3156 2745 3349 2799 borum
3406 2745 3528 2800 loco
3574 2745 3902 2813 substitutis,

2354 2849 2475 2902 qua:
2505 2834 2807 2889 Christiana
2842 2836 2971 2889 ﬁdes
3010 2836 3188 2900 tradit,
3216 2837 3261 2891 si
3291 2851 3459 2905 pauca
3485 2838 3690 2903 demas,
3722 2852 3846 2907 quae
3872 2853 3904 2891 a

2355 2926 2624 2981 communi
2647 2926 3035 2980 catholicorum
3055 2928 3297 2982 doctrina
3325 2928 3647 2998 discrepant.
3679 2928 3903 2986 Photius

2354 3018 2601 3074 observat
2622 3033 2757 3087 opus
2779 3018 2919 3074 istud
2947 3019 2999 3095 in
3028 3019 3163 3074 duas
3184 3027 3364 3089 partes
3393 3020 3742 3085 distributum
3774 3021 3901 3077 {uisa

2355 3124 2433 3173 se,
2474 3112 2530 3162 ὲν
2559 3110 2675 3163 δυσὶ
2703 3109 2982 3178 λογιδίοιςσ
3013 3112 3146 3180 quin
3172 3112 3333 3166 etiam
3365 3111 3419 3165 in
3456 3112 3783 3181 quibusdam
3808 3128 3895 3166 co-

2355 3198 2563 3252 dicibus
2594 3198 2856 3266 ejusmodi
2902 3198 3302 3268 inscriptionem
3346 3200 3619 3263 habuisse,
3648 3202 3779 3271 περὶ
3809 3202 3898 3271 τῆς

2355 3287 2448 3340 τοῦ
2479 3288 2672 3351 παντὸς
2697 3288 2891 3352 αἰτίας,
2924 3289 2987 3341 de
3013 3306 3173 3343 causa
3203 3293 3448 3356 universi,
3470 3300 3523 3346 et
3552 3292 3605 3345 in
3629 3292 3753 3346 aliis
3778 3295 3901 3364 περὶ

2354 3382 2451 3452 τῆς
2483 3382 2573 3433 τοῦ
2600 3381 2794 3443 παντὸς
2820 3381 3024 3444 οὐσίας,
3052 3382 3115 3435 de
3145 3382 3438 3460 substantia
3464 3380 3705 3460 uniuersi.
3742 3384 3901 3439 Plura

2353 3475 2551 3527 vidcsis
2586 3474 2722 3542 apud
2749 3474 2993 3527 eumdem
3028 3472 3294 3528 Photium.
3328 3492 3353 3524 ι
3383 3472 3650 3530 Hactenus
3681 3472 3747 3529 V.
3780 3474 3843 3529 C.
3941 3536 3945 3539 λ

2424 3562 2605 3631 Neque
2658 3565 2745 3617 hic
2797 3564 3065 3632 praeterire
3115 3563 3196 3619 fas
3241 3574 3324 3619 est
3375 3564 3551 3619 locum
3598 3580 3665 3619 ex
3711 3566 3900 3620 eodem

2353 3669 2511 3723 opere
2546 3654 2619 3706 De
2650 3673 2808 3708 causa
2847 3657 3071 3708 universi
3101 3666 3430 3725 excerptum,
3463 3656 3556 3725 qui
3587 3672 3693 3710 non
3727 3666 3902 3711 exstat

2355 3745 2406 3796 in
2454 3760 2519 3798 eo
2553 3746 2867 3813 fragmento,
2892 3748 3040 3816 quod.
3067 3747 3224 3801 hodie
3254 3747 3516 3814 superest.
3551 3740 3717 3799 Nobis
3752 3747 3901 3800 illum

2355 3835 2585 3888 servavit
2601 3834 2836 3889 Joannes
2863 3836 3214 3906 Philopoaus,
3230 3836 3355 3889 licet
3389 3836 3520 3904 ipse,
3552 3836 3625 3888 uti
3659 3842 3711 3888 et
3740 3835 3902 3890 Joan-

2354 3941 2450 3979 nes
2486 3924 2723 3980 Zonaras
2761 3926 2871 3996 (2(5)
2922 3941 3222 3995 perperam,
3257 3935 3315 3978 ut
3358 3926 3611 3986 vidimus,
3664 3924 3899 3993 losopho

2354 4017 2644 4070 ascribunt.
2678 4015 2771 4069 Est
2806 4028 2983 4070 autem
3012 4016 3276 4085 ejusmodi
3309 4016 3420 4086 (27)
3449 4035 3467 4071 :
3492 4016 3564 4067 Τὸ
3593 4011 3704 4079 οὖν,
3729 4032 3897 4083 γενη-

2354 4110 2507 4176 θήτω
2523 4109 2815 4177 στερέωμα
2830 4110 2898 4161 ἑν
2920 4110 3085 4176 μέσῳ
3122 4110 3224 4163 τοῦ
3254 4110 3485 4175 ὕδατος,
3521 4111 3581 4161 οὐ
3604 4105 3801 4181 μεταξὺ
3818 4107 3898 4159 ls-

2354 4218 2437 4268 γει
2482 4200 2570 4251 τοῦ
2604 4200 2753 4251 κάτω
2780 4199 2968 4261 ὓδατος
2998 4201 3093 4269 τὴν
3112 4200 3202 4252 τοῦ
3238 4200 3605 4271 στερεώματος
3654 4197 3896 4265 γενέσθαι

2355 4290 2619 4359 φύσιν,ὡς
2634 4289 2887 4358 Ἰώσηπος
2915 4290 3198 4359 ὁἘϐραῖος
3221 4294 3277 4344 ἐν
3302 4291 3379 4359 τῷ
3399 4291 3535 4356 Περὶ
3562 4289 3664 4342 τοῦ
3680 4288 3897 4353 παντὸς

2353 4384 2541 4447 αἰτίας
2569 4384 2948 4453 συγγράμματι
2980 4383 3239 4444 βούλεται,
3264 4384 3355 4443 εἰς
3397 4381 3759 4452 τρία,λέγων,
3790 4380 3896 4448 διη-

2358 4473 2551 4544 ρῆσθαι
2584 4475 2643 4526 τὸ
2676 4474 2834 4544 ὕδωρ,
2871 4474 2962 4525 καὶ
2993 4474 3053 4525 τὸ
3085 4474 3182 4541 μὲν
3214 4472 3390 4541 τρίτον
3432 4470 3592 4522 αὑτοῦ
3636 4472 3714 4531 εἰς
3752 4470 3895 4537 γένεο

712 4555 780 4607 de
806 4553 911 4608 Deo
942 4554 1117 4609 Verbo
1145 4572 1304 4613 carne
1332 4556 1473 4611 facto
1500 4560 1737 4628 loquitur
1765 4579 1777 4612 :
1805 4560 1987 4629 Τούτῳ
2008 4562 2036 4613 ὁ
2069 4562 2253 4633 Πατὴρ

2356 4582 2435 4617 σιν
2462 4568 2807 4637 συμπαγῆναι
2836 4564 2931 4617 τοῦ
2964 4563 3334 4635 στερεώματος
3357 4575 3375 4628 ,‘
3404 4562 3465 4614 τὸ
3492 4562 3551 4640 δὲγ
3576 4562 3757 4631 τρίτον
3787 4563 3895 4613 ἐνα-

711 4648 889 4700 πᾶσαν
939 4649 1115 4718 κρίσιν
1164 4648 1381 4714 δέδωκε,
1430 4649 1567 4701 Huic
1608 4648 1769 4701 Pater
1808 4667 1955 4704 ontne
1991 4652 2254 4718 judicium

712 4738 854 4790 dedit
886 4754 905 4790 :
931 4740 1381 4807 quemadmodum
1409 4740 1611 4793 scilicet
1639 4738 1792 4792 Joan.
1825 4755 1875 4801 ν,
1900 4741 1993 4807 2‘2,
2021 4742 2212 4809 legerat
2238 4762 2252 4797 :

714 4828 893 4899 Neque
936 4834 1072 4884 enim
1121 4831 1282 4884 Pater
1328 4832 1525 4891 iudicat
1571 4848 1908 4902 quemquam,
1957 4836 2045 4886 sed
2099 4850 2247 4890 omne

716 4905 974 4985 iudicium
1012 4924 1154 4978 dedit
1191 4921 1349 4974 Filio.
1392 4922 1629 4992 Itemque
1659 4924 1748 4977 ubi
1772 4923 1901 4978 dicit
1929 4942 1940 4977 :
1973 4924 2117 4986 Χάος
2149 4924 2255 4993 γὰρ

716 5010 848 5080 βαθὺ
869 5016 959 5066 καὶ
981 5014 1119 5084 μέγα
1139 5013 1243 5065 ἀνὰ
1268 5012 1427 5083 μέσον
1452 5017 1783 5086 ἐστήρικται,
1802 5016 1937 5069 ὥστε
1963 5017 2035 5087 μὴ
2055 5018 2255 5069 δίκαιον

678 5162 679 5165 η
716 5104 1137 5177 συμπαθήσαντα
1166 5103 1569 5175 προσδέξασθαι,
1598 5110 1732 5177 μήτε
1758 5107 1935 5161 ἄδικον
1962 5110 2256 5177 τολμήσαν-

713 5202 780 5243 τα
804 5192 1042 5245 διελθεῖν.
1062 5194 1227 5247 Chaos
1250 5195 1564 5263 profundum
1585 5206 1632 5249 et
1661 5214 1902 5271 magnum
1929 5200 2062 5251 inter
2086 5207 2256 5249 utros-

713 5297 811 5352 quc
833 5284 1097 5350 ﬁrmatum
1124 5297 1218 5350 est,
1254 5296 1311 5339 ut
1352 5303 1510 5356 neque
1544 5287 1721 5355 justus
1760 5276 1877 5343 illos
1906 5290 2255 5343 miserationis

692 5375 901 5442 affectu
942 5378 1190 5445 recipiat,
1211 5395 1368 5448 neque
1394 5378 1618 5447 injustus
1643 5382 1709 5432 ad
1732 5378 1829 5433 Iros
1869 5382 2057 5434 audeat
2084 5392 2257 5434 trans-

785 5527 897 5602 (εἳ)
936 5527 1232 5602 Fabricius,
1265 5530 1456 5588 Delect.
1486 5544 1689 5602 argum.
1734 5541 1783 5583 et
1827 5531 2025 5601 Syllab.
2071 5534 2251 5601 script.

715 5598 864 5658 εδει..
898 5613 949 5667 p.
979 5598 1047 5651 62
1072 5610 1123 5651 et
1150 5614 1265 5667 seq.

785 5668 893 5740 (ξᾷ)
934 5666 1005 5740 [λιι
1032 5666 1246 5740 Quium;
1279 5667 1414 5738 Opp.
1440 5670 1752 5725 Damasccn.
1787 5678 1913 5725 tom.
1948 5671 2013 5737 ll,
2045 5686 2099 5740 p.
2132 5670 2249 5725 789.

785 5737 898 5803 (24)
936 5737 1114 5799 Phot.,
1148 5738 1285 5791 Iiibl.
1317 5737 1435 5793 ced.
1474 5756 1656 5801 XLVIII.

783 5807 895 5877 (£5)
937 5804 1197 5862 Scribitur
1252 5808 1500 5878 Ἰώσηπο,
1552 5820 1606 5865 et
1651 5810 1980 5882 Ἰώσηππος,
2043 5812 2136 5868 sed
2201 5821 2252 5867 ct

2354 4660 2604 4726 πομεῖναι
2644 4660 2821 4722 κάτω,
2856 4657 2916 4709 τὸ
2952 4657 3007 4707 δὲ
3050 4656 3229 4707 λοιπὸν
3265 4657 3441 4725 τρίτον
3473 4656 3530 4708 ὲν
3566 4658 3674 4717 τοῖς
3715 4653 3892 4716 νώτοις

2354 4751 2431 4811 εἰς
2474 4749 2602 4817 ὕψος
2652 4748 3201 4817 συνανακουφισθῆναι
3256 4746 3332 4816 τῷ
3382 4744 3731 4817 στερεὼματι.
3790 4743 3893 4797 Hoc

2353 4846 2465 4889 est:
2498 4837 2661 4889 «Illud
2688 4838 2867 4906 igitur,
2895 4838 3019 4891 Fiat
3046 4839 3431 4905 ﬁrmamentum
3460 4837 3515 4887 in
3541 4836 3707 4889 medio
3728 4851 3889 4905 aqum,

2354 4942 2460 4979 non
2499 4930 2673 4997 arguit
2701 4940 2943 4982 naturam
2994 4927 3312 4982 ﬁrmamenti
3344 4927 3600 4980 exsistere
3630 4926 3683 4979 in
3720 4915 3889 4994 medio

2355 5032 2508 5085 aqnze
2562 5020 2721 5089 hujus
2770 5020 3065 5081 inferioris,
3094 5027 3153 5072 ut
3185 5016 3451 5087 Iosephus
3498 5017 3753 5072 Hebrrcus
3786 5018 3890 5069 vnit

2354 5110 2408 5163 in
2442 5110 2596 5173 libro,
2630 5127 2786 5179 quem
2812 5110 3132 5178 conscripsit
3156 5110 3231 5163 De
3255 5127 3414 5163 causa
3440 5108 3685 5172 universi,
3709 5108 3887 5162 dicens

2353 5216 2549 5269 aquam
2589 5201 2922 5268 tripartitam‘
2951 5215 3091 5264 esse,
3128 5209 3186 5253 et
3215 5216 3376 5254 unam
3425 5199 3641 5267 quidem
3684 5200 3884 5252 tertiam

2353 5290 2469 5358 ejus
2498 5291 2548 5343 in
2574 5290 2891 5343 ﬁrmamenti
2921 5291 3314 5359 generationem
3336 5290 3600 5363 coaluisse
3624 5298 3639 5346 :
3669 5290 3882 5343 alteram

2352 5396 2479 5434 vero
2502 5382 2711 5435 tertiam
2733 5378 2954 5435 inferius
2984 5382 3337 5447 remansisse;
3367 5379 3594 5448 denique
3624 5380 3881 5434 residuam

2364 5536 2604 5597 ’.Ιώσιπος
2632 5551 2695 5589 ac
2736 5534 3032 5600 Ἰώσιπτιος.
3488 5598 3493 5603 ,

2352 5608 2533 5727 2ώὲϐ)
2572 5606 2764 5659 Zonar.
2800 5608 2851 5659 in
2883 5607 3070 5659 Annal.
3104 5608 3196 5661 lib.
3228 5623 3303 5672 γι,
3358 5606 3384 5677 §
3415 5608 3466 5675 9,
3509 5626 3629 5682 pag.
3658 5612 3782 5678 267,
3811 5607 3878 5665 al.

2573 5744 2877 5816 Philopon.,
2923 5746 2992 5801 De
3017 5747 3197 5801 mundi
3223 5758 3380 5801 creat.
3409 5747 3501 5806 lib.
3532 5765 3619 5818 ιιι,
3646 5765 3766 5822 cap.
3797 5746 3876 5816 is,
