4104 6350
188 413 287 467 297
334 460 337 461 ,

1156 413 1245 495 DE
1285 411 1447 465 VITA
1482 408 1568 475 ΕΤ
1605 407 1913 462 SCRIPTIS
1948 408 2004 463 S.
2047 406 2425 462 HlPPOLYTl.

3284 402 3389 458 298

186 531 338 583 aliam
372 529 613 591 tertiam,
641 543 739 599 per
782 527 1193 582 rarefactionem
1241 528 1294 581 in
1338 528 1566 582 sublime
1637 541 1741 578 una
1765 534 1806 586 Α
1836 524 2041 601 primus
2081 526 2317 592 vulgavit
2354 523 2630 579 Fabricius
2657 540 2721 577 ex
2755 522 2954 578 codicis
2994 522 3233 577 Vaticani
3262 539 3390 591 apo-

186 632 304 670 cum
337 617 684 669 ﬁrmamento
711 616 969 669 elevatatn
996 628 1134 667 esse.
1166 633 1184 664 ι

250 708 517 761 Gai-terum
553 724 665 761 rem
696 724 795 763 acu
823 708 1058 776 tetigisse
1088 706 1354 768 videntur,
1380 706 1472 774 qui
1504 704 1568 757 ad
1597 704 1737 757 istud

187 814 316 866 opus
371 797 752 867 Hippolyteum
804 796 1047 849 adversus
1098 794 1304 849 Gra'cos
1349 806 1399 848 et
1444 794 1735 856 Platonem,

184 888 494 941 existimant
548 887 848 954 respexisse
895 887 1168 940 doctorem
1219 885 1554 947 maximum,
1608 883 1735 935 dum

187 981 256 1032 ait
282 979 394 1047 (28)
427 997 440 1031 :
476 976 700 1045 Scripsit
734 989 783 1029 et
810 975 1079 1033 Miltiades
1101 987 1281 1030 contra
1311 985 1478 1044 gentes
1503 974 1734 1026 volumen

184 1070 460 1137 egregium.
490 1066 805 1135 Hippolytus
830 1084 1050 1136 quoque,
1078 1077 1126 1119 et
1154 1067 1455 1135 Apollonius
1492 1063 1737 1116 Romana:

158 1142 320 1209 iurbis
369 1168 601 1219 senator,
632 1158 845 1225 propria
873 1157 1126 1225 Opuscula
1159 1156 1519 1208 condiderunt.
1553 1154 1737 1208 Imita-

152 1238 157 1243 ’
187 1258 264 1300 tus
292 1262 490 1316 nempe
534 1246 696 1301 fuerit
724 1256 942 1301 sanctus
971 1247 1129 1300 Pater
1158 1246 1301 1299 viros
1329 1260 1391 1299 ea
1422 1255 1736 1314 tempestate

188 1339 333 1407 longe
375 1339 746 1403 doctissimos,
779 1338 871 1406 qui
902 1338 1238 1391 ethnicorum
1284 1337 1475 1406 placita
1523 1337 1735 1406 scriptis

189 1431 288 1483 suis
339 1439 584 1483 evertere
618 1431 855 1499 aggressi
907 1439 1066 1494 sunt;
1101 1424 1452 1492 Clementem,
1490 1430 1731 1498 inquam,

192 1522 626 1584 Alexandrinum,
660 1522 847 1576 Caium
879 1522 1115 1576 sodalem
1138 1537 1316 1585 suum,
1348 1520 1599 1575 Ecclesia:
1630 1521 1734 1574 Ro-

197 1627 349 1665 manae
378 1613 778 1682 presbyterum,
809 1622 862 1666 et
896 1612 1054 1666 alios.

697 1721 1089 1777 ARTICULUS
1124 1722 1210 1777 Vl.

298 1830 610 1871 'I'IACTA'I'US
642 1831 689 1870 S.
723 1831 999 1870 HIPPOLYTI
1039 1835 1056 1867 ί
1088 1828 1293 1871 CONTRA
1326 1828 1557 1871 NOETUH.
1593 1836 1613 1869 ι

225 1927 316 2000 Si.
359 1929 635 1985 Tractatus
665 1939 852 2001 contra
888 1929 1110 1983 Noetnm
1138 1940 1215 1984 est
1249 1932 1500 2001 genuinus
1528 1934 1698 1985 sancti

622 2000 628 2012 ”
730 1999 1001 2069 Hippolyti
1033 2001 1185 2067 fetus.

261 2111 510 2177 Quintum
542 2113 719 2166 locum
765 2123 990 2182 occupat
1019 2116 1228 2183 egregia
1265 2130 1393 2168 sane
1436 2114 1735 2167 lucubratio

196 2215 355 2257 contra
376 2204 618 2258 hwresim
646 2203 824 2257 Nocti.
852 2205 916 2258 Et
944 2207 1226 2275 scripsisse
1252 2206 1464 2273 quidem
1485 2204 1733 2273 Hippoly-

200 2304 296 2345 tum
321 2302 507 2346 contra
540 2308 729 2348 omnes
760 2295 1009 2355 haereses,
1045 2304 1309 2348 testantur
1335 2294 1598 2348 Eusebius
1625 2294 1731 2363 (29)

196 2392 333 2451 atque
358 2383 723 2453 Hieronymus
750 2385 892 2455 ('50);
926 2398 980 2438 at
1010 2384 1257 2449 Photins,
1287 2386 1376 2453 qui
1424 2400 1560 2456 opus
1592 2386 1731 2439 istud

194 2476 364 2543 legisse
399 2475 751 2544 comperitur,
776 2491 874 2530 nos
901 2477 1089 2530 edocet
1111 2476 1222 2544 (5|)
1246 2475 1513 2546 llippolyti
1534 2476 1730 2531 librum

190 2567 434 2620 adversus
463 2567 694 2623 haereses
719 2553 944 2621 duase't
968 2567 1185 2637 triginta
1220 2573 1496 2621 exaratum
1529 2566 1728 2632 fuisse;

190 2652 266 2704 ubi
298 2652 352 2705 S.
390 2651 550 2707 Pater
574 2653 785 2707 initium
811 2670 840 2707 a
868 2654 1203 2707 Dosithcanis
1232 2657 1453 2721 ducens,
1483 2657 1534 2710 in
1565 2656 1734 2711 Nocte

187 2744 485 2807 desinebat;
539 2744 632 2813 qui
685 2745 936 2813 nimirum
974 2746 1187 2813 prodire
1217 2748 1382 2814 cmpit
1431 2747 1730 2817 imperante

183 2834 481 2887 Alexandro
526 2834 628 2887 sub
677 2848 880 2887 annum
910 2834 1033 2895 250.
1077 2842 1135 2887 ut
1180 2835 1425 2903 proinde,
1451 2837 1590 2906 quod
1640 2852 1733 2889 su—

184 2934 347 2989 perest
379 2925 528 2979 illius
560 2924 761 2999 operis,
792 2941 919 2994 pars
946 2927 1132 2979 ultima
1164 2926 1341 2980 fuerit.
1378 2927 1457 2981 Ad
1492 2927 1609 2997 ejus
1634 2943 1729 2979 au-

184 3023 275 3067 tem
326 3016 693 3085 integritatem
742 3016 1111 3081 astruendam,
1142 3017 1270 3070 illud
1307 3017 1359 3071 in
1395 3019 1582 3086 primis
1636 3018 1729 3070 ob-

181 3114 655 3174 servarepraestat,
685 3106 864 3163 locum
897 3106 1160 3175 insignem
1196 3107 1434 3174 satisque
1458 3107 1722 3174 prolixum

1839 618 2061 685 grapho,
2082 619 2226 685 quod
2256 620 2373 673 viro
2394 617 2842 687 prazstantissimo
2868 614 3269 670 Montfauconio
3299 630 3390 669 ae-

1837 717 2050 775 ceptum
2081 710 2281 764 retulit.
2314 709 2547 764 Alterius
2572 709 2774 765 Codicis
2802 709 2971 765 Graeci
2998 705 3271 775 exemplar
3296 697 3386 761 de-

1838 801 1967 853 texit
2011 801 2063 852 in
2098 800 2476 869 antiquissimo
2506 800 2565 853 S;
2598 798 2778 854 Basilii
2806 796 3131 853 monasterio
3163 795 3391 850 Guiliel-

1836 906 1956 943 mus
1973 876 2262 944 cardinalis
2285 890 2510 945 Sirletus
2526 930 2539 954 ,
2573 891 2798 958 ejusque
2821 886 3064 942 meminit
3088 887 3140 939 in
3161 883 3389 954 epistola

1836 981 2088 1049 Liturgite
2114 981 2170 1034 S.
2196 981 2358 1036 Marci
2387 980 2724 1051 evangelistze
2750 978 3024 1050 prmmissa
3061 976 3191 1045 (54).

1906 1075 2166 1127 Caeterum
2218 1072 2395 1139 operis
2444 1070 2726 1139 inscriptio
2757 1070 2897 1140 apud
2938 1067 3264 1120 Turrianum
3308 1065 3386 1119 sic

1838 1164 2026 1232 legitur
2052 1182 2065 1216 :
2098 1162 2420 1231 Homiliaydc
2444 1161 2550 1214 Deo
2584 1164 2719 1213 trino
2748 1170 2795 1213 et
2823 1174 2946 1224 uno,
2970 1168 3017 1211 ct
3048 1158 3110 1211 de
3143 1158 3385 1226 mysterio

1839 1251 2225 1304 lncarnationis
2250 1261 2429 1303 contra
2454 1250 2691 1304 haeresim
2721 1249 2895 1303 Nocti.
2923 1248 2979 1302 In
3007 1250 3189 1303 codice
3206 1261 3383 1303 autem

1841 1340 2094 1393 Vaticano
2136 1348 2217 1393 est
2266 1340 2572 1407 hujusmodi
2619 1358 2632 1392 :
2691 1339 2898 1409 Ὀμιλία
2953 1339 3262 1392 Ἱππολύτου
3308 1340 3386 1399 εις

1834 1432 1929 1499 τὴν
1973 1432 2180 1499 αἵρεσιν
2205 1431 2411 1500 Νοήτου
2437 1448 2595 1492 τινος.
2642 1430 2697 1483 In
2726 1446 2789 1484 eo
2827 1430 3098 1489 enimvero
3140 1428 3196 1482 S.
3228 1428 3386 1483 Pater

1836 1523 2017 1575 tidelcs
2036 1521 2300 1574 interdum
2325 1521 2639 1590 alloquitur,
2663 1530 2722 1574 ut
2750 1520 2801 1573 in
2828 1521 3063 1573 homiliis
3090 1519 3201 1573 ﬁeri
3226 1515 3382 1576 solet.

1836 1607 1938 1659 Sed
1980 1607 2031 1659 in
2071 1608 2191 1660 aliis
2237 1622 2452 1675 quoque
2480 1608 2697 1676 scriptis
2736 1606 2922 1661 eadem
2961 1610 3211 1663 methodo
3254 1624 3387 1666 usos

1837 1698 2003 1751 fuisse
2028 1710 2233 1754 veteres
2268 1700 2400 1754 satis
2441 1700 2631 1769 liquet,
2663 1710 2720 1753 ut
2747 1699 2973 1754 advertit
2996 1701 3246 1757 laudatus
3275 1701 3384 1758 Fa-

1837 1786 2056 1842 bricius.
3436 1783 3442 1789 ’

1770 1860 1812 1916 Β
2176 1879 2202 1949 ς
2230 1879 2291 1933 ll.
2324 1880 2567 1950 Analysis
2591 1882 2745 1951 hujus
2774 1892 3045 1937 tractatus.

1904 2012 2107 2067 Noetus
2146 2013 2301 2082 juxta
2341 2013 2403 2069 S.
2435 2015 2775 2087 Hippolytum
2833 2012 2933 2070 fuit
2966 2032 3158 2085 genere
3191 2018 3393 2088 Smyrv
3458 2081 3463 2088 .

1834 2118 1982 2157 na-us
2016 2103 2146 2174 (55).
2185 2103 2329 2158 Dixit
2354 2106 2441 2161 hic
2473 2106 2755 2160 lnereticus
2783 2106 3056 2162 Christum
3091 2123 3208 2163 esse
3229 2125 3383 2164 eum-

1833 2197 1951 2249 dem
2001 2194 2237 2256 Patrem,
2290 2196 2575 2265 ipsumque
2629 2196 2839 2267 Patrem
2894 2180 3133 2267 genitum
3180 2216 3299 2256 esse
3328 2212 3380 2256 ct

1832 2301 2119 2354 passum...
2149 2286 2328 2340 aiebat
2352 2301 2410 2341 se
2439 2302 2558 2341 esse
2588 2285 2857 2359 Moysem,
2891 2297 2945 2343 et
2978 2288 3194 2343 fratrem
3221 2307 3377 2345 suum

1833 2390 1951 2430 esse
1982 2377 2181 2430 Aaron.
2214 2375 2327 2432 Hoc
2346 2393 2467 2431 cum
2491 2378 2631 2432 beati
2658 2378 2951 2451 presbyteri
2980 2382 3257 2444 audirent,
3291 2398 3382 2437 ac-

1834 2462 2091 2517 cersitum
2133 2478 2316 2519 coram
2360 2464 2599 2521 Ecclesia
2631 2468 3107 2533 examinaverunt;
3140 2471 3230 2526 ille
3255 2488 3379 2526 vero

1835 2553 2062 2621 negabat
2106 2555 2391 2623 principio,
2434 2556 2512 2611 sic
2558 2571 2615 2611 se
2661 2558 2895 2623 sentire;
2945 2569 3126 2627 postea
3160 2576 3286 2615 vero
3325 2564 3379 2616 in

1833 2643 2152 2710 quibusdam
2186 2644 2524 2708 delitescens,
2557 2654 2613 2699 et
2636 2646 2876 2700 collectis
2903 2647 3043 2713 aliis,
3073 2650 3165 2719 qui
3200 2650 3251 2703 in
3284 2648 3387 2705 eo-'

1832 2731 1949 2783 dem
1981 2747 2163 2786 errore
2191 2741 2378 2797 erant,
2417 2734 2628 2787 volebat
2664 2743 2844 2803 aperte
2872 2735 3063 2803 dogma
3094 2753 3249 2792 suum
3284 2742 3380 2797 de-

1832 2820 2085 2883 fendere;
2120 2836 2278 2890 quem
2310 2837 2501 2877 rursus
2533 2824 2846 2877 accersitum
2880 2826 3172 2895 presbyteri
3197 2828 3379 2882 redar-

1832 2904 2095 2977 guerunt;
2131 2912 2219 2965 ille
2250 2926 2378 2966 vero
2410 2914 2715 2983 resistebat,
2757 2915 3033 2983 inquiens,
3061 2919 3186 2986 quid
3215 2918 3378 2988 igitur

1832 3002 1955 3055 mali
2012 3002 2168 3066 facio,
2221 3003 2267 3058 si
2310 3004 2583 3060 Christum
2623 3005 2882 3060 honoro?‘
2913 3007 3038 3063 huic
3082 3008 3374 3079 presbyteri

1831 3096 2221 3160 responderunt
2282 3115 2293 3150 :
2346 3095 2416 3151 Et
2464 3113 2556 3150 nos
2608 3113 2767 3150 unum
2815 3096 2980 3151 Deum
3026 3088 3137 3153 vere
3184 3100 3374 3154 scimus

180 3211 235 3249 ex
262 3210 323 3250 eo
350 3196 708 3264 descripsisse
733 3204 976 3248 sanctum
1009 3196 1303 3259 Gelasium,
1324 3196 1409 3249 cui
1432 3212 1565 3263 opus
1589 3196 1721 3264 ejus-

1830 3183 2114 3252 Christum,
2154 3190 2345 3241 scimus
2376 3187 2576 3242 Filium
2604 3201 2811 3259 passum
2834 3230 2851 3255 ,
2893 3191 3025 3245 sicut
3058 3206 3242 3260 passus
3271 3190 3368 3254 est,
3396 3198 3404 3202 “

180 3286 309 3337 modi
340 3284 627 3339 brevitatis
654 3293 780 3352 ergo
812 3282 1066 3335 Memoria
1094 3284 1347 3336 Incresum
1378 3284 1596 3338 dicitur.
1635 3284 1725 3337 Sic

178 3374 308 3426 enim
339 3374 449 3437 ille,
485 3386 772 3435 recensens
807 3372 1099 3447 testimonia
1144 3381 1369 3423 ueterum
1418 3371 1480 3424 de
1523 3373 1725 3425 duabus

178 3466 226 3515 in
258 3463 471 3518 Christo
503 3463 708 3515 naturis
737 3462 845 3529 (52)
875 3482 887 3515 :
918 3461 1191 3531 Hippolyti
1211 3464 1437 3531 episcopi
1459 3474 1508 3515 et
1536 3473 1728 3534 marty-

177 3556 243 3625 ris
284 3554 521 3606 Arabum
549 3553 844 3620 metropolis
871 3554 925 3604 in
952 3551 1206 3605 Memoria
1248 3553 1538 3606 ltwresum:
1566 3572 1584 3606 ι
1624 3554 1725 3608 Hic

174 3644 448 3709 procedens
477 3644 528 3695 in
550 3644 817 3707 mundum,
848 3642 986 3696 Deus
1001 3653 1049 3696 et
1078 3644 1229 3696 homo
1258 3647 1523 3713 apparuit,
1562 3666 1579 3696 ι
1614 3657 1721 3701 etc.

177 3734 297 3798 Qua:
328 3735 550 3804 quidem
583 3735 779 3799 verba,
812 3736 1056 3804 pauculis
1090 3735 1403 3799 immutatis,
1435 3747 1726 3791 occurrunt

164 3827 308 3893 apud
358 3836 609 3883 sanctum
635 3824 988 3897 Hippolytum
1025 3841 1142 3895 cap.
1176 3826 1260 3879 18.
1290 3825 1430 3891 Quid
1470 3828 1611 3895 quod
1642 3827 1722 3880 vel

178 3916 395 3983 ipsemet
445 3916 698 3981 Sandius,
739 3902 956 3985 reliquis
984 3915 1315 3987 llippolytcis
1344 3926 1596 3985 tanquam
1626 3931 1721 3968 no-

164 4008 279 4062 .tbis
324 4009 566 4078 rejectis,
612 4008 713 4061 hoc
745 4022 908 4061 unum
956 4019 1136 4060 contra
1166 4008 1385 4062 I:a'resin
1420 4008 1575 4060 Nocti
1604 4023 1719 4075 ger-

178 4111 389 4156 manum
424 4094 826 4168 agnoscendum
855 4098 1133 4151 exisdmat
1168 4100 1301 4165 (55).

239 4186 566 4242 Praeclarum
608 4194 784 4249 autem
818 4184 958 4238 hunc
994 4189 1437 4240 conmicntarium
1469 4187 1516 4237 in
1547 4188 1714 4237 lucem

178 4279 356 4330 extulit
380 4276 655 4332 Gcrardus
685 4272 906 4345 Vossius
928 4272 1422 4342 TungrcnSisintcr
1457 4274 1719 4327 Miat‘t’lla-

180 4380 265 4418 nea
286 4376 591 4420 sanctorum
615 4364 811 4433 aliquot
848 4363 1071 4415 Patrum
1099 4364 1395 4416 Graecorum
1422 4375 1468 4417 et
1501 4363 1717 4416 Latino-

178 4470 303 4517 rum,
341 4457 410 4510 ad
459 4454 657 4510 calcem
692 4454 923 4522 Operum
961 4451 1017 4505 S.
1048 4454 1287 4522 Gregorii
1329 4453 1712 4522 Thaumatnrgi

1828 3288 2107 3343 mortuum,
2134 3280 2270 3331 sicut
2301 3289 2535 3333 mortuus
2558 3290 2665 3343 est;
2685 3290 2733 3333 et
2760 3282 3068 3334 suscitatam
3095 3285 3253 3337 tertia
3280 3284 3363 3337 die

1824 3378 1872 3421 et
1905 3371 2159 3423 sedentem
2215 3372 2282 3423 ad
2323 3372 2584 3424 dexteram
2636 3371 2837 3437 Patris,
2891 3382 3257 3442 venturumque
3300 3375 3371 3426 ad

1817 3462 2160 3527 judicandum
2207 3464 2342 3515 vivos
2383 3471 2431 3514 et
2460 3470 2686 3524 mortuos
2712 3460 2857 3530 (56);
2903 3472 3065 3531 atque
3096 3465 3205 3518 huic
3235 3466 3371 3520 dici-

1827 3570 1947 3606 mus
1979 3569 2098 3621 quae
2132 3554 2437 3607 didicimus.
2470 3550 2620 3606 Tunc
2659 3551 2819 3607 istum
2851 3557 3157 3608 convictum
3197 3557 3369 3622 ejece-

1825 3653 1949 3697 runt
1974 3660 2039 3698 ex
2065 3643 2328 3707 Ecclesia,
2356 3644 2448 3713 qui
2478 3658 2543 3698 eo
2573 3644 2866 3698 inﬂationis
2889 3650 3051 3711 venit,
3085 3654 3143 3699 ut
3175 3647 3369 3703 docere

1825 3736 2144 3789 institueret.
2256 3790 2259 3791 ν

1890 3823 2185 3890 Antequam
2225 3820 2281 3875 S.
2322 3820 2635 3894 Hippolytus
2668 3824 3064 3879 distinctionem
3100 3825 3368 3882 Persona-

1822 3926 1937 3963 rum
1982 3912 2035 3964 in
2070 3911 2274 3966 unitate
2300 3912 2493 3968 divinae
2520 3923 2723 3968 natura:
2752 3917 2803 3968 in
2840 3914 2938 3968 SS.
2976 3914 3237 3970 Trinitate
3266 3917 3365 3971 de-
3437 3915 3440 3919 ’

1821 4010 2101 4066 monstret,
2127 4003 2278 4070 prius
2302 4014 2616 4073 argumenta
2643 4004 2797 4059 Nocti
2823 4016 3009 4059 contra
3028 4005 3364 4073 Trinitatem,

1820 4110 1914 4146 seu
1940 4093 2336 4148 distinctionem
2363 4096 2665 4151 divinarum
2690 4095 3045 4150 Personarum
3091 4097 3360 4165 proponit,

1817 4194 1863 4235 et
1900 4184 2145 4237 dissolvit
2176 4186 2575 4258 interpretando
2605 4202 2789 4240 verum
2826 4186 2922 4239 SS.
2961 4186 3360 4255 Scripturarum

1819 4292 2055 4340 sensum,
2089 4278 2286 4344 quibus
2324 4277 2567 4332 Noetiani
2597 4277 2985 4341 abutebantur,
3022 4278 3103 4332 vel
3129 4295 3358 4347 quarum

1818 4377 2015 4420 textum
2049 4368 2315 4421 malitiose
2352 4368 2757 4422 dctruncahant.
2802 4366 3063 4421 Refutatis
3096 4366 3246 4421 Nocti
3273 4370 3362 4423 ar-

1817 4456 2082 4524 gumentis
2112 4455 2168 4509 S.
2201 4454 2513 4525 Hippolytus
2539 4455 2853 4509 Trinitatem
2880 4464 2935 4511 et
2961 4457 3358 4513 distinctionem

177 4545 293 4599 edit.
317 4546 647 4617 Moguntina:
684 4545 841 4608 1604,
864 4545 919 4607 4,
944 4552 1021 4597 ‘ex
1067 4543 1252 4597 Latina
1281 4544 1526 4596 versione
1547 4544 1717 4597 Fran-
1753 4542 1792 4593 1ὶ
1822 4551 2121 4604 divinarum
2162 4546 2521 4602 Personarum
2560 4548 2929 4603 demonstrare
2961 4551 3269 4619 aggreditur
3292 4558 3358 4604 ex

176 4634 294 4689 cisci
338 4635 615 4701 Turriani,
669 4636 923 4704 subjectis
966 4635 1124 4688 etiam
1158 4635 1711 4690 auimadvcrsiouibus

173 4730 400 4798 ejusdem
443 4734 744 4801 interpretis
783 4749 900 4803 pag.
926 4731 1108 4785 58-71.
1154 4729 1358 4785 Exinde
1393 4747 1519 4785 vero
1547 4730 1712 4785 editio

175 4825 387 4888 repetita
410 4827 463 4877 in
492 4803 833 4879 Bibliotltecis
855 4816 1070 4877 Patrum
1096 4823 1402 4878 Coloniensi
1435 4823 1587 4885 1618,
1616 4821 1712 4876 Pa—

178 4913 375 4967 risiensi
406 4914 565 4974 1644,
596 4928 649 4969 et
685 4915 1025 4985 Lugdunensi
1050 4915 1214 4989 1677,
1237 4931 1331 4967 ncc
1360 4931 1465 4968 non
1493 4920 1545 4969 in
1574 4916 1711 4983 Sup-

176 5001 413 5069 plemeuti
437 5003 737 5059 Morelliani
765 5018 909 5061 tomo
931 5009 973 5069 Ι,
993 5022 1117 5075 pag.
1147 5004 1265 5059 620.
1288 5004 1469 5061 Graece
1495 5007 1708 5060 demum

383 5155 721 5232 ψει-φηγῷ...
753 5162 908 5232 epist.
943 5160 1009 5213 70
1037 5161 1101 5214 ad
1130 5159 1327 5228 Magn.,
1358 5173 1497 5215 orat.
1530 5161 1556 5232 §
1584 5162 1634 5215 4,

234 5228 341 5297 (29)
382 5226 607 5297 Euseln,
637 5226 708 5278 H.
842 5231 932 5283 lib.
961 5248 1033 5292 vr,
1066 5246 1183 5297 cap.
1218 5226 1303 5284 ‘22.

235 5296 340 5369 (ξο)
380 5295 716 5369 Hierony_m_.,
747 5296 821 5349 De
853 5301 951 5369 uir.
982 5295 1202 5369 illustiu,
1243 5316 1359 5367 cap.
1388 5301 1475 5353 6i.

234 5367 341 5431 (51)
384 5365 565 5431 ΡΙιοι.,
591 5365 733 5419 Bibl.
770 5368 888 5419 cod.
924 5365 1066 5421 cxxl".

234 5434 341 5507 (ξιξ)
370 5434 584 5507 Gelae"
619 5437 691 5487 De
732 5434 933 5507 duabus
954 5439 1179 5507 naturis,
1218 5447 1345 5490 tom.
1376 5436 1467 5503 IV,
1496 5447 1633 5507 part.
1668 5454 1703 5502 ι,

170 5498 415 5574 Biblioth.
440 5504 552 5559 PP.
572 5498 708 5560 Sedit.
740 5504 909 5557 Paris.
965 5498 1119 5571 16'“,
1239 5508 1360 5560 424.

235 5574 338 5638 (-55)
364 5572 531 5630 Sand.
578 5576 735 5629 Nucl.
787 5576 927 5629 Hist.
962 5574 1110 5639 cccl.,
1139 5572 1193 5628 in
1238 5584 1390 5630 tract.
1439 5575 1509 5629 De
1548 5586 1701 5630 ceter.

169 5642 339 5715 πάινξε
362 5647 487 5715 sect-
516 5647 746 5715 pas-21
846 5714 861 5715 κ
889 5713 913 5715 _
984 5712 987 5715 ν

179 5731 186 5737 -
237 5711 340 5779 (δι)
372 5710 780 5768 “exui-inane.
830 5713 944 5768 PP.
984 5711 1174 5767 Paris.
1221 5712 1376 5778 ιδιι,
1426 5723 1558 5769 tom.
1593 5713 1701 5779 χιι,

171 5790 289 5849 με.
315 5781 441 5836 265.

440 5882 705 5941 ΡΑτνιοι..
734 5880 846 5941 Gn.
882 5880 959 5938 Χ.

1817 4642 1945 4708 ipsis
1978 4641 2147 4695 sacris
2173 4640 2483 4709 Scripturis,
2527 4648 2579 4692 et
2602 4640 2653 4691 in
2675 4640 3048 4708 primisinotat
3077 4639 3187 4709 (57)
3216 4640 3354 4709 quod

1813 4748 1945 4783 unus
1960 4733 2025 4783 sit
2046 4731 2202 4791 Deus,
2226 4747 2370 4801 quem
2393 4747 2492 4803 non
2517 4730 2725 4783 aliunde
2741 4731 3086 4805 agnoscimus,
3103 4745 3263 4797 quam
3289 4746 3355 4786 ex

1813 4820 1981 4873 sacris
2014 4819 2367 4888 Scripturis...
2418 4819 2761 4888 Quaacunque
2797 4835 2925 4887 ergo
2958 4817 3014 4871 S.
3048 4816 3354 4888 Scriptura:

1812 4911 2119 4978 praedicant,
2176 4911 2441 4975 sciamus;
2476 4921 2527 4963 et
2565 4924 2899 4978 quaecunque
2937 4909 3149 4973 docent,
3184 4926 3353 4980 agno-

1811 5016 2044 5065 scamus,
2082 5011 2135 5053 et
2167 5002 2304 5055 sicut
2334 5003 2446 5055 vult
2468 5002 2621 5055 Pater
2649 5000 2815 5063 credi,
2850 5000 2926 5055 sic
2954 5000 3274 5067 credamus;
3299 5014 3352 5055 et

1879 5160 1987 5231 ('55)
2016 5159 2281 5231 Hippolyt.
2319 5170 2500 5231 contra
2541 5155 2873 5231 Noet._num.
2917 5154 2959 5231 1
2980 5171 2994 5211 :
3027 5152 3346 5231 Tlleﬂdqret.
3428 5136 3435 5141 θ

1808 5223 1899 5284 lib;
1942 5223 1999 5282 ιιι
2031 5223 2228 5282 Ηίεἰσεεξ
2258 5229 2447 5297 fabul.,
2476 5242 2594 5294 cap.
2619 5226 2671 5286 5,
2703 5226 2859 5297 idcm_
2880 5223 3105 5297 allirrnat
3143 5224 3198 5275 S.
3232 5223 3348 5297 Epi-

1808 5302 2037 5369 phanius
2062 5314 2187 5351 vero
2221 5290 2555 5369 Epltesinutrr
2580 5295 2762 5369 st:_1_t_uit
2796 5311 2808 5344 :
2834 5290 2893 5344 In
2921 5294 3045 5369 A_sia
3073 5293 3344 5356 oriundus,

1806 5362 1929 5422 urbe
1962 5368 2181 5437 Epheso.
2205 5362 2607 5437 Epiph.lneres._
2635 5362 2721 5424 57,
2759 5364 2994 5437 num.
3064 5432 3074 5437 _
3134 5431 3144 5437 _
3282 5404 3323 5437 λη

1875 5436 1985 5505 (56)
2008 5427 2019 5435 ’
2044 5435 2107 5488 Hi
2149 5427 2359 5492 artictili
2407 5433 2730 5505 coincidnntA
2760 5431 3183 5505 etnnhSymbolo
3213 5446 3241 5481 ει
3278 5427 3341 5505 ῼ.

1806 5498 2004 5562 [renato
2033 5506 2256 5559 recitato
2289 5507 2379 5559 lib.
2431 5519 2481 5560 ι.
2530 5516 2648 5569 cap.
2701 5501 2755 5565 9.,
2806 5513 2855 5553 et
2893 5498 2984 5555 lib.
3015 5518 3093 5563 ιιι,
3124 5516 3242 5569 calt.
3273 5498 3337 5562 ἰς

1758 5581 1765 5587 ’
1807 5579 2069 5631 habentur
2091 5576 2252 5627 etiam
2288 5575 2425 5643 apud
2459 5567 2842 5635 Tertullianum
2874 5571 2964 5624 lib.
2999 5580 3174 5622 contra
3210 5567 3336 5620 Pra-

1804 5661 1973 5705 xeam,
2000 5659 2115 5710 cap.
2146 5644 2197 5695 2.

1875 5714 1982 5787 (57)
2010 5708 2275 5783 ιιῖρρυιγι.
2308 5721 2487 5764 contra
2522 5708 2674 5764 Noet.
2697 5749 2712 5775 ,
2742 5725 2889 5764 num.
2923 5709 2973 5761 9.

2955 5866 3028 5921 10
