4104 6350
744 426 846 482 299

1703 426 1787 481 DE
1827 425 1983 481 VITA
2022 428 2107 482 ET
2152 426 2456 482 SCRIPTIS
2498 428 2551 482 S.
2596 425 2972 484 HIPPOLYTI.

3813 436 3921 489 500

743 540 1016 595 sicutvult
1044 539 1209 595 Filius
1234 541 1538 611 glorificari,
1571 543 1649 596 sic
1675 544 2068 610 glorificetnus;
2098 554 2148 597 et
2171 547 2271 599 sic-
2300 552 2343 606 Λ
2374 556 2586 611 vat-unt,
2626 545 2806 599 Crtece
2858 547 3069 614 quidem
3120 545 3447 616 Nicephoru's
3489 545 3594 621 σιτ.
3633 548 3685 599 in
3740 550 3922 600 Antir-

745 641 803 685 ut
848 632 958 684 vult
985 632 1173 684 donari
1204 632 1457 705 Spiritum
1508 642 1772 697 sanctum,
1823 634 1899 687 sic
1923 636 2272 703 accipiamus,

744 736 850 776 non
886 722 1178 774 secundum
1213 722 1478 791 propriam
1507 723 1854 788 voluntatem,
1888 741 2057 792 neque
2085 741 2278 778 secun-

745 812 869 864 dum
895 814 1167 880 proprium
1194 829 1431 878 sensum,
1464 829 1633 881 neque
1658 815 1759 867 vim
1792 815 2075 869 inferentes
2102 818 2153 868 in
2192 833 2251 870 ea

745 919 862 971 quae
912 903 978 956 ab
1011 919 1074 957 eo
1116 906 1235 959 data
1270 914 1427 970 sunt,
1482 905 1573 960 sed
1618 908 1887 973 quomodo
1924 907 2032 974 ipse
2080 924 2172 977 per
2218 908 2273 963 S.

748 994 1047 1062 Scripturas
1072 994 1259 1047 docere
1286 996 1472 1059 voluit,
1512 995 1590 1049 sic
1620 996 1999 1063 intelligamus.

832 1080 1080 1135 Posthaec
1096 1082 1160 1135 de
1182 1082 1518 1151 generatione
1547 1076 1739 1133 aeterna
1771 1091 1821 1134 et
1842 1082 2246 1136 consubstantia
2270 1113 2278 1120 -

742 1171 888 1226 litate
906 1172 1021 1225 Filii
1045 1174 1259 1226 disserit
1281 1173 1575 1242 (38),atque
1596 1173 1959 1226 incarnatione
1972 1171 2129 1227 Verbi
2145 1173 2274 1241 ('59).

743 1263 906 1317 Docet
936 1266 1106 1318 solum
1138 1264 1374 1317 Verbum
1407 1266 1741 1317 incarnatum
1762 1262 1869 1332 (10)
1894 1265 2139 1333 idemque
2159 1280 2278 1319 esse

741 1356 931 1409 Filium
970 1356 1058 1410 Dei
1084 1358 1214 1425 (41),
1247 1357 1403 1423 idque
1435 1372 1496 1409 ex
1533 1355 1848 1425 Apocalypsi
1878 1356 2036 1410 etiam
2068 1356 2276 1424 probat,

742 1462 901 1514 quam
928 1447 1027 1499 sub
1056 1447 1271 1499 nomine
1300 1445 1521 1499 Joannis
1552 1446 1890 1513 evangelistre
1926 1446 2123 1499 laudat.
2162 1447 2274 1501 Non

740 1535 968 1597 Patrem,
1003 1536 1091 1590 sed
1128 1534 1329 1587 Filium
1362 1536 1532 1589 solum
1559 1532 1889 1589 incarnatum
1920 1536 2084 1589 fuisse
2104 1537 2278 1589 decla-

740 1637 822 1679 rat
856 1626 964 1695 (42)
1009 1630 1292 1694 monetque
1343 1626 1707 1679 curiositatem
1755 1628 1805 1677 in
1857 1626 2124 1693 mysteriis
2168 1640 2280 1691 per-

739 1715 1041 1774 scrutandis
1071 1716 1338 1768 vitandam
1370 1731 1505 1768 esse.
1549 1714 1784 1767 Tandem
1819 1714 1979 1767 tradit
2007 1712 2140 1765 duas
2180 1727 2277 1763 na-

740 1813 887 1858 turas
929 1804 1167 1871 duasque
1210 1792 1545 1870 operationes
1594 1805 1642 1855 in
1694 1802 1909 1855 Christo
1950 1801 2275 1868 profitendas

2378 638 2586 689 rheticis
2630 646 2814 690 cmitra
2849 636 3262 702 lcouomachos;
3294 639 3612 691 Anastasius
3638 648 3760 691 vero
3792 654 3925 706 apo-

2373 728 2650 781 erisiarius
2692 729 2743 779 in
2792 727 2904 781 suis
2944 726 3279 781 Collectaneis
3306 755 3312 760 ι
3337 726 3523 780 Latine
3562 727 3788 781 reddita.
3847 726 3924 780 Ex

2376 816 2623 870 Turriani
2653 817 2899 869 versione
2922 817 3122 883 primus
3150 818 3237 869 illa
3270 817 3506 884 vulgavit
3530 815 3793 869 Henricus
3818 816 3924 869 Ca-

2374 907 2565 959 nisius.
2602 906 2783 959 Graeca
2822 906 3069 974 deinceps
3100 923 3161 960 ex
3194 892 3430 974 ejusdem
3456 906 3705 959 Turriani
3733 904 3925 957 codice

2374 996 2573 1048 addidit
2620 995 2987 1048 Anastasiana:
3035 996 3265 1049 versioni
3317 994 3655 1048 Sirmondus.
3732 994 3926 1047 Grece

2375 1086 2498 1138 item
2526 1097 2576 1138 et
2598 1083 2784 1138 Latine
2809 1083 3042 1153 Operum
3076 1085 3132 1137 S.
3158 1085 3373 1137 Maximi
3412 1093 3555 1137 tomo
3588 1083 3609 1137 1
3642 1084 3925 1153 praemissa

2374 1178 2540 1230 edidit
2573 1176 2951 1237 Combelisius,
2989 1177 3079 1243 qui
3119 1186 3171 1228 et
3200 1175 3469 1229 Anastasii
3501 1177 3807 1228 versionem
3844 1188 3929 1226 re-

2375 1267 2602 1320 censuit.
2646 1266 2837 1318 Eadem
2870 1264 3060 1317 exinde
3086 1264 3137 1317 in
3180 1279 3335 1317 suum
3370 1261 3703 1331 Hippolytum
3740 1270 3928 1313 trans-

2378 1356 2496 1409 tulit
2542 1353 2840 1407 Fabricius.
2908 1354 3151 1422 Posthac
3202 1369 3264 1405 ex
3313 1352 3615 1405 Combefisii
3662 1352 3922 1412 editione,

2374 1446 2555 1499 Graeca
2593 1444 2886 1512 desumpsit
2940 1443 3256 1510 Basnagius,
3295 1458 3356 1494 ac
3394 1440 3639 1495 Turriani
3682 1440 3925 1493 versiont

2376 1536 2615 1602 adjunxit
2652 1544 2784 1586 tom.
2829 1534 2846 1586 Ι
2887 1532 3135 1584 Thesauri
3172 1530 3478 1591 canisiani;
3514 1532 3578 1581 ad
3614 1529 3771 1594 cujus
3814 1528 3926 1579 cal-

2376 1641 2490 1677 cem
2544 1634 2795 1692 prteterea
2846 1622 2905 1674 V.
2953 1621 3012 1675 C.
3067 1622 3271 1674 Claudii
3316 1618 3748 1687 Capperonnierii
3808 1618 3924 1669 ani-

2378 1715 2773 1767 madversiones
2824 1713 2876 1764 in
2924 1712 3190 1764 Anastasii
3234 1710 3529 1763 versionem
3567 1722 3686 1761 cum
3718 1705 3925 1757 Graecis

2379 1804 2623 1856 collatam
2672 1803 2883 1869 adjecit.
2937 1799 3029 1867 His
3079 1800 3334 1853 subsidiis
3366 1799 3660 1851 instructus
3690 1796 3759 1849 cl.
3797 1794 3924 1847 Cal-

739 1908 859 1947 esse
892 1892 999 1959 (45)
1022 1931 1036 1951 ,
1069 1900 1260 1944 etcum
1283 1892 1564 1959 doxologia
1603 1891 1863 1945 concludit
1894 1906 2048 1943 suum
2082 1899 2274 1942 tracta-
2305 1862 2349 1921 Β
2380 1892 2588 1945 landius
2648 1892 2932 1944 editionem
2996 1904 3146 1941 suam
3210 1888 3451 1955 paravit;
3507 1885 3920 1953 praecedentium

739 1990 873 2032 tum.
908 1977 1166 2032 Czeterum
1200 1979 1609 2040 observandum,
1647 1979 1787 2045 quod
1823 1988 2035 2031 notante
2071 1978 2137 2030 cl.
2170 1976 2277 2029 Til-

740 2069 993 2122 lemontio
1035 2070 1143 2138 (Ml
1191 2068 1519 2137 Epiphanius
1549 2070 1732 2122 hmresi
1763 2069 1848 2132 57,
1889 2085 2008 2137 qua:
2033 2078 2112 2122 est
2142 2066 2279 2121 Noe-

742 2162 1027 2226 tianorum,
1058 2175 1122 2213 ex
1151 2157 1447 2227 Hippolyto,
1478 2158 1601 2212 licet
1633 2174 1737 2209 non
1770 2159 2066 2221 nominato,
2108 2158 2272 2210 multa

740 2252 805 2303 ad
831 2252 1049 2304 verbum
1074 2256 1273 2315 repetat
1298 2262 1395 2316 pro
1430 2247 1724 2301 refutandis
1748 2249 1849 2299 illis
1882 2248 2161 2309 haereticis,
2194 2254 2275 2298 at-

740 2354 844 2407 que
863 2339 1041 2406 judice
1069 2335 1336 2389 Ceillierio
1365 2336 1472 2404 (45)
1498 2338 1787 2389 verisimile
1816 2338 1972 2389 etiam
2006 2345 2106 2397 est,
2137 2336 2275 2403 quod

741 2426 1071 2495 Epiphanius
1111 2438 1174 2477 ex
1217 2424 1317 2477 hoc
1347 2410 1658 2493 Hippolyten
1697 2424 1995 2493 fragmento
2025 2425 2169 2477 illum
2199 2426 2279 2476 lo-

741 2532 863 2569 cum
910 2514 1218 2568 historicum
1263 2513 1327 2566 de
1372 2514 1921 2566 excommunicatione
1964 2512 2112 2565 Nocti
2157 2528 2277 2566 mu-

743 2615 930 2659 tuatus
965 2603 1139 2658 fuerit.
1174 2602 1405 2657 Tandem
1452 2604 1552 2656 hoc
1596 2602 1873 2673 Hyppolyti
1905 2602 2277 2673 fragmentum,

742 2703 927 2747 contra
978 2692 1262 2761 Dupinium
1307 2691 1417 2761 (46)
1478 2692 1607 2744 illud
1662 2692 2002 2753 inficiantem,
2072 2689 2281 2758 egregie

743 2786 1013 2838 vindicant
1082 2793 1323 2838 auctores
1390 2783 1638 2837 Historiae
1703 2782 1970 2834 litteraria:
2048 2779 2281 2834 Franco-

755 2892 871 2928 rum
889 2874 1018 2944 (η).
1322 2928 1325 2931 λ

1278 2960 1664 3016 AHTICULUS
1703 2958 1813 3011 Vll.

745 3070 812 3110 οε
853 3070 1131 3107 τιιΑετΑτυ
1166 3069 1209 3107 S.
1252 3067 1528 3105 HIPPOLYTI
1576 3051 1651 3103 DE.
1686 3063 1975 3102 THEOLOGIA
2007 3064 2074 3101 ET
2105 3063 2283 3102 ωειλκ-

939 3138 1160 3174 ΝΑΤΙΟΝΕ
1188 3136 1447 3173 Αυνειιευε
1470 3134 1707 3171 BEHONEI
1741 3134 1808 3171 ΕΤ
1840 3132 2082 3170 HELICEI.

751 3209 842 3281 ει.
869 3209 1125 3277 Excerpta
1158 3206 1294 3281 Vl“
1313 3222 1375 3259 ea:
1410 3222 1639 3281 sermone
1668 3208 1729 3257 de
1752 3205 2005 3281 theologia
2036 3214 2084 3257 et
2105 3205 2275 3257 incar-

1122 3278 1327 3329 natione
1348 3277 1462 3345 quis
1487 3274 1630 3327 nobis
1655 3277 1892 3326 servarit.

822 3388 1133 3439 Anastasius
1172 3385 1447 3454 presbyter
1476 3399 1538 3437 ac
1582 3382 1835 3436 Romana;
1869 3381 2116 3435 Ecclesiae
2149 3396 2277 3451 apo-

751 3477 1026 3529 crisiarius
1059 3477 1199 3529 circa
1216 3474 1446 3527 medium
1465 3474 1640 3527 szeculi
1662 3474 1871 3541 septimi
1900 3481 2124 3525 testatur
2147 3472 2280 3540 (48),

752 3568 892 3635 quod
940 3581 1059 3619 cum
1120 3566 1577 3633 Constantinopoli
1611 3576 1970 3619 commoratus
2012 3575 2174 3626 esset,
2214 3563 2281 3615 ad

754 3658 926 3722 ipsum
977 3656 1180 3709 delatus
1219 3654 1378 3708 fuerit
1429 3656 1563 3708 liber
1624 3655 1679 3707 8.
1736 3654 1995 3725 Hippolyti
2048 3653 2280 3722 episcopi

755 3745 943 3798 l’ortus
979 3745 1204 3797 Romani
1252 3760 1313 3797 ac
1351 3746 1618 3814 martyris,
1663 3744 1714 3797 in
1748 3762 1854 3813 quo
1883 3746 2175 3813 anticipate
2198 3761 2281 3799 re-

760 3834 893 3887 fellit
926 3835 1167 3887 haeresim
1208 3814 1699 3898 Monothelitarum;
1748 3850 1903 3902 quem
1947 3851 2066 3891 cum
2118 3844 2282 3889 totum

756 3924 1051 3978 describere
1079 3925 1250 3989 vellet,
1296 3924 1381 3976 vix
1417 3925 1578 3977 valuit
1605 3940 1667 3977 ex
1701 3924 1813 3990 ipso
1839 3925 1953 3991 plus
1981 3940 2138 3991 quam
2164 3934 2285 3977 octo

756 4016 872 4070 loca
904 4031 998 4071 seu
1028 4016 1329 4069 testimonia
1357 4016 1653 4080 extrahere,
1692 4015 1886 4067 invidia
1922 4014 2285 4067 Monothelita-

756 4107 999 4175 rum,qui
1019 4106 1260 4159 eumdem
1286 4107 1476 4159 librum
1502 4122 1529 4159 e
1548 4105 1792 4158 manibus
1810 4105 1907 4173 ipsi
1930 4105 2282 4172 diripuerunt.

756 4194 887 4249 Octo
911 4197 1021 4248 haec
1042 4194 1332 4263 fragmenta
1360 4210 1425 4248 ex
1457 4210 1704 4249 sermone
1739 4194 1810 4246 De
1847 4186 2097 4263 theologia
2128 4204 2173 4247 et
2202 4195 2284 4247 in-

758 4282 1053 4333 carnatione
1082 4288 1267 4335 contra
1317 4280 1573 4336 Beronem
1600 4291 1651 4335 et
1700 4281 1930 4336 Helicem
1965 4283 2119 4337 nobis
2173 4296 2285 4336 ser-

967 4511 1228 4595 Hippolyt.
1254 4524 1435 4595 contra
1449 4515 1611 4595 μορε.
1646 4532 1791 4569 num.
1826 4517 2010 4580 10,11.

830 4584 937 4650 (59)
967 4583 1038 4637 Id.
1065 4583 1216 4648 ibid.,
1240 4600 1385 4636 num.
1417 4585 1504 4639 12.

831 4651 936 4719 μυ)
968 4652 1041 4705 Id.
1068 4654 1217 4718 ibid.,
1246 4668 1393 4705 num.
1430 4654 1513 4705 ιι.

832 4722 941 4786 (41)
973 4721 1045 4773 Id.
1077 4722 1229 4787 ibid.,
1262 4739 1409 4775 num.
1436 4722 1514 4773 15.

832 4788 940 4853 (12)
970 4788 1042 4841 Id.
1065 4790 1214 4852 ibid.,
1244 4806 1391 4842 num.
1424 4789 1507 4849 16,
1538 4789 1622 4840 17.

834 4857 1042 4923 (43)]«1.
1072 4859 1236 4923 ibid.,
1270 4874 1417 4911 num.
1447 4858 1509 4909 i7
1541 4866 1592 4910 et
1620 4859 1703 4911 18.

837 4925 944 4998 (id)
970 4924 1306 4998 Tillemont,,
1334 4926 1594 4985 Mémoir.,
1630 4938 1758 4980 tom.
1789 4927 1873 4998 HI,
1906 4945 2024 4998 pag.
2056 4930 2177 4982 107.

975 4992 1607 5067 Qeillier,_llirt._géuér.,
1646 5006 1773 5047 toni.
1809 4997 1867 5067 ll,
1900 4992 2016 5067 pag.
2047 4999 2167 5051 549..

835 5060 943 5132 (ili)
975 5059 1164 5132 Dupin,
1189 5059 1431 5115 Biblioth'.
1467 5074 1629 5132 auct.,
1659 5075 1787 5117 tom.
1816 5066 1853 5127 l,
1882 5059 1995 5132 pag“.
2020 5068 2135 5119 177.

838 5128 1120 5251 ςξῖζθίιίιι.
1163 5132 1321 5184 littér.
1364 5134 1425 5184 de
1472 5133 1525 5185 ια
1569 5131 1791 5196 France,
1832 5128 1961 5188 to'm.
1992 5135 2042 5199 l,
2087 5144 2220 5202 part.
2251 5151 2287 5196 ι,

805 5217 885 5265 ag.
912 5217 1029 5251 ους.

768 5217 1305 5340 ΡθῖλέῖνῒοΡι-ωμθι-εθ-
1324 5270 1441 5340 misi
1468 5270 1532 5323 ad
1552 5286 1785 5340 praesens
1810 5285 1929 5322 eum
1950 5270 2047 5324 hac
2072 5270 2291 5340 epistola

770 5351 953 5390 mea...
1011 5334 1243 5386 notulam
1290 5334 1571 5393 habentem
1614 5339 1913 5392 testimonia
1955 5356 2016 5391 ex
2051 5334 2203 5391 dictis
2235 5339 2290 5391 S.

772 5404 1042 5483 Hippolyti
1081 5403 1323 5483 .cpiscopi
1386 5404 1575 5461 Portus
1632 5407 1855 5461 Romani
1918 5422 1979 5460 ac
2028 5408 2293 5483 _martyris

769 5469 979 5527 Christi
1007 5469 1093 5522 Dei
1122 5469 1321 5549 nostri,
1361 5488 1472 5549 quo
1502 5489 1559 5549 et
1588 5492 1680 5544 per
1720 5492 1790 5549 ea
1827 5489 1986 5528 nosse
2028 5469 2290 5549 habeatis,

770 5556 934 5610 quam
962 5539 1296 5610 concorditer
1334 5539 1455 5610 cum
1477 5539 1601 5598 aliis
1630 5545 1877 5597 omnibus
1901 5546 2096 5597 sanctis
2124 5542 2295 5595 Patri-

770 5608 869 5663 bus
905 5608 1194 5679 Salvatoris
1224 5611 1385 5679 nostri
1410 5608 1531 5664 Jesu
1570 5612 1769 5667 Christi
1804 5613 2050 5679 pradicet
2078 5620 2293 5665 naturas

771 5689 823 5749 et
848 5677 1199 5743 operationes.
1226 5676 1428 5731 refellat
1454 5690 1626 5734 autem
1646 5697 1770 5744 eos,
1792 5676 1881 5748 qui
1914 5696 2074 5733 uuam
2102 5696 2289 5749 opera-

720 5794 723 5797 ,
772 5747 968 5800 tionem
998 5756 1047 5801 et
1081 5756 1321 5800 naturam
1354 5761 1511 5801 unam
1544 5747 1834 5805 divinitatis
1863 5757 1915 5803 et
1952 5747 2292 5804 humanitatis

2376 1983 2635 2036 editorum
2672 1980 3070 2033 observationes
3113 1978 3355 2045 subjecit,
3394 1991 3565 2043 neque
3599 1984 3754 2027 notas
3783 1975 3921 2026 omi-

2377 2074 2462 2134 sit,
2507 2087 2640 2140 quas
2671 2071 2909 2124 eruditus
2956 2067 3453 2120 Sirmondianorum
3486 2065 3657 2117 editor
3690 2064 3920 2132 margini

2377 2164 2583 2225 allcvit;
2620 2160 2891 2214 Anastasii
2937 2158 3172 2211 versiOni
3217 2156 3643 2231 testimoniorum
3672 2152 3923 2222 Hippoly-

2378 2263 2603 2313 tcorum,
2647 2248 3093 2302 Cumbefisianam
3135 2246 3502 2301 recensionem
3537 2245 3809 2311 apposuit,
3843 2253 3924 2295 at-

2334 2400 2337 2401 ν
2375 2359 2479 2411 que
2522 2342 2755 2411 integras
2792 2336 3225 2407 Capperonnicrii
3266 2336 3759 2387 animadversiones
3794 2333 3922 2387 sub—

2376 2434 2525 2487 didit.
3687 2477 3696 2485 .

2446 2520 2518 2573 De
2567 2519 2743 2587 Oper-is
2788 2517 3087 2586 integritate
3132 2529 3237 2567 non
3267 2523 3349 2567 est
3381 2512 3618 2581 profecto
3653 2527 3755 2566 cur
3802 2510 3925 2579 jure

2378 2608 2621 2661 dubitare
2649 2608 2767 2675 quis
2800 2608 2990 2658 valeat.
3026 2603 3166 2657 Nihil
3196 2603 3390 2671 quippe
3418 2602 3468 2654 in
3496 2602 3577 2655 his
3606 2601 3923 2670 fragmentis

2380 2696 2550 2761 legere
2599 2704 2696 2755 est,
2742 2694 2883 2761 quod
2920 2691 3258 2759 Hippolytum
3295 2690 3529 2757 apprime
3563 2704 3664 2744 non
3695 2691 3917 2753 deceat;

2379 2785 2623 2853 quinimo
2658 2784 2766 2835 sive
2806 2791 3180 2849 argumentum
3216 2786 3442 2845 spectes,
3476 2779 3585 2829 sive
3610 2777 3920 2843 disputandi

2380 2875 2674 2936 rationem;
2730 2871 2917 2935 omnia
2978 2884 3111 2936 pene
3162 2868 3368 2935 gemina
3422 2880 3541 2918 cum
3602 2865 3917 2933 praecedenti

2382 2956 2640 3034 Opuseulo
2674 2970 2855 3014 contra
2890 2960 3111 3033 Noetum
3145 2958 3376 3023 reperias
3405 2974 3418 3020 ;
3463 2964 3521 3007 ut
3556 2956 3782 3023 proinde
3813 2957 3917 3008 fra-

2383 3065 2594 3123 gmenta
2645 3051 2906 3120 ejusmodi
2954 3050 3147 3101 merito
3187 3043 3785 3123 vindicentlﬂippolyto
3820 3046 3912 3097 viri

2306 3119 2698 3235 C‘doctissimi,
2728 3141 2913 3195 Bullus
2940 3140 3048 3209 (49)
3089 3140 3139 3191 in
3157 3138 3365 3206 primis,
3404 3119 3779 3189 Tillemontius
3810 3133 3913 3203 (50)

2376 3233 2594 3301 aliique.

2450 3323 2551 3376 Sed
2600 3324 2679 3374 vir
2735 3320 3080 3376 doctissimus
3109 3317 3268 3371 Ellies
3296 3316 3534 3385 Dupinus
3561 3316 3811 3377 dubitat,
3853 3330 3917 3367 an

2382 3412 2466 3463 illa
2497 3422 2741 3478 excerpta
2778 3409 2832 3460 S.
2861 3410 3191 3477 Hippolytum
3228 3408 3457 3460 habeant
3481 3415 3753 3459 auctorem
3775 3404 3923 3473 (5i);

2388 3499 2589 3552 Natalis
2612 3510 2785 3552 autem
2818 3498 3131 3561 Alexander,
3177 3497 3445 3559 Petavius,
3474 3495 3703 3549 Sandius
3730 3496 3843 3564 (52)
3868 3505 3918 3547 et

2382 3589 2672 3657 Basnagius
2702 3589 2808 3656 (ὕὸ)
2832 3590 3054 3656 probare
3082 3585 3550 3639 conanturlibrum
3571 3585 3642 3637 De
3664 3586 3917 3652 theologia

2383 3691 2429 3734 et
2451 3678 2804 3732 incarnatione
2822 3693 2925 3729 non
2943 3692 3059 3729 esse
3080 3675 3136 3728 S.
3170 3675 3431 3743 Hippolyti
3458 3690 3590 3741 opus
3605 3674 3915 3740 genuinum.

2382 3770 2675 3823 Audiamus
2710 3768 2882 3834 ipsum
2913 3765 3151 3818 Natalem
3188 3764 3546 3816 Alexandrum
3582 3763 3691 3830 (54)
3738 3768 3917 3815 contra

2382 3862 2493 3913 haec
2523 3866 2767 3925 excerpta
2792 3857 2889 3909 ista
2913 3857 3261 3909 disserentem
3292 3871 3303 3904 :
3335 3872 3351 3902 I
3385 3851 3539 3905 Liber
3564 3852 3637 3904 De
3666 3852 3917 3919 theologia

2382 3962 2430 4004 et
2458 3949 2811 4003 incarnatione
2852 3956 3035 3999 contra
3075 3944 3331 3997 Beronem
3364 3952 3415 3996 et
3443 3942 3671 3998 Helicetn
3706 3945 3918 3999 haereti-

2384 4055 2543 4093 cos...
2575 4054 2681 4091 non
2730 4036 2937 4088 videtur
2964 4050 3081 4087 esse
3124 4033 3291 4086 sancti
3323 4031 3606 4102 Hippolyti,
3638 4033 3795 4101 cujus
3826 4047 3914 4085 no-

2385 4146 2504 4183 men
2535 4127 2765 4197 praefert.
2800 4123 2906 4178 Nec
2933 4124 3073 4176 enim
3103 4123 3217 4189 ejus
3244 4122 3532 4176 meminere
3556 4132 3783 4187 veteres,
3822 4135 3915 4175 nec

2386 4217 2630 4287 congruit
2666 4213 2993 4282 temporibus
3025 4200 3311 4280 Hippolyti.
3347 4209 3558 4265 Refellit
3590 4212 3732 4264 enim
3773 4225 3914 4265 errod

2386 4325 2496 4362 rem
2524 4306 2845 4373 Apollinaris
2880 4312 2933 4356 et
2972 4300 3274 4371 Eutychetis
3298 4300 3363 4355 de
3397 4302 3696 4355 mutatione
3730 4300 3917 4355 divini-

2388 4518 2504 4587 ejus
2560 4511 2984 4587 dogmatizant...
3036 4514 3186 4570 Hunc
3235 4518 3429 4570 librum
3466 4515 3700 4587 Byzantii
3747 4514 3911 4573 nobis,

2388 4584 2669 4656 antequam
2716 4587 2855 4652 passi
2899 4585 3203 4650 fuissemus,
3234 4587 3488 4656 delatum,
3512 4584 3645 4656 '_cum
3681 4584 3822 4637 hunc
3848 4594 3916 4635 to-

2390 4667 2498 4708 tum
2528 4653 2818 4707 ’vellemus
2876 4657 3256 4717 transcribere,
3301 4654 3477 4707 subito
3512 4653 3662 4719 juxta
3697 4666 3914 4705 C0nsuc-

2388 4724 2622 4777 tudinem
2651 4738 2799 4775 suam
2828 4724 3129 4777 insistentes
3165 4722 3454 4776 adversarii
3483 4722 3749 4775 latronum
3776 4738 3915 4775 more

2388 4801 2699 4859 rapuerunt,
2750 4802 2801 4844 et
2852 4810 2954 4845 non
3006 4794 3267 4845 valuimus
3322 4804 3385 4842 ex
3438 4789 3554 4856 ipso
3601 4789 3719 4855 plus
3761 4806 3912 4857 quam

2389 4871 2510 4913 octo
2558 4862 2667 4913 haec
2706 4863 3003 4913 testimonia
3035 4864 3235 4913 tollere.
3291 4876 3308 4907 ι
3356 4858 3624 4913 Anastas..
3673 4860 3827 4913 enist.
3852 4862 3910 4913 ad

2390 4872 2510 4914 octo
2559 4872 2667 4913 haec
2706 4872 3003 4915 testimonia
3035 4872 3235 4913 tollere.
3291 4876 3308 4907 ι
3356 4872 3624 4918 AhaStas.,
3673 4872 3910 4923 eprst.att

2390 4927 2652 5005 'l‘heodos.
2670 4932 2913 5005 .p_r‘esbyt.
2948 4932 3263 4997 Cangrens.,
3289 4936 3415 4978 tom.
3442 4924 3506 4977 Hl
3528 4928 3660 4995 Opp.
3686 4927 3913 4981 Sirmon-

2389 4998 2485 5059 di.,
2511 5013 2630 5067 pag.
2666 4998 2786 5054 579.
2843 4998 2852 4999 ί
3237 5010 3244 5018 “

2402 5134 2413 5135 γ
2460 5069 2567 5135 (49)
2598 5068 2799 5130 Bulhts,
2841 5067 3045 5133 Defens.
3077 5065 3168 5131 ῥά.
3208 5062 3432 5129 Nicam.,
3465 5075 3593 5119 sect.
3621 5082 3679 5131 tt,
3710 5082 3824 5135 cap.
3864 5066 3910 5126 8,

2395 5134 2421 5202 ᾗ
2452 5134 2503 5196 5.
2532 5152 2648 5203 pag.
2685 5139 2770 5191 98.
3778 5134 3785 5135 “

2466 5206 2574 5271 (50)
2612 5206 2913 5266 Tillemont,
2940 5200 3179 5253 Memoir.
3205 5202 3351 5266 eccl.,
3387 5214 3517 5258 tom.
3543 5202 3630 5265 lll,
3661 5220 3782 5273 pag.
3822 5200 3912 5253 108

2391 5282 2442 5324 ω
2463 5277 2796 5409 (15%.Dupin,
2826 5338 2957 5409 βίω.
2994 5350 3154 5403 auct.,
3182 5354 3301 5408 pag.
3329 5340 3445 5393 178.

2462 5406 2569 5479 (5‘2)
2598 5406 2786 5479 §and.,
2825 5406 2931 5479 Vel.
2967 5410 3146 5475 script.
3184 5406 3397 5479 redies,
3416 5425 3533 5476 pag.
3560 5409 3650 5479 Q7.

2461 5477 2571 5597 («53:
2596 5477 2853 5544 Basnage,
2880 5478 3243 5533 Animadvers.
3262 5479 3326 5532 ad
3360 5477 3602 5530 Thesaur.
3628 5477 3912 5536 Canisian.,

2393 5555 2523 5600 tOni.
2574 5586 2586 5605 ,
2620 5563 2736 5613 pag.
2771 5546 2853 5608 10,
2882 5546 2964 5597 11.

2465 5583 2586 5683 (34-),
2605 5583 3117 5681 ﬁQi’éiinéihm
3146 5615 3284 5673 Hist.
3314 5615 3516 5684 ecclea.,
3543 5630 3666 5671 saec.
3699 5612 3780 5679 lli,
3802 5620 3912 5679 cap.

2394 5686 2447 5752 4,
2478 5685 2687 5739 articul.
2728 5686 2776 5749 1,
2810 5699 2924 5752 pag.
2963 5684 3043 5739 05.
