4104 6350
754 437 857 494 505

1662 406 1663 409 Ἴ
1714 442 1799 496 DE
1837 443 1998 499 VITA
2035 443 2123 497 ET
2164 440 2469 497 SCRIPTIS
2507 441 2564 494 S.
2601 438 2977 493 HIPPOLYTI.

3829 430 3923 483 504

752 561 835 612 vel
884 562 1215 625 mutatione;
1266 571 1320 617 et
1352 563 1559 618 beatam
1605 563 1874 634 Virginem
1926 565 2147 620 Mariam
2196 566 2303 620 fre-
2330 571 2375 627 Α
2401 573 2587 618 contra
2618 561 2928 632 Eutychetis
2953 558 3219 621 haeresim,
3257 548 3455 625 praeter
3476 554 3598 608 illas
3633 548 3930 620 Tertulliani

751 660 976 722 quenter
1001 652 1153 705 titulo
1180 651 1367 708 Matris
1397 652 1487 707 Dei
1520 655 1750 709 honorat
1779 656 1911 725 (56).
1945 656 2302 710 Tertulliauus

752 743 1047 797 Athanasio
1073 759 1135 797 ac
1164 743 1363 798 Basilio
1388 745 1545 816 longe
1574 747 1869 815 antiquior,
1904 746 2302 801 distinctionem

754 834 978 885 duarum
1027 844 1361 897 naturarum,
1411 850 1475 889 ac
1522 836 1780 889 unitatem
1808 837 1968 891 unius
2012 836 2065 888 in
2093 836 2303 890 Christo

753 922 877 977 Iesu
910 940 1151 994 persona:
1179 936 1287 980 tam
1317 927 1460 981 clare
1488 928 1701 991 astruit,
1751 942 1815 981 ac
1854 928 1900 982 si
1944 927 2055 1005 jam
2090 937 2200 980 tum
2250 927 2302 980 in

755 1024 1021 1069 certamen
1042 1030 1164 1069 cum
1192 1016 1383 1071 haeresi
1413 1014 1644 1071 Nestorii
1672 1025 1725 1071 et
1750 1016 2058 1087 Eutychetis
2086 1017 2307 1071 descen-

755 1104 1115 1161 disset.¢Deus
1139 1146 1154 1169 ,
1188 1106 1360 1174 inquit
1392 1103 1541 1176 (57),
1575 1123 1734 1176 neque
1765 1107 1951 1159 desinit
1976 1123 2117 1170 esse,
2152 1122 2309 1175 neque

742 1198 903 1269 aliud
929 1206 1091 1267 potest
1124 1214 1255 1251 esse.
1289 1196 1468 1251 Sermo
1500 1210 1675 1251 autem
1701 1198 1872 1262 Deus;
1913 1207 1962 1251 et
2006 1214 2172 1250 sermo
2201 1196 2308 1249 Do-

759 1290 887 1342 mini
913 1299 1082 1341 manet
1113 1289 1165 1342 in
1198 1300 1471 1351 retentum,
1505 1287 1872 1357 perseverando
1900 1288 2095 1340 scilicet
2132 1289 2184 1338 in
2214 1304 2310 1339 sua

759 1382 949 1451 forma.
984 1380 1147 1445 Quem
1177 1381 1223 1434 si
1254 1394 1359 1433 non
1387 1382 1525 1449 capit
1573 1380 1963 1449 transﬁgurari,
2003 1394 2308 1446 consequens

759 1481 857 1537 est,
890 1482 945 1525 ut
976 1472 1050 1524 sic
1074 1487 1197 1523 caro
1226 1470 1394 1539 {actus
1419 1469 1765 1539 intelligatur,
1798 1470 1921 1522 dum
1952 1470 2012 1535 ﬁt
2047 1466 2101 1520 in
2135 1483 2308 1532 carne,

759 1571 806 1615 et
854 1562 1240 1630 manifestatur,
1278 1570 1327 1614 et
1370 1561 1591 1626 videtur,
1617 1570 1665 1612 et
1694 1569 2041 1613 contractatur
2075 1574 2163 1624 per
2193 1574 2311 1610 car-

762 1670 907 1716 nem;
926 1655 1048 1722 quia
1068 1664 1113 1706 et
1142 1662 1329 1706 cratera
1354 1652 1427 1704 sic
1456 1651 1620 1719 accipi
1640 1653 1872 1720 exigunt.
1897 1648 1956 1706 Si
1982 1651 2116 1719 enim
2145 1665 2310 1701 sermo

765 1742 1220 1810 transﬁguratione
1250 1751 1300 1794 et
1331 1741 1683 1794 demutatioue
1724 1740 2048 1803 substantiaz,
2080 1756 2202 1791 caro
2233 1739 2311 1806 {a-

766 1846 878 1888 ctus
903 1842 1001 1900 est,
1031 1850 1135 1885 una
1146 1834 1261 1901 jam
1282 1834 1379 1885 erit
1408 1832 1704 1885 substantia
1729 1829 1885 1884 Iesus
1907 1846 1970 1885 ex
1995 1830 2218 1895 duobus,
2250 1844 2312 1882 ea:

764 1940 951 1987 carne,
995 1940 1059 1977 ea:
1107 1925 1295 1993 spiritu
1335 1924 1554 1976 mistura
1605 1922 1986 1990 quwdam,.....
2019 1931 2067 1974 et
2110 1922 2315 1973 tertium

763 2018 888 2087 quid
926 2018 1157 2086 efﬂatur.
1221 2014 1400 2084 Neque
1445 2030 1565 2083 ergo
1608 2013 1745 2065 Deus
1791 2014 1889 2066 erit
1932 2012 2108 2076 Iesus,
2150 2027 2315 2065 sermo

691 2131 694 2134 ’
764 2110 901 2162 enim
927 2109 1078 2161 desiit
1111 2123 1237 2169 esse,
1266 2106 1355 2174 qui
1382 2121 1507 2165 caro
1534 2105 1704 2171 [actus
1733 2114 1810 2157 est
1828 2144 1843 2167 ,
1884 2120 2039 2173 neque
2070 2118 2225 2168 caro,
2260 2104 2315 2155 id

765 2210 839 2253 est
878 2201 1058 2269 homo;
1083 2214 1204 2251 caro
1228 2200 1363 2249 enim
1386 2212 1486 2249 non
1514 2196 1717 2265 proprie
1744 2204 1843 2258 est,
1884 2196 1973 2263 qui
2000 2190 2165 2248 seruio
2192 2193 2315 2263 fuit,

766 2293 844 2343 ita
871 2306 935 2343 ea;
964 2298 1180 2356 utroque
1212 2296 1451 2341 neutrum
1476 2296 1586 2350 est;
1626 2284 1773 2338 aliud
1800 2286 1948 2355 longe
1980 2286 2188 2338 tertium
2215 2296 2313 2348 est,

767 2398 925 2451 quam
962 2389 1255 2449 utrumque.
1296 2377 1401 2431 Sed
1436 2379 1572 2447 enim
1602 2378 1884 2429 invenimus
1915 2376 2065 2428 illuni
2103 2368 2335 2440 directo,

768 2476 818 2521 et
865 2466 1060 2530 Deum,
1100 2478 1150 2519 et
1189 2466 1444 2518 hominem
1484 2466 1771 2533 expositum
1796 2504 1812 2529 ,
1844 2466 1955 2533 ipso
1993 2465 2087 2517 hoc
2119 2464 2319 2532 psalmo

771 2561 1389 2631 suggerente:Quoniam
1420 2559 1561 2635 Deus
1592 2562 1753 2615 homo
1784 2569 1944 2615 natus
1973 2570 2054 2615 est
2081 2560 2133 2613 in
2165 2561 2317 2616 illa...

760 2654 1023 2707 .Videmus
1068 2654 1324 2722 duplicem
1368 2662 1561 2707 statum
1606 2670 1706 2706 non
1745 2638 2037 2720 confusum,
2066 2654 2154 2705 sed
2202 2667 2324 2704 con-

762 2744 1017 2814 junctum
1056 2745 1112 2797 in
1140 2761 1243 2797 una
1280 2762 1515 2813 persona,
1545 2744 1706 2797 Deum
1750 2753 1799 2797 et
1842 2743 2097 2795 hominem
2118 2741 2317 2796 Iesum.

776 2833 848 2885 Et
878 2833 1006 2907 adeo
1055 2833 1200 2887 salva
1227 2843 1303 2886 est
1348 2835 1615 2903 utriusque
1662 2834 1948 2901 proprietas
1983 2834 2321 2900 substantia,

774 2936 831 2978 ut
854 2934 904 2979 et
933 2925 1161 2996 Spiritus
1198 2942 1279 2979 res
1304 2943 1427 2980 suas
1457 2936 1625 2997 ageret
1652 2929 1707 2978 in
1730 2925 1841 2991 illo,
1866 2926 1920 2978 id
1950 2938 2057 2988 est,
2088 2927 2322 2993 uirtutes,

774 3028 824 3071 et
852 3033 1027 3086 opera,
1054 3026 1105 3071 et
1135 3017 1307 3085 signa,
1342 3026 1391 3070 et
1432 3033 1551 3069 caro
1583 3019 1850 3086 passiones
1876 3033 1998 3070 suas
2026 3016 2206 3086 functa
2231 3018 2322 3084 sit,

774 3107 1003 3160 esuriens
1030 3107 1124 3160 sub
1154 3105 1385 3168 diabolo,
1433 3122 1451 3155 ι
1475 3110 1581 3157 etc.
1616 3103 1871 3175 Origenes
1900 3115 2084 3158 contra
2117 3102 2324 3157 Celsum

2400 655 2712 710 sententias.
2752 652 2884 718 Quis
2924 660 3105 704 tamen
3149 664 3244 718 pro
3291 646 3502 717 egregio
3535 644 3774 714 sophista
3798 642 3947 694 illum.

2402 762 2510 799 non
2542 746 2782 809 haberet,
2816 743 2907 814 qui
2938 742 3064 796 hinc
3093 730 3450 801 concluderet,
3479 739 3675 792 librum
3700 735 3933 789 adversus

2409 837 2671 890 Prauam
2717 834 3032 889 Tertulliani
3057 848 3163 911 non
3188 847 3323 897 esse,
3354 831 3445 886 sed
3475 830 3710 913 auctoris
3736 829 3828 898 qui
3855 829 3936 883 de-

2404 945 2549 983 mum
2595 938 2715 997 post
2748 909 3093 997 Eutychetem
3136 922 3385 992 scripsit?
3436 921 3536 976 Sed
3570 909 3844 984 nimirum,
3885 928 3939 975 ut

2405 1022 2456 1074 in
2502 1022 2722 1085 mundo,
2770 1021 2839 1073 ita
2890 1019 2941 1073 in
2980 1017 3216 1072 Ecclesia
3244 1015 3428 1070 eadem
3472 1028 3681 1083 semper
3720 1014 3940 1067 recurrit

2413 1112 2615 1174 fabula,
2658 1122 2711 1166 et
2741 1128 2876 1180 quas
2918 1109 3183 1179 posterior
3214 1115 3345 1161 aetas
3388 1120 3553 1159 novas
3592 1106 3821 1159 haereses
3855 1120 3941 1174 ap-

2407 1203 2586 1270 pellat,
2617 1216 2691 1253 ea:
2721 1208 2847 1254 sunt
2875 1214 3059 1252 revera
3084 1196 3294 1266 pristini
3319 1202 3525 1266 tantum
3553 1208 3764 1249 errores
3792 1207 3955 1248 reno-t

2408 1293 2535 1351 vati,
2573 1302 2741 1359 atque
2759 1292 2827 1344 ab
2857 1290 2996 1344 Orco
3025 1287 3281 1343 revocati.
3806 1336 3807 1339 η

2474 1380 2657 1450 Neque
2684 1366 2879 1434 mirum
2910 1380 3062 1433 nobis
3090 1378 3257 1451 videri
3285 1377 3462 1441 debet,
3496 1377 3545 1431 si
3574 1378 3626 1429 in
3653 1382 3804 1427 tanta
3831 1388 3949 1442 ope-

2410 1490 2529 1529 rum
2561 1472 2902 1526 multitudine
2926 1486 2957 1524 a
2990 1468 3051 1524 S.
3078 1466 3363 1545 Hippolyto
3394 1479 3760 1530 exaratorum,
3790 1481 3946 1519 unum

2409 1574 2501 1618 aut
2542 1564 2767 1617 alterum
2802 1561 3132 1630 diligentiam
3174 1559 3430 1614 indefessi
3458 1556 3781 1630 Theodoreti
3813 1555 3948 1622 fuge-

2410 1657 2497 1709 rit.
2557 1654 2699 1711 Sane
2745 1655 2831 1707 hic
2878 1628 3068 1706 auctor
3115 1652 3316 1705 nullam
3362 1652 3439 1704 de.
3474 1628 3612 1707 libro
3652 1646 3950 1701 Antichristi

2414 1746 2737 1799 mentionem
2778 1745 2923 1806 iacit,
2960 1744 3084 1798 licet
3126 1745 3171 1798 is
3211 1752 3467 1797 tractatus
3508 1742 3626 1795 loca
3665 1740 3841 1810 magis
3866 1739 3949 1793 de-

2414 1837 2643 1889 cretoria
2671 1836 3054 1904 complectatur
3093 1850 3252 1903 quam
3285 1833 3374 1887 alii
3417 1833 3538 1886 libri
3563 1830 3618 1886 S.
3669 1829 3947 1901 Hippolyti,

2349 1907 2390 1965 Β
2415 1944 2478 1981 ex
2510 1928 2704 1996 quibus
2730 1928 3039 1981 testimonia
3066 1928 3119 2003 in
3149 1927 3384 1980 medium
3409 1925 3645 1981 adducit.
3678 1923 3816 1977 Num
3838 1939 3951 1992 pro.

2417 2030 2595 2090 pterea
2622 2020 2744 2089 quis
2798 2019 3082 2073 aﬂirmahit
3111 2018 3253 2085 quod
3301 2014 3389 2071 ille
3434 2025 3691 2071 tractatus
3742 2030 3847 2069 non
3892 2015 3955 2067 sit

2418 2112 2577 2179 hujus
2613 2108 2669 2164 S.
2716 2109 3001 2181 martyris?
3044 2109 3296 2170 Accedit,
3330 2109 3474 2178 quod
3504 2109 3730 2177 ipsemet
3764 2106 3954 2159 Basna-

2416 2202 2553 2271 gius,
2582 2208 2640 2253 ut
2662 2200 2797 2254 bene
2834 2194 3120 2269 observant
3143 2197 3471 2252 Benedictini
3495 2211 3527 2250 e
3556 2195 3954 2266 congregatione

2421 2288 2479 2344 S.
2512 2289 2681 2369 Mauri
2707 2289 2847 2359 (58),
2882 2289 3111 2344 fateatur
3146 2290 3255 2360 (59)
3286 2276 3679 2343 Theodoretum
3707 2287 3813 2340 alia
3846 2294 3958 2356 pro-

2421 2368 2561 2436 ferre
2593 2382 2898 2435 testimonia
2929 2396 2993 2449 ex
3026 2380 3081 2437 S.
3114 2380 3381 2452 Hippolyti
3415 2368 3687 2451 operibus,
3717 2396 3843 2450 quae
3867 2382 3957 2434 ali-

2419 2488 2579 2543 quam
2607 2472 3123 2547 verisimilitudinetn
3156 2474 3385 2527 habeant
3422 2488 3548 2528 cum
3598 2473 3667 2527 iis
3690 2513 3707 2537 ,
3728 2473 3817 2526 'dc
3853 2476 3959 2541 qui-

2421 2566 2636 2621 bushic
2679 2565 2871 2635 agitur.
2888 2566 3042 2631 ’Qute
3077 2560 3345 2623 confessio
3373 2553 3623 2635 Basna’gii
3658 2564 3876 2626 suiﬁcit,
3905 2578 3960 2615 ne

2421 2657 2471 2712 ei
2497 2657 2611 2710 haec
2633 2667 2756 2711 octo
2781 2668 3030 2724 excerpta
3060 2655 3451 2723 abjudicemus.

2495 2744 2624 2799 Dein
2676 2746 2721 2799 si
2771 2743 2943 2798 Beron
2994 2752 3057 2797 et
3076 2742 3237 2813 Helix
3269 2743 3400 2811 (th)
3444 2739 3820 2800 nonfuerant
3861 2724 3959 2793 noti

2423 2836 2620 2893 saeculo
2652 2835 2827 2899 tertio,
2856 2835 3028 2888 multo
3052 2834 3233 2887 minus
3277 2833 3329 2886 id
3376 2844 3535 2889 erunt
3574 2832 3790 2886 saeculis
3829 2831 3959 2885 inse—

2422 2929 2732 3001 quentibus.
2772 2927 2853 2981 ‘Et
2906 2935 3039 2996 quot
3095 2925 3244 2980 l'uere
3297 2919 3528 2978 haeretici
3576 2923 3959 2992 parti‘culares,

2423 3021 2664 3093 quinimo
2691 3027 2745 3074 et
2773 3027 2931 3073 sectze
2969 3018 3206 3086 integrat,
3235 3017 3302 3070 de
3336 3016 3533 3085 quibus
3556 3030 3619 3069 ex
3652 3015 3813 3068 unico
3836 3028 3963 3081 sape

2427 3112 2694 3166 duntaxat
2719 3108 2857 3171 libro
2886 3106 3133 3170 notitiam
3171 3103 3513 3172 accepimus?
3548 3100 3650 3155 Sed
3680 3102 3841 3155 audio
3871 3099 3962 3152 ali-

777 3198 893 3252 suis
924 3198 981 3252 in
1009 3197 1179 3261 libris,
1211 3195 1266 3250 S.
1301 3195 1588 3265 Gregorius
1615 3193 1982 3249 Nazianzenus
2041 3195 2095 3248 in
2136 3195 2324 3250 litteris
2351 3232 2393 3289 ο
2427 3216 2587 3270 quem
2631 3200 2899 3253 dicentem
2938 3190 3197 3249 Beronem
3230 3204 3284 3265 et
3318 3192 3557 3276 Helicem
3604 3206 3727 3244 esse
3759 3187 3961 3253 nomina

777 3288 894 3343 suis
922 3288 989 3341 ad
1025 3286 1341 3341 Cledonium
1362 3325 1376 3347 ,
1420 3301 1527 3339 non
1560 3286 1738 3339 minus
1769 3284 1913 3338 clare
1953 3284 2204 3353 rejiciunt
2234 3301 2322 3340 er-
2352 3280 2393 3327 μ’
2428 3293 2569 3345 ﬁcta.
2613 3291 2682 3343 At
2711 3304 2835 3342 vero
2860 3284 3106 3355 tempore
3136 3284 3408 3339 Anastasii
3443 3282 3765 3353 presbyteri,
3793 3280 3845 3333 id
3869 3286 3960 3341 est,

778 3390 929 3454 rores
968 3384 1149 3444 postea
1194 3390 1287 3443 per
1314 3371 1617 3427 Nestorium
1660 3380 1714 3425 et
1760 3371 2107 3442 Eutychetem
2151 3372 2325 3427 disse-

782 3469 1033 3522 minatos.
1064 3466 1126 3519 Et
1150 3468 1235 3521 cui
1261 3462 1493 3545 unquam
1518 3465 1828 3518 criticorum
1850 3463 1995 3517 venit
2014 3463 2068 3545 ip
2096 3474 2326 3517 mentem

780 3560 847 3612 de
894 3560 1085 3612 horum
1137 3544 1448 3627 magnorum
1501 3557 1739 3610 virorum
1788 3556 2003 3624 scriptis
2048 3562 2328 3625 propterea

780 3649 1177 3704 contentionem
1217 3663 1451 3711 movere,
1475 3648 1601 3716 quia
1639 3647 1753 3715 pari
1788 3647 1995 3700 ratione
2023 3660 2081 3700 se
2106 3643 2327 3714 expres-

782 3748 965 3794 serant
1008 3749 1062 3793 et
1098 3753 1310 3806 errores
1346 3737 1515 3791 multo
1537 3746 1656 3805 post
1688 3737 1805 3791 illos
1838 3737 2086 3794 subortos
2118 3734 2225 3791 tam
2247 3737 2329 3791 di-

784 3835 925 3880 serte
946 3841 1010 3879 ac
1032 3826 1308 3894 perspicue
1337 3826 1857 3879 condemnaverant?
1887 3825 2029 3880 Falsi
2062 3842 2190 3881 sane
2220 3826 2330 3882 fue-

785 3925 911 3969 runt
932 3915 1180 3971 Canisius
1207 3924 1261 3969 et
1294 3915 1618 3969 Possevinus
1660 3915 1714 3968 in
1744 3930 1831 3980 eo,
1862 3918 2003 3984 quod
2032 3916 2331 3985 Expositio-

783 4020 900 4059 cem
948 4004 1072 4073 ﬁdei
1121 4002 1180 4058 S.
1230 4002 1441 4057 Iustino
1480 4003 1703 4073 martyri
1737 4003 2057 4068 tribuerint;
2091 4019 2329 4058 errorem

787 4106 965 4151 tamen
996 4096 1062 4150 de
1087 4095 1429 4164 permistione
1457 4106 1766 4150 naturarum
1809 4095 1865 4148 in
1893 4094 2107 4149 Christo
2131 4094 2334 4162 Apolli-

786 4187 903 4241 nari
954 4195 1007 4240 et
1049 4185 1337 4257 Eutychete
1381 4187 1736 4255 antiquiorem
1787 4200 1938 4251 esse,
1984 4184 2114 4254 quin
2158 4192 2217 4245 et
2264 4184 2333 4237 ab

751 4318 757 4322 .
788 4273 1035 4329 Ecclesia:
1062 4276 1372 4331 doctoribus
1395 4316 1411 4341 ,
1441 4277 1533 4345 qui
1584 4275 1923 4346 Hippolytum
1962 4285 2329 4340 antecessere,

790 4368 1155 4434 impugnatum
1186 4365 1375 4431 fuisse,
1407 4381 1473 4421 ex
1510 4366 1789 4421 Athanasii
1818 4376 1870 4421 et
1903 4365 2215 4420 Tertulliani
2243 4381 2333 4420 su-

791 4470 886 4523 pra
933 4455 1107 4509 allatis
1136 4456 1268 4510 locis
1296 4455 1693 4510 evidentissime
1720 4466 1882 4525 patet.
1933 4456 1999 4510 Et
2040 4472 2169 4511 sane
2200 4455 2333 4511 Ter-

2424 3380 2568 3436 circa
2598 3379 2832 3434 medium
2859 3377 3041 3451 saeculi
3083 3376 3294 3444 septimi
3329 3374 3395 3443 (si
3433 3388 3575 3427 anno
3601 3373 3705 3427 666
3735 3361 3963 3437 mortuus

2426 3471 2528 3525 fuit
2557 3471 2963 3539 bicscriptor),
2999 3482 3156 3521 nemo
3187 3464 3451 3520 dubitavit
3480 3464 3610 3533 quin
3638 3454 3716 3516 illi
3743 3458 3963 3516 haeretici
4046 3491 4047 3495 η

2426 3557 2623 3614 saeculo
2652 3558 2810 3611 tertio
2836 3557 3155 3611 exstiterint.
3197 3548 3371 3629 Atque
3407 3561 3615 3615 auctor,
3648 3552 3745 3619 qui
3771 3565 3865 3605 eos
3889 3564 3961 3602 re-

2427 3648 2636 3713 futavit,
2663 3647 2863 3701 diserte
2904 3648 3033 3700 dicit
3074 3644 3187 3716 (6t)
3223 3645 3365 3714 quod
3396 3643 3567 3719 Heron
3597 3656 3704 3695 non
3748 3642 3821 3700 ita
3862 3642 3956 3710 pri-

2427 3740 2547 3794 dem
2573 3746 2771 3793 sectam
2795 3729 3290 3790 Valeutinianoru‘m
3312 3724 3635 3796 deseruerit;
3660 3740 3716 3784 et
3741 3731 3959 3799 proiecto

2426 3833 2582 3886 valde
2614 3829 2799 3884 dubito
2823 3842 2944 3881 cum
2975 3827 3043 3883 cl.
3072 3822 3415 3877 Tillemontio
3442 3820 3572 3892 (62),
3608 3836 3737 3873 num
3770 3821 3961 3873 ostendi

2428 3924 2601 3993 possit
2645 3920 2788 3991 quod
2833 3920 3052 3972 haaresis
3082 3913 3576 3969 Valentiniauorum
3620 3910 3688 3964 ad
3721 3910 3961 3965 saeculum

2428 4027 2601 4082 usque
2645 4012 2929 4081 septimum
2958 4006 3289 4076 perdurarit,
3320 4018 3428 4074 quo
3458 4012 3744 4058 tractatum
3793 4009 3963 4056 contra

2429 4104 2689 4158 Beronem
2732 4091 2785 4156 et
2812 4099 3043 4154 Helicem
3082 4097 3435 4167 compositum
3480 4095 3647 4149 fuisse
3682 4102 3831 4162 putat
3865 4088 3961 4171 Na-

2402 4196 2553 4273 ‘talis
2585 4183 2902 4247 Alexander;
2953 4191 3079 4245 Erat
3107 4190 3249 4244 enim
3296 4196 3441 4247 secta
3464 4185 3976 4259 .Valentinianorum.

2430 4295 2566 4341 teste
2608 4284 2866 4356 Gregorio
2904 4279 3529 4351 Nazianzeno(63),ante
3577 4282 3738 4331 tinem
3796 4271 3963 4329 saeculi

2428 4380 2574 4433 velut
2594 4379 2707 4447 jam
2745 4378 3029 4432 exStincta.
3079 4373 3306 4427 Notante
3344 4382 3521 4451 tamen
3565 4365 3965 4436 diligentissimo

2431 4469 2770 4524 Tillemontio
2792 4468 2922 4539 (64),
2941 4466 3346 4537 reperiebantur
3373 4462 3550 4516 adhuc
3575 4460 3788 4527 exigua:
3827 4469 3964 4524 qua»

793 4546 1047 4605 tullianus
1072 4547 1127 4599 in
1156 4545 1369 4600 laudato
1406 4546 1542 4599 libro
1574 4545 1716 4599 circa
1744 4536 1879 4600 duas
1917 4548 1972 4600 in
1994 4546 2211 4601 Christo
2238 4562 2332 4600 na—
2364 4555 2406 4610 ι)
2432 4562 2555 4615 dam
2589 4561 2734 4615 iuius
2759 4536 3351 4627 reliquiaetemporibus
3374 4550 3431 4608 S.
3461 4546 3564 4605 Nili
3596 4548 3708 4619 (65)
3730 4556 3787 4599 et
3809 4544 3965 4623 Theo-

797 4647 944 4691 turas
984 4647 1215 4690 mentem
1252 4652 1403 4691 suam
1438 4638 1623 4692 eodem
1652 4638 1809 4691 modo
1837 4636 2023 4691 Latine
2050 4638 2329 4706 exprimit,

792 4742 900 4796 quo
927 4725 985 4781 S.
1016 4725 1327 4798 Hippolytus
1359 4729 1475 4783 suis
1502 4729 1555 4781 in
1586 4727 1899 4797 fragmentis
1926 4726 2137 4793 Graece;
2171 4727 2332 4779 nihil-

790 4834 900 4888 que
938 4820 1244 4890 expressius
1284 4829 1375 4873 aut
1418 4816 1684 4873 eﬂicacius
1728 4818 1928 4872 dictum
1973 4830 2208 4886 unquam
2237 4816 2337 4869 luit

867 4987 981 5059 (56)
1024 5009 1043 5042 ι
1079 4990 1215 5047 Hinc
1241 4991 1353 5060 ipse
1382 5006 1643 5060 apparens
1670 4992 1909 5060 angelus,
1952 5006 2009 5045 se
2046 5005 2077 5044 a
2110 4987 2337 5060 Domino
2377 5031 2382 5036 .

799 5057 1025 5112 missum
1056 5077 1174 5114 esse
1214 5057 1431 5124 fatetur,
1455 5057 1523 5114 Gut
1548 5057 1766 5115 Gabriel
1812 5060 2098 5122 Zachariae,
2125 5070 2179 5112 et
2219 5057 2341 5111 Dei.

802 5143 944 5197 para:
970 5128 1248 5200 (βεοτόκῳ)
1276 5130 1475 5200 Mariae.
1518 5130 1819 5200 confessus
1844 5138 1966 5200 est_._
1984 5148 2003 5180 ι
2037 5129 2299 5200 Albanas.
2321 5164 2336 5189 ,

804 5196 936 5251 tom.
983 5197 1006 5248 l
1046 5196 1363 5271 Opp.',7pag.
1405 5198 1538 5261 563,
1571 5200 1694 5261 579,
1720 5198 1840 5257 583,
1875 5196 1999 5273 6412,
2030 5197 2154 5260 875,
2184 5206 2314 5262 εις.)

872 5285 986 5358 (57)
1022 5285 1332 5345 Tertullian.
1354 5331 1369 5355 ,
1404 5290 1492 5342 lib.
1522 5299 1689 5341 contr.
1722 5280 1923 5350 Franz,"
1946 5302 2064 5353 cap.
2092 5286 2183 5340 27.

805 5379 844 5501 ι’
1192 5379 1350 5432 ιὶιιέν.
1376 5379 1439 5433 de
1462 5380 1514 5433 la
1542 5379 1764 5433 France.
1793 5377 2049 5442 Memoir.,
2072 5386 2111 5433 t.
2136 5380 2179 5469 1,
2202 5385 2340 5447 part.

894 5539 986 5659 59)
1023 5537 1275 5619 Basnag..
1375 5554 1579 5659 c.,£ag.
1607 5540 1692 5621 12.
2223 5564 2230 5571 ν

899 5609 967 5659 60
1026 5608 1415 5659 Tillemonttus.
1499 5611 1677 5659 emam
1703 5650 1719 5659 .
1749 5618 1881 5659 tom.
1909 5604 1995 5659 111.
2028 5622 2145 5659 nan.
2176 5607 2230 5659 l(

899 5604 986 5678 60)
1026 5604 1415 5678 Τίῌειιιόηιίιιε,
1444 5604 1677 5662 Hemoir.
1703 5650 1719 5673 ,
1749 5618 1881 5661 tom.
1909 5604 1995 5674 111,
2028 5622 2145 5678 pag.
2176 5607 2298 5661 109.

900 5677 1011 5759 61).
1033 5698 1071 5759 «-
1096 5677 1233 5759 Βςιιο
1250 5677 1656 5759 Δεηίωιᾳυὶᾱξιω
1686 5692 1871 5759 nuper,
1896 5685 1961 5756 et.
1981 5679 2075 5757 alii
2092 5677 2346 5759 quidam,

751 5767 754 5770 ’
807 5746 1074 5803 Valentini
1100 5746 1380 5817 phantasia
1408 5746 1637 5817 deserta,
1675 5747 1922 5804 deteriori
1981 5746 2169 5817 irretiti
2221 5756 2349 5817 sunt
2445 5748 2508 5803 2i

782 5814 1131 5885 ~p1’avitatefs
1162 5816 1316 5873 Tom.
1350 5814 1372 5868 l
1415 5814 1548 5885 Opp.
1586 5815 1817 5893 llippol.,
1850 5830 1965 5885 pag.
2001 5816 2125 5882 ἥδ,
2156 5826 2209 5871 et
2234 5814 2348 5870 Col-

2433 4650 2603 4703 doreti
2633 4646 2767 4716 (66).
2976 4707 2977 4710 γ

2503 4737 2645 4799 Nihil
2687 4748 2816 4803 ergo
2851 4747 2951 4786 nos
2982 4731 3204 4801 impedit
3228 4724 3537 4801 quominus
3559 4728 3674 4779 haec
3709 4732 3833 4779 octo
3869 4720 3965 4775 fra—

2434 4837 2647 4898 gmenta
2674 4824 2731 4879 S.
2757 4824 3035 4894 Hippolyto
3063 4824 3448 4895 adjudicemus.
3480 4819 3745 4873 Debemus
3769 4817 3859 4870 illa
3891 4816 3966 4867 in—

2436 4984 2621 5035 lectan.
2651 4978 2917 5049 Anastasii
2943 4994 3059 5049 pag.
3084 4977 3210 5041 295,
3239 4992 3359 5049 cap.
3380 4968 3463 5049 ‘5:

2448 5076 2450 5078 τ
2507 5051 2614 5121 (ὂῖ)
2653 5042 2991 5121 Ῑίιιειιιοιιιξ,
3014 5042 3060 5102 Ῑ.
3091 5042 3460 5121 c._,_pa_g.'109.

2507 5110 2788 5191 (63):“!
2817 5110 3094 5191 quondam
3118 5110 3533 5191 ‘illud'_teuipus.
3560 5126 3680 5166 cum
3708 5111 3785 5190 ab
3811 5110 3968 5191 ρει-εξ

2438 5179 2556 5245 sum
2580 5179 3133 5258 procellis—tranquilla
3150 5185 3337 5258 omnia
3359 5182 3707 5252 habebamus,
3735 5179 3969 5258 videlicet

2438 5246 3396 5321 cumSimonem";Valentiniani...
3439 5247 3596 5321 atque
3624 5262 3817 5305 omnes
3862 5246 3969 5297 illo-

2439 5345 2558 5384 rqu
2583 5345 2798 5398 nugae...
2832 5336 3042 5380 suomet
3072 5324 3303 5386 tandem,
3355 5330 3412 5374 ut
3448 5334 3658 5390 aequum
3685 5325 3829 5380 erat,
3848 5328 3969 5439 Ero-

2442 5402 2607 5439 funalis
2650 5400 2911 5439 nhmrnlm
2947 5411 3009 5439 an
3051 5394 3261 5439 silentio
3294 5392 3499 5439 tradita!
3530 5389 3766 5439 fuerunt.
3801 5403 3821 5436 Ι
3893 5398 3961 5436 Γθ·

2442 5402 2607 5453 tundo
2649 5389 2911 5465 absorpta:
2947 5411 3009 5448 ac
3051 5394 3261 5465 silentio
3294 5389 3766 5465 tradita’fu‘erunt.
3801 5403 3821 5436 ι
3848 5389 3961 5439 Gre-

2442 5485 2556 5539 gor.
2589 5461 2842 5539 Nagiani.
2864 5508 2879 5531 ,
2914 5474 3050 5539 orat.
3077 5462 3167 5527 23,
3202 5478 3318 5533 pag.
3345 5461 3481 5535 414.

2514 5540 2622 5608 (64)
2659 5537 2996 5608 Tillemont.,
3029 5534 3062 5586 ι.
3096 5550 3220 5608 ei“
3438 5597 3505 5608 ﬂ
3626 5571 3635 5580 .

2511 5597 2620 5679 (65)
2658 5606 2799 5679 Eii-4
2827 5607 2918 5679 μυ·
2948 5619 2985 5666 ιν
3012 5602 3402 5679 canalem:
3435 5597 3525 5679 .37.-
3561 5671 3565 5677 .
3662 5625 3695 5679 .'.
3770 5654 3779 5659 ς

2660 5664 3017 5739 Theodoreti,
3045 5664 3322 5733 'Hteretié.
3354 5664 3602 5738 Tabular.
3639 5664 3738 5721 tib.
3777 5680 3817 5731 t,
3858 5675 3971 5732 pta.
