4104 6350
160 444 281 502 305

1153 441 1241 497 DE
1276 441 1433 497 VITA
1465 442 1554 496 ET
1594 439 1904 496 SCRIPTIS
1939 442 1997 496 S.
2036 439 2416 519 HIPPQLYTI.

3290 448 3394 502 δυσ

154 566 391 621 dustria
422 563 737 628 Anastasii,
775 563 1109 631 apocrisiarii
1162 562 1388 619 Romani
1431 561 1693 632 pontificis
1714 602 1728 624 .
1760 572 1803 626 Α
1834 536 2115 614 itanianum
2138 560 2275 614 idem
2314 562 2420 629 ipse
2448 563 2709 627 privatum
2738 561 3009 616 divinitate
3042 579 3243 633 gerens,
3277 581 3392 619 sero
3450 584 3453 585 ν

156 657 266 725 qui
300 672 360 710 ea
391 654 706 724 naufragio,
735 652 851 724 quo
884 656 1152 723 reliquum
1184 655 1363 722 operis
1387 639 1607 717 interiit,
1639 653 1746 707 eri-

160 749 309 814 puit.
344 743 576 800 ‘llustris
605 746 697 799 hic
722 745 844 799 ﬁdei
868 744 934 798 de
963 744 1174 799 duabus
1208 744 1576 799 voluntatibus
1601 759 1737 799 con-

163 848 253 891 tra
290 836 674 891 Monothelitas
699 834 980 889 confessor
1025 843 1080 889 et
1121 834 1340 899 athleta,
1378 851 1503 890 cum
1526 836 1635 905 jam
1682 836 1736 888 in

166 943 240 983 eo
280 937 448 990 esset,
472 938 533 981 ut
563 937 734 981 totum
771 926 915 980 hunc
943 923 1295 996 S.~Hippolyti
1330 934 1616 988 tractatum
1646 926 1738 978 de-

161 1021 412 1076 scribere
441 1019 721 1088 inciperet,
745 1005 965 1072 invidia
997 1018 1337 1073 inimicorum
1367 1018 1608 1074 veritatis
1634 1018 1738 1070 im-

162 1114 393 1180 petitus,
434 1126 544 1164 non
592 1110 697 1163 nisi
732 1108 845 1163 haec
888 1117 1012 1163 octo
1053 1110 1172 1165 loca
1213 1124 1501 1180 excerpere
1542 1108 1731 1178 potuit.

164 1202 425 1257 Profecto
471 1202 517 1256 si
565 1202 680 1257 haec
707 1210 957 1272 excerpta
989 1203 1135 1257 velut
1163 1210 1366 1272 partem
1395 1198 1733 1272 (ψει-ἰχῶρ-

165 1296 369 1367 polytei
403 1310 513 1349 non
555 1294 978 1365 susciperemus,
1018 1294 1199 1366 injurii
1234 1302 1485 1350 essemus
1512 1295 1567 1348 in
1596 1300 1737 1348 hunc

169 1386 557 1442 doctissimum
583 1386 793 1453 virum;
827 1387 1127 1456 praesertim
1153 1400 1277 1442 cum
1304 1384 1450 1439 nulla
1478 1384 1620 1440 adsit
1642 1398 1737 1454 po-

174 1480 330 1535 sitiva
379 1480 545 1545 ratio,
578 1493 687 1549 qua
713 1478 1016 1534 elevaretur
1045 1477 1341 1533 auctoritas
1366 1484 1475 1530 tam
1515 1490 1737 1531 venera-

181 1575 315 1629 tione
349 1573 503 1644 digni
555 1570 871 1640 scriptoris.
915 1570 1093 1640 qualis
1136 1576 1220 1625 est
1260 1566 1611 1634 Anastasius,
1642 1565 1734 1637 qui

185 1667 451 1737 integrum
476 1678 612 1732 opus
641 1662 696 1715 in
722 1661 975 1719 manibus
999 1662 1207 1717 habuit.
1308 1724 1315 1731 ί

437 1753 467 1826 §
496 1752 584 1806 lll.
611 1751 859 1822 Analysis
881 1752 1068 1806 horum
1093 1761 1471 1820 excerptorum.

248 1845 471 1899 Initium
498 1844 659 1913 hujus
685 1851 947 1899 tractatus
975 1844 1129 1915 juxta
1162 1841 1509 1897 Anastasium
1531 1837 1739 1893 Biblio-

1839 669 1967 707 vans
1988 652 2197 713 sibimet
2222 654 2433 708 modum
2464 653 2745 707 secundum
2775 665 3047 725 utrumque
3082 656 3391 711 immutabi-
3427 682 3433 692 ι

1837 743 1959 808 lem,
1981 760 2071 813 per
2098 761 2249 814 quem
2274 756 2514 814 operatus
2542 757 2619 800 est
2651 757 2868 824 utraque
2889 746 3085 802 decenti
3102 749 3290 811 modo,
3322 750 3391 802 ad

1837 837 2260 905 approbationem
2304 838 2565 909 perfectis,
2601 855 2662 892 ac
2693 855 2843 903 verae,
2888 839 3116 910 nihilque
3154 840 3391 894 habentis

1835 928 2108 995 pravitatis
2136 926 2581 982 inimmanationis
2628 945 2759 982 suae.
2814 923 3000 990 Itaque
3021 916 3155 983 Bero
3183 928 3391 999 quidem
3450 936 3453 939 '

1834 1018 1910 1072 sic
1948 1034 2001 1071 se
2033 1017 2247 1080 habens,
2281 1027 2338 1070 ut
2367 1017 2502 1084 dixi,
2542 1020 2859 1088 operationis
2896 1019 3117 1075 monade
3144 1019 3392 1073 deitatem

1835 1108 2033 1165 Christi
2058 1121 2108 1164 et
2128 1111 2505 1164 humanitatem
2529 1112 2841 1165 naturaliter
2864 1111 3021 1166 simul
3050 1106 3390 1181 confundens,

1832 1210 1881 1254 et
1923 1204 2525 1274 partiensapersonaliter
2548 1244 2563 1267 ,
2609 1206 2851 1273 dissolvit
2897 1208 3060 1263 vitam
3083 1248 3098 1272 ,
3146 1208 3391 1277 ignorans

1834 1294 1998 1347 solius
2030 1295 2454 1349 connaturaliitm
2483 1311 2826 1363 personarum
2853 1297 3215 1361 connatttralis
3242 1297 3393 1350 idea--

1834 1384 2003 1437 titatis
2051 1385 2286 1438 eamdem
2332 1387 2499 1454 ipsam
2544 1388 2897 1455 operationem
2934 1395 3046 1459 esse
3078 1389 3389 1460 signiﬁcati-

1834 1491 1972 1530 vam.
2952 1490 2955 1492 ’

2337 1565 2731 1625 ABTlCULUS
2765 1540 2895 1627 vni.
2994 1617 3002 1625 .

1974 1674 2021 1715 s.
2050 1642 2341 1714 ntrrou'rt
2362 1675 2675 1717 saturnus
2699 1678 2770 1717 ne
2804 1657 3250 1732 milsu'rinns,

2196 1746 2265 1783 ΕΤ
2300 1744 2515 1784 ΒοιιιιΑ
2547 1745 2598 1785 ΙΝ
2629 1747 3022 1789 ΤΗΕΟΡΕΔΝΙΔΙ.

1937 1814 1967 1889 ς
2004 1814 2049 1872 Ι.
2080 1814 2141 1874 S.
2174 1816 2448 1889 Hippolyti
2476 1827 2731 1874 tractatus
2760 1819 3291 1889 Decharismatibtts.
3316 1878 3319 1879 ,

170 1918 481 1991 rtliecarium
508 1935 579 1988 ita
610 1934 802 1989 habet:
834 1935 1055 2002 Ἄγιος,
1085 1933 1256 2002 ἅγιος,
1290 1932 1443 2001 ἅγιος
1479 1930 1729 1984 Dominus

1903 1932 2021 1989 Non
2048 1933 2222 1989 solum
2256 1949 2321 1988 ex
2358 1933 2676 1990 auctoritate
2706 1936 3044 1990 monumenti
3080 1939 3393 2001 marmorei,

182 2004 435 2090 Sabaoth,
467 2026 745 2079 incessanti
788 2042 907 2081 voce
935 2026 1225 2081 clamantes
1272 2024 1533 2094 serophim
1570 2021 1737 2076 Deum

178 2117 496 2187 gloriﬁcent.

250 2208 418 2261 Beron
446 2216 500 2261 et
524 2206 671 2262 illius
700 2221 962 2277 sequaces
991 2203 1760 2267 admittebanteonfnsionem

188 2302 403 2355 duarum
454 2312 768 2355 naturarum
816 2300 875 2354 in
916 2298 1155 2364 Christo,
1188 2308 1243 2353 et
1282 2312 1391 2352 non
1424 2296 1530 2351 nisi
1570 2311 1733 2349 unam

184 2394 544 2460 agnoscebant
577 2392 633 2445 in
669 2406 736 2446 eo
774 2392 1185 2461 operationem.‘
1211 2390 1515 2445 Credebant
1543 2388 1736 2444 divini.

177 2492 336 2537 tatem
368 2497 493 2537 esse
524 2482 859 2553 passibilem,
897 2489 952 2535 et
992 2481 1381 2535 humanitatem
1422 2481 1733 2536 earumdem

174 2576 571 2645 operationum,
597 2589 717 2643 qua:
740 2572 840 2628 soli
856 2558 1037 2627 Verbo
1062 2579 1451 2643 competerent,
1479 2587 1732 2643 capacem

173 2668 307 2723 fore.
358 2665 486 2722 Haec
521 2666 705 2735 opinio
746 2679 812 2720 eo
853 2664 974 2720 illos
1011 2663 1256 2729 adduxit,
1295 2673 1355 2719 ut
1388 2663 1735 2722 defenderent

171 2760 413 2816 Verbum
449 2760 725 2814 hominem
766 2759 970 2814 factum
1012 2772 1135 2815 esse
1173 2758 1470 2813 mutatione
1505 2774 1620 2815 sua:
1650 2760 1733 2815 di-

167 2854 415 2907 vinitatis
440 2853 495 2906 in
527 2861 775 2906 naturam
808 2853 1125 2916 humanam,
1153 2859 1207 2905 et
1236 2850 1510 2906 hominem
1526 2850 1728 2906 factum

169 2944 338 3000 fuisse
358 2942 529 2998 Deum
567 2944 865 3025 mutatione
893 2943 1142 2997 humanae
1163 2951 1372 2997 natura:
1397 2942 1456 2997 in
1478 2942 1729 2997 divinita-

167 3046 300 3090 tem.
347 3034 423 3090 Ut
461 3036 790 3105 impietatem
822 3033 963 3087 hanc
993 3030 1256 3086 refutaret
1290 3031 1350 3087 S.
1388 3031 1726 3105 Hippolytus,

166 3125 218 3177 t°
253 3125 421 3181 docet
452 3123 685 3180 Verbum
718 3123 851 3194 (67)
879 3123 1121 3179 divinum
1154 3121 1483 3180 assumenda
1507 3138 1724 3179 carnem

162 3228 217 3273 et
244 3228 501 3274 naturam
530 3218 817 3272 humanam
844 3217 1047 3271 nullam
1087 3217 1143 3271 in
1173 3218 1452 3273 divinitate
1474 3234 1572 3274 sua
1600 3231 1723 3270 mu-

162 3310 431 3365 tationem
464 3322 688 3379 passum
719 3307 916 3375 fuisse;
942 3308 999 3363 2‘
1037 3309 1174 3365 duas
1198 3319 1424 3364 naturas
1457 3308 1651 3363 astruit
1673 3307 1729 3361 in

158 3403 391 3458 Christo
413 3401 551 3473 (68),
593 3401 823 3456 divinam
873 3412 927 3456 et
956 3401 1265 3473 humanam
1296 3400 1638 3465 inconfusas,
1677 3408 1733 3455 et

156 3496 307 3550 duas
330 3494 670 3564 operationes
685 3510 748 3549 ac
770 3495 1101 3561 voluntates;
1130 3494 1185 3548 3°
1210 3493 1429 3562 exponit
1460 3494 1731 3563 quomodo

157 3587 313 3641 Deus
342 3601 439 3656 per
468 3600 687 3639 carnem
729 3594 981 3655 operetur
1015 3583 1172 3655 (69);
1218 3581 1273 3635 4°
1311 3597 1376 3637 ex
1421 3581 1633 3638 duabus
1674 3583 1729 3637 in

155 3675 388 3732 Christo
423 3674 637 3729 naturis
665 3674 1041 3744 proprietates,
1080 3681 1133 3727 et
1167 3672 1511 3741 operationes
1535 3671 1731 3727 distin-

156 3778 285 3825 ctas
319 3766 552 3821 ulterius
588 3766 780 3836 probat
806 3763 864 3819 S.
893 3763 1209 3836 Hippolytus
1238 3762 1386 3834 (70);
1416 3763 1472 3818 5°
1500 3763 1729 3819 demon-

158 3869 302 3916 strat
350 3870 547 3912 comra
589 3857 851 3912 Beronem
888 3866 943 3911 et
983 3856 1102 3925 ejus
1151 3870 1412 3925 sequaces
1458 3872 1623 3911 unam
1672 3857 1728 3910 in

158 3936 386 4007 Christo
428 3962 550 4003 esse
588 3964 874 4018 personam
909 3948 1057 4017 (7i);
1104 3946 1297 4005 deinde
1338 3948 1572 4003 ostendit
1601 3964 1725 4003 car-

160 4031 283 4094 nem
320 4040 379 4092 in
410 4046 661 4093 naturam
697 4039 934 4093 divinam
967 4036 1166 4089 mutari
1200 4036 1342 4091 haud
1372 4052 1563 4108 posse;
1595 4052 1727 4104 ope-

162 4134 539 4207 rationemqne
560 4131 849 4185 humanam
871 4144 901 4182 a
920 4128 1100 4183 divina
1122 4129 1435 4186 distinctam
1458 4130 1722 4200 esse(79.).

165 4222 407 4279 Tandem
431 4238 498 4276 ex
533 4222 619 4277 his
648 4219 919 4276 concludit
940 4227 1161 4275 sanctus
1179 4218 1339 4274 Pater
1362 4221 1433 4273 ita
1455 4220 1596 4291 (75),:
1631 4218 1725 4272 Pie

164 4330 279 4385 ergo
322 4313 603 4383 conﬁtetur
647 4310 889 4375 credens,
936 4310 1060 4380 quia
1106 4322 1317 4381 propter
1365 4310 1588 4365 salutem
1631 4325 1741 4363 »ιο-η

162 4415 353 4467 stram,
392 4414 441 4457 et
475 4413 531 4456 ut
570 4401 638 4454 ad
674 4400 1220 4455 inconversibilitatem
1253 4403 1439 4472 ligaret
1473 4402 1724 4454 universi-

163 4507 351 4557 tatem,
398 4495 755 4546 universorum
779 4492 1031 4548 Conditor
1055 4512 1118 4548 ex
1147 4495 1479 4547 sanctissima
1527 4510 1726 4562 semper

1838 2024 1931 2078 sed
1967 2024 2128 2079 etiam
2163 2038 2229 2077 ex
2265 2023 2577 2079 testimonio
2618 2024 3114 2093 manuscriptorum
3146 2027 3392 2082 codicum

1837 2112 2177 2181 Viennensis,
2215 2129 2312 2169 seu
2358 2112 2810 2180 Vindobonensis,
2861 2124 2916 2171 et
2959 2113 3283 2173 Oxoniensis
3324 2117 3391 2171 ad

1837 2203 1893 2257 S.
1943 2203 2286 2277 Hippolytum
2334 2221 2366 2260 a
2412 2206 2544 2261 viris
2585 2206 2814 2261 eruditis
2851 2205 3146 2263 Pearsonio
3186 2208 3296 2280 (74)
3336 2220 3393 2265 et

1834 2295 2081 2353 Fabricio
2120 2298 2231 2370 (75)
2265 2297 2499 2353 refertur
2539 2297 2679 2367 Περὶ
2724 2298 3100 2369 χαρισμάτων
3139 2300 3393 2355 ἁποστυ·

1832 2388 1972 2458 ,ιικὴ
2005 2388 2364 2458 παράδοσις.
2406 2389 2481 2445 De
2509 2391 2916 2446 charismatibus
2954 2393 3244 2462 apostolica
3284 2401 3392 2451 tra-

1832 2480 1987 2547 ditio,
2026 2496 2133 2536 una
2175 2496 2296 2536 cum
2333 2481 2456 2537 aliis
2505 2483 2823 2545 nonnullis;
2858 2499 2979 2553 qua:
3019 2485 3237 2554 quidem
3280 2486 3391 2556 jam

1830 2572 2035 2641 pridem
2062 2572 2206 2628 edita
2239 2570 2458 2628 fuerunt
2478 2573 2531 2627 in
2552 2574 2691 2628 libro
2717 2584 2907 2630 octavo
2952 2573 3394 2631 Constantianam

1825 2652 2261 2731 'apostolicarum,
2288 2660 2446 2731 quas,
2482 2679 2605 2718 cum
2632 2677 2699 2718 ex
2724 2665 2890 2719 variis
2915 2664 3223 2725 secundiet
3250 2667 3391 2721 tertii
3468 2695 3471 2697 -

1830 2753 2011 2809 saeculi
2046 2756 2412 2810 monumentis
2445 2755 2834 2810 consarcinatae
2864 2755 2994 2817 sint,
3024 2751 3391 2812 Clementina‘s

1827 2844 2000 2914 vulgo-
2026 2858 2122 2899 seu
2150 2845 2473 2914 apostolicas
2501 2845 2771 2899 solemus
2798 2846 3088 2915 appellare,
3121 2846 3174 2899 in
3214 2846 3390 2901 lucem

1826 2945 2005 2991 tamen
2048 2936 2366 3007 prodierunt
2405 2937 2523 2991 sine
2560 2922 2877 3001 nemine‘S.
2919 2934 3209 3008 Hippolyti.
3251 2936 3391 3003 Quia

1822 3038 1955 3081 vero
1998 3027 2055 3080 in
2099 3026 2285 3082 codice
2310 3041 2444 3081 mss.
2471 3025 2721 3081 Caesareo
2752 3024 3176 3094 Vindobonensi,
3219 3035 3272 3082 et
3294 3028 3390 3094 ,al-

1823 3132 1939 3187 gero
1967 3116 2283 3186 Oxouiensi,
2325 3119 2380 3173 in
2411 3119 2610 3188 quibus
2649 3117 2917 3191 Hippolyti
2948 3134 3142 3191 nomen
3170 3135 3392 3189 expres-

1829 3223 1950 3263 sum
1976 3218 2079 3276 est,
2109 3212 2354 3281 quadam
2384 3210 2540 3265 aliter
2566 3210 2837 3280 leguntur,
2877 3225 3039 3280 quam
3071 3211 3126 3265 in
3153 3211 3380 3280 vulgatis

1832 3298 2276 3361 Constitutionum
2322 3300 2495 3361 libris.
2526 3302 2777 3355 Albertus
2806 3300 3226 3357 lt‘abriciusaillis
3253 3303 3420 3356 inter.

1829 3408 1990 3463 opera
2020 3392 2079 3448 S.
2113 3384 2384 3465 Hippolyti
2411 3393 2587 3447 locum
2629 3392 2899 3446 concessit
2921 3408 2985 3446 ex
3010 3394 3260 3452 versione
3286 3392 3388 3446 La-

1832 3486 1943 3541 tina
1974 3484 2117 3540 Guil.
2162 3482 2372 3540 Ernesti
2402 3482 2609 3547 Grabe,
2660 3496 2822 3549 quam
2874 3483 3177 3537 versionem
3223 3484 3384 3536 etiam

1828 3576 2063 3633 Joannes
2091 3577 2389 3633 Cotelerius
2426 3573 2727 3629 adornavit.
2755 3574 2949 3645 Agitur
2973 3582 3152 3628 autem
3184 3574 3238 3627 in
3282 3574 3413 3628 hoc'

1830 3677 2060 3724 tractatu
2125 3669 2193 3724 de
2251 3664 2669 3721 charismatibus
2734 3664 3239 3734 Spiritussancti,
3295 3665 3385 3719 cui

1827 3760 2019 3816 deinde
2043 3760 2223 3829 aliqua
2250 3757 2352 3811 alia
2387 3772 2453 3811 ex
2485 3758 2631 3812 dicto
2654 3754 3008 3812 libro-octavo
3036 3752 3387 3825 Constitutio-

1828 3870 1949 3909 num
1983 3850 2387 3922 apastolicarsim
2416 3851 2801 3921 subjiciuntur.
2960 3881 2975 3902 ι
3046 3920 3049 3921 ν
3185 3897 3192 3902 .

1894 3946 2157 3999 Caeterum
2213 3944 2502 3999 observant
2546 3940 2733 4000 Patres
2775 3929 3007 3998 Maurini
3039 3940 3190 4014 (76),
3238 3943 3385 4012 quod
3426 3982 3429 3983 ν

1825 4044 2043 4090 sanctus
2075 4034 2394 4106 Hippolytus
2423 4037 2477 4092 in
2510 4046 2739 4099 tractatu
2758 4035 2842 4093 De
2881 4034 3286 4089 charismatibns
3315 4031 3383 4091 ad

1823 4143 1944 4197 cap.
1991 4127 2068 4181 xu
2113 4129 2339 4197 apostoli
2396 4129 2546 4184 Pauli
2594 4127 2845 4205 Epistolas
2886 4124 2906 4178 Ι
2955 4125 3023 4180 ad
3067 4112 3383 4190 Corinthios

1822 4218 2054 4274 fortasse
2099 4220 2427 4290 respexerit,
2464 4221 2520 4274 in
2569 4234 2680 4289 quo
2722 4217 2871 4271 varia
2920 4206 3157 4285 Spiritus
3205 4220 3380 4274 sancti

1822 4312 1964 4365 dona
2029 4310 2524 4367 commemorantur
2577 4312 2630 4363 in
2692 4294 3053 4363 ministerium
3120 4308 3379 4381 Ecclesiae

1822 4405 1966 4458 data.
2004 4403 2239 4473 Indeque
2270 4404 2471 4471 colligit
2500 4398 2788 4470 perdoctus
2817 4391 3059 4472 Scaliger
3093 4401 3149 4455 S.
3170 4401 3377 4473 ‘Hippo—
3448 4438 3449 4441 η

1823 4494 1990 4565 lytum
2039 4504 2307 4558 nostrum,
2361 4507 2467 4546 non
2509 4492 2567 4544 in
2592 4487 2839 4559 integros
2872 4488 3166 4562 Scriptura;
3210 4504 3376 4548 sacra:

177 4588 387 4658 Virgine
436 4584 611 4637 Maria
658 4600 750 4653 per
790 4588 1169 4655 conreptionem
1214 4584 1565 4637 inviolabilem
1611 4586 1722 4646 sine
1752 4607 1793 4660 ι)
1823 4589 2010 4649 libros,
2060 4586 2154 4642 sed
2206 4589 2259 4639 in
2291 4584 2485 4639 selecta
2513 4582 2774 4638 duntaxat
2800 4583 2919 4637 loca
2955 4586 3374 4644 commentarios

162 4676 605 4735 conversibilitate
653 4676 1009 4730 substantiam
1044 4676 1246 4730 sibimet
1282 4676 1514 4727 animam
1562 4676 1717 4729 intel-

161 4769 442 4827 lectualem
494 4785 612 4821 cum
658 4770 902 4823 sensitive
950 4784 1181 4834 corpore,
1207 4778 1395 4820 natura
1436 4767 1608 4836 factus
1641 4780 1716 4823 est

165 4867 341 4929 homo,
367 4861 580 4914 malitia:
611 4862 849 4927 alienus;
883 4872 1017 4915 totas
1048 4861 1186 4913 Deus
1215 4861 1356 4928 ipse,
1389 4869 1527 4914 totus
1565 4861 1717 4915 homo

165 4958 302 5011 idem
327 4955 469 5023 ipse;
509 4961 647 5007 totus
690 4952 829 5007 Deus
858 4963 1054 5023 pariter
1088 4964 1301 5018 natura,
1331 4962 1378 5005 et
1406 4952 1555 5005 homo
1581 4952 1717 5006 idem

163 5057 293 5116 ipse.
339 5052 544 5105 Deitate
566 5050 776 5119 quidem
804 5052 980 5103 divina
1004 5065 1094 5118 per
1121 5066 1270 5103 suam
1296 5050 1464 5118 ipsius
1493 5048 1718 5101 sanctis—

162 5140 360 5197 simam
388 5155 590 5192 carnem
611 5154 712 5190 non
736 5140 1039 5193 exsistentia
1062 5150 1251 5192 natura
1275 5140 1447 5192 carnis
1476 5155 1712 5209 operam,

164 5235 494 5287 humanitate
521 5247 637 5286 vero
662 5231 891 5285 humana
917 5249 1019 5285 non
1045 5232 1348 5286 exsistentia
1386 5242 1578 5286 natura
1611 5230 1718 5283 dei-

165 5329 319 5380 tatis.
368 5324 518 5379 Nihil
560 5324 795 5377 divinum
832 5325 1028 5383 nudum
1066 5341 1278 5395 corpore
1315 5335 1559 5397 operatur
1582 5367 1595 5390 ,
1644 5324 1717 5376 nil

232 5460 351 5534 (67)
388 5462 655 5534 Hippolyt.
683 5461 966 5534 fragment.
994 5463 1041 5518 l.
1093 5508 1098 5512 .

256 5531 349 5604 (ἓξ)
387 5531 527 5604 [dem
553 5531 835 5604 fragment.
868 5531 923 5586 2.

259 5600 352 5674 {Si};
390 5600 532 5674 idem
566 5600 846 5674 fragment.
876 5606 929 5657 5.

262 5670 351 5744 ἰῷ)
389 5671 529 5744 idem
559 5670 845 5744 fragment.
876 5674 930 5728 4.

388 5742 532 5824 idem
563 5739 845 5824 fragment.
869 5744 923 5801 5.

236 5811 331 5881 (π
388 5811 532 5865 Idem
565 5811 699 5868 ibid.

236 5818 353 5949 «πί
390 5882 533 5939 ldetn
563 5875 860 5951 fragmento
889 5884 941 5939 8.

1816 4695 2089 4735 exarasse.
2126 4676 2568 4747 Sapientissimus
2600 4674 2976 4733 Tillemontius
3004 4660 3167 4747 hujus
3194 4676 3373 4746 operis

1819 4773 2030 4827 titulum
2082 4785 2205 4824 cum
2255 4768 2637 4837 subsequentis
2694 4769 2749 4823 in
2807 4769 3024 4823 laudato
3066 4782 3372 4823 marmoreo

1817 4874 2164 4919 monumento
2207 4861 2331 4915 libri
2367 4862 2523 4916 titulo
2552 4862 3047 4933 conjungit,'quem
3077 4859 3151 4913 ita
3188 4867 3368 4916 trans-

1816 4958 1985 5028 ponit,
2016 4964 2075 5008 ut
2102 4954 2453 5024 posteriorem
2476 4942 2651 5026 primo
2682 4955 2821 5020 loco,
2846 4960 2900 5006 et
2925 4951 3159 5021 primum
3181 4944 3372 5008 ultimo

1816 5050 1933 5103 loco
1964 5055 2148 5116 ponat,
2195 5056 2357 5116 atque
2385 5062 2451 5103 ex
2480 5047 2692 5103 duobus
2727 5058 2893 5099 unum
2936 5043 3199 5098 duntaxat
3237 5045 3369 5098 titu-

1815 5147 1925 5199 lum
1970 5142 2164 5206 faciat,
2218 5145 2305 5198 cui
2373 5144 2518 5198 hunc
2580 5153 2798 5195 sensum
2852 5139 3088 5192 astruit:
3131 5138 3369 5192 Traditio

1816 5235 2102 5305 apostolica
2147 5234 2211 5288 de
2255 5231 2653 5287 charismatibus
2693 5228 3041 5283 verisimiliter
3076 5247 3169 5301 pro
3223 5231 3367 5299 refu-

1817 5327 1989 5381 tandis
2022 5324 2358 5381 Montanistis
2385 5325 2517 5397 (77).
2574 5320 2638 5375 Hi
2672 5320 2811 5376 tituli
2844 5321 2918 5376 ita
2948 5322 3155 5377 aduniti
3202 5322 3370 5377 hahe-

1882 5459 1991 5523 (74)
2030 5457 2310 5524 Pcarson.,
2353 5454 2557 5510 Vindic.
2591 5450 2792 5522 Ignat.,
2821 5464 2960 5524 part.
2991 5469 3031 5518 ι,
3057 5468 3174 5523 cap.
3204 5453 3262 5524 ι.

1883 5531 1999 5652 (75;
2032 5522 2305 5595 Fabric”:
2329 5537 2457 5581 tom.
2494 5523 2675 5593 lOpp.
2724 5525 2782 5578 ὃ.
2824 5522 3068 5593 Hippol.,
3114 5522 3366 5590 Praefat.,

1885 5618 1935 5652 ιι.
2005 5640 2018 5652 .
2604 5650 2617 5652 _

1816 5615 1935 5669 pag.
1970 5615 2018 5653 'l.

1883 5670 1993 5741 (76)

1813 5740 1939 5795 586.

1885 5809 1997 5883 (77)
2030 5810 2334 5867 TillemOnt.
2358 5848 2372 5875 ,
2401 5808 2439 5862 l.
2472 5823 2543 5877 c.,
2575 5822 2696 5879 pag.
2730 5804 2847 5860 106.

2035 5669 2181 5726 Hist.
2209 5667 2471 5724 littéraire
2496 5664 2559 5719 de
2587 5650 2639 5717 la
2670 5662 2895 5731 France,
2922 5670 3052 5719 tum.
3080 5664 3168 5719 cit.
3190 5704 3204 5729 ,
3240 5676 3366 5733 pag.
3402 5633 3408 5641 ἱ
