4104 6350
674 519 677 522 ,
754 436 856 523 τω

1712 462 1797 516 os
1832 462 1991 516 vm
2026 461 2126 515 ET.
2154 436 2455 516 scatens
2478 460 2549 541 gs.
2591 453 2967 511 HlPPOLY-‘l‘l.

3814 450 3933 504 308

760 560 879 639 rent
921 596 1048 635 sane
1076 580 1411 648 aptissimum
1449 577 1805 648 signiﬁcatum
1836 578 1902 631 ad
1935 579 2130 632 multos
2154 552 2363 637 dini-ﬁ
2395 552 2546 630 theca
2597 573 2909 627 Bodleiana‘
2934 569 3078 641 inter
3124 567 3334 622 codices
3370 564 3725 621 Baroccianos
3766 573 3930 616 num.

757 671 1013 726 cultatum
1036 671 1205 725 nodos
1224 668 1504 731 secundos,
1528 667 1819 731 dummodo
1843 668 1953 721 haec
1976 667 2293 721 Tillemontii

723 764 1065 843 Iconjectura
1118 772 1225 816 tam
1273 752 1418 831 certa
1448 768 1588 814 esset
1615 774 1678 813 ac
1709 759 2006 837 ingeniosa.
2060 756 2202 811 Ordo
2242 774 2299 831 e-r

742 834 907 921 nim,
938 868 1097 924 quem
1126 855 1179 907 in
1210 842 1275 907 ea
1304 851 1497 907 tabella
1535 847 1903 915 observamus,
1946 834 2056 902 non
2093 848 2297 902 videtur

758 960 877 1000 eam
921 930 1389 1011 transpositionem
1416 942 1729 1009 admittere.
1776 939 1903 993 Post
1941 934 2149 993 titulum
2192 949 2298 993 tta-

664 1063 688 1093 m
761 1045 935 1091 ctatus
966 1033 1038 1086 De
1065 1031 1494 1097 charismatibus,
1541 1032 1693 1087 illico
1722 1031 1947 1100 legimus
1990 1038 2295 1099 sequentem

750 1120 1064 1179 inlaudato
1102 1121 1313 1191 lapideo
1337 1109 1717 1179 monumento:
1757 1119 2105 1193 ’Δποσήτολικὴ
2135 1118 2299 1189 παρά-

757 1230 957 1278 ωσιςγ
989 1215 1284 1282 apostolica.
1319 1213 1552 1266 traditio.
1603 1203 1887 1270 DoCtorum
1935 1212 2144 1264 animos
2188 1209 2299 1264 hac

763 1306 1017 1385 quaestio:
1060 1317 1217 1373 quem
1264 1292 1533 1358 librum'is
1565 1304 1752 1356 titulus
1789 1282 2095 1365 annuntiet,
2122 1301 2299 1373 varias

764 1396 819 1449 in
850 1395 1129 1463 opiniones
1158 1394 1405 1448 detraxit.
1439 1392 2113 1448 SententiamTillemontii
2142 1391 2298 1458 paulo

765 1494 922 1539 antea
951 1486 1317 1554 exposuimus.
1349 1485 1580 1555 Scaliger
1613 1485 1718 1553 (78)
1749 1488 1933 1538 censet
1960 1480 2297 1551 Hippolytum

766 1585 1006 1630 nostrum
1043 1577 1143 1629 hoc
1182 1576 1282 1630 sub
1324 1576 1478 1630 titulo
1525 1576 1662 1630 idem
1693 1581 2061 1643 argumentum
2098 1583 2301 1640 pertra-

706 1734 723 1751 λ
766 1676 973 1730 ctasse,
1005 1667 1148 1735 quod
1181 1665 1236 1720 S.
1268 1666 1500 1720 lrenasus
1536 1665 1672 1719 libro
1711 1664 1865 1717 tertio
1901 1663 2016 1715 adv.
2061 1664 2297 1723 hwreses,

771 1773 891 1825 cap.
920 1758 953 1809 2
980 1767 1031 1810 et
1056 1758 1088 1810 5
1112 1757 1296 1825 paucis
1316 1750 1575 1810 duntaxat
1597 1762 1908 1824 persecutus
1936 1762 2041 1821 est.
2064 1750 2136 1804 Le
2158 1749 2302 1819 Moy-

768 1847 891 1901 nius
932 1862 1037 1903 non
1069 1848 1334 1915 discrepat
1367 1847 1433 1902 ab
1464 1847 1564 1900 hac
1590 1845 1865 1914 opinione,
1901 1844 2025 1897 dum
2069 1835 2298 1919 arbitra-

2363 718 2365 720 .
2393 667 2461 720 26
2488 674 2540 720 et
2565 663 2666 717 185
2696 669 2870 733 exstat
2897 652 3055 727 manu
3087 666 3303 711 exarata
3342 663 3475 709 teste
3499 652 3785 706 Pearsonio
3811 650 3932 716 {80)

2394 766 2445 808 et
2477 752 2673 809 Grabio
2695 749 2833 820 (8i),
2863 756 3022 816 atque
3061 746 3113 798 in
3161 742 3525 810 manuscripto
3571 741 3754 795 Graeco
3782 740 3933 807 apud

2394 843 2735 899 Lambecium
2752 838 2861 909 (82)
2878 840 3020 912 hunc
3053 852 3226 906 pra'se
3248 835 3349 889 fert
3374 836 3582 888 titulum
3609 852 3620 887 :
3648 832 3937 895 Δῑατάξεις

2335 937 2337 940 ⁴
2394 935 2500 987 τῶν
2520 934 2686 1001 ἁγίων
2718 929 3020 985 ἀποστόλων
3048 928 3134 980 διὰ
3172 925 3504 989 Ἱππολύτουε
3525 921 3849 977 Pearsonius
3880 930 3940 973 et

2397 1023 2703 1078 Dodwellus
2752 1016 3059 1075 asseverant
3124 1018 3226 1091 hoc
3290 1013 3556 1085 Hippolyti
3606 1012 3937 1081 opusculum

2398 1115 2571 1183 quoad
2621 1108 2910 1165 maximam
2968 1115 3170 1176 partem
3222 1107 3332 1174 jam
3389 1104 3661 1173 vulgatum
3716 1115 3842 1155 esse
3877 1100 3940 1152 in

2398 1213 2586 1258 octavo
2621 1192 3059 1255 Constitutionum
3090 1196 3492 1266 apostolicarum
3537 1193 3694 1256 libro,
3733 1204 3941 1259 quam—

2398 1296 2478 1350 vis
2502 1293 2756 1347 nonnulla
2782 1291 2933 1346 aliter
2964 1288 3282 1357 quandoque
3313 1286 3583 1351 leguntur,
3617 1280 3946 1337 uthrabius
3974 1302 3977 1305 λ

2399 1380 2626 1442 monuit,
2651 1381 2743 1449 qui
2788 1393 2906 1448 pag.
2932 1372 3040 1430 ’286
3070 1374 3156 1428 illa
3216 1371 3494 1441 Spwilegto
3534 1369 3754 1422 Patrum
3782 1367 3944 1421 tertii

2398 1473 2578 1530 saeculi
2603 1460 2925 1525 inserturum
2956 1483 3016 1521 se
3051 1465 3319 1534 pollicitus
3346 1472 3427 1517 est
3479 1460 3621 1528 (85).Δ
3647 1462 3712 1511 At
3740 1459 3799 1510 ut
3841 1473 3942 1510 ve-

2399 1581 2518 1621 rum
2569 1562 2851 1633 fateamur,
2903 1556 3159 1627 quidquid
3214 1552 3411 1608 laudati
3446 1551 3617 1604 critici
3666 1550 3941 1602 disserere

2399 1660 2709 1723 potuerunt,
2740 1658 2799 1703 ut
2824 1648 2977 1702 nobis
3003 1646 3281 1713 aliqualem
3313 1643 3485 1696 ideam
3513 1638 3942 1709 suppeditarent,

2400 1744 2529 1813 quid
2564 1742 2738 1795 isthoc
2763 1740 2817 1793 in
2844 1752 3004 1806 opere
3043 1732 3099 1787 S.
3134 1733 3395 1804 Hippolyti
3420 1732 3807 1790 contineretur,
3841 1742 3940 1778 ne-

2402 1846 2672 1902 quaquam
2720 1828 2931 1885 excedit
2978 1826 3236 1895 sphmram
3282 1837 3549 1878 merarum
3596 1818 3942 1885 conjectura-

767 1946 858 1990 tur
886 1942 985 1990 hoc
1012 1953 1148 2007 opus
1179 1912 1442 1992 disserere
1487 1937 1553 1990 de
1600 1912 1841 1991 doctrina
1883 1948 1980 1989 seu
2021 1916 2302 1986 traditione
2335 1929 2376 1987 Β
2404 1939 2556 1987 rum;
2584 1930 2756 1989 neque
2798 1917 2951 1972 nobis
2994 1916 3124 1970 satis
3172 1912 3357 1967 ellicax
3384 1912 3593 2007 videtur
3643 1913 3941 2004 argumen-
3979 1949 3986 1957 .

768 2026 1087 2095 apostolica;
1116 2027 1258 2094 quod
1289 2027 1409 2080 inde
1435 2022 1651 2095 Colligit,
1677 2024 1800 2093 quia
1823 2032 2055 2091 tempore
2084 2019 2141 2089 S.
2176 2018 2302 2089 Hip-

754 2117 935 2186 polyti
966 2116 1121 2171 varia.
1141 2117 1299 2184 hujus
1326 2117 1571 2185 generis,
1618 2127 1668 2168 et
1697 2113 1907 2182 quidem
1937 2112 2097 2165 multa
2129 2120 2301 2163 exsta-

774 2206 902 2259 bant
932 2219 1114 2273 opera,
1145 2214 1303 2272 atque
1331 2206 1506 2259 adhuc
1539 2203 1976 2258 conﬁciebantur.
2014 2199 2146 2254 Nam
2180 2216 2301 2254 cum

773 2293 1004 2347 heretici
1030 2292 1209 2362 [Verba
1234 2299 1358 2346 sunt
1378 2292 1671 2346 doctissimi
1696 2292 1743 2344 le
1764 2288 1957 2359 Moynii
1978 2287 2113 2357 (79)]
2140 2287 2305 2339 multa
2354 2338 2356 2341 ,

770 2383 1053 2449 jactarent,
1088 2395 1207 2448 qua:
1244 2390 1496 2448 tanquam
1530 2380 1597 2433 ab
1629 2366 1881 2447 apostolis
1911 2379 2100 2431 hausta
2128 2376 2304 2429 omni-

776 2473 876 2525 bus
898 2470 1324 2534 obtruderentur,
1350 2470 1654 2532 orthodoxi,
1692 2477 1748 2521 ut
1772 2469 2037 2538 grassanti
2058 2468 2146 2521 isti
2169 2467 2308 2521 malo

776 2564 993 2631 possent
1018 2563 1163 2616 uiam
1200 2562 1580 2623 intercludere,
1632 2570 1685 2616 et
1727 2560 1983 2629 impedire
2023 2560 2308 2629 quominus

776 2656 1041 2724 simplices
1074 2664 1125 2709 et
1168 2654 1410 2709 rudiores
1442 2652 1617 2723 specie
1661 2652 1917 2707 doctrina:
1947 2651 2306 2721 apostolorum

2403 2022 2516 2067 tum
2553 2010 2679 2064 illud
2713 2023 2778 2061 ext
2800 2015 3029 2073 utroque
3068 2000 3429 2069 manuscriptn
3456 1993 3863 2052 Vindobonensi
3890 1999 3944 2045 et

2401 2100 2691 2157 Oxoniensi
2712 2088 2969 2172 petitum,
2998 2092 3139 2162 quod
3168 2092 3418 2146 nimirum
3449 2090 3520 2143 in-
3551 2098 3777 2155 utroque
3804 2099 3941 2137 mss.

2402 2195 2494 2247 lib.
2562 2206 2657 2245 vut
2711 2186 3155 2243 Constitutionum
3209 2181 3611 2249 apostolicarum
3659 2177 3943 2247 praeﬁxum

2404 2283 2596 2336 habeat
2626 2295 2818 2335 nomen
2855 2276 2911 2330 S.
2943 2273 3208 2345 Hippolyti
3262 2274 3361 2327 hoc
3405 2272 3505 2327 sub
3562 2270 3741 2333 titulo,
3776 2264 3945 2319 Διδα-

2404 2374 2626 2426 σκαλία
2660 2370 2776 2423 τῶν
2832 2369 3009 2436 ἁγίων
3057 2366 3405 2420 ἀποστόλων
3461 2362 3591 2431 περὶ
3651 2355 3944 2429 χαρισμά-

2405 2482 2536 2517 των.
2574 2462 2847 2532 Siquidem
2904 2474 3039 2527 opus
3095 2455 3531 2511 Constitutiouum
3578 2467 3606 2504 a
3654 2446 3947 2519 posteriori

2407 2570 2566 2607 manu
2588 2562 2639 2607 et
2671 2552 2737 2605 ab
2766 2558 2985 2605 auctore
3038 2547 3218 2602 saeculi
3251 2544 3429 2615 quarti
3476 2541 3771 2613 profectum
3826 2552 3948 2592 esse

2407 2642 2603 2711 passim
2632 2640 2825 2696 eruditi
2860 2637 3207 2692 arbitrantur.

2412 2751 2445 2822 ᾗ
2474 2751 2536 2803 ll.
2584 2752 2660 2804 De
2689 2765 2918 2804 sermone
2944 2802 2947 2803 ,
2976 2743 3333 2864 S.,Hippolyti
3375 2759 3394 2791 ί
3418 2714 3476 2794 [in
3505 2739 3751 2793 Sanctam
3779 2733 3947 2789 Theo-

3008 2829 3271 2864 mamam.
3301 2831 3319 2861 ι
3511 2846 3516 2850 -

3007 2829 3271 2881 phantom.
3301 2831 3319 2861 ι
3511 2846 3516 2850 -

775 2743 1109 2797 ﬂecterentur
1150 2752 1203 2797 et
1250 2743 1661 2803 seducerentur,
1696 2755 1874 2794 veram
1925 2748 1978 2794 et
2024 2740 2308 2809 genuinam

762 2833 1081 2899 apostolicae
1131 2832 1436 2886 traditionis
1482 2832 1671 2886 seriem
1718 2840 2196 2901 repraesentarunt,
2246 2846 2313 2882 ne

779 2924 1051 2990 splendida
1082 2925 1440 2990 apostolorum
1473 2892 1795 2977 auctoritate
1812 2924 1930 2977 aliis
1965 2923 2117 2976 fucus
2142 2892 2305 2983 ﬁeret,

2478 2908 2761 2963 Homiliam
2790 2908 2844 2959 in
2876 2902 3297 2973 Theophaniam,
3321 2900 3433 2954 sive
3475 2898 3528 2951 in
3564 2895 3767 2962 Christi
3825 2892 3943 2947 Sal-

778 2986 830 3065 et
876 3013 983 3067 illis
1025 2986 1357 3066 illuderetur.
1404 3011 1539 3065 Hinc
1581 3012 1794 3065 traditio
1841 3012 2198 3079 apostolorum
2245 3012 2309 3064 ab

2413 2999 2619 3053 vatoris
2637 2997 2987 3066 baptismum,
3006 2994 3164 3048 edere
3189 2992 3355 3045 voluit
3384 2990 3452 3045 cl.
3483 2986 3791 3042 Hdlstenius
3816 2994 3943 3038 teste

781 3102 981 3154 Irenaeo
1020 3091 1142 3154 yera
1181 3108 1553 3167 repraesentata
1587 3100 1721 3151 lihrn
1756 3115 1834 3160 ιιι,
1867 3115 1981 3167 cap.
2019 3101 2071 3162 5,
2109 3101 2159 3163 4,
2204 3108 2307 3155 etc.

2415 3088 2701 3142 Lambecio
2759 3098 2903 3157 tomo
2951 3082 2969 3135 l
3016 3080 3264 3135 Biblioth.
3324 3076 3634 3138 Vindobon.,
3670 3089 3795 3143 pag.
3822 3072 3946 3125 ill.

784 3180 927 3243 Nam
974 3206 1087 3243 cum
1144 3165 1493 3259 Valentiniani
1519 3198 1564 3240 et
1595 3186 1821 3241 Gnostici
1861 3165 2021 3241 multa
2069 3191 2310 3257 ﬁgmenta
2412 3180 2776 3247 Eamdemque
2808 3172 3081 3228 homiliam
3131 3170 3437 3226 Christiano
3469 3166 3692 3237 Daumio
3724 3165 3791 3218 ad
3829 3179 3939 3217 ma-

780 3288 833 3332 et
870 3278 1053 3332 delirio
1098 3255 1346 3332 credenda
1379 3277 1712 3342 venditarent,
1750 3285 1922 3344 utpote
1962 3276 2024 3327 ab
2065 3252 2309 3346 apostolis
2336 3262 2377 3318 (ἶ
2409 3287 2511 3325 nus
2535 3270 2701 3340 fuisse
2728 3275 2875 3321 notat
2896 3264 3103 3333 lttigius
3142 3262 3196 3315 in
3228 3259 3601 3315 dissertatione
3635 3256 3707 3309 De
3736 3252 3943 3307 Natiri»

780 3370 905 3437 ipsis
940 3370 1249 3422 annuntiata
1284 3381 1330 3421 et
1377 3369 1638 3431 derivata;
1688 3366 1916 3420 Irenaeus
1954 3384 2121 3421 veram
2168 3380 2309 3438 urget

783 3454 1132 3521 apostolorum
1153 3453 1479 3506 traditionem
1504 3462 1551 3506 et
1580 3452 1889 3513 doctrinam,
1919 3466 2076 3519 quam
2113 3451 2173 3505 ab
2206 3454 2334 3516 epi-A

783 3546 947 3611 scopis
992 3544 1340 3613 apostolorum
1391 3544 1766 3597 successoribus
1813 3549 1863 3594 et
1902 3538 2178 3604 Ecclesiis,
2226 3542 2311 3592 ubi

784 3628 1133 3701 apostolorum
1172 3633 1414 3701 discipuli
1446 3634 1747 3696 docuerunt,
1777 3632 2052 3695 emendant
2084 3640 2132 3683 et
2176 3632 2315 3682 deri-

786 3722 1006 3773 uandam
1030 3722 1310 3777 contendit.
1340 3719 1407 3771 Et
1439 3723 1602 3786 primo
1630 3732 1773 3791 urget
1797 3722 2039 3775 Romana:
2072 3719 2316 3773 Ecclesia:

787 3809 1145 3870 traditionem,
1175 3808 1263 3859 ubi
1293 3809 1499 3876 praefuit
1542 3809 1805 3874 Clemens;
1837 3809 2183 3879 Smyrnensis,
2226 3809 2313 3861 ubi

786 3900 963 3951 docuit
995 3897 1346 3965 Polycarpus;
1377 3897 1664 3964 Ephesium,
1690 3901 1775 3951 ubi
1807 3901 2069 3969 apostolus
2090 3899 2314 3953 Joannes

788 3989 1124 4060 Euangelium
1156 3997 1229 4040 tot
1259 3988 1406 4039 annis
1434 3998 1479 4039 et
1506 3997 1647 4039 tanto
1677 4006 1788 4041 cum
1814 3991 1984 4058 fructu
2005 3992 2329 4061 prwdicave-a

788 4084 877 4133 rat
899 4091 945 4134 et
976 4088 1317 4147 promoverat.
1363 4076 1449 4130 Sic
1474 4077 1627 4145 paulo
1655 4089 1765 4145 post
1797 4079 2073 4146 Irenamm,
2118 4081 2317 4150 Ilipp0~

788 4174 925 4239 lytus
959 4173 1113 4224 etiam
1126 4169 1339 4237 scripsit
1368 4183 1515 4220 suam
1534 4167 1865 4235 Παράδοσιν
1893 4173 2315 4239 ἀποστολικήν,

790 4272 847 4316 ut
889 4263 1244 4316 hereticorum
1284 4260 1471 4312 deliria
1512 4268 1559 4312 et
1604 4260 1804 4313 somnia
1836 4262 2099 4327 refutaret,
2134 4275 2183 4317 et
2224 4266 2317 4317 do-

790 4354 1011 4405 ctrinam
1047 4360 1337 4419 perpetuam
1378 4350 1749 4419 apostolorum,
1795 4350 1849 4401 in
1888 4351 2184 4416 ﬂorentibus
2214 4353 2316 4405 Ec—

789 4443 958 4497 clesiis
987 4444 1307 4511 superstitem
1334 4453 1381 4495 et
1413 4444 1664 4497 sinceram
1698 4441 1930 4495 omnibus
1971 4443 2083 4494 istis
2123 4442 2318 4496 deliriis

790 4545 838 4585 et
877 4532 1151 4585 erroribus
1180 4544 1558 4601 opponeret.....
1617 4531 1755 4584 Hinc
1795 4532 1952 4585 etiam
1974 4532 2317 4603 λ-Παράδοσις

790 4622 1149 4688 ἀποστολική
1174 4622 1249 4695 ab
1281 4621 1556 4691 Hippolyto
1586 4623 1861 4685 adornata,
1903 4623 1955 4674 id
1990 4631 2063 4673 est
2087 4625 2316 4673 narratio

793 4713 1117 4790 dogmatum,
1148 4730 1261 4783 quce
1286 4716 1502 4781 apostoli
1546 4713 1917 4768 successoribus
1953 4713 2057 4765 suis
2096 4713 2319 4765 tradide-

795 4794 941 4867 rant,
975 4804 1210 4871 posteris,
1260 4805 1327 4855 ad
1372 4804 1556 4857 ultima
1596 4806 1774 4857 mundi
1819 4804 1951 4872 fata,
1996 4803 2245 4856 tradenda
2274 4813 2320 4854 et

797 4896 1242 4946 communicanda.
1270 4892 1536 4946 Hactenus
1568 4895 1906 4948 doctissimus
1944 4895 1991 4947 le
2025 4893 2283 4962 Moynius.

868 4982 966 5032 Alii
994 4994 1312 5039 censuerunt
1346 5000 1439 5052 per
1460 4993 1742 5037 tractatum
1786 4987 1884 5039 sub
1908 4986 2058 5039 titulo
2091 4984 2322 5036 Traditio

800 5074 1083 5137 apostolica
1136 5079 1510 5131 annuntiatum
1575 5078 1791 5146 intelligi
1854 5094 2011 5146 posse
2074 5078 2322 5129 διδασκα-

801 5159 937 5222 λίαν,
969 5176 1059 5214 seu
1090 5163 1377 5217 doctrinam
1404 5168 1571 5218 sancti
1604 5165 1889 5234 Hippolyti,
1920 5182 2037 5234 qua:
2062 5166 2113 5218 in
2138 5163 2325 5217 biblio-

806 5332 982 5453 ngiS)
1026 5331 1277 5426 Scaliger,
1324 5338 1397 5390 De
1444 5338 1695 5392 emendat.
1740 5349 1891 5406 temp.
1938 5338 2026 5390 lib.
2063 5354 2157 5401 vn,
2207 5353 2323 5406 pag.

877 5468 983 5587 (3‘31)
1023 5467 1097 5522 Le
1128 5468 1343 5539 Moyne,
1385 5473 1541 5528 Varia
1574 5493 1741 5540 sacra,
1771 5486 1898 5530 tom.
1948 5476 2009 5543 ΙΙ,
2048 5492 2164 5544 pag.
2197 5474 2329 5527 1062

804 5552 850 5597 ﬂ
1018 5608 1291 5693 Ilearson?
1337 5609 1546 5693 Vindic;
1562 5614 1758 5693 lingat,
1785 5631 1902 5693 pag.
1938 5614 2005 5667 60
2030 5624 2079 5667 et
2102 5615 2189 5673 62.

1023 5679 1217 5759 (jrabe,
1255 5688 1390 5759 tom”
1415 5679 1453 5741 1,
1509 5679 1746 5753 Spicileg.
1769 5679 2166 5759 _IA’atru;tn_,-pag.

806 5749 993 5875 ﬂagiti).
1024 5749 1259 5803 Lambec.
1282 5789 1295 5813 ,
1339 5749 1429 5803 lib.
1460 5764 1575 5814 vut,
1608 5748 1724 5822 pag'.
1756 5753 1888 5835 429,
1920 5752 2163 5805 Biblioth.
2208 5748 2329 5802 Vin-

2412 3364 2534 3416 tatis
2562 3360 2755 3415 Christi
2786 3358 2936 3426 festo,
2968 3369 3084 3424 pag.
3133 3351 3256 3413 395,
3291 3359 3409 3420 post
3437 3348 3784 3418 appendicem
3810 3344 3941 3399 diss.

2412 3453 2487 3506 De
2517 3448 2893 3504 haresiarchis.
2937 3444 3106 3510 Quam
3135 3440 3322 3494 habuit
3362 3440 3524 3493 etiam
3578 3435 3821 3489 Thomas
3844 3432 3943 3487 Ga-

2413 3544 2530 3596 leus
2565 3550 2699 3595 teste
2746 3539 2921 3592 Caveo
2954 3535 3083 3606 (84).
3128 3529 3318 3599 Incipit
3363 3536 3581 3587 autem;
3628 3526 3814 3577 Πάντα
3853 3520 3942 3590 μὲν

2415 3631 2551 3685 καλὰ
2581 3631 2673 3683 καί
2703 3628 2841 3682 καλὰ
2863 3627 3002 3679 λίαν.
3028 3623 3107 3681 Ex
3127 3619 3312 3676 codice
3338 3619 3557 3674 Thema:
3590 3614 3737 3669 Galei
3761 3612 3940 3666 Graece

2415 3720 2730 3787 descriptam
2754 3719 2955 3785 accepit
2982 3713 3221 3769 eamdem
3267 3708 3538 3765 homiliam
3571 3721 3601 3760 a
3627 3704 3827 3758 Wolﬁo
3860 3702 3940 3755 Al-

2416 3812 2598 3865 bertus
2648 3810 2942 3870 Fabricius,
2987 3818 3213 3872 eantque
3262 3798 3559 3856 collectioni
3612 3810 3841 3865 operum
3887 3790 3937 3844 S.

2416 3899 2677 3968 llippolyti
2716 3898 2955 3951 inseruit.
2988 3896 3184 3950 Sancto
3236 3890 3359 3945 huic
3399 3887 3615 3958 martyri
3656 3885 3940 3945 ascribe!)-

2416 3993 2534 4048 darn
2562 4004 2679 4043 esse
2700 4003 2762 4040 ex
2810 3988 2923 4040 solo
2957 3987 3064 4039 fere
3118 3983 3269 4038 titulo
3318 3980 3538 4050 probari
3580 3983 3776 4046 potest,
3828 3968 3941 4043 quin

2415 4079 2754 4148 conjectura,
2814 4090 2934 4127 cum
2988 4074 3349 4127 omnimodam
3407 4062 3938 4142 (:ertitud'rntanifznon

2417 4172 2680 4242 praebeat,
2733 4166 2969 4219 ulteriori
3018 4168 3145 4219 crisi
3210 4165 3558 4219 eruditorum.
3590 4156 3938 4223 relinquitur.

2422 4262 2561 4316 Sane
2593 4260 2722 4313 nihil
2757 4257 2815 4310 S.
2854 4256 3132 4325 Hippolyto
3172 4260 3521 4324 incongruum
3557 4244 3937 4314 complectitur,
4032 4307 4034 4309 g

2420 4364 2471 4407 et
2501 4349 2833 4421 praesentiam
2862 4345 2953 4398 Dei
3007 4344 3299 4399 Salvatoris
3334 4343 3500 4398 nostri
3533 4354 3628 4408 per
3674 4335 3828 4391 suam
3859 4337 3937 4387 ine

2422 4443 2782 4497 carnationem
2812 4436 3041 4490 maxime
3084 4436 3138 4487 in
3196 4435 3458 4503 baptismo
3500 4445 3599 4485 suo
3628 4443 3722 4496 per
3760 4439 3939 4479 vocem

2420 4533 2596 4588 Patris
2651 4532 2715 4585 de
2762 4528 2897 4582 ccelo
2953 4526 3220 4593 delapsam
3286 4522 3673 4577 manifestatam
3725 4518 3938 4571 demon-

2418 4634 2568 4678 strat.

2486 4713 2779 4767 Observant
2837 4706 3133 4763 doctissimi
3204 4705 3431 4759 Maurioi
3492 4703 3599 4770 (85)
3670 4700 3937 4753 homiliam

2420 4807 2558 4857 hanc
2586 4805 2681 4858 abs
2713 4803 2767 4857 S.
2797 4802 3078 4871 Hippolyto
3120 4798 3513 4867 pronuntiatam
3570 4794 3735 4847 fuisse
3764 4806 3938 4845 coram

2425 4896 2725 4962 gentilibus.
2758 4896 2876 4948 Haec
2905 4892 3209 4963 singillatim
3263 4894 3547 4957 pertractat
3571 4887 3634 4939 de
3682 4884 3939 4951 baptismo

2423 4984 2547 5037 Jesu
2574 4985 2790 5050 Christi,
2825 4986 3047 5054 ejusque
3103 4980 3376 5035 effectibus
3406 4978 3567 5032 relate
3594 4977 3657 5029 ad
3705 4974 3939 5027 homines

2424 5080 2735 5141 praesertim.
2774 5080 2971 5130 Auctor
3000 5076 3291 5128 orationem
3337 5072 3487 5124 suam
3517 5067 3674 5121 modo
3697 5065 3760 5117 ad
3789 5078 3936 5117 unam

2426 5166 2702 5228 duntaxat,
2739 5166 2896 5220 modo
2941 5167 3005 5218 ad
3055 5166 3233 5234 plures
3265 5162 3440 5230 dirigit
3477 5172 3752 5229 personas.
3808 5152 3939 5206 Nihil

2498 5341 2605 5410 (83)
2645 5339 2723 5393 Cl.
2786 5342 3011 5397 Grabius
3066 5351 3233 5395 morte
3281 5345 3593 5410 prgey'entug
3628 5333 3934 5410 promissum

2427 5401 2697 5463 exsolvere
2741 5425 2843 5461 non
2883 5413 3077 5477 potuit;
3117 5401 3298 5460 verum
3333 5407 3523 5477 Alhert.
3557 5401 3829 5455 Fabricius
3854 5420 3934 5455 na-

2430 5488 2547 5531 ctus
2575 5478 2754 5529 eadem
2785 5480 2847 5528 ad
2885 5474 2998 5543 'jam
3039 5480 3209 5531 dictos
3246 5490 3373 5528 mss.
3418 5474 3610 5543 libro_s_
3633 5475 3885 5543 recensita
3912 5486 3937 5521 a

2429 5548 2656 5609 Grabio,
2710 5547 2800 5612 qui
2845 5538 3026 5599 Latina
3078 5546 3318 5597 versione
3358 5542 3512 5594 etiam
3561 5538 3644 5591 illa
3696 5541 3936 5601 donavit,

2433 5626 2574 5669 tumo
2603 5615 2616 5665 Ι
2645 5614 2878 5681 Operum
2900 5613 3157 5681 Hippolyti
3191 5612 3430 5681 inseruit.

2504 5684 2611 5749 (84)
2648 5678 2802 5743 Cave,
2840 5678 3164 5733 llistflittér.
3187 5689 3353 5749 ,_t0m.
3387 5678 3424 5729 l.

2480 5741 2609 5823 ’(85)
2650 5741 2786 5804 Hist.
2824 5750 2974 5802 littér.
3012 5750 3071 5803 de
3101 5749 3151 5800 la
3185 5746 3399 5812 France,
3436 5755 3561 5802 tom.
3604 5746 3643 5811 l,
3677 5761 3797 5816 pag.
3826 5741 3936 5799 370».
