4104 6350
174 480 285 534 309
540 462 543 463 ί
604 528 607 529 κ
1118 488 1227 542 nr.
1267 489 1420 544 vrrA
1461 490 1547 545 ET
1586 488 1887 543 S-‘I-RIPTIS
1926 490 1981 542 s.
2023 486 2392 543 HIPPOLYTI.
2462 451 2469 455 ’
3232 488 3332 542 5l0

178 614 401 667 quoque
432 598 485 652 in
521 601 629 655 hoc
678 602 933 681 discursu
960 614 1053 659 aut
1097 607 1353 663 doctrinae
1373 651 1388 675 ,
1446 618 1555 663 aut
1586 612 1725 663 artati
1755 615 1795 670 Α
1825 609 2033 664 Domini
2066 610 2221 675 1551,
2248 625 2312 664 ex
2371 624 2496 679 agro
2523 608 2730 663 Verane
2768 622 2870 661 non
2916 596 3097 677 procul
3126 607 3190 661 ab
3234 608 3342 662 aede

178 687 242 742 S.
274 688 539 762 Hippolyti
599 687 977 750 inconveniens
1014 700 1314 766 reperitur;
1349 701 1589 768 quinimo
1614 701 1726 755 sive
1829 699 1885 755 S.
1909 700 2180 755 Laurentii
2208 699 2274 753 ad
2301 698 2493 754 Urbem
2523 716 2552 754 e
2581 694 2846 771 memoriae
2890 696 3151 767 Hippolyti
3200 698 3343 758 anti-

177 778 379 848 styium
405 791 637 849 spectes,
658 783 771 837 ‘sive
798 784 1005 840 dicendi
1028 789 1242 842 modum
1262 784 1326 842 ‘In
1346 790 1470 845 aliis
1498 805 1727 859 opuscu-

178 868 274 933 lis,
308 871 876 941 quasindubie'ipsius
930 885 1075 939 sunt,
1122 878 1436 943 adhibitum,
1482 882 1725 935 eumdem
1826 889 2021 943 statua,
2078 882 2212 935 solio
2271 881 2535 948 insidens,
2593 880 2789 936 Graecis
2856 880 3100 947 utrinque
3154 878 3343 932 litteris

180 961 519 1028 ipsissimum
564 963 619 1015 in
675 963 775 1019 hac
802 966 1021 1020 homilia
1059 970 1426 1025 observamus.
1464 969 1623 1025 Notat
1646 974 1726 1025 in-
1826 972 2098 1041 inscripta.
2140 970 2351 1025 Litterae
2386 972 2439 1023 in
2476 971 2617 1026 binis
2668 972 2930 1025 cathedra;
2960 969 3225 1023 laterculis
3250 984 3343 1039 cy-

1826 806 1944 859 qua:
1974 791 2260 846 ruderibus
2287 789 2477 846 eﬂ'ossa
2514 790 2707 860 prodiit
2740 790 2953 858 antiqua
3006 804 3035 841 c
3060 794 3343 842 "marmore
3378 840 3381 845 ,
3480 820 3481 825 η

179 1066 348 1118 super
374 1052 723 1107 doctissimum
752 1052 1024 1124 Remigius
1054 1058 1265 1113 Ceillier
1288 1126 1291 1129 _
1311 1060 1425 1130 (86)
1456 1063 1722 1117 laudatam
1750 1080 1751 1083 ‘

180 1140 463 1194 homiliam
498 1157 618 1197 esse
656 1143 901 1210 nitidam,
958 1147 1375 1213 adiﬁcatoriain,
1408 1136 1728 1222 dignamque

184 1240 377 1285 sancto
396 1232 672 1301 episcopo,
703 1249 909 1291 necnon
940 1246 992 1289 et
1036 1240 1167 1292 satis
1193 1224 1729 1313 elaboratam.'atque

182 1322 342 1392 longe
386 1325 689 1392 politiorem
715 1327 922 1381 caeteris
962 1329 1319 1385 communiter
1363 1342 1600 1387 veterum
1629 1334 1728 1388 Pa-

182 1423 324 1467 trum
353 1416 613 1471 bomiliis.
656 1468 659 1471 ,

251 1506 477 1560 Addunt
506 1517 760 1576 praeterea
797 1510 1023 1566 Maurini
1053 1512 1184 1581 (87),
1237 1513 1496 1581 quosdam
1544 1514 1728 1567 erudi—

189 1608 264 1651 tos
292 1598 639 1652 existimasse
688 1600 956 1654 laudatam
1010 1602 1279 1655 homiliam
1331 1604 1569 1656 eamdem
1611 1619 1728 1658 esse

189 1704 343 1753 quam
395 1686 455 1739 S.
494 1686 852 1757 Hieronymus
904 1692 1039 1745 inter
1087 1693 1193 1746 divi
1245 1691 1513 1764 Hippolyti
1569 1712 1727 1764 opera

188 1778 285 1829 hoc
314 1778 416 1831 sub
438 1778 595 1831 titulo
620 1779 896 1833 denotavit
928 1800 940 1834 :
971 1781 1204 1834 Homilia
1244 1784 1446 1838 scilicet
1477 1786 1539 1838 de
1578 1786 1729 1839 laude

166 1866 502 1947 Saluatoris.
542 1866 740 1921 Verum
790 1870 843 1922 in
895 1872 1112 1939 praefata
1148 1873 1364 1928 homilia
1397 1890 1500 1929 non
1536 1875 1728 1946 legitur

196 1959 342 2023 illud,
404 1960 542 2027 quod
609 1960 671 2013 D.
724 1958 1076 2032 Hieronymus
1125 1964 1418 2035 subjungit,
1472 1968 1721 2021 nimirum

198 2059 438 2104 sanctum
482 2059 728 2104 nostrum
776 2052 828 2104 in
874 2055 1425 2125 praesentiaﬂrigenis
1481 2060 1733 2119 eamdem

191 2143 582 2209 pronuntiasse.
614 2140 867 2196 Fatemur
892 2145 1131 2214 quidem,
1186 2148 1328 2215 quod
1360 2148 1423 2201 ad
1446 2146 1725 2202 diﬂi'culta-

192 2242 289 2284 tem
324 2232 466 2283 hanc
490 2231 857 2285 extricandam
909 2236 1127 2302 quidam
1172 2238 1478 2299 obtendant,
1528 2236 1723 2291 factum

199 2323 289 2375 hoc
308 2321 404 2374 abs
435 2319 497 2373 D.
533 2318 858 2393 Hieronymo
916 2327 1184 2392 proditum
1229 2342 1434 2381 merum
1480 2342 1598 2387 esse
1642 2344 1726 2382 er-

196 2425 353 2463 rorem
378 2425 449 2465 ex
485 2412 627 2465 male
655 2412 920 2466 intellecto
966 2416 1139 2483 capite
1172 2418 1239 2469 25
1280 2415 1399 2471 libri
1449 2434 1500 2471 vt
1556 2418 1724 2473 Euse-

191 2500 256 2552 bii
279 2510 525 2565 enatum,
557 2518 828 2571 quemque
850 2493 1133 2558 clarissimi
1158 2507 1259 2559 viri
1294 2505 1516 2563 Huetius
1547 2518 1599 2563 et
1624 2510 1729 2563 Vae

188 2590 347 2644 lesius
393 2593 719 2645 refutarunt.
780 2592 975 2647 Verum
1032 2595 1134 2648 hoc
1180 2612 1286 2650 non
1346 2606 1452 2652 tam
1499 2611 1727 2664 certum,

183 2682 638 2747 quemadmodum
667 2683 985 2748 venditatur,
1013 2686 1311 2741 habendum
1336 2699 1436 2745 est.
1454 2690 1727 2761 Siquidem

184 2767 548 2840 Hieronymus
574 2773 662 2826 hic
686 2780 790 2827 nbn
820 2777 1111 2830 secundum
1145 2777 1432 2833 Eusebium
1472 2781 1728 2849 loquitur.

186 2859 303 2926 Ipse
332 2862 477 2914 enim
507 2862 572 2915 de
607 2862 756 2918 libris
794 2879 823 2916 a
847 2866 1021 2933 seipso
1055 2868 1205 2922 lectis
1225 2869 1471 2936 disserit;
1503 2884 1733 2940 quapro—

185 2960 305 3018 pter
333 2952 702 3006 verosimilius
728 2954 839 3008 haec
876 2957 972 3009 abs
1022 2968 1207 3012 sancto
1261 2958 1479 3014 doctore
1521 2960 1733 3016 laudata

184 3040 413 3093 homilia
439 3053 564 3094 cum
619 3043 862 3110 pluribus
905 3045 1025 3098 aliis
1070 3046 1309 3113 ejusdem
1368 3051 1604 3103 auctoris
1655 3051 1735 3102 in-

178 3128 369 3195 teriit,
446 3132 899 3199 quemadmodum
976 3136 1137 3203 paulo
1215 3136 1447 3194 inferius,
1516 3138 1729 3193 docebi-

179 3232 325 3271 mus.

701 3309 1090 3367 AHTICULUS
1122 3313 1211 3368 1X.

465 3433 531 3472 DE
564 3434 762 3475 CANONB
784 3440 1030 3481 PASCHALI
1072 3445 1115 3483 8.
1160 3445 1455 3483 HIPPOLY‘I'I.

183 3510 215 3575 ᾖ
254 3506 297 3559 1.
326 3507 387 3561 S.
423 3507 697 3581 Hippolyti
721 3513 901 3588 canon
932 3535 1022 3571 seu
1067 3518 1251 3588 Cyclas
1288 3518 1563 3577 Paschalis
1597 3532 1731 3578 inte-

642 3599 729 3651 gre
754 3586 988 3640 inuentus
1021 3586 1125 3640 απ(
1146 3588 1299 3641 1551.

259 3669 528 3724 Cononem
576 3673 891 3741 paschalem,
943 3691 1038 3732 seu
1093 3675 1305 3745 Cyclum
1354 3682 1667 3748 paschalem,
1704 3699 1733 3737 a

100 3815 107 3820 ,
181 3759 249 3813 S.
285 3760 578 3831 Hippolyto
613 3767 991 3833 compositum,
1036 3768 1191 3835 cujus
1217 3770 1499 3827 Anatolius
1534 3772 1731 3827 Laodi-

183 3853 374 3906 censis
409 3853 545 3921 (88),
582 3853 843 3911 Eusebius
895 3858 1006 3927 (89)
1041 3868 1092 3912 et
1143 3857 1198 3912 S.
1244 3858 1597 3933 Hieronymus
1625 3864 1733 3933 (90)

184 3940 580 4005 meminerunt,
619 3943 814 4015 Graece;
845 3956 898 4001 et
942 3946 1129 4000 Latine
1161 3948 1449 4018 interprete
1484 3953 1735 4006 eruditis-

174 4024 332 4087 sitm
360 4025 673 4089 .Francisco
722 4035 1053 4101 Blanchinio,
1088 4040 1335 4109 notisque
1379 4042 1576 4112 Egidii
1631 4043 1735 4096 Buo

179 4122 369 4203 cherii
391 4131 448 4176 et
475 4112 704 4178 aliorum
739 4128 976 4181 virorum
1019 4129 1455 4188 doctissimorum
1496 4134 1734 4187 illustra-

181 4220 330 4273 tum,
349 4202 788 4277 ultimogtandem
829 4214 965 4275 loco,
1005 4216 1140 4271 .licet
1177 4221 1246 4273 ob
1293 4238 1443 4275 suam
1477 4230 1733 4290 praestan-

188 4302 337 4360 tiam:
356 4310 418 4354 et.
446 4301 801 4369 integritatem
852 4304 988 4356 inter
1010 4303 1321 4377 Hippolytea
1374 4311 1545 4378 primo
1574 4309 1735 4363 collo-

187 4392 403 4457 candus
425 4400 569 4445 esset
596 4391 734 4455 loco,
768 4407 1130 4449 recensemus.
1172 4397 1407 4452 Perierat
1434 4402 1535 4452 iSte
1558 4398 1736 4453 Conon

141 4555 150 4567 _
187 4499 319 4537 cum
355 4484 564 4536 caeteris
625 4482 861 4550 ejusdem
898 4482 1163 4557 Hippolyti
1208 4490 1586 4552 monumentis,
1637 4506 1735 4545 nec

1826 1063 1938 1117 clos
1994 1061 2269 1131 paschales
2338 1075 2598 1114 annorum
2655 1060 2921 1115 sexdecim
2988 1057 3340 1120 exhibebant;

1825 1160 2137 1219 quartarum
2153 1141 2480 1205 decimarum
2500 1150 2705 1215 dextro,
2721 1147 3114 1203 Dominicarum
3133 1147 3347 1216 pascha-

1825 1242 1955 1295 lium
2014 1242 2251 1305 sinistro,
2305 1251 2575 1309 utrosque
2598 1247 2810 1299 centum
2862 1237 3142 1291 duodecim
3192 1236 3345 1290 annis

1827 1332 2119 1384 universim
2173 1329 2609 1399 comprehensos,
2669 1342 2775 1396 qua
2822 1340 3083 1379 annorum
3127 1324 3345 1393 periodo

1828 1423 1990 1476 ferias
2022 1422 2235 1476 easdem
2264 1423 2315 1475 in
2339 1422 2518 1477 orbem
2548 1419 2719 1473 redire
2764 1417 2983 1481 credidit
3016 1415 3342 1485 Hippolytus.

1826 1509 1941 1564 Non
1966 1522 2081 1566 erat
2112 1512 2327 1579 quidem
2356 1524 2667 1577 expressum
2724 1507 2989 1577 Hippolyti
3015 1521 3228 1567 nomen,
3255 1505 3345 1558 sed

1828 1600 1982 1655 facile
2014 1602 2127 1670 ipsa
2154 1600 2692 1655 heccaedecacteridos
2717 1598 2983 1661 methodo,
3015 1606 3067 1650 et
3094 1596 3373 1651 librorum-

1828 1689 2096 1755 lemmate,
2156 1688 2299 1757 quod
2351 1688 2595 1741 dextrum
2653 1687 2963 1740 laterculum
3015 1683 3344 1746 continebat,

1833 1782 2100 1850 proditum
2140 1790 2253 1846 est;
2282 1794 2465 1832 eorum
2496 1779 2633 1830 enim
2676 1779 2913 1830 omnium
2947 1788 3216 1831 auctorem
3244 1763 3349 1826 Eu-

1831 1871 2034 1935 sebius,
2066 1871 2435 1939 Hieronymus,
2463 1868 2656 1935 aliique
2682 1860 3017 1935 Hippolytum
3045 1864 3351 1933 episcopum

1825 1962 2046 2017 faciunt.
2075 1961 2204 2015 Tam
2231 1962 2450 2022 illustre,
2475 1968 2583 2012 tam
2611 1972 2789 2010 rarum
2810 1956 3088 2025 primitiue
3109 1955 3352 2009 Ecclesia:

1825 2064 2229 2108 monumentum
2261 2050 2508 2103 Marcello
2537 2050 2765 2103 Cervino
2801 2057 2928 2102 tunc
2954 2046 3011 2100 S.
3048 2046 3110 2099 Β.
3144 2046 3203 2097 Ε.
3230 2061 3351 2100 car-

1823 2141 2011 2203 dinali,
2037 2148 2220 2209 postea
2248 2141 2406 2191 etiam
2436 2138 2670 2205 ejusdem
2700 2135 2933 2201 nominis
2978 2148 3124 2204 papa:
3170 2131 3233 2213 H,
3268 2133 3352 2185 di-

1824 2230 2146 2299 gnissimum
2181 2230 2354 2286 visum
2388 2225 2529 2294 quod
2562 2226 2780 2279 Romam
2820 2224 2942 2277 inde
2983 2221 3274 2277 deierretttr
3300 2228 3354 2273 et

1823 2323 1876 2374 in
1914 2321 2164 2374 Vaticana
2218 2316 2535 2373 bibliotheca
2581 2318 2928 2375 conderetur;
2958 2313 3123 2367 edidit
3168 2312 3353 2367 deinde

1826 2412 2029 2474 Graece,
2055 2419 2115 2464 ut
2135 2419 2271 2472 erat,
2320 2423 2441 2463 cum
2491 2406 2727 2481 antiquis)
2774 2405 2887 2459 suis
2920 2400 3353 2473 inscriptionibus

1826 2502 2122 2565 Gruterus;
2187 2499 2417 2565 Scaliger
2472 2499 2630 2550 etiam
2684 2489 2823 2549 notis
2858 2492 3160 2547 illustravit.
3223 2488 3351 2558 Ego,

1829 2594 2001 2661 inquit
2053 2590 2381 2651 Bucherius,
2429 2591 2509 2640 hic
2562 2586 2744 2639 Latine
2800 2583 3021 2653 ﬁdeliter
3074 2581 3359 2645 redditum,

1828 2700 1928 2736 non
1955 2692 2059 2735 tam
2104 2683 2165 2734 de
2218 2696 2342 2733 novo
2395 2680 2669 2747 explicare,
2723 2693 2875 2745 quam
2904 2672 3227 2744 paschalibus
3262 2668 3354 2722 Vi-

1829 2772 1980 2824 ctorii
2030 2770 2195 2822 nostri
2248 2767 2653 2833 Latinorumque
2720 2766 3003 2833 primorum
3068 2759 3354 2812 rationibus

1831 2848 2165 2928 conformem,
2215 2858 2392 2925 paucis
2449 2858 2707 2909 ostendere
2748 2850 3026 2906 constitui.
3088 2848 3355 2902 Hactenus

1829 2948 2171 3004 doctissimus
2200 2946 2442 3017 Egidius
2470 2944 2761 2999 Bucherius
2782 2942 2913 3013 (9i).

1904 3057 2011 3113 Hos
2056 3066 2231 3112 autem
2285 3057 2439 3110 binos
2482 3054 2890 3110 sexdecennales
2921 3064 3150 3105 canones
3187 3049 3239 3101 in
3267 3062 3357 3103 ea-

1830 3146 1950 3201 dem
1982 3146 2234 3201 cathedra
2281 3146 2486 3215 lapidea
2532 3144 2824 3212 insculptos
2879 3140 3071 3204 fuisse,
3092 3138 3201 3193 non
3252 3154 3356 3191 una

1760 3241 1803 3297 C
1835 3222 1992 3308 plane
2042 3240 2181 3293 ratio
2222 3239 2427 3304 suadet,
2477 3247 2536 3290 ut
2588 3246 2728 3291 recte
2766 3233 3138 3289 animadvertit
3188 3230 3252 3283 ν.
3294 3232 3352 3285 C.

1832 3325 2067 3382 Joannes
2096 3327 2371 3398 Vignolius
2408 3328 2537 3396 (92).
2590 3318 2715 3379 Prw"
2760 3325 2977 3387 βαδιεῖ-ξε,
3018 3321 3208 3391 inquit,
3245 3334 3359 3390 qua

1831 3418 1940 3488 ejus
1988 3420 2215 3473 creditur
2237 3428 2441 3478 statua;
2497 3431 2651 3485 quam
2674 3424 2729 3467 ut
2768 3415 2929 3467 eidem
2978 3414 3145 3479 adhuc
3177 3412 3361 3490 uiuenti

1830 3511 2052 3579 positam
2082 3509 2452 3570 existimemus,
2482 3511 2584 3558 non
2634 3503 2775 3555 illius
2817 3504 2912 3555 wvi
2964 3501 3172 3554 uumitis
3207 3500 3357 3553 Chri-

1832 3601 2121 3653 stianorum
2160 3596 2405 3660 conditio,
2447 3608 2603 3661 neque
2635 3592 2797 3660 ipsius
2836 3592 2934 3643 uiri
2964 3592 3211 3642 sanctitas
3242 3604 3355 3640 ωπ-
3390 3600 3395 3603 ’

1833 3692 1957 3743 nino
1978 3690 2089 3757 pati
2129 3688 2345 3741 videtur.
2377 3686 2538 3752 Atque
2560 3683 2671 3749 ejus
2699 3682 2879 3734 deinde
2909 3682 3157 3732 librorum
3194 3679 3355 3743 tituli,

1834 3795 2049 3848 quorum
2098 3779 2153 3831 in
2190 3775 2419 3842 margine
2484 3773 2739 3826 cathedrae
2788 3771 2975 3824 mentio
3025 3778 3225 3832 exstat;
3273 3762 3360 3838 qui

1836 3868 2039 3919 nonnisi
2067 3873 2180 3934 post
2202 3863 2345 3915 illius
2392 3862 2586 3914 obitum
2615 3862 2676 3913 ab
2718 3861 2822 3913 alio
2845 3860 3064 3928 appositi
3089 3860 3249 3927 fuisse
3288 3860 3363 3912 ri-

1832 3938 2039 4020 dentur,
2068 3963 2127 4006 ut
2171 3954 2225 4005 in
2272 3954 2436 4021 ipsius
2481 3940 2719 4005 honorem
2769 3942 3069 4020 laudemque
3111 3950 3360 4003 cederent.

1834 4042 1985 4105 Quod
2018 4056 2131 4093 cum
2181 4043 2258 4092 ita
2291 4041 2380 4104 sit,
2437 4040 2711 4093 verisimile
2751 4039 3027 4091 admodum
3073 4055 3179 4092 esse
3225 4036 3357 4096 reor,

1836 4132 2035 4200 aliquid
2083 4132 2139 4183 in
2162 4133 2339 4185 eodem
2389 4147 2581 4185 canone
2638 4132 2967 4183 commissum
2999 4128 3361 4196 fuissetquod

1833 4220 1977 4272 nullo
2006 4230 2157 4288 pacto
2180 4230 2360 4272 sancto
2390 4219 2670 4288 Hippolyto
2695 4228 2774 4269 est
2797 4217 3173 4271 ascribendum.
3210 4215 3360 4268 Non—

1836 4312 1979 4371 nulla
2007 4313 2105 4365 viri
2135 4312 2425 4365 doctissimi
2463 4313 2578 4379 jam
2613 4298 2990 4379 prwnotérunt,
3022 4324 3135 4377 qua:
3171 4310 3363 4378 partim

1836 4402 2110 4471 sculptoris
2160 4404 2443 4467 inscitiam,
2492 4401 2684 4468 partim
2719 4400 2932 4451 alterius
2976 4400 3235 4452 incuriam
3272 4418 3362 4451 ar-

1836 4506 2017 4563 guunt.
2048 4495 2303 4549 Craterum
2358 4506 2601 4544 canonem
2630 4488 3015 4557 Ilippolyteum,
3059 4500 3174 4558 post
3221 4490 3370 4557 lose:

193 4574 320 4640 ejus
350 4576 639 4642 quidquam
670 4582 863 4640 praeter
893 4590 1085 4629 nomen
1119 4588 1433 4646 supererat;
1468 4594 1586 4631 cum
1615 4596 1737 4635 ccce
1770 4558 1812 4611 θ
1836 4558 1991 4653 phum
2024 4584 2343 4653 Scaligerum
2398 4580 2527 4648 (95),
2568 4580 2877 4647 Dionysium
2937 4579 3205 4634 Petavium
3252 4580 3361 4649 (94)

194 4667 343 4717 bono
370 4665 482 4727 Dei,
510 4674 564 4717 et
599 4680 791 4727 magna
820 4667 1151 4720 eruditorum
1185 4670 1422 4723 omnium
1448 4669 1647 4735 laetitia,
1682 4683 1739 4727 ut
1837 4685 1885 4729 et
1914 4676 2181 4743 ngidium
2222 4673 2531 4725 Bucherium
2583 4670 2712 4738 (95),
2736 4670 2830 4724 alii
2876 4680 3073 4741 qucque
3125 4670 3363 4721 recentio-

192 4756 482 4823 Baronius,
536 4757 791 4830 Scaliger,
852 4760 1219 4831 Gruterusque
1270 4772 1553 4827 testantur,
1600 4781 1740 4821 anno
1840 4784 1918 4820 res
1967 4766 2097 4833 (96),
2150 4774 2202 4814 at
2250 4761 2471 4814 maxime
2530 4762 2758 4814 omnium
2816 4761 2878 4815 γ.
2930 4761 2991 4816 C.
3049 4759 3358 4812 Franciscus

264 4870 406 4944 (86),
442 4870 593 4925 Remi
625 4873 876 4944 _Ceil|icr,
938 4874 1077 4929 Hist.
1132 4877 1304 4944 génér.
1364 4877 1451 4927 des
1504 4885 1736 4941 auteurs,

195 4949 330 4994 tom.
368 4942 430 5001 ll,
467 4954 586 5009 pag‘.
624 4942 745 4997 529.

264 5009 554 5081 (877ij_list,
600 5009 705 5064 litt.
758 5012 820 5064 de
873 5010 927 5063 la
963 5012 1185 5077 France,
1244 5021 1374 5064 tom.
1439 5012 1481 5078 1,
1523 5023 1661 5081 part.
1696 5033 1732 5080 ι,

1838 4893 1957 4945 pag.
1984 4874 2083 4945 721
2114 4882 2163 4923 et
2193 4886 2337 4945 seqq.

1912 4937 2019 5011 (9t)
2046 4937 2356 5011 Petav.,De
2386 4940 2624 5011 doctrina
2655 4951 2891 5009 tempor.,
2914 4937 3007 4991 lib.
3031 4952 3089 5002 ll,
3113 4952 3232 5006 pag.
3262 4939 3355 4995 6|.

1911 5007 2019 5076 (95)
2046 5007 2293 5071 Bucher.,
2314 5009 2414 5061 loc.
2451 5010 2541 5062 cit.

192 5074 318 5147 pag.
345 5078 469 5132 570.
621 5147 629 5148 ί
717 5145 737 5148 Α
1073 5112 1079 5117 α
1173 5074 1179 5077 ’
1469 5074 1476 5078 ⁷
1525 5074 1540 5081 ’
1721 5074 1728 5080 ’
1909 5074 2145 5148 (96).!9.
2164 5076 2313 5130 Dom.
2340 5078 2596 5131 Cassinus
2625 5078 2676 5129 in
2700 5075 3163 5148 academiaﬁegia
3185 5074 3357 5148 Paris.

268 5148 382 5219 (88)
448 5147 655 5199 Anatol.
716 5145 881 5201 Laod.
927 5152 1113 5218 episc.,
1153 5149 1357 5219 prml'at.
1416 5149 1482 5203 ad
1537 5150 1737 5206 Canon-
1842 5145 2151 5203 anno’1696
2189 5148 2676 5219 animadversiones
2711 5160 2835 5219 suas
2893 5145 3363 5219 in_Hip_polyti§a-

190 5218 435 5281 paschal.
960 5213 974 5218 ’
1129 5213 1169 5275 ,’
1843 5232 2021 5270 nouem
2043 5231 2069 5266 e
2100 5217 2297 5281 scripto
2325 5216 2583 5275 recitavit,
2614 5216 2676 5265 de
2692 5213 2885 5280 quibus
2919 5215 3039 5268 vide
3070 5213 3224 5268 Joan.
3260 5214 3361 5267 Ba-

268 5266 633 5358 i_§9)ﬂb‘:t_t_scb.,
659 5284 752 5337 lib.
781 5300 833 5358 vi
980 5285 1068 5346 E.,
1099 5266 1214 5358 cap.
1249 5287 1337 5338 22.
1392 5336 1422 5358 λ

268 5352 417 5433 (90)”
439 5352 746 5423 Hieronym.
779 5355 833 5407 in
868 5353 1104 5433 Catalog.
1165 5356 1226 5406 de
1297 5352 1476 5423 script.
1521 5360 1700 5412 eccles.
1727 5400 1739 5423 ,

191 5422 695 5555 ωῗέίῗιῖὶιιεδετ..
737 5489 807 5544 De
853 5492 1017 5544 doctr.
1054 5500 1293 5559 tempor.,
1347 5508 1461 5558 par.
1518 5495 1645 5558 ΞΜ,
1689 5497 1740 5547 in

1840 5288 2052 5355 ptistam
2081 5284 2149 5355 du
2178 5284 2361 5337 Hamel
2391 5285 2443 5336 in
2490 5284 2660 5355 Regia;
2711 5284 3039 5355 scientiarum
3084 5285 3360 5355 academia:

1844 5350 2098 5413 Historia,
2134 5352 2225 5405 lib.
2286 5369 2355 5415 IV,
2412 5368 2525 5419 pag.
2566 5350 2666 5401 ML
2713 5364 2825 5417 seq.
2852 5350 3155 5419 iAdeundus
3197 5354 3356 5406 etiam

1844 5369 2098 5413 Historia,
2137 5369 2225 5405 ιιι).
2286 5369 2355 5415 ιν,
2445 5369 2525 5419 ag.
2566 5369 2666 5401 M4
2713 5369 2825 5417 seq.
2870 5369 3155 5408 nueunaus
3197 5369 3356 5406 etiam

1840 5422 2083 5475 Norisius
2114 5369 2441 5475 dissertaLE
2492 5419 2572 5488 De
2603 5418 2804 5488 epocltis
2836 5418 3357 5488 Syro-Macedonum,

1838 5508 1891 5558 ν.
1928 5489 2199 5549 M7-ll9;
2240 5491 2498 5558 Antonius
2542 5484 2833 5558 Pagi_Crit.
2856 5484 2895 5552 ;’⁷
2920 5492 3111 5546 Annal.
3146 5489 3358 5544 Baronii

192 5552 589 5627 commentario
622 5573 722 5613 suo
771 5561 837 5614 ad
892 5552 1163 5617 Cononem'
1192 5552 1487 5627 pasclioleni
1515 5552 1736 5617 Victorii
1839 5552 1902 5611 ad
1936 5560 2285 5627 annum‘222,
2320 5567 2371 5610 et
2390 5552 2638 5627 Samuel
2675 5552 2972 5627 Basnagius
3004 5562 3067 5613 ad
3116 5560 3357 5613 eumdem

192 5624 499 5697 Aquitani:
722 5696 727 5697 ν
1192 5622 1201 5627 ⁷
1839 5642 2071 5697 annum;
2129 5624 2616 5697 Samuel_Pet_itus;
2662 5622 2961 5697 Stephanus
2997 5630 3049 5681 le
3075 5630 3279 5697 Moyne,
3310 5634 3362 5679 et

270 5692 384 5763 (92)
439 5693 678 5763 Vignoi.,
719 5696 999 5751 Dissertat.
1038 5699 1103 5752 de
1145 5713 1287 5751 anno
1327 5714 1343 5750 1
1381 5699 1561 5754 Severi
1617 5700 1744 5753 Alea
1838 5696 2279 5763 praeclarissimus
2346 5693 2644 5763 Stephanus
2685 5761 2699 5763 ξ
2724 5692 2956 5749 Evodius
3035 5692 3359 5751 Asse'manus

194 5762 411 5833 sanciri,
436 5760 569 5833 pag.
613 5766 701 5819 94.
1840 5760 2267 5833 archiepiscopus
2299 5764 2565 5829 Apaviwze,
2680 5761 2991 5833 Praefatione
3036 5766 3263 5832 generali
3291 5766 3355 5821 ad

264 5828 375 5896 (95)
430 5828 714 5900 Scaligen,
773 5833 846 5887 Ds
892 5836 1147 5889 emendat.
1201 5846 1433 5905 tempor.,
1492 5838 1583 5891 lib.
1640 5848 1732 5897 \‘ll,
1839 5828 2559 5903 Cataloyuntcodicummss.
2592 5830 2907 5891 bibliothch
2944 5828 3221 5887 Vaticana:
