4104 6350
734 471 830 527 511

1700 481 1785 535 DE
1827 482 1984 536 VITA
2018 482 2104 537 ΕΤ
2141 458 2448 538 sculptis
2483 485 2538 538 s.
2582 472 2957 541 HIPPOLYTI.

3802 485 3906 537 512

733 589 1072 651 Blanchinius
1103 595 1239 662 (97),
1290 597 1576 652 luculenter
1609 600 1963 652 illustrarunt.
2013 599 2280 655 Hactenus
2310 607 2351 659 A
2381 569 2570 671 quarta
2592 603 2800 657 decima
2822 602 2948 656 luna
2971 598 3183 654 evenire
3209 598 3410 666 possit;
3439 597 3702 651 revolutio
3723 601 3911 651 δθχιιοο

735 681 976 738 cru‘ditus
1008 681 1308 754 Vignolius.

802 771 1152 830 Occasionem
1184 777 1452 832 scribendi
1484 777 1712 853 Canonis
1740 780 1852 835 sive
1898 781 2044 850 Cycli
2062 782 2279 848 pascha-

735 862 824 923 lis,
893 866 1078 932 judice
1135 866 1376 942 Basnage
1429 868 1571 934 (98),
1631 870 1719 922 cui
1771 869 2058 924 subscribit
2126 870 2276 924 Remi

730 953 947 1028 Geillier
981 956 1116 1025 (99),
1141 957 1366 1025 praebuit
1392 950 1448 1011 S.
1482 956 1765 1031 Hippolyto
1815 958 2287 1021 controversiain?

730 1055 813 1098 ter
839 1043 1130 1126 Ecclesias,
1180 1047 1246 1100 de
1295 1047 1383 1102 die
1417 1049 1738 1103 celebrandi
1769 1048 2049 1104 Paschalis
2095 1051 2184 1104 diu
2214 1067 2276 1104 ea

730 1132 1140 1207 attate'agitata,
1169 1139 1312 1205 quod
1335 1140 1462 1195 luna
1494 1140 1701 1206 decima
1730 1149 1923 1209 quarta
1973 1141 2194 1205 mensis,
2225 1141 2276 1193 in

737 1244 1113 1297 quemcunque
1139 1231 1353 1285 demum
1407 1230 1758 1285 hebdomadis
1802 1231 1943 1284 diem
1999 1231 2275 1294 incideret,

730 1329 880 1374 more
930 1312 1152 1371 Iudaico
1201 1316 1386 1370 Asiani
1441 1317 1829 1371 celebrabant:
1886 1333 2007 1372 cum
2061 1331 2275 1374 econtra

731 1399 923 1457 Latina
953 1402 1192 1460 Ecclesia
1220 1421 1343 1460 cum
1383 1405 1503 1460 aliis
1551 1407 1804 1461 omnibus
1846 1405 2102 1462 Ecclesiis
2135 1408 2272 1462 diem

728 1490 1068 1547 Dominicum‘
1095 1494 1260 1548 fixum
1286 1483 1564 1560 haberem.

799 1581 1066 1638 Caeterum
1102 1585 1239 1639 bene
1275 1586 1563 1641 observant
1619 1585 1849 1641 Maurini
1897 1587 2088 1652 nostri,
2133 1588 2274 1642 hunc

726 1675 936 1743 cyclum
962 1675 1232 1731 sexdecim
1261 1691 1523 1731 annorum
1555 1687 1758 1746 partem
1789 1685 2113 1731 constituere
2140 1678 2273 1731 (1υο-

697 1797 708 1811 ,ι
729 1780 848 1818 rum
893 1766 975 1820 vel
1006 1767 1166 1821 trium
1220 1768 1447 1822 aliorum
1474 1769 1878 1838 cpusculorum
1920 1765 1976 1818 S.
2010 1765 2272 1840 Hippolyti

726 1853 793 1908 de
814 1852 1074 1909 Paschate
1123 1855 1223 1924 (I),
1271 1857 1338 1912 de
1387 1857 1586 1925 quibus
1631 1857 1790 1925 paulo
1832 1855 2056 1910 inferius
2097 1874 2273 1912 sermo

2380 694 2485 746 cim
2517 709 2781 748 annorum
2818 692 3013 760 septies
3070 692 3122 743 in
3158 704 3216 743 se
3265 690 3444 751 ducta,
3488 689 3808 743 determinat
3836 687 3914 740 fe-

2379 793 2522 838 stum
2556 783 2835 838 Pascliatis
2868 799 2977 852 pro
3007 793 3218 837 centum
3249 791 3304 836 et
3346 781 3624 836 duodecim
3650 781 3829 841 annis,
3861 778 3911 831 id

2380 884 2463 926 est
2495 889 2526 928 a
2571 875 2743 942 ptimo
2772 863 2914 927 anno
2941 873 3226 927 Alexandri
3282 871 3486 935 Severi,
3523 872 3614 939 qui
3665 871 3916 935 congruit

2377 981 2499 1018 cum
2533 980 2677 1020 anno
2699 965 2804 1018 222
2828 963 2956 1018 Jesu
3001 965 3220 1029 Christi,
3254 979 3425 1032 usque
3454 964 3519 1017 ad
3539 976 3751 1016 annum
3787 958 3909 1013 355.

2377 1054 2452 1108 Ex
2485 1057 2642 1110 titulo
2685 1057 2908 1110 exordio
2981 1054 3127 1125 Cycli
3177 1054 3438 1125 paschalis
3495 1052 3712 1121 praefixo
3763 1060 3914 1103 extra

2377 1147 2729 1201 dubitationis
2753 1146 2922 1200 aleam
2952 1157 3170 1214 ponitur
3198 1146 3409 1200 initium
3443 1130 3650 1211 imperii
3676 1142 3913 1194 Alexan-

2375 1234 2456 1288 dri
2503 1233 2686 1287 Severi
2737 1249 2880 1287 almo
2927 1234 3054 1296 222,
3102 1251 3167 1288 ex
3203 1251 3311 1305 quo
3354 1233 3727 1302 potentissimo
3752 1245 3918 1298 argu-

2376 1332 2553 1375 mento
2586 1320 2802 1376 Baronii
2859 1322 3212 1392 cbronologia
3252 1332 3306 1377 et
3353 1319 3619 1389 Onuphrii
3654 1318 3919 1371 refellitur
3970 1386 3975 1390 _

2375 1423 2534 1481 atque
2565 1413 2874 1481 corrigitur.
2927 1412 3019 1468 Ille
3069 1429 3190 1467 cum
3235 1429 3377 1467 anno
3423 1411 3635 1466 Domini
3669 1410 3793 1473 224,
3827 1406 3918 1460 hic

2374 1518 2494 1555 cum
2522 1502 2627 1556 223
2655 1505 2888 1571 primum
2932 1503 3220 1557 Alexandri
3255 1503 3502 1611 copulat.
3531 1500 3648 1554 Jam
3679 1513 3806 1552 vero
3860 1497 3914 1550 in

2374 1589 2548 1656 primo
2603 1591 2892 1645 Alexandri
2951 1588 3303 1659 imperatoris‘
3331 1607 3495 1655 anno,
3523 1590 3722 1658 Aprilis
3767 1588 3918 1642 deci-

2375 1696 2494 1734 mus
2535 1684 2724 1736 tertius
2758 1681 2906 1736 feria
2952 1697 3028 1734 vit
3072 1684 3392 1747 cohaerebat,
3445 1691 3581 1735 teste
3639 1677 3916 1749 Hippolyti

2375 1767 2604 1829 Conone,
2645 1785 2806 1833 quam
2842 1770 3040 1826 frustra
3073 1773 3259 1826 feriam
3302 1774 3594 1839 quaerimus
3627 1784 3770 1824 anno
3801 1771 3918 1824 sive

2373 1859 2497 1924 225,
2528 1861 2640 1914 sive
2663 1861 2786 1915 ‘22I.
2821 1864 2947 1917 Idus
2997 1863 3202 1930 Apriles
3245 1864 3297 1916 in
3333 1865 3563 1932 primam
3612 1859 3799 1917 feriam
3836 1861 3918 1913 in-

726 1943 940 2000 redibit.
968 1945 1045 1999 Ex
1076 1945 1294 2002 Eusebii
1331 1924 1547 2017 quoque
1577 1924 1754 2002 verbis
1784 1951 2134 2016 sequentibus
2157 1949 2267 2015 (2):
2306 1924 2343 1977 Β
2373 1951 2557 2004 cidunt
2590 1966 2731 2005 anno
2769 1952 2891 2020 225,
2923 1924 3056 2022 quia
3078 1953 3253 2006 littera
3281 1924 3632 2007 Dominicalis
3664 1950 3728 2016 E,
3777 1966 3912 2020 epa-

727 2035 924 2089 Eodem
954 2046 1178 2105 tempore
1197 2045 1246 2090 et
1280 2034 1599 2106 Hippolytus
1629 2037 1765 2090 inter
1797 2037 2025 2104 plurima
2047 2039 2156 2090 alia
2188 2041 2269 2091 in—

724 2129 862 2198 genii
897 2130 977 2181 sui
1009 2138 1340 2182 monumenta
1380 2129 1571 2184 librum
1612 2129 1675 2183 de
1701 2129 1910 2184 Pascha
1945 2132 2268 2199 composuit;

725 2221 779 2273 in
807 2236 908 2290 quo
935 2230 1222 2287 temporum
1242 2221 1426 2275 seriem
1465 2217 1778 2284 describens,
1809 2238 2057 2274 canonem
2099 2239 2271 2291 quem-

724 2312 848 2384 dam
898 2310 1193 2378 pascltalem
1243 2311 1336 2378 per
1381 2313 1638 2366 sexdecim
1689 2327 1946 2364 annorum
1993 2312 2270 2364 circuitum

723 2401 987 2466 exhibens,
1013 2417 1149 2454 anno
1171 2402 1339 2468 primo
1393 2402 1719 2470 imperatoris
1748 2400 2035 2455 Alexandri
2061 2417 2271 2469 compu-

727 2491 973 2544 tationem
1003 2499 1288 2557 temporum
1318 2491 1695 2544 circumscribit
1723 2505 1740 2553 ;
1790 2490 1900 2558 jam
1931 2489 2144 2555 collegit
2175 2490 2272 2541 do-

728 2581 1009 2634 ctissimus
1038 2575 1339 2634 Fabricius
1391 2580 1491 2650 (5),
1557 2579 1681 2633 inde
1724 2594 1982 2648 apparere
2008 2579 2269 2632 (Iunonem

727 2675 874 2728 hunc
903 2672 1073 2728 fuisse
1099 2672 1397 2727 clausulam
1454 2672 1631 2741 operis
1671 2669 1746 2724 De
1773 2669 2048 2734 Paschate,
2084 2672 2134 2723 in
2162 2685 2272 2739 quo

725 2775 967 2834 tempora
1003 2763 1323 2836 Hippalytus
1370 2763 1667 2834 digesserat
1710 2778 1881 2831 usque
1933 2763 1997 2816 ad
2036 2762 2268 2832 primum

724 2855 1262 2910 AlexandrioSeveri
1292 2870 1538 2917 annum,
1593 2873 1622 2908 a
1677 2869 1786 2923 quo
1831 2855 2008 2908 Conon
2063 2853 2267 2922 incipit.

722 2947 866 3002 Idem
895 2948 952 3002 S.
988 2947 1254 3017 Ilippolyti
1282 2947 1487 3017 cyclus,
1538 2954 1674 3001 teste
1707 2944 1770 2998 D.
1818 2943 2140 3014 Hieronymo
2171 2943 2268 3013 (ι),

723 3031 1065 3095 occasionem
1126 3039 1353 3109 prtebuit
1401 3038 1632 3093 Eusebio
1688 3037 1852 3090 alium
1908 3036 2269 3090 novemdecim

723 3147 988 3187 annorum
1013 3130 1348 3186 conﬁciendi.
1376 3128 1658 3182 Anatolius
1703 3125 2037 3179 Laodiceuus
2067 3126 2273 3194 episw—

2370 2051 2453 2095 cta
2481 2042 2671 2096 solaris
2694 2043 2757 2109 ὅς
2786 2058 2928 2098 anno
2947 2058 3074 2098 vero
3094 2044 3220 2108 224,
3244 2045 3334 2113 qui
3357 2054 3441 2100 est
3459 2044 3768 2108 bissextilis,
3788 2041 3916 2096 Idus

2368 2133 2598 2200 Apriles,
2619 2133 2683 2186 ad
2716 2134 2902 2187 feriam
2953 2135 3162 2188 tertiam
3208 2137 3494 2204 pertinent,
3517 2135 3836 2207 jubentibus
3863 2145 3921 2186 et

2371 2224 2562 2278 litteris
2595 2223 3016 2279 Dotninicalibus
3042 2224 3105 2288 D,
3140 2225 3203 2292 Ο,
3226 2236 3279 2280 et
3304 2230 3505 2297 epactis
3546 2228 3818 2282 solaribus
3861 2226 3915 2288 4,

2453 2313 2519 2367 Et
2551 2328 2680 2382 sane
2703 2313 2761 2367 S.
2787 2312 3105 2384 Hippolytus
3141 2316 3345 2379 scribit.
3389 2317 3533 2385 quod
3565 2317 3741 2386 primo
3770 2331 3920 2368 anno

2371 2405 2582 2474 imperii
2612 2407 2900 2460 Alexandri
2935 2407 3061 2461 luna
3120 2407 3328 2462 decima
3362 2412 3550 2477 Quarta
3572 2410 3640 2462 'in
3675 2406 3920 2464 Sabbato

2369 2497 2672 2567 contigerit,
2707 2498 2799 2566 qui
2824 2497 2926 2551 fuit
2954 2498 3078 2554 Idus
3125 2498 3410 2566 Aprilium,
3455 2498 3504 2552 id
3548 2508 3630 2554 est
3667 2500 3920 2554 decimus

2369 2590 2556 2643 tertius
2582 2589 2783 2643 mensis
2805 2588 3004 2658 Aprilis
3030 2588 3127 2656 (8).
3157 2588 3273 2642 Jam
3298 2605 3425 2644 vero
3447 2599 3648 2644 certum
3682 2600 3767 2644 est
3788 2590 3920 2644 Idus

2368 2679 2653 2746 Aprilium,
2687 2696 2779 2735 seu
2817 2679 3086 2734 decimum
3122 2683 3338 2733 tertium
3375 2680 3534 2748 hujus
3568 2681 3772 2734 mensis
3803 2695 3916 2732 non

2369 2769 2625 2826 incidisse
2657 2772 2710 2823 in
2741 2768 3036 2823 Sabbatum
3069 2769 3171 2822 nisi
3207 2771 3364 2824 annis
3411 2770 3539 2834 216,
3566 2770 3674 2825 222
3699 2778 3756 2822 et
3781 2769 3916 2822 251.

2368 2858 2661 2914 Observatu
2705 2860 2778 2918 ita
2831 2859 3052 2927 dignum
3114 2868 3197 2912 est
3254 2859 3306 2912 in
3357 2861 3460 2917 hac
3519 2860 3915 2926 inscriptione:

2371 2953 2423 3006 I°
2452 2952 2598 3022 quod
2647 2950 2704 3005 S.
2754 2935 3070 3020 Hippolytus
3126 2950 3298 3019 primo
3356 2961 3477 3019 post
3527 2951 3806 3005 Paschatis
3839 2949 3918 3004 fe-

2370 3054 2512 3098 stum
2546 3042 2776 3112 primum
2809 3041 3083 3111 regiminis
3110 3041 3400 3109 Alexandri
3461 3042 3678 3096 inchoet
3710 3055 3915 3095 annum

2372 3137 2446 3208 (9)
2474 3155 2488 3200 ;
2531 3135 2586 3189 2°
2611 3137 2754 3204 quod
2789 3133 2889 3188 hoc
2912 3149 3054 3188 anno
3081 3133 3280 3187 mensis
3324 3133 3522 3202 Aprilis
3556 3132 3723 3188 fuerit
3745 3133 3913 3186 inter-

722 3239 826 3290 INS
856 3223 912 3277 in
949 3219 1138 3292 Syria.
1188 3221 1281 3289 qni
1337 3219 1584 3273 eumdem
1642 3218 1848 3288 Cyelum
1901 3215 2267 3288 ΠῙΡΡΟΙΥιθυῐη
2297 3244 2338 3300 c
2371 3229 2566 3284 calaris
2623 3226 2774 3294 (l0);
2840 3225 2896 3278 5°
2945 3226 3088 3294 quod
3135 3226 3310 3292 linem~
3335 3225 3598 3294 jejunium
3663 3226 3916 3293 paschale

723 3312 954 3375 viderat,
979 3310 1176 3365 fatetur
1204 3309 1346 3378 quod
1380 3307 1438 3364 S.
1469 3307 1787 3378 Hippolytus
1815 3322 1922 3360 non
1970 3319 2142 3363 certas
2173 3325 2270 3378 pro

723 3402 1134 3458 determinaudo
1187 3399 1452 3456 Paschate
1502 3399 1717 3469 regulas
1755 3397 2036 3453 tradiderit
2086 3399 2182 3466 (5).
2211 3399 2266 3453 8.
2310 3411 2315 3415 ‘

727 3495 965 3549 Isidorus
987 3492 1318 3562 Hispalensis
1343 3491 1631 3562 episcopus
1655 3490 1729 3544 ait
1751 3489 1826 3561 (6)
1850 3489 2082 3559 primum
2109 3489 2272 3544 fuisse

727 3585 783 3641 S.
826 3586 1179 3657 Hippolytum
1239 3592 1506 3648 nostrum,
1563 3581 1657 3651 qui
1701 3581 1908 3651 cyclum
1965 3580 2269 3649 paschalem

725 3676 1052 3741 confecerit;
1077 3686 1258 3745 atque,
1278 3674 1459 3743 judice
1495 3672 1897 3742 sapientissimo
1921 3679 1973 3724 et
2003 3667 2274 3724 indefesso
2299 3727 2301 3730 ,

727 3768 1067 3836 antiquitatis
1093 3774 1393 3822 scrutatore
1423 3764 1782 3830 Tillemontio,
1804 3762 2152 3832 Hippolyteus
2179 3775 2272 3830 cy-

728 3859 846 3913 rlus
876 3859 1117 3915 omnium
1145 3857 1548 3912 vetustissimus
1579 3859 1802 3913 habetur
1827 3857 1925 3926 (7).

1031 3947 1058 4019 ς
1087 3947 1150 4002 II.
1209 3947 1451 4016 Analysis
1481 3947 1626 4016 Cycli
1656 3946 1972 4018 Ilippolytei.

802 4039 856 4091 lu
890 4039 1028 4092 duas
1069 4046 1250 4109 partes
1298 4037 1504 4093 divisus
1545 4046 1629 4091 est
1691 4037 1877 4108 Cyclus
1919 4035 2181 4107 paschalis
2214 4034 2269 4088 S.

733 4129 1020 4201 Ilippolyti.
1060 4129 1115 4184 In
1165 4130 1336 4200 prima
1382 4137 1534 4198 parte
1566 4138 1785 4184 sanctus
1840 4129 2156 4200 Hippolytus
2188 4129 2277 4181 de-

731 4217 926 4284 signat,
957 4217 1010 4270 in
1039 4217 1237 4287 quibus
1281 4215 1471 4272 diebus
1497 4214 1762 4276 mensium
1795 4215 1970 4271 Martii
1998 4226 2052 4272 et
2073 4217 2274 4286 Aprilis

801 4450 1255 4521 (97)ABlancbin.,
1284 4451 1540 4517 Dialriba,
1563 4466 1670 4520 qua
1699 4448 2272 4521 Cononempaschalem

732 4519 877 4600 hunc
899 4519 1185 4600 iscaligero
1232 4530 1286 4576 et
1314 4519 2173 4600 Puclterioininus.ipteiiectum

2373 3320 2620 3374 habuerit
2649 3317 2927 3371 Dominica
2956 3315 3044 3369 die
3068 3315 3347 3372 Paschatis
3374 3317 3485 3388 (ll)
3512 3335 3527 3382 ;
3558 3317 3614 3370 4ο
3655 3317 3802 3394 quod
3833 3331 3919 3386 cy-

2370 3410 2792 3482 cluslpaschalis
2827 3408 2884 3462 S.
2943 3405 3208 3477 Hippolyti
3245 3425 3349 3461 non
3396 3410 3466 3462 sit
3513 3410 3728 3478 penitus
3770 3410 3919 3464 illius

2372 3503 2682 3566 inventum,
2743 3500 2835 3556 sed
2895 3498 3038 3569 quod
3092 3508 3346 3566 sequatur
3394 3501 3583 3567 praxin
3621 3499 3736 3569 jam
3793 3509 3920 3554 ante

2374 3595 2546 3663 ipsum
2579 3593 2867 3647 stabilitam
2901 3591 3031 3660 (I2).

2443 3682 2500 3736 In
2540 3684 2770 3737 secunda
2815 3690 2965 3751 parte
3007 3678 3205 3732 iudicat
3252 3678 3366 3732 dies
3399 3679 3595 3746 quibus
3631 3679 3920 3732 celebran-

2373 3773 2501 3826 dum
2549 3782 2631 3826 est
2679 3769 3068 3827 Pascha..Hoc
3099 3767 3294 3823 festum
3339 3783 3550 3836 semper
3585 3777 3804 3821 notatur
3833 3770 3922 3822 die

2293 3876 2296 3879 '
2379 3867 2673 3922 Dominica.
2707 3865 2930 3931 Quando
2975 3865 3108 3918 luna
3148 3863 3355 3915 decima
3395 3870 3585 3928 quarta
3631 3861 3820 3914 incidit
3868 3862 3920 3914 in

2378 3957 2689 4020 Sabbatum,
2731 3954 2934 4010 Pascha
2975 3953 3348 4008 celebrandum
3379 3967 3484 4004 non
3524 3960 3604 4005 est
3640 3950 3920 4004 Dominica

2377 4046 2639 4117 sequenti,
2676 4060 2794 4113 qua:
2817 4054 2897 4099 est
2923 4045 3131 4099 decima
3160 4043 3345 4113 quinta
3372 4042 3530 4106 lunae,
3556 4041 3648 4096 sed
3683 4042 3921 4096 transfe-

2377 4138 2602 4192 rendum
2632 4143 2714 4189 est
2741 4133 2807 4186 ad
2833 4132 3163 4188 Dominicam
3194 4143 3315 4202 post
3342 4137 3498 4198 hanc,
3529 4132 3580 4186 id
3607 4140 3709 4194 est,
3738 4131 3805 4184 ad
3837 4121 3933 4181 vi-'

2376 4230 2629 4286 cesimam
2658 4226 2942 4283 secundam
2969 4226 3110 4281 luum
3133 4225 3294 4281 diem.
3326 4224 3480 4278 Ratio
3503 4221 3662 4299 hujus
3690 4233 3922 4290 praxeos

2447 4449 2522 4515 (6)
2577 4467 2594 4498 ι
2627 4414 3200 4515 Paschalem_(_.’yclum
3262 4443 3576 4515 Hippolytus
3632 4439 3923 4515 episcopus

2382 4509 2711 4587 temporibus
2733 4509 3388 4587 Alexandriimperatoris
3445 4509 3649 4587 primus
3674 4509 3922 4587 conseri-

733 4565 1286 4661 ῑὶὶὲῖἷειῖἶεῖἰξῖἑὲίξρξῖ
1314 4565 2173 4661 est;'eqs;'fi:.i.[.;i;“i~i1;.1:.';
2209 4565 2274 4641 ii.
2309 4565 2351 4616 ο
2381 4565 2786 4661 ᾖδ’ίὲιξιῇξῖιῖὸτη
2808 4583 3002 4661 ηιίδκχι
3077 4565 3522 4661 ρῖτίθὶηυιιι.ι.οᾶρρ
3553 4579 3665 4661 16L
3673 4585 3796 4661 pag.
3826 4576 3917 4629 77.

733 4663 813 4715 Iiri
863 4672 983 4718 est:
1033 4659 1111 4729 De
1163 4658 1472 4729 Calendario
1515 4669 1565 4715 et
1607 4659 1763 4729 Cyclo
1805 4657 2055 4729 Caesaris,
2105 4673 2167 4729 ac
2215 4660 2279 4710 de

737 4731 984 4784 Paschali
1015 4727 1222 4783 Catiane
1255 4727 1312 4780 S.
1342 4728 1610 4798 Hippolyti
1629 4725 1874 4798 martyris
1891 4725 2278 4798 dissertationes

732 4800 871 4862 date,
912 4803 980 4853 ad
1011 4798 1320 4852 Clementem
1353 4796 1432 4849 XI
1450 4796 2098 4866 ‘pontiﬁcem‘maximum.

808 4869 1202 4992 (ngsliasnagw
1254 4863 1638 4935 Annalﬁpolit.
1687 4869 1836 4932 eccl.,
1888 4866 1954 4920 ad
1984 4882 2112 4941 auu.
2142 4863 2270 4926 222,

808 4959 854 4992 ιι.
999 4979 1013 4992 ι
1175 4966 1184 4973 ·
1700 4984 1702 4986 .

738 4952 854 5003 pag.
890 4944 1013 4992 ‘28‘5.
1175 4966 1184 4973 -
1411 5001 1442 5003 ὦ
1700 4984 1702 4986 ,

739 4959 1103 5122 illis???)
1121 5004 1357 5070 Ceillier,
1393 5001 1534 5056 Hist.
1561 4984 1731 5071 θέηέέ·
1759 5006 1848 5059 άεε
1871 5015 2105 5070 ανίθ¹”³’
2148 5011 2275 5056 ί⁰¹¹¹⁶

786 5117 802 5122 ,γ
854 5093 967 5122 11211-
1000 5111 1012 5122 ι
1109 5117 1122 5122 ·

786 5117 802 5134 -,
854 5093 968 5141 pag.
1000 5077 1122 5129 352.

854 5093 968 5144 pag.
1000 5093 1122 5129 θοι.

810 5145 1078 5266 (Italian.
1136 5145 1243 5198 litt.
1282 5141 1347 5197 de
1391 5144 1446 5196 la
1497 5139 1721 5204 France,
1783 5154 1913 5198 tom.
1962 5142 2005 5204 I,
2059 5153 2200 5211 part.
2239 5156 2275 5201 ι,

739 5227 860 5280 pag.
893 5215 1013 5267 566.

811 5255 1136 5350 (2)vHuseh.,
1174 5282 1245 5336 ιι.
1286 5281 1372 5346 E.,
1397 5282 1590 5350 no.3».
1616 5292 1737 5344 cap.
1763 5278 1850 5331 22.

812 5346 887 5419 (5)
923 5350 1157 5412 Fabric.,
1187 5352 1437 5404 Biblioth.
1483 5347 1675 5409 Grtec.,
1704 5356 1828 5398 tom.
1854 5346 1935 5419 _V,
1971 5365 2088 5418 pag.
2115 5347 2239 5402 205.

813 5417 890 5487 (4)
927 5419 1233 5487 Ilieronym.
1283 5424 1336 5474 in
1390 5421 1655 5486 Catalog.,
1691 5430 1808 5482 cap.
1843 5417 1930 5469 6|.

814 5491 890 5560 (5)
930 5507 947 5538 ε
972 5486 1028 5560 _E
1057 5486 1253 5560 quibus
1297 5489 1607 5560 Hippolytus
1643 5501 1727 5538 xvi
1780 5501 2040 5560 annorum
2097 5487 2278 5560 circu-

741 5555 852 5613 Iutu
872 5555 1192 5628 quibusdam
1229 5555 1379 5612 luna!
1403 5555 1614 5628 ignotis
1649 5555 1904 5608 cursibus
1951 5558 2274 5628 composuit.

744 5629 847 5683 Alii
890 5626 1016 5688 m,
1051 5626 1139 5678 alii
1174 5641 1299 5688 xsx,
1353 5626 1591 5681 nonnulli
1646 5639 1840 5678 Lxxxlv
1877 5638 2136 5674 anuorum
2175 5627 2280 5675 cir-

744 5700 923 5752 culum
964 5703 1358 5762 computantes,
1411 5711 1685 5764 nunquam
1734 5693 1799 5746 ad
1845 5705 2038 5764 vei-aui
2065 5692 2279 5764 I'asclue

747 5761 1099 5836 computandi
1121 5766 1377 5836 rationem
1405 5761 1810 5833 pervenerunt.»
1832 5761 2110 5815 Anatolius
2138 5763 2276 5828 apud

744 5833 998 5902 BttClICf-,
1027 5849 1145 5905 pag.
1177 5833 1300 5887 459.

2449 4659 2524 4726 (7)
2551 4655 2836 4711 Tilletuout
2865 4650 3164 4726 ,_Mémoir._,
3199 4649 3428 4726 toniJll,
3465 4649 3740 4726 pag.__lll§i.

2449 4715 2523 4797 (8)
2551 4744 2596 4797 ξ(
2627 4727 2783 4777 Anno
2831 4715 3008 4797 primo
3055 4719 3327 4797 regiminis
3357 4715 3644 4797 Alexandri
3695 4717 3924 4797 imper-a-

2378 4784 2517 4850 tor‘is'
2545 4795 2681 4847 facta
2726 4801 2808 4845 est
2833 4784 3189 4844 'xtv'Pasclite
3223 4787 3399 4841 Idibus
3458 4787 3751 4854 Aprilibus,
3782 4784 3922 4836 Sab—

2379 4868 2523 4929 bato,
2547 4880 2667 4917 cum
2698 4860 2899 4915 mensis
2929 4859 3307 4929 embolymacus
3329 4856 3532 4929 fuisset.
3553 4854 3666 4908 Erit
3691 4867 3921 4929 sequen-

2380 4921 2524 4988 tibus
2557 4934 2732 4994 annis,
2757 4933 2896 4984 sicut
2923 4931 2975 4981 in
3018 4921 3197 4980 tabula
3232 4926 3529 4994 subjectqu
3586 4933 3686 4977 est.
3723 4921 3918 4974 Evenit

2377 5019 2505 5057 vero
2533 5002 2587 5052 iu
2622 5000 2923 5067 prmteritis,
2951 4999 3088 5052 sicut
3115 4995 3415 5067 iudicatum
3438 5004 3553 5067 est;
3579 4995 3783 5067 solvere
3814 5005 3922 5067 ati-

2380 5084 2483 5124 lem
2517 5058 2723 5134 oportet
2762 5058 3047 5135 jejunium,
3096 5066 3182 5117 ubi
3211 5064 3482 5116 Dominica
3529 5061 3823 5116 inciderit.»
3861 5058 3919 5110 S.

2380 5085 2483 5124 lem
2517 5085 2723 5134 oportet
2762 5085 2813 5135 μ’
2842 5085 3047 5128 1111111111,
3096 5085 3182 5117 uvt
3211 5085 3482 5116 uonttmca
3529 5085 3808 5116 ιησιαεηιη

2380 5141 2696 5208 Hippolytus
2731 5139 2781 5189 iu
2805 5085 3012 5192 datume
3038 5135 3292 5208 paschali.
3321 5201 3364 5208 Δ.
3527 5200 3538 5208 _
3576 5200 3586 5208 _
3633 5197 3645 5208 .
3680 5207 3685 5208 γ
3804 5171 3808 5174 .

2445 5200 2520 5276 (9)
2565 5200 2593 5256 ε’
2623 5208 2776 5259 Anno
2802 5207 2972 5276 primo
2996 5200 3269 5276 regiuiinis
3306 5200 3591 5276 Alexandri
3618 5200 3921 5276 imperato.

2378 5267 2611 5331 ris‘faeta
2637 5285 2717 5327 est
2763 5267 2850 5326 xiv
2893 5267 3112 5327 Pasch'te
3137 5272 3318 5326 Idibus
3363 5271 3529 5337 April.
3565 5285 3584 5317 1
3618 5268 3760 5337 Ideni
3787 5267 3921 5319 ibid.

2449 5343 2881 5464 (10).g.S‘abbato,
2904 5359 3024 5397 cum
3046 5342 3243 5396 mensis
3258 5332 3638 5408 embolymaeus
3662 5332 3868 5388 fuisset.
3896 5353 3916 5386 ι

2449 5431 2520 5464 3m
2559 5430 2573 5464 Ι
2617 5430 2652 5464 1(
2675 5451 2686 5462 .

2378 5415 2520 5468 Idem
2559 5414 2686 5466 ibid.

2447 5485 2556 5553 (ll)
2604 5500 2628 5553 ε
2661 5480 2877 5553 Solvere
2907 5491 3083 5553 autem
3123 5487 3330 5553 oportet
3371 5472 3656 5542 jejunium,
3695 5470 3782 5524 ubi
3812 5470 3924 5524 Do-

2379 5549 2574 5606 minica
2605 5550 2868 5602 inciderit.
2907 5550 3099 5614 iidem
3127 5549 3256 5600 ibid.

2450 5622 2560 5688 (I2)
2592 5637 2609 5670 t
2659 5617 2773 5669 Erit
2829 5611 3176 5684 sequentibus
3204 5615 3402 5688 anuis,
3449 5612 3590 5688 sicut
3633 5613 3685 5688 i_u
3737 5609 3925 5688 tabula

2378 5681 2671 5759 subjectum
2693 5696 2814 5759 est;
2837 5681 3010 5759 evenit
3031 5701 3167 5759 _vero
3204 5685 3256 5737 in
3293 5683 3589 5752 praeteritis,
3619 5684 3754 5737 sicut
3781 5681 3927 5734 iudi-

2377 5755 2555 5818 catum
2579 5768 2679 5814 est.
2718 5775 2738 5809 s
2768 5755 2909 5810 Idem
2940 5755 3068 5808 ibid.
