4104 6350
223 423 334 475 515

1208 426 1293 480 DE
1332 425 1490 480 VITA
1529 427 1617 481 ET
1655 426 1959 482 SCRIPTIS
1994 429 2052 483 S.
2093 426 2468 481 HlPPOLYTI.

3313 424 3418 478 3N

220 547 326 602 est,
352 538 477 607 quia
529 537 586 591 S.
636 516 971 611 Hippolytus,
1019 542 1468 610 quemadmodum
1503 522 1557 598 et
1582 544 1779 608 Latini,
1811 554 1855 606 Α
1880 546 2165 625 explicatio
2196 545 2260 597 ad
2301 552 2532 596 mentem
2574 542 2631 595 S.
2674 540 2940 610 Hippolyti
2970 557 3110 611 aegre
3138 546 3421 612 cognosri°
3503 603 3505 605 _

222 644 330 681 non
363 628 650 683 voluerunt
679 638 738 682 ut
775 629 979 684 Pascha
1008 646 1073 685 eo
1121 633 1208 685 die
1257 642 1511 701 ageretur
1529 650 1637 702 quo
1672 634 1777 687 Do-

222 718 404 770 minus
428 726 614 771 noster
635 720 928 773 cruciﬁxus
966 720 1082 775 fuit.
1116 719 1406 775 Christiani
1436 724 1776 777 Alexandrini

220 807 388 859 alium
433 808 804 878 sequebantur
832 811 1130 873 calculum,
1171 812 1221 864 hi
1256 813 1396 865 enim
1440 813 1779 868 celebrabant

218 895 429 951 Pascha
474 913 505 951 a
544 899 753 952 decima
780 901 964 968 quinta
1010 902 1167 966 luna;
1213 917 1335 955 cum
1373 913 1590 957 econtra
1626 904 1777 972 juxta

220 988 431 1055 cyclum
471 986 528 1041 S.
559 978 827 1059 Hippolyti
855 998 904 1042 et
941 978 1159 1044 Victorii
1192 992 1303 1062 (15)
1342 994 1553 1046 nonnisi
1580 1007 1608 1046 a
1637 994 1778 1047 deci-

218 1093 307 1132 ma
333 1087 485 1131 sexta
528 1079 907 1136 celebrandum
959 1090 1123 1134 esset.
1176 1080 1479 1136 Notandum
1536 1083 1775 1151 insuper,

209 1170 361 1236 quod
391 1169 550 1237 juxta
572 1172 819 1223 eumdem
852 1170 995 1224 hunc
1031 1173 1239 1240 cyclum
1274 1162 1482 1227 Pascha
1527 1174 1777 1228 omnibus

154 1324 157 1325 7
220 1257 579 1312 Dominicisa
627 1260 833 1313 decima
881 1260 1036 1314 tertia
1085 1260 1441 1315 Kalendarum
1492 1262 1775 1330 Aprilium,

221 1362 310 1401 seu
336 1363 367 1400 a
402 1348 660 1401 vicesima
692 1346 867 1401 Martii
897 1364 1071 1419 usque
1099 1350 1165 1404 ad
1196 1351 1533 1404 undecimam
1575 1350 1775 1404 Kalen-

220 1436 409 1490 darum
453 1436 602 1498 Maii,
634 1452 729 1490 seu
764 1438 1079 1491 vicesimam
1121 1439 1320 1507 Aprilis
1360 1440 1620 1493 celebrari
1658 1454 1780 1507 pos-

224 1537 315 1581 set.
348 1526 482 1582 Inde
512 1528 785 1595 colligitur
812 1528 869 1581 S.
897 1526 1234 1597 Hippolytum
1254 1529 1653 1596 aequinoctium,
1683 1542 1776 1581 seu

226 1619 349 1673 solis
377 1620 432 1671 in
463 1619 700 1672 Arietem
744 1620 1044 1689 ingressum
1076 1634 1181 1673 non
1208 1634 1330 1672 cum
1364 1635 1454 1673 xxi
1490 1619 1686 1685 Martii,
1722 1629 1780 1672 ut

220 1708 422 1764 Nicazni
452 1708 663 1774 Patres,
695 1725 869 1778 neque
895 1726 1017 1765 cum
1056 1723 1188 1773 χιιι,
1222 1723 1279 1765 ιιι
1301 1711 1498 1778 passim
1528 1710 1782 1765 Anatolio

221 1802 497 1864 tribuunt;
522 1801 615 1855 sed
646 1815 771 1852 cum
808 1816 943 1854 xvm
973 1800 1148 1855 Martii
1174 1804 1517 1868 comparasse
1544 1816 1609 1854 ex
1636 1816 1770 1853 non-

1877 647 1983 703 tur,
2018 652 2162 699 cum,
2192 636 2267 690 uti
2292 636 2494 690 dictum
2541 634 2660 698 fuit,
2706 643 2980 697 tractatus,
3030 649 3187 702 quem
3231 636 3295 687 de
3334 635 3423 688 illo
3481 707 3483 709 ι

1878 729 1990 797 ipse
2019 729 2280 793 exaravit,
2334 728 2644 797 deperditus
2686 728 2817 793 luit;
2870 729 2988 783 ideo
3030 727 3183 780 multi
3228 729 3423 781 eruditi

1878 818 1998 881 viri,
2026 818 2102 871 uti
2136 817 2395 886 Scaliger,
2439 815 2711 883 Petavius,
2758 816 3072 880 Bucherius,
3122 814 3421 883 Vignolius.

1877 910 1926 961 le
1954 908 2198 979 Moynius
2228 919 2282 963 et
2317 908 2684 975 Blanchinius,
2719 910 2770 961 in
2802 910 2894 963 illo
2928 908 3242 977 explicando
3275 908 3426 961 labo-

1877 1012 2084 1065 rarum,
2105 1017 2332 1071 quorum
2367 1003 2565 1069 scripta
2593 1011 2644 1055 et
2677 1012 2834 1056 notas
2869 1002 3117 1055 Albcrtus
3144 999 3424 1053 Fabricius

1877 1093 2185 1148 collectioni
2233 1107 2454 1161 operum
2504 1091 2673 1145 sancti
2721 1091 2986 1160 Hippolyti
3040 1090 3285 1143 inseruit.
3321 1087 3425 1141 Pro

1879 1194 2067 1238 nostro
2107 1192 2286 1237 autem
2339 1184 2583 1236 instituto
2633 1182 2857 1236 sulliciet
2890 1198 2951 1234 ea
3017 1182 3104 1234 hic
3146 1183 3421 1243 adnotare,
3496 1178 3497 1181 ’

1877 1290 1996 1342 quae
2017 1274 2082 1327 ad
2117 1282 2322 1327 rectum
2354 1273 2514 1340 hujus
2539 1272 2768 1325 Canonis
2800 1273 3125 1329 intellectum
3156 1287 3219 1325 ex
3249 1270 3425 1324 citatis
3499 1266 3503 1270 ’

1877 1364 2192 1417 auctoribus
2217 1362 2395 1430 colligi
2432 1369 2674 1430 possunt.

1942 1451 2094 1506 Non
2133 1452 2194 1505 ll.
2236 1452 2389 1505 Prior
2418 1453 2579 1521 igitur
2621 1452 2799 1505 tabula
2842 1452 2892 1504 1ο
2928 1452 3159 1506 ostendit
3199 1451 3427 1518 plenilu-

1876 1545 1964 1597 nia
1996 1544 2289 1611 paschalia,
2322 1543 2623 1611 incipiendo
2655 1543 2721 1596 ab
2745 1558 2890 1595 anno
2919 1543 3119 1597 Christi
3155 1542 3278 1605 222,
3309 1544 3423 1611 qui,

1878 1634 1953 1688 uti
1976 1631 2265 1706 ‘Vignolius
2293 1634 2346 1687 in
2385 1633 2758 1688 dissertatione
2790 1632 2865 1683 De
2895 1633 3231 1701 anno‘primo
3268 1634 3453 1701 impe—'

1879 1725 1947 1777 rii
1993 1724 2167 1778 Severi
2215 1723 2526 1785 Alexandri,
2578 1721 2925 1776 Valsccchius
2978 1732 3030 1774 et
3082 1722 3359 1791 Philippus
3396 1739 3425 1776 a

1879 1813 2051 1868 Turre
2080 1814 2472 1874 demonstrant,
2519 1821 2603 1866 est
2644 1826 2818 1865 annus
2846 1811 3054 1879 primus
3092 1810 3273 1864 Severi
3304 1810 3427 1865 Ale-

227 1893 503 1945 nullorum
528 1900 768 1944 veterum
796 1901 850 1946 et
883 1892 1173 1946 celebrium
1217 1892 1607 1961 astrologorum
1654 1906 1777 1944 sen-
1807 1881 1848 1933 Β
1877 1904 2068 1958 χοηάιιί
2107 1905 2465 1972 imperatoris.

228 1982 539 2050 tentia(l4),
576 1984 871 2050 praesertim
921 1980 1147 2037 Metonis
1176 1991 1229 2036 et
1259 1980 1489 2045 Eudoxi,
1530 1981 1622 2049 qui
1661 1981 1771 2049 jam

223 2085 351 2129 ante
378 2088 549 2126 annos
601 2073 724 2141 plus
754 2089 916 2143 quam
961 2074 1066 2128 400
1111 2084 1235 2128 ante
1282 2073 1610 2128 nativitatem
1646 2070 1775 2125 Jesu

218 2164 418 2243 Christi
467 2166 851 2234 aequinoctium
905 2167 1120 2220 vernale
1175 2166 1241 2220 ad
1288 2182 1416 2219 xvut
1467 2163 1642 2218 Martii
1690 2179 1776 2216 re-

227 2258 574 2312 strinxerunt.
612 2256 749 2311 Cum
781 2259 978 2327 quibus
1004 2257 1216 2312 Judaeos
1247 2258 1587 2312 consensisse
1617 2254 1777 2310 Jose-

226 2347 357 2415 phus
382 2361 580 2402 eorum
633 2349 925 2403 historicus
971 2350 1229 2403 insinuat.
1260 2347 1409 2402 Adeo
1444 2362 1629 2401 verum
1672 2355 1775 2408 est,

221 2452 393 2505 neque
419 2436 623 2493 ludatis
650 2439 937 2504 veteribus,
970 2454 1145 2506 neque
1179 2436 1502 2492 Christianis
1543 2451 1637 2505 per
1668 2425 1777 2491 duo

220 2528 403 2594 priora
434 2528 636 2581 saecula
671 2528 1093 2582 astronomicum
1117 2528 1425 2596 :equinoctii
1453 2527 1593 2580 diem
1626 2527 1779 2594 agni-

216 2627 357 2682 tum,
391 2633 499 2671 non
544 2626 689 2673 certe
723 2626 872 2672 tanto
916 2619 1171 2687 scrupulo
1220 2617 1559 2672 observatum
1596 2636 1610 2671 :
1652 2632 1778 2671 cum
1819 2663 1822 2667 .

216 2711 274 2764 hi
307 2711 457 2765 nullo
482 2710 550 2763 ad
576 2726 669 2765 eas
706 2710 872 2765 tricas
899 2711 1031 2772 otio,
1068 2710 1153 2764 vix
1187 2710 1294 2763 ulla
1326 2725 1357 2764 a
1389 2718 1468 2764 tot
1522 2724 1778 2778 persecu-

215 2802 461 2857 tionibus
490 2802 869 2871 respiratione,
912 2802 1049 2856 nihil
1094 2817 1256 2872 supra
1304 2802 1379 2869 id,
1414 2801 1559 2871 quod
1599 2801 1780 2856 hacte-

211 2908 325 2949 nus
351 2909 382 2948 a
415 2891 697 2963 Synagoga
738 2902 1053 2962 usurpatum
1085 2894 1355 2960 videbant,
1393 2894 1773 2963 inquirendum

208 2992 489 3055 putarent,
541 2994 875 3048 curarentve,
910 2998 1010 3037 nec
1041 2990 1268 3038 mensem
1293 3000 1566 3048 novorum,
1606 2985 1777 3038 solum

209 3094 243 3130 a
308 3073 588 3143 Scriptura
644 3075 1143 3139 memoratum,alio
1185 3090 1349 3145 quam
1394 3075 1565 3131 Judai
1612 3090 1776 3130 sensu

212 3170 730 3235 interpretarentur.

288 3258 398 3312 Nec
422 3257 552 3311 illud
585 3257 674 3312 hic
708 3257 1084 3321 omittendum,
1127 3256 1470 3330 Hippolytum
1495 3258 1774 3312 constituti

210 3365 247 3402 a
285 3348 492 3417 synodo
528 3346 850 3402 Casariensi
894 3348 1081 3404 limitis
1132 3349 1403 3417 paschalis
1457 3348 1617 3401 linem
1667 3363 1775 3403 non

209 3439 501 3504 excedere,
546 3440 670 3494 licet
704 3440 919 3493 initium
952 3441 1117 3495 biduo
1169 3446 1490 3495 antevertat.
1518 3438 1593 3492 Ea
1631 3440 1797 3494 enim

210 3531 475 3602 synodus,
507 3533 575 3586 ab
626 3548 681 3586 ιι
725 3531 948 3587 Kalend.
982 3532 1176 3601 April.,
1204 3546 1298 3585 seu
1331 3547 1443 3589 χχιι
1479 3532 1677 3596 Martii,
1710 3534 1777 3587 ad

210 3640 275 3678 ιι
315 3621 583 3677 Kalendas
614 3622 760 3689 Maii,
795 3640 889 3683 seu
932 3640 1022 3678 xxi
1064 3622 1262 3691 Aprilis
1294 3623 1557 3678 inclusive
1579 3639 1673 3693 per
1710 3625 1771 3679 51

124 3708 127 3709 ⁷
208 3715 337 3769 dies
364 3711 571 3766 Pascha
605 3713 991 3784 ἀναστάσιμον,
1026 3728 1120 3768 seu
1153 3710 1465 3769 Dominicas
1496 3716 1777 3784 paschales

211 3806 517 3870 concludit,
572 3802 886 3876 Hippolytus
931 3808 999 3861 ab
1056 3820 1153 3859 xm
1193 3804 1416 3861 Kalend.
1455 3806 1647 3875 April.,
1682 3821 1774 3860 seu

210 3898 399 3952 Martii
430 3914 522 3961 xx,
557 3896 623 3950 ad
666 3912 722 3951 ιι
762 3896 1032 3952 Kalendas
1095 3895 1222 3950 Maii
1260 3912 1356 3966 per
1401 3897 1519 3952 dies
1556 3898 1776 3953 omnino

212 3991 287 4043 35
321 3987 586 4043 extendit.

270 4097 300 4167 §
342 4094 433 4151 Ill.
468 4094 608 4149 Nota
631 4094 699 4172 ad
734 4093 996 4172 Cononem
1023 4096 1322 4172 paschalem
1351 4097 1410 4152 S.
1459 4093 1731 4164 Hippolyti

301 4189 314 4201 -
671 4165 880 4233 [acilius
914 4165 1326 4234 intelligendum.

284 4251 445 4307 Non
473 4254 516 4307 Ι.
550 4251 730 4306 Canon
764 4252 1025 4319 paschalis
1072 4252 1128 4306 S.
1178 4253 1449 4323 Hippolyti
1494 4250 1773 4305 hodiernis

216 4344 437 4414 quidem
479 4343 668 4398 usibus
695 4357 791 4411 pro
820 4343 1139 4399 inveniendo
1185 4360 1313 4400 vero
1360 4341 1639 4397 Paschatis
1686 4341 1774 4397 die

214 4434 428 4490 servire
448 4435 539 4490 vix
564 4441 758 4503 potest,
783 4448 905 4487 cum
930 4436 1096 4490 modo
1124 4444 1246 4504 post
1268 4441 1546 4489 accuratas
1582 4433 1772 4504 obser-

1944 1992 1999 2044 2ο
2038 1990 2253 2046 Littera:
2296 1992 2564 2059 alphabcti
2608 1991 2863 2044 denotant
2900 1989 3093 2043 seriem
3132 1972 3426 2041 hebdoma-

1875 2082 1976 2145 dze,
2008 2081 2059 2134 in
2081 2097 2242 2150 quam
2265 2082 2464 2135 dictum
2488 2081 2832 2149 plenilunium
2858 2079 3059 2131 incidit.
3104 2076 3166 2131 ν.
3197 2095 3247 2147 g.
3285 2094 3429 2132 anno

1874 2173 2076 2227 Christi
2104 2174 2230 2236 222,
2261 2174 2613 2242 plenilunium
2648 2174 2894 2242 paschale
2941 2174 3291 2242 contingebat
3325 2172 3432 2226 ldi-

1878 2264 1979 2319 bus
2015 2264 2231 2334 Aprilis,
2256 2272 2307 2317 et
2326 2264 2501 2316 littera
2529 2264 2572 2317 G
2599 2265 2839 2332 apposita
2882 2265 3011 2319 illud
3042 2265 3095 2318 in
3128 2265 3268 2320 diem
3295 2265 3431 2319 Sabr-

1878 2356 1986 2410 hati
2017 2356 2269 2409 incidisse
2288 2354 2511 2409 indicat.

1946 2445 2002 2499 3°
2059 2445 2113 2499 In
2167 2446 2337 2513 prima
2388 2445 2639 2500 columna
2695 2443 3069 2510 descendendo
3130 2454 3428 2514 sequuntur

1879 2537 2146 2591 sexdecim
2180 2536 2305 2589 anni
2346 2536 2645 2605 incipiendo
2682 2537 2750 2589 ah
2783 2550 2925 2588 anno
2954 2535 3077 2598 222,
3112 2551 3207 2603 per
3234 2551 3429 2589 nume.

1876 2641 1970 2679 ros
1998 2625 2278 2692 designati,
2303 2634 2357 2679 et
2381 2626 2628 2680 similiter
2656 2627 2708 2678 in
2747 2624 2965 2691 reliquis
2996 2639 3089 2676 sex
3126 2616 3433 2685 columnis,

1877 2732 1997 2785 qua:
2029 2726 2233 2785 septem
2250 2717 2803 2780 heccaedecaeterides,
2829 2730 2923 2768 seu
2942 2714 3279 2780 sedecennia,
3320 2730 3423 2769 an-

1879 2824 1978 2862 nos
2010 2808 2111 2861 112
2132 2807 2385 2861 efﬁciunt.

1947 2900 2005 2952 4ο
2066 2897 2195 2953 Post
2248 2900 2480 2968 primum
2532 2896 2907 2961 sedecennium
2968 2895 3318 2963 plenilunium
3371 2896 3426 2948 in

1878 2990 2125 3044 eumdem
2153 2990 2367 3058 quidem
2405 2989 2569 3052 dieru,
2599 2987 2806 3041 scilicet
2834 2984 2957 3039 ldus
2986 2984 3187 3053 Aprilis
3218 2984 3426 3048 incidit,

1874 3082 2026 3149 juxta
2062 3064 2377 3151 hypothesin
2407 3080 2465 3133 S.
2501 3079 2786 3148 Hippolyti,
2813 3093 2916 3130 non
2947 3092 3073 3130 vero
3101 3076 3153 3130 iu
3186 3078 3426 3130 eamdem

1805 3187 1847 3243 ε
1881 3173 2090 3238 leriam,
2119 3174 2209 3227 sed
2233 3189 2337 3226 una
2364 3172 2494 3227 feria
2524 3172 2681 3226 citius
2702 3168 2957 3224 occurrit.
2993 3166 3052 3222 V.
3084 3184 3136 3238 g.
3170 3168 3224 3221 in
3255 3168 3430 3235 primo

1876 3262 2195 3315 sedecennio
2229 3261 2583 3330 plenilunium
2627 3260 2679 3311 in
2711 3257 2777 3324 G,
2822 3258 2874 3311 id
2927 3264 3028 3321 est,
3077 3255 3312 3310 Sabbato
3340 3270 3430 3310 0c-

1873 3354 2069 3416 currit;
2097 3353 2150 3406 in
2185 3353 2423 3405 secundo
2454 3350 2775 3405 sedecennio
2801 3350 2904 3402 erit
2933 3348 2986 3399 in
3029 3345 3090 3411 F,
3120 3348 3170 3400 id
3209 3354 3311 3404 est.
3348 3346 3427 3399 le-

1873 3442 1952 3494 ris
1977 3442 2227 3509 sexta;.in
2274 3442 2431 3493 tertio
2473 3439 2526 3491 in
2561 3436 2624 3501 E,
2675 3451 2767 3488 seu
2814 3434 2957 3492 let-ia,
2996 3435 3209 3501 quinta,
3247 3423 3299 3487 et
3349 3434 3427 3487 sic

1872 3532 2125 3600 deinceps
2154 3548 2170 3596 ;
2206 3528 2467 3583 absolutis
2487 3536 2665 3579 autem
2701 3533 2903 3592 septem
2945 3522 3298 3586 sedecenniis,
3330 3537 3425 3576 seu

1874 3622 1975 3674 112
2006 3623 2183 3685 annis,
2212 3620 2265 3672 in
2304 3617 2550 3671 eumdem
2576 3614 2715 3668 diem
2755 3620 2810 3666 et
2834 3612 3078 3667 eamdem
3119 3610 3309 3664 feriam
3338 3626 3425 3665 re-

1873 3722 2069 3767 curret.
3406 3756 3411 3769 ε

1946 3809 1999 3861 5ο
2034 3807 2135 3859 Per
2158 3817 2315 3857 voces
2341 3801 2461 3881 illas
2511 3797 2729 3862 Esdras,
2772 3794 2982 3851 Genesis
3015 3795 3248 3881 Christi,
3288 3792 3424 3847 Eze-

1872 3900 2040 3960 cltias,
2075 3905 2202 3957 etc.,
2248 3879 2403 3961 juxta
2434 3890 2810 3945 Blanchinium
2846 3879 3114 3957 praecipua
3162 3886 3425 3941 Pa‘schata

1872 3990 2243 4057 designantur,
2266 3999 2494 4053 quorum
2524 3981 2583 4036 S.
2613 3981 2887 4049 Scriptura
2927 3978 3187 4041 meminit,
3220 3977 3427 4037 scilicet

1876 4081 2043 4135 Exodi
2082 4094 2179 4132 xu.
2233 4075 2476 4129 Primum
2532 4073 2739 4127 Pascha
2793 4064 2844 4122 iv
2901 4066 3040 4122 Non.
3094 4067 3289 4135 April.,
3337 4068 3419 4121 vel
3512 4100 3517 4108 ι

1866 4175 2019 4239 juxta
2055 4168 2350 4233 Danielem,
2397 4165 2563 4220 Nonis
2600 4163 2769 4232 April.
2804 4160 3113 4215 Secundum
3141 4160 3194 4211 in
3236 4175 3419 4213 eremo

1869 4260 2027 4315 Num.
2056 4277 2129 4314 ix.
2165 4259 2405 4315 Tertium
2429 4258 2529 4311 sub
2552 4254 2733 4314 Iosue.
2770 4267 2863 4305 seu
2890 4249 3036 4313 Jesu,
3068 4248 3181 4305 Jos.
3223 4266 3303 4315 ιιι,
3345 4266 3420 4303 xu

1869 4340 1990 4407 Kal.
2014 4352 2181 4420 April.
2203 4351 2329 4403 Item
2356 4348 2556 4402 Pascha
2576 4345 2678 4399 sub
2693 4342 2941 4406 Ezechia,
2960 4340 3003 4394 ll
3019 4343 3253 4412 Paralip.
3276 4357 3378 4395 xxx
3402 4358 3417 4403 ;

1872 4446 1972 4499 sub
2006 4442 2174 4507 Josia,
2223 4440 2287 4494 ιν
2321 4438 2450 4505 Reg.
2474 4451 2643 4499 xxul;
2676 4434 2777 4487 sub
2825 4432 3018 4496 Esdra,
3054 4432 3075 4485 Ι
3119 4432 3301 4487 Εδάι-εε
3344 4445 3419 4487 vr.

216 4523 464 4577 sationes
491 4524 918 4591 astronomicas,
950 4525 1305 4595 aequinoctio,
1346 4532 1399 4577 et
1426 4523 1589 4592 cyelis
1636 4524 1764 4577 solis

1872 4534 2000 4588 Item
2058 4534 2111 4587 in
2167 4530 2382 4591 Genesi,
2431 4534 2485 4579 et
2527 4524 2787 4579 Passioue
2816 4523 3038 4579 Christi.
3086 4522 3255 4577 Verba
3296 4535 3427 4572 vero

213 4623 278 4668 et
307 4612 463 4677 lunae,
485 4615 711 4681 epactis,
736 4622 791 4668 et
810 4615 998 4669 litteris
1018 4613 1441 4669 Dominicalibus
1472 4614 1571 4665 rite
1598 4612 1770 4667 deter-

214 4705 463 4768 minatis,
496 4713 552 4759 et
604 4706 993 4761 correctionem
1033 4704 1411 4772 Gregoriansm
1466 4703 1769 4758 Calendarii

214 4796 419 4851 factam
448 4796 645 4849 tabqu
698 4796 973 4865 paschales
1008 4795 1276 4848 moderna:
1322 4794 1391 4847 ab
1429 4794 1530 4847 hoc
1563 4793 1769 4848 Canone

214 4902 332 4940 non
363 4900 553 4954 parum
582 4885 852 4940 dillerant.
897 4884 1035 4951 Quia
1086 4892 1263 4937 tamen
1302 4884 1392 4939 hic
1439 4882 1641 4951 Conon,
1685 4898 1771 4938 ut-

215 4978 423 5049 potein
454 4973 692 5029 Ecclesia
732 4977 939 5045 primus
986 4983 1037 5028 et
1072 4973 1505 5043 antiquissimus,
1548 4991 1769 5029 venera-

215 5071 331 5125 bile
356 5076 440 5123 est
465 5067 801 5136 antiquitatis
830 5075 1255 5133 monumentum,
1279 5077 1334 5121 et
1372 5076 1621 5123 accurata
1652 5067 1769 5134 ejus

294 5245 405 5325 (15)
469 5240 739 5296 Victorius
798 5241 1235 5325 Lemovicensis,
1304 5244 1532 5325 scriptor
1588 5239 1766 5293 surculi

213 5311 396 5383 quinti
427 5322 657 5383 testatur
706 5314 849 5383 quod
890 5314 935 5367 is
974 5325 1090 5368 erat
1110 5315 1309 5367 Latina:
1328 5311 1574 5364 Ecclesia:
1605 5325 1724 5383 Amos
1752 5326 1764 5361 :

223 5378 251 5433 ἱ
272 5383 367 5436 Sin
400 5393 572 5437 autem
599 5378 930 5453 αἱς-δαὶ)ῤαὶ
970 5383 1310 5453 plenilunium
1343 5378 1764 5453 esse‘cottlige‘rit,

214 5462 271 5504 et
294 5452 633 5522 consequenti
681 5449 1175 5522 Dominico'lunam
1213 5468 1278 5522 xv
1304 5450 1515 5522 reperiri
1534 5465 1559 5522 ;_
1588 5449 1767 5522 eadem

217 5517 539 5575 hebdomade
570 5521 899 5584 transmissa,
921 5523 975 5575 in
999 5523 1219 5576 alteram
1250 5521 1387 5572 diem
1414 5517 1765 5583 DOIIIlltll'ﬂlll,

218 5592 402 5656 idest,
442 5593 629 5644 lunam
667 5604 782 5643 xxtt
825 5591 1101 5646 transferri
1146 5586 1572 5656 deberel’ascha
1615 5588 1767 5638 dixe-

179 5701 182 5704 .
216 5670 365 5729 runt.
390 5655 419 5713 ⁷»
455 5658 661 5715 Victor.
694 5660 832 5729 apud
874 5660 1098 5715 Bucher.
1138 5659 1210 5710 De
1234 5655 1376 5725 ενοι.
1408 5657 1607 5729 patula,
1630 5672 1683 5724 p.
1712 5657 1764 5729 ἀρε

220 5728 342 5785 ﬂatu
388 5731 576 5797 praxis
618 5725 795 5784 adhuc
843 5730 895 5783 in
940 5745 1039 5783 usu
1096 5736 1213 5782 erat
1260 5737 1495 5797 tempore
1527 5725 1767 5797 Gregorii

222 5794 579 5864 Turonensis,
606 5799 1056 5867 quemadmodum
1078 5797 1165 5853 ille
1190 5795 1373 5851 scribit
1401 5796 1491 5849 lib.
1540 5812 1571 5848 ι
1624 5794 1764 5848 Hist.

1872 4627 1981 4691 illa,
2008 4623 2285 4678 secundum
2323 4616 2615 4679 Danielem,
2660 4616 2968 4685 signiﬁcant
3002 4613 3158 4667 aliam
3185 4612 3418 4665 chrono-

1869 4717 2063 4785 logiam
2122 4714 2316 4765 horum
2364 4706 2709 4772 Paschatum,
2745 4722 2867 4761 cum
2901 4721 2966 4758 ex
3005 4701 3237 4755 Dauielis
3281 4700 3429 4753 libro.

1868 4807 2215 4877 ejusdemque
2250 4800 2675 4855 hebdomadibus
2718 4793 3083 4851 diversimode'
3122 4791 3418 4843 numeratis

1867 4897 2124 4966 epocham
2149 4892 2443 4963 superioris
2459 4893 2628 4946 aetatis
2651 4906 2679 4943 a
2695 4899 2797 4953 tem
2805 4888 2889 4956 plo
2905 4884 3119 4938 condito
3132 4883 3197 4935 ad
3212 4892 3419 4936 restau-

1867 4994 2038 5036 ratum
2067 4997 2095 5034 a
2122 4980 2263 5052 Cyro
2299 4980 2461 5049 paulo
2502 4980 2765 5033 diversam
2795 4972 3106 5040 chronologi
3145 4972 3419 5048 colligant.

1935 5069 2087 5125 Non
2114 5069 2200 5124 lll.
2223 5070 2403 5125 Altera
2432 5066 2608 5122 tabula
2629 5063 2844 5117 exhibet
2862 5060 3168 5115 Dominicas
3189 5058 3420 5113 Pascha-

1868 5247 2216 5309 Francorum,
2240 5262 2387 5299 num.
2415 5243 2504 5295 22.
2540 5240 2904 5309 Observantur
2932 5238 2982 5309 in
3007 5237 3167 5304 Cyclo
3196 5235 3253 5288 S.
3293 5234 3421 5309 Hip-_-

1870 5320 2031 5399 polyti
2070 5303 2220 5386 plura
2255 5313 2494 5399 exempla
2516 5308 2782 5399 “translati
2814 5303 3109 5369 Paschatis,
3135 5322 3256 5359 cum
3286 5303 3410 5399 illud

1868 5380 1922 5440 in
1962 5380 2100 5440 diem
2136 5400 2202 5435 xv
2254 5384 2394 5435 luna
2436 5380 2714 5435 ineideret.
2744 5393 2821 5431 sc.
2856 5392 2998 5430 anno
3026 5394 3064 5441 ι,
3110 5392 3181 5439 ιν,
3209 5390 3261 5437 x,
3294 5387 3413 5429 xnt,

1868 5473 1977 5515 xvr.
2020 5471 2099 5507 ιιι.
2143 5452 2296 5506 Nunc
2326 5451 2624 5519 peragimus
2670 5446 2875 5519 Pascha
2912 5462 2978 5499 xv
3015 5448 3170 5519 lunae,
3203 5441 3420 5519 quando

1869 5511 2051 5580 incidit
2081 5524 2131 5575 in
2168 5511 2585 5584 Dominicam,in
2618 5533 2726 5588 quo
2755 5518 2987 5571 rationes
3030 5511 3423 5568 Alexandrino-

1868 5592 2313 5667 runi_sea!'im1'r-
2648 5634 2661 5638 -
2883 5654 2935 5667 ..

1938 5663 2043 5731 (is)
2070 5652 2187 5713 Vid.
2216 5658 2475 5731 Columcl.
2507 5656 2601 5731 lib.
2630 5673 2707 5731 ix,
2732 5671 2848 5722 cap.
2877 5654 2963 5718 14,
2990 5652 3162 5731 et_i_ib.
3193 5664 3265 5713 xi,
3296 5662 3421 5715 cap.

1867 5722 1954 5786 2οξ
1991 5722 2215 5785 Bttcher.
2250 5730 2321 5783 De
2350 5728 2493 5796 cyclo
2530 5726 2857 5790 Judazorum,
2891 5740 3007 5793 pag.
3036 5722 3155 5774 545.
