4104 6350
1542 432 1565 458 ’ί
1599 510 1602 512 γ
1680 452 1762 507 os
1801 452 1961 507 VlTA
2004 454 2093 527 ιετ⁴
2131 360 2435 531 scimus
2471 453 2527 506 s.
2567 418 2943 507 nimem

1679 573 1982 641 incipiendo
2021 574 2087 627 ah
2111 588 2250 633 anno
2280 581 2323 635 Α
2354 589 2404 625 tv
2429 560 2609 628 Nonas
2648 574 2865 643 Aprilis,
2909 571 3062 641 feria:
3086 581 3309 641 quarta,
3346 568 3619 623 Domini'ca
3668 568 3896 636 pascha-

708 450 812 515 515

713 575 791 625 les
852 587 944 641 pz-r
993 576 1194 641 septem
1252 571 1571 627 sedeceunia
1621 611 1633 625 .

708 658 909 717 Christi
937 660 1059 729 ω,
1086 662 1270 716 eodem
1300 662 1460 715 modo
1502 676 1610 730 quo
1653 663 1941 729 plenilunia
1986 663 2255 733 paschalia

711 750 768 805 in
804 750 966 820 priori
1001 751 1181 805 tabula
1212 759 1339 803 sunt
1380 750 1674 818 disposita;
1718 751 1808 805 ubi
1858 760 2034 805 tamen
2065 763 2256 806 notan-

692 841 1039 911 ‘ilum,'quod
1068 844 1113 897 si
1161 843 1516 911 plenilunium
1569 834 1620 898 in
1655 842 1944 901 Sabbatum
1988 844 2252 909 inciderit,

708 931 985 987 Dominica
1012 948 1244 1004 sequens
1268 948 1374 985 non
1391 935 1471 988 sit.
1489 936 1778 1002 paschalis,
1800 936 1887 989 uti‘
1907 936 2253 991 Alexandrini

704 1026 1083 1090 observabant,
1139 1026 1232 1079 sed
1284 1024 1433 1079 more
1471 1025 1794 1094 Latinorum
1839 1028 2043 1103 Pascha
2088 1027 2251 1081 altera

705 1116 982 1189 Dominica
1016 1134 1133 1173 eam
1161 1120 1521 1194 subsequente
1550 1121 1873 1175 celebratum
1905 1122 2031 1175 olim
2060 1120 2239 1175 fuerit.

705 1207 816 1273 Sic,
854 1224 906 1263 ν.
939 1224 1014 1277 3.,
1044 1209 1337 1281 anno222,
1367 1196 1712 1276 plenilunium
1738 1213 2002 1270 incidebat
2032 1214 2091 1266 in
2121 1212 2245 1266 ldus

702 1298 901 1367 Aprilis
937 1298 1168 1375 Sabbato
1191 1318 1205 1365 ;
1246 1300 1523 1355 Dominica
1550 1304 1815 1371 paschalis
1838 1320 1944 1358 non
1970 1310 2083 1357 erat
2111 1319 2239 1357 xvm

704 1387 822 1443 Kal.
852 1388 995 1455 Maii.
1034 1406 1187 1447 more
1228 1390 1726 1460 Alexandrinorum,
1770 1395 1861 1448 sed
1905 1410 2054 1447 more
2095 1393 2239 1446 Lati-

704 1496 897 1536 norum
940 1496 993 1535 ιι
1033 1480 1149 1537 Kal.
1192 1482 1335 1540 Maii.
1386 1485 1542 1539 Anno
1566 1485 1691 1553 225,
1734 1486 2085 1556 plenilunium
2126 1495 2239 1540 erat

3792 448 3898 501 5l6

2359 667 2425 720 lis
2465 682 2557 719 vui
2589 664 2711 719 ldus
2736 664 2950 731 Aprilis.
2987 661 3114 717 Item
3145 664 3197 716 in
3234 662 3469 717 secunda
3500 660 3767 722 columna,
3800 672 3896 711 seu

2359 756 2595 811 secundo
2628 753 2960 815 sedecennio,
2986 754 3097 806 sive
3122 767 3262 805 anno
3288 749 3487 805 Christi
3514 748 3637 812 258,
3666 748 3899 816 plenilu-

2359 848 2506 900 nium
2552 855 2665 899 erat
2693 844 2892 898 .ldibus
2926 844 3141 913 Aprilis,
3170 843 3299 911 feria
3339 852 3509 906 sexta,
3538 849 3591 894 et
3617 839 3899 893 Dominica

2360 939 2627 1009 paschalis
2672 954 2777 993 xvu
2821 934 2943 990 Kal.
2966 936 3127 1002 Maii;
3158 944 3211 989 et
3242 935 3313 988 ita
3358 932 3607 1001 deinceps
3644 946 3737 999 per
3770 930 3901 983 reli-

2354 1046 2457 1099 qua
2511 1029 2845 1097 seslecennia,
2884 1028 3082 1097 quibus
3131 1027 3386 1081 absolutis
3435 1024 3786 1093 plenilunium
3840 1022 3899 1075 in

2351 1119 2595 1173 eumdem
2630 1119 2767 1171 diem
2812 1118 2965 1186 primi
3009 1115 3333 1176 scdecennii,
3373 1123 3425 1167 et
3458 1112 3667 1176 feriam,
3690 1122 3743 1165 et
3763 1124 3901 1164 con—

2351 1219 2639 1280 sequenter
2681 1211 2841 1264 etiam
2903 1209 3178 1273 Dominica
3228 1206 3494 1276 paschalis
3541 1207 3594 1259 in
3643 1204 3897 1259 eumdem

2347 1302 2487 1356 diem
2522 1302 2767 1355 recurrit.
2794 1300 2968 1370 Atque
2989 1301 3093 1354 hoc
3136 1300 3346 1354 videtur
3377 1313 3497 1353 esse
3537 1307 3767 1368 systema
3797 1292 3901 1348 Ca-
3933 1336 3939 1341 .

2346 1394 2490 1447 nonis
2537 1391 2796 1461 paschalis
2836 1391 2899 1445 S.‘
2942 1391 3227 1463 Hippolyti.
3274 1390 3436 1450 Plura
3466 1390 3629 1445 videri
3664 1394 3902 1458 possunt

2343 1484 2483 1555 apud
2504 1484 2746 1538 laudatos
2779 1489 3044 1542 auctores.

1080 2017 1177 2078 DE
1224 2014 1728 2076 FHAGMENTIS
1789 2016 2107 2078 OPERUM
2161 2018 2221 2077 S.
2275 2015 2698 2076 HIPPOLYTI
2744 2015 2844 2074 ET
2889 2013 2992 2073 DE
3039 1967 3525 2075 DEPERDlTlS.

1235 2137 1626 2193 ARTICULUS
1664 2139 1699 2191 Ι.

696 2282 768 2328 ΠΒ
806 2284 1190 2326 COIIENTAHIIS
1232 2286 1276 2323 S.
1311 2286 1587 2325 HIPPOLY'I'I
1631 2286 1678 2322 IN
1721 2286 1901 2324 LIBROS
1926 2287 2144 2325 VETEHIS
2173 2289 2239 2326 ΕΤ

1209 2354 1329 2393 NOV]
1371 2355 1731 2393 TES'I'AIBNTI.

736 2476 765 2542 β
798 2475 836 2531 1.
877 2445 1289 2531 Commentarius
1317 2476 1373 2529 S.
1408 2474 1679 2543 Hippolyti
1719 2444 1771 2527 in
1803 2470 2017 2527 Genetii:
2065 2487 2112 2527 et
2154 2478 2205 2527 in

1264 2544 1636 2603 Hexaemeron.

770 2658 1006 2730 Exiguus
1031 2668 1116 2714 est
1152 2651 1498 2729 scriptorum,
1539 2673 1658 2728 quae
1685 2667 1913 2724 exstant,
1957 2658 2012 2713 8.
2052 2658 2243 2729 Hippo-

694 2750 789 2823 lyti
820 2768 1097 2817 numerus,
1137 2754 1182 2805 si
1216 2767 1336 2806 cum
1370 2751 1436 2805 iis
1488 2748 1757 2813 conferas,
1803 2766 1921 2819 quae
1966 2752 2103 2807 inter
2150 2754 2263 2827 de-q

697 2846 901 2913 perdita
934 2858 1300 2898 numeramus.
1328 2841 1451 2897 Haec
1489 2853 1631 2896 certe
1656 2842 1890 2911 jactura,
1923 2858 2039 2911 quae
2079 2844 2243 2899 senti-

693 2945 783 2990 tur
809 2937 980 3005 magis
1017 2951 1109 3004 per
1139 2934 1432 3001 subjectam
1463 2934 1829 2988 collectionem
1864 2934 2163 3001 titulorum,
2188 2944 2242 2989 et

694 3030 1087 3082 enarrationem
1151 3028 1480 3082 succinctam
1547 3042 1707 3094 quam
1760 3035 1884 3095 post
1924 3035 2128 3083 veteres
2173 3028 2241 3083 de

694 3121 904 3173 cunctis
926 3119 1026 3172 viri
1065 3120 1236 3172 sancti
1272 3118 1821 3172 commentationibus
1855 3117 2009 3173 hodie
2034 3120 2239 3175 deside-

695 3207 827 3260 ratis
864 3192 1255 3271 exhibebimus,
1302 3221 1487 3275 quaeve
1520 3206 1779 3275 stupenda
1825 3208 2050 3262 videtur.
2085 3208 2236 3265 Nulla

694 3311 861 3365 prope
885 3295 1175 3364 Scriptum:
1206 3312 1351 3364 pars,
1383 3296 1469 3349 cui
1500 3312 1607 3350 non
1635 3298 1963 3366 explicandae
1990 3311 2083 3355 aut
2106 3318 2237 3356 eno-

694 3385 889 3440 dandis
936 3384 999 3440 ‘in
1049 3402 1110 3441 ea
1157 3385 1557 3441 dillicultatibus
1602 3387 1873 3457 ingenium
1918 3394 2233 3453 exercuerit,

2274 2144 2318 2201 Β
2346 2136 2905 2209 designentﬂippolyti
2937 2138 3333 2190 lucubrationes
3377 2135 3565 2199 εῐςτᾱ
3614 2135 3753 2207 μετὰ
3793 2133 3895 2205 τὴν

2341 2232 2655 2301 ὲξαήμερον,
2691 2237 2743 2281 et
2790 2230 2868 2291 είς
2896 2226 2995 2297 τὴν
3025 2226 3339 2296 ἐξαήμερον.
3368 2226 3527 2281 Juxta
3558 2229 3701 2281 hanc
3725 2227 3894 2296 igitur

2340 2319 2824 2388 interpretationem
2867 2315 2915 2371 le
2964 2315 3160 2386 Moynii
3193 2316 3493 2383 scripsisset
3536 2318 3592 2371 S.
3633 2316 3897 2386 Hippoly-

2342 2419 2427 2464 tus
2457 2404 2839 2464 commentaria
2882 2407 2933 2460 in
2981 2407 3214 2475 primum
3266 2415 3318 2458 et
3375 2408 3668 2462 secundum
3725 2414 3895 2476 caput

2340 2496 2622 2563 Geneseos,
2640 2513 2731 2551 seu
2748 2500 2798 2550 in
2815 2495 3221 2559 llexaemerum,
3240 2502 3293 2547 et
3314 2495 3379 2548 de
3407 2495 3473 2548 iis
3487 2511 3605 2564 qua!
3629 2496 3771 2551 Deus
3793 2512 3891 2551 sex

2340 2587 2525 2642 diebus
2553 2589 2879 2650 condiderat,
2902 2595 2954 2641 et
2977 2586 3042 2640 de
3064 2587 3128 2640 iis
3153 2602 3271 2655 qua:
3297 2587 3507 2655 prOprie
3535 2588 3813 2641 hominem
3839 2598 3895 2641 et

2342 2676 2483 2729 illius
2517 2679 2567 2730 in
2599 2678 2905 2745 paradisum
2948 2678 3358 2737 collocationem
3388 2676 3729 2744 spectabant;
3766 2692 3889 2741 seu,

2341 2775 2399 2820 ut
2429 2769 2610 2835 paucis
2636 2770 2833 2834 dicam,
2858 2770 3011 2837 juxta
3037 2771 3086 2823 le
3109 2769 3380 2839 Moynium
3410 2767 3714 2835 scripsisset
3744 2781 3892 2819 com-

2339 2863 2660 2912 mentarium
2710 2860 2775 2913 de
2819 2869 2962 2913 statu
3007 2870 3473 2930 promparentum,‘
3512 2859 3575 2912 de
3614 2857 3889 2911 creatione

2340 2951 2545 3015 mundi,
2593 2960 2647 3003 et
2695 2951 2763 3004 de
2810 2952 2970 3005 rebus
2994 2948 3330 3006 viventibus.
3362 2951 3580 3014 Verum,
3610 2948 3737 3002 licet
3770 2950 3888 3001 haec

2337 3043 2518 3112 opinio
2540 3041 2610 3095 sit
2638 3042 2964 3111 ingeniosior
2994 3051 3045 3096 et
3083 3044 3253 3113 magis
3295 3041 3552 3096 naturalis
3589 3055 3753 3109 quam
3793 3040 3884 3095 illa

2339 3133 2593 3204 Scaligeri
2632 3135 2697 3188 de
2725 3133 2954 3189 Psalmis
2982 3134 3455 3201 pmnitcntialibus,
3493 3133 3767 3187 latendum
3802 3142 3906 3185 ta-‘

2336 3242 2456 3279 men
2504 3234 2749 3279 neutram
2806 3224 2916 3295 (l8)
2959 3224 3239 3280 certiorem
3269 3242 3408 3281 esse.
3454 3223 3691 3291 Utraque
3736 3224 3880 3275 enim

2336 3317 2489 3371 unice
2518 3317 2775 3387 dependet
2804 3317 2871 3371 ab
2899 3318 3302 3387 imaginatione;
3344 3328 3399 3373 et
3423 3318 3500 3374 sic
3532 3316 3749 3386 quidem
3778 3325 3886 3369 ter-

2335 3406 2462 3470 tius,
2511 3407 2601 3475 qui
2648 3406 2735 3459 hic
2783 3405 2994 3475 ingenio
3043 3420 3141 3460 suo
3186 3393 3467 3475 indulgere.
3494 3406 3669 3469 vellet,
3705 3404 3885 3457 adhuc

694 3476 861 3529 multa
885 3491 1099 3544 quoque
1142 3476 1281 3530 idem
1330 3478 1395 3532 de
1428 3479 1587 3532 rebus
1614 3479 2038 3548 aliisreligionis
2058 3491 2109 3536 et
2137 3482 2236 3538 Ec-

2336 3498 2480 3551 aliud
2510 3508 2693 3566 posset
2713 3512 2923 3561 eruere,
2954 3497 3095 3566 quod
3129 3495 3265 3550 forte
3295 3498 3465 3566 magis
3487 3497 3550 3550 ad
3575 3511 3763 3550 verum
3796 3511 3886 3549 ac-

690 3566 871 3621 clesia:
899 3568 1227 3636 gravissimis
1256 3568 1601 3625 elucubratus
1634 3579 1739 3625 est.
1780 3569 2237 3629 lneamus‘nume-

692 3644 855 3712 rum:

762 3746 1022 3803 Eusebius
1048 3750 1157 3819 (l5)
1187 3760 1240 3804 et
1276 3750 1333 3805 S.
1372 3750 1730 3822 Hieronymus
1766 3752 1876 3823 (l6)
1908 3768 2005 3807 nos
2042 3755 2235 3809 certio-

689 3851 775 3889 res
803 3838 1029 3891 reddunt
1059 3850 1301 3894 sanctum
1327 3826 1667 3912 Hippolytum
1688 3858 1941 3898 exarasse
1968 3858 2235 3898 commen-

691 3928 887 3978 tarium
926 3927 979 3978 in
1011 3926 1392 3994 Hexaemeron,
1428 3946 1521 3985 seu
1553 3923 1842 3988 tractatum
1866 3935 1949 3988 de
1994 3950 2087 3988 sex
2124 3936 2235 3989 die-

688 4012 791 4068 bus
821 4016 1108 4069 creationis
1131 4020 1333 4071 mundi.
1366 4020 1446 4073 CI.
1478 4023 1524 4074 le
1554 4020 1800 4092 Moynius
1827 4024 2105 4093 praetendit
2135 4026 2233 4081 hoc

606 4126 607 4129 η
689 4120 824 4173 opus
852 4122 969 4160 esse
999 4108 1228 4176 primum
1267 4110 1407 4177 inter
1446 4127 1529 4178 ea,
1561 4128 1681 4181 quae
1717 4115 1768 4167 in
1808 4116 1987 4169 tabula
2028 4115 2231 4178 Graeca,

689 4214 809 4251 cum
838 4208 1010 4253 statua
1044 4201 1210 4255 nostri
1252 4204 1419 4257 sancti
1453 4220 1483 4257 e
1520 4206 1678 4258 terris
1708 4205 1921 4269 eﬂossa,
1965 4215 2019 4260 et
2064 4209 2231 4260 conti-

688 4298 845 4342 nente
883 4292 1116 4358 plurium
1158 4294 1385 4348 aliorum
1442 4296 1611 4365 ipsius
1645 4298 1963 4364 scriptorum
2019 4298 2229 4363 titulos,

688 4378 1061 4447 designantur;
1105 4392 1263 4453 atque
1296 4387 1601 4453 suSpicatur
1640 4388 1857 4441 ultimas
1884 4387 2115 4457 syllabas
2142 4402 2233 4443 vo-

687 4482 809 4521 cum
840 4470 993 4525 lOYC
1024 4484 1076 4526 et
1102 4473 1277 4538 NlAC,
1326 4494 1389 4530 ex
1420 4480 1617 4546 quibus
1658 4478 1895 4547 Scaliger
1939 4488 1992 4533 et
2028 4478 2233 4535 Buche-

688 4563 801 4612 rius
860 4560 1061 4616 faciunt
1104 4565 1444 4622 ΨΑΛΜΟΥΟ
1518 4568 1942 4637 ΜΕΤΛΝΟΙΑΕ,
1992 4570 2231 4628 Psalmos

687 4647 1078 4712 Ptenitentiales
1114 4654 1245 4722 (l7),
1272 4671 1390 4710 esse
1419 4659 1674 4727 reliquias
1716 4674 1905 4712 vocum
1936 4661 2015 4723 εἰς
2044 4678 2232 4729 προτο-

2332 3588 2559 3642 cederet.
2592 3586 2655 3641 Et
2683 3602 2812 3643 sane
2836 3590 3113 3643 doctorum
3138 3588 3373 3641 virorum
3407 3587 3627 3642 Thomas
3654 3587 3807 3642 Galei
3833 3596 3886 3639 et

2331 3682 2567 3737 Eduardi
2606 3682 2900 3738 Bernbardi
2945 3685 3286 3753 conjectum,
3319 3684 3411 3753 qui
3439 3698 3505 3738 ex
3534 3683 3779 3751 reliquiis
3804 3682 3888 3734 lit-

2331 3785 2566 3829 terarum
2598 3773 2753 3828 ΙΟΥο
2792 3774 3100 3831 divinantur
3140 3776 3437 3839 Ἰουδαίους,
3478 3776 3552 3828 ita
3595 3783 3654 3827 ut
3685 3784 3883 3827 sensus

2330 3868 2538 3938 integer
2563 3868 2628 3920 sit
2674 3868 2961 3932 Ἀπόδειξις
2989 3867 3121 3939 πρὸς
3142 3869 3264 3929 τοὺς
3308 3864 3604 3927 Ἰουδαίους,
3633 3862 3716 3916 vel
3741 3863 3882 3915 κατὰ

2330 3961 2451 4022 τοὺς
2495 3957 2792 4020 Ἰουδαίους,
2820 3959 3189 4013 demonstratio
3220 3958 3463 4010 adversus
3490 3955 3723 4017 Judreos,
3757 3969 3883 4007 eru-

2280 4092 2283 4094 »
2332 4053 2457 4107 ditis
2493 4050 2738 4120 pluribus
2771 4064 2878 4103 non
2910 4050 3194 4120 displicent
3217 4049 3352 4120 (l9).
3390 4046 3457 4101 Ut
3481 4055 3538 4101 ut
3559 4057 3737 4101 autem
3766 4048 3881 4100 haec

2329 4145 2454 4208 sint,
2493 4144 2595 4197 hoc
2634 4140 2985 4195 nihilominus
3029 4158 3213 4197 verum
3272 4150 3380 4205 est,
3432 4139 3488 4194 S.
3531 4140 3877 4209 Hippolytum

2330 4234 2699 4303 composuisse
2722 4231 3107 4290 Hexaemeron.
3149 4235 3376 4289 Sanctus
3419 4232 3651 4287 Joannes
3681 4231 3877 4283 Dama-

2328 4340 2521 4379 scenus
2549 4324 2661 4378 suis
2698 4324 2755 4376 in
2786 4320 3067 4375 Parallelis
3099 4326 3255 4379 nobis
3278 4319 3876 4393 fragmentum'aliquod

2330 4414 2489 4481 hujus
2512 4413 2695 4481 scripti
2730 4413 3091 4475 conservavit,
3140 4415 3279 4481 quod
3320 4412 3693 4481 complectitur
3731 4409 3877 4463 refu-

2328 4504 2579 4557 tationem
2609 4517 2793 4556 eorum
2823 4502 2913 4569 qui
2956 4502 3261 4569 paradisum
3306 4512 3603 4555 terrestrem
3646 4500 3701 4553 in
3738 4500 3874 4553 caalo

2328 4595 2694 4657 collocabant,
2751 4602 2910 4659 atque
2950 4592 3141 4644 eximie
3198 4593 3569 4646 inliciabantur
3624 4592 3872 4644 eumdem

2328 4696 2444 4735 esse
2474 4698 2503 4735 e
2555 4695 2778 4736 numero
2827 4674 3197 4733 creaturarum
3241 4681 3402 4749 hujus
3457 4680 3693 4734 universi
3736 4679 3869 4749 (20).

689 4734 967 4815 πλάστους,
998 4749 1050 4794 et
1077 4746 1199 4815 περὶ
1231 4750 1597 4817 κοσμογονίας,
1648 4752 1731 4805 vel
1768 4751 2069 4819 ζωογονίας.
2114 4767 2231 4819 qua:

2335 4770 2580 4835 Quinimo
2638 4778 2857 4826 sanctus
2905 4784 3118 4838 quoque
3159 4770 3477 4824 Ambrosius
3512 4781 3722 4838 partem
3769 4769 3870 4821 ali-

758 4902 865 4973 (15)
902 4922 919 4952 ‹
942 4971 949 4973 Α
973 4902 1170 4955 Eodem
1220 4914 1457 4969 tempore
1492 4914 1547 4957 et
1583 4904 1961 4973 Hippolytus...
2012 4902 2226 4970 scripsit

688 4970 761 5045 sic;
788 4971 877 5037 τὴν
908 4971 1219 5045 ἐξαήμερον,
1244 4973 1335 5025 καὶ
1374 4973 1451 5035 εἰς
1496 4973 1561 5025 τὰ
1590 4970 1738 5043 lue-.31
1772 4970 1867 5043 ἑὴν
1911 4972 2225 5041 ἐξαὴμερονν

689 5044 739 5087 iu
766 5055 887 5102 opus
915 5056 999 5090 sea;
1028 5044 1245 5112 d_ierum,
1272 5052 1319 5095 et
1342 5044 1395 5095 in
1419 5059 1478 5095 ea
1504 5060 1617 5112 qua:
1648 5054 1760 5111 post
1798 5059 1894 5095 ’δεῖ
1917 5045 2022 5095 dies
2055 5058 2227 5095 come-

686 5117 806 5180 cutu
832 5109 1250 5180 sunt._)_Euseb.,
1284 5112 1352 5164 H.
1378 5112 1441 5164 Ε.
1479 5109 1569 5165 lil).
1601 5109 1673 5173 vi,
1702 5130 1816 5180 cap.
1848 5113 1933 5165 2‘2.

759 5176 865 5241 (“5)
911 5193 927 5222 ε
985 5175 1360 5247 Hippolytus...
1400 5182 1612 5249 scripsit
1659 5175 1939 5235 nonnullos
1984 5184 2033 5235 in
2082 5180 2225 5249 Scri-

687 5253 872 5319 pturas
918 5252 1347 5319 commentarios,
1398 5267 1427 5303 e
1486 5252 1681 5319 quibus
1729 5251 1826 5303 hos
1874 5253 2047 5319 reperi
2102 5268 2113 5302 :
2164 5248 2220 5301 ln

687 5314 1073 5382 Hexaemeron,
1110 5325 1159 5366 ιιι
1188 5318 1239 5368 in
1270 5314 1531 5382 Exoduni,
1577 5321 1628 5371 in
1668 5314 1949 5373 Canticnni
1984 5321 2221 5373 cantico-

682 5400 825 5507 Eun,
942 5380 1188 5435 Genesim
1240 5397 1291 5439 et
1316 5389 1367 5441 in
1402 5380 1733 5443 Zachariam.
1771 5407 1789 5439 ι
1832 5388 2136 5459 llieronym.
2167 5391 2217 5441 in

729 5464 824 5507 at..
930 5491 940 5501 .

729 5464 824 5509 αι..
854 5464 940 5502 b‘l.

780 5521 861 5579 Π)
904 5517 1093 5571 Merito
1138 5519 1225 5571 alii
1255 5524 1451 5595 eruditi
1492 5528 1625 5579 hanc
1656 5526 1909 5594 Scaligeri
1945 5527 2216 5595 conjectu—

681 5607 793 5643 ram
830 5592 1415 5666 _I'CSpllUlll,.qlllI_‘lll_
1448 5598 1602 5648 tertio
1656 5592 2015 5662 inscriptionis
2046 5592 2215 5650 'versu

680 5662 878 5712 mentio
899 5668 979 5711 cst
1014 5657 1189 5723 operis
1224 5659 1272 5709 in
1302 5657 1559 5725 Psalmos,
1586 5676 1638 5717 et
1668 5657 1858 5717 divisio
1882 5666 2217 5718 Psalmorutu

677 5733 731 5784 in
756 5728 1153 5803 pqmitentiales
1176 5729 1436 5803 posterior
1457 5740 1535 5783 est
1558 5744 1708 5785 suate
1736 5733 2019 5803 Hippolyti.

747 5795 856 5866 (t8)
897 5795 965 5850 Ea
1005 5798 1051 5851 Ie
1080 5796 1273 5867 Hoynii
1318 5799 1623 5866 conjectura
1659 5804 1723 5855 cl.
1758 5795 2019 5871 Basna'gio
2058 5804 2217 5856 etiam

2333 4918 2435 4956 non
2486 4907 2699 4959 arridet.
2754 4906 2960 4974 Quippe
2994 4919 3134 4974 vero,
3168 4905 3469 4970 proximum
3520 4912 3621 4965 est,
3671 4918 3872 4974 germa-

2332 4987 2675 5043 nosoperum
2713 4973 2974 5043 HippOlyli
3021 4973 3205 5025 titulos
3236 4978 3761 5043 Vstatucemarmoreaa
3790 4973 3870 5025 in-

2333 5040 2558 5113 scriptos
2605 5040 2793 5098 fuisse.
2819 5040 2945 5096 illos
2979 5058 3120 5113 Avero
3166 5042 3296 5113 suis
3326 5042 3662 5113 Hippolytum
3692 5043 3868 5109 operi-

2332 5110 2432 5161 bus
2467 5113 2735 5177 indidisse,
2763 5131 2895 5182 quos
2926 5111 3146 5165 adduxit
3173 5109 3224 5182 le
3252 5109 3647 5180 Moyui‘usfnon
3680 5113 3865 5178 liquet,

2332 5184 2705 5251 nequeieliam
2756 5180 2810 5236 lit
2842 5182 3112 5236 credibile.
3168 5180 3423 5251 Basnage,
3456 5182 3644 5236 Annal.
3681 5182 3747 5235 ad
3778 5197 3865 5235 au-

2331 5248 2600 5318 nuurﬁ'lg,
2628 5266 2745 5318 pag.
2786 5254 2908 5305 289.

2399 5316 2505 5383 (l9)
2538 5316 2721 5389 MAG:
2782 5320 3062 5375 Eiluardus
3110 5320 3408 5374 Bcrnardus
3445 5321 3570 5387 legit
3614 5320 3740 5389 περὶ
3773 5338 3863 5375 ιω-

2327 5388 2631 5459 ομογονίας,
2668 5400 2721 5440 ut
2753 5394 3073 5459 intelligatur
3102 5391 3239 5457 quod
3274 5404 3473 5459 veteres
3500 5391 3635 5440 inter
3666 5388 3861 5459 Hippo-

2322 5455 2413 5523 lyti
2446 5458 2637 5523 scripta
2675 5459 2888 5513 lauJant
2917 5455 3203 5512 comment.
3230 5460 3281 5511 in
3315 5457 3675 5511 Hexaemeron
3701 5502 3715 5526 ,
3736 5455 3748 5457 ⁷
3770 5455 3859 5513 aut

2320 5540 2446 5599 vero
2482 5526 2604 5599 περὶ
2650 5529 2846 5599 κῷσμου
2882 5530 3203 5590 συντελείας.
3238 5527 3468 5583 Thomas
3506 5526 3702 5581 Galeus
3742 5528 3861 5599 legit

2320 5593 2443 5667 step}
2475 5593 2783 5667 ἡγςμονίας,
2824 5599 2893 5651 De
2926 5600 3187 5667 regimine.

2345 5733 2355 5742 '
2392 5664 2499 5741 (2t!)
2538 5662 2691 5717 Joan.
2730 5662 3129 5723 Dainascftom.
3165 5664 3227 5732 ll,
3256 5680 3373 5735 pag.
3393 5663 3493 5722 787
3520 5667 3721 5725 noviss.
3756 5672 3857 5723 edi.

2322 5742 2500 5789 llOlllS.
