4104 6350
670 459 772 513 Si?

1629 460 1713 514 DE
1752 461 1911 514 VITA
1942 460 2031 525 ΕΤ
2070 410 2376 525 δςιέιρτιδ
2416 459 2472 513 S.
2514 454 2889 511 lllPPOLYTl.

3756 452 3861 506 5‘20

670 572 894 638 Basilii,
943 573 1229 643 Epiphanii
1281 584 1336 629 et
1378 575 1604 629 aliorum
1647 574 1901 637 Patrum,
1947 591 2087 645 quos
2138 576 2223 628 hic
2255 585 2295 632 A
2326 574 2526 627 ultimae
2556 572 2773 642 syllabae
2802 570 2909 623 sint
2936 568 3081 622 vocis
3114 565 3467 630 ΨΑΛΜΟΥΕ,
3503 575 3659 635 atque
3683 568 3866 634 ιιι-οἰη-

668 666 818 731 citat,
869 666 989 719 ideo
1037 668 1302 721 duntaxat
1329 676 1605 720 mutuatus
1642 666 1827 730 fuerit,
1873 675 1930 719 ut
1954 667 2097 735 operi
2124 683 2222 721 suo

667 756 902 826 aliquam
929 759 1266 829 dignitatem,
1314 774 1477 828 quam
1511 759 1562 811 in
1588 773 1646 813 se
1673 774 1779 811 non
1810 759 2057 823 habebat,
2079 776 2219 814 ,con-

668 847 905 902 eiliaret.
1156 880 1164 885 ~
1184 918 1187 919 ν

735 937 853 993 Nec
898 938 1095 995 desunt
1145 928 1460 1008 argumenta
1511 956 1608 1010 pro
1661 942 1979 996 ascribendo
2034 934 2227 996 sancto

666 1027 951 1104 Hippolyto
998 1030 1214 1098 aliquod
1263 1032 1581 1099 opusculum
1632 1046 1729 1086 seu
1771 1031 2218 1085 commentarium

624 1102 627 1108 λ
663 1119 719 1173 iu
750 1102 992 1189 quadam
1039 1119 1199 1188 primi
1228 1118 1431 1189 Regum
1463 1122 1584 1189 libri
1619 1122 1762 1186 loca,
1803 1122 2079 1189 inquibus
2108 1138 2220 1175 ser-

662 1224 754 1264 mo
801 1210 1029 1263 habetur
1070 1210 1137 1263 de
1184 1208 1415 1265 Helcana
1462 1221 1614 1280 patre
1659 1221 1712 1266 et
1736 1222 1875 1265 anna
1913 1209 2079 1265 Matre
2122 1211 2219 1265 Sa-

664 1298 857 1353 muelis
890 1298 1023 1369 (36).
1064 1297 1432 1356 Theodoretus
1477 1302 1591 1355 suis
1618 1301 1671 1355 in
1707 1300 1948 1371 Dialogis
1974 1304 2216 1371 quaedam

665 1386 829 1456 hujus
877 1388 1062 1457 scripti
1115 1388 1231 1443 loca
1290 1392 1444 1445 nobis
1489 1392 1834 1446 conservavit
1880 1408 1997 1462 quae
2043 1409 2073 1446 a
2118 1392 2221 1447 Fa-

660 1476 938 1531 bricio'in
983 1478 1219 1535 editione
1262 1496 1484 1550 operum
1537 1482 1710 1538 nostri
1756 1482 1936 1538 Saneti
1977 1483 2221 1538 referun-

660 1576 753 1621 tur
785 1566 919 1638 (37).

471 1655 474 1657 “
564 1712 567 1715 ν
662 1652 694 1726 ς
745 1653 833 1712 Ill.
908 1657 1325 1731 Commentarius
1390 1659 1448 1714 S.
1500 1659 1768 1731 Hippolyti
1827 1665 1883 1715 in
1930 1660 2141 1717 Saulem
2171 1672 2221 1717 et

1236 1730 1630 1799 Pythonissam.

728 1838 873 1892 idem
902 1837 959 1893 S.
992 1838 1311 1914 Hippolytus
1365 1844 1671 1915 composuit
1698 1843 1843 1898 aliud
1884 1845 2049 1898 etiam
2085 1858 2218 1913 Opu-

656 1929 869 1983 sculum
904 1931 958 1985 in
988 1933 1092 1986 alia
1126 1912 1289 2004 hujus
1322 1934 1380 1988 S.
1417 1912 1711 2005 Scriptum
1759 1936 1880 1990 libri
1910 1936 2046 2002 loca,
2098 1912 2217 2005 qua:
2249 1912 2287 1966 Β

658 2022 956 2090 respiciunt
988 2022 1202 2078 Saulem
1230 2035 1280 2079 et
1312 2025 1697 2096 Pythonissam.
1757 2026 2107 2105 Observatum
2134 2041 2218 2086 est

655 2121 851 2185 autem,
885 2128 916 2169 a
957 2115 1091 2171 viris
1137 2117 1311 2172 doctis
1339 2119 1451 2190 (58)
1487 2118 1828 2190 Hippolytum
1873 2136 1997 2175 raro
2027 2136 2214 2176 susce-

655 2204 803 2273 pisse
849 2204 1117 2277 integrum
1175 2209 1372 2281 librum
1410 2198 1701 2281 Scriptura:
1735 2213 2213 2283 interpretandum,

655 2295 752 2349 sed
786 2296 1040 2353 selectum
1079 2312 1479 2371 argumentum,
1529 2305 1983 2373 quemadmodum
2012 2322 2078 2361 ex
2101 2307 2213 2373 jam

650 2398 823 2454 supra
846 2387 1025 2455 dictis,
1079 2400 1243 2459 atque
1268 2393 1447 2448 adhuc
1477 2394 1743 2461 dicendis,
1794 2395 1993 2449 invicte
2018 2394 2216 2451 conﬁr-z

534 2545 545 2554 ί
656 2488 859 2537 matur.
916 2479 1353 2543 Commentarius
1383 2486 1448 2539 de
1479 2486 1642 2540 Saule
1671 2501 1734 2540 ae
1764 2485 2085 2556 Pythonissa
2114 2504 2213 2541 no-

654 2580 804 2625 tatur
851 2570 919 2624 ab
967 2561 1296 2643 Hieronymo
1345 2570 1457 2643 (39)
1498 2574 1639 2628 inter
1696 2574 1801 2627 alia
1840 2574 2012 2628 sancti
2043 2577 2214 2631 nostri

655 2661 899 2718 doctoris
929 2678 1113 2733 opera.
1525 2710 1529 2714 .

624 2769 625 2773 ‘
658 2814 661 2815 ν
725 2753 1065 2808 Conveniunt
1086 2756 1247 2809 etiam
1279 2754 1376 2808 viri
1407 2754 1573 2820 docti,
1611 2757 1753 2824 quod
1786 2757 2043 2826 praefatus
2072 2758 2207 2829 Hip-

656 2844 823 2913 polyti
875 2847 1294 2901 commentarius
1325 2848 1378 2899 in
1410 2847 1587 2902 tabula
1619 2847 1801 2904 Graeca
1852 2862 1948 2918 per
1974 2853 2211 2905 vocabu-

652 2935 770 2989 lum
796 2935 896 2989 hoc
923 2933 1078 2991 ITAC
1107 2938 1461 2993 ΤΡΙΜΥΘΟΝ
1487 2939 1819 3011 designetur,
1841 2956 1904 2995 ex
1929 2956 2036 3008 quo
2060 2957 2209 2996 eom-

655 3042 856 3096 ponere
888 3027 1075 3082 volunt
1106 3029 1695 3099 ΕΓΓΑΟΤΡΙΜΥΘΟΝ,
1722 3032 1865 3103 quod
1895 3048 2088 3087 nomen
2116 3034 2213 3089 Se-

656 3118 931 3188 ptuaginta
970 3117 1292 3189 luterpretes
1334 3122 1671 3192 Pythonissae
1704 3123 1756 3176 in
1785 3121 1964 3178 Endor
2001 3124 2208 3179 indide-

2319 664 2385 717 de
2401 663 2727 732 originarius
2744 662 2927 715 titulus
2951 660 3111 713 fuerit
3137 663 3213 723 εἰς
3231 659 3356 721 τοὺς
3369 657 3646 727 Ψαλμούς.
3682 656 3755 709 Ex
3782 658 3866 709 lo-

2319 755 2515 825 queruli
2576 753 2735 806 modo
2794 751 2855 814 Ι).
2914 751 3221 822 Hieronymi
3278 748 3566 803 verisimile
3628 748 3863 808 videtur.

2318 842 2463 909 quod
2519 842 2606 893 ille
2658 840 2977 893 intellexerit
3022 837 3468 892 commentarium
3516 836 3567 889 in
3598 837 3865 905 integrum

2317 931 2668 992 Psalterium;
2702 931 2776 982 ait
2810 931 2950 983 enim
2988 948 3001 982 :
3030 928 3341 997 Hippolytus
3369 965 3383 979 .
3414 968 3428 981 .
3453 966 3467 979 .
3503 927 3707 993 scripsit
3737 942 3870 978 nats-

2319 1022 2488 1072 nullos
2519 1020 2571 1071 in
2603 1018 2906 1087 Scripturas
2932 1018 3349 1081 commentarios,
3388 1032 3416 1069 ε
3448 1016 3633 1086 quibus
3661 1017 3753 1067 hos
3786 1031 3871 1067 re-

2318 1113 2427 1180 peri
2455 1126 2472 1163 :
2499 1112 2555 1163 in
2582 1110 2942 1163 Hexaemeron
2966 1150 2980 1164 .
3008 1150 3021 1160 .
3049 1149 3064 1162 .
3095 1111 3156 1163 de
3180 1108 3408 1162 Psalmis
3435 1108 3567 1179 (4‘2).
3622 1105 3873 1175 Quapro-

2316 1212 2437 1271 pter
2489 1201 2829 1270 Sealigenet
2878 1202 2927 1255 le
2969 1200 3213 1271 Moynius
3266 1199 3570 1253 nullatenus
3594 1198 3871 1259 dubitant.

2317 1294 2445 1362 quin
2504 1291 2561 1346 S.
2590 1286 2908 1363 Hippolytus
2953 1301 3134 1347 noster
3176 1292 3231 1345 in
3279 1290 3595 1346 enarrandis
3636 1289 3873 1344 Psalmis
3920 1348 3925 1352 ἢ

2317 1400 2536 1455 operam
2589 1400 2741 1440 suam
2790 1384 3087 1439 collocarit.
3138 1382 3301 1438 Addit
3330 1392 3585 1452 praeterea
3628 1382 3676 1435 le
3716 1379 3871 1449 Moy-

2316 1480 2442 1533 nius
2464 1477 2576 1548 (45)
2603 1480 2651 1531 id
2681 1485 2828 1531 certo
2856 1475 3054 1529 certius
3094 1474 3268 1544 colligi
3300 1488 3457 1543 posse
3482 1489 3549 1527 ex
3576 1473 3782 1533 Catena
3813 1474 3869 1527 in

2316 1566 2581 1632 Psalmos,
2630 1581 2751 1635 quae
2779 1566 2959 1620 codice
2986 1563 3087 1618 Ms.
3117 1572 3425 1619 asservatur
3451 1564 3504 1616 in
3538 1564 3871 1617 bibliotheca

2317 1657 2551 1713 Medicea
2606 1659 2911 1713 Florentiae.
2956 1655 3352 1711 .Theodoretus
3398 1655 3524 1710 bina
3566 1653 3870 1725 fragmenta

2318 1747 2510 1800 exinde
2554 1748 2712 1817 etiam
2742 1747 2960 1801 exhibet
2990 1745 3123 1816 (44),
3166 1746 3397 1812 primum
3436 1759 3502 1800 ex
3523 1743 3872 1798 Commenta-

2320 1835 2416 1889 riis
2456 1837 2520 1889 vin
2555 1838 2822 1905 psalmum
2887 1852 2959 1901 ιι,
3007 1836 3299 1891 secundum
3337 1851 3405 1889 ex
3452 1834 3870 1891 Commentariis

2318 1926 2370 1978 iu
2414 1927 2677 1995 psalmum
2731 1944 2897 1993 χχιιι,
2944 1925 3036 1982 seu
3079 1942 3222 1981 xxtv.
3282 1925 3440 1982 Teste
3494 1925 3871 1982 Alberto'Fa-

2318 2019 2487 2072 bricio
2512 2019 2621 2088 (45)
2666 2021 2826 2073 etiam
2869 2018 3135 2089 Hippolyti
3169 2019 3429 2086 expositio
3460 2018 3649 2088 psalmi
3683 2034 3741 2071 Ix
3767 2018 3871 2073 ha—

2317 2108 2475 2164 betur
2522 2109 2662 2162 inter
2708 2124 2842 2163 mss.
2891 2110 3224 2173 bibliotheca:
3271 2109 3591 2179 Bodleianae.
3674 2106 3871 2179 Operis

2316 2201 2479 2270 hujus
2508 2202 2980 2272 bypothesin‘sive
3012 2202 3377 2272 praefationem
3422 2220 3553 2259 mss.
3582 2218 3642 2258 se
3664 2198 3874 2258 habere

2316 2298 2543 2347 testatus
2597 2301 2681 2345 est
2720 2289 2955 2346 Thomas
2986 2291 3203 2346 Galeus.
3246 2290 3444 2347 Habuit
3481 2302 3535 2348 et
3565 2292 3873 2347 Alexander

2314 2379 2516 2447 Morus,
2570 2382 2661 2451 qui
2692 2381 2872 2436 laudat
2897 2384 3039 2437 notis
3062 2383 3128 2436 ad
3157 2380 3365 2437 Novum
3392 2372 3609 2447 Foedus,
3647 2383 3715 2437 ad
3765 2381 3874 2443 He-

2315 2472 2489 2529 braeos
2524 2490 2578 2537 x,
2606 2475 2657 2528 5.
2709 2472 3014 2544 Stephanus
3045 2476 3094 2529 le
3118 2474 3309 2547 Moyne
3349 2485 3401 2530 et
3421 2476 3720 2530 Alexander
3747 2477 3873 2529 Mo-

2315 2579 2410 2619 rus
2441 2566 2544 2620 hoc
2571 2564 2840 2637 Hippolyti
2873 2578 3246 2637 argumentum
3273 2569 3603 2622 enarrationi
3636 2570 3688 2619 in
3714 2565 3873 2622 Psal-

2315 2674 2431 2713 mos
2459 2663 2795 2725 praemissum
2840 2661 2998 2730 primi
3037 2663 3425 2731 produxerunt,
3453 2663 3542 2716 sed
3568 2661 3747 2715 minus
3781 2661 3870 2717 in-

2297 2739 2540 2819 tegrum,
2583 2753 2871 2821 minusque
2911 2754 3253 2807 emendatum
3286 2752 3419 2824 (46),
3449 2751 3725 2806 Fabricius
3770 2766 3871 2805 au-

2316 2849 2419 2893 tem
2440 2850 2493 2894 et
2512 2841 2827 2898 Gallandius
2846 2859 2876 2895 e
2898 2858 3031 2898 mss.
3057 2846 3124 2897 el.
3148 2845 3251 2898 viri
3274 2844 3490 2898 Thema:
3512 2842 3656 2897 Galei
3680 2858 3869 2897 emen-

2313 2932 2491 2986 datius
2540 2934 2806 2988 dederunt
2849 2933 2984 3005 (47).
3032 2932 3221 2999 Iudice
3284 2936 3539 3005 perducto
3596 2933 3869 2990 Ceillierio

2314 3020 2448 3092 (48),
2495 3021 2887 3076 Demonstratio
2928 3035 3110 3079 contra
3156 3023 3373 3079 Judteos
3414 3041 3444 3079 a
3475 3024 3742 3080 Turriauo
3763 3024 3867 3079 La-

2316 3116 2424 3167 tine
2443 3127 2496 3169 et
2520 3115 2616 3169 abs
2646 3114 2891 3170 Fabricio
2922 3116 3032 3186 (49)
3064 3115 3247 3171 Graec
3273 3118 3437 3183 edita,
3468 3120 3864 3173 consectarium

657 3220 804 3274 runt,
848 3225 970 3277 quas
1013 3226 1041 3264 a
1079 3212 1241 3265 Saule
1272 3213 1621 3281 interrogata,
1673 3212 1879 3268 artibus
1923 3223 1975 3268 et
2001 3218 2209 3283 praesti-

2312 3221 2432 3266 esse
2460 3206 2671 3260 videtur
2704 3205 3077 3260 Commentarii
3108 3206 3167 3263 S.
3204 3206 3472 3280 Hippolyti
3500 3209 3551 3262 in
3579 3208 3865 3273 Psalmos;

654 3301 761 3371 giis
828 3302 982 3364 suis,
1042 3301 1309 3357 Samuelis
1376 3304 1624 3357 umbram
1696 3305 1971 3360 excitavit.
2050 3307 2213 3363 Extra

652 3404 873 3444 omnem
906 3390 1259 3446 dubitationis
1304 3393 1475 3447 aleam
1524 3394 1761 3463 positum
1798 3396 1953 3451 nobis
1982 3399 2211 3464 videtur,

656 3491 947 3536 tractatum
999 3480 1058 3535 S.
1103 3481 1370 3555 Hippolyti
1426 3495 1697 3555 spectasse
1729 3489 1910 3557 potius
1938 3489 2077 3545 hanc
2114 3491 2215 3562 Py-

657 3572 982 3639 thonissam,
1026 3591 1186 3644 quam
1227 3577 1394 3639 illam,
1435 3579 1501 3631 de
1543 3594 1647 3646 qua
1677 3580 1934 3634 Actorum
1965 3595 2082 3650 cap.
2118 3599 2204 3636 ινι

536 3687 562 3733 ί
655 3658 861 3719 mentio
892 3665 1153 3733 habetur;
1187 3668 1309 3723 licet
1340 3666 1580 3738 Scaliger
1608 3672 1815 3742 putarit
1842 3672 1982 3727 hanc
2009 3674 2211 3728 intelli-

654 3754 890 3825 gendam
921 3771 1061 3809 esse.

914 3844 1063 3915 §’lV.
1142 3844 1558 3901 Commentarius
1588 3850 1643 3903 in
1674 3850 1938 3906 Psalmos.

728 3930 787 3987 S.
823 3931 1201 4003 Hieronymus,
1237 3936 1538 4007 catalogum
1566 3955 1784 4008 operum
1837 3944 1894 3998 S.
1940 3942 2208 4015 Hippolyti

657 4045 1011 4099 prosequens,
1035 4014 1287 4085 recenset
1314 4033 1478 4086 etiam
1518 4033 1955 4093 Commentarium
1978 4042 2031 4094 in
2052 4039 2207 4094 Psal-

658 4138 767 4174 mos
795 4122 928 4191 (40).
975 4122 1181 4178 Asserit
1212 4124 1279 4177 cl.
1313 4124 1362 4178 le
1390 4124 1635 4195 Moynius
1671 4120 1958 4185 Eusebium
1992 4150 2207 4203 quoque

655 4212 801 4267 hunc
843 4219 1291 4270 commentarium
1337 4216 1393 4270 S.
1420 4215 1703 4288 Hippolyto
1732 4224 2067 4291 ascripsisse.
2104 4228 2207 4282 Sed

656 4305 722 4356 de
748 4303 852 4357 hoc
873 4306 984 4359 sive
1008 4304 1310 4361 Eusebiano
1344 4318 1510 4372 textu,
1550 4308 1661 4362 sive
1695 4311 1746 4362 in
1792 4311 1935 4366 illius
1959 4317 2207 4369 versione

658 4392 805 4445 nulla
844 4394 963 4447 vola
996 4395 1221 4449 habetur
1246 4398 1376 4465 (4i).
1438 4398 1493 4452 Id
1521 4413 1648 4453 vero
1696 4410 1846 4453 extra
1897 4414 2207 4459 controver-

660 4476 818 4549 siam,
868 4485 1012 4553 quod
1045 4488 1098 4539 in
1127 4490 1302 4543 tabula
1329 4489 1513 4547 Graeca
1548 4491 1629 4547 ha:
1663 4492 1881 4564 syllabae
1904 4493 2203 4559 ΔΛΜΟΥΣ,

880 4617 1184 4695 IilletnOnt,
1215 4620 1507 4695 Henioires,
1545 4634 1653 4679 tom
1686 4625 1771 4691 ΙΙΙ,
1805 4642 1929 4695 pag.
1957 4626 2078 4681 408.

880 4686 1120 4766 fabriem
1151 4698 1280 4766 tom.
1311 4686 1833 4766 IOpp.rllip_pol.,'p'.
1874 4686 1996 4749 967.

726 4756 852 4830 (58)-
883 4758 1163 4827 Scaliger.,
1196 4756 1472 4830 Observat.
1502 4765 1554 4817 iu
1584 4756 1851 4819 Cononem
1880 4766 2207 4830 Paro/talem,

656 4830 794 4905 apud
816 4828 1052 4905 Fabric,
1070 4839 1201 4905 tom.
1228 4827 1408 4905 lOpp.
1436 4831 1665 4899 llippol.,
1685 4852 1804 4905 pag.
1831 4837 1891 4889 8l
1918 4827 2204 4901 ;Maurini,

715 4900 1101 4978 is_tLIli_t_teraire
1143 4899 1207 4951 de
1242 4903 1311 4978 _la
1352 4899 1585 4978 ‘lj‘rance,
1650 4899 1780 4957 tom:
1921 4899 2049 4978 pag.
2081 4899 2204 4961 374.

730 4967 845 5045 (59)-
878 4969 1186 5045 Hieronytn.
1240 4968 1292 5045 in
1336 4970 1605 5045 _Catalog._,
1632 4984 1774 5045 icap.
1828 4967 1945 5041 61,.
1974 4967 2065 5045 qvui
2120 4994 2208 5031 re-

655 5035 1135 5114 ferthippolytiim
1158 5040 1441 5114 scripsisse
1471 5035 1594 5112 πέρὶ
1630 5035 1770 5095 Σαῧλ
1799 5035 2192 5114 καὶἩῦθωνος,

655 5106 720 5159 de
740 5103 915 5177 Scala:
929 5103 994 5160 σι’
1011 5103 1348 5177 Ρῃιὴοηὶδὲα.

880 5174 1213 5246 ﬂicrodyrn.,
1248 5182 1283 5233 Ι.
1312 5197 1361 5234 c.

729 5245 839 5313 (4|)
872 5244 1140 5326 ‘Eusebius
1159 5290 1173 5311 ,
1204 5262 1423 5326 notante
1446 5251 1516 5306 cl.
1539 5250 1829 5326 _C_eillierio
1859 5251 2000 5307 Hist.
2033 5260 2203 5326 génér.

656 5315 747 5367 des
791 5324 1208 5394 auteurszhtom.
1253 5319 1321 5394 ll,
1371 5338 1490 5392 pag.
1537 5321 1663 5385 522,
1715 5331 1824 5376 not.
1854 5315 2204 5394 e,4_exi'guam

656 5400 878 5453 operum
918 5384 973 5436 δ.
1002 5382 1262 5458 Hippolyti
1310 5382 1510 5457 partem
1550 5382 1809 5454 recenset,
1863 5382 2106 5448 addendo
2136 5407 2208 5449 ta-

654 5460 1041 5532 Incunctanter
1062 5455 1173 5532 haec
1194 5455 1358 5513 verba
1389 5475 1401 5511 :
1430 5478 1448 5511 σ
1473 5462 1574 5516 Sed
1601 5472 1654 5517 et
1677 5463 1780 5516 alia
1812 5462 2041 5532 plurima
2066 5468 2207 5532 apud

650 5529 787 5579 alios
836 5533 1109 5646 asgsgrvata
1140 5526 1262 5580 licet
1292 5532 1541 5594 reperire.
1582 5552 1600 5583 ι
1653 5526 1875 5597 Euseb.,
1909 5530 1981 5586 H.
2008 5533 2075 5587 Ε.
2102 5526 2204 5591 ἸίΙ).

652 5609 707 5646 v.
738 5610 853 5646 ean.
960 5633 974 5645 .

652 5609 707 5659 ν,
738 5610 853 5659 cap.
883 5609 974 5646 zz.

725 5610 853 5740 (ξέίῖ
880 5610 1188 5740 ᾗῗέςρηγιη.
1224 5664 1275 5740 in
1305 5664 1568 5738 Catalog.,
1602 5686 1722 5740 cap.
1754 5672 1840 5728 Gl.

725 5734 837 5811 (με)
981 5732 1193 5811 Moyne,
1240 5734 1357 5811 l_’_ar_.
1393 5732 1525 5811 ισοξ,
1560 5732 1688 5797 ιοιιιξ
1722 5742 1785 5804 ιι,
1819 5760 1942 5811 pag.
1972 5744 2096 5799 992.

728 5802 840 5877 (μ)
880 5802 1206 5882 Τὴςοεμπει.
1233 5805 1439 5882 dialogi
1473 5807 1496 5882 ι
1528 5821 1581 5882 et
1605 5811 1660 5873 a,
1700 5802 1957 5882 pagSsti;
2015 5815 2206 5882 Hippo-

660 5872 750 5942 lyti
789 5882 917 5928 tom.
961 5875 976 5929 l
1027 5872 1163 5944 Opp.
1214 5875 1351 5949 apud
1388 5872 1655 5945 Fabric,
1682 5872 1812 5951 pag:-
1859 5872 1982 5941 268.
2020 5872 2203 5939 Fabri-

2318 3314 2441 3353 nam
2492 3299 2706 3368 proprie
2755 3298 3023 3368 loquendo
3067 3300 3154 3353 illa
3204 3300 3591 3356 demonstratio
3616 3316 3727 3375 [non
3762 3299 3897 3368 est,’

2317 3397 2420 3451 nisi
2461 3394 2806 3465 paraphrasis
2851 3394 3043 3467 psalmi
3075 3395 3392 3463 sexagesimi
3424 3396 3620 3450 octavi.
3679 3394 3866 3465 Neque

2316 3487 2402 3539 hic
2444 3486 2662 3556 aliquod
2713 3485 3031 3540 observatur
3081 3483 3339 3551 judicium
3373 3487 3550 3554 operis
3581 3486 3865 3555 cujusdam

2314 3578 2437 3631 data
2486 3592 2648 3645 opera
2687 3576 2939 3631 confecti.
3001 3572 3103 3628 Sed
3125 3589 3191 3627 ex
3216 3578 3519 3644 occasione,
3547 3593 3651 3646 qua
3676 3587 3866 3631 auctor

2313 3669 2589 3723 veritatem
2643 3670 2918 3738 religionis
2966 3666 3288 3722 Christiana
3336 3669 3593 3725 adversus
3641 3668 3861 3723 Judzeos

2313 3758 2522 3827 probat,
2570 3759 2637 3815 ad
2678 3760 2837 3814 verba
2883 3760 3047 3828 hujus
3073 3758 3264 3828 psalmi
3306 3759 3506 3815 ludatis
3546 3758 3863 3827 exponenda

2312 3850 2631 3903 naturaliter
2693 3850 3055 3918 trahebatur;
3126 3859 3285 3919 atque
3348 3860 3623 3920 propterea
3706 3848 3862 3916 juxta

2312 3956 2528 3997 omnem
2561 3942 3086 3999 verisimilitudinem
3118 3942 3335 4011 quidam
3364 3944 3583 4011 copistae
3604 3940 3732 3993 huic
3758 3942 3864 3994 tra—

2311 4043 2527 4105 gmento
2554 4034 2919 4102 ascripserunt
2952 4037 3165 4090 titulum
3197 4035 3273 4087 De
3300 4033 3741 4087 demonstratione
3769 4032 3863 4086 ad—

2307 4141 2481 4178 t'ersus
2510 4122 2741 4177 Judtros.
2768 4142 2785 4174 ι
2816 4123 3041 4189 Quidam
3067 4122 3415 4178 nihilominus
3436 4122 3536 4175 viri
3563 4120 3702 4175 docti
3738 4137 3863 4191 per-

2308 4217 2617 4269 suasionem
2677 4214 2951 4280 habentes,
3006 4217 3177 4286 pergit
3225 4214 3544 4281 Ceillierius,
3595 4218 3741 4284 quod
3797 4213 3895 4269 5..

2309 4307 2623 4378 Hippolytus
2672 4314 2955 4360 tractatum
3010 4309 3275 4377 integrum
3340 4306 3597 4362 adversus
3644 4307 3858 4362 Judteos

2305 4402 2616 4465 elaborarit,
2667 4398 2913 4453 eumdem
2969 4399 3302 4471 designatum
3349 4401 3636 4454 credebant
3684 4400 3738 4452 in
3774 4407 3854 4451 ta-

2308 4496 2431 4547 bula
2465 4508 2685 4562 operum
2735 4489 2943 4557 lapidea
2984 4491 3131 4545 hisce
3177 4501 3408 4561 quatuor
3431 4491 3631 4546 Graecis
3656 4490 3849 4544 litteris

2238 4594 2280 4645 1)
2312 4584 2489 4652 IOYC,
2516 4600 2653 4653 quas
2685 4583 2900 4637 ultimas
2928 4596 3048 4635 esse
3070 4585 3314 4638 vocabuli
3353 4583 3640 4647 Ἰουδαίους
3668 4580 3858 4637 existi-

2310 4724 2425 4778 cius
2452 4726 2637 4790 etiam,
2686 4739 2805 4793 pag.
2843 4719 2967 4793 269,
3018 4719 3215 4788 allegat
3250 4736 3313 4793 ex
3345 4720 3677 4775 Theodoreto
3718 4735 3858 4774 com-

2308 4797 2630 4847 mentarium
2667 4790 2718 4846 in
2750 4790 3012 4861 psalmum
3041 4804 3228 4853 cxvm,
3255 4790 3425 4861 juxta
3458 4808 3576 4854 nos,
3623 4801 3677 4844 et
3707 4806 3855 4861 ests,

2304 4863 2457 4930 juxta
2486 4858 2769 4928 Hebraeos;
2800 4863 2891 4917 sed
2920 4869 2977 4914 ut
3006 4869 3231 4930 censent
3254 4858 3481 4930 Maurini
3511 4862 3678 4915 nostri
3710 4860 3854 4912 Hist.

2309 4927 2471 4985 littér.
2518 4937 2581 4985 de
2612 4937 2664 4986 la
2693 4927 2919 4996 France,
2974 4940 3104 4983 tom.
3132 4927 3173 4990 Ι,
3208 4945 3327 4996 pag.
3377 4929 3499 4994 574,
3541 4942 3653 4984 not.
3692 4931 3742 4993 l,
3791 4943 3856 4981 ex

2310 5002 2449 5055 male
2480 5002 2763 5057 intellectis
2809 5002 2967 5069 hujus
2997 4998 3171 5053 Patris
3198 4998 3394 5062 verbis,
3439 5016 3560 5069 qua:
3582 5016 3686 5053 non
3717 5003 3857 5069 hunc

2306 5069 2603 5133 Psalmum,
2637 5073 2728 5125 sed
2758 5066 3038 5124 Canticum
3070 5069 3401 5122 canticorum
3437 5066 3685 5123 iimuunt.
3738 5066 3853 5119 Vid.

2309 5140 2524 5194 llenric.
2556 5140 2754 5205 Vales.,
2789 5150 2898 5194 not.
2930 5156 2979 5194 c.
3006 5140 3058 5193 in
3085 5137 3282 5193 Euseb.
3315 5138 3387 5193 Η.
3419 5138 3483 5193 Ε.
3510 5140 3606 5194 lib.
3636 5154 3707 5202 vr,
3735 5150 3850 5203 cap.

2298 5209 2397 5276 '22,
2426 5227 2545 5281 pag.
2573 5210 2696 5265 249.

2694 5279 2942 5345 Fabrie.,
3003 5279 3249 5335 Biblioth.
3299 5278 3504 5342 (Ima,
3558 5288 3687 5331 tom.
3734 5274 3848 5338 eit.,

2381 5369 2430 5405 α.
2580 5390 2593 5404 .

2346 5370 2430 5406 32.
2469 5370 2593 5405 Ζυυ.

2310 5369 2840 5496 pa(84.9)zuljt;_lli_oyne,
2884 5420 3007 5496 Var:
3042 5438 3174 5496 sua,
3210 5429 3339 5496 tom.
3392 5415 3454 5496 ll,
3490 5430 3610 5484 pag.
3643 5412 3800 5496 97:11;

2382 5483 2491 5561 (47)
2532 5483 2765 5561 Fabricl,
2820 5491 2998 5561 tonui
3056 5490 3191 5559 Opp.
3220 5488 3541 5561 Hippolytu,“
3560 5500 3673 5552 pug
3707 5483 3847 5549 “3.67;

2309 5556 2576 5621 Galland...
2608 5560 2855 5615 Hiblioth.
2894 5560 3003 5615 PP.
3037 5556 3165 5613 toni.
3197 5562 3259 5617 ll.
3286 5574 3406 5625 pag.
3440 5556 3561 5607 486.

2378 5574 2576 5621 illam]...
2608 5574 2855 5615 HtDttotn.
2894 5574 3003 5615 ΥΡ.
3037 5574 3165 5613 tom.
3197 5574 3406 5678 Infag.
3440 5574 3561 5607 aeu.

2378 5633 2489 5702 (48)
2529 5632 2678 5685 Hemi
2726 5631 2957 5702 @eillier,
3011 5642 3143 5684 tom.
3174 5632 3218 5680 ll
3297 5626 3409 5679 list.
3443 5628 3613 5693 génér.
3643 5625 3727 5677 des
3757 5639 3848 5675 au-

2312 5700 2473 5765 teurs,
2505 5719 2623 5771 pag.
2656 5700 2779 5755 522.
2817 5767 2841 5771 _
2994 5765 3020 5771 _
3090 5704 3127 5771 ,ι

2379 5760 2763 5841 (49)’ίῖ“ἕι›ι·ἱε.,
2808 5767 2943 5839 Opp.
2990 5765 3046 5821 S.
3089 5765 3357 5836 llippulyt.
3394 5773 3524 5820 tom.
3562 5761 3623 5831 ll,
3667 5760 3849 5835 p33,?

2309 5851 2359 5896 ct
2388 5856 2501 5912 seq.
