4104 6350
260 371 357 454 sit

1212 372 1297 426 oc
1335 371 1492 427 vm
1525 369 1613 425 ET
1654 339 1965 426 SClttP'l‘lS
2003 368 2063 422 s.
2103 367 2485 425 H2PPOLYTI.

3334 380 3444 436 322

260 500 427 553 rant.
459 502 519 547 ut
547 493 684 548 adeo
719 493 846 549 inde
870 493 1081 548 laudata
1127 494 1180 547 in
1210 493 1389 547 tabula
1419 494 1699 563 legendum
1731 494 1801 545 sit
1828 498 1871 552 Α
1900 489 2013 543 sius
2060 489 2239 544 locum
2281 490 2416 545 satis
2444 487 2890 545 eonsiderahilem
2915 505 2981 545 ex
3012 505 3078 545 eo
3118 493 3273 549 nobis
3292 510 3443 550 .con-

273 583 564 650 ’Δπόδειξις
581 586 719 657 πρὸς
734 588 858 648 τοὺς
884 586 1179 649 Ἰουδαίους,
1198 601 1288 639 seu
1303 585 1439 649 κατὰ
1452 587 1573 648 τοὺς
1588 585 1802 638 Ἰουδαί-

260 692 391 740 ους,
422 673 835 731 νυευκοηεεηιιὶο
876 666 1117 730 aduersus
1144 676 1377 729 Juda'os.
1435 676 1629 731 Verum
1692 679 1803 731 haec

259 768 569 836 conjectura
594 768 751 821 omni
774 765 1121 821 fundamento
1154 768 1482 821 destituitur.
1516 770 1691 836 Atque
1716 782 1802 820 sa-

262 860 368 913 tius
389 866 671 928 propterea
698 868 782 913 est
807 861 1033 928 ingenue
1061 857 1213 914 fateri
1245 860 1596 928 ignorantiam
1622 858 1798 936 quoad

259 949 571 1002 reiationem
616 938 846 1019 quatuor
873 951 1059 1004 harum
1089 951 1406 1017 litterarum,
1466 968 1623 1020 quam
1658 951 1710 1005 in
1741 966 1799 1005 re

258 1040 391 1094 adeo
429 1040 663 1093 obscura
711 1040 935 1096 divinari
966 1041 1116 1096 velle.
1156 1063 1175 1097 ι
1206 1040 1473 1096 Hactenus
1501 1042 1569 1097 cl.
1618 1041 1799 1097 Remi-

235 1130 375 1200 ‘gins
402 1129 723 1185 Ccillierius.

261 1239 287 1310 ς
322 1238 384 1295 ν.
414 1239 833 1294 ϐοηιηιεπ.ατὶιιε
881 1242 933 1293 in
969 1240 1097 1312 AVII
1141 1241 1379 1294 Psalmos
1420 1227 1796 1312 pauitantiales

731 1326 830 1363 non
858 1323 933 1364 est
956 1308 1013 1365 S.
1043 1310 1330 1380 Hippolyti.
1422 1308 1459 1315 ”
1560 1334 1563 1337 ·

321 1399 527 1455 Praeter
559 1382 701 1456 hunc
744 1402 1181 1455 Commentarium
1220 1405 1273 1456 in
1304 1418 1491 1458 omnes
1531 1403 1794 1465 Psalmos.
1844 1442 1845 1445 η

259 1491 605 1545 doctissimus
641 1491 908 1561 Iosephus
934 1492 1169 1561 Scaliger
1197 1495 1366 1565 eidem
1398 1506 1584 1550 sancto
1613 1506 1797 1551 nostro

261 1582 542 1654 Hippolyto
567 1585 836 1654 sigillatim
868 1586 1089 1639 ascribit
1110 1587 1333 1654 insuper
1355 1586 1796 1640 Commentarium

255 1676 306 1726 in
338 1684 531 1744 septem
558 1672 799 1728 Psalmos
825 1677 1204 1743 paenitentiales
1228 1676 1359 1747 (50).
1405 1676 1605 1732 Verum
1656 1694 1793 1746 quo-

256 1765 399 1817 niam
431 1765 779 1820 doctissimus
815 1766 896 1818 vir
934 1766 1194 1821 duntaxat
1242 1768 1433 1823 nititur
1472 1770 1791 1839 interpreta-

1904 578 2135 632 scrvavit
2168 577 2312 646 (56);
2344 593 2504 656 quem
2547 576 2731 633 Graece
2756 594 2821 634 ac
2859 579 3047 636 Latine
3074 572 3357 646 Fabricius
3387 592 3443 641 et
3505 594 3508 598 '

1901 666 2214 721 Gallandius
2254 668 2397 725 inter
2436 667 2508 724 S.,
2536 666 2803 739 Hippolyti
2833 686 2995 739 Opera
3032 672 3267 728 referunt
3304 672 3441 747 (57).

1899 756 2012 811 Hoc
2055 759 2351 837 fragmento
2393 757 2450 812 S.
2483 758 2641 814 Pater
2684 762 2879 815 librum
2912 761 3197 831 Sapientia:
3224 781 3253 819 a
3286 765 3444 824 Salo-

1899 862 2057 900 mone
2095 848 2450 919 perscriptum
2483 852 2760 920 agnoscit,
2812 855 3260 921 quemadmodum
3301 856 3442 914 Pro-

1898 938 2099 1001 verbia,
2157 937 2515 994 Ecclesiasten
2569 950 2622 994 et
2674 941 2894 996 Cantica
2945 945 3300 1000 canticorum.
3351 947 3443 1005 Ait
3554 1005 3564 1016 η

1895 1027 2057 1080 etiam
2105 1027 2466 1095 salomonem,
2498 1030 2727 1087 dicendo
2766 1030 3046 1095 Canticum
3084 1036 3437 1103 canticorum,

1896 1117 2198 1185 signiﬁcare
2244 1119 2478 1175 voluisse
2523 1136 2581 1175 se
2627 1121 2701 1183 id,
2754 1123 2897 1190 quod
2938 1126 3316 1183 continebatur
3360 1109 3440 1185 ter

1896 1209 2042 1262 mille
2087 1209 2207 1264 odis
2252 1225 2343 1265 seu
2368 1210 2618 1273 canticis,
2663 1212 2769 1266 hoc
2799 1229 2907 1268 uno
2946 1212 3440 1285 comprehendisse.

1899 1299 2008 1355 llae
2031 1315 2244 1369 quoque
2270 1301 2551 1356 occasione
2577 1303 2705 1357 dum
2743 1303 2798 1359 S.
2826 1305 3142 1377 Hippolytus
3170 1311 3442 1379 explicare
3495 1326 3497 1329 ‘

1896 1392 2218 1460 aggreditur,
2251 1391 2394 1460 quod
2438 1390 2715 1459 Scriptura
2758 1397 2921 1451 refert
2963 1397 3029 1453 de
3058 1401 3255 1454 seleetu
3302 1402 3440 1457 seri-

1895 1491 2107 1549 ptorum
2128 1483 2367 1537 omnium
2391 1482 2695 1539 Salomonis
2716 1488 2784 1562 ab
2810 1489 3000 1546 amicis
3028 1489 3270 1546 Ezechiae
3299 1494 3466 1562 regis

1898 1573 2054 1636 laeto,
2092 1581 2314 1628 testatur
2346 1574 2471 1629 illos
2516 1560 2789 1644 sapientes
2819 1580 2973 1642 'viros
3001 1596 3063 1634 ea
3110 1560 3382 1637 duntaxat
3409 1599 3442 1639 e

1895 1664 2107 1731 scriptis
2140 1664 2442 1727 Salomonis
2470 1666 2893 1737 selegisse,.quze
2932 1670 2997 1725 ad
3029 1671 3439 1727 aediﬁcationem
3506 1662 3509 1667 ’

1895 1754 2145 1809 Ecclesia:
2171 1756 2450 1810 servirent.
2478 1756 2671 1811 Libros
2719 1773 2845 1813 vero
2872 1757 3175 1816 Salomonis
3198 1761 3440 1818 Parabo-

258 1856 391 1907 tioni
434 1855 645 1924 longius
687 1857 959 1911 accersitae
998 1858 1225 1912 duarum
1273 1831 1796 1929 syllabarum-voca-
1827 1831 1869 1890 Β
1900 1845 2070 1897 larum
2104 1853 2157 1897 θ’·
2179 1845 2548 1909 Canticorum:
2577 1847 2630 1897 ίη
2656 1847 2852 1915 quibus
2882 1849 3171 1917 scripserat
3192 1850 3259 1904 de
3290 1851 3442 1918 lilii“.

263 1944 503 1999 bulorum
571 1944 729 2003 lOYC
779 1957 832 2001 et
879 1945 1032 2001 NIAC
1098 1949 1149 2002 in
1222 1951 1402 2005 tabula
1468 1952 1671 2017 Greca,
1734 1952 1817 2006 il-'

256 2030 359 2090 lius
420 2037 675 2105 opinione
721 2049 865 2095 stare
910 2052 1015 2094 non
1062 2056 1364 2110 possumus.
1416 2042 1549 2096 Cum
1592 2052 1645 2096 et
1684 2044 1795 2112 ipse

207 2122 211 2123 ⁷
256 2126 494 2198 Scaliger
524 2131 660 2185 bene
692 2131 969 2202 agnoverit
990 2134 1271 2187 lectionem
1302 2150 1453 2188 suam
1491 2135 1791 2203 μετανοίας,

254 2221 589 2288 pauitantia,
638 2222 926 2276 admodum
975 2232 1209 2278 coactam
1250 2240 1388 2291 esse,
1440 2226 1587 2279 nullo
1636 2227 1795 2280 modo

256 2321 428 2363 autem
462 2310 735 2380 vulgarem
760 2330 774 2377 ;
800 2314 926 2367 hinc
956 2314 1115 2368 etiam
1144 2316 1418 2370 insimulat
1444 2318 1792 2384 sculptorem,

249 2412 302 2455 et
330 2404 399 2456 de
427 2398 723 2458 commisso
750 2418 931 2459 errore
961 2405 1157 2475 arguit,
1184 2408 1401 2475 quando
1434 2408 1613 2475 posuit
1638 2406 1792 2462 NIAC

250 2508 348 2562 pro
373 2493 600 2549 NOlAC.
633 2496 850 2550 Accedit
883 2498 1022 2574 quod
1056 2498 1201 2551 nulla
1227 2500 1621 2555 omnino'adsit
1657 2504 1796 2555 veri-

250 2586 574 2651 similitudo,
608 2588 1060 2657 quemadmodum
1108 2590 1376 2659 sapienter
1420 2591 1796 2647 animadvertit

248 2677 318 2728 cl.
365 2677 415 2730 le
458 2676 707 2749 Hoynius
738 2670 847 2748 (51)
881 2681 1042 2748 quod,
1074 2695 1196 2735 cum
1224 2683 1401 2736 tabula
1446 2682 1626 2739 Graeca
1662 2686 1795 2739 satis

250 2772 537 2839 perspicue
580 2771 718 2826 linea
765 2774 921 2827 tertia
964 2773 1017 2826 in
1060 2772 1302 2829 Psalmos
1346 2776 1606 2846 designet,
1654 2778 1794 2831 linea

251 2861 427 2927 prima
453 2862 599 2916 aliud
628 2877 762 2931 opus
788 2863 842 2916 in
876 2862 1118 2919 Psalmos
1157 2867 1341 2920 eadem
1371 2867 1549 2921 tabula
1576 2870 1788 2923 indicet.

250 2950 385 3004 Nam
441 2962 624 3020 postea
672 2954 885 3007 additur
933 2957 1115 3022 (verba
1153 2966 1279 3010 sunt
1330 2958 1398 3011 cl.
1455 2959 1503 3012 le
1550 2944 1789 3029 Moynii),

250 3046 398 3111 quod
454 3045 512 3098 S.
551 3045 857 3115 Hippolytus
906 3036 1180 3115 scripserit
1237 3048 1290 3101 in
1339 3047 1612 3116 Psalmos;
1647 3052 1791 3119 quod

252 3135 385 3188 satis
417 3136 614 3198 innuit,
647 3134 799 3189 IOYC
827 3134 980 3189 ΝΙΑο
1014 3152 1117 3190 non
1161 3153 1281 3192 esse
1316 3140 1568 3207 reliquias
1600 3154 1789 3195 vocum

251 3223 494 3291 ψαλμοὺς
530 3225 829 3293 μετανοίας.
866 3224 1033 3279 Secus
1084 3226 1184 3289 bis,
1220 3227 1271 3279 in
1318 3228 1464 3282 brevi
1514 3229 1789 3296 laterculo,

252 3317 632 3370 observaretur
681 3308 1027 3385 Hippolytum
1068 3316 1349 3384 scripsisse
1409 3317 1462 3371 in
1510 3316 1790 3387 Psalmos;

251 3406 431 3475 primo
460 3405 513 3458 in
556 3403 804 3463 Psalmos
850 3392 1263 3475 paenitentiales,
1298 3407 1489 3463 deinde
1519 3408 1572 3462 in
1607 3424 1794 3466 omnes

252 3492 531 3558 Psalmos;
562 3494 708 3562 quod
749 3510 787 3548 a'
813 3496 959 3549 nullo
990 3505 1248 3560 veterum,
1282 3497 1374 3567 qui
1404 3497 1470 3552 de
1510 3497 1793 3569 Hippolyto

192 3646 197 3653 ,
254 3587 580 3641 mentionem
606 3585 867 3653 fecerunt,
904 3587 1003 3643 fuit
1026 3590 1261 3657 unquam
1294 3591 1658 3646 observatum.
1689 3592 1792 3647 Sed

252 3678 399 3748 quod
450 3678 671 3732 omnino
718 3680 907 3733 evertit
955 3681 1318 3749 conjecturam
1367 3680 1642 3753 Scaligeri,
1688 3692 1789 3747 est,

250 3768 397 3838 quod
426 3775 664 3834 tempore
699 3764 754 3821 S.
789 3766 1054 3840 Hippolyti
1082 3772 1224 3826 nulla
1255 3774 1432 3828 adhuc
1460 3783 1576 3828 erat
1596 3776 1795 3830 mentio

248 3855 596 3923 Psalmorum
636 3856 1080 3925 pmnitentialium
1122 3861 1254 3931 (52).
1283 3863 1431 3918 Adeo
1463 3874 1522 3917 ut
1564 3879 1668 3918 non
1702 3880 1794 3933 po-

249 3947 421 4003 tuerit
453 3946 774 4016 peculiarem
809 3961 1003 4016 parare
1045 3946 1491 4005 commentarium
1543 3953 1595 4007 in
1646 3953 1795 4009 Psal-

244 4032 375 4092 mos
405 4037 540 4093 istos
568 4036 883 4107 peculiares,
922 4037 1017 4105 qui
1054 4037 1213 4092 hodie
1259 4043 1652 4113 poenitentlales
1695 4059 1794 4097 vo-

248 4139 471 4195 cant-ur,
503 4139 555 4185 et
585 4118 741 4205 apud
756 4138 962 4183 veteres
988 4129 1135 4183 nulla
1178 4142 1399 4202 prorsus
1430 4133 1655 4201 ψαλμῶν
1695 4135 1794 4202 τῆς

254 4221 544 4289 μετανοίας
574 4204 848 4293 memoria.
883 4218 1006 4274 Haec
1031 4220 1100 4276 cl.
1127 4220 1175 4274 le
1201 4221 1410 4291 Moyne.

266 4300 271 4304 ’
350 4310 378 4381 §
411 4310 498 4365 Vl.
528 4311 938 4367 Commentarius
970 4309 1028 4366 S.
1062 4311 1330 4381 Hippolyti
1356 4316 1412 4365 in
1462 4312 1701 4366 Cantica.

327 4401 681 4460 Eusebiuset
702 4390 1057 4474 Hieronymus
1080 4404 1215 4459 inter
1245 4419 1404 4473 opera
1432 4403 1489 4457 S.
1527 4402 1792 4473 Hippolyti

1874 1940 2072 1988 'tarum
2100 1934 2167 1987 ’et
2206 1936 2385 1990 omnis
2430 1937 2643 2004 generis
2683 1935 3224 2003 animaliummatura
3269 1951 3462 1997 terre—-

1895 2024 2107 2082 strium.
2124 2023 2443 2085 volatilium,
2458 2024 2778 2088 natatilium,
2791 2033 2847 2079 et
2862 2026 2928 2079 de
2946 2027 3146 2081 morbis
3159 2026 3438 2091 sanandis,
3546 2065 3552 2070 .

1894 2114 2151 2170 Ezechias
2182 2116 2435 2181 abolevit,
2463 2130 2556 2170 seu
2587 2112 2801 2185 penitus
2831 2117 3147 2184 suppressit,
3176 2110 3440 2187 quodpe—

1895 2206 2053 2273 pulus
2096 2190 2296 2261 crudus
2342 2215 2396 2261 et
2437 2221 2627 2274 parum
2673 2204 2968 2260 instructus
3016 2206 3210 2260 exinde
3260 2218 3441 2275 petere

1893 2306 2072 2365 posset
2109 2298 2342 2352 medelas
2388 2299 2721 2368 morborum,
2771 2312 3063 2366 eorumque
3098 2292 3438 2351 sanationem

1895 2402 1923 2438 a
1956 2386 2061 2441 Deo
2089 2396 2266 2456 petere
2293 2390 2602 2459 negligeret.
2650 2387 2847 2461 Eadem
2884 2373 3122 2461 referunt
3157 2385 3351 2442 Suidas
3383 2389 3438 2441 in

1907 2477 2165 2547 Ἐζεχίας,
2203 2477 2483 2550 Syncellus
2515 2490 2568 2534 et
2613 2481 2703 2534 alii
2733 2478 3094 2534 verisimiliter
3136 2493 3203 2533 ex
3250 2488 3439 2533 sancto

1896 2579 2079 2622 nostro
2099 2569 2384 2640 Hippolyto
2410 2571 2746 2640 deprompta.
3106 2588 3107 2591 ‘

1898 2681 1924 2753 §
1961 2681 2071 2736 γη.
2101 2681 2473 2739 Cammentarii
2504 2679 2561 2753 S.
2612 2683 2883 2752 Hippolyti
2922 2683 2975 2735 in
3001 2681 3299 2747 Proverbia,
3332 2681 3438 2735 Ec-

2162 2800 2165 2805 ,
2511 2752 2803 2806 cleat'asten.
3244 2756 3247 2759 “

1962 2862 2126 2917 Divus
2175 2861 2541 2933 Hieronymus
2564 2875 2851 2920 asseverat
2889 2878 3105 2933 quoque
3146 2878 3203 2918 se
3236 2862 3437 2921 vidisSe

1893 2953 2335 3008 Commentarium
2372 2956 2549 3009 sancti‘
2588 2952 2757 3011 nostri
2785 2957 2840 3008 in
2878 2954 3160 3014 Proverbia
3192 2952 3440 3008 Salomo-

1893 3046 1976 3097 nis
2009 3044 2140 3112 (58).
2170 3044 2315 3099 Idem
2353 3040 2635 3101 conﬁrmat
2659 3047 2820 3099 etiam
2859 3043 3054 3099 Suidas
3092 3044 3225 3116 (b9).
3250 3044 3436 3099 Albcr-

1895 3144 1978 3188 tos
2007 3134 2287 3191 Fabricius
2308 3144 2374 3199 ex
2394 3136 2596 3192 Catena
2619 3136 2929 3197 Graecorum
2949 3132 3171 3191 Patrum
3195 3138 3437 3207 quinque
3491 3182 3502 3188 .

1892 3226 2009 3279 loca
2049 3226 2238 3281 Latina
2265 3228 2427 3298 hujus
2441 3228 2827 3282 Commentarii
2861 3228 3081 3283 editioni
3110 3222 3343 3301 Operum
3371 3230 3433 3284 D.

1892 3314 2160 3389 Hippolyti
2208 3319 2453 3381 inseruit,
2502 3308 2952 3387 quemadmodum
3001 3327 3056 3372 ct
3096 3320 3163 3373 cl.
3212 3318 3433 3373 Gallan-

1891 3404 2014 3458 dius
2042 3404 2174 3475 (60).
2214 3404 2274 3458 In
2305 3405 2390 3459 his
2415 3406 2701 3473 exponitur
2727 3405 2914 3461 titulus
2945 3406 3065 3459 libri
3109 3406 3433 3463 Proverbia-

1891 3508 2035 3558 rum,
2058 3501 2109 3547 et
2132 3493 2447 3549 undecimus
2463 3509 2557 3549 seu
2585 3494 2934 3549 duodecimae
2956 3509 3144 3550 versus
3165 3496 3354 3564 capitis
3390 3512 3428 3549 ι.

1888 3584 2152 3651 Praeterea
2192 3594 2379 3640 notata
2419 3584 2595 3640 adhuc
2634 3585 2847 3655 dignius
2873 3586 3229 3656 fragmentum
3267 3587 3429 3657 hujus

1880 3672 2262 3731 Commentarii
2285 3675 2422 3732 idem
2451 3677 2520 3733 cl.
2543 3677 2715 3732 editor
2730 3678 2979 3733 Albertus
3006 3677 3285 3733 Fabricius
3304 3680 3429 3734 sub.

1887 3768 2035 3838 jecit,
2058 3768 2200 3837 quod
2224 3762 2407 3823 Graece
2430 3770 2711 3840 descripsit
2733 3786 2763 3825 e
2787 3772 2971 3825 codice
2990 3768 3310 3826 Taurinensi
3338 3759 3429 3836 82,

1891 3869 2141 3931 excerpta
2188 3860 2335 3913 varia
2388 3868 2629 3925 veterum
2676 3862 2998 3931 scriptorum
3048 3844 3433 3930 complectente

1896 3948 1957 4003 V.
1993 3950 2054 4004 C.
2092 3950 2371 4005 Matthaeus
2400 3948 2651 4006 ‘Pt‘allius.
2698 3951 2757 4005 In
2792 3951 2895 4005 hoc
2927 3960 3145 4005 sanctus
3177 3950 3429 4021 Hippoly-

1894 4050 1979 4096 tus
2016 4044 2204 4110 capitis
2248 4058 2300 4095 ιι
2332 4041 2744 4097 Proverbiorum
2786 4042 2900 4096 haec
2932 4042 3092 4095 verba
3131 4050 3319 4096 versus
3354 4043 3378 4094 1
3412 4060 3424 4093 :

1893 4131 2161 4199 Sapientia
2185 4133 2463 4200 aediﬁcavit
2490 4133 2589 4186 sibi
2612 4133 2843 4198 domum,
2870 4132 3079 4203 egregie
3108 4131 3353 4188 illustrat.
3391 4183 3399 4194 ,

1960 4222 2201 4275 Meminit
2229 4221 2587 4293 Hieronymus
2602 4232 2653 4276 et
2684 4239 2748 4277 ex
2777 4238 2841 4278 eo
2865 4223 3133 4281 Honorius
3154 4226 3426 4280 Commen-

1896 4312 2017 4363 ιιήὶ
2053 4313 2109 4365 in
2142 4311 2504 4380 Ecclesiasten,
2532 4315 2687 4383 cujus
2717 4314 3008 4385 fragmenta
3032 4318 3083 4372 in
3106 4319 3425 4373 bibliotheca

1892 4401 2175 4458 Bodleiana
2208 4404 2459 4459 dicuntur
2495 4406 2749 4460 exsistere
2777 4407 2832 4459 in
2870 4406 3204 4465 Ecclesiasta:
3232 4426 3290 4474 ιι,
3333 4409 3423 4474 24,

262 4490 437 4547 adhuc
486 4502 769 4548 recensent
820 4492 930 4566 (55)
984 4494 1419 4576 commentarium
1469 4495 1524 4547 in
1550 4492 1789 4564 .Cantica
1822 4505 1864 4558 1)
1893 4494 2337 4561 quemadmodum
2382 4505 2436 4551 et
2468 4497 2595 4550 illud
2628 4495 3041 4555 Proverbiorum
3067 4517 3121 4554 lx
3156 4519 3169 4555 :
3204 4484 3440 4569 Sapien?

230 4652 233 4653 ν
262 4582 603 4650 canticorum,
650 4600 809 4655 quem
843 4584 1232 4642 Theodoretus
1262 4586 1373 4657 (54)
1404 4587 1562 4653 etiam
1606 4588 1795 4656 allegat

264 4672 321 4725 in
348 4671 569 4742 dialogo
600 4676 692 4742 qui
711 4664 1003 4732 Ἐναηὶειεε
1037 4678 1381 4733 inscribitur.
1400 4677 1495 4734 llic
1526 4693 1797 4732 commen-

203 4792 209 4797 -
265 4764 436 4821 larius
478 4765 678 4829 saeculo
706 4781 781 4821 vn
825 4769 1131 4824 adhuedum
1152 4769 1487 4836 habebatur;
1531 4770 1793 4838 siquidem

261 4837 582 4911 Anastasius
606 4844 812 4911 Sinaita
828 4846 1134 4935 ‘(55)-illum,
1155 4859 1372 4930 legerat.
1400 4858 1541 4916 Idem
1570 4837 1797 4914 Anasta-

149 5109 152 5111 λ
264 5122 304 5133 __
472 5057 818 5133 scalig.,'__l_ib.
840 5042 914 5133 vlt
941 5059 1016 5114 De
1036 5062 1552 5133 emendat._tempor.,
1578 5072 1631 5116 et
1659 5045 1796 5132 apud

263 5122 948 5199 Fabrictinterﬂippolyt.
982 5144 1104 5198 opp.
1133 5137 1263 5183 tom.
1296 5128 1335 5192 Ι,
1371 5122 1490 5198 pag.
1523 5122 1588 5185 79
1625 5142 1678 5184 et
1692 5122 1795 5186 '80.

256 5208 263 5216 ‘
336 5196 450 5268 (δι)
483 5198 559 5268 Le
583 5196 799 5268 Moyne,’
830 5196 1139 5268 variam,
1172 5210 1301 5251 tom.
1332 5196 1393 5262 ll,
1435 5196 1552 5268 pag.
1570 5200 1691 5254 970.

339 5266 451 5336 (52)
498 5265 776 5322 Possidius
822 5268 875 5321 in
928 5266 1042 5321 Vita
1096 5265 1153 5321 S.
1193 5265 1658 5336 Augustinﬂcap.
1709 5271 1794 5334 51,

265 5336 591 5390 mentionem
617 5336 1091 5392 facitPsalmorum
1116 5338 1581 5405 pmnitentialium,
1606 5347 1657 5390 et
1684 5339 1795 5390 lor—

238 5417 410 5476 ‘tasse
439 5405 539 5459 hoc
570 5409 800 5476 primum
828 5417 883 5462 et
913 5407 1341 5476 antiquissimum
1371 5409 1678 5460 eerumdem
1704 5423 1794 5460 ve-

266 5474 483 5596 stigium
508 5474 611 5541 est,
641 5476 786 5546 quod
806 5493 938 5533 sane
967 5474 1104 5532 ultra
1130 5476 1381 5532 saeculum
1411 5490 1441 5526 v
1476 5491 1581 5528 non
1613 5490 1799 5528 ascen-

305 5552 363 5597 ιι.
1182 5588 1185 5593 .

336 5611 449 5687 (55)
478 5611 574 5674 Εἰς
601 5614 664 5687 τὸ
690 5606 861 5687 dape.
886 5614 1103 5687 Euseb,
1142 5614 1211 5667 Η.
1241 5613 1306 5668 Ε.
1326 5614 1418 5668 lib.
1450 5628 1517 5675 VI,
1550 5626 1667 5680 cap.
1698 5611 1798 5679 22’;

268 5679 579 5754 Βηῌῇᾲτρῃ.
615 5683 669 5754 in
700 5679 939 5754 Εᾱιαιος.
968 5699 1023 5754 p.
1055 5685 1139 5745 (il,
1246 5696 1249 5701 ‘

288 5760 297 5766 ‘
333 5749 794 5822 (54).Tbeodoret.
822 5748 1015 5828 dialog.
1044 5755 1098 5823 2,
1135 5756 1274 5808 hunc
1308 5754 1499 5809 librum
1527 5748 1797 5822 Hippolyti

1897 4585 1971 4636 tia
1998 4585 2275 4652 wdi/icavit
2304 4586 2403 4640 tibi
2430 4587 2658 4640 domum.
2694 4586 2887 4643 Fertur
2916 4590 3078 4642 etiam
3115 4586 3245 4661 (61),
3278 4589 3422 4657 quod

1896 4671 1949 4724 in
1982 4674 2301 4729 bibliotheca
2344 4675 2738 4732 Vindobonensi
2780 4674 3147 4747 augustissimi
3195 4680 3423 4745 impera-

1898 4764 2028 4817 toris
2073 4774 2375 4819 asservetur
2421 4783 2556 4821 msc.
2612 4766 2974 4837 complectens
3020 4768 3089 4823 ‘S.
3152 4767 3420 4838 Hippolyti

1895 4855 2309 4909 commentarios
2333 4856 2387 4909 in
2421 4858 2585 4914 libros
2616 4859 2939 4915 Salomonis.

1898 5061 2162 5137 ita‘citat;
2193 5060 2286 5123 Εὶς
2317 5063 2423 5137 τὴν
2436 5065 2579 5137 (ᾠδὴν
2607 5065 2705 5137 τὴν
2734 5066 2985 5137 μεγάλην,
3012 5081 3131 5137 pag.
3156 5068 3244 5122 88.

2105 5130 2612 5205 §_tlastas.:Siitaiia,
2642 5130 2828 5203 quaest.
2861 5130 2949 5199 Μ’,
2977 5130 3109 5205 pag:
3124 5138 3245 5191 554‘.

1965 5196 2071 5265 (56)
2105 5196 2242 5251 ldcm
2261 5203 2399 5255 ibid.

1966 5267 2074 5339 (57)
2100 5266 2357 5339 _Fa_bt_-ic.,
2408 5281 2534 5323 tom.
2571 5271 2588 5323 l
2631 5272 2763 5339 Opp.
2810 5286 2923 5339 pag.
2966 5271 3100 5335 ‘270;
3140 5272 3419 5335 Callani,

1896 5336 2282 5407 Βίὺζίρ-ιΙςείΡΡ.
2317 5350 2443 5392 tom.
2475 5336 2692 5407 l|,_pag.
2716 5336 2842 5391 Ἀεὶ).

1967 5404 2077 5474 (58)
2108 5404 2415 5475 llieronym.
2454 5408 2505 5459 in
2532 5404 2795 5474 Catalog.,
2826 5423 2941 5474 cap.
2968 5408 3056 5459 61.

1968 5476 2078 5544 (59)
2116 5474 2377 5544 §uidasl,
2404 5492 2521 5543 pag.
2558 5474 2676 5527 H4.

1970 5539 2075 5611 ((50)
2115 5543 2295 5607 Fabr.,
2329 5539 2511 5598 ton—1.1
2534 5544 2667 5611 Opp.
2699 5541 2932 5613 Hippol.,
2962 5559 3079 5616 pag.
3126 5542 3263 5606 ibi;
3300 5539 3419 5595 Gal-

1898 5612 2040 5665 land.
2073 5613 2105 5664 Ι.
2137 5629 2187 5665 c.
2219 5630 2334 5665 nan.
2369 5614 2487 5665 488.

1922 5615 2040 5666 and.
2073 5615 2105 5664 l.
2137 5629 2187 5667 (ε.
2219 5630 2334 5667 ΒΜ.
2369 5615 2487 5667 488.

1973 5630 2040 5664 ιιι.
2073 5630 2105 5664 ι.
2137 5630 2187 5667 c.
2219 5630 2334 5684 pag.
2369 5630 2487 5667 sua.

1971 5682 2079 5751 (61)
2113 5680 2319 5748 Canis.,
2357 5684 2414 5739 Β.
2456 5681 2519 5737 Τ.
2554 5698 2591 5752 ι,
2622 5697 2750 5753 pag.
2774 5682 2829 5738 9.
