4104 6350
690 496 691 499 ’
782 501 811 573 ς
844 500 977 575 νιιι.
1009 486 1383 563 Commentarii
1410 501 1466 567 iis
1496 502 1695 558 Isaiam
1721 515 1772 559 et
1807 505 2145 562 Ezechielem.

759 593 816 647 In
851 594 1043 649 Isaiam
1086 582 1374 662 scripsisse
1403 594 1719 668 Hippolytus
1748 605 1963 668 "martyr
2004 602 2233 654 traditur

687 685 757 737 ab
788 682 1116 755 Hieronymo
1152 684 1271 755 (62)
1310 695 1361 739 et
1402 684 1702 756 Nieephoro
1731 687 1863 759 (65),
1899 697 1955 742 ut
1987 690 2232 743 Grmcum

687 770 999 845 Hieronymi
1028 775 1370 843 interpretem
1403 782 1455 831 et
1483 772 1829 841 recentiores,
1863 779 1954 846 qui
1993 779 2109 845 ejus
2147 797 2230 832 ca-

644 936 647 937 ν
686 868 923 943 διαιορυηι
974 866 1316 930 exscribuut,
1370 866 1611 931 Latinos,
1654 867 1971 934 Honorium,
2012 870 2231 925 Frecul-

688 957 823 1023 fum,
855 957 1097 1026 aliosque
1132 957 1376 1029 juniores
1402 957 1667 1030 omittam.
1694 956 1772 1011 Ex
1816 959 1917 1013 hoc
1948 961 2000 1013 in
2040 960 2230 1014 Isaiam

686 1048 798 1101 sive
819 1048 871 1100 in
901 1048 1095 1102 selecta
1122 1046 1273 1102 Isaiae
1315 1048 1449 1103 loca-
1475 1050 1863 1103 commentario
1917 1050 2230 1120 deprompta

683 1153 805 1193 esse
831 1148 983 1207 puto,
1013 1140 1187 1209 inquit
1216 1136 1287 1194 cl.
1319 1138 1601 1194 Fabricius
1630 1140 1761 1209 (64).
1795 1156 1915 1210 quae
1944 1142 2009 1196 de
2050 1145 2231 1213 gradi-

682 1230 785 1287 bus
818 1231 869 1285 in
908 1234 1182 1301 borologio
1210 1231 1407 1286 Hiskia:
1434 1230 1567 1302 (65),
1600 1233 1712 1285 sive
1745 1232 1987 1286 Ezechiae
2017 1250 2078 1288 ex
2104 1234 2230 1303 Hip-

681 1323 863 1394 polyto
892 1324 1057 1377 refert
1081 1323 1306 1378 Michael
1334 1323 1526 1394 Glycas
1553 1339 1671 1392 pag.
1712 1324 1811 1377 194
1839 1323 2142 1379 Annalium.
2173 1327 2227 1379 In

682 1416 866 1470 codice
917 1431 1047 1469 mss.
1102 1414 1288 1469 Graeco
1337 1415 1436 1468 I95
1495 1414 1831 1493 bibliothecae
1886 1416 2229 1471 Coisliuiauaa

684 1508 826 1575 (qua:
858 1506 985 1559 olim
1014 1505 1552 1575 Seguieriana),teste
1581 1507 1794 1559 clariss.
1831 1505 2240 1571 Montfauconio,

680 1611 734 1666 p.
777 1597 902 1662 245,
948 1606 1121 1671 exstat
1154 1596 1447 1667 Hippolyti,
1494 1598 1587 1667 qui
1630 1598 1725 1655 ibi.
1770 1608 1828 1651 ut
1866 1599 2105 1653 solemne
2146 1610 2228 1654 est

680 1686 887 1744 Graecis
919 1688 1291 1758 scriptoribus,
1323 1690 1620 1767 episcopus
1674 1688 1857 1742 Romae
1894 1690 2190 1756 appellatur
2210 1732 2223 1754 ,

681 1781 1037 1849 fragmentum
1067 1780 1129 1831 de
1159 1777 1406 1843 Ezechia,
1449 1778 1594 1847 quod
1630 1779 1817 1848 incipit
1854 1779 2019 1831 ε”Ετι
2056 1797 2226 1849 μακα-

1652 360 1737 455 pt:
1776 389 1936 444 VITA
1973 390 2060 444 ET
2094 388 2401 445 scrupus
2440 391 2496 444 s.
2536 387 2917 444 HIPPOLYTI.

3778 395 3881 448 5‘21

2265 500 2315 569 Α
2346 511 2507 580 polyti
2548 510 2621 565 De
2659 512 2979 567 dimensione
3009 514 3183 582 templi
3230 512 3523 589 Salomonis
3559 524 3883 567 commenta-

2336 599 2472 649 rium
2528 599 2669 667 (69),
2717 601 2961 655 eumdem
3008 603 3283 668 hucusque
3312 603 3365 654 iu
3397 600 3665 669 publicam
3708 601 3882 654 lucem

2334 688 2575 741 emittere
2610 691 2960 759 neglexerint.
2998 690 3290 760 Sigillat‘ius
3333 690 3649 762 Hippolytus
3701 692 3758 745 in
3784 708 3883 745 ex-

2334 778 2585 844 ponendo
2634 777 2849 834 bauiele
2901 781 3179 835 laboravit.
3232 782 3291 836 S.
3356 781 3715 853 Hieronymus
3769 781 3919 852 (70)

2333 864 2450 930 ejus
2481 863 2923 920 Commentarium
2967 871 3020 921 in
3067 870 3329 924 Danielcm
3363 873 3655 940 generatim
3701 881 3880 929 notat.

2332 954 2556 1010 Photius
2595 958 2686 1026 qui
2722 949 2968 1030 eumdem
3004 964 3447 1016 commentarium
3494 965 3729 1031 legerat,
3765 966 3881 1017 sin-

2332 1045 2455 1115 gula
2488 1048 2605 1115 ejus
2656 1051 2831 1118 capita
2877 1052 3130 1119 expendit
3182 1061 3343 1120 atque
3392 1054 3518 1107 dicit
3549 1053 3699 1124 (7i):
3759 1052 3881 1108 Etsi

2331 1135 2825 1204 interpretationem
2860 1139 3095 1194 Danielis
3121 1141 3176 1194 S.
3219 1140 3528 1211 Hippolytus
3568 1146 3633 1195 ad
3666 1147 3881 1197 verbum

2330 1241 2432 1277 non
2481 1228 2718 1296 explicet,
2750 1233 3059 1295 sententiam,
3107 1242 3296 1293 tamen,
3330 1244 3389 1284 ut
3434 1222 3509 1287 ita
3542 1237 3737 1300 dicam,
3774 1252 3882 1290 non

2327 1322 2699 1385 praetercurrit.
2755 1322 2923 1386 Multa
2977 1340 3151 1389 porro,
3202 1324 3373 1392 pergit
3418 1322 3664 1389 Photius,
3716 1328 3880 1380 reteri

2331 1425 2489 1471 more,
2521 1427 2619 1462 non
2644 1418 2716 1477 {ut
2743 1422 2918 1479 postea
2947 1412 3087 1479 [uere
3116 1402 3411 1466 accuratius
3433 1430 3669 1476 excussa,
3698 1434 3878 1484 perse-

2326 1502 2523 1568 quitur.
2560 1500 2868 1571 Quanquam
2895 1521 3069 1556 eorum
3092 1500 3233 1572 posci
3262 1506 3514 1556 rationem
3543 1522 3747 1573 aequum
3774 1523 3877 1559 non

2325 1604 2420 1644 est.
2457 1590 2636 1660 Neque
2680 1596 2815 1645 enim
2849 1596 2930 1662 fas
2961 1600 3021 1647 ab
3052 1597 3136 1658 iis,
3168 1596 3257 1663 qui
3305 1595 3643 1662 fundamenta
3669 1598 3745 1649 rei
3771 1598 3875 1649 ali-

2326 1682 2473 1747 cujus
2508 1683 2886 1737 consideranda
2924 1688 3207 1753 posuerint,
3244 1688 3495 1739 rationem
3528 1672 3751 1755 repetere
3781 1705 3873 1741 eo-

2326 1786 2465 1833 rum,
2488 1790 2603 1840 qua:
2628 1777 2945 1840 prwteriere,
2976 1780 3069 1844 sed,
3094 1778 3264 1845 favere
3302 1780 3472 1850 potius
3502 1780 3711 1855 conatui
3738 1780 3872 1848 ipsi,

682 1871 949 1941 ρισθὲντος
1004 1870 1295 1941 (mendose
1339 1886 1595 1924 excusum
1634 1884 1731 1938 pro
1774 1870 2224 1939 μαλακισθέντος)

2327 1864 2833 1932 quantulumcunque
2863 1868 2914 1917 in
2930 1884 3099 1919 rerum
3117 1869 3625 1937 contemplandarum
3641 1886 3876 1937 compre-

676 1962 770 2014 τοῦ
814 1959 1067 2034 Ἐζεκίου,
1097 1970 1380 2030 wgrotante
1424 1960 1668 2025 Ezechia,
1704 1970 1865 2031 atque
1895 1961 2092 2019 Contra
2137 1963 2223 2031 fa-

681 2042 810 2106 tum.
838 2052 1091 2107 Albertus
1127 2051 1406 2107 Fabricius
1434 2062 1581 2105 tomo
1608 2051 1650 2108 Il
1682 2050 1921 2122 Operum
1943 2052 1993 2106 S.
2028 2052 2227 2122 Hippo-

677 2141 770 2212 lyti
803 2142 904 2196 hoc
935 2140 1118 2197 Graece
1151 2158 1213 2196 ac
1252 2141 1439 2196 Latine
1473 2143 1692 2197 inseruit
1728 2160 1848 2214 pag.
1882 2144 1969 2203 81.
2009 2154 2063 2198 ct
2093 2144 2220 2198 Gal~

652 2216 891 2287 viandius
938 2241 1086 2286 homo
1133 2232 1175 2285 ll
1221 2233 1555 2287 Bibliotheca!
1591 2234 1731 2299 PP.,
1769 2252 1891 2305 pag.
1920 2236 2042 2289 489.
2076 2234 2221 2290 Ideni

678 2308 901 2393 prorsus
926 2331 1008 2377 est
1034 2339 1155 2379 cum
1181 2339 1267 2389 eo,
1314 2326 1515 2393 quod-:1
1543 2326 1707 2393 Glyca
1754 2326 2001 2381 refertur.
2031 2328 2226 2395 Agitur
2268 2358 2275 2361 -

681 2423 858 2467 autem
890 2414 991 2467 hoc
1018 2413 1070 2466 in
1100 2416 1489 2469 commentario
1521 2416 1587 2469 de
1631 2417 1952 2470 miraculosa
1986 2415 2226 2472 Ezechias

679 2504 820 2572 regis
835 2503 1133 2567 sanatione,
1156 2513 1209 2557 et
1226 2504 1291 2557 de
1313 2506 1767 2579 retrogradatione
1781 2506 1909 2559 solis
1926 2507 1979 2557 iu
2006 2508 2221 2558 horolo-

679 2593 767 2662 gio
798 2594 977 2647 Achaz
1004 2594 1168 2667 relata
1195 2594 1290 2648 abs
1325 2592 1461 2647 Isaia
1494 2596 1667 2662 capite
1704 2610 1926 2658 xxxvm,
1952 2612 2001 2648 v.
2037 2596 2089 2649 5.
2124 2594 2225 2647 Vo-

679 2692 767 2737 cat
795 2682 981 2739 Isaiam
1008 2686 1318 2754 prophetam
1349 2686 1618 2755 angelum,
1643 2686 1798 2740 docet
1834 2687 1975 2755 quod
2007 2702 2111 2740 non
2135 2702 2223 2740 so-

679 2776 788 2830 lum
825 2778 928 2841 sol,
974 2777 1072 2832 sed
1104 2778 1229 2830 luna
1261 2776 1422 2829 etiam
1466 2777 1854 2840 retrocesserit,
1909 2778 1961 2830 in
2008 2778 2218 2846 signum

678 2870 937 2937 proxima:
983 2868 1123 2937 regis
1171 2867 1500 2945 sanationis;
1556 2875 1717 2936 atque
1764 2868 1907 2936 quod
1951 2868 2067 2938 dies
2116 2870 2219 2921 ista

678 2958 839 3013 fuerit
866 2960 1124 3012 horarum
1158 2955 1243 3010 52.
1284 2955 1577 3023 Subjungit
1616 2956 1810 3019 adhuc,
1864 2961 2006 3024 quod
2047 2954 2221 3008 Maro—

679 3050 884 3106 da‘cbus
911 3047 1194 3101 Chaldaeus
1222 3046 1639 3115 Babyloniorum
1669 3059 1780 3105 rex,
1812 3046 1904 3114 qui
1941 3047 2221 3112 astrologi-

682 3156 800 3195 cam
845 3148 1011 3198 artem
1060 3138 1259 3205 optime
1305 3137 1531 3189 callebat
1580 3143 1955 3203 astrorumque
1999 3152 2216 3191 cursum
2248 3174 2289 3229 Ο

682 3238 931 3290 accurate
970 3227 1365 3291 dimetiebatur,
1399 3226 1502 3281 hoc
1540 3226 1783 3295 prodigio
1832 3228 2063 3293 primum
2098 3242 2220 3295 per-

681 3321 882 3382 culsus,
900 3333 1061 3371 causa
1090 3319 1426 3386 postmodum
1457 3317 1983 3387 cognita,epistolam
2009 3326 2062 3370 et
2083 3319 2220 3371 dona

682 3410 747 3463 ad
784 3408 1064 3462 Ezechiam
1096 3410 1320 3462 miserit.
1358 3408 1540 3461 Sancti
1575 3407 1839 3477 Hippolyti
1865 3423 1927 3461 ex
1974 3424 2221 3462 sermone

613 3554 615 3557 ,
684 3498 735 3549 in
770 3498 1045 3551 exordium
1075 3497 1225 3549 Isaia:
1247 3496 1491 3565 quaedam
1518 3495 1882 3550 Theodoretus
1904 3498 2063 3549 etiam
2094 3496 2221 3551 alle—

684 3596 771 3655 gat
797 3586 929 3655 (66).
967 3584 1259 3653 Scripsisse
1301 3584 1615 3653 Hippolytus
1649 3586 1702 3637 in
1740 3582 2021 3638 Jeremiam
2055 3601 2084 3637 a
2124 3601 2217 3637 ne-

685 3680 827 3729 mine
856 3686 1115 3735 veterum,
1142 3676 1283 3742 quod
1313 3676 1501 3741 sciam,
1525 3675 1770 3727 traditur.
1803 3674 1935 3728 Nam
1963 3691 2082 3742 quae
2103 3677 2220 3742 ejus

683 3764 987 3818 referuntur
1014 3764 1067 3819 in
1090 3763 1287 3817 Catena
1310 3763 1525 3816 Patrum
1549 3763 1856 3818 Graecorum
1887 3766 1951 3818 ad
1980 3763 2223 3818 Jeremia:

684 3870 803 3923 cap.
854 3868 984 3916 xvu,
1023 3854 1107 3917 11,
1140 3854 1302 3922 petita
1337 3864 1463 3908 sunt
1491 3870 1555 3908 ex
1587 3854 1728 3909 libro
1762 3854 1837 3908 De
1872 3853 2217 3920 Antichristo,

684 3960 801 4012 cap.
836 3944 922 3997 55.

752 4033 1015 4089 Eusebius
1046 4033 1281 4101 loquitur
1300 4034 1365 4087 de
1387 4032 1770 4087 Commentario
1795 4035 1849 4089 5.
1874 4033 2137 4105 Hippolyti
2166 4036 2221 4087 in

686 4126 971 4180 Ezechielis
1003 4126 1110 4195 (67)
1140 4125 1382 4193 quaedam
1414 4126 1608 4193 capita.
1643 4126 1905 4196 Georgius
1943 4125 2220 4197 Syncellus

686 4216 847 4270 refert
878 4216 1117 4269 eamdem
1151 4231 1285 4276 rem,
1320 4216 1411 4268 sed
1440 4215 1686 4268 dissimili
1720 4215 2108 4283 aliquantulum
2135 4231 2221 4270 ra-

688 4310 849 4360 tione.
885 4307 1021 4359 Dicit
1052 4308 1192 4358 enim
1226 4304 1567 4375 Hippolytum
1600 4315 2015 4359 commentatum
2054 4304 2220 4361 fuisse

688 4399 740 4450 in
774 4397 934 4448 multa
965 4397 1338 4463 prophetarum
1384 4396 1521 4459 loca,
1559 4398 1648 4449 sed
1690 4396 1961 4464 sigillatim
2005 4396 2057 4448 in
2089 4395 2220 4449 Eze-

2327 1952 2567 2007 hensione
2592 1959 2951 2022 processerint.
2986 1959 3124 2013 Vitio
3153 1971 3325 2014 tamen
3355 1962 3526 2014 eidem
3558 1963 3872 2015 vertendum

2326 2050 2494 2108 putat,
2523 2046 2665 2111 quod
2704 2045 2861 2101 finem
2903 2049 3086 2102 mundi
3116 2050 3475 2105 determinare
3515 2050 3877 2115 aususfuerit

2323 2131 2426 2185 hoc
2468 2132 2521 2184 in
2553 2134 3181 2205 tractatu.‘Persequitur
3211 2140 3355 2191 enim
3404 2138 3668 2193 Photius:
3717 2143 3874 2193 Anti-

2323 2222 2507 2275 christi
2536 2240 2650 2276 vero
2692 2225 2990 2290 adventum,
3036 2228 3119 2278 cui
3146 2230 3303 2280 etiam
3335 2229 3663 2295 aspectabilis
3709 2231 3872 2297 hujus

2323 2312 2505 2365 mundi
2531 2316 2907 2366 consummatio
2923 2316 3185 2386 jungitur,
3223 2336 3336 2371 cum
3366 2337 3426 2373 ne
3460 2321 3733 2389 discipulis
3753 2322 3873 2391 qui-

2322 2404 2437 2456 dem
2470 2390 2799 2474 rogantibus,
2828 2410 3232 2477 manifestaverit
3268 2410 3529 2479 Salvator,
3563 2415 3628 2465 ab
3667 2413 3875 2481 Hippo-

2323 2491 2431 2559 lyta
2462 2495 2644 2549 deinde
2674 2498 2741 2549 ad
2775 2490 3075 2566 quingentos
3101 2518 3130 2550 a
3163 2500 3366 2554 Christo
3393 2519 3554 2554 annos
3582 2503 3778 2556 adduci
3808 2521 3871 2556 ac

2323 2583 2699 2650 circumscribi,
2730 2591 2881 2655 quasi
2909 2607 2941 2640 a
2974 2592 3142 2656 prima
3170 2593 3349 2643 mundi
3386 2593 3749 2644 constitutione
3779 2611 3871 2646 sea:

2324 2674 2553 2728 millibus
2581 2693 2837 2730 minorum
2868 2689 2976 2731 tum
3007 2684 3225 2743 exactis,
3252 2684 3361 2747 ejus
3390 2683 3665 2735 dissolutio
3699 2686 3870 2735 insta-

2324 2772 2419 2824 ret,
2454 2765 2547 2815 hoc
2582 2766 2852 2820 calidioris
2881 2768 3108 2835 quidem,
3141 2786 3293 2837 quam
3324 2771 3555 2833 decebat,
3583 2774 3747 2823 animi
3771 2783 3866 2837 est,

2322 2862 2474 2921 atque
2507 2858 2816 2923 asseveratio
2846 2858 2952 2908 IHPC
2982 2858 3259 2910 humanam
3304 2861 3649 2927 ignorantiam
3690 2862 3867 2928 potius

2320 2959 2476 3011 quant
2500 2945 2753 2997 caelestem
2780 2948 3173 3014 inspirationem
3202 2952 3391 3017 arguit.

2391 3032 2532 3088 Idem
2570 3034 2793 3090 Photius
2839 3047 3061 3091 testatur
3104 3040 3249 3103 alibi,
3295 3041 3436 3107 quod
3486 3034 3866 3099 commentarii

2322 3122 2642 3179 Theodoreti
2673 3126 2724 3179 in
2751 3120 3021 3181 Danielem
3052 3129 3173 3183 licet
3204 3132 3387 3185 multis
3405 3134 3722 3187 antecellant
3744 3136 3866 3203 qui-

2321 3213 2442 3266 dem
2480 3213 2747 3286 llippolyti
2778 3219 3183 3285 expositionem,
3208 3229 3261 3272 et
3288 3220 3340 3272 in
3373 3222 3616 3289 pluribus
3642 3224 3864 3278 discon-

2323 3304 2559 3366 veuiant,
2591 3307 2641 3357 in
2670 3307 2988 3374 quibusdam
3016 3318 3191 3378 tamen
3228 3310 3538 3377 conspircnt
3562 3311 3695 3380 (72).
3727 3312 3865 3366 San-

2322 3404 2440 3447 ctus
2474 3394 2829 3465 Hieronymus
2853 3399 2905 3450 in
2935 3397 3203 3452 Dauielem
3233 3401 3491 3465 scribens,
3517 3403 3679 3456 refert
3704 3385 3867 3461 sensa

2324 3482 2379 3537 S.
2406 3482 2669 3555 Hippolyti
2700 3485 2765 3540 de
2795 3490 3126 3556 septuaginta
3158 3488 3579 3546 hebdomadibus
3605 3494 3865 3561 Danielis,

2322 3574 2414 3627 sed
2443 3590 2502 3626 ea
2536 3577 2807 3643 reprobat,
2838 3587 3017 3643 utpote
3060 3593 3179 3631 cum
3228 3583 3573 3652 chr‘onologia
3606 3597 3659 3638 et
3690 3586 3864 3640 histo-

2321 3665 2400 3716 ria
2443 3663 2727 3717 Persarum
2774 3681 2836 3718 ac
2883 3655 3858 3729 Macedoniorumirreconciliabilia.

2321 3752 2398 3804 En
2432 3755 2574 3806 illius
2605 3756 2763 3832 verba
2800 3757 2911 3826 (75)
2939 3775 2953 3809 :
2980 3756 3289 3827 Hippolytus
3317 3762 3379 3813 de
3405 3767 3735 3832 septuaginta
3760 3766 3864 3817 eis-

2322 3844 2433 3894 dem
2462 3830 2867 3898 hebdomadibus
2904 3848 3147 3915 opinatus
3184 3860 3258 3902 est
3290 3855 3385 3904 ita.
3416 3830 3618 3921 Septem
3665 3855 3861 3909 hebdo-

2322 3938 2496 3988 mades
2528 3947 2645 3989 ante
2698 3939 2917 3991 reditum
2963 3943 3135 4008 populi
3185 3956 3451 4013 supputat,
3497 3957 3545 3997 et
3586 3949 3860 4015 sexaginta

2319 4028 2451 4079 duas
2495 4038 2606 4095 post
2633 4019 2895 4093 reditum,
2948 4046 3101 4099 usque
3140 4035 3206 4084 ad
3252 4036 3573 4088 nativitatem
3616 4034 3856 4091 Christi:

2318 4133 2536 4187 quorum
2570 4120 2796 4185 tempora
2829 4122 3034 4175 omnino
3056 4140 3155 4174 non
3176 4136 3484 4192 congruunt,
3508 4128 3762 4192 siquidem
3780 4144 3857 4180 re-

2320 4212 2407 4281 gni
2431 4210 2709 4264 Persarum
2740 4213 2948 4265 ducenti
2976 4224 3023 4266 et
3062 4216 3273 4283 triginta
3307 4224 3654 4283 supputantur
3697 4213 3853 4286 anni,

2318 4309 2367 4350 et
2394 4299 2733 4353 Macedonum
2764 4304 2994 4365 trecenti,
3034 4314 3082 4355 et
3108 4315 3220 4371 post
3250 4306 3365 4358 illos
3392 4321 3547 4372 usque
3576 4308 3643 4358 ad
3666 4314 3857 4366 nativi-

2321 4399 2478 4442 tatem
2512 4392 2722 4443 Domiui
2757 4395 2880 4443 anni
2915 4396 3160 4461 triginta;
3194 4394 3288 4445 hoc
3318 4405 3413 4457 est,
3447 4396 3508 4446 ab
3539 4399 3689 4451 initio
3727 4402 3854 4471 Cyri

686 4486 903 4540 chielem
943 4500 1001 4536 ac
1035 4485 1300 4537 Danielem
1333 4484 1461 4553 (68).
1512 4484 1701 4536 Mirum
1754 4484 1897 4551 quod
1932 4486 1985 4536 in
2019 4484 2217 4536 Catena

2323 4484 2452 4549 regis
2484 4481 2764 4535 Persarum
2800 4500 2955 4549 usque
2991 4485 3056 4537 ad
3096 4485 3367 4535 adventum
3412 4484 3698 4545 Saluatoris
3730 4496 3853 4549 anni

686 4574 989 4629 Graecorum
1023 4572 1240 4627 Patrum
1288 4576 1341 4627 in
1372 4574 1724 4636 Ezechielem,
1750 4589 1814 4626 ex
1840 4587 1944 4640 qua
1972 4583 2217 4640 excerpta

686 4667 829 4719 dedit
856 4663 1244 4733 Villalpandus,
1268 4665 1409 4716 nulla
1435 4663 1702 4732 Hippolyti
1729 4672 1977 4733 occurrat
1996 4664 2215 4717 mentio.

690 4757 790 4808 Sed
816 4756 984 4824 magis
1022 4755 1195 4807 adhuc
1227 4754 1550 4817 mirandum,
1582 4754 1721 4821 quod
1757 4752 1853 4805 viri
1887 4752 2103 4815 eruditi,
2129 4753 2220 4821 qui

686 4832 895 4900 exstare
928 4847 1111 4900 dicunt
1144 4848 1195 4897 in
1228 4844 1549 4898 bibliotheca
1572 4844 1859 4900 Bodleiana
1888 4845 2059 4899 sancti
2088 4843 2218 4911 Hip-

781 4994 865 5065 6‘2)
897 4995 1201 5065 Ilieronym.
1233 4995 1284 5065 in
1316 4993 1553 5065 Cgtalog.
1586 4993 1822 5065 cap.j6I.

781 5061 865 5125 65)
896 5061 1199 5132 Nicephor.,
1234 5062 1300 5115 Η.
1421 5061 1617 5132 lib._l_v,
1649 5078 1697 5117 c.
1731 5064 1819 5115 51.

781 5132 866 5199 04)
900 5129 1132 5200 Fabric.,
1166 5142 1293 5185 tom.
1324 5130 1344 5181 I
1372 5131 1504 5199 Opp.
1531 5129 1917 5200 Hippol.,,pag.
1951 5133 2075 5185 271.

762 5200 867 5267 (65)
898 5199 998 5267 lsa.
1030 5215 1253 5255 xxxvm.
1500 5264 1509 5267 _
1722 5266 1729 5267 ί
1764 5266 1773 5267 κ
1875 5199 1882 5229 ἶ

763 5264 871 5337 (66)
912 5265 1304 5337 :I‘heodoretus,
1334 5267 1462 5337 dial.
1492 5264 1551 5337 l,
1569 5281 1691 5337 pag.
1716 5266 1802 5327 36,
1826 5267 1876 5318 in
1900 5269 2166 5337 ἀτρέπτῳ.

765 5336 873 5404 (67)
909 5336 997 5397 Εἰς
1033 5336 1167 5405 μέρη
1208 5337 1299 5389 τοῦ
1334 5333 1616 5405 ίίεζεκιήλ,
1646 5333 1720 5386 Ὶη
1764 5337 1934 5405 capita
1962 5333 2215 5405 :qumdam

695 5405 1004 5457 Ezechielis.
1036 5404 1252 5473 Euseb"
1303 5404 1373 5456 Η.
1524 5404 1625 5473 lib.
1649 5418 1723 5466 νι,
1754 5404 1870 5472 cap.
1901 5404 2003 5459 26.7
2037 5405 2126 5473 Sic
2166 5415 2217 5456 et

693 5474 1021 5541 Nicephorus
1058 5471 1139 5541 Η.
1158 5472 1221 5523 Ε.
1251 5475 1339 5526 Iib.
1371 5490 1441 5538 iv,
1471 5488 1589 5540 cap.
1618 5472 1705 5541 51.
1824 5471 1833 5472 “
1910 5494 1911 5497 η

761 5540 870 5612 (68)
905 5542 995 5603 Et;
1033 5540 1197 5612 πολλά
1219 5558 1283 5612 ,τε
1313 5544 1417 5594 τῶν
1446 5540 1753 5612 προφητῶν,
1792 5541 2014 5609 μάλιστα
2060 5542 2215 5603 Ἰεζε-

692 5609 833 5683 κιῆλ,
854 5609 961 5664 ua).
989 5609 1179 5683 ρανιὴ).
1208 5610 1311 5683 ῖῷν
1346 5609 1621 5683 (serratim,
1645 5630 1682 5683 i_
1709 5611 1953 5683 inpluita
1990 5613 2216 5683 prophe-

693 5678 863 5734 tarum
900 5678 1513 5748 tnajorumaEsec’hielis
1546 5680 1775 5733 maxime
1818 5690 1867 5733 et
1906 5678 2157 5735 Danielis.
2190 5698 2208 5729 ι

695 5748 943 5821 Syncell.,
976 5746 1097 5819 pag.
1124 5747 1225 5803 358
1255 5746 1616 5821 Chronograph

2310 4572 2584 4637 quingenti
2626 4571 2916 4637 sexaginta.
2971 4569 3318 4624 Nouissimam
3353 4591 3545 4645 quoque
3575 4581 3852 4635 hebdoma-

2320 4663 2433 4713 dem
2468 4660 2611 4726 ponit
2637 4663 2687 4709 in
2712 4663 3147 4713 consummatione
3173 4665 3373 4728 mundi,
3399 4682 3549 4734 quam
3575 4670 3759 4724 dividit
3798 4674 3852 4724 in

2325 4749 2455 4802 Elite
2482 4758 2715 4814 tempora
2741 4760 2787 4801 et
2814 4750 3142 4815 Antichristi,
3170 4762 3226 4805 ut
3252 4754 3413 4808 tribus
3437 4767 3485 4809 et
3508 4763 3660 4812 semis
3698 4765 3848 4815 annis

2320 4840 2515 4892 ultima:
2539 4839 2866 4891 hebdomadis
2886 4840 2977 4891 Dei
3003 4841 3185 4893 notitia
3212 4822 3557 4913 conﬁrmetur,
3576 4850 3635 4900 de
3650 4865 3751 4916 qua
3778 4826 3852 4904 di-

2390 4992 2740 5069 (giliFa‘bric.
2769 4991 2900 5058 Opp.
3024 4990 3283 5069 Hippolyt.
3328 5007 3455 5051 tom.
3489 4999 3531 5064 I,
3561 5015 3679 5066 pag.
3707 5001 3847 5069 271;

2322 5073 2366 5114 et
2398 5058 2537 5113 Bibl.
2559 5062 2739 5130 (Cresc.
2774 5058 2998 5130 tom._V,
3032 5058 3148 5130 pag.
3182 5058 3302 5118 210.

2387 5130 2495 5203 (ξφ)
2529 5128 2856 5203 Hieronym._,
2888 5126 3123 5199 Catal’og'.
3157 5149 3271 5203 cap.
3302 5137 3387 5191 6I.

2388 5200 2495 5265 (il)
2537 5198 2710 5268 Phot.,
2746 5199 3018 5268 ood._ccu.
3080 5198 3087 5199 7
3221 5198 3237 5203 ”
3363 5264 3367 5268 >

2388 5264 2495 5345 (7g)
2536 5293 2558 5344 ι.
2588 5267 2751 5345 [metu
2773 5276 2854 5317 est
2878 5264 3191 5345 Theodoreti
3220 5264 3455 5345 episcopi
3486 5271 3844 5345 Cyrjrexposi-

2319 5334 2404 5388 tio'
2432 5336 2684 5387 Danielis.
2735 5334 2915 5415 Longe
2958 5338 3147 5415 doctus
3180 5334 3268 5393 hic
3295 5342 3373 5392 vir
3399 5334 3842 5415 lion'Hippolyto

2319 5416 2497 5478 "th.10,
2528 5420 2711 5480 verum
2754 5414 2805 5456 et
2830 5407 2951 5480 aliis
2975 5410 3175 5480 multis
3208 5410 3478 5480 antecellit
3502 5407 3840 5480 prophetico-

2320 5473 3097 5554 rumnverboruiuelocutione
3121 5487 3172 5554 et
3204 5473 3638 5554 explanatio—tie;
3682 5484 3841 5554 igitur

2318 5544 2369 5593 in
2401 5543 2667 5609 aliquibus
2697 5543 2908 5610 quidem
2941 5546 3026 5597 ille
3072 5547 3122 5596 in
3157 5547 3253 5597 hac
3276 5543 3449 5598 'diviui
3478 5543 3837 5606 Danielisv’ex-

2316 5612 2581 5683 positione
2632 5628 2753 5683 cum
2814 5612 3095 5681 Hippolyto
3146 5624 3389 5683 martyre
3434 5623 3699 5683 convenit,
3749 5622 3837 5676 sed

2319 5681 2489 5747 plura,
2519 5682 2571 5749 iu
2605 5682 2801 5749 quibus
2824 5680 3090 5734 dissentit.
3126 5701 3143 5732 ι
3177 5680 3418 5748 Photius,
3450 5689 3569 5742 Cod.
3596 5680 3743 5745 ccut.

2389 5749 2498 5818 (73)
2529 5748 2833 5821 Hieronym.
2864 5753 2914 5803 in
2944 5765 3058 5820 cap.
3094 5766 3146 5804 ix
3182 5754 3429 5810 Dauielis.
