4104 6350
692 401 797 460 397

766 524 791 593 §
833 522 921 577 IX.
962 521 1336 577 Commentarii
1377 522 1435 578 S.
1464 523 1733 646 Hippolyti
1791 529 1845 578 in
1879 526 1949 580 Ν.
1977 528 2062 591 T.,
2090 544 2165 581 sc.

1080 592 1140 646 8.
1165 595 1498 646 Matthwum.
1571 607 1865 646 ucam.etc.

1080 592 1140 648 S.
1165 595 1498 657 Matthwum,
1524 592 1743 655 Lucam.
1761 607 1865 649 etc.

763 706 1034 773 Quantum
1081 708 1147 759 ad
1186 707 1380 775 scripta
1423 707 1540 774 ejus
1584 708 1636 760 in
1680 706 1886 761 Novum
1922 708 2235 762 Testamen-

694 810 828 861 tum,
866 798 1127 852 Eusebius
1154 814 1221 851 ne
1255 813 1419 851 unum
1449 798 1661 865 quidem
1699 809 1987 864 memorat;
2021 811 2238 867 sanctus

692 906 819 942 vero
846 888 1202 958 Hieronymus
1229 890 1294 941 de
1322 890 1437 942 solo
1469 887 1611 942 illius
1637 890 1691 941 in
1712 889 2058 957 Apocalypsin
2081 891 2236 943 Com—

693 981 948 1033 mentario
984 979 1302 1031 mentionem
1333 978 1481 1041 facit,
1510 980 1636 1033 dum
1668 979 1719 1031 in
1749 988 1977 1034 tractatu
2010 981 2084 1034 De
2112 984 2235 1035 viris

691 1064 987 1119 illustribus
1032 1080 1193 1132 opera
1252 1064 1310 1119 S.
1352 1065 1619 1135 Hippolyti
1673 1074 1915 1120 recenset
1943 1068 2077 1136 (88).
2132 1068 2235 1122 Sed

626 1188 627 1191 η
691 1155 983 1209 verisimile
1024 1162 1127 1219 est,
1172 1156 1312 1221 quod
1363 1154 1419 1207 S.
1455 1154 1808 1224 Hieronymus
1860 1157 1951 1210 illo
2002 1167 2265 1227 tempore.

692 1261 755 1299 ea
793 1246 848 1297 S.
888 1244 1150 1314 Hippolyti
1200 1246 1398 1311 scripta
1448 1246 1500 1297 in
1552 1244 1609 1297 S.
1644 1246 1951 1301 Mattltaaum
2000 1251 2235 1303 nondum

696 1336 906 1396 viderit,
936 1336 1000 1388 de
1028 1335 1225 1401 quibus
1261 1334 1311 1385 in
1351 1350 1509 1401 opere
1550 1336 1831 1402 posteriori
1859 1336 1971 1405 (89)
2004 1342 2238 1393 mentio—

696 1441 817 1477 nem
862 1424 1002 1477 fecit.
1032 1423 1396 1477 Theodoretus
1450 1425 1577 1478 citat
1627 1426 1810 1489 etiam.
1840 1436 2098 1483 tractatus
2143 1446 2235 1483 seu

696 1529 973 1569 sermones
1014 1513 1351 1583 S.llippolyti
1409 1515 1478 1567 De
1515 1514 1881 1569 distributione
1924 1518 2238 1571 talentorum

694 1614 748 1657 et
778 1604 851 1655 De
879 1604 1073 1658 duobus
1102 1604 1389 1656 latronibus
1417 1604 1549 1674 (90).
1576 1604 1712 1659 Hinc
1738 1606 2027 1661 verisimile
2053 1619 2251 1677 putant.

694 1694 796 1746 viri
821 1695 961 1747 docti
989 1694 1097 1763 (9t)
1126 1704 1375 1747 sanctum
1406 1704 1646 1747 nostrum
1676 1695 1729 1747 in
1758 1697 2019 1763 quasdam
2050 1700 2235 1751 saltem

695 1792 871 1852 partes
896 1782 1164 1851 Evangelii
1210 1782 1541 1848 S.Mattha:i,
1592 1794 1753 1853 atque
1805 1788 1923 1842 sine
1971 1773 2135 1842 dubio
2184 1792 2238 1844 in

694 1875 934 1941 quaedam
985 1874 1101 1927 loca
1144 1873 1413 1940 Evangelii
1473 1874 1528 1929 S.
1555 1875 1735 1941 Lucaz,
1784 1878 1976 1947 inquo
2018 1882 2239 1935 historia

694 1965 760 2017 de
792 1965 1002 2017 duobus
1030 1966 1327 2019 latronibus
1359 1968 1578 2022 uberius
1629 1978 1932 2034 enarratur,
1968 1986 2241 2026 commen-

694 2056 860 2108 tarios
904 2071 1174 2109 exarasse.
1226 2055 1541 2125 Quanquam
1594 2068 1775 2112 autem
1830 2060 1916 2114 hic
1954 2064 2239 2129 terminus,

694 2142 901 2209 λόγους,
921 2153 1098 2210 posset
1120 2145 1373 2199 denotare
1399 2147 1536 2213 apud
1561 2146 1953 2204 Theodoretum
1971 2152 2241 2218 homilias,

697 2232 1044 2287 nihilominus
1075 2244 1250 2288 tamen
1288 2234 1349 2288 D.
1384 2235 1743 2307 Hieronymus
1796 2240 1934 2294 inter
1962 2257 2240 2297 commen-

698 2322 864 2375 tarios
914 2322 965 2373 in
1011 2320 1423 2390 S.Scripturam
1477 2334 1721 2378 recenset
1768 2315 2001 2393 aliquem
2052 2330 2241 2382 horum

695 2410 865 2477 λόγων
894 2427 986 2464 seu
1016 2426 1324 2464 sermonum
1367 2428 1397 2465 a
1427 2412 1764 2467 Theodoreto
1796 2416 2084 2470 citatorum
2110 2419 2241 2487 (92).

695 2502 752 2556 In
778 2504 975 2557 Catena
1000 2502 1215 2557 Patrum
1241 2504 1546 2558 Graecorum
1574 2522 1735 2575 super
1759 2505 1957 2561 Lucam
1986 2509 2246 2576 reperitur

693 2594 857 2653 etiam
883 2594 1077 2663 aliquis
1106 2593 1162 2647 S.
1188 2592 1455 2665 Hippolyti
1496 2596 1646 2650 locus
1672 2596 1807 2663 (95).

698 2706 727 2774 5
765 2706 832 2760 Χ.
873 2708 1247 2780 Comntentarii
1288 2705 1341 2759 S.
1376 2708 1644 2775 Hippolyti
1680 2709 1734 2760 in
1755 2707 1980 2762 Joannis
2007 2708 2247 2780 Evange-

1159 2776 1287 2828 lium
1325 2787 1371 2829 et
1397 2780 1765 2847 Apocalypsin.

763 2866 821 2919 In
870 2866 1049 2920 tabula
1094 2864 1278 2921 Graeca
1334 2883 1475 2935 saepe
1513 2869 1623 2936 jam
1673 2869 1886 2921 laudata
1936 2884 2059 2923 cum
2088 2868 2246 2938 Cyclo

693 2957 930 3025 paschali
967 2957 1162 3012 ell‘ossa
1202 2958 1481 3026 perspicue
1525 2969 1761 3023 notatur,
1794 2943 1934 3029 quod
1965 2959 2022 3014 S.
2047 2960 2246 3030 Hippo-

696 3050 837 3119 lytus
874 3048 1151 3115 scripserit
1196 3050 1249 3101 in
1283 3049 1624 3117 Evangelium
1664 3051 1958 3104 secundum
2003 3048 2246 3105 S.Joan-

1654 406 1740 461 DE
1778 407 1934 465 vm
1974 408 2059 463 ET
2096 408 2404 463 SCRIPTIS
2440 408 2498 465 s.
2536 393 2913 462 HIPPOLY'I‘I.

3710 434 3711 437 η
3775 406 3876 461 398

2266 537 2312 587 Α
2341 542 2519 583 reseos
2544 528 2846 582 consultum
2878 526 2939 579 iri
2969 525 3430 587 existimaverunt,
3455 539 3615 593 quam
3644 526 3879 595 negando

2340 618 2741 682 auctoritatem,
2800 625 2854 670 et
2900 615 3211 685 Evangelii,
3268 624 3322 668 et
3370 615 3786 686 Apocalypseos,
3828 625 3883 669 et

2340 705 2697 775 Epistolarum
2770 706 2833 759 D.
2860 703 3104 759 Joannis.
3173 705 3324 770 Quod
3368 714 3517 757 tanta
3554 720 3693 760 cum
3742 706 3885 759 inve-

2334 797 2587 849 recundia
2636 796 3002 851 fecerunt'isti
3050 794 3301 859 haeretici,
3338 803 3394 848 et
3420 805 3568 849 tanto
3598 811 3721 849 cum
3753 796 3885 848 divi-'-

2336 885 2521 939 nitatis
2541 886 2707 951 Λόγου
2732 886 2875 945 odio,
2905 894 2961 937 ut
2983 884 3361 952 quamplurimi
3397 885 3531 938 inter
3559 886 3886 939 orthodoxos

2336 976 2658 1040 exstiterint,
2704 976 2796 1044 qui
2846 975 3107 1028 vi‘ndieias
3157 975 3294 1028 la'sa:
3342 976 3641 1028 divinitatis
3687 974 3886 1029 Christi

2337 1066 2585 1119 alacriter
2642 1067 2979 1134 paraverint,
3045 1077 3098 1118 et
3151 1064 3535 1134 Evangelium,
3596 1065 3886 1134 Epistolas,

2336 1154 2690 1225 Apocalypsin
2724 1154 2915 1208 Joanni
2964 1156 3302 1222 evangelista:
3345 1158 3674 1210 asseruerint
3700 1198 3713 1219 ,
3750 1157 3891 1209 inter

2338 1262 2473 1312 quos
2517 1248 2861 1301 eminuerunt
2914 1244 2971 1300 S.
2996 1246 3243 1302 Justinus
3286 1259 3508 1316 martyr,
3546 1246 3602 1300 S.
3630 1249 3889 1310 Irenaeus,

2341 1335 2672 1403 Theophilus
2725 1337 3114 1409 Antiochenus,
3163 1336 3411 1390 Clemens
3469 1323 3890 1401 Alexandrinus,

2342 1424 2398 1480 S.
2425 1425 2602 1480 Melito
2645 1425 2958 1489 Sardensis,
3007 1436 3069 1491 et
3109 1427 3165 1487 S.
3200 1426 3537 1499 Hippolytus.
3577 1427 3699 1484 Haec
3742 1431 3812 1483 cl.
3846 1431 3892 1483 Ie

2338 1516 2585 1586 Moynius
2619 1516 2753 1584 (95),
2782 1518 2872 1584 qtti
2904 1518 3094 1571 deinde
3132 1520 3424 1581 concludit,
3465 1521 3609 1589 quod
3656 1521 3776 1575 ideo
3811 1522 3892 1575 di—

2339 1618 2492 1660 catur
2523 1607 2610 1659 hic
2642 1607 2739 1674 (sc.
2766 1604 3103 1675 Hippolytus)
3133 1609 3413 1676 scripsisse
3453 1609 3508 1662 in
3538 1608 3887 1676 Evangelium

2338 1707 2391 1749 et
2412 1695 2787 1765 Apocalypsin,
2821 1698 2881 1747 ut
2910 1694 3011 1746 ista
3044 1709 3205 1762 opera
3233 1710 3352 1749 esse
3380 1696 3618 1762 ejusdem
3648 1688 3891 1751 auctoris

2340 1786 2685 1855 persuaderet
2714 1794 2766 1838 et
2793 1785 3153 1839 conﬁrmaret.
3188 1787 3384 1839 Verum
3414 1787 3723 1857 quicunque
3756 1804 3891 1856 pra:-

2344 1875 2558 1935 tendere
2584 1874 2759 1935 vellet,
2786 1881 2845 1926 ut
2871 1875 3137 1943 sapienter
3162 1874 3409 1929 observat
3431 1875 3731 1946 Basnagius
3757 1877 3889 1946 (96),

2344 1965 2447 2019 hoc
2503 1980 2569 2017 ex
2629 1964 2831 2017 motivo
2914 1973 3160 2019 sanctum
3226 1964 3566 2036 Hippolytum
3644 1977 3889 2021 nostrum

2340 2070 2557 2124 operam
2617 2055 2944 2123 impendisse
2990 2057 3054 2109 ad
3085 2058 3421 2112 scribendum
3461 2074 3619 2127 super
3653 2059 3800 2115 hunc
3831 2061 3893 2113 li-

2342 2148 2521 2210 brum,
2565 2147 2610 2201 is
2654 2132 2838 2201 revera
2883 2149 3233 2206 divinaretur.
3273 2151 3509 2220 Scaliger
3542 2153 3894 2208 nihilominus

2340 2238 2549 2291 videtur
2599 2238 2759 2307 hujus
2827 2241 3104 2294 sententite
3168 2241 3331 2296 fuisse
3377 2243 3518 2311 (97),
3578 2243 3708 2296 dum
3756 2244 3894 2298 scri-

2341 2329 2418 2383 bit
2476 2345 2612 2397 opus
2674 2330 2846 2384 sancti
2895 2331 3160 2403 Hippolyti
3221 2335 3273 2385 in
3330 2334 3695 2411 Apocalypsin
3762 2335 3895 2389 nihil

2342 2420 2487 2474 aliud
2530 2420 2694 2475 fuisse
2722 2436 2884 2489 quam
2918 2424 3215 2492 apologiam
3260 2438 3356 2492 pro
3393 2425 3537 2479 illius
3575 2427 3897 2480 auctoritate

2343 2510 2671 2564 defendenda
2722 2506 2914 2565 contra
2950 2512 3171 2581 A‘logos.
3222 2512 3401 2567 Hebed
3444 2513 3569 2567 Jesu
3600 2513 3714 2583 (98)
3765 2530 3898 2569 sane

2344 2606 2593 2662 testatur,
2627 2600 3077 2667 quemadmodum
3124 2599 3421 2668 Basnagius
3468 2601 3577 2670 (99)
3625 2610 3679 2654 et
3705 2600 3897 2667 Fabri-

2342 2690 2459 2744 cius
2478 2689 2550 2758 (l)
2569 2689 2824 2754 referunt,
2844 2698 2985 2756 quod
3012 2690 3245 2742 Chaldati
3272 2690 3560 2743 ostendant
3582 2690 3895 2761 Apologiam

2346 2777 2403 2831 S.
2430 2778 2692 2848 Hippolyti
2726 2794 2823 2847 pro
2850 2778 3168 2848 Apocalypsi
3202 2788 3255 2831 et
3282 2776 3566 2847 Evangelia
3594 2782 3770 2834 sancti
3799 2780 3891 2835 Jo-

2344 2867 2517 2919 annis.
2542 2910 2546 2913 Α
2574 2866 2675 2921 Sed
2710 2882 2849 2935 quae,
2882 2866 3106 2920 amabo!
3133 2865 3263 2920 tides
3296 2866 3536 2921 habenda
3583 2870 3895 2924 testimonio

2343 2958 2596 3012 rabbini?
2667 2957 2724 3011 ln
2773 2948 3098 3013 bibliotheca
3157 2956 3445 3012 Bodleiana
3522 2960 3657 3014 inter
3726 2961 3895 3014 libros

2344 3050 2828 3120 Huntingtonianos
2854 3060 3028 3104 exstat
3058 3050 3280 3104 Arabice
3307 3052 3602 3120 exploratio
3629 3052 3893 3123 Apocaly-

696 3156 818 3193 nem
860 3148 913 3193 et
958 3140 1011 3192 in
1034 3139 1386 3207 Apocalypsin
1420 3157 1431 3190 :
1470 3139 1636 3209 ’Υπὲρ
1672 3141 1764 3192 τοῦ
1814 3142 1953 3195 κατὰ
1995 3144 2242 3214 Ἰωάννην

2344 3157 2501 3212 pseos
2541 3148 2606 3196 ex
2632 3140 2853 3205 Severo,
2886 3140 3169 3209 Hippolyto
3220 3152 3273 3195 et
3314 3142 3455 3207 aliis,
3504 3158 3663 3212 quam
3704 3143 3894 3198 Latine

697 3229 1023 3297 Εὑαγγελίου
1072 3230 1163 3281 καὶ
1200 3226 1627 3295 Ἀποκαλύψεως.
1676 3228 1911 3298 ldipsum
1962 3235 2242 3287 conﬁrmat

2341 3247 2550 3286 versam
2604 3230 3044 3299 praestantissimo
3078 3232 3193 3283 viro
3222 3229 3415 3285 Joanni
3448 3232 3732 3302 Gagnierio
3780 3233 3893 3288 for-

702 3320 759 3374 S.
784 3319 1138 3390 Hieronymus
1171 3328 1427 3387 quantum
1463 3321 1527 3377 ad
1554 3320 1911 3391 Apocalypsin
1949 3323 2081 3393 (94).
2131 3323 2241 3376 No-

698 3425 812 3468 tum
852 3422 931 3467 est
970 3412 1240 3477 omnibus,
1275 3412 1449 3480 qttalis
1484 3422 1789 3482 quantaque
1832 3415 1905 3467 de
1939 3415 2058 3469 istis
2092 3417 2245 3472 libris

697 3507 893 3574 agitata
934 3503 1093 3557 fuerit
1120 3504 1481 3558 controversia
1512 3513 1740 3559 exeunte
1782 3506 1979 3560 szeculo
2010 3509 2244 3561 secundo

699 3606 751 3651 et
788 3597 1005 3649 ineunte
1046 3598 1235 3659 tertio,
1272 3611 1377 3649 non
1422 3604 1625 3648 tantum
1662 3606 1878 3664 propter
1903 3597 2239 3661 Cerinthum,

698 3689 791 3743 sed
838 3703 960 3740 cum
987 3687 1239 3739 Artemon
1294 3695 1345 3737 et
1377 3686 1477 3737 sibi
1520 3686 1723 3738 similes
1754 3668 2083 3742 divinitatem
2117 3687 2242 3742 Jesu

697 3775 901 3832 Christi
936 3785 1216 3842 negarent,
1252 3784 1303 3827 et
1336 3768 1483 3827 arma
1529 3776 1726 3842 quibus
1765 3777 2049 3830 orthodoxi
2100 3779 2241 3832 illam

704 3865 1043 3927 asserebant,
1092 3866 1195 3917 illis
1233 3865 1436 3931 eripere
1479 3874 1826 3924 conarentur.
1868 3866 2041 3933 primo
2066 3866 2241 3920 Evanv

701 3954 1133 4027 geliumJoannis
1164 3963 1217 4007 et
1246 3954 1383 4007 illius
1409 3954 1760 4023 Apocalypsin
1791 3954 2000 4022 profani
2028 3956 2243 4010 invase.

704 4058 849 4111 runt,
877 4059 930 4101 et
960 4062 1081 4100 cum
1117 4047 1279 4099 variis
1320 4046 1453 4099 locis
1484 4060 1545 4098 ex
1584 4044 1866 4114 Evangelio
1899 4054 1953 4099 et
1979 4045 2244 4117 Apocaly-

702 4118 783 4208 psi
818 4138 993 4206 petitis
1026 4136 1090 4190 ad
1121 4136 1288 4202 Λόγου
1323 4136 1651 4189 divinitatem
1690 4136 2109 4190 conﬁrmandam
2138 4152 2243 4191 non

703 4238 923 4299 possent
968 4228 1310 4295 respondere,
1359 4238 1411 4280 et
1448 4229 1609 4281 verba
1650 4228 1989 4297 evangelista:
2029 4237 2082 4281 et
2113 4243 2245 4295 apo--

704 4322 827 4375 stoli
871 4321 941 4372 ita
986 4320 1245 4387 stringere
1291 4318 1794 4380 animadverterent,
1842 4328 1901 4372 ut
1945 4320 2090 4373 nulla
2133 4330 2248 4375 arte

707 4410 973 4475 nullisque
1004 4409 1525 4476 interpretationibus
1554 4410 1733 4477 pravis
1761 4409 1841 4463 vis
1872 4410 2088 4464 illorum
2122 4426 2247 4478 pos-

2342 3333 2485 3378 tasse
2540 3323 2809 3378 debebunt
2858 3320 3076 3385 eruditi,
3126 3324 3314 3376 scribit
3358 3324 3427 3377 cl.
3482 3323 3762 3379 Fabricius
3794 3325 3889 3395 (2).

2343 3411 2446 3465 Sed
2480 3421 2741 3481 quantum
2791 3425 2891 3479 ego
2932 3411 3078 3476 scio,
3131 3411 3302 3465 lucem
3342 3412 3605 3480 publicam
3654 3416 3892 3469 nondum

2339 3503 2490 3557 vidit.
2538 3502 2797 3557 Caeterum
2828 3517 2916 3569 per
2948 3502 3361 3556 commentarios
3412 3505 3463 3555 in
3497 3504 3888 3575 Apocalypsin,

2344 3594 2495 3649 Sixto
2521 3593 2742 3648 Senensi
2769 3596 2926 3646 etiam
2965 3592 3560 3655 memoratos,.Rivetus
3588 3596 3662 3664 (5)
3696 3596 3895 3649 intelli-

2340 3688 2416 3756 git
2446 3686 2641 3739 librum
2674 3686 2739 3738 de
2772 3684 3121 3737 Antichristo.
3154 3682 3429 3737 Fabricius
3466 3685 3701 3755 imprimi
3726 3703 3891 3741 cura-

2344 3779 2417 3831 vit
2470 3775 2827 3846 fragmentum
2886 3774 3029 3828 haud
3076 3773 3360 3843 exiguum,
3417 3778 3469 3829 in
3519 3793 3626 3846 quo
3670 3786 3894 3833 sanctus

2344 3866 2658 3935 Hippolytus
2714 3865 2933 3933 exponit
2996 3865 3108 3919 haec
3192 3864 3602 3923 Proverbiorum
3673 3882 3796 3934 cap.
3843 3884 3894 3921 rx

2342 3950 2503 4005 verba
2548 3968 2560 4001 :
2612 3950 2879 4017 Sapientia
2927 3953 3204 4019 redi/ienuit
3247 3954 3348 4007 sibi
3394 3956 3639 4016 domum;
3682 3956 3893 4023 sibique

2346 4040 2632 4107 persuasit,
2678 4041 2729 4093 in
2750 4038 2978 4115 Joannis
3012 4040 3358 4111 Evangelistze
3398 4044 3573 4096 locum
3604 4046 3891 4111 quemdam

2346 4130 2459 4183 haec
2508 4130 2573 4183 ab
2605 4129 2886 4201 Hippolyto
2952 4133 3129 4201 potius
3176 4134 3372 4201 scripta
3423 4148 3571 4195 esse,
3622 4149 3786 4201 quam
3840 4138 3890 4187 in

2345 4219 2752 4273 Proverbiorutn
2782 4223 2920 4283 loca,
2951 4222 3073 4276 licet
3102 4230 3155 4277 et
3197 4223 3249 4276 in
3278 4224 3390 4276 lucc
3421 4223 3583 4275 etiam
3616 4238 3893 4279 commen-

2352 4322 2494 4365 tatus
2549 4311 2709 4365 fuerit
2751 4313 2845 4382 (4).
2913 4312 2967 4365 In
3024 4314 3205 4368 tabula
3254 4328 3477 4382 operum
3530 4311 3585 4366 S.
3622 4311 3890 4386 Hippolyti

2348 4404 2538 4472 legitur
2586 4404 2802 4471 insuper
2831 4398 3169 4473 Hippolytum
3217 4414 3458 4481 nostrum
3489 4400 3631 4457 Oilas
3671 4412 3722 4457 et
3754 4404 3893 4459 Car-

706 4509 789 4555 set
823 4496 1105 4562 declinari;
1141 4513 1254 4555 non
1275 4500 1427 4553 aliter
1455 4500 1577 4563 sibi,
1614 4509 1667 4553 et
1698 4499 1943 4567 pravitati
1989 4515 2101 4554 sua;
2132 4500 2239 4554 ha}-
2275 4503 2315 4556 ι)
2343 4495 2485 4546 mina
2517 4494 2797 4561 scripsisse
2831 4494 2886 4547 in
2908 4508 3095 4546 omnes
3122 4491 3178 4546 S.
3210 4483 3501 4562 Scriptura:
3525 4494 3689 4549 libros
3718 4496 3820 4565 (5).

776 4666 887 4735 (88)
927 4664 1230 4735 Hieronym.
1265 4666 1317 4717 in
1346 4664 1610 4735 Catalog.,
1645 4681 1762 4733 cap.
1798 4665 1888 4718 6|.

778 4732 889 4802 (89)
928 4755 944 4785 ι
974 4732 1189 4803 Ιδοεὶξξε
1226 4750 1307 4786 me
1337 4734 1502 4787 fateor
1534 4732 1657 4787 ante
1698 4750 1869 4787 annos
1899 4732 2163 4801 plurimos
2192 4735 2245 4787 in

708 4803 1080 4857 lllattharum...
1111 4802 1373 4871 Hippolyti
1400 4805 1646 4872 martyris
1691 4808 1945 4871 opuscula
2070 4818 2100 4856 e
2123 4804 2246 4871 .qui-

711 4875 811 4926 bus
852 4874 1059 4927 etiamsi
1113 4888 1281 4940 pauca
1315 4888 1610 4939 carperent,
1643 4874 1859 4941 dignum
1901 4874 2099 4940 aliquid
2137 4888 2247 4924 tne-

711 4948 877 5063 rseri'a
949 4944 1289 4995 scriberetur.
1349 4960 1367 4991 ι
1465 4941 1816 5012 Hieronym.,
1911 4941 2124 4995 Praefat.
2193 4942 2246 4994 in

766 5022 897 5062 aut.

766 5011 897 5062 atllt.

785 5076 892 5144 (90)
925 5077 1214 5149 Theudor“
1248 5079 1445 5149 dialogi.
1474 5079 1527 5141 ‘2,
1561 5096 1679 5149 pag.
1702 5082 1746 5149 72
1774 5090 1822 5132 et
1852 5081 1937 5149 79,
1966 5090 2019 5132 et
2043 5079 2242 5149 dialog.

785 5097 892 5144 (νυ)
937 5097 1214 5136 tneouor..
1248 5097 1445 5143 oratog.
1475 5097 1527 5141 Ζ,
1561 5097 1623 5145 pa
1666 5118 1679 5131 .
1712 5097 1746 5132 z
1774 5097 1822 5132 et
1861 5097 1937 5143 tu,
1966 5097 2019 5132 et
2043 5097 2242 5149 atatog.

711 5144 922 5224 ἔξυρες.
1108 5145 1239 5224 Vide
1294 5097 1660 5224 παρτε-μς)ῃῖ
1687 5148 1819 5224 Qpp.
1854 5148 2242 5224 Hippollpag.

709 5210 1170 5285 ﬂigiétpallaml.
1202 5226 1328 5269 tom.
1360 5217 1398 5267 ΙΙ
1427 5216 1674 5269 Biblioth.
1706 5210 1839 5281 1513.,
1867 5210 1985 5285 pag:
2015 5210 2137 5271 498:

779 5282 890 5355 (9!)
930 5281 1069 5355 Hist.
1102 5283 1265 5336 littér.
1304 5286 1366 5337 de
1396 5286 1448 5335 la
1478 5285 1697 5350 France,
1734 5281 2087 5355 tontflfpag.
2118 5287 2240 5338 379.

777 5349 888 5418 (92)
926 5368 945 5399 ε
986 5349 1384 5421 Hippolytus...
1424 5357 1640 5422 scripsit
1690 5349 1983 5409 nonnullos
2018 5349 2068 5408 in
2099 5356 2245 5409 Scri-

706 5430 892 5488 ptuus
935 5425 1367 5491 corttmetttarios,
1408 5440 1437 5476 e
1462 5427 1657 5491 quibus
1698 5426 1795 5476 lius
1823 5426 2027 5490 reperi:
2064 5428 2114 5483 in
2152 5425 2245 5475 lle-

706 5503 1058 5561 xaemeron...
1092 5489 1151 5561 in
1173 5489 1383 5561 Isaiam,
1422 5489 1610 5546 naut.
1638 5514 1656 5544 ι
1693 5489 2020 5561 Hieronyut.,
2058 5495 2241 5547 Det'ir.

705 5559 923 5632 ξιφίας..
952 5572 1071 5632 cap.
1095 5557 1181 5632 61Γ
1216 5560 1294 5632 _l_-1t
1320 5561 1683 5632 Theudor-etus
1727 5565 1778 5614 in
1810 5557 2005 5632 diaIOg.
2040 5564 2238 5631 l,.pag.

706 5628 933 5698 36,1“:
953 5644 972 5676 ι
999 5628 1180 5680 Sancti
1214 5626 1477 5698 Hippolyti
1505 5649 1569 5689 ex
1599 5645 1848 5687 sermone
1878 5632 1931 5683 in
1955 5626 2240 5686 cmi-dium

632 5745 639 5753 .
707 5696 873 5748 Isaiae.
905 5714 925 5748 ι

772 5765 883 5833 (95)
920 5749 1309 5839 Catena_Patr.
1353 5768 1690 5827 Corderianm
1742 5770 1807 5825 ad
1860 5768 2018 5825 Lucae
2067 5770 2238 5838 ωδ,

2348 4681 2467 4734 pag.
2494 4666 2584 4717 '53.

2416 4735 2526 4800 (ut)
2568 4732 2873 4801 Hieronym.
2908 4734 2960 4785 in
2988 4731 3254 4801 Catalog..
3291 4749 3409 4801 cap.
3443 4734 3528 4787 (ii.

2417 4800 2640 4881 (95)_Le
2688 4800 2895 4873 Moyne,
2958 4800 3079 4854 Var.
3138 4800 3271 4881 sua,
3326 4800 3443 4875 pag.
3491 4805 3625 4857 1010
3651 4813 3704 4859 et
3745 4814 3890 4876 seq.,

2352 4872 2774 5012 ωῗέὶζξιξξθηίεη
2803 4938 2946 4995 Lert.
2977 4940 3164 5009 antiq.,
3194 4948 3321 5012 tom.
3352 4942 3391 5007 1,
3430 4960 3547 5012 pag.
3582 4943 3631 4995 7.

2417 5010 2526 5077 (97)
2566 5009 2841 5087 Scaliger”
2864 5012 3013 5073 ibid.,
3033 5025 3151 5078 pag.
3170 5010 3253 5074 l4,
3280 5020 3331 5065 et
3349 5009 3723 5082 apud'b‘abric.
3752 5022 3887 5066 tom.

2346 5078 2386 5143 l’
2563 5079 2741 5220 ῗῗῗιίκθά
2773 5146 2897 5200 .lcsu
2944 5148 2996 5220 in
3022 5147 3261 5220 Catalog,
3302 5150 3555 5203 librorum
3585 5149 3888 5205 Cltaldwor.

2416 5219 2523 5284 (99)
2564 5216 2800 5285 Basnage
2848 5219 2986 5283 apud
3038 5216 3231 5275 Canis:
3264 5220 3406 5274 Lect.
3441 5222 3629 5287 antiq.,
3680 5228 3816 5275 tom.
3848 5222 3887 5284 Ι,

2347 5287 2772 5428 ρηῗίΐῗίεὺτίς..
2797 5353 3005 5428 Hippol.
3034 5356 3167 5428 Opp.
3202 5368 3333 5411 tom.
3367 5358 3405 5425 Ι,
3438 5354 3559 5426 pag.
3585 5356 3704 5411 280.

2370 5470 2379 5483 ,
2416 5425 2491 5490 (e)
2534 5424 2675 5475 ltlem
2708 5425 2832 5476 ibitl.

2416 5427 2471 5490 (τε
2534 5427 2675 5475 ιιιρω
2708 5427 2832 5476 iltitl.
3120 5427 3128 5428 ί

2415 5427 2491 5561 (ὅ)
2529 5491 2906 5551 Rivet.,Crilic.
2947 5495 3003 5549 S.
3030 5498 3120 5549 lib.
3156 5512 3217 5555 II,
3242 5498 3324 5549 ll.

2414 5564 2487 5635 (ﬁt)
2514 5562 2763 5635 (Fabric,
2794 5576 2919 5617 tom.
2954 5565 2971 5617 Ι
3002 5567 3134 5634 Opp.
3170 5564 3456 5635 Hippolyt.,
3486 5578 3607 5635 pag.
3632 5566 3755 5619 282.

2413 5628 2486 5700 (5)
2513 5628 2755 5703 ᾨδαὶλεὶς
2782 5635 2957 5697 πάσας
2985 5628 3338 5703 τὰξςΤραςράς.
3362 5628 3443 5687 lla
3472 5628 3703 5703 Scaliger
3734 5634 3883 5703 legit.

2345 5698 2609 5773 Edmund.
2644 5698 2963 5773 Bernartius
3012 5698 3579 5773 ontit'tit’vocabulum
3616 5698 3889 5773 ᾯδᾳίξθι

2344 5771 2468 5841 legit
2515 5771 2591 5831 εἰς
2631 5771 2842 5835 ἁπάσας
2892 5774 2986 5850 τᾲς
3030 5771 3279 5840 Γραφάς,
3328 5775 3409 5828 vel
3454 5776 3529 5837 εἰς
3560 5770 3756 5857 Δανιὴλ
3788 5770 3889 5825 καὶ
