4104 6350
243 366 341 424 529

788 481 1182 538 ARTICULUS
1232 451 1298 537 it.

337 594 406 634 οι
443 593 584 633 Αιιιε
620 592 958 655 ηιωιεειτιε
1005 592 1073 630 ΕΤ
1113 592 1367 631 ονειιιιιυε
1403 593 1719 633 θερειωιτιε

833 663 880 702 S.
911 661 1214 701 HIPPOLYTI.

305 757 336 832 ᾗ
373 756 412 812 1.
454 759 579 811 Alia
611 758 716 811 duo
760 757 1014 831 opuscula
1042 755 1098 810 S.
1123 755 1398 826 Hippolyti
1440 757 1504 808 de
1535 756 1760 810 Pascha.

311 848 511 903 Przeter
534 847 754 917 Cyclum
786 848 1105 918 paschalem,
1133 847 1339 916 dequo
1363 849 1526 916 paulo
1558 847 1808 915 superius

243 939 640 1004 disseruimus,
673 939 938 995 Eusebius
987 948 1041 993 et
1087 939 1143 992 S.
1171 937 1531 1009 Hieronymus
1581 937 1657 1007 (6)
1704 938 1810 992 alia

243 1035 404 1088 etiam
453 1035 564 1086 duo
617 1031 876 1100 opuscula
927 1039 1116 1084 sancto
1159 1028 1448 1100 Hippolyto
1507 1033 1574 1083 de
1625 1030 1809 1082 eadem

187 1148 193 1152 -
245 1125 470 1177 materia
505 1124 803 1177 ascribunt.
828 1106 1288 1187 Quemadmodum
1317 1121 1372 1173 hi
1401 1122 1692 1190 scriptores
1721 1119 1811 1172 illa

249 1217 318 1270 ab
349 1216 581 1268 invicem
628 1214 804 1283 palam
840 1214 1199 1281 distinguunt,
1236 1211 1310 1266 ita
1352 1221 1407 1266 et
1434 1228 1533 1270 nos
1561 1220 1680 1280 post
1708 1227 1804 1266 eos

244 1307 578 1376 distinguere
595 1307 871 1360 debemus.
891 1303 944 1357 In
962 1305 1133 1372 primo
1151 1305 1340 1359 horum
1361 1319 1580 1374 cperunt
1595 1314 1812 1358 sanctus

246 1392 570 1465 Hippolytus
593 1395 820 1448 adornat
842 1394 1268 1463 chronologiam,
1295 1410 1456 1463 quam
1485 1395 1548 1447 ad
1579 1395 1810 1462 primum

245 1501 414 1552 usque
453 1487 663 1553 imperii
693 1485 975 1538 Alexandri
1007 1486 1188 1538 Severi
1229 1500 1428 1539 annum
1465 1483 1722 1548 .dcducit,
1759 1485 1811 1537 id

242 1586 322 1629 est
361 1592 534 1644 usque
571 1577 636 1629 ad
689 1591 889 1629 annum
933 1575 1038 1628 222
1083 1591 1202 1629 terte
1243 1576 1586 1630 Christianae.
1649 1574 1809 1629 Juxta

245 1664 536 1720 Eusebium
571 1665 854 1727 constituit
889 1664 1032 1719 ineo
1057 1665 1364 1719 describere
1393 1665 1468 1733 (7)
1505 1673 1808 1734 temporum

243 1759 458 1822 seriem,
510 1757 695 1831 habito
742 1765 921 1810 tamen
969 1771 1182 1826 semper
1229 1766 1472 1826 respectu
1512 1757 1578 1810 ad
1604 1755 1810 1813 Pascha

1212 365 1301 419 DE
1338 363 1501 418 VITA
1535 363 1622 418 ET
1658 354 1965 418 SCRIPTIS
2001 363 2059 418 S.
2101 359 2480 417 HIPPOLYTI.

3353 367 3457 421 πο

1847 482 2104 544 Acilium
2155 483 2208 535 in
2247 481 2515 536 Laterano
2557 497 2702 534 anno
2751 481 2853 535 649
2903 483 3228 536 celebratum
3282 483 3474 548 allegat

1918 573 2205 640 quemdam
2243 572 2420 626 locum
2445 573 2682 625 homilite
2711 571 2886 626 sancti
2912 568 3180 642 Hippolyti
3214 574 3266 627 in
3297 572 3480 627 Domi-

1919 663 2096 716 nicatn
2121 662 2342 716 Pascha:
2369 666 2414 731 (1
2427 664 2500 726 υ).
3217 679 3221 683 ·

2018 771 2046 837 §
2087 771 2148 826 11.
2173 773 2245 826 De
2277 774 2673 834 resurrectione,
2709 771 3055 841 S.Hippolyti
3087 784 3366 829 tractatus.

1985 859 2612 940 Sanctus-Hieronymus
2647 864 2758 929 (11)
2816 866 3274 918 enumerationem
3336 868 3474 920 scri-

1913 965 2129 1024 ptorum
2180 954 2236 1009 S.
2266 954 2536 1025 Hippolyti
2576 955 2883 1020 instituens,
2929 954 3100 1008 eidem
3134 957 3354 1010 ascribit
3407 959 3474 1010 li-

1912 1047 2072 1101 brum
2125 1047 2202 1101 De
2235 1057 2635 1100 resurrectione.
2709 1043 2821 1099 Hoc
2853 1047 3170 1114 opusculum
3213 1047 3263 1099 iu
3294 1048 3472 1102 tabula

1912 1137 2098 1191 Graeca
2155 1147 2402 1192 notatum
2469 1136 2736 1202 reperitur
2793 1137 2898 1188 hoc
2951 1133 3052 1188 sub
3105 1136 3280 1198 titulo,
3335 1141 3476 1190 un'e

1913 1224 2133 1278 uberior
2166 1223 2354 1277 notitia
2387 1223 2588 1277 hauriri
2621 1230 2833 1291 potest:
2868 1222 2998 1294 Περὶ
3031 1207 3124 1275 δῖ’
3153 1223 3244 1277 καὶ
3276 1225 3476 1294 σαρκὸς

1913 1316 2278 1377 ἀναστάσεως,
2313 1313 2390 1366 De
2418 1313 2521 1365 Deo
2555 1324 2602 1366 et
2633 1314 2805 1367 carnis
2856 1317 3248 1369 resurrectione.
3285 1309 3472 1369 Fabri:

1913 1403 2033 1457 cius
2055 1403 2166 1472 (l2)
2200 1411 2252 1455 ct
2282 1401 2597 1456 Gallaudius
2631 1399 2869 1456 referunt
2913 1402 3271 1472 fragmentum
3301 1395 3475 1458 Sancti

1913 1492 2187 1563 Hippolyti
2229 1493 2295 1545 de
2338 1491 2440 1544 hac
2499 1489 2745 1555 materia,
2786 1491 2935 1557 quod
2980 1504 3045 1544 ex
3077 1485 3361 1546 Anastasio
3381 1493 3477 1546 ’Si-

1913 1585 2058 1636 naita
2101 1585 2550 1650 dcsumpserunt,
2583 1581 2675 1651 qui
2724 1582 2850 1636 illud
2895 1582 2996 1635 sub
3026 1581 3127 1636 hoc
3157 1583 3310 1636 titulo
3344 1582 3473 1636 alle-

1913 1673 2060 1741 gavit
2104 1691 2116 1725 :
2152 1670 2618 1724 Deresurrectioue
2643 1681 2689 1723 et
2715 1671 3095 1739 incorruptione
3137 1672 3270 1740 (15).
3321 1671 3476 1726 Hunc

1915 1773 2206 1818 tractatum
2231 1762 2307 1815 De
2330 1763 2437 1816 Deo
2466 1773 2513 1815 et
2545 1763 2718 1815 carnis
2754 1763 3123 1816 resurrectione
3151 1772 3337 1817 contra
3373 1761 3474 1817 Bc—
3500 1762 3506 1768 ’

246 1863 342 1919 pro
409 1829 732 1902 inveniendo
800 1850 1056 1903 nimirum
1119 1849 1477 1904 determinato
1541 1859 1802 1918 tempore,
1843 1829 1885 1884 Β
1913 1856 2092 1909 rillum
2123 1865 2176 1909 et
2206 1855 2414 1908 Arabas
2452 1854 2811 1922 compositum
2860 1854 3033 1923 primo
3071 1855 3369 1907 crediderat
3405 1855 3472 1909 cl.

243 1955 352 2007 quo
397 1939 526 1994 illud
576 1939 958 1993 celebrandum
1004 1949 1166 1995 esset.
1219 1941 1394 2009 Atque
1433 1953 1714 2010 propterea
1747 1941 1800 1993 in

243 2032 431 2083 eodem
469 2045 632 2098 opere
667 2032 945 2098 proposuit
974 2032 1182 2102 cyclum
1209 2031 1479 2086 sexdecim
1512 2045 1796 2084 annorum.

248 2120 370 2173 Hzec
407 2120 545 2174 forte
571 2118 927 2191 Chronologia
962 2123 1092 2176 illud
1135 2123 1395 2192 scriptum
1427 2131 1538 2183 est,
1570 2121 1712 2191 quod
1749 2121 1803 2174 in

248 2212 424 2266 tabula
477 2210 663 2264 Grzeca
722 2212 807 2266 his
861 2213 1106 2267 terminis
1167 2224 1384 2268 notatur
1433 2232 1445 2265 :
1509 2213 1804 2278 Ἀπόδειξις

245 2302 447 2372 χρόνων
479 2300 571 2354 τοῦ
599 2302 808 2370 Πάσχα,
842 2300 1223 2356 Demonstratio
1255 2313 1539 2371 temporum
1565 2301 1798 2356 Paschte.

318 2392 768 2461 SapientiSsimus
802 2391 1175 2448 Tillemontius
1209 2394 1284 2464 (8)
1331 2395 1470 2448 hanc
1514 2391 1805 2448 Chronolo-

245 2484 386 2553 giam
411 2484 480 2536 ab
507 2481 614 2534 alio
647 2481 850 2550 scripto
878 2482 944 2535 de
969 2483 1156 2536 eadem
1191 2485 1414 2538 materia
1445 2483 1804 2552 distinguens,

244 2576 331 2628 cui
360 2585 417 2651 et
446 2574 639 2628 indidit
674 2589 868 2627 nomen
885 2573 1150 2640 Ch'ronici,
1185 2575 1362 2645 inquit
1413 2575 1554 2644 quod
1587 2585 1807 2631 sanctus

245 2662 567 2736 Hippolytus
610 2666 853 2733 designet
900 2666 1002 2718 hoc
1043 2665 1096 2717 in
1142 2681 1302 2734 opere
1335 2664 1600 2720 Paschata
1653 2666 1807 2734 juxta

245 2758 462 2826 regulas
510 2756 645 2826 cycli
697 2755 820 2818 sui;
875 2757 1055 2810 subdit
1105 2772 1320 2824 quoque
1378 2757 1522 2827 quod
1589 2769 1809 2813 sanctus

243 2854 429 2899 noster
475 2845 717 2913 posuerit
746 2843 811 2897 ad
844 2847 1003 2898 linem
1042 2847 1275 2900 tabulam
1318 2846 1560 2912 dierum,
1612 2848 1810 2918 quibus

243 2937 500 2992 credebat
547 2937 898 3004 imposterum
949 2935 1214 3005 agendum
1264 2953 1385 2991 esse
1412 2937 1640 3003 Pascha,
1686 2952 1809 3007 per-

244 3026 474 3082 durante
525 3028 748 3081 detinito
809 3042 1071 3081 annorum
1127 3043 1373 3092 numero.
1458 3026 1572 3082 Hoc
1633 3029 1809 3096 ipsum

243 3119 387 3174 forte
436 3118 496 3171 S.
544 3117 904 3189 Hieronymus
961 3118 1039 3187 (9)
1096 3120 1450 3187 sequentibus
1524 3119 1810 3189 indigitare

241 3215 416 3265 voluit
455 3211 634 3265 verbis
668 3227 682 3262 :
733 3210 1004 3262 Rationem
1033 3209 1252 3264 Pascha
1294 3186 1680 3279 temporumque
1713 3226 1806 3261 ca-
1834 3186 1880 3248 (ἶ

243 3320 407 3358 stones
433 3302 642 3368 scripsit
675 3304 774 3369 (sc.
805 3299 1182 3370 Hippolytus);
1220 3302 1320 3354 hoc
1351 3302 1530 3368 itaque
1555 3315 1690 3368 opus
1720 3299 1808 3351 in-

244 3407 463 3460 tcgrum
510 3392 890 3448 verosimiliter
940 3391 1395 3460 complectebatur
1442 3405 1578 3459 opus
1610 3391 1675 3443 de
1702 3387 1808 3443 Pa-

246 3489 403 3543 scba.

316 3596 612 3664 Postquam
661 3593 922 3648 Eusebius
967 3601 1022 3648 et
1066 3601 1287 3647 sanctus
1337 3590 1697 3661 Hieronymus
1743 3593 1810 3647 de

243 3689 436 3744 labore
487 3686 543 3740 S.
577 3685 844 3754 Hippolyti
892 3685 943 3738 in
987 3684 1303 3739 adornaudo
1354 3685 1563 3738 calculo
1609 3693 1813 3753 tempo-

243 3795 374 3832 rum
406 3777 568 3831 relate
597 3780 662 3830 ad
692 3776 893 3831 Pascha
943 3776 1108 3830 locuti
1159 3773 1327 3839 luere,
1373 3784 1534 3843 atque
1575 3777 1812 3845 plurium

242 3871 485 3942 aliorum
524 3883 748 3937 Operum
799 3868 972 3920 sancti
1021 3867 1193 3920 nostri
1255 3867 1440 3920 titulos
1493 3867 1811 3933 retulerunt,

241 3963 539 4016 observant
600 3958 777 4011 adhuc
822 3957 965 4010 aliud
1018 3957 1259 4025 ejusdem
1303 3957 1564 4026 scriptum
1617 3959 1685 4012 de
1715 3957 1817 4012 Pa-

195 4077 201 4081 ·
243 4057 418 4118 scha;
454 4068 522 4106 an
562 4065 690 4106 vero
737 4051 837 4102 hoc
884 4049 1023 4102 idem
1073 4049 1144 4104 sit
1191 4066 1313 4104 cum
1343 4050 1624 4115 Chronico,
1674 4051 1818 4120 quod

242 4145 632 4202 Tiiletnontius
685 4156 714 4195 a
744 4139 1095 4209 Chronologia
1141 4141 1460 4217 distinguit?
1517 4144 1597 4195 vel
1639 4143 1819 4211 potius

247 4245 522 4291 tractatus
580 4231 776 4300 aliquis
834 4232 1055 4283 moralis
1112 4232 1178 4286 de
1222 4232 1532 4288 Paschate'.‘
1595 4235 1820 4288 historia

245 4328 394 4384 nihil
434 4325 587 4378 nobis
621 4321 888 4391 peculiare
911 4319 976 4374 de
1009 4319 1112 4374 hoc
1151 4324 1617 4386 subministrante,
1642 4325 1820 4378 deter-

244 4417 458 4477 minari
484 4416 686 4484 nequit.
714 4411 827 4466 Hoe
851 4411 1191 4466 solummodo
1228 4412 1454 4476 scimus,
1485 4413 1628 4480 quod
1683 4427 1818 4466 con-

1904 1946 1954 2000 le
1983 1944 2234 2014 Moyuius
2278 1944 2392 2013 (14)
2424 1982 2440 2007 ,
2489 1959 2550 1997 ea
2604 1945 2892 1997 admodum
2951 1944 3152 2000 incerta
3186 1979 3191 1986 η
3225 1944 3478 1998 inductus

1911 2037 2188 2104 npiuione,
2225 2035 2366 2103 quod
2401 2045 2622 2089 sanctus
2654 2043 2840 2089 noster
2862 2035 3149 2102 episcopus
3197 2035 3250 2087 in
3279 2035 3477 2089 Arabia
3525 2062 3530 2067 -

1909 2120 2282 2194 episcopatum
2311 2125 2554 2194 gesserit,
2584 2125 2763 2193 ibique
2787 2125 2875 2178 diu
2911 2123 3117 2176 vixerit.
3171 2112 3279 2188 Sed
3311 2126 3472 2192 paulo

1905 2218 2043 2270 infra
2087 2216 2199 2284 (l5)
2224 2224 2455 2268 -mutata
2488 2216 2770 2278 sententia,
2807 2215 3016 2269 censuit
3061 2229 3154 2282 per
3181 2223 3471 2268 tractatum

1906 2304 2170 2376 Hippolyti
2195 2303 2330 2376 Περὶ
2360 2305 2490 2356 Θεοῦ
2528 2305 2618 2357 καὶ
2649 2305 2992 2366 ἀναστάσεως
3025 2305 3244 2374 σαρκός,
3278 2305 3474 2358 ἱιιιυὶιί-

1907 2399 2138 2467 gendum
2184 2413 2305 2450 esse
2354 2396 2497 2449 illius
2552 2410 2688 2464 opus
2745 2395 2880 2464 πρὸς
2925 2395 3242 2465 Μαρκίωνα,
3295 2411 3476 2448 contra

1911 2487 2258 2541 Marcionem.
2337 2486 2577 2555 Scaliger
2638 2494 2860 2538 econtra
2912 2486 3166 2552 upittatur
3222 2501 3317 2553 per
3375 2486 3476 2538 hoc

1911 2591 2051 2644 Opus
2097 2576 2366 2645 indigitari
2415 2577 2612 2629 librum
2651 2575 2726 2628 De
2768 2575 2970 2626 duabus
3017 2577 3220 2628 naturis
3257 2575 3477 2640 Christi,

1911 2682 2072 2736 quem
2119 2667 2188 2718 ab
2220 2663 2506 2732 Hippolyto
2553 2661 2917 2728 conscriptqu
2965 2658 3132 2713 fuisse
3165 2669 3354 2712 auctor
3389 2674 3472 2714 est

1915 2757 2288 2812 'l'heodoretus
2319 2754 2450 2822 (16).
2487 2750 2684 2804 Verum
2719 2751 2858 2803 haud
2913 2750 3044 2804 satis
3093 2754 3473 2818 perspicimus,

1911 2861 2144 2917 quanam
2213 2845 2534 2910 ceguatione
2601 2841 2786 2910 opinio
2853 2839 3109 2911 Scaligeri
3184 2851 3236 2894 et
3286 2844 3475 2896 titulus

1912 2938 2074 3006 hujus
2101 2937 2302 3004 operis,
2327 2935 2392 2988 de
2424 2950 2531 3003 quo
2573 2933 2802 3002 agimus,
2856 2932 3257 3006 contineantur.
3288 2932 3473 2986 Potius

1914 3026 2221 3080 vcrosimile
2269 3025 2424 3077 nobis
2456 3023 2670 3077 videtur
2718 3023 2786 3076 cl.
2823 3004 3146 3092 Basnagium
3197 3023 3471 3078 laudatum

1912 3134 2047 3187 opus
2080 3133 2201 3171 cum
2230 3116 2337 3170 alio
2364 3116 2430 3170 de
2459 3117 2832 3179 incarnatione
2861 3115 3194 3170 confudisse.

2123 3229 2152 3300 §
2191 3228 2279 3286 111.
2326 3225 2604 3284 Tractatus
2640 3238 2821 3283 contra
2855 3243 3029 3281 omnes
3060 3228 3298 3282 Iuercses.

1977 3342 2269 3398 Testantur
2323 3341 2591 3398 Eusebius
2627 3335 2736 3410 (17)
2765 3351 2928 3408 atque
2974 3339 3331 3411 Hieronymus
3363 3343 3474 3412 (l8)

1907 3431 2189 3498 scripsisse
2234 3431 2292 3486 S.
2317 3429 2667 3500 Hippolytum
2729 3437 3018 3480 tractatum
3067 3440 3252 3482 contra
3299 3449 3474 3482 omnes

1913 3523 2156 3586 hcerescs,
2195 3523 2300 3577 hoc
2341 3531 2423 3575 est
2461 3521 2576 3574 sine
2615 3519 2800 3579 dubio,
2834 3529 2891 3571 ut
2932 3520 3220 3572 observant
3247 3519 3475 3573 illaut-ini

1909 3614 2078 3669 nostri
2115 3613 2250 3683 (19),
2298 3620 2484 3667 contra
2535 3625 2723 3664 onmes
2773 3611 3004 3664 luereses
3060 3627 3180 3678 qua:
3213 3626 3278 3663 ex
3335 3609 3477 3664 Orco

1911 3706 2231 3775 prodierunt
2283 3719 2312 3756 a
2358 3711 2596 3770 tempore
2645 3699 2916 3755 S.lretr.ci
2978 3717 3146 3770 usque
3203 3704 3267 3755 ad
3320 3718 3473 3755 suam

1906 3795 2145 3850 tetatem.
2181 3798 2225 3846 Α
2253 3791 2433 3846 multis
2462 3792 2582 3846 aliis
2609 3792 2844 3860 antiquis
2879 3793 3192 3864 auctoribus
3218 3792 3328 3861 (:20)
3368 3794 3471 3847 hoc

1913 3898 2050 3950 opus
2087 3882 2189 3936 sub
2229 3880 2444 3933 nomine
2501 3879 2555 3933 S.
2587 3879 2855 3951 Hippolyti
2907 3883 3130 3936 citatum
3184 3883 3472 3949 reperitur,

1914 3970 2200 4039 Photiique
2241 3976 2397 4022 artate
2431 3967 2607 4022 adhuc
2643 3984 2858 4038 quoque
2902 3970 3167 4030 exstabat,
3208 3969 3298 4035 qui
3334 3966 3475 4018 istud

1917 4061 2109 4130 legisse
2138 4058 2488 4126 comperitnr.
2525 4058 2598 4113 De
2642 4059 2731 4113 illo
2761 4059 2903 4113 enim
2942 4072 3039 4125 pro
3071 4072 3218 4108 more
3260 4072 3359 4108 suo
3383 4056 3474 4121 ju-

1917 4151 2116 4204 dicium
2163 4164 2319 4200 suum
2366 4149 2486 4202 tulit
2519 4149 2604 4203 his
2635 4149 2812 4202 verbis
2839 4147 2947 4214 (2|)
2974 4162 2988 4196 :
3017 4145 3199 4199 lectus
3234 4154 3307 4198 est
3345 4144 3476 4210 Πιρ-

1919 4241 2080 4309 polyti
2115 4239 2342 4304 libellus,
2384 4241 2473 4309 qui
2505 4239 2694 4292 Ire-nari
2736 4236 3027 4304 discipulus
3075 4237 3194 4303 fuit.
3247 4234 3339 4287 Est
3383 4235 3478 4288 hoc

1921 4329 2159 4380 volumen
2193 4329 2436 4382 adversus
2477 4332 2690 4382 haereses
2728 4327 2858 4378 duas
2896 4335 2946 4378 et
2986 4326 3198 4394 triginta
3221 4367 3235 4388 ,
3281 4326 3478 4393 {ueiens

1927 4417 2140 4468 initium
2184 4434 2216 4470 a
2242 4415 2597 4479 Dositheonis,
2627 4424 2674 4467 et
2713 4431 2768 4466 tn
2793 4412 2962 4467 Noeto
2999 4431 3060 4467 ac
3085 4412 3360 4466 Noetianis
3390 4417 3480 4466 tle-

247 4556 439 4615 πάσας
472 4551 566 4613 τὰς
591 4550 830 4620 Γραφάς.
865 4549 1101 4603 Thomas
1129 4548 1328 4603 Galcus
1358 4565 1489 4601 vero
1525 4549 1669 4619 ᾠδὰς
1717 4566 1801 4602 am

1999 4550 2075 4617 (8)
2114 4549 2423 4610 Tillemont,
2452 4545 2718 4620 M_émoir.,
2757 4555 2889 4598 tom.
2918 4544 3006 4606 HI.
3040 4561 3158 4613 pag.
3193 4546 3310 4596 105.

249 4625 529 4697 plectitur,
579 4621 931 4697 intelligitque
980 4629 1034 4697 ent
1075 4623 1189 4697 ipse
1230 4634 1350 4671 eum
1375 4620 1649 4697 Spaligero
1682 4621 1811 4697 mlas

249 4688 312 4749 et
356 4692 595 4745 carmina
654 4692 704 4741 in
751 4688 937 4742 omnes
991 4690 1046 4742 S.
1077 4689 1366 4756 Scripturfe
1416 4688 1601 4748 libros,
1634 4689 1811 4756 qualia

253 4764 434 4819 multa
469 4776 610 4813 nunc
640 4769 854 4813 exstant
880 4758 1062 4814 Griece
1110 4760 1376 4827 prmcipue
1424 4759 1474 4810 in
1506 4757 1813 4826 Evangelia,

250 4845 313 4890 et
347 4830 630 4900 Epistolas,
665 4838 718 4881 et
742 4827 1003 4900 Psalmos.
1055 4828 1402 4900 LeMoynius
1449 4840 1602 4896 putat
1647 4829 1818 4897 legen-

251 4898 403 4957 dutn'
439 4915 558 4953 esse
590 4901 669 4959 εἰς
705 4898 882 4959 πάσας
915 4899 1010 4961 τὰς
1040 4899 1304 4967 αἱρέσεις,
1348 4918 1364 4948 ‹
1397 4910 1583 4952 cootra
1627 4915 1818 4952 omnes

257 4974 513 5026 haereses.
553 4985 570 5018 ι
604 4967 730 5028 Sed,
758 4967 937 5033 judice
971 4968 1164 5030 Caveo,
1208 4969 1278 5021 ita
1314 4971 1520 5021 ratione
1557 4969 1820 5035 quidlibet

256 5057 330 5094 ex
359 5041 597 5108 quolibet
635 5037 780 5108 nullo
816 5038 1030 5108 negotio
1058 5040 1320 5106 exsculpi,
1351 5049 1404 5092 et
1433 5039 1696 5107 quadrata
1727 5055 1816 5092 ro-

258 5104 449 5164 tundis
477 5107 768 5178 permutari
811 5104 1314 5178 facillimegqueuht.

207 5233 210 5237 ,
339 5179 412 5243 t6)
450 5175 689 5230 (Eodem
723 5186 958 5247 tempore
993 5184 1045 5228 et
1076 5175 1390 5247 Hippolytus
1422 5179 1558 5231 inter
1590 5181 1817 5245 plurima

261 5251 374 5304 alia
435 5249 632 5311 ingenii
685 5245 766 5300 sui
816 5257 1206 5306 monumenta,
1260 5245 1453 5299 librum
1505 5248 1580 5299 De
1615 5249 1820 5303 Pascha

260 5319 595 5384 Composuit,
631 5317 682 5369 in
717 5331 825 5384 quo
857 5325 1156 5381 temporum
1201 5332 1392 5368 seruent
1426 5318 1736 5373 describens
1769 5330 1822 5373 et

262 5404 530 5446 canonem
555 5391 850 5451 quemdam
885 5385 1188 5452 paschalem
1225 5399 1320 5450 per
1347 5387 1616 5439 sexdecim
1647 5403 1821 5440 anno-

263 5475 390 5513 rum
439 5457 700 5508 circulum
749 5455 1030 5514 exhibens,
1079 5467 1223 5506 anno
1271 5456 1444 5520 primo
1483 5456 1822 5522 imperatoris

267 5526 560 5582 Alexandri
611 5527 1064 5593 computationem
1117 5529 1416 5589 temporum
1472 5527 1821 5580 circumscri—

271 5599 369 5652 bit.
427 5595 502 5647 l'lx
534 5596 754 5662 reliquis
783 5603 958 5648 autem
1001 5594 1141 5646 illius
1185 5593 1400 5661 scriptis
1436 5593 1546 5646 haec
1579 5604 1818 5649 sntit.....

269 5669 339 5721 de
368 5665 599 5718 Pascha.
639 5683 655 5712 ι
697 5664 890 5717 Euseb.
931 5662 999 5716 ΙΙ.
1034 5663 1092 5717 E.
1136 5665 1226 5715 lih.
1254 5679 1326 5726 γι,
1365 5679 1477 5732 cap.
1507 5664 1596 5728 92;
1635 5663 1822 5722 Hiero-

247 5751 492 5813 .nymus,
531 5733 605 5784 De
634 5732 821 5797 script;
869 5734 1073 5797 “clem,
1106 5735 1156 5787 in
1187 5732 1446 5803 Catalog.,
1482 5751 1598 5802 Cap.
1631 5734 1718 5788 61.

345 5805 426 5866 17)
462 5802 664 5857 Euseb.
701 5802 736 5853 1.
769 5815 817 5853 c.

370 5806 432 5863 7)
462 5806 664 5857 Euseb.
701 5806 736 5853 1.
769 5815 817 5853 c.

590 5896 858 5955 PATROL.
909 5892 1021 5953 Gn.
1070 5892 1148 5953 Χ.

1993 4622 2070 4689 (9)
2111 4620 2448 4689 Βίενοηγηῑ.ἲ
2492 4618 2526 4668 1.
2561 4631 2609 4689 c_.

1995 4681 2105 4758 (11))
2144 4681 2382 4748 Fabric”
2415 4686 2551 4758 Opp.
2582 4683 2850 4758 Hippolyt.
2889 4694 3022 4737 tom.
3050 4683 3098 4758 1ε
3128 4697 3246 4748 pag.
3276 4681 3370 4736 ‘28l

2019 4753 2101 4836 11)
2144 4758 2456 4836 Ηίὲηᾭηγπέ·
2495 4757 2547 4807 ⁵η
2583 4753 2849 4836 Ca”???
2890 4753 3126 4836 9916':

2019 4771 2101 4827 It)
2146 4771 2456 4824 tnermiym.
2495 4771 2547 4807 tn
2583 4771 2771 4806 catato
2813 4795 2849 4818 .,
2890 4771 3011 4820 cap.
3041 4771 3126 4804 οι.

1993 4771 2100 4915 Et?)
2140 4826 2377 4890 Fabric.,
2415 4825 2452 4880 l.
2481 4841 2554 4890 c.,
2588 4839 2707 4893 pag.
2725 4771 2860 4887 ﬁfd;
2899 4822 3170 4881 Gallaod.,
3203 4819 3237 4870 l.
3268 4833 3320 4871 c.
3353 4837 3472 4890 pag.

1916 4898 2120 5036 4θὶ(15)
2146 4967 2405 5036 ᾼΑηᾳειθε.
2441 4962 2665 5036 Sinaita,
2710 4963 2761 5014 in
2790 4960 3178 5036 Hodego_,_pag.
3213 4959 3335 5036 5.33s.

1990 5027 2111 5100 (ll)
2142 5034 2213 5087 Le
2248 5035 2457 5102 Moyne,
2488 5031 2606 5085 Var.
2640 5048 2811 5092 sacra,
2843 5027 2972 5084 tom.
3002 5027 3067 5093 11,
3099 5044 3216 5096 pag.
3253 5030 3404 5084 illi.

1991 5109 2101 5174 (15)
2143 5106 2286 5157 ldem
2319 5103 2471 5166 ibid.,
2507 5119 2627 5174 pag;
2660 5102 2818 5155 1115.

1981 5164 2099 5246 (16)
2143 5175 2384 5246 §ca|iger
2419 5164 2802 5246 apud‘Fttbric.
2838 5164 3040 5246 tumul:
3070 5182 3187 5235 pag.
3219 5169 3307 5220 83.

1992 5236 2104 5314 (17)
2143 5236 2377 5314 Ευεεῦ..
2412 5236 2483 5295 ΙΙ.
2518 5243 2581 5296 Ε.
2599 5243 2711 5314 111).
2731 5255 2789 5314 _v,
2822 5253 2938 5302 cap.
2968 5236 3056 5314 9.2..

1991 5308 2102 5382 (18)
2141 5313 2450 5383 Hieronym.
2498 5314 2550 5365 in
2585 5310 2995 5383 Catalog.,£ap.
3024 5308 3111 5359 61.

1991 5375 2103 5453 (19)
2133 5375 2380 5445 Jlistoire
2407 5383 2662 5435 littéraire
2688 5380 2751 5432 de
2778 5379 2830 5430 la
2855 5375 3076 5435 France,
3116 5388 3247 5430 tum.
3277 5375 3313 5435 l,
3353 5391 3472 5441 pug.

1923 5459 2104 5593 Οῗξέξο)
2133 5523 2562 5589 Βιωφελέστατον
2586 5519 2864 5593 currenti:
2891 5519 3116 5593 appellat
3147 5516 3477 5593 Nietphoros

1931 5586 2098 5648 H.151
2147 5586 2345 5657 lihftv,
2399 5610 2445 5645 ο.
2485 5593 2570 5644 5t.
2635 5589 2750 5640 Vid.
2804 5586 3126 5647 Tilleumnt,
3182 5587 3476 5657 .ue._uu.-'r.-.;,

1925 5677 2057 5717 tum.
2091 5662 2172 5764 HI),
2187 5652 2478 5754 \pag.'lU7,
2516 5673 2567 5714 et
2599 5660 2809 5712 Fabric.
2843 5657 3056 5730 Hippo].
3115 5669 3244 5708 tum.
3276 5652 3320 5720 1,
3355 5666 3474 5720 pug.

1926 5735 2028 5786 225
2061 5743 2114 5784 et
2139 5731 2262 5782 “.25.
2379 5773 2382 5775 _

1966 5736 2028 5785 25
2061 5743 2114 5784 et
2139 5731 2262 5782 “2:235.
2379 5773 2382 5775 _

1998 5803 2109 5855 (“lli
2151 5801 2334 5868 Phot.,
2368 5802 2486 5855 eod.
2528 5813 2648 5852 cxxt
2678 5795 2926 5850 Bibliot'a.
