4104 6350
722 475 832 535 333

1688 479 1772 533 DE
1808 478 1967 534 νιτΑ
1999 477 2087 532 ΕΤ
2126 476 2434 533 SCRIPTJS
2487 479 2546 534 S.
2579 478 2958 538 HIPPOLYTI.

3818 495 3912 553 538

720 594 989 664 polytum.
1050 590 1153 646 Sed
1204 593 1394 668 nobis.
1448 593 1625 661 inquit
1673 582 1743 647 cl.
1803 592 2020 647 Samuel
2069 591 2270 646 Basna-
2305 596 2496 651 Aeam
2548 610 2874 663 personam,
2922 598 3010 652 cui
3047 599 3276 668 epistola
3326 599 3415 654 illa
3462 603 3756 676 perscripta
3807 605 3918 665 fuit.

723 682 847 750 gius
881 681 1015 750 (55),
1051 691 1230 735 tamen
1261 681 1576 755 non,placet
1602 681 1778 736 audax
1813 678 1900 734 illa
1924 682 2103 744 crisis,
2135 696 2276 751 quin,

722 769 869 824 nulla
889 778 1112 838 cogente
1127 770 1678 832 necessitate,vetcres
1693 779 1867 824 mutat
1883 772 2276 842 inscriptiones.

723 856 1050 923 Severinum,
1084 872 1193 912 non
1245 855 1487 911 Sereram
1519 858 1679 911 habet
1707 873 1947 912 marmor
1988 856 2276 928 Hippolyti.

723 945 915 1004 Severo
940 964 1213 1015 vero,non
1237 945 1767 1018 Sereriua,Philippo
1793 962 1929 1002 uxor
1957 947 2074 1002 fuit.
2096 946 2281 1018 Neque

721 1037 778 1094 iu
803 1053 1076 1100 marmore
1107 1037 1315 1108 vestigii
1341 1045 1424 1091 est
1449 1037 1792 1108 aliquid,quo
1805 1037 2078 1110 Augustea
2099 1039 2279 1107 digni-

721 1135 834 1183 tate
866 1136 1118 1183 ornatam
1142 1126 1309 1182 fuisse
1339 1115 1636 1182 Severinum
1668 1129 2004 1196 colligamus,
2029 1131 2171 1199 quod
2199 1139 2281 1184 ta-

721 1221 847 1276 men
860 1219 1314 1275 oblivionidatum
1340 1234 1449 1274 non
1473 1218 1682 1273 fuisset.
1705 1218 1971 1275 incertum
1992 1222 2178 1285 etiam,
2209 1238 2278 1276 an

633 1312 638 1322 ‘
721 1311 790 1365 ad
813 1309 1046 1381 Philippi
1063 1310 1347 1380 imperium
1373 1324 1566 1378 usque,
1600 1324 1774 1364 annos
1804 1308 2120 1381 Hippolytus
2150 1329 2280 1370 suos

719 1403 1037 1457 cxtenderit.
1094 1401 1312 1456 Addunt
1363 1400 1586 1470 insuper
1637 1400 1864 1456 Mauriui
1923 1404 2096 1456 nostri
2143 1403 2277 1473 (56),

720 1493 940 1549 etiamsi
971 1492 1343 1547 Theodoretus
1374 1492 1503 1565 citet
1529 1493 1835 1562 epistolam,
1865 1495 1963 1550 abs
1990 1491 2278 1565 Hippolyto

720 1583 788 1636 ad
820 1585 1056 1653 reginam
1085 1583 1373 1652 quamdam
1411 1582 1882 1652 perscriptam,'ex
1916 1585 2018 1640 hoc
2047 1601 2154 1639 non
2187 1601 2279 1640 se-

717 1675 834 1745 qui,
878 1675 1019 1744 quod
1066 1667 1162 1744 per
1189 1689 1307 1728 eam
1337 1675 1621 1743 epistolam
1652 1675 1746 1730 illa
1792 1675 2136 1744 intelligenda
2184 1678 2276 1744 sit,

717 1784 839 1840 qua:
868 1768 933 1822 ad
975 1765 1285 1844 Severinam
1314 1773 1534 1820 exarata
1568 1765 1688 1820 fuit.
1726 1764 1959 1820 Sanctus
1989 1768 2134 1820 enim
2163 1769 2280 1836 epi-

717 1873 918 1928 scopus
947 1868 1134 1911 noster
1160 1853 1226 1909 ad
1256 1853 1440 1923 plures
1465 1869 1748 1922 personas,
1771 1856 1882 1910 sive
1906 1855 2139 1922 reginas,
2165 1856 2278 1911 sive

719 1951 877 2015 alias,
895 1947 1139 2003 exaravit
1167 1945 1394 2000 litteras.
1423 1944 1699 2014 Siquidem
1739 1946 1878 2000 inter
1899 1947 2018 2016 ejus
2053 1948 2274 2016 scripta,
2312 1928 2350 1981 Β

717 2056 838 2110 quae
864 2049 1086 2094 sanctus
1109 2036 1410 2090 Alexander
1439 2034 1966 2106 llierosolymitanus
1989 2037 2274 2106 episcopus

717 2129 986 2188 indefessa
1039 2144 1188 2185 cura,
1220 2143 1319 2199 pro
1370 2129 1746 2197 locupletanda
1791 2144 1889 2183 sua
1945 2129 2271 2183 bibliotheca

718 2223 1027 2293 collegerat,
1055 2221 1259 2275 mentio
1307 2220 1365 2274 lit
1396 2211 1461 2275 de
1503 2220 1695 2274 litteris
1740 2220 1798 2273 S.
1830 2216 2274 2292 llippolyti,tan-

717 2328 879 2382 quam
905 2312 959 2366 in
983 2309 1299 2368 fasciculum
1323 2312 1562 2366 collectis
1581 2311 1715 2381 (57).
1733 2310 1880 2364 Adde
1898 2313 2040 2381 quod
2067 2314 2270 2367 nullum

718 2410 1096 2472 argumentum
1122 2399 1486 2464 habeatur,ex
1509 2416 1617 2468 quo
1635 2400 1811 2468 colligi
1837 2401 2006 2468 possit
2027 2410 2272 2456 sanctum

718 2502 960 2565 nostrum
1007 2491 1146 2545 ultra
1201 2484 1488 2558 imperium
1539 2489 1723 2544 Severi
1771 2491 2060 2545 Alexandri
2106 2494 2272 2548 vitam

714 2581 1071 2656 protendissc.
1089 2578 1424 2649 Quapropter
1448 2580 1518 2633 cl.
1543 2579 1752 2634 Caveus
1777 2580 1887 2649 (58)
1915 2582 1990 2635 ait
2016 2601 2026 2635 :
2048 2581 2110 2637 Si
2141 2582 2272 2651 Hip-

717 2676 884 2746 pclyli
932 2684 1140 2730 (etatem
1182 2688 1404 2740 eousque
1447 2672 1750 2740 protrahere
1797 2672 1982 2723 durius
2014 2673 2272 2738 videatur,

717 2763 787 2824 ad
823 2767 1109 2822 Alexandri
1159 2764 1334 2820 Severi
1378 2779 1629 2828 sororem,
1664 2771 1755 2815 aut
1803 2777 1866 2815 ea:
1909 2762 2022 2830 ejus
2065 2764 2274 2830 familia

717 2859 948 2934 atlijuam
977 2861 1195 2930 epistola
1217 2860 1326 2914 [nec
1347 2873 1450 2911 non
1483 2857 1616 2911 male
1647 2857 1833 2926 referri
1852 2867 2038 2926 potest.
2067 2857 2276 2914 Doctis-

715 2954 886 3008 simus
909 2950 1145 3007 Jacobus
1173 2949 1472 3019 Basnagius
1513 2948 1648 3018 (59),
1682 2949 1773 3017 qui
1808 2949 1947 3003 hanc
1991 2949 2274 3003 difﬁculta-

715 3053 822 3099 tem
853 3043 1073 3098 uberius
1101 3041 1474 3111 explicandam
1522 3039 1782 3108 suscepit,
1821 3039 1982 3108 longe.
2009 3038 2182 3093 abfuit
2215 3050 2275 3093 ut

713 3147 833 3187 eam
867 3131 1122 3190 solveret,
1149 3127 1246 3182 sed
1280 3127 1462 3196 potius
1491 3125 1663 3191 auxit,
1703 3128 1831 3181 dum
1859 3127 2049 3181 statuit
2074 3128 2140 3181 ad
2168 3127 2269 3182 Ze-

716 3222 934 3278 nobiam
988 3221 1228 3290 reginam
1282 3217 1547 3287 Palmyrze
1590 3233 1731 3282 eam,
1767 3219 1833 3272 de
1881 3235 1986 3288 qua
2039 3220 2267 3290 agimus,

721 3299 983 3368 direxisse
1003 3311 1310 3381 epistolam.
1339 3309 1468 3374 Quae
1492 3310 1730 3379 profecto
1757 3310 1938 3377 opinio
1960 3326 2062 3362 non
2095 3312 2270 3364 solum

717 3406 865 3459 nullo
909 3404 1099 3458 nititur
1125 3409 1464 3471 argumento,
1500 3400 1592 3454 sed
1632 3400 1780 3453 omni
1811 3400 1972 3453 etiam
2007 3402 2273 3454 verisimi-

716 3497 940 3552 litudine
960 3505 1126 3551 caret.
1163 3494 1232 3550 Ut
1253 3495 1395 3550 enim
1429 3491 1820 3561 probabilitatis
1850 3492 2078 3559 speciem
2109 3493 2271 3547 habe-

717 3599 819 3655 ret,
849 3604 1065 3645 necesse
1086 3586 1225 3642 foret
1256 3590 1314 3640 u’t
1341 3585 1397 3639 S.
1432 3584 1768 3654 Hippolytus,
1800 3582 1864 3638 Ι).
1900 3581 2093 3637 lromei
2129 3599 2273 3637 anno

716 3682 823 3736 202
875 3679 1112 3737 defuncti
1155 3677 1476 3747 discipulus,
1509 3677 1671 3728 vitam
1707 3675 2059 3743 protraxissct
2105 3683 2273 3742 usque

721 3776 786 3829 ad
817 3772 1100 3842 imperium
1139 3770 1416 3823 Aureliani
1453 3768 1817 3835 imperatoris,
1852 3783 1981 3819 ann.
2032 3783 2108 3820 sc.
2147 3767 2269 3832 c270,

720 3882 830 3931 quo
878 3865 1134 3917 nimirum
1196 3871 1436 3929 tempore
1500 3857 1734 3913 Zenobia
1795 3875 2020 3928 regnare
2083 3861 2267 3927 cmpit.

717 3949 973 4017 Quinimo
999 3949 1083 4001 vel
1106 3946 1512 4015 supponendum
1557 3959 1718 4010 esset,
1748 3949 2036 4000 Zenobiam
2070 3963 2266 4001 nomen

717 4042 881 4095 etiam
917 4037 1187 4092 Severime
1213 4036 1467 4106 gessisse,
1500 4036 1582 4089 vel
1620 4037 1843 4089 omnino
1878 4037 2165 4105 rejicienda
2191 4037 2272 4092 fo-

719 4143 802 4189 ret
845 4129 1145 4200 inscriptio,
1174 4136 1234 4183 ut
1276 4127 1431 4193 falsa,
1462 4142 1584 4197 quae
1634 4127 1737 4180 hoc
1785 4130 1999 4183 nomine
2041 4131 2272 4198 appellat

793 4289 906 4359 (55)
928 4286 1155 4359 Samuel
1178 4285 1441 4359 Basnage,
1463 4282 1659 4338 Annal.
1674 4282 1824 4352 polit.
1849 4285 2052 4349 eccles.,
2071 4284 2268 4352 tom.ll,

725 4354 846 4427 pag.
865 4358 1007 4427 72897,
1044 4357 1108 4408 ad
1126 4371 1276 4427 ann.
1303 4354 1428 4408 2‘29.

796 4422 906 4491 (56)
961 4425 1191 4477 Histoire
1238 4423 1494 4476 littéraire
1551 4424 1613 4477 de
1644 4422 1699 4475 la

727 4512 783 4564 po
815 4495 919 4564 389
955 4503 1008 4564 (ξι
1040 4509 1155 4564 sea-

807 4563 917 4631 (57)
947 4559 1180 4631 Euseb},
1197 4564 1264 4614 II.
1400 4560 1492 4612 lih.
1515 4577 1585 4623 vi,
1613 4577 1728 4629 cap.
1763 4562 1851 4614 20.

711 4635 720 4640 ⁷
794 4629 907 4701 (58)
939 4630 1101 4701 Cave,
1136 4629 1278 4701 (list.
1306 4629 1556 4685 litterar..
1579 4639 1717 4701 tom.
1743 4631 1782 4692 Ι,
1811 4647 1928 4701 pag.
1962 4631 2082 4684 105.

795 4699 906 4769 (59)
965 4699 1079 4755 Jac.
1141 4700 1401 4768 Basnage,
1452 4699 1592 4764 apud
1645 4701 1821 4752 (Latiis.
1875 4699 2018 4750 Lect.
2075 4701 2272 4768 antiq.,

730 4782 862 4826 toni.
902 4771 941 4828 Ι.
979 4788 1099 4840 pag.
1133 4771 1185 4823 8.

797 4845 907 4909 (till)
939 4835 1133 4894 Βξιιὸιι.
1169 4841 1234 4893 ad
1269 4838 1732 4909 ann._‘2‘29,_nt_tn_i.
1771 4835 1858 4888 10.

797 4906 904 4982 (61)
933 4910 1358 4982 (ξλΙΙτίιιιΙη-(ιηιρς
1385 4907 1426 4982 l_|
1450 4907 1588 4982 Bibl.
1619 4906 1912 4982 I‘l’.,‘pag.
1941 4906 2067 4960 499.

770 4978 907 5046 ’(6⁸2)
942 4979 1164 5042 Ειιεευ.,
1193 4978 1265 5030 ΙΙ.
1407 4979 1498 5029 lili.
1539 4992 1744 5046 για-ιιι)
1773 4978 1856 5027 ‘20.

807 5043 1176 5117 (63)}“abric”
1213 5047 1268 5117 S.
1294 5045 1562 5116 Hippolyt.
1606 5045 1903 5117 Omnium.
1938 5045 2000 5103 ll,
2035 5061 2151 5114 pag.
2186 5043 2272 5096 '52.

801 5115 910 5185 (64)
926 5115 993 5170 Ut
1009 5121 1236 5172 lectores
1251 5115 1724 5182 faciliusjudicium
1742 5115 1878 5185 ferre
1899 5119 2127 5180 possint,
2152 5128 2276 5166 num

727 5188 846 5243 loca
879 5185 972 5239 abs
998 5185 1201 5240 Joanne
1233 5187 1571 5238 Antiocheno
1605 5186 1727 5236 divo
1762 5184 2049 5253 Hippolyto
2087 5195 2275 5236 nostro

729 5257 985 5322 ascripta,
1025 5258 1144 5308 huic
1188 5270 1382 5323 magno
1412 5254 1666 5323 episcopo
1702 5256 1807 5303 sint
1850 5259 2032 5322 digna,
2069 5257 2148 5306 vel
2181 5267 2276 5320 p0-

729 5332 840 5381 tius
875 5345 903 5376 ιι
937 5325 1163 5376 sectario
1210 5322 1473 5377 lizercseos
1501 5322 1842 5390 Eutyt-liiamc
1866 5325 1969 5374 sint
1998 5324 2277 5384 fabricata,

731 5400 833 5450 tria
879 5395 1022 5447 illius
1073 5393 1187 5445 loca
1233 5397 1318 5460 hic
1360 5395 1546 5445 aﬂerrc
1580 5394 1782 5456 integra
1831 5407 2003 5457 operae
2048 5393 2276 5460 pretium

732 5483 850 5518 esse
884 5465 1159 5519 duximus.
1196 5481 1211 5510 ι
1234 5456 1305 5516 ’5.
1337 5462 1654 5531 Hippolytus
1693 5456 1967 5511 llomaiius
1997 5456 2277 5529 cpiscopus

735 5536 786 5587 in
820 5543 1046 5589 tractatu
1089 5547 1342 5585 Ἄλτει-δας
1388 5550 1481 5585 eos
1524 5534 1615 5599 qui
1668 5532 1982 5597 iinpugnant
2032 5547 2280 5584 incarna-

736 5615 935 5656 υυιιειιι
964 5600 1120 5655 Verbi
1154 5599 1243 5652 DJ
1289 5603 1358 5652 ob
1381 5603 1989 5654 consubstantialitatem
2015 5602 2130 5664 ejus
2156 5615 2278 5653 cum

738 5670 894 5724 Patre
939 5691 950 5726 :
988 5691 1006 5722 ι
1051 5668 1227 5738 Virgo,
1269 5671 1360 5731 nil,
1393 5685 1514 5722 cum
1554 5671 1756 5737 ιιι-νυνὶ(
1789 5685 2004 5738 corpus,
2048 5670 2276 5722 Verbum

744 5756 764 5786 ο
811 5756 1022 5810 quoque
1074 5737 1296 5807 peperat,
1341 5747 1394 5792 et
1442 5740 1639 5793 idcirco
1683 5749 1762 5792 est
1818 5737 2075 5804 UeIpai-a;
2109 5738 2280 5792 Judzei

691 5879 697 5884 _
748 5827 766 5854 ι
812 5825 1044 5886 tutoque,
1073 5825 1194 5862 cum
1227 5811 1603 5886 crucilixeruut
1650 5811 2279 5886 corpus,__crut-itlserunt

745 5894 769 5927 ς
813 5874 977 5934 Deum
1031 5874 1292 5944 Verbum;
1327 5893 1500 5947 nequc
1528 5879 1801 5933 distinctio
1834 5879 1936 5931 ulla
1974 5881 2106 5933 inter
2155 5880 2276 5932 Ver-

1772 4421 1998 4484 France,
2052 4431 2182 4480 toni.
2231 4421 2266 4488 Ι,

2379 684 2665 737 Annalium
2707 700 2905 755 parens
2932 687 3112 743 Caesar
3152 688 3414 747 Baronius
3451 691 3562 762 (60)
3589 692 3788 749 Juliam
3815 695 3919 753 lla-

2379 789 2568 829 uueam
2611 775 3010 845 intelligendam
3043 781 3508 835 esse‘arbitratur.
3557 781 3650 838 Ha:
3690 765 3920 843 virorum

2377 866 2660 920 doctorum
2694 870 2972 922 sententia:
3006 871 3150 924 circa
3184 868 3592 942 inscriptionem
3625 875 3786 944 hujus
3814 879 3922 946 epi-

2379 953 2551 1008 stolae.
2581 951 2846 1010 Carterttm
2891 971 2956 1010 ex
2987 956 3088 1010 hac
3126 957 3375 1027 epistola,
3411 976 3531 1029 qua:
3570 963 3771 1032 pariter
3801 978 3926 1022 aita-

2379 1051 2486 1095 tem
2516 1050 2756 1098 nostram
2788 1044 2895 1099 non
2926 1046 3069 1108 tulit,
3099 1046 3210 1100 duo
3237 1049 3396 1104 nobis
3423 1048 3724 1120 fragmenta
3756 1053 3927 1108 Theo-

2377 1134 2600 1191 doretus
2623 1135 2836 1206 dialogo
2856 1138 3094 1192 secundo
3116 1149 3169 1196 et
3190 1142 3350 1194 tertio
3371 1145 3687 1210 asservavit,
3710 1144 3954 1216 legenda

2378 1223 2520 1292 apud
2549 1223 2892 1279 Gallandium
2910 1222 3055 1296 (61).

2729 1315 2758 1388 §
2806 1315 2866 1371 ll.
2898 1315 3151 1386 Epistolis
3199 1315 3260 1373 S.
3291 1317 3586 1389 Hippolyti.

2451 1404 2718 1461 Eusebius
2755 1405 2867 1481 (62)
2896 1415 3123 1461 testatur
3153 1423 3214 1463 se
3246 1410 3446 1464 multas
3475 1410 3668 1476 legisse
3713 1411 3771 1467 S.
3808 1411 3931 1486 Hip-

2377 1496 2544 1566 polyti
2573 1497 2781 1551 litteras
2807 1495 2860 1550 in
2895 1491 3226 1553 Bibliotheca
3255 1499 3323 1553 ab
3346 1500 3650 1555 Alexandro
3685 1501 3935 1560 Hieroso-

2377 1587 2644 1656 lymorum
2675 1588 2930 1656 episcopo
2975 1587 3173 1643 ihid'em'
3205 1589 3485 1644 adornata.
3514 1590 3617 1644 Sed
3645 1581 3843 1660 praeter
3866 1594 3934 1646 il-

2378 1680 2485 1733 lam
2512 1679 2578 1732 ad
2613 1680 2915 1735 Severinum
2946 1680 3000 1733 in
3032 1679 3290 1736 laterculo
3319 1691 3582 1757 notatam.
3615 1692 3670 1738 et
3702 1699 3732 1736 a
3760 1683 3935 1739 Theo.

2378 1770 2566 1826 doreto
2606 1771 2907 1836 laudatam,
2945 1772 3093 1825 velut
3122 1772 3188 1825 ad
3221 1773 3462 1842 reginam
3491 1773 3783 1842 quamdam
3817 1791 3932 1845 per-

2379 1857 2654 1925 scriptam,
2675 1855 2743 1912 de
2767 1873 2873 1927 qua
2896 1858 3056 1926 paulo
3079 1859 3598 1924 antedisseruimus,
3623 1864 3690 1915 de
3712 1863 3936 1931 reliquis

2379 1947 2547 2002 altum
2575 1949 2714 2016 apud
2743 1949 2998 2018 antiquos
3016 1935 3307 2018 scriptores
3335 1935 3632 2006 silentium.
3652 1950 3935 2008 Fabricius

2379 2038 2544 2092 refert
2569 2038 2683 2110 (63)
2719 2039 3166 2109 aliquem'locum
3198 2041 3440 2110 epistolae
3465 2032 3739 2114 synodalis
3771 2041 3937 2098 Joan-

2379 2129 2464 2183 nis
2509 2130 2844 2199 Antioclieni,
2885 2131 2954 2185 ad
3009 2130 3258 2185 Mennam
3313 2133 3736 2188 Alexandrinum
3793 2148 3938 2189 anno

2377 2219 2579 2273 Christi
2604 2218 2707 2273 968
2733 2220 2967 2288 scriptze.
3003 2221 3093 2274 ubi
3123 2222 3321 2275 citatur
3341 2223 3566 2290 epistola
3599 2224 3776 2279 sancti
3808 2222 3936 2293 Ilip-

2377 2311 2543 2379 polyti
2580 2311 2644 2363 ad
2693 2320 2940 2364 sanctum
2992 2311 3302 2381 Dionysium
3345 2309 3553 2383 Cypriae
3589 2315 3936 2383 episcopum;

2377 2414 2446 2453 cx
2473 2416 2578 2468 qua
2610 2399 2848 2455 Joannes
2869 2400 3242 2457 Antiochenus
3261 2403 3480 2457 adducit
3507 2405 3682 2457 locum
3721 2406 3790 2458 ad
3815 2392 3938 2473 pro-

2380 2491 2608 2542 bandam
2659 2490 2871 2551 unicam
2906 2492 2957 2544 in
2985 2490 3202 2545 Christo
3247 2500 3496 2545 naturam
3527 2506 3648 2560 post
3678 2494 3938 2547 incarna—

2377 2579 2596 2633 tionem.
2629 2577 2841 2633 Verum
2867 2578 3104 2634 Joannes
3143 2581 3512 2636 Antiochenns
3544 2598 3724 2652 parvae
3757 2586 3828 2637 ad
3861 2584 3940 2639 fa-

2379 2670 2616 2722 ciendam
2669 2671 2826 2724 lidem
2879 2672 3216 2725 auctoritatis
3266 2680 3348 2725 est
3405 2672 3524 2735 vir;
3576 2689 3674 2727 nec
3734 2673 3939 2728 desunt

2377 2768 2710 2827 argumenta,
2745 2776 2808 2813 ex
2837 2762 3036 2829 quibus
3068 2760 3321 2815 credibile
3357 2761 3432 2825 lit,
3464 2762 3637 2828 ipsum
3667 2759 3937 2816 Joannem

2379 2853 2538 2920 hujus
2586 2853 2846 2921 epistolae,
2878 2860 3039 2920 atque
3087 2853 3210 2917 loci,
3241 2853 3294 2905 in
3343 2869 3451 2922 quo
3485 2864 3668 2922 aperte
3714 2855 3942 2910 haeresis

2378 2942 2714 3014 Eutychiana
2740 2943 3069 3009 continetur,
3102 2953 3376 2998 auctorem
3424 2960 3542 2999 c-se
3593 2956 3758 3014 atque
3809 2963 3940 3001 con-

2388 3038 2774 3091 sarcinatorem
2824 3036 2955 3106 (64).
2988 3035 3120 3099 Nam
3151 3049 3506 3106 praeterquam
3535 3040 3680 3107 quod
3725 3041 3941 3107 cpisco-

2381 3142 2483 3195 pus
2513 3124 2720 3196 Cypriae
2747 3127 2964 3180 nomine
2991 3125 3280 3198 Dionysius
3308 3128 3504 3181 saeculo
3533 3129 3704 3181 sancti
3734 3125 3943 3197 [lippo-

2377 3219 2467 3287 lyti
2498 3218 2685 3273 nullibi
2713 3219 3030 3286 reperiatur,
3049 3219 3292 3272 doctrina
3307 3221 3467 3272 etiam
3485 3235 3549 3273 ex
3575 3219 3674 3273 hac
3695 3220 3940 3288 epistola

2377 3311 2604 3378 allegata
2632 3309 2911 3364 sententiis
2941 3310 3102 3377 hujus
3127 3311 3298 3364 sancti
3333 3310 3584 3380 martyris
3613 3326 3643 3364 e
3669 3311 3942 3365 diametro

2373 3399 2621 3466 opposita
2671 3400 2959 3453 invenitur.
2997 3395 3095 3452 Hic
3135 3400 3277 3452 enim
3328 3399 3380 3463 in
3411 3399 3659 3468 pluribus
3705 3399 3936 3475 Operum

2373 3505 2596 3543 suorum
2627 3490 2761 3544 locis
2802 3490 2959 3559 paulo
2985 3490 3211 3544 inferius
3242 3490 3578 3561 proter-endis
3602 3491 3742 3546 duas
3777 3499 3944 3544 natu-

2374 3598 2462 3636 ras
2522 3583 2575 3633 in
2621 3579 2747 3635 Jesu
2804 3581 3020 3636 Christo
3079 3591 3202 3650 post
3252 3582 3679 3636 incarnationem
3729 3583 3941 3637 diserte

2372 3671 2637 3736 agnoscit.
2674 3670 2814 3735 Quid
2839 3671 2983 3740 quod
3015 3671 3154 3723 mala
3187 3669 3318 3723 lides
3355 3669 3581 3724 Joannis
3605 3670 3940 3725 Antiocheni

2374 3762 2660 3815 manifeste
2709 3767 2965 3829 appareat
3010 3777 3077 3814 ex
3131 3761 3318 3814 eodem
3371 3749 3513 3821 loco,
3564 3760 3691 3813 dum
3740 3762 3943 3830 allegat

2372 3853 2655 3918 quemdam
2679 3865 2743 3903 ex
2767 3849 2824 3903 S.
2847 3850 3216 3904 Athanasii-ad
3242 3853 3617 3918 imperatorem
3641 3849 3941 3905 Jovianum

2373 3941 2597 4009 cpistola
2627 3942 2827 4002 locum,
2853 3940 2947 4007 qui
2978 3948 3154 3993 tamen
3186 3940 3377 3993 nullibi
3403 3941 3541 4009 apud
3565 3939 3934 3993 Athanasium

2370 4033 2637 4100 reperitur
2669 4033 2803 4101 (65).
2832 4033 3024 4086 Annon
3071 4033 3174 4086 hoc
3204 4031 3403 4086 factum
3437 4034 3684 4085 eumdem
3717 4031 3769 4084 in
3817 4031 3945 4083 aliis

2374 4122 2474 4178 SS.
2523 4126 2866 4192 antiquorum
2913 4125 3130 4179 Patrum
3165 4124 3300 4178 locis
3343 4123 3660 4192 allegandis,
3695 4137 3944 4190 quorum

2373 4298 2396 4333 ι
2446 4281 2569 4330 hum
2601 4287 2654 4331 et
2693 4293 2891 4344 corpus
2925 4278 3158 4332 hominis
3191 4279 3425 4330 occurrit
3459 4278 3508 4328 in
3542 4277 3738 4329 divinis
3785 4274 3941 4327 Scri-

2378 4369 2396 4400 ι
2445 4350 2633 4416 pluris,
2681 4349 2774 4401 sed
2820 4349 2934 4416 ipse
2975 4356 3055 4398 est
3105 4362 3293 4400 natura
3355 4359 3942 4416 una,__per50ua‘una.

2379 4437 2396 4468 ι
2442 4411 2779 4484 suppositum
2813 4411 2999 4472 unum.
3039 4420 3278 4483 operatio
3309 4433 3449 4483 una;
3495 4413 3724 4484 Verbum
3769 4411 3944 4476 Deus,

2379 4506 2396 4536 ι
2445 4481 2677 4540 Verbum
2731 4489 2912 4547 homo,
2949 4481 3406 4553 quetiiadmodutn
3450 4493 3584 4537 erat.
3624 4502 3642 4532 ι
3701 4481 3833 4534 Item
3880 4484 3936 4534 in

2375 4566 2604 4610 tractatu
2632 4557 2696 4609 de
2726 4557 2923 4607 unione
2950 4552 3194 4622 corporis
3223 4555 3425 4608 Christi
3451 4565 3502 4604 ct
3535 4553 3652 4618 ejus
3678 4552 3946 4604 divinita-

2378 4631 2446 4679 tis
2478 4626 2756 4694 profitetur
2791 4643 2809 4672 ι
2850 4625 3021 4688 illum,
3061 4625 3151 4691 qui
3203 4636 3437 4684 creatus,
3477 4625 3770 4674 inci-catum
3811 4635 3947 4694 esse

2384 4717 2401 4746 ‹
2449 4692 2538 4764 per
2577 4695 2865 4756 unionem;
2899 4703 2947 4745 ct
3000 4695 3146 4746 illum
3198 4695 3492 4764 increatum
3539 4706 3630 4764 per
3681 4692 3944 4759 eamdem

2383 4787 2400 4816 ι
2449 4762 2700 4816 unionem
2762 4775 2998 4816 creatum
3055 4765 3205 4826 lieri,
3254 4762 3685 4830 quandoquidem
3735 4771 3943 4812 natura

2385 4855 2400 4883 ι
2450 4850 2554 4885 una
2584 4849 2648 4883 ex
2681 4832 2889 4886 duabus
2932 4834 3038 4886 illis
3076 4833 3296 4900 integris
3337 4831 3578 4897 partibus
3620 4841 3860 4881 constat-
3920 4849 3941 4881 ο

2379 4904 2518 4954 Ιιιειιη
2546 4917 2763 4968 quoque
2811 4904 2860 4955 in
2905 4903 3124 4970 epistola
3158 4905 3222 4953 ad
3260 4901 3568 4968 Dionysium
3614 4902 3944 4966 episcopum

2376 4973 2534 5041 (lypri
2570 4988 2645 5023 sic
2676 4973 2749 5023 ait
2783 4989 2797 5023 :
2830 4990 2846 5022 ι
2887 4973 3019 5024 Dum
3052 4975 3370 5025 conlitcntur
3399 4980 3621 5021 naturas
3649 4983 3804 5041 uuas,
3841 4984 3947 5018 co-

2386 5062 2400 5089 ι
2425 5037 2647 5107 ’έυυιυν
2677 5057 2839 5093 unum
2878 5046 3121 5102 adorare,
3157 5054 3208 5092 ct
3241 5041 3466 5090 alterum
3509 5056 3613 5090 non
3663 5037 3945 5099 adorant;

2385 5131 2402 5160 ‹
2451 5128 2501 5161 lll
2559 5126 2623 5161 eo
2667 5114 2756 5177 qui
2797 5112 3011 5162 divinus
3058 5120 3140 5162 est
3188 5111 3540 5175 haptizantur.
3590 5111 3641 5159 in
3717 5123 3781 5157 co
3837 5107 3943 5171 qui

2386 5200 2401 5228 ς
2454 5184 2609 5230 homo
2637 5191 2718 5230 est
2780 5197 2883 5231 non
2911 5179 3268 5245 baptizantur.
3303 5177 3469 5229 Porro
3492 5194 3612 5230 cum
3641 5177 3691 5227 in
3718 5178 3951 5226 nomine

2384 5269 2401 5298 ι
2449 5250 2647 5300 Christi
2681 5250 3029 5317 baptizeznur,
3085 5258 3328 5299 naturam
3379 5265 3538 5299 unam
3583 5251 3946 5317 comitentur,

2385 5340 2402 5367 ι
2449 5314 2778 5371 divinitatem
2817 5317 3219 5385 iinpassibilcm,
3250 5329 3301 5370 et
3334 5332 3528 5384 corpus
3566 5314 3842 5385 passibdc,
3881 5325 3948 5366 ut

2386 5409 2402 5437 ε
2452 5389 2748 5456 haptismus
2776 5384 2953 5441 noster
2976 5389 3042 5440 sit
3069 5389 3120 5438 in
3148 5387 3276 5447 Deo,
3308 5399 3359 5439 ct
3383 5389 3432 5438 in
3461 5384 3900 5456 inorte_l_tonimi.
3921 5402 3942 5433 ι

2378 5451 2568 5510 .lnanii.
2620 5460 2972 5520 Antiochum,
3019 5457 3185 5525 Epist.
3245 5458 3486 5526 synodic.
3531 5455 3594 5526 ad
3643 5451 3949 5526 Mutinam,

2380 5529 2747 5602 apud_Euseb.
2784 5523 3111 5592 lienaudotl,
3145 5531 3196 5580 in
3227 5523 3367 5579 Hist.
3415 5523 3702 5591 putriarclt.
3752 5523 3950 5585 Alex.,

2380 5599 2497 5667 pag.
2532 5599 2655 5651 360.
3237 5666 3242 5667 γ
3363 5660 3418 5667 __
3497 5662 3507 5667 Δ
3697 5661 3707 5667 _
3808 5611 3813 5618 '

2450 5660 2558 5738 (65)
2582 5672 2774 5720 lterum
2794 5671 2952 5719 etiam
2973 5683 3033 5718 ex
3060 5666 3282 5734 cpistola
3310 5660 3676 5738 axl__Joviau_u_:n
3697 5661 3914 5728 impera
3934 5687 3951 5697 -

2379 5729 2552 5791 torem
2574 5740 2624 5791 in
2652 5755 2756 5805 qua
2783 5742 2911 5791 dicit
2933 5729 3258 5788 Athanasius
3285 5751 3294 5783 :
3323 5753 3338 5780 ι
3368 5729 3540 5784 Unum
3572 5734 3751 5785 dicere
3774 5745 3955 5799 opor-

2380 5818 2472 5870 tet,
2507 5821 2556 5861 ct
2584 5810 2824 5862 conﬁteri
2868 5819 3112 5858 naturam
3149 5820 3330 5859 unum.
3364 5813 3416 5855 ct
3449 5815 3737 5870 personam
3768 5815 3953 5850 uuam

2382 5875 2540 5934 Verbi
2571 5879 2852 5945 incarnati,
2880 5893 2968 5946 qui
2997 5878 3157 5931 homo
3181 5873 3373 5937 latius,
3397 5874 3783 5926 immanitatem
3814 5883 3928 5935 per
3953 5896 3966 5902 -
