4104 6350
183 429 277 486 537

1130 431 1218 487 DE
1254 433 1419 489 Vl'I'A
1462 432 1551 489 ΕΤ
1588 434 1899 490 SCRIPTIS
1929 436 1987 491 S.
2032 436 2406 493 HIPPOLYTI.

3272 442 3376 497 558

183 554 335 609 opera
366 539 656 611 deperdita
699 538 867 606 fuere,
900 550 1217 617 suspectum
1266 544 1487 598 reddere
1534 546 1727 599 debet?
1754 550 1799 604 Α
1825 548 1928 602 cile
1958 559 2060 602 est.
2114 548 2202 602 Sic
2242 551 2403 604 etiam
2449 550 2787 619 antiquitatis
2820 560 3166 606 monumenta
3219 554 3376 608 nobis

180 626 363 686 Iisdem
400 635 672 685 rationum
705 632 995 685 momentis
1036 634 1270 687 convicti
1319 636 1421 689 alia
1457 636 1564 689 duo
1607 637 1722 689 loca

179 723 243 779 ab
266 724 452 777 eodem
480 724 709 778 adducta
740 724 1033 792 rejieimus.
1069 725 1285 802 Primus
1310 728 1460 782 locus
1492 744 1557 781 ex
1586 743 1723 797 quo-

180 813 293 867 dam
326 821 583 878 tractatu,
618 813 672 867 in
703 830 810 883 quo
848 815 1001 882 juxta
1039 813 1299 870 Joannem
1330 818 1722 872 Antioebenum

179 913 389 957 sanctus
424 900 738 973 Hippolytus
764 918 857 957 eos
885 904 1250 972 impugnabat,
1278 908 1370 975 qui
1395 907 1465 961 ob
1492 908 1726 961 consub-

180 992 577 1045 stantialitatem
611 991 765 1047 Verbi
800 994 964 1046 divini
998 1010 1121 1046 eum
1167 994 1326 1050 Patre
1355 1012 1476 1061 suo,
1526 1007 1725 1067 myste-

177 1086 306 1133 rium
338 1080 730 1136 lncarnationis
756 1082 1149 1149 inliciabantur,
1184 1085 1500 1156 desumptus
1526 1099 1639 1153 est;
1672 1098 1723 1142 et

176 1170 465 1223 secundum
499 1185 563 1225 ex
608 1172 714 1224 alio
761 1186 921 1239 opere
951 1172 1303 1243 deprompsit,
1333 1180 1475 1245 quod
1513 1179 1601 1232 ille
1647 1181 1721 1232 ei-

176 1259 286 1314 dem
314 1270 505 1315 sancto
528 1260 671 1315 Patri
702 1263 951 1331 ascripsit
974 1266 1074 1317 hoc
1100 1266 1201 1319 sub
1228 1268 1414 1321 titulo:
1437 1268 1514 1321 De
1536 1271 1723 1322 unione
1752 1294 1755 1295 ν

173 1352 400 1416 corporis
431 1350 559 1405 Jesu
598 1351 794 1405 Christi
826 1369 940 1405 cum
979 1354 1092 1422 ejus
1133 1356 1424 1411 divinitate.
1460 1358 1577 1412 Duo
1611 1361 1723 1413 haec

173 1441 283 1495 loca
327 1442 473 1495 haud
520 1443 697 1496 minus
737 1443 964 1497 barresin
1013 1445 1401 1515 Eutycbianam
1446 1450 1719 1515 redolent;

172 1531 289 1585 libri
318 1548 562 1601 quoque,
589 1534 729 1585 unde
751 1534 913 1602 petita
938 1550 1058 1589 esse
1084 1540 1416 1605 supponitur,
1441 1541 1537 1591 toti
1558 1541 1719 1593 etiam

178 1622 485 1689 antiquitati
544 1623 766 1675 omnino
812 1625 980 1693 ignoti
1030 1634 1169 1679 sunt.
1228 1625 1530 1681 Notandum
1590 1644 1724 1697 pra:-

171 1717 333 1775 terea,
371 1712 514 1780 quod
538 1728 600 1765 ea
626 1712 764 1776 loca,
795 1730 915 1782 quae
939 1715 1035 1767 abs
1071 1714 1276 1771 Joanne
1298 1719 1631 1773 Antiocheno
1657 1736 1722 1773 ex

173 1797 226 1849 S.
250 1798 520 1870 Hippolyti
546 1803 714 1855 nostri
737 1806 963 1870 epistola
989 1807 1053 1859 ad
1080 1806 1392 1877 Dionysium
1410 1810 1720 1878 episcopum

1827 649 1910 691 sat
1948 639 2171 693 luminis
2217 656 2325 694 non
2376 640 2813 709 subministrant,
2848 659 2913 696 ex
2969 657 3077 710 quo
3126 643 3378 713 colligere

1824 740 1972 782 certo
2022 730 2249 794 liceret,
2304 740 2483 784 utrum
2541 741 2761 786 sanctus
2824 730 3138 803 Hippolytus
3194 734 3375 789 dedita

1823 830 1985 884 opera
2024 818 2098 869 De
2127 835 2339 871 numero
2362 820 2551 887 impari
2575 822 2871 887 scripserit,
2894 824 2975 875 vel
2998 804 3375 891 pertractanda

1823 909 1995 961 solum
2027 909 2172 961 aliud
2203 917 2601 977 argumentum,
2629 910 2696 965 de
2724 911 2815 965 illo
2840 914 2985 967 velut
3010 929 3102 981 per
3130 923 3377 967 transen—

1823 1015 1948 1053 nam
2005 1000 2339 1054 disseruerit.
2396 1000 2527 1055 Utut
2595 1004 2685 1069 sit,
2738 1015 2958 1059 sanctus
3018 1004 3374 1075 Hieronymus

1823 1101 2067 1142 nostrum
2118 1098 2363 1144 sanctum
2418 1092 2729 1161 episc0pum
2782 1103 2837 1147 et
2892 1105 3183 1164 martyrem
3236 1094 3374 1147 inter

1823 1188 2124 1235 assertores
2173 1182 2381 1234 numeri
2435 1182 2661 1250 imparis
2705 1194 2949 1238 recenset
2994 1186 3097 1239 hoc
3145 1186 3307 1238 modo
3351 1204 3369 1241 :

1828 1287 1846 1317 ι
1870 1267 2025 1323 Nunc
2055 1272 2478 1325 enumerandum
2509 1273 2638 1325 mibi
2657 1284 2757 1335 est,
2777 1274 3371 1341 quiecclesiasticorum

1824 1357 1890 1411 de
1924 1359 2115 1425 impari
2149 1375 2377 1413 numero
2412 1360 2762 1428 disputarint,
2809 1363 3074 1422 Clemens,
3114 1360 3371 1432 Hippoly-

1822 1454 1932 1507 tus,
1965 1445 2242 1515 Origenes,
2277 1446 2589 1517 Dionysius,
2623 1447 2913 1511 Eusebius,
2954 1446 3232 1519 Didymus,
3274 1463 3374 1501 no-

1822 1546 2167 1605 strorumque
2216 1535 2616 1599 Tertullianus,
2665 1537 2990 1607 Cyprianus.
3040 1538 3350 1600 Victorinus
3445 1602 3451 1606 _

1824 1623 2159 1687 Lactantius,
2193 1623 2426 1678 Hilarius
2460 1624 2594 1693 (68).
2622 1644 2643 1675 ι

1890 1713 2146 1768 Leontius
2162 1714 2481 1783 Byzantinus
2494 1713 2807 1781 (69)allegat
2823 1714 2921 1765 sub
2941 1716 3159 1766 nomine
3174 1714 3229 1766 S.
3250 1712 3373 1780 Hip-

1835 1807 2000 1876 polyti
2044 1813 2329 1859 tractatum
2383 1803 2458 1854 De
2504 1804 2937 1856 benedictionibus
2979 1803 3201 1854 Balaam
3241 1804 3375 1871 ('70).

169 1888 321 1956 Cypri
387 1892 703 1957 aﬂ‘cruntur,
734 1893 918 1948 Cmam
960 1905 1171 1950 exstent
1214 1872 1268 1951 in
1311 1872 1537 1968 cpistola
1580 1872 1723 1954 iulio
1756 1872 1796 1926 Β
1826 1872 2023 1947 Verum
2077 1894 2164 1946 bie
2190 1903 2379 1947 aurtor
2411 1895 2464 1946 in
2500 1892 2794 1948 referendis
2830 1893 3175 1961 antiquorum
3216 1895 3371 1946 testi-

170 1974 411 2029 Rmnanu
452 1983 688 2046 pontiﬁci
718 1984 914 2037 tributa
945 1988 1010 2040 ad
1058 1988 1371 2059 Dionysium
1406 1990 1722 2043 Alexandri-

171 2080 315 2125 num,
350 2070 492 2120 edita
528 2086 557 2122 a
596 2075 949 2131 Celeberrimo
997 2079 1291 2135 Muratorio
1339 2082 1391 2132 in
1445 2080 1720 2132 Attecdotis

171 2152 387 2215 Gracia,
422 2173 542 2225 pag.
577 2162 699 2215 ὃίό.
734 2164 885 2220 Unde
922 2170 991 2221 cl.
1018 2169 1299 2223 Fabricius
1328 2169 1438 2236 (66)
1468 2184 1574 2221 non
1605 2170 1723 2220 sine

170 2240 515 2300 fundamento
537 2252 849 2318 arbitratur,
872 2257 923 2308 in
956 2258 1109 2321 locis,
1130 2274 1248 2326 qua:
1268 2273 1383 2326 pag.
1411 2257 1480 2310 5‘2
1521 2265 1651 2310 tom.
1681 2256 1720 2308 li

166 2334 297 2401 Opp.
339 2333 606 2407 Hippolyti
643 2339 831 2395 Latine
848 2360 917 2398 ex
961 2345 1023 2396 V.
1057 2348 1116 2399 (2.
1154 2347 1371 2400 Eusebii
1395 2345 1720 2401 Renaudotii

169 2422 408 2478 Historia
435 2431 861 2495 patriarcharum
904 2436 1379 2488 Alexandrinorum
1416 2438 1721 2505 exscripsit,

168 2530 261 2583 pro
294 2516 578 2589 Hippolyto
624 2520 861 2575 Romano
900 2523 1183 2593 legendum
1226 2541 1347 2581 esse
1389 2525 1565 2580 Julius
1615 2526 1721 2582 Ro-

167 2622 372 2660 manus.

163 2708 191 2780 §
223 2711 309 2766 III.
341 2713 624 2795 Tractatus
753 2720 1024 2795 Hippolyti
1054 2727 1118 2778 de
1135 2726 1342 2795 jejunio
1384 2726 1623 2790 Sabbati,
1660 2732 1722 2783 de

230 2790 591 2903 :Iommunione
645 2788 1031 2857 Eucharisti'w,
1076 2788 1239 2850 et'de
1290 2799 1486 2867 virgine
1534 2788 1722 2853 Corin-

269 2870 429 2903 ttaca-
460 2868 576 2903 'etc-

269 2868 430 2919 ttaca,
460 2868 577 2913 'etc.

227 2965 593 3043 Hieronymus
643 2977 697 3029 in
738 2978 963 3045 epistola
995 2979 1061 3033 ad
1098 2979 1383 3038 Lucinium
1414 2985 1525 3055 (67)
1556 2994 1721 3040 testa-

162 3068 246 3111 tur
303 3073 555 3119 sanetum
620 3067 960 3139 Hippolytum
1026 3083 1272 3127 nostrum
1327 3078 1388 3128 de
1450 3075 1717 3141 Sabbato,

1825 1985 2023 2037 moniis
2044 1984 2184 2039 adeo
2217 1982 2453 2037 inﬁdelis
2484 1992 2587 2048 est,
2619 1995 2679 2036 ut
2700 1998 2890 2051 parum
2924 1982 3044 2035 ﬁdei
3075 1996 3379 2049 promerea-

1823 2087 1930 2127 tur.
1952 2071 2092 2125 Fieri
2124 2072 2477 2125 nihilominus
2503 2072 2696 2140 potuit,
2723 2080 2782 2124 ut
2814 2080 3034 2125 sanctus
3061 2069 3377 2139 Hippolytus

1822 2176 1920 2228 pro
1950 2162 2175 2214 materia
2201 2176 2296 2215 seu
2322 2172 2640 2231 argumento
2664 2160 2894 2228 alicujus
2924 2174 3147 2213 suorum
3182 2167 3380 2211 tracta-

1823 2262 1975 2305 tuum
2025 2268 2121 2306 seu
2163 2252 2507 2306 homiliarum
2540 2252 2695 2320 juxta
2743 2251 3185 2305 consuetudinem
3217 2265 3378 2304 suam

1823 2345 1921 2398 bas
1952 2344 2350 2399 benedictiones
2377 2346 2645 2414 selegerit,
2684 2360 2749 2398 ex
2782 2345 2982 2413 quibus
3006 2342 3263 2397 Leontius
3285 2358 3381 2415 ea,

1822 2452 1944 2503 quze
1983 2434 2255 2505 allegavit,
2289 2435 2717 2504 deprompserat.

1893 2526 2133 2593 Denique
2178 2523 2450 2579 Palladius
2500 2526 2555 2577 in
2615 2523 2857 2577 Historia
2907 2538 3005 2577 sua
3064 2521 3327 2576 Lausiaca
3356 2564 3387 2587 ,.

1822 2630 1941 2682 cap.
1975 2614 2079 2667 148
2102 2655 2118 2678 ,
2141 2629 2207 2668 ex
2236 2624 2426 2668 sancto
2461 2613 2780 2683 Hippolyto,
2813 2628 2974 2682 quem
3008 2614 3374 2682 apostolorum

1821 2712 2151 2759 coaetaneum
2198 2712 2390 2767 vocat,
2439 2703 2606 2757 refert
2655 2706 3017 2757 narrationem
3057 2704 3125 2757 de
3171 2703 3378 2772 virgine

1819 2795 2051 2863 quadam
2097 2794 2471 2857 Corinthiaca,
2520 2809 2552 2848 a
2598 2792 3016 2864 judiee‘gentili.
3048 2795 3100 2846 in
3150 2795 3378 2863 lupanar

1822 2884 2014 2955 tradita
2046 2894 2106 2937 ut
2134 2894 2596 2952 corrumperetur,
2626 2898 2788 2953 quam
2820 2883 3200 2953 Magistrianus
3241 2886 3374 2937 ado-

1821 2974 2029 3027 lescens
2057 2964 2399 3027 Christianus
2449 2974 2715 3028 simulans
2756 2988 2816 3028 se
2863 2974 2999 3028 velle
3036 2989 3159 3028 cum
3198 2990 3261 3026 ea
3294 2973 3378 3049 in-

1820 3073 1967 3118 caste
2003 3064 2247 3127 versari,
2276 3078 2308 3119 e
2352 3064 2601 3134 lupanari
2649 3065 2872 3121 mutatis
2907 3066 3177 3143 vestibus,
3211 3075 3265 3120 et
3306 3066 3379 3121 ab

160 3156 340 3200 utrum
380 3150 726 3218 jejunaudum
770 3158 860 3222 sit,
893 3160 1036 3213 etde
1066 3160 1423 3226 Eucharistia,
1463 3182 1531 3217 an
1579 3167 1718 3217 acci-

1822 3156 1969 3210 omni
1994 3158 2340 3226 corruptione
2364 3156 2451 3226 pia
2481 3154 2671 3211 fraude
2703 3156 2970 3222 liberavit,
2998 3156 3245 3227 sequenti
3274 3172 3376 3211 au-

156 3237 353 3305 pienda
387 3245 639 3309 quotidie,
686 3246 1045 3305 disertissime
1090 3254 1394 3321 scripsisse.
1428 3252 1483 3306 In
1530 3256 1718 3311 codice
1824 3257 1930 3301 tem
1961 3247 2049 3302 die
2093 3263 2153 3301 re
2182 3248 2396 3317 cognita
2442 3248 2511 3302 ad
2558 3247 2763 3302 bestias
2791 3263 2822 3302 a
2863 3246 3048 3317 judice
3091 3248 3380 3301 damnatus

158 3344 289 3384 mss.
344 3330 529 3387 Grzeeo
573 3337 675 3390 195
723 3338 1062 3396 bibliothecae
1108 3342 1454 3399 Coislinianre
1484 3346 1718 3401 refertur

159 3420 519 3492 lragmeutum
554 3427 610 3481 S.
646 3428 911 3503 Hippolyti
949 3445 1130 3489 contra
1171 3437 1337 3504 fatum
1378 3447 1515 3492 teste
1544 3437 1720 3493 Mont-

159 3510 413 3569 fauconio
446 3532 564 3585 pag.
593 3518 721 3572 245.
759 3520 951 3577 Verum
980 3533 1157 3578 utrum
1184 3536 1403 3581 sanctus
1434 3529 1717 3597 episcopus

158 3606 421 3672 speciales
446 3619 727 3673 ,ttactatus
767 3613 907 3668 circa
943 3616 1031 3669 illa
1069 3615 1366 3684 disciplina:
1409 3628 1630 3687 puncta,
1665 3630 1718 3672 ct

157 3691 223 3746 de
268 3694 380 3751 fato
408 3701 796 3768 composuerit,
824 3706 906 3758 vel
949 3707 1002 3759 in
1034 3705 1153 3759 aliis
1204 3707 1317 3760 suis
1350 3710 1622 3776 operibus,
1657 3725 1707 3759 v.

157 3795 280 3849 gn,
331 3787 381 3837 in
432 3794 664 3843 tractatu
714 3791 789 3844 De
837 3794 1119 3846 traditione
1175 3796 1551 3861 apostolorum,
1600 3796 1714 3849 haec

158 3874 413 3931 duntaxat
432 3883 841 3949 perstrinxerit,
882 3887 1236 3943 determinatu
1267 3890 1554 3943 admodum
1579 3889 1712 3941 dilli-

1821 3338 2205 3408 Magistrianus
2232 3331 2491 3408 martyrio
2520 3344 2813 3390 coronatus
2848 3336 2969 3389 fuit.
3002 3335 3245 3391 Meminit
3272 3338 3376 3390 bu-
3466 3338 3472 3343 ’

1819 3432 1910 3499 jus
1945 3430 2169 3497 virginis
2204 3438 2258 3481 et
2305 3424 2641 3495 Nicephorus
2673 3424 2743 3479 Η.
2777 3423 2841 3477 Ε.
2871 3426 2965 3478 lib.
2993 3442 3097 3489 vn,
3131 3442 3250 3494 cap.
3286 3424 3375 3491 15,

1824 3521 1916 3574 sed
1948 3520 2167 3589 paucis;
2209 3532 2383 3586 neque
2406 3515 2618 3583 uspiam
2662 3529 2781 3568 eam
2824 3515 3223 3569 Corinthiacum
3254 3530 3376 3570 esse
3448 3544 3454 3549 -

1822 3614 2065 3675 dictitat;
2110 3610 2389 3663 historiam
2437 3608 2578 3663 idem
2610 3609 2677 3662 de
2707 3606 3055 3680 Hagistriano
3098 3608 3377 3677 persequi-

1820 3712 1908 3755 tur
1940 3701 2079 3754 idem
2112 3697 2481 3768 Nieephorus:
2520 3711 2807 3771 utramque
2831 3700 3200 3755 narrationem
3232 3698 3404 3767 apud‘

1820 3793 2126 3850 Fabricium
2163 3796 2276 3866 (71)
2314 3805 2370 3852 et
2407 3794 2749 3852 Gallandium
2793 3793 2906 3865 (72)
2952 3792 3269 3863 impressam
3300 3790 3379 3846 Io-

1820 3879 1946 3955 gere
1972 3885 2197 3956 poteris.

1742 4049 1811 4067 ἔ

1449 4180 1830 4271 CAPUT
1904 4182 2073 4276 IV.

905 4354 1036 4415 tDE
1095 4355 1477 4417 OPERIBUS
1527 4357 1586 4417 S.
1640 4358 2104 4421 HIPPOLYTO
2154 4355 2619 4421 SUPPOSITIS.

695 4470 1087 4529 ARTICULUS
1125 4473 1164 4529 Ι.

158 4596 222 4637 DE
259 4596 428 4636 οβελις
468 4600 513 4638 5.
554 4600 849 4640 ῐιινροιττο
888 4602 1051 4641 FALSO
1108 4601 1361 4639 ASCHIPTO
1414 4607 1431 4636 Ι
1473 4603 1536 4640 οε
1590 4604 1718 4641 CON-

233 4667 583 4707 SUIHATIONB
626 4670 823 4717 MUNDI,
866 4672 931 4708 DE
970 4670 1355 4721 ANTICHRIBTU,
1406 4673 1470 4711 AC
1516 4673 1581 4712 DE
1631 4675 1718 4711 SE-

222 4736 393 4775 CUNDO
431 4739 648 4778 CHRISTI
691 4741 953 4779 ADVENTU.
994 4745 1013 4776 ι

223 4831 323 4885 llic
350 4832 609 4885 nolumus
635 4845 908 4901 repetere,
941 4847 1061 4902 quae
1100 4834 1260 4901 paulo
1291 4849 1453 4903 supra
1481 4836 1549 4891 de
1580 4838 1718 4892 duo-

160 5028 350 5084 iectam
401 5044 498 5097 pro
533 5029 701 5100 nobis
728 5030 1044 5100 assumpsit;
1069 5031 1159 5096 qui
1189 5039 1375 5085 contra
1422 5035 1634 5095 sentiet,
1665 5035 1711 5089 is

158 5110 234 5174 est
269 5100 361 5151 Dei
395 5098 667 5174 inimicus.
718 5107 772 5151 et
824 5098 1026 5174 sanctis
1073 5099 1643 5174 Patribusurepugnat.
1682 5124 1702 5156 ι

158 5166 393 5223 Joannes
414 5168 782 5237 Antiochenus
816 5169 1118 5237 ubisupra,
1151 5185 1270 5237 pag.
1302 5172 1425 5225 559.

226 5239 337 5361 (δέ)
384 5237 620 5301 Fabric.,
648 5236 781 5305 Opp.
816 5237 873 5290 S.
914 5236 1203 5308 Hippolyti,
1236 5236 1366 5294 tom.
1402 5241 1466 5307 ll,
1490 5240 1705 5298 Przel‘at.

231 5376 343 5442 (67)
393 5376 705 5446 Hieronym.
733 5416 748 5439 ,
790 5378 950 5446 epist.
999 5377 1064 5430 ad
1110 5375 1390 5432 Lucinium
1443 5382 1575 5435 alias
1616 5382 1709 5443 28,

163 5458 299 5515 nunc
328 5446 389 5497 71
422 5449 552 5499 edit.
586 5445 773 5499 Venet.
802 5445 955 5508 iri-4°,
978 5457 1111 5500 tom.
1138 5448 1179 5509 Ι,
1206 5464 1325 5515 pag.
1348 5450 1625 5510 454,num.
1654 5452 1709 5514 6,

164 5514 246 5589 ubi
279 5514 461 5589 sie-ait
501 5535 575 5589 :_c
616 5514 691 5569 De
726 5514 1389 5589 sabbatoquodiquairis,
1423 5532 1599 5574 utrum
1630 5522 1712 5589 je-

162 5583 459 5657 junandum
505 5586 571 5640 sit
601 5603 617 5650 ;
647 5594 701 5657 e_t
755 5588 821 5640 de
865 5583 1225 5657 Eugbaristia,
1280 5603 1345 5640 an
1400 5583 1713 5657 accipienda

164 5653 419 5718 quotidie,
465 5658 611 5726 quod
656 5653 897 5710 Romana
946 5656 1185 5711 Ecclesia
1229 5667 1281 5711 et
1324 5653 1589 5726 Hispania».
1618 5660 1713 5711 ob-

166 5735 375 5799 servare
407 5725 780 5799 perbibentur,
813 5728 1029 5796 scripsit
1058 5726 1273 5797 quidem
1310 5738 1364 5782 et
1396 5725 1712 5799 Hippolytus

167 5791 679 5848 vit-disertissimus.
720 5812 740 5845 ι

1825 4478 1928 4532 bus
1956 4477 2299 4542 tractatibus,
2328 4482 2384 4529 et
2408 4472 2476 4527 de
2506 4471 2731 4539 epistola
2758 4468 2861 4525 sub
2890 4469 3107 4523 nomine
3146 4467 3206 4522 S.
3243 4462 3348 4534 Hip

1824 4570 1990 4640 polyti
2036 4585 2067 4623 a
2107 4567 2314 4622 Joanne
2362 4561 2699 4615 Antioclieno
2731 4557 3368 4630 allegata‘disseruimus;

1824 4660 1917 4714 sed
1948 4658 2118 4714 crisin
2148 4666 2372 4725 operum
2401 4650 2573 4703 eidem
2610 4648 3010 4719 suppositorum
3040 4643 3182 4696 illico
3213 4640 3282 4694 ab
3305 4655 3374 4695 eo

1822 4765 1981 4819 opere
2008 4738 2346 4805 inchoamus,
2372 4740 2529 4810 cujus
2563 4740 2750 4795 titulus
2766 4728 2789 4787 ’τ
2828 4737 2903 4791 De
2930 4732 3374 4789 consummatione

1822 4839 2025 4902 mundi,
2042 4837 2106 4888 de
2125 4833 2469 4897 Antichristo,
2493 4833 2628 4886 etde
2649 4826 2871 4887 secundo
2894 4823 3092 4879 Christi
3123 4822 3369 4879 adventu.

1887 5029 2008 5102 (68)_
2031 5026 2367 5102 Ilieronym._,
2398 5029 2561 5102 epist.
2602 5022 2670 5078 68
2696 5022 2830 5102 edit.
2855 5018 3067 5081 Vcnct.,
3099 5034 3250 5102 num:
3280 5020 3369 5084 i9,

1815 5089 1935 5171 pagg.
1979 5089 2123 5171 932,
2138 5089 2277 5171 alias
2304 5099 2391 5161 50,
2432 5089 2502 5171 ad
2528 5092 2952 5171 Pammachium,
2987 5104 3082 5144 seu
3114 5089 3370 5158 Apologu-

1814 5164 1946 5224 ticus
1970 5184 2064 5237 pro
2087 5168 2234 5221 libris
2263 5179 2443 5221 contra
2471 5164 2865 5237 [ot'ittia_nltt}_-__
3110 5225 3173 5237 η,
3285 5227 3319 5237 η

1884 5225 1994 5307 (69)
2035 5236 2225 5307 Leont.
2266 5238 2433 5307 By)",
2467 5232 2742 5307 prauam._
2772 5227 2887 5282 PP.
2930 5238 3062 5307 imp.
3110 5225 3202 5307 ιχ,
3234 5227 3365 5307 edit.

1815 5296 2056 5378 ιυίςιιὶρς
2079 5306 2218 5372 682;
2248 5296 2430 5378 Caiiis-
2455 5302 2603 5378 Ae?!-
2632 5300 2987 5378 εἠιὲςιυι.ι9ηξο
3005 5297 3046 5378 ¹.ν
3064 5299 3212 5378 Wl-
3235 5313 3284 5378 νε
3312 5296 3366 5349 9-

1887 5365 2350 5447 (‘70)'Grzec.'mss.
2372 5375 2423 5427 in
2448 5370 2683 5427 biblioth.
2715 5365 2919 5423 Bodlei.
2946 5365 3105 5421 habet
3134 5384 3152 5415 ι
3173 5365 3248 5419 De
3271 5365 3369 5416 be-

1821 5446 2219 5525 netlietioliibus
2253 5446 2513 5525 Abraamt.‘
2546 5459 2628 5525 in.
2742 5510 2754 5525 Ι
2797 5519 2808 5525 Δ
3028 5505 3045 5525 Ι
3110 5520 3210 5525 --Δ
3260 5499 3365 5525 ου

1890 5516 1998 5638 (27
2039 5516 2251 5570 Fabric.
2272 5555 2288 5581 ,
2314 5512 2449 5583 Opp.
2480 5509 2538 5565 S.
2568 5507 2835 5583 Hippolyt.
2867 5517 2997 5562 tom.
3027 5505 3082 5571 I,
3109 5520 3230 5575 pag.
3260 5500 3370 5555 285

1814 5596 1867 5639 cl.
1893 5590 1995 5638 234
2006 5625 2017 5637 .

1887 5637 1999 5725 (τε)
2040 5653 2312 5719 Galland.,
2349 5647 2599 5706 Biblioth.
2626 5646 2738 5702 pr.
2770 5656 2879 5701 tom
2936 5643 3000 5709 ιι,
3027 5656 3148 5713 pag.
3179 5637 3286 5695 διδ
3312 5644 3367 5691 ει

1813 5725 1935 5780 514.
