4104 6350
1564 400 1653 457 ne
1692 400 1852 456 vnn
1884 344 2324 467 Er‘scntprts
2358 371 2416 468 δέ
2463 378 2845 448 HIPPOLYTI.

3707 392 3812 447 541)

597 476 758 568 Hunc
787 519 1073 566 tractatum
1111 511 1215 566 sub
1246 511 1464 565 nomine
1480 506 1763 581 Hippolyti
1794 510 2028 565 Joannes
2067 506 2159 559 Pi—
2188 512 2233 568 Α
2262 519 2377 556 nem
2420 501 2532 571 fore
2575 499 3014 569 lmmamiﬁgura
3059 500 3337 564 prmditum
3379 497 3629 569 aﬂirmat,
3663 519 3814 572 quem

596 618 699 658 cus
731 602 844 673 (7‘5)
876 602 1089 673 primus
1122 588 1306 659 Grazce
1333 617 1398 659 ac
1431 600 1876 657 LatineParisiis
1909 598 2159 654 “.1557

584 693 659 766 in
695 695 873 750 lucem
922 693 1086 760 dedit
1113 708 1238 747 cum
1285 691 1521 761 praefato
1552 692 1743 757 titulo,
1777 692 1869 760 qui
1902 690 1955 743 in
1988 690 2160 757 capite

595 797 731 841 mss.
762 782 935 850 Graeci
968 782 1237 849 Venetiis,
1283 784 1428 838 unde
1456 784 1523 839 cl.
1557 784 1733 839 editor
1758 782 1969 853 copiam
2003 798 2159 838 acce-
2194 819 2198 828 -

596 872 706 939 pit,
751 882 949 929 exstat.
1001 872 1242 928 lnsertus
1284 884 1369 929 est
1400 876 1743 943 postmodum
1780 874 1868 928 bic
1900 883 2160 928 tractatus

591 960 938 1022 Bibliotheca;
967 964 1186 1018 Patrum
1215 963 1541 1021 Parisiensis
1560 965 1878 1036 posterioris
1904 964 2160 1021 editionis

596 1067 748 1108 tomo
773 1053 893 1109 XII.
919 1053 1130 1111 Recusa
1162 1056 1324 1111 etiam
1356 1056 1468 1112 Pici
1494 1058 1671 1121 versio
1700 1056 1894 1111 Latina
1921 1056 2160 1113 Colonia:

601 1144 759 1209 1565,
784 1145 929 1211 in-8,
961 1146 1101 1216 apud
1124 1146 1421 1209 Maternum
1442 1148 1753 1213 Cholinum,
1779 1158 1832 1203 et
1862 1149 1927 1205 ad
1958 1149 2157 1203 calcem

593 1234 796 1302 Justini
826 1236 897 1292 Μ.
930 1236 1103 1293 Paris.
1154 1238 1312 1294 1575.
1356 1238 1423 1293 Et
1454 1240 1507 1293 in
1539 1238 1887 1295 Bibliothecis
1939 1239 2159 1293 Patrum

594 1329 971 1399 cujuscunque
994 1331 1259 1387 editionis
1286 1329 1430 1401 (74);
1478 1330 1639 1384 etiam
1672 1331 1855 1385 Graece
1881 1346 1945 1385 ac
1973 1329 2161 1384 Latine

592 1417 652 1474 in
695 1420 991 1473 Auetuario
1036 1407 1380 1475 Bibliotheca:
1412 1418 1634 1473 Patrum
1687 1420 1954 1474 Duczeano
1983 1419 2158 1474 Paris.

595 1507 771 1577 1621,
802 1518 936 1565 tom.
980 1509 1042 1563 11.
1083 1510 1284 1566 Gallice
1329 1510 1713 1580 interpretatus
1759 1509 1862 1564 fuit
1908 1509 2162 1564 Nicolaus

567 1600 647 1668 ,le
677 1601 854 1665 Clerc,
879 1600 1100 1669 Parisiis
1152 1603 1288 1656 1566
1316 1614 1371 1657 et
1402 1603 1556 1657 1579.
1597 1603 1675 1655 Ad
1709 1603 1909 1656 calcem
1930 1602 2162 1672 “insuper

595 1692 732 1747 tomi
761 1693 789 1752 1.
816 1691 1049 1763 Operum
1096 1694 1267 1747 sancti
1311 1694 1485 1748 uestri
1528 1708 1558 1746 a
1604 1691 1855 1747 Fabricio
1891 1694 2161 1747 editorum

596 1782 737 1843 idem
791 1792 1053 1837 tractatus
1104 1784 1401 1853 impressus
1455 1784 1645 1853 legitur
1692 1782 1829 1854 (75).
1894 1783 2161 1838 Observat

2261 602 2445 644 contra
2475 590 2678 644 Paulus
2702 599 2849 645 vocat
2878 588 3135 664 hominem
3163 592 3383 659 peccati.
3418 589 3697 659 Joannem,
3726 590 3819 660 qui

2260 686 2453 738 librum
2485 678 2883 757 Apocalypseos
2915 675 3159 751 scripsit,
3203 698 3319 734 cum
3354 680 3567 735 Eliaet
3602 682 3820 736 Enocho

2260 777 2429 829 denuo
2458 774 2750 841 aﬂ'uturum
2775 775 2925 843 lingit
2947 814 2961 837 ,
2992 784 3048 825 ut
3091 773 3471 826 Antichristum
3512 774 3818 843 redarguat,

2267 890 2285 922 ς
2314 870 2399 923 cui
2422 866 2688 921 sententia:
2707 908 2722 932 ,
2757 869 2832 920 ait
2862 850 3173 921 Passerinus
3196 906 3209 928 ,
3247 882 3349 919 non
3382 876 3459 919 est
3490 867 3823 935 acquiescan-

2259 962 2452 1015 dum.»
2503 959 2726 1025 Joannis
2770 959 3145 1030 Apocalypsim
3198 960 3380 1011 inscite
3438 974 3533 1027 pro
3590 957 3823 1011 Daniele

2259 1057 2500 1119 usurpat.
2555 1050 2788 1120 Animas-
2815 1050 3080 1103 hominum
3136 1066 3169 1101 a
3216 1048 3421 1103 seculis
3467 1048 3629 1117 fuisse
3680 1048 3827 1116 afﬁr-

2260 1153 2405 1206 mat,
2439 1142 2577 1212 quod
2621 1141 2724 1210 fuit
2774 1140 3195 1209 Origenistarum
3240 1140 3539 1210 ﬁgmentum
3565 1155 3583 1193 :
3612 1140 3827 1209 aliaque

2259 1241 2383 1287 sunt
2444 1234 2557 1303 ejus
2626 1231 2823 1297 crebra,
2876 1218 3138 1286 insomnia
3194 1244 3348 1301 atque
3421 1230 3611 1283 deliria
3670 1222 3868 1301 (80),

2259 1324 2446 1395 quibus
2480 1324 2743 1393 perpensis
2797 1340 2899 1376 non
2941 1340 3213 1393 possumus
3263 1323 3491 1385 adduci,
3546 1330 3604 1374 ut
3640 1322 3831 1388 credae

2261 1432 2375 1469 mus
2411 1415 2647 1469 libellum
2694 1418 2830 1468 hunc
2868 1432 2977 1468 esse
3007 1417 3188 1468 ueteris
3229 1414 3376 1468 illius
3412 1414 3673 1484 episcopi,
3713 1420 3827 1467 etc.

2262 1506 2533 1561 Hactenus
2567 1506 2810 1560 Rivetus.
2858 1504 3019 1559 Ellies
3070 1505 3245 1574 Dupin
3274 1505 3463 1559 lliveto
3504 1504 3833 1573 suffragatus

2263 1597 2451 1651 iisdem
2480 1595 2591 1651 fere
2619 1597 2923 1651 rationibus
2954 1596 3120 1650 utitur
3148 1596 3283 1665 (81).
3321 1594 3426 1649 Sed
3457 1602 3511 1649 et
3540 1611 3567 1648 a
3597 1593 3831 1649 Combe—

2263 1687 2385 1741 lisio
2418 1687 2763 1742 observatum
2802 1697 2886 1743 est
2919 1688 2971 1742 in
3023 1686 3224 1741 Catena
3268 1686 3491 1742 Patrum
3528 1686 3715 1741 Grtrca
3757 1684 3831 1739 ad

2262 1777 2546 1834 .leremiani
2600 1778 2762 1833 verba
2808 1778 3053 1847 quaedam
3107 1794 3173 1831 ex
3238 1778 3524 1849 Hippolyto
3575 1776 3829 1846 allega_ri,

594 1869 945 1926 doctissimus
972 1870 1349 1926 Tillemonlius
1380 1872 1489 1942 (76)
1520 1872 1701 1941 plures
1734 1873 1881 1927 viros
1914 1874 2159 1927 eruditos
2195 1870 2235 1923 Β
2265 1886 2387 1939 qua:
2428 1871 2481 1923 in
2512 1869 2760 1925 Gudiano
2789 1868 3074 1939 Hippolyto
3094 1910 3108 1934 ,
3137 1885 3245 1923 non
3277 1881 3458 1924 autem
3488 1869 3544 1921 in
3578 1868 3680 1921 hoc
3712 1865 3832 1939 lici

595 1960 665 2015 ab
712 1961 867 2016 initio
910 1964 1056 2017 hune
1100 1964 1342 2023 libellum
1386 1968 1530 2019 velut
1573 1965 1864 2033 genuinum
1899 1965 2159 2035 scriptum

595 2051 864 2120 recepisse
911 2052 1054 2122 (77),
1085 2055 1179 2123 qui
1211 2063 1387 2108 tamen
1424 2054 1526 2109 sibi
1581 2054 1849 2124 imperare
1905 2072 2015 2109 non
2063 2071 2162 2125 po-

595 2152 766 2206 tuere,
788 2144 1081 2212 quominus
1104 2146 1560 2211 condemnarent,
1591 2147 1734 2215 quod
1765 2147 1819 2199 in
1848 2161 1913 2201 eo
1947 2147 2162 2217 legitur,

594 2230 854 2291 Joannem
879 2236 1263 2303 evangelistam
1286 2230 1515 2291 necdum
1546 2252 1668 2293 esse
1695 2246 1993 2301 mortuum,
2016 2237 2164 2307 quod

600 2338 792 2378 revera
821 2324 995 2381 etiam
1017 2340 1207 2393 parum
1236 2327 1459 2394 dignum
1494 2342 1615 2381 esse
1642 2327 1857 2381 videtur
1882 2336 2038 2381 tanto
2068 2326 2167 2383 do-

596 2422 747 2489 ctore
795 2412 1082 2479 Ecclesiae,
1127 2422 1349 2484 tamque
1384 2416 1617 2478 celebri,
1650 2416 1746 2483 qui
1776 2415 1933 2469 tertio
1967 2416 2166 2470 saeculo

596 2506 752 2570 vixit,
775 2515 936 2576 atque
966 2506 1019 2559 in
1052 2506 1286 2575 genuino
1314 2506 1455 2579 libro
1488 2505 1564 2559 De
1591 2505 1917 2560 Antichristo
1945 2514 2168 2560 eontra-

598 2598 739 2651 rium
769 2598 929 2655 etiam
962 2598 1163 2677 diserte
1202 2607 1433 2653 testatus
1468 2607 1549 2653 est
1585 2597 1694 2668 (78)
1718 2616 1732 2663 ;
1760 2608 2087 2669 quapropter
2113 2607 2168 2653 et

596 2691 782 2758 prius,
832 2706 997 2761 quam
1047 2707 1210 2747 verus
1262 2693 1350 2746 ille
1396 2691 1473 2745 De
1524 2689 1852 2744 Antirhristo
1903 2700 2167 2745 tractatus

596 2780 790 2837 fuisset
819 2790 1084 2852 repertus,
1112 2797 1218 2836 non
1247 2784 1405 2852 pauci
1434 2798 1556 2836 eum
1581 2779 2075 2851 tanquamfalsum
2105 2796 2169 2836 ac

599 2872 935 2927 subdititium
962 2874 1296 2943 rejecerunt,
1332 2890 1394 2928 ac
1423 2874 1582 2941 longe
1609 2873 1847 2942 junioris
1885 2872 2169 2942 scriptoris

599 2964 751 3018 illum
792 2979 914 3019 esse
938 2954 1281 3032 putaverunt.
1316 2966 1464 3017 Inter
1510 2965 1611 3019 hos
1639 2979 1833 3034 agmen
1864 2963 2014 3017 ducit
2054 2961 2169 3016 An-

600 3055 761 3110 dreas
786 3053 1012 3108 Rivetus
1049 3054 1161 3124 (79)
1189 3055 1282 3123 qui
1325 3056 1400 3107 ita
1439 3054 1505 3107 de
1546 3054 1652 3108 hoc
1695 3055 1878 3108 libello
1902 3054 2115 3122 judicat
2153 3070 2167 3107 :

606 3143 843 3210 I'Imiguus
872 3143 1101 3207 libellus,
1121 3144 1279 3209 pretii
1309 3158 1432 3209 pene
1462 3142 1682 3207 nullius,
1708 3160 1798 3196 nec
1823 3144 1944 3211 ﬁdei
1963 3144 2169 3212 quidem

602 3234 847 3303 majoris.
892 3235 1173 3287 Auctorem
1223 3235 1385 3302 fuisse
1436 3234 1770 3287 illitteratum
1824 3243 1979 3302 atque
2017 3234 2170 3288 indo-
2199 3220 2243 3280 Ο

604 3334 787 3389 ctum,
833 3341 951 3377 cum
1002 3340 1065 3378 ea:
1113 3325 1223 3392 ipso
1259 3322 1457 3379 Gricca:
1508 3325 1751 3377 dictionis
1786 3338 2000 3393 genere,
2032 3323 2169 3392 quod

603 3416 906 3485 plerumque.
952 3416 1155 3486 puerile
1198 3426 1329 3491 est,
1362 3426 1471 3470 tant
1525 3430 1590 3469 ea:
1638 3416 1712 3470 rei
1754 3416 1973 3469 veritate
2020 3425 2171 3486 atque

604 3508 824 3573 pondere
850 3517 1084 3576 apparet.
1120 3507 1358 3561 Primam
1386 3508 1512 3562 libri
1546 3508 1859 3562 sententiam
1894 3507 2171 3560 exorditur

605 3597 670 3649 ub
695 3598 862 3661 enim,
892 3598 1018 3667 γάρ,
1042 3596 1178 3665 quod
1203 3613 1261 3649 ne
1288 3612 1411 3665 puer
1431 3598 1639 3666 quidem
1666 3597 1719 3649 in
1749 3594 1927 3649 schola
1956 3595 2168 3664 faceret.

608 3686 809 3739 Multas
840 3688 992 3739 habet
1019 3687 1081 3739 de
1115 3686 1388 3740 natalibus
1414 3695 1463 3739 et
1490 3688 1599 3740 vita
1644 3686 1961 3739 Antichristi
1991 3686 2172 3737 inanes

607 3778 959 3846 conjecturas.
991 3776 1372 3829 Antichristum
1403 3794 1506 3829 non
1538 3778 1821 3843 hominem,
1856 3775 1946 3829 sed
1974 3775 2173 3829 dwmo-

683 3928 795 3997 (75)
831 3926 957 3980 Fuit
981 3927 1027 3981 is
1066 3926 1320 3981 classium
1353 3924 1820 3998 inquisitOriarum
1850 3927 2175 3985 Parisiensis

610 4008 833 4055 senatus
850 4000 1100 4069 primum
1119 4000 1422 4069 praefectus
1438 4040 1452 4063 ,
1481 4010 1667 4069 postea
1694 4000 2001 4069 canonicus
2024 3998 2176 4053 Pari-

610 4069 833 4126 siensis.
850 4065 1054 4120 Nomen
1081 4065 1199 4134 ejus
1220 4066 1466 4123 Latinum
1481 4065 1573 4123 'cst
1600 4068 1783 4134 Picus,
1808 4070 1950 4134 quod
1975 4068 2178 4125 Gallice

611 4110 833 4210 Σίίἷῐὶιέἱῆἰ
862 4110 1059 4210 egeam
1086 4110 2175 4210 ρἐεξίεηἷιῖὶᾗιῖἱ“ρῖεῐίῖεῖ“ιῗηέ1ἒὶῖἷιῖιῖρἷιῖ

611 4203 839 4263 ιΞιτοιιθε
881 4206 1068 4259 Picum
1099 4203 1532 4262 Mirandulanutn
1569 4210 1832 4273 editorem
1883 4203 2177 4265 arbitratus

611 4289 695 4332 est
737 4275 1226 4347 Biblioth.auctor.
1258 4285 1393 4347 tom.
1431 4278 1478 4343 1,
1511 4293 1631 4347 pag.
1657 4278 1758 4331 177
1804 4279 1950 4344 Lat.,
1981 4280 2173 4334 Colon.

610 4348 721 4402 Sed
757 4361 943 4401 verum
973 4346 1091 4413 ejus
1122 4359 1316 4397 nomen
1363 4346 1628 4401 Gallicum
1658 4358 1742 4401 est
1771 4347 1953 4412 Picot,
1981 4364 2177 4416 quem-

612 4418 931 4487 admodum:
954 4417 1184 4478 habetur
1229 4416 1285 4467 in
1334 4418 1610 4487 privilegio
1657 4432 1755 4487 pro
1802 4418 2179 4487 imprimendis

613 4491 735 4558 ejus
766 4486 1063 4558 operibus._
1139 4552 1221 4558 __
1298 4552 1317 4558 _
1429 4555 1442 4558 _
1534 4486 1541 4487 “
1662 4486 1667 4487 “
1768 4495 1862 4558 ___i

615 4512 1099 4683 ἓξῦἭῶῗῖἱιτ.
1131 4552 1248 4607 PP.
1294 4552 1543 4624 Lugdun.
1593 4564 1725 4609 tom.
1768 4512 1871 4619 lll‘,
1900 4568 2023 4623 pag.
2047 4552 2181 4608 255-
2213 4557 2255 4611 D

690 4698 805 4763 (75)
836 4693 1118 4767 Hippolyt.
1150 4690 1287 4767 Opp.
1323 4700 1452 4767 tom.
1483 4690 1541 4755 1,
1586 4691 1828 4767 Append.
1872 4703 1994 4767 pag.
2029 4690 2180 4767 4:29.

686 4761 798 4834 (7b)
838 4761 1131 4820 Tillemont
1158 4805 1172 4828 ,
1201 4763 1443 4834 Δξιόηιοὲικ
1473 4761 1717 4834 tom._lll,
1744 4761 1943 4834 notati,
1974 4777 2027 4829 p.
2056 4762 2178 4834 ste.

688 4829 798 4906 (77)
815 4833 1278 4906 Bellarminumbe
1301 4834 1579 4906 scriptor..-
1601 4829 1795 4906 Barea.
1816 4832 1882 4906 ad
1902 4846 2031 4906 ann.
2055 4831 2179 4906 2ξ9,

622 4896 649 4972 ᾗ
680 4896 1005 4971 10;’1.ῖιι›1›.,
1043 4905 1239 4972 Script.
1280 4896 1487 4962 eccles..
1522 4917 1644 4970 pag.
1677 4901 1811 4971 471;
1842 4899 2049 4965 Bullus,
2084 4900 2183 4954 De-

621 4970 752 5041 fens.
780 4975 870 5037 βα.
904 4970 1278 5040 Νίε.,111).ιιι,
1308 4989 1429 5041 pag.
1462 4973 1514 5025 8.
1650 5034 1655 5041 Δ

692 5036 805 5111 (78)
844 5041 971 5096 Haec
1017 5036 1131 5098 stola
1164 5036 1573 5097 circumstantia
1595 5078 1610 5101 ,
1642 5038 1823 5107 judice
1866 5036 2017 5111 Remi
2046 5038 2185 5111 Ceil-

622 5109 722 5181 lier
756 5112 956 5181 tum.“
993 5113 1135 5166 Hist.
1164 5116 1340 5181 gener.
1367 5112 1456 5164 des
1490 5118 1877 5181 auteurs,_pag.
1912 5110 2035 5172 560,
2070 5109 2185 5163 suf-

624 5179 735 5233 licit
761 5180 827 5233 ad
858 5178 1339 5235 demonstrandum
1395 5180 1681 5249 prazfatum
1726 5178 1801 5230 De
1853 5194 2185 5236 consumma-

622 5252 763 5301 tione
794 5249 975 5299 mundi
1010 5260 1315 5318 tractatum,
1340 5248 1546 5305 domini
1576 5251 1641 5303 de
1662 5248 1813 5301 Picot
1836 5250 2181 5318 impressum,

630 5332 886 5390 tionessc
918 5320 1091 5390 sancti
1120 5317 1418 5390 Hippolyti;
1470 5318 1562 5373 sed
1591 5320 1873 5381 habemus,
1911 5317 2081 5388 pergit
2112 5319 2181 5371 cl.

622 5388 841 5442 Geillier
865 5427 879 5451 ,
914 5388 1023 5459 alia,
1043 5401 1255 5459 quoque
1295 5388 1449 5459 longe
1480 5391 1814 5444 evidentiora
1844 5390 2180 5457 argumenta.

627 5459 695 5513 Ut
722 5460 865 5511 enim
892 5455 1029 5531 nihil
1060 5456 1233 5531 dicam
1260 5458 1324 5531 de
1352 5455 1487 5531 sfylo
1514 5460 1702 5513 humili
1737 5472 1799 5510 ac
1828 5455 2183 5531 puérili,cu_m

621 5538 845 5583 econtra
886 5524 1169 5597 Hippolyti
1209 5528 1381 5596 stylus
1404 5524 1598 5597 'gravis
1643 5537 1789 5583 esset
1820 5524 1874 5580 et
1912 5527 2182 5597 sublimis,

622 5609 814 5653 auctor
876 5594 1017 5648 faeta
1076 5593 1313 5667 defendit
1358 5593 1445 5650 ac'
1464 5599 1659 5665 refert,
1706 5611 1938 5667 quorum
1973 5596 2183 5667 falsitas

624 5668 913 5723 manifesta
938 5673 1023 5719 est
1050 5665 1485 5736 omnibuslSic,
1515 5665 1747 5736 exempli
1786 5668 1988 5735 gratia,
2024 5666 2188 5736 tradit

623 5737 885 5793 Joannem
918 5750 1041 5791 cum
1088 5732 1202 5787 Elia
1235 5744 1290 5787 et
1328 5733 1545 5789 Enocho
1590 5732 1878 5790 venturum
1930 5740 1995 5787 ad
2033 5734 2186 5787 testi-

626 5810 870 5864 inonium
907 5805 1296 5879 pet-bibendum
1324 5816 1510 5862 contra
1536 5806 1929 5862 Antichristum
1962 5804 2079 5877 (lib.
2108 5800 2185 5857 De

2267 1961 2630 2031 reperiuntur.
2678 1959 2879 2015 Eodem
2922 1958 3246 2015 Combelisio
3288 1961 3468 2029 judice
3498 1958 3608 2028 (82)
3657 1958 3833 2024 illud,

2266 2052 2411 2121 quod
2439 2050 2707 2122 Hippolyti
2738 2050 2956 2105 nomine
2993 2064 3129 2119 Opus
3172 2049 3247 2103 De
3276 2050 3599 2103 Antichristo
3642 2049 3832 2102 hacte-

2267 2158 2371 2198 nus
2398 2143 2609 2212 pluteos
2654 2150 3007 2205 oneraverat,
3056 2142 3327 2221 sequioris
3372 2142 3592 2197 Graecia:
3640 2156 3839 2193 monu-

2270 2232 2508 2290 mentum
2541 2243 2657 2307 est,
2689 2250 2753 2290 ac
2779 2236 2939 2305 plane
2967 2236 3320 2290 stramineum
3346 2274 3362 2297 ,
3390 2235 3523 2291 nihil
3548 2234 3646 2288 aevi
3683 2233 3836 2287 illius

2270 2327 2631 2383 sinceritatem
2658 2327 2940 2393 redolens,
2985 2337 3078 2381 aut
3109 2342 3297 2380 venam
3332 2326 3511 2395 magni
3546 2341 3667 2379 cum
3700 2325 3838 2385 sime

2270 2416 2507 2485 plicitate
2537 2418 2812 2489 theologi,
2864 2418 3103 2488 satisque
3149 2418 3203 2471 in
3256 2417 3551 2486 Scripturis
3595 2416 3835 2481 versati;

2272 2511 2427 2578 cujus
2452 2525 2648 2579 parens
2673 2527 2737 2566 eo
2782 2512 2901 2580 ipso
2945 2526 3240 2581 persuasus
3280 2510 3473 2574 fuerit,
3518 2510 3660 2579 quod
3694 2510 3839 2563 scri-

2272 2601 2445 2671 psisse
2487 2601 2832 2673 Hippolytum
2877 2603 2958 2675 {De
3006 2604 3334 2657 Antichristo
3386 2603 3525 2671 apud
3577 2602 3839 2669 antiquos

2273 2692 2641 2761 pervulgatum
2666 2694 2754 2747 sit.
2782 2692 2974 2746 Mirum
3002 2691 3245 2760 profecto
3263 2694 3427 2760 quod,
3458 2702 3534 2745 tot
3562 2692 3842 2760 tantisque

2274 2792 2461 2838 contra
2486 2785 2820 2837 authentiam
2853 2785 3016 2853 hujus
3043 2785 3227 2852 scripti
3262 2783 3531 2839 stantibus
3559 2783 3839 2838 rationum

2274 2876 2587 2937 momentis,
2616 2875 2743 2927 illud
2780 2885 2953 2928 tamen
2994 2883 3050 2928 ut
3082 2876 3451 2929 authenticum
3482 2875 3539 2927 S.
3565 2873 3839 2945 Hippolyti

2274 2978 2412 3034 opus
2480 2962 2767 3032 perdoctus
2830 2962 3048 3027 Natalis,
3081 2965 3386 3019 Alexander
3436 2964 3726 3020 defendere
3773 2978 3857 3037 ac,

2279 3055 2421 3109 tueri
2452 3064 2681 3109 conatus
2715 3054 2879 3110 fuerit
2909 3054 3042 3125 (85).
3849 3041 3852 3045 ’

2803 3206 3194 3263 ARTlCULUS
3240 3208 3304 3262 11.

2214 3410 2225 3417 η
2273 3363 2339 3402 ΒΕ
2373 3360 2753 3411 (ΖΟΗΜΞΝΤΑΗΙΟ
2795 3363 2812 3394 1
2846 3361 2896 3397 1N
2928 3358 3309 3407 APOCALYPSIH,
3341 3362 3358 3392 ι
3399 3358 3686 3397 τιιΑετλτυ
3721 3361 3739 3392 ι
3772 3361 3840 3397 DE

2340 3433 2604 3471 DUODECIII
2640 3430 2946 3476 APOSTOLIS,
2977 3436 2992 3463 ι
3030 3430 3098 3466 ΕΤ
3142 3429 3266 3466 ALIO
3304 3431 3321 3461 1
3352 3429 3416 3465 DF.
3459 3430 3558 3465 LXX
3600 3428 3843 3467 DISCIPU-

2342 3502 2444 3552 LIS,
2477 3506 2495 3537 ›
2532 3500 2731 3541 ελμετο
2762 3499 3055 3539 ιιιΡΡυωῐτο
3086 3498 3288 3537 NOSTRO
3324 3499 3485 3537 FALSO
3512 3499 3805 3538 ASCRIPTIS.

2309 3626 2337 3697 §
2366 3624 2407 3678 1.
2448 3626 2525 3679 De
2556 3627 2932 3679 commentario
2961 3606 3014 3677 in
3036 3623 3389 3697 Apocalypsin
3415 3623 3552 3692 falso
3580 3622 3638 3677 S.
3672 3622 3811 3691 "ip-

2840 3698 3019 3765 polyto
3051 3694 3263 3748 tributo.

2310 3854 2313 3859 γ
2350 3779 2535 3836 Sixtus
2570 3780 2825 3838 Senensis
2855 3783 3071 3853 scripsit
3100 3783 3236 3852 (Si),
3281 3782 3427 3853 quod
3479 3781 3679 3853 reperti
3725 3780 3846 3834 fue-

2277 3949 2567 3986 consumm.
2608 3936 2828 3999 mundi,
2875 3952 3025 3989 num.
3074 3935 3220 4003 21),
3256 3937 3307 3989 in
3360 3950 3467 4003 quo
3509 3934 3575 3988 de
3610 3932 3850 3986 falsitate

2278 4004 2620 4075 redarguitur
2647 4020 2677 4056 a
2702 4003 2978 4073 Scriptura
3001 4007 3187 4075 (Apoc.
3212 4023 3286 4068 xv,
3315 4003 3399 4075 15)
3418 4022 3432 4069 ;
3449 4003 3846 4075 Antichristum

2277 4074 2576 4143 damonein
2608 4072 2866 4143 esse‘sub
2899 4072 3084 4140 specie
3109 4077 3343 4130 humana
3379 4072 3753 4143 apparentem.
3789 4072 3847 4123 in

2277 4159 2387 4210 quo
2415 4152 2473 4215 et
2502 4140 2778 4215 Paulo_(ll
2814 4145 2879 4197 ad
2911 4144 3157 4199 Thessal.
3189 4144 3301 4215 ιι),
3332 4155 3385 4199 et
3413 4140 3514 4212 ipsi
3551 4140 3846 4215 Hippolyto

2278 4215 2373 4267 lib.
2401 4212 2475 4265 De
2506 4212 2743 4275 Antich.,
2767 4229 2917 4268 num.
2949 4216 2982 4269 5
3008 4224 3060 4267 et
3082 4217 3136 4277 6,
3167 4212 3505 4275 contradicit,
3535 4212 3629 4278 qui
3656 4225 3847 4263 verum

2279 4286 2554 4342 hominem
2590 4282 2978 4337 Antichristum
3006 4293 3265 4338 statuunt.
3303 4284 3375 4337 Ea
3422 4295 3638 4351 quoque
3663 4320 3677 4345 ,
3723 4295 3852 4348 quae

2278 4355 2347 4406 de
2379 4354 2662 4407 monachis
2692 4354 2881 4406 scribit
2910 4370 3059 4407 num.
3095 4354 3142 4418 7,
3168 4365 3219 4407 et
3249 4355 3315 4407 de
3339 4350 3559 4405 incenso
3589 4350 3641 4402 in
3672 4352 3851 4402 eccle-

2280 4426 2377 4476 siis
2406 4423 2649 4476 adhibito
2697 4439 2849 4476 num.
2884 4424 2983 4484 54,
3030 4426 3174 4477 clare
3222 4422 3515 4477 ostendunt
3565 4429 3848 4472 auctorem

2281 4507 2403 4545 esse
2430 4493 2629 4546 saeculo
2662 4493 2822 4546 tertio
2850 4495 3203 4560 posteriorem
3227 4531 3241 4555 ,
3281 4494 3332 4544 in
3365 4504 3482 4560 quo
3516 4496 3692 4560 status
3723 4504 3849 4541 lno-

2286 4562 2525 4615 nasticus
2560 4564 2799 4616 nondum
2828 4558 2990 4615 notus
3034 4562 3229 4622 fuerat,
3254 4576 3425 4627 neque
3470 4558 3677 4611 incensi
3711 4574 3849 4611 usus

2288 4630 2593 4700 stabilitus,
2624 4632 2729 4684 nisi
2763 4634 2941 4700 quoad
2975 4632 3300 4700 sepulturam
3355 4637 3729 4700 mortuorum,
3767 4628 3845 4679 uti

2286 4714 2354 4749 ex
2403 4698 2719 4753 Tertulliani
2766 4698 3381 4754 discimusitractatibus
3445 4698 3519 4750 De
3583 4708 3847 4765 spectac.,

2288 4782 2337 4819 c.
2371 4767 2463 4837 il;
2489 4766 2564 4837 De
2589 4784 2803 4837 corona,
2831 4785 2880 4822 c.
2916 4772 2982 4821 to
3005 4768 3346 4837 ;.Apologet.,
3382 4784 3430 4822 c.
3466 4768 3534 4820 50
3564 4777 3617 4821 et
3650 4766 3739 4819 42.

2359 4836 2474 4905 (79)
2512 4835 2715 4901 Rivet.,
2747 4836 2881 4891 Crit.
2917 4835 3109 4901 non,
3139 4852 3186 4889 c.
3224 4835 3311 4901 Η,
3339 4854 3389 4905 ρ.
3423 4838 3547 4892 215.

2359 4902 2472 4976 (80)
2516 4904 2736 4974 Excipe
2767 4916 2943 4957 tamen
3008 4921 3127 4973 qua:
3152 4902 3526 4961 auctofdocet
3572 4906 3653 4976 dep
3683 4902 3847 4957 Verbi

2287 4974 2585 5045 aeternitate
2609 5015 2626 5039 ,
2668 4976 2931 5028 sacriﬁcio
2962 4978 3200 5038 corporis
3234 4986 3285 5029 et
3316 4976 3594 5045 sanguinis
3631 4974 3847 5027 Domini

2288 5045 2460 5099 nostri
2489 5043 2615 5098 Jesu
2657 5045 2858 5097 Christi
2884 5084 2899 5107 ,
2934 5054 3117 5115 utpote
3149 5059 3333 5101 sancto
3368 5043 3652 5115 Hippolyto
3694 5058 3850 5096 sum-

2284 5128 2507 5184 mopere
2521 5115 2911 5184 congruentia.
3518 5118 3521 5119 '

2360 5181 2471 5254 (81)
2511 5181 2765 5254 Bibiioth.
2815 5192 3017 5238 auctor.
3065 5195 3198 5239 tom.
3229 5184 3285 5252 l,
3334 5186 3550 5254 Dupin.,
3584 5196 3706 5250 pag.
3739 5181 3845 5237 179

2288 5253 2417 5307 edit.
2447 5253 2562 5305 Lat.
2588 5253 2779 5307 Colon.

2362 5322 2471 5395 (82)
2495 5323 2782 5395 Gombetis.
2805 5362 2819 5389 ,
2846 5321 3005 5395 Praef.
3035 5333 3285 5377 notarum
3318 5325 3367 5375 in
3393 5322 3590 5395 librum
3707 5318 3850 5395 Hip-

2288 5392 2453 5461 polyti
2485 5392 2776 5461 genuinum
2835 5392 2905 5445 De
2936 5394 3257 5445 Antichristo
3283 5432 3297 5454 ,
3349 5401 3402 5443 ct
3445 5392 3581 5457 apud
3626 5389 3844 5446 Fabric.

2290 5464 2423 5529 Opp.
2454 5460 2752 5529 S.7Htppol.
2788 5472 2918 5515 tom.
2948 5461 2987 5525 I,
3022 5465 3261 5529 Append.
3289 5476 3406 5529 pag.
3442 5463 3493 5513 6.
3531 5528 3537 5529 γ
3719 5502 3734 5517 ,

2362 5531 2472 5651 (δῇ)
2513 5528 2684 5651 Natat;
2712 5533 2997 5599 Alesand.,
3035 5528 3178 5583 Hist.
3208 5528 3564 5593 eccl.,’su:cul.
3593 5544 3676 5595 ιιι,
3700 5546 3752 5585 c.
3786 5532 3845 5597 ι,

2381 5638 2394 5651 .
2464 5641 2477 5651 .
2512 5614 2563 5651 n.
2676 5642 2690 5651 .

2288 5607 2394 5654 art.
2424 5602 2477 5665 1,
2512 5614 2563 5667 p.
2601 5602 2690 5655 62.

2362 5668 2700 5794 Sixtus
2750 5670 3026 5734 Senensis,
3078 5667 3168 5723 lib.
3230 5684 3282 5727 tv
3320 5667 3568 5729 Biblioth.
3611 5682 3845 5738 sancta’,

2288 5754 2341 5810 p.
