4104 6350
562 423 667 481 317

1506 426 1595 482 ne
1638 426 1798 481 VITA
1839 423 1926 478 er
1962 368 2278 478 s'crup'nsl
2319 421 2377 474 s.
2413 415 2790 473 mrrou'n.

3666 406 3774 465 διε

566 542 950 610 prophetarum
986 542 1206 596 nomine
1229 541 1676 611 designabantur,
1703 542 1871 595 fuisse
1904 552 2129 608 organa,
2166 536 2202 591 Α
2232 550 2393 604 super
2422 549 2609 588 sacras
2640 533 2843 585 litteras
2864 545 2969 585 non
3000 529 3155 598 juxta
3181 525 3455 598 proprium
3497 524 3785 580 arbitrium

568 646 665 700 per
688 648 809 701 quae
839 630 1073 685 Verbum
1121 632 1477 685 annuntiabat
1528 629 1840 686 hominibus
1892 629 2127 683 divinam

564 724 929 778 Voluntatem:
967 742 985 773 ι
1023 721 1086 775 lli
1119 738 1349 793 namque
1370 723 1575 782 Patres.
1606 723 1781 791 inquit
1813 721 1971 775 divus
1996 718 2129 787 Ilip-

566 816 781 885 polytus
809 814 945 884 (10),
978 813 1181 883 Spiritu
1214 814 1505 882 prophetia:
1536 814 1724 882 aptati,
1767 812 2033 881 digneque
2061 810 2130 863 ab

567 900 685 970 ipso
712 900 890 955 Verbo
913 902 1184 963 honorati,
1222 916 1329 969 th
1372 902 1629 954 nimirum
1660 902 1808 955 velut
1839 916 2043 969 organa
2074 898 2131 951 in

564 990 759 1056 seipsis
786 1004 995 1057 semper
1033 992 1241 1043 unitum
1286 990 1517 1044 Verbum
1561 1002 1817 1057 tanquam
1864 990 2127 1055 plectrum

567 1080 844 1143 haberent,
875 1082 1029 1149 cujus
1054 1094 1187 1136 nutu
1218 1092 1378 1150 atque
1406 1083 1608 1142 alllatu,
1627 1096 1747 1148 quae
1778 1078 1921 1132 Deus
1946 1077 2128 1153 vellet,

565 1170 679 1224 haec
707 1171 978 1239 propheta:
1008 1172 1419 1224 annuutiabaut.
1461 1169 1574 1223 Non
1622 1169 1764 1221 enim
1804 1184 1871 1221 ex
1896 1183 2003 1221 sua
2050 1167 2131 1220 fa-

494 1314 497 1315 ν
562 1262 762 1314 cultate
792 1262 1173 1328 l0quehantur,
1207 1276 1306 1313 nec
1336 1276 1455 1328 qua:
1476 1276 1542 1313 ex
1568 1260 1751 1312 animo
1771 1268 1972 1319 essent,
2013 1258 2128 1311 haec

564 1354 968 1421 prxdicabant;
1013 1352 1107 1403 sed
1162 1351 1394 1418 primum
1440 1350 1656 1419 quidem
1698 1349 1858 1402 Verbi
1905 1348 2128 1402 numine

564 1444 667 1495 rite
692 1441 956 1509 sapientia
987 1440 1200 1505 imbuti,
1230 1438 1425 1493 eximie
1466 1456 1563 1508 per
1596 1440 1710 1494 visa
1732 1481 1747 1505 ,
1776 1456 1897 1508 qua:
1946 1448 2127 1494 essent

566 1535 769 1595 futura,
802 1534 965 1599 probe
990 1533 1469 1601 pmdocebantur;
1499 1547 1562 1586 ac
1589 1532 1805 1586 demum
1835 1542 1979 1587 certa
2010 1534 2124 1601 jam

542 1640 747 1677 rerum
796 1624 917 1687 fide,
959 1640 1021 1677 ea
1068 1624 1314 1677 dicebant
1340 1640 1404 1677 ac
1436 1623 1817 1692 praedicabant,
1850 1639 1971 1693 qum
2021 1626 2128 1679 illis

566 1709 750 1765 divino
777 1712 1037 1765 duntaxat
1072 1714 1293 1767 numine
1341 1712 1624 1767 manifesta
1656 1714 1853 1777 forent,
1903 1714 2127 1783 reliquis

565 1819 695 1859 vero
722 1804 1060 1873 abscondita,
1086 1803 1218 1858 Nam
1248 1819 1353 1873 qua
1383 1804 1591 1859 ratione
1624 1805 1883 1875 propheta
1909 1820 2122 1859 vocare-

565 1904 674 1960 tur,
707 1895 813 1949 nisi
844 1910 965 1962 quze
994 1905 1122 1950 sunt
1144 1895 1347 1959 futura,
1374 1894 1577 1966 Spiritu
1609 1895 1981 1965 praevidere”.
2015 1933 2031 1948 .
2063 1936 2079 1951 .
2108 1935 2125 1949 .

569 1982 721 2039 Unde
760 1986 1144 2041 convenienter
1204 1986 1480 2055 prephetae
1507 2001 1537 2040 a
1584 1986 1851 2056 principio
1898 1976 2128 2041 videntes

564 2075 913 2130 vocabantur.
954 2094 973 2125 ι
1022 2076 1160 2132 Illud
1209 2076 1369 2130 etiam
1420 2076 1719 2144 subjungit,
1764 2074 1999 2130 Verbum
2029 2076 2129 2131 hos

565 2180 752 2217 sacros
795 2166 1086 2234 scriptores
1134 2167 1377 2234 coegisse
1428 2181 1524 2235 per
1574 2165 1833 2235 Spiritum
1879 2180 2127 2222 sanctum

567 2254 749 2323 loqui;
784 2255 1015 2310 Verbum
1049 2258 1102 2309 iu
1136 2257 1219 2311 his
1250 2266 1524 2312 versatum
1560 2257 1752 2323 fuisse,
1786 2259 1840 2311 in
1863 2259 1950 2313 his
1980 2260 2134 2311 loeu-

567 2355 683 2399 tum
737 2344 925 2411 fuisse,
974 2362 1127 2401 suam
1160 2349 1488 2402 annuntians
1515 2348 1750 2402 futuram
1797 2349 2128 2403 incarnatio-

567 2450 689 2490 nem
711 2453 755 2488 ε(
778 2434 876 2491 Hic
895 2445 1094 2499 autem,
1118 2455 1137 2487 ι
1161 2430 1726 2506 loquiturhoclocode
1743 2436 1881 2493 Filio
1905 2439 1998 2493 Dei
2016 2440 2149 2512 (ll),

572 2544 593 2579 ι
622 2526 767 2583 dedit
794 2528 959 2597 legem
984 2539 1037 2583 et
1061 2530 1350 2599 prophetas
1374 2547 1388 2596 ;
1428 2538 1482 2583 et
1518 2531 1694 2585 dando
1723 2531 1896 2600 coegit
1920 2532 2133 2599 hosper

569 2617 825 2688 Spiritum
858 2628 1105 2674 sanctum
1134 2621 1313 2690 loqui,
1343 2630 1402 2675 ut
1428 2621 1747 2691 accipientes
1783 2624 2005 2677 virtutis
2024 2622 2131 2678 Pa-

568 2721 735 2766 terna:
766 2712 1195 2780 inspiratiouem,
1220 2714 1505 2768 consilium
1519 2724 1577 2768 et
1597 2715 1925 2769 voluntatem
1952 2714 2129 2771 Patris

568 2808 895 2862 nuntiarent.
920 2806 979 2862 1n
1004 2810 1090 2863 his
1116 2810 1285 2879 igitur
1307 2808 1545 2864 Verbum
1568 2810 1887 2865 versabatur
1903 2812 2131 2880 loquens

568 2897 635 2953 de
650 2897 754 2969 [se]
778 2900 913 2969 ipso.
932 2898 1049 2954 Jam
1068 2901 1210 2954 enim
1231 2902 1344 2969 ipse
1362 2917 1493 2956 suus
1524 2916 1702 2971 praeco
1720 2912 1855 2965 erat,
1875 2904 2130 2957 ostende-

568 2992 765 3059 batque
796 2991 1037 3043 futurum
1074 3006 1193 3046 esse
1228 3002 1288 3045 ut
1331 2992 1562 3047 Verbum
1606 2995 1921 3049 hominibus
1964 3011 2131 3064 appa-

569 3088 733 3132 reret.
771 3098 791 3130 ι
834 3077 1041 3147 Ecquid
1080 3078 1353 3133 ellicacius
1386 3096 1482 3147 pro
1518 3082 1824 3136 divinorum
1863 3083 2127 3138 librorum

571 3168 924 3237 inspiratione
950 3169 1055 3222 dici
1092 3169 1307 3237 potest?
1342 3169 1407 3222 Et
1436 3171 1559 3237 quis
1588 3183 1711 3239 post
1756 3174 1869 3227 haec
1910 3175 2129 3229 audebit
2158 3207 2201 3265 ο

574 3259 710 3311 inire
741 3259 1153 3327 disputationem
1196 3260 1263 3314 de
1303 3269 1495 3313 natura
1543 3261 1706 3329 hujus
1739 3263 2129 3331 inspirationis,

572 3347 776 3400 scilicet
800 3364 926 3400 num
956 3349 1261 3401 immediata
1287 3348 1373 3414 sit,
1404 3350 1486 3401 vel
1508 3350 1680 3404 solum
1706 3352 1969 3406 mediata?
1992 3353 2137 3409 Scri—
2172 3408 2181 3409 ,

572 3447 753 3505 ptores
812 3438 1106 3507 prophetia:
1149 3439 1352 3508 Spiritu
1407 3438 1633 3507 repleti:
1687 3440 2002 3510 scriptores,
2043 3446 2134 3514 qui

572 3532 699 3583 s‘unt
726 3530 887 3582 veluti
916 3544 1139 3597 organa,
1174 3544 1271 3597 per
1296 3545 1414 3599 quae
1435 3528 1669 3585 Verbum
1694 3532 2139 3601 divinaurvolun-

573 3630 735 3675 tatem
762 3622 1079 3688 annuntiat;
1113 3622 1410 3690 scriptores
1435 3638 1464 3675 a
1484 3622 1677 3691 seipsis
1698 3639 1807 3677 non
1834 3624 2134 3693 loquentes,

572 3712 666 3765 sal
700 3713 962 3780 sapientia
995 3722 1047 3765 et
1074 3713 1423 3782 inspiratione
1445 3713 1661 3780 divina;
1687 3716 1997 3784 scriptores,
2028 3734 2137 3773 uno

574 3802 761 3864 verbo,
812 3818 949 3871 quos
977 3802 1209 3857 Verbum
1265 3806 1407 3875 cogit
1457 3821 1553 3874 per
1584 3806 1844 3877 Spiritum
1890 3822 2137 3862 sanctum

575 3892 745 3960 loqui,
765 3894 1003 3961 nunquid
1017 3895 1170 3949 aliter
1184 3897 1345 3951 locuti
1362 3910 1510 3964 sunt,
1526 3916 1689 3969 quam
1705 3902 1959 3955 divinitus
1978 3901 2138 3955 amati

550 3983 904 4057 _revelatione
934 3988 1149 4055 proprie
1180 3989 1272 4042 tali
1322 3999 1375 4045 et
1405 3992 1760 4059 inspiratione
1785 3993 2139 4047 immediata?

575 4073 763 4129 Cesset
789 4089 916 4145 ergo
940 4079 1117 4133 omnis
1142 4084 1503 4136 controversia
1531 4084 1596 4137 de
1625 4084 1725 4138 hac
1745 4085 1972 4139 veritate
1995 4086 2140 4139 clare

577 4169 868 4223 admodum
894 4171 949 4233 in
984 4177 1261 4229 remotiori
1288 4178 1610 4247 antiquitate
1636 4179 1878 4235 fundata.

648 4259 787 4313 Deus
814 4278 947 4315 unus
968 4272 1015 4315 et
1050 4266 1217 4319 (riuus
1242 4282 1305 4319 ex
1328 4266 1428 4322 SS.
1458 4269 1647 4322 litteris
1680 4272 2067 4341 cognoscendus
2090 4283 2140 4327 et

573 4351 839 4406 colendus.
874 4353 1049 4408 Sacrae
1074 4358 1263 4411 littera:
1279 4375 1381 4411 non
1404 4376 1497 4427 pro
1513 4361 1773 4415 arbitratu
1796 4367 2136 4433 exponendas.

573 4472 647 4484 —-
679 4443 918 4497 Tandem
962 4447 1123 4499 docet
1174 4448 1261 4503 hic
1318 4461 1540 4505 sanctus
1591 4451 1771 4517 Pater,
1800 4455 1973 4531 gquod
2026 4471 2135 4509 non

2228 643 2348 681 esse
2378 623 2825 694 interpretandis.
2852 621 2933 677 En
2959 622 3101 676 illius
3119 635 3314 676 aureas
3345 620 3411 673 de
3432 619 3535 672 hac
3558 617 3786 673 materia

2229 717 2524 771 sententias
2547 715 2691 785 (12):
2727 736 2746 765 ι
2770 712 2923 769 Unus
2945 712 3086 769 Deus
3116 721 3220 777 est,
3237 726 3399 781 quem
3417 725 3524 765 non
3546 707 3788 774 aliunde,

2230 809 2445 869 fratres.
2494 807 2847 874 agnoscimus
2876 812 3051 877 quam
3103 821 3171 860 ex
3202 798 3412 859 sanctis
3464 799 3788 870 Scripturis.

2230 900 2698 968 Quemadmodum
2720 899 2864 954 enim
2892 898 2942 954 si
2967 898 3089 967 quis
3107 897 3264 951 vellet
3288 892 3602 964 sapientiam
3623 890 3791 960 hujus

2229 993 2410 1049 smculi
2456 1006 2725 1055 exercere,
2780 1006 2892 1045 non
2931 990 3087 1043 aliter
3130 988 3234 1041 hoc
3260 984 3522 1054 consequi
3565 980 3787 1052 poterit,

2228 1084 2334 1137 nisi
2380 1083 2631 1150 dogmata
2668 1081 3115 1149 philoSOphorum
3144 1078 3318 1147 legat;
3369 1076 3448 1132 sic
3475 1076 3791 1145 quicunque

2227 1176 2477 1229 volumus
2534 1174 2786 1243 pietatem
2828 1172 2882 1225 in
2916 1172 3084 1226 Deum
3109 1184 3388 1232 exercere,
3424 1183 3532 1221 non
3568 1165 3791 1220 aliunde

2227 1264 2503 1317 discamus
2532 1278 2695 1332 quam
2727 1277 2789 1315 ex
2814 1260 3110 1330 Scripturis
3161 1259 3379 1313 divinis.
3436 1256 3792 1324 Quaacunque

2226 1369 2353 1423 ergo
2383 1362 2583 1407 sanctae
2618 1352 2909 1422 Scriptura:
2930 1351 3243 1421 praedicant,
3263 1348 3538 1403 sciamus:
3571 1359 3791 1413 etquae-

2227 1461 2440 1513 cuuque
2465 1447 2681 1509 docent,
2732 1458 3165 1513 cognoscamus;
3198 1452 3253 1495 et
3301 1441 3442 1494 sicut
3474 1439 3590 1491 vult
3628 1436 3795 1491 Pater

2226 1538 2393 1601 credi,
2425 1536 2503 1591 sic
2527 1536 2847 1599 credamus;
2878 1544 2931 1588 et
2957 1536 3098 1589 sicut
3122 1532 3447 1587 vultFilium
3473 1529 3788 1600 glorificari,

2228 1630 2306 1683 sic
2335 1628 2735 1697 gloriﬁcemus;
2763 1635 2815 1679 et
2846 1628 2987 1680 sicut
3018 1625 3134 1679 vult
3164 1624 3356 1678 donari
3385 1622 3641 1690 Spiritum
3664 1635 3795 1676 san-

2229 1730 2407 1783 ctum,
2448 1718 2526 1773 sic
2568 1718 2918 1786 accipiamus.
2974 1716 3091 1770 Non
3155 1716 3450 1771 secundum
3514 1713 3791 1783 propriam

2230 1811 2583 1873 voluntatem,
2602 1825 2773 1878 neque
2797 1810 3093 1864 secundum
3112 1808 3388 1877 proprium
3418 1820 3660 1869 sensum,
3688 1821 3791 1859 ne-

2233 1916 2338 1971 que
2368 1901 2475 1955 vim
2500 1899 2791 1953 inferentes
2821 1900 2870 1952 in
2894 1914 2978 1963 ea,
3006 1914 3127 1968 qua
3148 1899 3215 1953 ah
3246 1912 3311 1955 eo
3340 1897 3462 1951 data
3504 1902 3661 1960 sunt;
3696 1895 3794 1949 sed

2232 1990 2503 2061 quomodo
2531 1989 2643 2057 ipse
2677 2003 2769 2057 per
2795 1997 3013 2042 sanctas
3043 1985 3348 2056 Scripturas
3367 1983 3561 2037 docere
3594 1980 3790 2045 voluit,

2233 2082 2312 2137 sic
2339 2076 2722 2149 intelligamus.
2756 2092 2782 2129 λ)

2305 2171 2575 2237 Quomodo
2633 2167 2690 2223 S.
2746 2167 3063 2237 Hippolytus
3097 2165 3427 2234 Scripturam
3473 2163 3679 2234 alleget.
3719 2188 3798 2201 —--

2231 2263 2498 2317 Caeterum
2534 2259 2596 2315 S.
2635 2258 2955 2330 Hippolytus
2988 2256 3349 2311 communiter
3392 2254 3587 2321 allegat
3639 2250 3797 2305 Scri-

2233 2363 2512 2422 pturarum
2560 2352 2855 2407 sententias
2893 2350 3048 2421 juxta
3092 2349 3396 2403 versionem
3437 2345 3795 2415 Septuaginta

2233 2442 2609 2511 lnterpretum.
2639 2440 2944 2509 Aliquoties
2974 2447 3155 2493 tamen
3195 2437 3547 2493 nihilominus
3577 2436 3643 2489 ad
3669 2437 3800 2488 ver-

2235 2536 2417 2589 siones
2438 2549 2598 2603 super
2621 2531 2903 2588 Hebreum
2929 2528 3203 2598 exemplar
3226 2529 3294 2582 ab
3328 2527 3521 2597 Aquila
3548 2537 3601 2581 et
3631 2524 3801 2595 Sym-

2235 2627 2427 2680 macho
2454 2627 2743 2682 adornatas
2768 2624 2997 2678 recurrit
3028 2623 3161 2692 (l5).

2305 2717 2498 2779 Totam
2533 2732 2743 2772 sacram
2785 2714 3116 2781 Scripturam
3164 2711 3221 2765 S.
3255 2708 3573 2781 Hippolytus
3601 2708 3798 2762 dividit

2236 2808 2290 2864 in
2318 2809 2523 2879 Νόμον,
2554 2807 2864 2878 Προφήτας,
2901 2802 3224 2871 Εὑαγγὲλια,
3242 2801 3608 2870 ’Δποστόλους,
3627 2801 3678 2853 in
3690 2799 3805 2854 Le-

2235 2900 2709 2973 gem,Prophetas,
2756 2896 3042 2967 Evangelia
3070 2903 3127 2955 _et
3160 2895 3467 2964 Apostolos.
3516 2892 3606 2947 Sic
3640 2892 3798 2947 enim

2234 2992 2471 3063 loquitur
2496 2992 2551 3045 in
2586 2990 2724 3044 libro
2766 2987 2844 3042 De
2873 2987 3198 3042 Antichristo
3234 2984 3345 3055 (14)
3377 2998 3389 3031 '.
3420 3003 3439 3034 ι
3470 2982 3575 3037 Per
3609 2982 3825 3053 omnia;

2235 3086 2417 3154 itaque
2446 3082 2577 3151 lapsi
2607 3090 2734 3137 sunt
2766 3078 3081 3151 (lsraelitaz)
3118 3087 3172 3132 et
3208 3083 3547 3139 erraverunt,
3596 3073 3690 3143 qui
3734 3072 3797 3125 in

2235 3175 2384 3229 nullo
2411 3174 2623 3228 veritati
2660 3170 2955 3227 concordes
3000 3170 3357 3231 exstiterunt;
3392 3182 3489 3220 nec
3538 3166 3592 3219 in
3632 3163 3801 3234 Lege,

2237 3266 2381 3337 quod
2410 3280 2526 3319 eam
2560 3260 2883 3331 transgressi
2912 3269 3070 3323 sunt;
3106 3274 3203 3313 nec
3227 3258 3281 3311 in
3309 3256 3623 3325 Prophetis,
3651 3255 3801 3323 quod

2238 3359 2528 3427 prophetas
2551 3370 2767 3425 quoque
2791 3350 3141 3414 occiderunt;
3177 3365 3276 3403 nec
3296 3350 3347 3403 iu
3379 3347 3799 3417 Evangeliorum

2236 3464 2387 3511 voce,
2420 3449 2561 3517 quod
2590 3456 2643 3501 et
2668 3445 3003 3499 Salvatorem
3032 3440 3206 3509 ipsum
3238 3441 3655 3504 cruciﬁxeruut;
3695 3452 3803 3491 nec

2237 3538 2519 3605 Apostolis
2546 3536 2848 3600 credentes,
2897 3531 3041 3601 quod
3074 3539 3127 3585 et
3172 3530 3290 3584 illos
3335 3528 3600 3598 persecuti
3635 3534 3802 3593 sunt;

2238 3632 2437 3699 ubique
2470 3630 2679 3683 veritati
2729 3626 2954 3682 insidias
3000 3633 3295 3690 nectentes,
3334 3623 3559 3691 ejusque
3605 3621 3802 3690 prodi-

2242 3731 2403 3785 tores,
2430 3721 2524 3775 Dei
2551 3722 2724 3789 magis
2760 3719 2887 3775 odio
2921 3719 3067 3773 ducti
3109 3734 3272 3788 quam
3312 3716 3430 3785 ejus
3471 3715 3581 3769 ullo
3611 3728 3803 3768 amore

2240 3813 2437 3866 devoti.
2480 3830 2499 3863 ι

2310 3904 2533 3958 Librum
2565 3902 2852 3973 Sapientiae
2878 3912 3126 3960 vetustus
3150 3902 3240 3957 hic
3266 3908 3487 3957 sanctus
3516 3896 3675 3951 Pater
3716 3906 3807 3951 at-

2240 3994 2429 4048 tribuit
2450 3992 2725 4049 Salomoni
2762 3998 2833 4052 ita
2857 3995 3257 4064 disserens(15)
3286 4012 3299 4048 :
3337 4010 3357 4043 ‹
3392 3990 3454 4043 Et
3473 3989 3690 4043 ubinam
3714 3999 3804 4043 est

2241 4086 2615 4157 copiosissima
2639 4086 2726 4139 illa
2751 4086 3123 4157 (Salomonis)
3150 4082 3413 4141 scicntia?
3436 4078 3537 4135 Ubi
3563 4080 3651 4133 illa
3680 4095 3803 4150 my-

2241 4172 2440 4227 steria?
2476 4170 2578 4225 Ubi
2619 4169 2777 4226 libri?
2812 4182 3027 4228 exstant
3058 4173 3204 4227 enim
3246 4172 3360 4226 sola
3410 4167 3718 4233 Proverbia,
3745 4178 3802 4222 et

2243 4264 2539 4333 Sapientia,
2558 4272 2610 4318 et
2626 4262 3004 4329 Ecclesiastes,
3025 4278 3077 4320 et
3103 4263 3385 4319 Canticum
3404 4260 3758 4315 canticorum.
3773 4278 3795 4313 ι

2242 4354 2461 4411 Librum
2517 4355 2701 4411 Tobiae
2749 4358 2915 4411 semel
2957 4357 3152 4427 allegat
3189 4354 3331 4423 (l6);
3387 4353 3665 4434 historiam
3700 4351 3805 4408 Su-

2244 4463 2430 4503 sanna:
2459 4455 2511 4502 et
2538 4446 2629 4500 Bel
2651 4447 2798 4501 velut
2827 4448 3202 4501 authenticum
3236 4445 3595 4511 fragmentum
3628 4459 3800 4514 agno-

576 4532 797 4587 aliunde
830 4550 993 4601 quam
1020 4550 1086 4588 ex
1117 4536 1287 4589 sacris
1331 4538 1522 4593 litteris
1550 4542 1867 4595 erudiamur
1902 4544 1969 4597 de
2019 4546 2138 4598 uni-
2170 4543 2216 4596 D
2247 4536 2349 4590 scit
2384 4536 2516 4604 (Π),
2552 4545 2713 4605 aulae
2746 4536 2969 4604 insuper
2990 4533 3155 4588 refert
3182 4532 3550 4601 suppressisse
3581 4532 3801 4588 Iudaeos

578 4632 689 4677 tate
722 4621 815 4676 Dei
844 4631 897 4676 et
925 4621 1186 4679 Triuitate
1216 4626 1380 4691 illius,
1414 4627 1689 4695 quomodo
1718 4630 1892 4684 eidem
1919 4633 1990 4685 sit
2015 4648 2138 4685 ser-

578 4706 830 4769 viendum
862 4717 1140 4785 pietasque
1168 4732 1290 4787 erga
1333 4732 1457 4771 eum
1491 4721 1811 4775 exercenda.
1864 4722 2026 4777 Addit
2050 4724 2139 4777 in-

886 4894 1181 4965 Hippolyt.,
1210 4896 1303 4949 lib.
1335 4895 1413 4949 De
1442 4897 1764 4965 Autichrist.,
1796 4918 1947 4957 num.
1978 4904 2031 4958 2.

682 4906 765 4955 τυ)
799 4906 855 4944 S.
887 4906 1181 4963 mppotvt.,
1211 4906 1303 4949 lib.
1335 4906 1413 4949 De
1442 4906 1764 4965 Autichrist.,
1796 4918 1947 4957 num.
1978 4906 2031 4958 2.

656 4906 764 5093 ΞΗ)
798 4962 855 5017 S.
883 4956 1174 5044 Hippolvt.,
1200 4967 1293 5044 lib.
1319 4976 1496 5019 contra
1522 4968 1696 5031 Noet.,
1718 4987 1867 5026 num.
1888 4975 1945 5027 Η
1975 4981 2030 5027 et
2056 4973 2139 5027 12.

684 5028 765 5093 η)
800 5030 855 5083 S.
888 5033 1177 5093 Hippolvt..
1212 5036 1303 5089 ill).
1342 5047 1519 5089 contra
1546 5038 1719 5093 Noet..
1751 5056 1899 5093 num.
1924 5045 1975 5093 9.

684 5028 766 5165 ης
800 5030 855 5083 S.
888 5028 1177 5109 Hipp«)lvt.,
1212 5036 1303 5089 lib.
1342 5047 1519 5089 contra
1546 5028 1719 5099 Noet.,
1751 5056 1899 5094 num.
1924 5045 1975 5096 9.

684 5096 743 5165 t5
808 5097 865 5151 S.
889 5097 1160 5165 Hippolyti
1193 5103 1385 5165 fragm.
1423 5112 1475 5151 et
1500 5112 1735 5165 excerpt.
1764 5119 1829 5157 ex
1873 5110 1975 5157 Con

658 5096 772 5176 μδ),
808 5096 1169 5176 ελΗίρροιγιί
1193 5103 1385 5176 fragm.
1423 5112 1475 5176 et
1500 5096 1735 5176 excerpt.
1764 5119 1829 5157 ex
1873 5110 2140 5176 gemmen-

582 5165 722 5215 torio
756 5166 809 5215 in
832 5165 1052 5221 Caussin
1087 5165 1159 5222 ex
1200 5165 1559 5223 88'Patribus
1608 5165 1850 5226 collecto.
1900 5174 2055 5228 'l'om.
2096 5176 2139 5227 ll

583 5230 724 5309 ρρη.
748 5236 887 5301 apud
925 5232 1255 5309 fabricium,
1289 5254 1409 5309 pag.
1441 5239 1509 5291 22
1543 5247 1595 5293 et
1622 5240 1711 5299 96;
1750 5252 1802 5293 et
1836 5245 1975 5309 apud
2017 5244 2141 5298 Gal-

584 5281 1269 5381 ..a'g'..jt§.;._._a'suam;
1291 5281 1595 5381 ῖβῖςιῑηεξῖ
1615 5281 1715 5362 iii
1743 5281 1802 5363 ξε
1820 5281 1941 5361 na:

656 5369 768 5437 (id)
800 5369 858 5423 S.
892 5370 1183 5493 Hiﬁpolytq
1218 5378 1311 5431 lib.
1340 5369 1429 5429 Det
1449 5369 1797 5439 Antichristo,
1831 5380 1855 5446 ᾗ
1882 5382 1948 5431 58
1972 5419 1984 5439 ,
2014 5396 2135 5450 pag.

668 5438 850 5493 :anud
879 5438 952 5491 Fa
994 5458 1115 5493 τις..
1160 5454 1306 5493 tomn
1340 5446 1356 5493 I
1385 5446 1542 5493 01m“
1592 5461 1648 5493 et
1686 5451 1824 5493 τιηιιιι
1867 5448 2089 5493 (ιηιιςιηιί

580 5438 850 5518 9833915!
879 5438 1115 5518 Fabrici,
1140 5454 1306 5518 _to_rno
1340 5446 1546 5518 lOpp.,
1592 5461 1648 5503 et
1686 5438 2138 5518 apudvGalla'ndi,

582 5507 871 5583 pag.
890 5516 1028 5583 tom.
1061 5510 1384 5583 ll_Biblioth.
1414 5507 1525 5571 PP.

658 5576 955 5658 (l52_lde’m_
984 5579 1037 5658 in
1067 5578 1290 5658 ⁵ρατηερ.
1312 5623 1326 5644 ,
1350 5594 1498 5658 tom.
1532 5586 1549 5639 Ι
1578 5586 1737 5657 Ορρ.,
1772 5604 1897 5658 pag.
1924 5588 2051 5649 270,
2087 5598 2139 5642 et

753 5647 816 5713 ll,
848 5662 903 5718 p.
928 5647 962 5701 4
988 5656 1041 5702 et
1064 5647 1132 5714 5;
1155 5659 1209 5703 et
1226 5654 1364 5719 apud
1387 5647 1676 5723 Gallandf;
1693 5647 1825 5711 tom.
1844 5647 1978 5722 ‘cit.,
2015 5647 2135 5728 pag.

803 5787 1071 5866 ldem,lib.
1126 5788 1179 5841 in
1212 5787 1345 5890 Dan.
1390 5800 1439 5843 et
1466 5788 1685 5862 Susum,
1740 5761 1872 5853 tom.
1924 5796 1941 5850 Ι
1978 5796 2133 5869 Opp.,

2246 4630 2349 4681 hoc
2374 4626 2611 4681 Danielis
2635 4636 2795 4694 caput
2815 4635 3071 4695 tanquam
3101 4624 3204 4677 illis
3234 4624 3583 4693 invidiosum,
3612 4636 3666 4680 et
3686 4640 3800 4695 quo

2246 4726 2454 4771 tantum
2488 4717 2664 4772 scelus
2692 4732 2902 4783 eorum,
2931 4731 3069 4786 quos
3083 4714 3362 4785 Babylone
3385 4716 3597 4784 iudices
3633 4717 3801 4771 habe—

2246 4897 2525 4969 pag.7277,
2558 4906 2609 4952 et
2634 4899 2774 4967 apud
2808 4898 3076 4966 Galland.,
3110 4914 3229 4969 pag.
3266 4900 3389 4955 M6.
3423 4900 3583 4957 Co‘nf.
3613 4898 3800 4955 Tobias

2246 4968 2729 5107 mlﬁidntegrum
2758 5038 2921 5109 enim.
2957 5050 3016 5094 ut
3040 5056 3201 5109 supra
3231 5016 3487 5103 diximus.
3523 5053 3800 5095 commen-

2245 5110 2441 5191 tarium
2494 5109 2733 5191 exaravit
2769 5108 3162 5191 inhiant-iatn
3216 5112 3544 5191 Su_s_anne;ﬂ
3568 5111 3795 5191 alterum

2246 5179 2503 5245 probatur
2553 5193 2617 5232 ex
2654 5178 2737 5231 his
2768 5178 2827 5232 S.
2863 5178 3131 5250 Hippolyti
3188 5183 3415 5236 verbis:
3451 5198 3470 5231 ι
3512 5178 3614 5233 Sed
3646 5181 3797 5235 enim

2246 5264 2419 5332 neque
2449 5247 2881 5332 sapiens'Daniel
2918 5250 2999 5305 bis
3032 5267 3095 5305 ex
3131 5266 3226 5332 ore
3258 5250 3475 5332 leonum
3507 5259 3795 5332 ereptus)!

2244 5316 2346 5371 etc.
2385 5316 2615 5372 Sanctus
2636 5317 2974 5388 Hippolytus,
3002 5336 3124 5375 cum
3149 5320 3379 5374 fateatur
3425 5317 3569 5387 quod
3602 5316 3798 5376 Daniel

2247 5388 2385 5440 hiuis
2419 5389 2627 5441 vicibus
2650 5388 2897 5442 faucibus
2930 5390 3143 5443 leonum
3176 5388 3409 5442 traditus
3456 5385 3632 5453 fuerit;
3659 5389 3798 5444 dila-

2245 5458 2509 5536 cerandus
2532 5499 2553 5536 ,_
2582 5459 2901 5536 _iiecessario
2933 5458 3154 5536 admisit
3181 5457 3462 5536 historiam
3486 5456 3651 5536 Deli,
3686 5474 3795 5528 qua

2245 5525 2310 5603 de
2344 5542 2506 5603 causa
2540 5528 2628 5603 hic
2660 5528 2916 5603 propheta
2958 5526 3188 5603 secunda
3230 5526 3345 5603 vice
3387 5528 3573 5603 [abici
3599 5525 3795 5603 barum

2249 5592 2505 5678 feracium
2552 5592 2846 5678 bestiarum
2876 5595 3170 5678 [expositus
3196 5593 3345 5678 lfuit.
3387 5596 3797 5678 Hippolyta}?

2250 5663 2429 5747 tradit.
2455 5662 2847 5747 opertum-mal
2874 5662 3034 5747 Opp.,
3069 5664 3209 5732 apud
3240 5662 3632 5747 bianoricf,
3663 5666 3797 5735 2‘7,

2246 5741 2298 5786 et
2330 5733 2469 5805 apud
2502 5733 2772 5801 Galland.,
2794 5744 2926 5789 toni.
2961 5735 3079 5800 cit.,
3110 5749 3231 5807 pag.
3268 5734 3393 5793 501.
