4104 6350
673 377 775 432 351

1642 383 1729 439 ne
1764 384 1923 440 rm
1960 386 2051 442 ετ
2090 356 2400 444 sciturus
2428 390 2489 447 s.
2522 388 2900 447 BIPPOLYTI.

3752 397 3861 447 ’5δῖ

671 494 877 548 scilicet
898 490 1114 559 Filium,
1137 508 1379 565 passum,
1403 496 1753 564 sicutpassus
1775 510 1891 567 est;
1917 513 2220 571 mortuum,
2251 511 2291 564 Α
2324 503 2483 560 Pater
2523 505 2617 559 lib.
2670 504 2745 558 De
2785 504 3138 570 Antichristo,
3179 518 3297 573 cap.
3326 503 3383 565 1,
3430 500 3581 556 Pauli
3631 501 3860 571 apostoli

670 586 812 638 sicut
847 594 1093 645 mortuus
1117 595 1231 652 est;
1264 598 1317 642 et
1356 588 1675 643 suscitatam
1723 593 1873 645 tertia
1910 593 2017 659 die,
2048 604 2101 649 et
2130 610 2216 650 se-

665 668 879 727 dentem
912 675 978 728 ad
1013 676 1284 729 dexteram
1319 674 1525 740 Patris,
1560 690 1949 748 venturumque
1980 684 2044 738 ad
2070 685 2215 753 judi-

664 766 894 841 canilum
935 766 1081 818 rivos
1108 764 1441 822 et‘mortuos.
1478 769 1650 837 Atque
1672 771 1786 825 lucc
1817 768 2066 834 dicimus,
2096 791 2215 842 qure
2248 824 2256 832 μ

662 852 985 910 didicimus.”
1012 875 1029 905 ι
1063 856 1199 925 Quid
1250 858 1571 914 luculentius
1604 862 1783 915 dicere
1827 864 2090 929 potuisset
2127 868 2215 921 hic

661 956 884 999 sanctus
922 945 1077 999 Pater
1127 964 1224 1016 pro
1270 954 1557 1003 asserenda
1608 954 1895 1008 traditione
1933 958 2209 1023 apostolo-

661 1035 1065 1089 rum?Aceedit
1112 1038 1231 1099 his,
1284 1040 1427 1107 quod
1478 1040 1743 1109 integrum
1793 1053 2078 1101 tractatum
2135 1047 2213 1103 De

659 1125 1013 1193 apostolorum
1050 1130 1330 1183 traditione
1360 1134 1614 1187 exarat-it.

728 1215 969 1270 Cnnatur
1002 1222 1217 1286 quidem
1268 1225 1378 1276 hzec
1420 1233 1733 1291 argumenta
1781 1242 1878 1295 pro
1921 1228 2211 1285 traditione

656 1321 721 1357 et
775 1306 825 1360 S.
871 1307 1152 1381 Hippolyto
1200 1316 1303 1382 peti
1334 1331 1395 1377 a,
1443 1318 1549 1367 alio
1603 1317 1722 1370 loco
1769 1334 1834 1373 ex
1869 1331 2055 1377 sancto
2108 1323 2210 1378 hoc

655 1394 816 1453 Patre
852 1402 1129 1470 desumpta
1149 1444 1164 1465 ,
1203 1406 1453 1462 Albertus
1484 1408 1759 1464 Fabricius
1780 1412 1999 1469 elidere.
2033 1415 2209 1471 Locus

652 1499 831 1543 autem
861 1492 913 1545 S.
951 1490 1213 1564 Hippolyti
1243 1497 1313 1549 ita
1336 1508 1491 1551 sonat
1525 1500 1635 1566 (51)
1663 1517 1675 1551 :
1708 1521 1724 1552 ε
1757 1500 1907 1560 Unus
1936 1504 2077 1560 Dens
2102 1518 2204 1572 est,

652 1597 810 1648 quem
850 1598 951 1636 nou
989 1586 1233 1648 aliunde,
1270 1587 1493 1648 fratres,
1531 1593 1910 1658 agnoscimus,
1946 1612 2106 1663 quam
2140 1614 2207 1651 ex

651 1673 854 1724 sanctis
879 1672 1189 1741 St-ripturie.
1222 1677 1684 1742 Quemadmodum
1708 1684 1850 1736 enim
1882 1685 1925 1738 si
1951 1687 2073 1752 quis
2094 1688 2207 1741 vel-

650 1760 721 1814 let
750 1764 1065 1828 sapientiam
1098 1768 1258 1834 hujus
1292 1770 1470 1821 saeculi
1501 1786 1770 1835 exercere,
1797 1790 1901 1827 non
1926 1777 2081 1828 aliter
2104 1778 2205 1831 hoc

649 1853 907 1919 consqui
955 1856 1165 1919 poterit,
1206 1858 1308 1910 nisi
1353 1860 1604 1927 dogmata
1648 1864 2095 1934 philosophorum
2127 1868 2204 1922 Ie-

647 1950 774 2009 gat;
827 1944 907 1995 sic
959 1945 1269 2014 quicunque
1321 1950 1569 2006 volumus
1616 1956 1865 2021 pietatem
1925 1958 1977 2009 in
2034 1958 2201 2012 Deum

645 2046 922 2099 exercere,
950 2053 1053 2089 non
1081 2039 1296 2093 aliunde
1318 2043 1590 2097 discemus
1618 2063 1777 2113 quam
1811 2064 1876 2101 ex
1908 2047 2203 2117 Scripturis

646 2125 863 2178 diiinis.
918 2146 935 2177 ι
977 2126 1136 2183 Visus
1167 2142 1248 2185 est
1282 2133 1381 2185 sibi
1417 2133 1697 2191 Fabricius
1730 2139 1780 2191 in
1824 2141 1925 2192 hoc
1964 2142 2082 2194 loco
2121 2143 2204 2195 in-

645 2217 797 2279 signe
842 2218 907 2270 de
957 2217 1246 2287 Scripturze
1291 2226 1603 2279 suillcientia
1635 2230 1999 2283 testimonium
2026 2232 2203 2286 anim-

558 2310 565 2317 '
645 2307 939 2359 alvertere.
1005 2309 1042 2361 S
1075 2310 1106 2361 d
1160 2313 1496 2387 traditionem
1531 2332 1559 2369 a
1589 2316 1861 2385 Scriptura
1894 2337 2000 2372 non
2027 2322 2203 2375 disso-

645 2393 753 2445 ciat
779 2392 1115 2466 Hippolytus,
1148 2399 1273 2452 dum
1306 2402 1551 2467 pietatem
1580 2422 1598 2453 ‹
1633 2421 1737 2457 non
1770 2407 1985 2460 aliunde
2013 2427 2033 2457 ι
2060 2423 2201 2476 repe-

646 2484 729 2546 tit,
753 2504 771 2534 ι
798 2504 959 2553 quam
987 2505 1049 2542 ex
1088 2490 1381 2560 Scripturis
1415 2495 1631 2549 divinis.
1673 2515 1690 2546 ι
1719 2496 1833 2550 Non
1863 2501 2009 2553 enim
2039 2502 2198 2555 aliam

645 2575 886 2630 defendit
932 2593 1119 2634 contra
1181 2583 1456 2636 haereticos
1506 2585 2000 2654 interpretationem
2054 2590 2203 2644 Scri-

646 2678 849 2735 ptuuc.
901 2687 1061 2737 quam
1111 2690 1230 2740 qu:e
1268 2673 1518 2728 Ecclesia:
1575 2678 1860 2732 traditione
1907 2680 2198 2737 nitebatur.

642 2759 977 2827 ριιμιηηψινι·
1029 2765 1203 2816 verbis
1266 2766 1426 2818 modo
1471 2766 1648 2821 citatis
1704 2770 1865 2837 paulo
1918 2780 2037 2838 post
2089 2774 2201 2825 bare

641 2852 793 2904 aldit
827 2872 839 2905 :
893 2855 980 2925 Μὴ
1017 2857 1134 2907 κατ’
1181 2856 1314 2909 ἰδίαν
1359 2859 1705 2928 προαίρεσιν,
1744 2862 1876 2929 μηδὲ
1918 2864 2034 2931 κατ’
2072 2863 2199 2916 ἴδιον

642 2940 784 3000 νοῦν.
833 2944 963 3013 μηδὲ
1017 2944 1321 3015 βιαζόμενοι
1355 2948 1419 3000 τὰ
1469 2949 1575 3000 ὑπὸ
1621 2949 1711 3002 τοῦ
1748 2949 1879 3001 Θεοῦ
1921 2952 2195 3023 δεδομένα.

646 3046 666 3078 ‹
707 3027 822 3081 Non
857 3033 1149 3085 s--cundum
1197 3036 1467 3099 propriam
1509 3036 1833 3091 Voluntatem
1858 3077 1872 3099 ,
1907 3057 2077 3108 neque
2112 3056 2199 3109 se-_-

641 3119 876 3169 cundum
904 3121 1174 3185 proprium
1200 3135 1439 3184 sensum,
1463 3141 1632 3191 neque
1660 3126 1763 3177 vim
1796 3128 2081 3185 inferentes
2108 3133 2192 3193 iis,
2223 3156 2264 3212 ο

642 3222 762 3274 quas
810 3226 836 3257 a
876 3208 982 3261 Deo
1014 3210 1134 3261 data
1179 3221 1323 3264 sunt.
1358 3232 1374 3262 ι
1422 3214 1680 3269 Przetcrca
1736 3214 1957 3269 Nectum
2004 3222 2196 3274 merito

641 3299 871 3365 ejectum
920 3315 949 3351 a
1005 3302 1329 3369 presbyteris
1381 3318 1564 3358 narrat
1600 3323 1647 3358 c.
1679 3309 1727 3367 1,
1757 3308 1901 3375 quod
1945 3309 2198 3366 Ecclesia:

640 3390 780 3442 tradi
813 3392 984 3443 ionem
1013 3431 1026 3451 ,
1081 3409 1241 3460 quam
1297 3395 1345 3448 ei
1410 3397 1754 3463 objicielzant,
1792 3402 2193 3468 contempserit.

641 3479 899 3531 Dici-bant
945 3482 1085 3533 enim
1137 3481 1304 3535 Noeto
1348 3488 1641 3556 p‘cshyteri
1682 3488 1932 3540 Ecclesiae
1969 3504 1981 3538 :
2013 3486 2199 3541 Ταῦτα

639 3566 866 3637 λέγομεν
904 3568 937 3621 ἃ
981 3568 1273 3639 ἐμάθομεν.
1316 3589 1333 3619 ι
1376 3571 1499 3627 llzee
1537 3575 1801 3638 dicimus,
1844 3590 1966 3642 quin
2006 3574 2197 3629 didici—

640 3674 783 3713 mus.
827 3679 844 3709 ι
885 3660 975 3712 llis
1019 3662 1172 3722 adde,
1218 3677 1322 3713 non
1376 3662 1596 3715 dubium
1635 3681 1753 3719 esse
1795 3668 1924 3735 quin
1975 3676 2196 3719 sanctus

643 3760 847 3819 martyr
876 3751 925 3801 in
965 3752 1063 3803 hoc
1093 3752 1341 3803 adversus
1373 3752 1590 3806 luci-eses
1623 3772 1801 3823 opere,
1835 3758 1992 3825 cujus
2024 3770 2194 3812 mate-

642 3842 775 3894 riam
814 3856 878 3894 cx
928 3842 1081 3895 libris
1127 3844 1315 3895 lremei
1362 3854 1548 3896 mutuo
1589 3857 1924 3914 sumpserat,
1953 3851 2194 3903 traditio-

639 3949 763 3987 nem
797 3943 847 3986 et
873 3934 1123 3988 Ecclesia:
1152 3937 1528 3989 auctoritatem
1560 3935 1743 3990 Irenaei
1766 3940 2012 4008 exemplo
2039 3956 2194 3995 acer-

638 4025 775 4080 rime
805 4025 1119 4081 defenderit.
1162 4027 1298 4084 lliuc
1343 4030 1469 4083 item
1522 4030 1740 4082 eliditur
1782 4030 2010 4083 alterum
2043 4032 2196 4100 ejus-

638 4116 758 4170 dem
788 4115 1013 4171 Fabricii
1055 4118 1153 4172 hac
1181 4119 1291 4185 ipsa
1335 4121 1400 4173 de
1432 4134 1489 4173 re
1526 4129 1911 4181 commentum,
1957 4134 2066 4187 quo
2096 4120 2196 4173 ite—

641 4221 761 4258 rum
803 4205 900 4258 sibi
948 4207 1099 4259 tinxit
1146 4206 1486 4278 Hippolytum
1520 4208 1679 4261 veluti
1727 4209 2019 4276 Scriptura:
2049 4209 2197 4274 suill-

639 4297 890 4349 cientiam
924 4300 1251 4352 astruentbm
1287 4300 1425 4354 infra
1463 4316 1580 4369 cap.
1614 4301 1700 4364 l7,
1729 4302 1817 4355 ubi
1847 4311 2068 4355 sanctus
2093 4300 2195 4353 Pa-

640 4394 722 4439 ter
749 4387 811 4437 ad
847 4387 1168 4439 credendum
1200 4391 1343 4442 κατὰ
1375 4392 1471 4460 τὴν
1505 4393 1800 4463 παράδοσιν
1831 4392 1938 4443 τῶν
1970 4392 2195 4445 ἀποστό-

2314 596 2621 664 exemplum
2645 603 2884 657 secutus,
2916 596 3008 665 qui
3034 594 3371 649 Timotheum
3401 612 3419 644 ι
3448 593 3514 647 ad
3556 592 3856 660 depositura

2316 685 2768 750 custodiendum,
2816 695 2977 754 atque
3021 686 3085 738 ad
3134 699 3199 739 ea
3230 682 3501 738 tidelibus
3550 683 3855 737 hominibus

2315 776 2762 839 commendanda,
2797 792 2917 844 quze
2943 776 3040 832 abs
3078 791 3137 830 se
3179 791 3273 844 per
3306 775 3503 828 multas
3534 773 3853 828 exhortatio-

2314 878 2410 917 nes
2442 864 2706 927 auilierat,
2744 882 2763 916 ι
2799 865 3144 928 hortabatur;
3179 864 3290 932 pari
3336 864 3545 916 ratione
3586 861 3853 931 Theophi-

2316 952 2425 1006 lum
2454 954 2611 1008 sdum
2636 954 2976 1008 traditionem
3001 957 3223 1008 edocere
3251 955 3601 1023 comperitur.

2826 1044 3217 1099 AliTICUl.US
3265 1044 3351 1099 111.

2516 1152 2584 1190 es
2636 1138 2903 1191 ιγεὶεκιο
2931 1150 3279 1191 amarissima
3321 1150 3649 1190 TIINITATIS.

2383 1224 2568 1279 Unitas
2594 1233 2805 1280 natant
2828 1235 2876 1278 et
2904 1225 3171 1279 distinctio
3204 1225 3576 1279 Personarum.
3601 1224 3860 1276 --Casti-
3923 1262 3927 1265 .

2308 1320 2584 1388 gatissime
2615 1320 2852 1387 loquitur
2883 1310 3103 1372 Sanctus
3135 1317 3449 1388 Hippolytus
3492 1319 3558 1369 de
3602 1316 3859 1386 mysterio

2309 1408 2667 1463 sanctissimae
2724 1406 3030 1471 Trinitatis,
3074 1415 3361 1476 aperteque
3409 1407 3645 1461 declarat
3699 1405 3855 1457 iidem

2307 1498 2449 1552 circa
2472 1498 2728 1551 unitatem
2758 1486 2964 1552 natura!
2980 1507 3032 1552 et
3055 1497 3449 1552 distinctionem
3473 1496 3855 1549 Personarum.

2310 1588 2399 1641 Sic
2426 1598 2604 1642 autem
2631 1589 2720 1642 ille
2766 1590 2842 1642 ait
2882 1589 2937 1642 in
2960 1599 3200 1643 tractatu
3230 1596 3413 1653 centra
3440 1587 3663 1641 Noetum
3699 1586 3809 1657 (52)
3838 1605 3854 1641 :

2313 1693 2332 1726 ι
2369 1675 2601 1730 Verbum
2639 1686 2754 1730 erat
2793 1678 2932 1745 apud
2979 1674 3181 1743 Deum,
3208 1689 3261 1732 et
3288 1677 3431 1731 Deus
3459 1687 3575 1729 erat
3598 1673 3854 1728 Verbum.

2305 1762 2443 1829 Quid
2495 1765 2656 1833 ergo?
2685 1765 2899 1819 Dicetne
2951 1765 3143 1835 aliquis
3188 1766 3365 1821 dieere
3409 1764 3668 1837 Joannem
3718 1766 3857 1818 duos

2237 1828 2278 1886 Β
2312 1828 2487 1908 Deos?
2520 1828 2667 1910 Duos
2710 1855 2927 1924 quidem
2968 1828 3072 1910 non
3102 1857 3275 1913 dicam
3305 1830 3506 1922 (Deos),
3540 1855 3629 1907 sed
3664 1869 3855 1909 unum.

2305 1946 2571 2002 Personas
2593 1963 2727 2001 vero
2753 1949 2923 2013 duas;
2964 1948 3321 2002 teconomiam
3363 1947 3599 2008 tertiam,
3624 1945 3853 2014 gratiam

2302 2039 2424 2093 dico
2477 2037 2709 2107 Spiritus
2750 2040 2944 2093 sancti.
2980 2056 3000 2089 ι
3035 2037 3271 2092 Giatiam
3322 2037 3548 2104 appellat
3595 2036 3697 2088 hoc
3732 2036 3855 2088 loco

2305 2128 2562 2200 Spiritum
2609 2138 2877 2192 sanctum,
2926 2127 3051 2196 quia
3097 2128 3311 2181 divinus
3344 2129 3443 2180 iste
3492 2124 3724 2193 Spiritus
3768 2133 3858 2181 est

2303 2217 2424 2272 fons
2454 2220 2694 2272 omnium
2719 2220 3004 2280 donorum,
3030 2234 3149 2285 qua:
3188 2216 3329 2270 Deus
3354 2212 3665 2268 horninibus
3689 2214 3857 2282 largi-

2300 2318 2408 2362 tur.
2441 2330 2459 2359 ι
2488 2308 2646 2363 Pater
2676 2308 2892 2376 quidem
2924 2322 3063 2361 unus
3099 2304 3463 2373 (prosequitur
3506 2300 3563 2354 S.
3594 2300 3855 2369 Hippoly-

2288 2403 2430 2464 ωε),
2458 2400 2711 2455 Persona:
2734 2414 2865 2453 vero
2893 2400 3032 2462 duae,
3064 2398 3188 2466 quia
3236 2394 3436 2458 Filius;
3472 2393 3624 2447 tertia
3667 2402 3852 2445 autem

2304 2490 2540 2558 Spiritus
2591 2500 2829 2544 sanctus.
2867 2487 3022 2540 Pater
3066 2485 3305 2555 mandat,
3342 2480 3576 2532 Verbum
3606 2478 3849 2546 perlicit;

2286 2578 2471 2633 Filius
2515 2589 2692 2633 autem
2720 2579 3054 2640 ostenditur,
3087 2591 3179 2643 per
3212 2587 3370 2642 quem
3405 2568 3561 2621 Pater
3589 2569 3849 2621 creditur.

2298 2669 2625 2724 (Economia
2651 2667 3025 2722 consensionis
3051 2664 3309 2730 redigitur
3350 2659 3414 2712 ad
3454 2672 3617 2712 unum
3645 2655 3847 2723 Deum;

2301 2776 2443 2813 unus
2468 2762 2612 2814 enim
2645 2772 2726 2813 est
2754 2758 2912 2817 Deus,
2944 2754 3034 2823 qui
3066 2755 3300 2813 mandat,
3330 2750 3510 2813 Pater;
3532 2747 3846 2816 quiobedit,

2298 2851 2504 2915 Filius;
2534 2851 2626 2918 qui
2673 2850 2832 2902 docet
2883 2846 3203 2905 scientiam,
3256 2840 3488 2909 Spiritus
3542 2848 3780 2889 sanctus.
3823 2854 3845 2887 ι

2297 2943 2407 2997 Nec
2452 2955 2780 3011 quemquam
2825 2936 3022 2992 morari
3067 2935 3261 2989 debent
3313 2933 3424 2984 haec
3470 2927 3627 2981 verba
3661 2944 3673 2978 :
3705 2945 3725 2977 ε
3754 2928 3850 2995 qui

2297 3033 2479 3089 obedit
2518 3031 2709 3096 Filius,
2754 3050 2772 3081 ι
2817 3029 2969 3099 quasi
3014 3026 3267 3080 latderent
3296 3019 3587 3089 perfectam
3611 3018 3852 3069 consub-

2297 3122 2699 3178 stantialitatem
2723 3117 2899 3171 Patris
2914 3124 2966 3169 et
2996 3114 3150 3177 Filii;
3185 3127 3327 3175 nam,
3360 3118 3417 3161 ut
3437 3106 3644 3176 egregie
3667 3108 3851 3158 anim-

2297 3213 2526 3267 advertit
2572 3195 2729 3263 Pater
2775 3206 3077 3264 Ceillierius
3130 3202 3283 3270 (33),
3356 3199 3505 3251 hisce
3595 3196 3852 3263 loquendi

2299 3284 2567 3359 formulis
2592 3302 2674 3355 usi
2726 3308 2852 3354 sunt
2888 3297 3069 3349 Patres
3114 3290 3333 3346 secundi
3369 3297 3423 3341 et
3456 3287 3597 3341 tertii
3640 3287 3851 3351 saeculi,

2296 3404 2351 3447 et
2383 3393 2601 3461 quidem
2642 3390 2759 3441 sine
2788 3386 3116 3447 oﬂensionc;
3150 3381 3251 3434 bac
3291 3378 3473 3447 pbrasi
3516 3393 3646 3431 usus
3674 3385 3755 3431 est
3784 3374 3849 3429 S.

2297 3480 2532 3535 lrenaeus
2556 3481 2760 3547 absque
2790 3476 2899 3529 ullo
2935 3471 3189 3539 scrupulo
3220 3470 3358 3539 (34);
3390 3483 3453 3521 ac
3495 3469 3595 3522 etsi
3628 3468 3709 3521 liae
3736 3468 3853 3520 ior-

2296 3573 2455 3640 mulaa
2498 3568 2750 3638 loquendi
2795 3559 3105 3620 viderentur
3149 3559 3326 3613 favere
3375 3558 3587 3611 Ariame
3631 3556 3850 3622 lucresi,

2295 3660 2650 3716 nihilominus
2674 3658 2835 3711 etiam
2878 3660 2998 3723 post
3029 3651 3315 3705 concilium
3346 3647 3619 3703 Nicaenum
3653 3647 3707 3699 in
3738 3645 3851 3701 Pa-

2296 3753 2472 3806 tribus
2491 3757 2805 3808 occurrunt,
2831 3755 2886 3798 ut
2916 3743 3095 3796 videre
3120 3752 3203 3796 est
3244 3742 3297 3794 in
3332 3740 3456 3794 divo
3490 3737 3688 3791 Basilio
3708 3737 3849 3806 (55),

2294 3844 2420 3898 divo
2440 3838 2735 3894 Athanasio
2760 3834 2973 3906 (36),’et
2992 3831 3159 3885 Mario
3179 3830 3457 3885 Victorino
3483 3828 3617 3899 ('57).
3638 3825 3852 3895 Quippe

2290 3934 2445 4003 juxta
2495 3930 2692 4001 stylum
2738 3934 2982 3980 veterum
3046 3923 3447 3993 theologorum,
3507 3918 3589 3971 brc
3644 3932 3849 4003 voces,

2301 4037 2321 4070 ι
2352 4021 2617 4085 imperare
2648 4022 2702 4066 et
2721 4012 2955 4075 obedire,
2985 4028 3004 4061 ι
3033 4010 3246 4079 quando
3272 4009 3337 4062 de
3368 4003 3621 4060 Personis
3648 4001 3851 4056 divinis

2296 4122 2477 4164 sermo
2506 4116 2609 4171 est,
2640 4120 2747 4160 non
2781 4102 3084 4172 significant
3112 4116 3274 4155 unam
3303 4096 3453 4152 alteri
3490 4095 3752 4162 imperare
3779 4109 3850 4148 eo

2293 4200 2459 4258 modo
2499 4213 2605 4268 quo
2638 4196 2890 4251 dominus
2927 4193 3128 4247 famulo
3154 4205 3253 4247 suo
3277 4185 3549 4258 pracipit;
3583 4184 3673 4238 sed
3702 4184 3849 4238 desi-

2294 4304 2465 4364 gnant
2514 4288 2856 4348 solummodo
2885 4279 3296 4343 consensionem
3333 4281 3623 4335 voluntatis
3654 4280 3707 4333 in
3740 4276 3841 4333 Pa-

2294 4396 2379 4441 tre
2406 4395 2457 4440 et
2481 4384 2650 4449 Filio;
2678 4398 2783 4436 non
2815 4396 2969 4435 secus
2998 4394 3061 4432 ac
3089 4379 3133 4432 si
3157 4377 3279 4444 quis
3308 4373 3507 4426 diceret
3531 4371 3695 4440 quod,
3717 4385 3845 4424 cum

638 4476 766 4540 λων,
799 4495 817 4527 ι
850 4468 1142 4530 secundum
1182 4483 1516 4535 traditionem
1541 4460 1931 4550 apostolorum,
1962 4500 1981 4530 ι
2009 4483 2189 4537 fideles
2220 4480 2264 4533 D
2292 4476 2450 4531 Pater
2501 4475 2783 4531 statuisset
2828 4470 3085 4524 mundum
3126 4466 3355 4520 condere
3391 4476 3487 4530 per
3519 4477 3677 4516 suum
3708 4460 3846 4513 Ver-

639 4568 907 4622 hortatur.
958 4568 1033 4620 lbi
1088 4584 1339 4637 namque,
1375 4587 1440 4624 ne
1488 4574 1610 4639 quis
1657 4581 1805 4636 putet
1844 4573 2226 4626 traditionem-

638 4664 856 4727 quoque
881 4667 1091 4727 (pi-utter
1128 4655 1457 4724 Setipturam
1494 4667 1741 4711 sanctum
1775 4667 2063 4727 martyrem
2097 4660 2193 4711 ad-

638 4751 874 4811 misisse,
942 4748 1169 4804 sollicite
1228 4748 1505 4802 Fabricius
1567 4749 1680 4803 haec
1746 4750 2001 4802 adnotat:
2038 4750 2195 4802 «Πα-

646 4840 854 4909 ράδοσιν
898 4840 1285 4910 ἀποστολικήν,
1322 4838 1414 4893 sed
1467 4856 1627 4909 quam
1675 4855 1797 4893 mox
1852 4856 1917 4895 ex
1976 4841 2191 4908 scriptis

644 4933 953 4996 apostoliiis
992 4933 1295 4987 clarissrme
1342 4940 1592 4985 testatam
1635 4930 1763 4987 facit
1795 4931 2130 5003 Hippolytus.
2165 4949 2185 4983 ι

644 5017 913 5075 Incassum
952 5024 1159 5077 laborat
1192 5025 1279 5077 hic
1306 5023 1641 5079 scholiastes.
1672 5023 1946 5094 Siquidem
1971 5032 2204 5080 sanctus“

712 5148 1646 5225 (i598,llippolyL,CaptmNoetnm,
1673 5171 1790 5225 cap.
1818 5158 1871 5212 9.

855 5221 913 5301 SI;
946 5216 1231 5301 Hippolyti?
1261 5221 1456 5301 Contra
1488 5216 1757 5301 Noctunr',
1790 5244 1909 5296 cap.
1936 5226 2023 5280 14.

712 5286 847 5364 (55)-
878 5286 1293 5364 [ὶιιιιιίέίχιίὶιίυη
1328 5295 1468 5348 Hist.
1520 5286 1757 5364 generale
1802 5286 1890 5350 de}
1939 5293 2197 5360 autcum:

640 5365 773 5410 tom.
811 5355 871 5412 Il,
905 5374 1022 5424 pag.
1055 5360 1175 5411 56(;_
1281 5355 1285 5357 ⁷
1520 5355 1541 5364 '
2032 5396 2035 5397 ν
2174 5355 2197 5376 ν.

711 5424 824 5560 (5t)
848 5426 893 5476 Ir
930 5445 1005 5481 n..
1041 5428 1130 5481 hb.
1162 5446 1209 5480 IV
1241 5431 1368 5483 Adv.
1408 5432 1589 5485 Imres.
1616 5446 1732 5499 cap.
1766 5431 1851 5487 75.

736 5496 827 5549 35)
863 5494 1045 5555 Basil.,
1078 5496 1149 5547 lib
1197 5498 1269 5549 De
1298 5500 1499 5560 Spiri-u
1531 5501 1610 5560 8.,
1643 5519 1763 5560 cap.
1798 5506 1851 5555 tt

736 5496 827 5569 ᾆξ)
863 5494 1045 5569 llasilq
1078 5496 1149 5547 lib
1197 5498 1269 5549 De
1298 5500 1499 5565 Spiri-u
1531 5501 1610 5565 8.,
1643 5494 1763 5569 cap.
1798 5504 1881 5555 t6.

712 5563 824 5700 (56)
854 5563 1137 5628 Athanas.,
1168 5577 1301 5619 orat.
1332 5563 1526 5621 Contra
1558 5563 1752 5637 gentes.
1863 5583 1867 5587 '

738 5634 827 5698 37)
859 5634 990 5687 Mar.
1027 5632 1302 5696 Victorin.,
1337 5639 1426 5691 lib.
1459 5656 1473 5691 ι
1512 5639 1583 5692 De
1612 5656 1783 5692 rerum
1806 5656 1867 5691 eri

738 5634 827 5698 37)
859 5634 990 5687 Mar.
1027 5632 1302 5696 Victorin.,
1337 5639 1426 5691 lib.
1459 5656 1473 5691 ι
1512 5632 1583 5692 οὲ
1612 5656 1783 5692 rerum
1806 5643 2082 5693 creatione.

715 5704 827 5775 (58)
861 5721 881 5755 ι
920 5705 1033 5760 Una
1057 5705 1199 5775 enim
1232 5706 1409 5775 _virtus
1443 5722 1507 5760 ex
1544 5719 1684 5770 toto;
1717 5716 1885 5761 totum
1928 5723 2056 5762 vero
2084 5706 2185 5760 Pa-

644 5771 747 5836 ωτι
774 5788 837 5828 ex
883 5788 990 5841 quo
1027 5774 1195 5827 virtus
1232 5771 1483 5829 Verbum.
1523 5794 1539 5826 ι
1583 5776 1637 5831 S.
1673 5776 1961 5845 llippolyt.,
1992 5778 2187 5831 Contra

2294 4567 2443 4631 bum,
2475 4565 2528 4617 id
2563 4580 2669 4619 non
2717 4562 2845 4616 fecit
2891 4560 3008 4616 Sine
3053 4558 3327 4610 voluntate
3371 4551 3530 4607 Verbi
3573 4553 3655 4606 sui
3702 4550 3845 4621 (58)⁹

2291 4658 2434 4725 quod
2461 4665 2543 4709 cst
2570 4670 2673 4707 una
2698 4655 2992 4721 eademque
3016 4663 3137 4702 cum
3170 4662 3234 4699 eo
3263 4645 3595 4709 substantia;
3631 4642 3706 4697 uti
3724 4642 3843 4710 jam

2291 4748 2399 4799 alio
2428 4747 2548 4798 |0co
2572 4746 2828 4806 diximus,
2861 4751 2915 4795 et
2945 4738 3105 4792 modo
3135 4736 3308 4789 fusius
3338 4736 3557 4803 patebit.

2364 4856 2384 4885 ι
2420 4835 2599 4900 Pater,
2639 4834 2808 4904 pergit
2852 4831 2909 4885 S.
2955 4829 3290 4899 Hippolytus,
3334 4836 3417 4882 est
3446 4841 3607 4895 super
3633 4821 3839 4890 omnia,

2290 4923 2466 4978 Filius
2495 4940 2589 4993 per
2616 4926 2821 4987 omnia,
2846 4920 3079 4990 Spiritus
3102 4927 3319 4974 sanctus
3346 4920 3397 4972 in
3428 4916 3680 4969 onmibus
3702 4913 3838 4983 (59).

2290 5016 2456 5071 Aliter
2484 5016 2651 5070 Deam
2684 5030 2851 5069 unum
2899 5013 3193 5085 intelligere
3240 5028 3346 5067 non
3392 5023 3701 5081 possumus,
3730 5008 3838 5063 nisi

2183 5156 2197 5171 ‘
2292 5152 2537 5215 Noetum,
2562 5166 2712 5204 num.
2739 5150 2822 5204 11.

2362 5224 2472 5293 (59)
2501 5207 2536 5273 ε’
2555 5221 2691 5275 Cum
2714 5219 2911 5293 Paulus
2940 5221 3015 5273 ait
3041 5220 3106 5273 de
3137 5215 3461 5293 Deo,Ephes.
3484 5225 3557 5271 tv,
3576 5207 3654 5293 ϐλ
3683 5229 3701 5259 α
3730 5210 3839 5277 Qui

2295 5312 2315 5344 ‹
2350 5281 2433 5346 est
2456 5281 2621 5361 super
2646 5292 2847 5361 omnia,
2878 5300 2931 5343 et
2968 5306 3061 5356 per
3088 5288 3287 5361 omnia,
3314 5281 3370 5336 et
3410 5281 3775 5361 in_ol_mtib"_§:
3811 5299 3833 5331 ι

2290 5374 2397 5416 tres
2441 5352 2722 5431 Personas
2756 5352 3031 5431 designat,
3065 5367 3118 5431 et
3162 5356 3417 5431 unitatem
3467 5352 3554 5431 Dei
3600 5352 3650 5431 in
3682 5352 3834 5431 illis:

2287 5433 2412 5500 quia
2465 5432 2625 5483 unius
2677 5423 3025 5500 ejusdemque
3069 5423 3282 5500 virtutis
3327 5436 3394 5500 ac
3435 5423 3681 5500 potentia:
3728 5428 3836 5500 est,

2286 5491 2407 5554 esse
2431 5516 2593 5567 super
2620 5491 2797 5568 omnia
2818 5538 2832 5561 ,
2859 5505 2912 5547 et
2943 5491 3035 5568 per
3061 5493 3261 5568 omnia,
3289 5500 3343 5543 et
3383 5491 3433 5542 in
3464 5491 3712 5568 om__nihus
3731 5497 3840 5568 ;_'et

2289 5556 2581 5622 secundum
2629 5556 3261 5634 ordineinconfessionis
3281 5571 3488 5634 ~sancta:
3525 5556 3835 5634 Trinitatis,

2288 5640 2520 5707 primum
2549 5635 2738 5688 tribuit
2759 5633 2925 5707 Patri,
2958 5631 3250 5707 secundum
3281 5628 3433 5691 Filio,
3466 5628 3682 5707 tertium
3710 5624 3838 5707 Spi-

2288 5697 2413 5759 ritui
2444 5712 2665 5770 sancto;
2690 5702 2815 5770 quia
2838 5710 2920 5755 est
2956 5700 3109 5770 tertia
3150 5698 3391 5770 Persona
3423 5697 3838 5770 secnndumor-

2288 5776 2467 5831 dinem
2509 5765 2887 5836 confessionis,
2920 5779 2977 5823 ut
3006 5768 3210 5837 antiqui
3254 5766 3484 5836 theologi
3513 5765 3834 5833 loquuntur,
