4104 6350
282 440 388 498 355

274 650 490 706 Etenim
517 647 691 703 Judaei
724 648 935 703 Patrem
967 648 1418 719 glorificaverunt,
1453 650 1544 703 sed
1577 664 1682 702 non
1713 663 1831 720 ege-

271 748 410 794 runt
454 756 487 809 g
519 741 698 805 atias;
750 738 1015 809 siquidem
1076 754 1179 793 non
1228 748 1560 807 agnoverunt
1597 736 1826 808 Filium.

270 830 538 900 Discipuli
593 827 1195 903 agnoveruiitFilinm,
1242 816 1333 883 sed
1383 845 1488 882 non
1527 828 1579 882 in
1627 826 1827 898 Spiritu

268 933 501 986 saneto;
550 923 757 975 idcirco
798 916 1145 989 negaverunt.
1179 918 1367 974 Sciens
1400 919 1562 989 igitur
1593 916 1829 975 Verbum

269 1010 454 1065 Patris
500 1012 856 1066 uiconomiam
888 1019 941 1063 et
966 1010 1291 1063 voluntatem
1327 996 1519 1075 Patris,
1551 1009 1692 1078 quod
1724 1023 1831 1063 non

269 1102 393 1153 vult
418 1102 573 1153 atiter
602 1097 762 1153 Pater
795 1098 1107 1169 gloriﬁcari,
1150 1099 1250 1152 nisi
1285 1098 1392 1163 sic;
1428 1114 1549 1151 cum
1586 1113 1831 1152 resurre-

230 1214 241 1220 ·
270 1190 377 1252 xit,
411 1189 630 1243 tradidit
662 1191 768 1243 hoc
798 1189 1081 1258 discipulis
1115 1174 1145 1240 ε’
1179 1208 1197 1238 ε
1237 1187 1457 1251 Enntes,
1501 1189 1694 1258 inquit,
1733 1191 1831 1243 do-

274 1298 301 1331 ι
345 1290 461 1332 cete
492 1295 680 1333 omnes
724 1291 941 1345 gentes,
990 1279 1322 1348 baptizantes
1364 1293 1459 1332 eos
1510 1281 1562 1344 in
1612 1281 1830 1334 nomine

274 1388 301 1423 ι
342 1369 538 1435 Patris,
570 1380 623 1426 et
653 1370 807 1434 Filii,
846 1379 898 1425 et
937 1371 1167 1440 Spiritus
1202 1372 1392 1424 sancti.
1434 1389 1453 1421 ι
1491 1367 1685 1423 Docuit
1718 1370 1825 1433 hic,

268 1461 419 1530 quod
464 1461 773 1529 quicunque
824 1476 989 1514 unum
1038 1460 1166 1529 quid
1216 1460 1409 1513 borum
1466 1460 1747 1520 omiserit,
1781 1459 1851 1524 is,

267 1553 510 1619 perfecte
562 1548 728 1603 D.-um
782 1567 887 1603 non
944 1551 1282 1618 glorillcavit.
1334 1549 1435 1603 Per
1489 1551 1627 1604 hanc
1681 1550 1825 1603 enim

268 1636 613 1704 Trinitatem,
631 1640 719 1693 διὰ
741 1640 840 1709 τῆς
857 1639 1098 1709 Τριάδος,
1121 1639 1275 1693 Pater
1302 1640 1645 1709 gloriﬁcatur.
1672 1636 1827 1693 Pater

266 1732 417 1784 enim
452 1732 637 1787 voluit.
672 1731 842 1785 Filius
882 1731 1037 1793 fecit,
1072 1728 1304 1799 Spiritus
1345 1740 1565 1784 sanctus
1603 1729 1828 1783 manife-

188 1858 203 1871 ι
265 1831 416 1876 stum
450 1819 589 1874 iecit.
615 1816 847 1873 Necesse
868 1835 996 1888 ergo
1024 1829 1125 1882 est,
1159 1820 1233 1871 ait
1262 1828 1482 1873 sanctus
1511 1819 1597 1873 hic
1616 1816 1831 1887 episcoo'

265 1926 375 1981 pus
421 1912 562 1979 (ll),
596 1920 685 1975 ut,
726 1911 975 1979 quamvis
1019 1911 1181 1976 nolit,
1217 1911 1537 1963 conliteatur
1580 1908 1822 1979 (Noetus)

266 1997 488 2055 Patrem
534 2000 719 2075 Deum
746 2001 1193 2069 omnipotentem,
1238 2011 1291 2054 et
1322 2002 1596 2055 Clu-istum
1637 1999 1823 2054 Jesum

266 2092 465 2148 Filium
514 2090 640 2155 Dei,
698 2090 864 2144 Deum
919 2091 1119 2145 factum
1176 2091 1469 2153 hominem,
1510 2092 1594 2145 cui
1645 2093 1823 2144 omnia

265 2182 432 2238 Pater
463 2185 683 2252 subjicit
716 2192 909 2252 praeter
939 2200 1030 2246 se,
1067 2190 1121 2235 et
1163 2182 1421 2245 Spiritum
1470 2192 1737 2243 sanctum,
1770 2190 1825 2235 et

265 2275 369 2329 hos
416 2291 537 2328 vere
582 2290 703 2328 esse
744 2283 871 2327 tres.
904 2274 1054 2338 Quod
1103 2274 1146 2326 si
1203 2275 1315 2325 vult
1366 2273 1505 2326 scire
1550 2272 1824 2340 quomodo

264 2380 413 2419 lllttts
448 2364 587 2418 Deus
619 2366 1035 2426 demonstretur,
1071 2364 1202 2415 sciat
1237 2377 1396 2415 unam
1427 2377 1545 2415 esse
1573 2362 1821 2413 virtutem

262 2456 383 2510 sive
427 2455 717 2523 potentiam
767 2454 947 2520 hujus.
986 2471 1042 2506 ι.
1566 2520 1569 2523 _

347 2539 493 2595 Sane
528 2556 683 2594 nemo
708 2551 888 2609 posset
906 2539 1102 2594 nostris
1120 2539 1266 2592 hisce
1293 2540 1625 2607 temporibus
1653 2540 1823 2609 magis

264 2640 517 2685 aerurate
552 2632 694 2699 loqui
732 2631 799 2682 de
832 2631 1087 2699 mysterio
1118 2631 1476 2683 sanctissinne
1518 2628 1819 2693 Trinitatis,

265 2737 428 2791 quam
454 2723 779 2789 loquebatur
810 2722 864 2773 S.
888 2720 1221 2789 Hippolytus,
1256 2723 1344 2789 qui
1377 2724 1535 2775 tertio
1569 2722 1824 2777 Ecclesiae

264 2814 462 2870 saeculo
483 2815 679 2866 llornit.
711 2811 996 2879 Perspicue
1023 2827 1202 2864 revera
1222 2812 1492 2866 adorabile
1510 2815 1608 2867 hoc
1628 2824 1824 2885 myste-

263 2906 405 2959 rium
424 2914 802 2973 pertractatur,
821 2918 941 2955 cum
959 2904 1154 2955 dicitur
1170 2901 1380 2957 Patrem
1399 2920 1517 2959 esse
1536 2903 1721 2971 Deum,
1743 2904 1826 2960 Fi-

260 3000 397 3054 lium
415 3016 534 3053 esse
553 2998 743 3063 Deum,
765 2997 1021 3066 Spiritum
1036 3007 1277 3049 sanctum
1297 3013 1415 3052 esse
1437 2997 1601 3052 Deum
1622 3019 1637 3061 ;
1664 3011 1715 3053 et
1735 3002 1819 3053 iii-

260 3087 563 3144 hilominus
584 3105 749 3141 numu
769 3090 940 3141 solum
958 3105 1077 3141 esse
1096 3088 1282 3147 Deum,
1302 3092 1425 3157 quia
1445 3100 1551 3144 tres
1569 3092 1683 3143 ista:
1700 3090 1821 3143 Per-

257 3193 436 3245 sonae,
450 3182 552 3236 etsi
569 3195 691 3235 vere
708 3180 775 3232 ab
790 3181 1015 3231 invicem
1040 3178 1324 3241 distinctae,
1345 3188 1470 3232 sunt
1489 3195 1590 3231 una
1608 3182 1819 3232 eadem-

220 3332 224 3335 _
261 3288 374 3342 que
396 3275 585 3335 virtus,
610 3272 722 3325 sive
741 3270 999 3338 putentia,
1021 3270 1247 3337 ideoque
1266 3287 1405 3324 unus
1422 3280 1474 3323 et
1490 3272 1625 3322 idem
1660 3268 1823 3323 Deus;

262 3360 384 3415 Hoc
414 3377 522 3415 uno
568 3361 625 3414 S.
672 3360 935 3428 Ηίυωῑμὶ
976 3360 1336 3426 ριιΙςΙι;ιϊίιιιο
1366 3360 1671 3413 testimonio
1709 3370 1821 3412 tum

258 3457 400 3516 Arii,
420 3466 531 3509 tum
552 3456 766 3510 Sabellii
789 3457 1032 3523 impietas
1051 3454 1379 3525 proﬂigatur.
1400 3455 1529 3511 'l'rcs
1546 3466 1671 3511 sunt
1688 3457 1823 3510 divi-

257 3563 350 3601 nae
366 3546 634 3609 Persome,
653 3547 743 3600 sed
765 3564 903 3601 unus
922 3546 1060 3602 Deus
1077 3557 1204 3601 sunt
1228 3566 1240 3599 :
1266 3563 1329 3600 en
1352 3555 1520 3600 totum
1542 3547 1824 3601 sanctissi-

256 3655 371 3694 ma:
387 3630 667 3694 Trinitatis
689 3642 1018 3711 mysterium.
1036 3638 1263 3693 Notante
1283 3639 1499 3707 insuper
1515 3638 1582 3692 cl.
1604 3636 1823 3692 Marano

255 3728 381 3799 (42)
427 3732 590 3800 paulo
630 3739 775 3794 ante,
825 3745 943 3799 cap.
975 3731 1226 3784 nimirum
1269 3731 1336 3795 8,
1366 3740 1586 3784 sanctus
1622 3728 1823 3799 ilippo-

259 3822 413 3895 lytus
439 3825 651 3877 dixerat
686 3838 849 3877 unum
877 3821 1043 3876 Deum
1074 3838 1193 3876 esse
1219 3822 1512 3877 secundum
1546 3821 1820 3887 virtutem,

258 3917 384 3971 sive
426 3915 721 3971 secundum
764 3913 1052 3967 essentiam
1097 3914 1355 3975 divinam,
1385 3929 1503 3981 qua:
1535 3929 1639 3966 una
1669 3928 1825 3982 pror-

260 4022 367 4061 sus
395 4016 476 4060 est
519 4007 571 4059 in
613 4005 786 4057 tribus
823 4001 1114 4067 Personis;
1145 4004 1437 4080 secundum
1464 4013 1642 4056 autem
1678 4017 1823 4057 oeco-

249 4097 507 4150 ~iiomiam
551 4106 662 4150 tres
710 4093 973 4148 Personas
1020 4093 1223 4157 ostendi
1256 4094 1540 4161 :intelligit
1586 4109 1736 4163 ergo,
1765 4106 1823 4148 ut

262 4186 635 4241 Tertulliauus
668 4187 776 4254 (45)
799 4228 813 4247 ,
850 4185 1166 4239 (economia:
1204 4183 1453 4247 nomine,
1486 4201 1503 4233 ι
1538 4199 1818 4237 numerum

260 4289 325 4331 et
356 4278 761 4346 dispositionem
799 4275 1092 4329 Trinitatis.
1138 4293 1157 4325 ι
1203 4261 1315 4327 lloc
1338 4284 1516 4326 antem
1546 4274 1661 4326 loco
1698 4288 1820 4341 gra-

261 4363 401 4418 tiam
430 4366 661 4433 Spiritus
688 4366 861 4421 sancti
882 4364 1108 4434 appellat
1124 4380 1143 4414 (
1167 4365 1372 4419 tertiam
1390 4363 1751 4416 meonomiam
1769 4380 1783 4428 ;
1798 4380 1815 4412 ι
1838 4380 1839 4383 η

262 4458 365 4512 scd
419 4458 602 4511 eodem
653 4474 815 4513 sensu
864 4473 929 4511 ac
977 4454 1370 4520 Tertullianus,
1416 4454 1508 4525 qui
1561 4453 1817 4522 Spiritum

265 4555 516 4605 sanctum
552 4550 782 4617 appellat
813 4568 831 4601 ι
863 4551 1076 4603 tertium
1106 4548 1351 4617 gradum.
1384 4565 1403 4598 ι
1432 4546 1564 4601 Nam
1596 4546 1815 4616 gradus,

265 4639 481 4699 forma,
530 4639 777 4705 species,
819 4623 1099 4707 dispositio
1140 4640 1253 4693 sive
1296 4638 1626 4702 teconomia,
1676 4636 1815 4690 idem

264 4737 468 4784 sonant
501 4729 641 4797 apud
688 4726 1098 4783 Tertulliauum.
1131 4732 1307 4794 Quare
1356 4729 1401 4782 si
1435 4714 1668 4798 Spiritus
1692 4746 1819 4785 san-

262 4914 322 4975 et
368 4920 466 4961 nos
513 4903 658 4975 loqui
704 4903 1018 4959 docuerunt.
1060 4924 1077 4955 ι
1107 4903 1193 4957 Fr.
1232 4901 1529 4954 Turrianus
1573 4904 1625 4953 in
1675 4903 1817 4955 hunc

259 4974 387 5030 locu
399 4991 443 5026 in
453 5015 466 5029 .
589 4974 595 4975 ί
1234 5004 1241 5011 ν

342 5046 452 5115 (40)
482 5044 596 5115 Non
620 5050 815 5115 potest,
840 5048 1059 5115 notante
1086 5043 1151 5097 cl.
1191 5040 1407 5115 Murano
1430 5039 1519 5115 lib.
1549 5055 1599 5091 iv
1628 5038 1715 5115 D_e_
1734 5041 1816 5115 di-

266 5108 485 5168 vinitate
529 5114 584 5167 J.
622 5108 720 5177 Ο,
773 5128 833 5179 pa
877 5151 890 5163 .
933 5112 1057 5174 458,
1104 5111 1407 5165 accuratius
1430 5110 1621 5177 dogma
1658 5108 1815 5162 Chri-

267 5188 571 5232 ﬁlianm‘ttm
600 5183 812 5232 emoni.‘
841 5126 958 5232 Non
1001 5182 1170 5232 solum
1200 5183 1338 5232 enim
1379 5194 1658 5231 numerum
1687 5177 1815 5231 Pcr-

267 5188 571 5237 SIiaz.oruni
600 5177 812 5252 exponi.
846 5177 958 5252 Non
1001 5182 1170 5252 solum
1200 5183 1338 5233 enim
1379 5194 1658 5252 numerum
1687 5177 1816 5231 Per-

261 5268 529 5305 'i50narum
578 5247 709 5305 nihil
749 5251 814 5303 de
854 5249 958 5308 Dei,
987 5251 1353 5319 singularitate
1379 5247 1659 5319 detrahere
1687 5263 1817 5319 eon-

269 5324 470 5387 tendit;
500 5323 592 5375 sed
621 5324 780 5375 etiam
808 5324 974 5388 ipsam
1003 5317 1094 5371 Dei
1120 5320 1540 5387 singularitatem
1568 5317 1682 5388 sine
1713 5318 1814 5371 hoc

264 5386 628 5444 Pusonarum
664 5386 888 5445 numero
916 5404 1012 5442 nec
1045 5386 1355 5453 consiStere,
1389 5404 1486 5443 nec
1526 5386 1627 5440 coli
1656 5401 1815 5453 posse

265 5464 441 5514 docet.

336 5531 447 5595 (41)
481 5527 747 5597 Hippolyt.
777 5528 877 5581 loc.
909 5530 1022 5589 cit,
1050 5544 1199 5581 num.
1232 5529 1283 5583 8.

334 5597 446 5666 (42)
482 5595 739 5651 Priuleut.
768 5597 994 5658 Maiam,
1021 5597 1097 5650 De
1123 5600 1396 5654 divinitate
1421 5596 1473 5651 Ι.
1500 5596 1585 5663 C.,
1614 5595 1703 5649 lib.
1729 5610 1805 5659 tv,

264 5683 471 5807 P-
488 5734 717 5807 Tepluil.
750 5736 1170 5807 adv,i_Pra.1:eam,
1194 5752 1311 5807 cap.
1338 5738 1411 5791 3_.

293 5818 300 5823 ’
334 5803 447 5877 (Si)
482 5805 605 5860 Lib.
630 5803 829 5860 Contra
857 5804 1035 5873 Noet.,
1064 5823 1211 5860 num.
1235 5806 1287 5857 6.

1256 441 1344 498 DE
1384 441 1542 497 VITA
1576 442 1666 499 ΕΤ
1701 441 2012 500 δειιιρτιδ
2043 444 2101 498 S.
2144 443 2523 499 HIPPOLYTI.

272 574 397 613 vere
421 555 591 622 Patri,
609 566 665 611 et
685 556 848 621 Filio,
866 564 919 612 et
941 556 1161 628 Spiritui
1185 565 1373 613 sancto
1396 558 1675 613 credamus
1693 557 1827 629 (40)..
1853 564 1900 621 Α

3369 448 3474 504 834

1926 566 2049 612 ctus
2075 559 2272 614 dicitur
2300 562 2488 616 tertius
2523 558 2756 631 gradus,
2791 562 2897 616 dici
2925 562 3085 616 etiam
3116 571 3295 630 potest
3325 566 3484 618 tertia

1924 651 2207 722 dispositio
2228 692 2243 716 ,
2286 653 2399 707 sive
2443 655 2765 729 mentiomia.
2802 652 2980 707 Minue
3009 664 3260 708 accurate
3294 656 3346 709 in
3377 654 3507 711 [ρει-⁷

1926 742 2036 797 tina
2083 743 2523 813 interpretatione
2564 744 2865 799 incarnatin
2898 764 2917 796 ι
2965 747 3281 800 (econoniiae
3331 764 3349 796 ι
3386 762 3483 799 no-

1927 832 2070 888 mine
2093 834 2428 902 designatur,
2464 837 2516 888 in
2554 836 2637 888 liis
2671 836 2869 897 verbis,
2899 852 3019 905 quae
3046 837 3296 905 leguntur
3319 852 3367 892 c.
3400 838 3435 892 5
3463 853 3477 889 :

1925 922 2022 987 Τίς
2052 923 2161 996 γὰρ
2187 925 2287 978 obit
2323 927 2437 997 ἐρεῖ
2468 926 2561 991 ἕνα
2598 926 2729 980 Θεὸν
2758 923 2927 991 εἶναις
2964 928 3076 981 ἀλλ’
3108 928 3168 980 οὐ
3201 929 3299 998 τὴν
3338 930 3482 982 οἰκο-

1927 1015 2117 1087 νομίαν
2145 1008 2447 1089 ἀναιρήσει.
2485 1038 2500 1069 i
2530 1018 2663 1084 Quis
2692 1020 2834 1072 enim
2867 1035 2971 1073 non
3000 1021 3141 1074 dicet
3170 1037 3333 1074 unum
3365 1034 3486 1075 esse

1931 1102 2135 1159 Deiun?
2163 1123 2268 1160 non
2300 1116 2476 1160 tamen
2511 1110 2768 1161 continuo
2798 1110 3155 1167 (Economiam
3186 1110 3257 1178 (id
3300 1120 3382 1164 est
3405 1111 3486 1162 iu-

1928 1198 2318 1266 earnationem)
2374 1200 2606 1266 negabit.
2648 1219 2666 1250 i
2702 1197 2818 1253 Non
2881 1200 3335 1259 incarnationem,
3388 1196 3486 1253 sed

1930 1302 2214 1341 numerum
2243 1296 2296 1342 ct
2325 1289 2732 1358 dispositionem
2776 1289 3053 1343 Trinitatis
3090 1291 3396 1345 considerat
3423 1289 3482 1343 S.

1929 1376 2246 1450 Hippolytus
2275 1382 2380 1434 hoc
2406 1382 2459 1432 in
2488 1372 2629 1445 leco,
2660 1390 2714 1434 et
2746 1383 2993 1451 pluribus
3022 1382 3075 1436 in
3110 1382 3252 1436 aliis.

2444 1536 2840 1617 ARTICULUS
2878 1537 2967 1595 iv.

2019 1686 2084 1724 DE
2122 1687 2436 1728 DIVINITATE
2472 1689 2599 1728 FILII
2638 1691 2705 1728 ΕΤ
2756 1690 3389 1733 οοΝευΒετΑΝτιΑιιτΑτι

2609 1760 2785 1801 γειιιιι.
3439 1759 3445 1765 ”

1856 1888 1898 1941 Β
1998 1874 2258 1930 οῑυίηῑιαε
2292 1859 2443 1931 Filii.
2469 1908 2538 1917 —
2569 1877 2690 1933 l’ari
2728 1880 3044 1948 prtecisione
3078 1880 3322 1949 loquitur
3360 1894 3489 1936 san-
3581 1874 3587 1899 ³

1931 1972 2050 2018 ctus
2074 1966 2175 2018 iste
2199 1968 2488 2034 episcopus
2519 1983 2581 2021 ac
2608 1980 2807 2037 martyr
2837 1970 2905 2023 de
2938 1971 3222 2023 divinitate
3254 1985 3319 2032 ac
3358 1984 3491 2024 eon-

1928 2056 2386 2109 substautialitate
2440 2055 2595 2113 Verbi
2658 2059 2708 2110 in
2759 2059 3109 2127 particulari;
3162 2068 3215 2111 et
3264 2074 3327 2112 ex
3394 2038 3489 2129 illo
3561 2128 3567 2134 _

1928 2148 2208 2199 innumera
2236 2149 2501 2200 eruuntur
2534 2150 2838 2202 testimonia
2862 2190 2877 2210 ,
2912 2165 3032 2217 quae
3065 2149 3387 2202 Arianorum
3424 2164 3489 2204 ac

1930 2234 2342 2290 Sociuianonim
2368 2254 2430 2293 os
2471 2242 2756 2293 obstruere
2782 2241 2978 2293 valent.
3022 2238 3167 2293 Ilabe
3199 2230 3359 2293 modo
3390 2256 3489 2294 no-

1929 2328 2195 2380 tabiliora.
2217 2326 2278 2381 lii
2308 2330 2443 2382 libro
2471 2343 2649 2383 contra
2675 2329 2899 2389 Nectum
2931 2332 3127 2385 Christi
3156 2331 3487 2385 divinitatem
3574 2322 3577 2323 ν

1927 2416 2126 2470 diserte
2159 2419 2463 2485 protltetur,
2498 2421 2624 2472 dum
2662 2420 2729 2473 ad
2768 2421 2897 2473 illud
2944 2419 3185 2488 Apostoh
3223 2418 3380 2473 Rom.
3410 2436 3489 2485 ix,

1929 2502 2025 2556 15:
2056 2524 2073 2554 ι
2099 2504 2341 2569 Quorum
2376 2517 2576 2575 patres,
2600 2524 2663 2561 ex
2696 2509 2892 2577 quibus
2918 2509 3170 2563 Chrisms
3193 2512 3489 2564 secundum

1926 2608 2169 2653 carnem.
2197 2616 2214 2647 ι
2244 2608 2348 2651 etc.
2370 2640 2383 2663 ,
2422 2598 2494 2651 ita
2530 2600 2801 2668 eloquitur
2824 2601 2968 2671 (45):
3011 2622 3028 2651 ‹
3059 2600 3287 2656 Pulchre
3326 2618 3489 2657 enar-

1930 2694 2030 2750 rat,
2062 2696 2116 2739 et
2147 2688 2379 2742 dilucide
2419 2690 2735 2758 mysteiium
2778 2694 3041 2746 veritatis.
3118 2693 3236 2753 llic,
3277 2695 3368 2762 qui
3409 2698 3497 2750 est

1927 2791 2089 2844 super
2134 2780 2351 2836 omnia,
2404 2777 2546 2833 Deus
2594 2790 2671 2834 est
2716 2781 2815 2849 (sic
2859 2783 3000 2834 enim
3069 2786 3229 2837 audet
3262 2784 3487 2838 dicere:

1925 2866 2139 2935 (Omnia
2171 2868 2296 2921 mihi
2341 2871 2536 2921 tradita
2570 2882 2689 2922 sunt
2731 2890 2760 2922 ιι
2803 2870 3019 2941 Patre).
3062 2874 3160 2938 Qui
3212 2886 3293 2928 est
3326 2890 3489 2944 super

1924 2958 2103 3011 omnia
2125 2957 2262 3012 Deus
2282 2959 2611 3037 benedictus,
2637 2962 2846 3031 genitus
2867 2975 2978 3028 est;
3007 2976 3059 3017 ct
3093 2966 3264 3019 lactus
3300 2969 3486 3031 homo,

1925 3046 2066 3101 Deus
2090 3058 2173 3102 est
2192 3052 2239 3103 in
2266 3053 2480 3105 saecula.
2506 3072 2522 3103 i
2548 3054 2701 3123 (Sic.)
2720 3053 2780 3107 Et
2797 3069 2989 3110 rursus
3008 3059 3164 3125 paulo
3186 3058 3481 3130 intra(t5_):

1930 3157 1947 3188 ι
1973 3136 2203 3195 Necesse
2218 3159 2345 3212 ergo
2361 3153 2460 3208 est,
2481 3155 2538 3197 ut.
2550 3147 2798 3213 quamvis
2815 3149 2967 3210 nolit,
2986 3138 3271 3205 enntiteatu
3286 3172 3301 3199 ﬁ
3318 3151 3484 3207 Deum

1848 3222 1889 3275 C
1923 3231 2343 3298 omnipotentem
2365 3272 2387 3296 ,
2444 3244 2499 3288 et
2534 3235 2819 3289 'Cliristum
2871 3236 3053 3292 Jesum
3117 3239 3206 3293 Dei
3245 3241 3437 3295 Filium
3466 3244 3519 3307 ,‘

1924 3318 2091 3375 Deum
2142 3323 2339 3377 factum
2373 3325 2712 3381 hominem...
2757 3338 2811 3382 et
2851 3328 3105 3397 Spiritum
3128 3344 3401 3395 sanctum;
3431 3341 3487 3390 et

1926 3410 2025 3463 hos
2057 3427 2176 3467 esse
2209 3429 2336 3468 vere
2360 3424 2493 3478 tres,
2543 3419 2636 3469 καὶ
2669 3418 2885 3480 τούτους
2924 3415 3061 3472 εἶναι
3091 3421 3262 3485 οὕτως
3288 3424 3431 3493 τρία.
3456 3442 3480 3477 >

1991 3527 2293 3582 Cowteruus
2328 3528 2478 3582 Patri
2502 3540 2577 3583 est
2604 3529 3297 3587 Filius.—Generationem
3324 3546 3483 3590 teter-

1922 3635 2046 3672 nam
2068 3630 2122 3674 et
2140 3622 2750 3696 consubstantialitatem
2776 3622 2894 3676 Filii
2919 3641 3040 3677 cum
3064 3624 3223 3680 Patre
3249 3631 3481 3694 sequen-

1921 3712 1996 3766 tia
2028 3713 2320 3770 ostendunt
2367 3718 2536 3769 sancti
2582 3714 2847 3786 llippolyii
2886 3718 3045 3771 verba
3076 3718 3184 3787 (46)
3217 3736 3229 3771 :
3261 3738 3279 3769 ι
3314 3717 3479 3784 Deus,

1922 3804 2072 3858 solus
2115 3821 2237 3860 cum
2293 3816 2437 3861 esset
2482 3807 2639 3873 (ante
2686 3809 3050 3878 creationem)
3092 3811 3333 3879 nihilque
3375 3810 3483 3868 sibi

1921 3911 2159 3950 coaevum
2190 3896 2431 3962 haberet,
2461 3899 2634 3951 voluit
2664 3900 2925 3953 mundum
2961 3900 3189 3965 edicere,
3230 3917 3293 3956 ac
3317 3918 3481 3957 inun-
3560 3964 3563 3967 γ

1921 3988 2048 4042 dum
2081 3990 2324 4059 cogitans
2366 4004 2429 4042 ac
2474 3984 2680 4054 volens,
2720 3999 2775 4045 et
2822 3991 3008 4045 dicens
3044 3992 3254 4059 eftecit;
3305 3995 3481 4049 conti-

1900 4092 2139 4148 nuoque
2195 4080 2401 4134 exstitit
2439 4081 2487 4133 ei
2542 4071 2769 4143 factus,
2797 4082 2937 4134 sicut
2992 4083 3200 4148 voluit,
3238 4093 3298 4136 et
3337 4085 3478 4139 sicut

1922 4171 2110 4232 voluit,
2137 4171 2383 4239 perfecit.
2413 4169 2556 4225 Satis
2597 4172 2761 4239 igitur
2794 4172 2952 4225 nobis
2992 4182 3074 4226 est
3108 4175 3248 4227 scire
3274 4174 3475 4239 solum,

1920 4264 2054 4316 nihil
2088 4278 2210 4315 esse
2239 4262 2351 4316 Deo
2384 4276 2648 4315 comvum.
2689 4260 2832 4315 Nihil
2872 4272 2990 4316 erat
3032 4275 3223 4330 prceter
3259 4265 3472 4332 ipsum;

1855 4351 1858 4354 ’
1921 4353 2035 4421 ipse
2060 4352 2230 4414 solus,
2264 4353 2467 4407 multus
2487 4362 2625 4407 erat.
2643 4351 2751 4406 Nec
2782 4355 2931 4407 enim
2956 4365 3073 4409 erat
3102 4355 3218 4408 sine
3244 4356 3475 4422 ratione,

1920 4444 2039 4497 sine
2072 4444 2357 4511 sapientia,
2389 4444 2507 4498 sine
2534 4444 2792 4511 potentia,
2832 4445 2951 4499 siue
2984 4446 3234 4500 consilio.
3279 4445 3470 4499 Omnia

1846 4555 1893 4612 ο
1920 4544 2074 4589 erant
2104 4536 2157 4589 in
2209 4551 2308 4589 eo:
2359 4536 2473 4605 ipse
2525 4545 2641 4590 erat
2677 4538 2881 4589 omnia.
2913 4536 3141 4602 Quando
3185 4538 3390 4600 voluit,
3421 4544 3476 4591 et

1922 4628 2195 4697 quomodo
2221 4629 2409 4691 voluit,
2432 4627 2916 4684 ostenditVerbum
2950 4646 3106 4683 suum
3140 4630 3473 4698 temporibus

1920 4720 2060 4786 apud
2094 4733 2217 4771 eum
2256 4719 2527 4784 dclinitis;
2562 4733 2659 4788 per
2702 4720 2845 4788 quod
2882 4720 3060 4772 omnia
3103 4718 3228 4773 fecit
3264 4719 3467 4787 07)....

1992 4897 2103 4966 (ιὸ)
2142 4895 2283 4966 idem
2319 4895 2474 4956 ibid.,
2508 4910 2660 4947 num.
2689 4896 2741 4948 8.

1992 4957 2103 5031 (46)
2145 4964 2201 5017 S.
2240 4964 2531 5033 Hippolyt.,
2559 4967 2657 5018 loc.
2687 4966 2804 5025 cit.,
2836 4976 2983 5015 num.
3015 4957 3100 5015 10.

1992 5038 2102 5102 (47)
2143 5033 2265 5087 “EBG
2284 5043 2336 5086 et
2359 5035 2637 5101 sequentia
2672 5037 2865 5085 mirum
2889 5035 2944 5102 iu
2975 5035 3188 5083 modum
3218 5035 3472 5101 explanat

1923 5100 2167 5159 simulet
2201 5112 2419 5156 strenue
2444 5100 2629 5155 tuetur
2657 5115 2842 5155 contra
2878 5100 3087 5157 .luriuiu
3119 5100 3474 5161 dnctissinius

1922 5176 2213 5245 Bussuetus
2260 5170 2548 5245 leidensis
2582 5175 2897 5245 cpiscopus.
2931 5173 3287 5245 Avei'tiss.__vt,
3317 5174 3344 5245 ξ
3380 5176 3471 5238 68,

1923 5245 2027 5298 Sur
2052 5242 2123 5295 les
2156 5246 2329 5293 lettres
2372 5242 2433 5293 de
2478 5240 2685 5294 Jnrieu.
2731 5240 2973 5309 (Euvres
3010 5251 3137 5293 tom.
3169 5240 3259 5307 IV,
3290 5240 3341 5311 μζ
3368 5246 3473 5298 575

1919 5330 1971 5366 et
2000 5329 2112 5380 seq.
2146 5311 2235 5364 Ait
2265 5312 2517 5364 nimirum
2541 5314 2608 5364 el.
2644 5311 2941 5364 Bossnctus
2983 5323 3228 5363 sanctum
3270 5314 3470 5380 Hippo-

1920 5385 2083 5453 lytum
2116 5392 2227 5453 non
2263 5391 2471 5435 tantum
2507 5382 2743 5451 seipsum
2777 5381 3075 5453 luculenter
3118 5381 3170 5433 in
3206 5383 3472 5434 catholico

1919 5452 2079 5506 sensu
2122 5452 2417 5515 declarare,
2465 5454 2555 5504 sed
2612 5453 2771 5505 etiam
2828 5452 3045 5501 modum
3100 5452 3466 5520 suppeditare,

1919 5540 2026 5591 quo
2055 5523 2155 5573 alia
2191 5522 2387 5573 similia
2434 5520 2532 5574 SS.
2582 5520 2797 5573 Patrum
2834 5519 3180 5585 testimonia,
3220 5535 3338 5587 quae
3372 5520 3471 5591 ob-

1918 5589 2160 5644 scuriora
2187 5602 2467 5658 apparent,
2507 5592 2739 5643 dilucide
2761 5598 3118 5658 exponentur.
3149 5591 3283 5642 Cum
3324 5589 3467 5640 enim

1918 5664 1969 5714 in
2002 5663 2119 5714 loco
2150 5657 2314 5714 citato
2356 5663 2532 5714 dicat:
2586 5679 2603 5710 ‹
2636 5659 2789 5724 Quod
2818 5657 3051 5712 Verbum
3077 5700 3092 5723 ,
3150 5673 3269 5709 cum
3326 5658 3376 5708 in
3410 5672 3469 5711 se

1916 5732 2181 5794 haberet,
2233 5740 2485 5799 essetque
2540 5729 2742 5783 mundo
2797 5737 2978 5782 creato
3043 5726 3468 5799 inaspectabile,

1916 5804 2167 5857 einittens
2198 5797 2430 5869 priorem
2474 5814 2657 5856 vocem
2684 5839 2699 5865 ,
2732 5806 2785 5853 et
2818 5800 2996 5853 lumen
3026 5812 3091 5851 ex
3132 5797 3335 5850 lumine
3372 5810 3465 5866 30.-
