4104 6350
690 452 801 510 355

1655 446 1746 501 DE
1788 444 1950 501 vna
1994 442 2081 497 ET
2120 441 2429 498 SCRIPTIS
2469 441 2527 499 s.
2570 442 2950 498 HlPPOLYTl.
3227 422 3230 424 ⁷
3562 438 3565 439 ί
3794 447 3859 501 εις

680 562 884 623 Eorum
919 572 1097 618 autem
1130 577 1250 633 quae
1278 562 1418 618 facta
1452 571 1597 627 sunt,
1624 562 1840 626 ducem,
1866 558 2237 615 consiliarium
2267 560 2316 617 Α
2341 563 2564 625 martyr,
2610 555 2755 624 quod
2786 556 3187 624 Athenagoram
3222 554 3476 618 docuisse
3508 566 3673 623 supra
3706 564 3889 609 esten.

664 667 734 715 ιι
801 659 1109 728 operarium
1138 656 1459 725 ’generahat
1491 653 1766 717 Verbum;
1810 652 1952 721 quod
2007 651 2242 705 Verbum

675 766 806 807 eum
857 750 914 804 in
955 766 1015 803 se
1071 750 1335 810 haberet,
1387 754 1640 814 essetque
1699 745 1901 797 mundo
1933 752 2113 797 creato
2155 742 2243 795 in-

677 842 1050 912 aspectabile,
1110 840 1237 894 fecit
1289 839 1609 905 aspectabile
1636 878 1651 902 ,
1713 837 1965 890 emittens
2009 836 2241 904 priorem

676 950 903 999 vocem;
927 942 981 989 et
1008 934 1189 987 lumen
1210 947 1276 986 ex
1305 932 1507 984 lumine
1558 944 1824 999 generans
1892 926 2123 996 (48-69),
2150 926 2243 980 de-

634 1058 639 1067 ~
676 1026 946 1097 prompsit
980 1025 1082 1093 ipsi
1110 1034 1371 1079 creaturae
1409 1022 1735 1083 Dominum,
1774 1036 1997 1075 sensum
2035 1033 2193 1073 suum
2222 1036 2237 1071 :

674 1123 735 1171 et
762 1115 854 1185 qui
880 1115 1031 1183 prius
1057 1115 1160 1185 ipsi
1186 1121 1395 1167 tantum
1421 1120 1541 1166 erat
1562 1110 1812 1174 visibilis,
1833 1110 2034 1164 mundo
2058 1118 2238 1164 autem

668 1205 1006 1269 invisibilis,
1044 1205 1193 1259 hunc
1234 1201 1498 1259 visibilem
1533 1202 1681 1269 facit,
1723 1212 1785 1256 ut
1821 1204 2077 1269 mundus,
2114 1219 2237 1259 cum

671 1313 829 1365 eum,
850 1284 953 1369 qui
974 1298 1247 1368 apparuit,
1271 1295 1497 1358 videret,
1522 1296 1707 1350 salvus
1743 1294 1857 1349 ﬁeri
1887 1304 2084 1363 posset.
2110 1314 2128 1346 ι

654 1390 659 1395 ’
743 1388 860 1445 Hoc
889 1387 1013 1444 loco
1059 1387 1180 1444 divi
1208 1385 1482 1457 Hippolyti
1525 1386 1769 1439 abutitur
1816 1386 2051 1441 Sandius
2081 1384 2235 1453 (50);

591 1481 594 1484 ’
676 1479 806 1535 dum
838 1494 907 1535 ex
945 1492 1011 1531 eo
1050 1477 1337 1531 ostendere
1388 1487 1652 1541 conatur,
1698 1486 1945 1530 sanetum
1994 1486 2237 1531 nostrum

674 1571 993 1641 episcopum
1028 1568 1326 1630 docuisse,
1370 1567 1567 1621 Filium
1609 1568 1771 1636 paulo
1801 1576 1925 1621 ante
1973 1564 2235 1623 mundum

675 1660 953 1716 conditum
1006 1658 1269 1714 etsistere
1321 1659 1573 1728 cmpisse.
1624 1656 1824 1711 Verum
1882 1658 2235 1713 doctissimus
2279 1694 2283 1695 ν

674 1745 863 1803 Bullus
896 1747 1010 1817 (51)
1064 1747 1316 1801 eumdem
1370 1746 1549 1801 locum
1608 1745 1679 1800 ab
1739 1746 2235 1815 interpretamentis

677 1837 866 1895 Sandii
920 1837 1135 1908 egregie
1181 1828 1422 1891 vindicat
1468 1838 1542 1892 ita
1569 1837 1888 1891 disserens:
1932 1855 1951 1889 ι
1984 1837 2234 1910 Agnosco

678 1927 925 1996 quidem,
959 1927 1047 1985 hic
1073 1910 1160 2000 ab:
1183 1924 1471 1996 Hippolyto
1506 1926 1906 1996 generationem
1940 1928 2232 1995 quamdam

673 2014 857 2074 Verbo
886 2006 1000 2074 sive
1032 2018 1171 2073 Filio
1202 2006 1295 2073 Dei
1325 2017 1510 2081 tribui,
1544 2032 1651 2089 quo
1687 2017 1872 2089 mundi
1898 2019 2231 2091 creationem

670 2093 925 2183 proxime
970 2110 1341 2167 antecesserit.
1383 2107 1486 2163 Sed
1533 2109 1756 2164 omnino
1793 2094 1930 2179 nego
1963 2110 2031 2164 de
2071 2126 2235 2181 gene-

660 2204 884 2277 ratione
909 2203 1058 2272 loqui
1081 2201 1426 2273 Hippolytum
1458 2200 1675 2270 proprie
1698 2201 1998 2269 dicta,qtta:
2026 2202 2235 2269 scilicet

673 2288 839 2347 Verbi
867 2291 1030 2347 fuerit
1067 2290 1371 2362 productio,
1406 2305 1581 2359 quave
1611 2289 1844 2343 Verbum
1874 2290 2071 2365 ipsum,
2105 2306 2231 2347 cum

668 2380 828 2453 prius
866 2395 977 2435 non
1023 2382 1350 2445 exsisteret,
1384 2381 1645 2435 exsistere
1685 2381 1866 2450 coepit.
1907 2380 2045 2437 Huic
2083 2398 2234 2437 com-

670 2478 861 2556 mento
889 2480 1037 2526 totus
1069 2469 1354 2541 Hippolyti
1375 2487 1555 2526 sermo
1578 2481 1864 2542 repugnat.
1891 2470 2026 2526 Nam
2061 2471 2250 2531 Deum'

669 2578 739 2621 ex
772 2570 974 2618 uterne
1002 2562 1074 2617 ita
1111 2580 1129 2614 ι
1167 2563 1342 2617 solum
1380 2580 1400 2614 ι
1440 2561 1612 2618 fuisse
1658 2563 1853 2627 docet,
1908 2571 1969 2618 ut
2011 2563 2229 2619 interim

680 2674 701 2707 ι
726 2650 957 2710 multum
982 2673 1001 2706 ι
1033 2653 1204 2709 fuisse
1236 2652 1480 2709 aﬂirmet.
1514 2652 1836 2719 Quomodo?
1862 2655 1999 2721 Quia
2027 2655 2233 2710 scilicet

669 2741 818 2800 Deus
846 2742 1004 2801 Pater
1033 2759 1314 2815 nunquam
1353 2751 1473 2798 erat
1516 2736 1636 2800 sine
1661 2746 1870 2801 ratione
1901 2744 2011 2817 (τῷ
2040 2744 2227 2816 Λόγῳ)

667 2846 723 2891 et
745 2839 1030 2906 sapientia,
1066 2838 1169 2892 hoc
1201 2846 1303 2901 est,
1342 2838 1459 2891 sine
1488 2836 1628 2892 Filio
1664 2848 1718 2893 et
1758 2831 1964 2908 spiritu
1996 2847 2225 2904 sancto;

668 2926 896 2996 proinde
928 2941 1037 2979 non
1067 2925 1183 2981 sine
1206 2926 1456 2989 consilio,
1485 2941 1609 2980 cum
1640 2936 1933 2996 utrumque
1968 2928 2071 2982 sibi
2095 2943 2229 2982 con-

669 3016 936 3071 siliarium
992 3016 1260 3070 habuerit.
1310 3014 1503 3071 Nullus
1562 3017 1790 3083 dubito,
1836 3021 1965 3087 quin
2011 3019 2102 3075 hic
2157 3018 2228 3075 sit

670 3120 867 3160 sensus
924 3106 1191 3174 genuinus
1252 3106 1479 3160 istorum
1546 3106 1827 3178 Hippolyti
1888 3109 2221 3165 verborum:

671 3191 823 3247 Nihil
846 3204 957 3246 erat
989 3203 1177 3260 praeter
1210 3195 1416 3263 ipsum;
1470 3196 1597 3264 ipse.
1633 3197 1774 3250 solus
1798 3257 1809 3269 η
1835 3201 2029 3253 multus
2083 3213 2220 3267 erat,
2249 3220 2293 3277 ο

671 3282 786 3339 Nec
835 3284 974 3338 enim
1017 3292 1130 3337 erat
1172 3285 1282 3339 sine
1334 3287 1535 3339 ratione
1570 3289 1792 3356 (procul
1826 3289 1991 3344 dubio
2038 3291 2221 3347 Graece

672 3374 963 3441 scripserat
1015 3372 1331 3445 Hippolytus
1403 3376 1480 3445 τῷ
1524 3378 1731 3449 Λόγῳ),
1783 3381 1894 3433 sine
1935 3384 2217 3450 sapientia,

670 3462 782 3515 sine
814 3458 1051 3516 eoniilt’o.
1124 3461 1328 3534 Quippe
1357 3465 1522 3519 Deum
1564 3452 2220 3541 agnovisse‘llippolytum

670 3566 837 3605 unum
869 3559 923 3605 et
965 3552 1215 3617 multum,
1238 3554 1350 3615 ltoe
1380 3564 1463 3608 est
1492 3555 1726 3620 trinum;
1760 3570 1928 3610 unum
1968 3562 2218 3627 essentia,

670 3642 871 3698 trinum
904 3641 1183 3708 Personis,
1219 3645 1335 3716 ipse
1363 3646 1527 3715 hujus
1552 3648 1787 3701 homilia:
1814 3649 2006 3704 titulus
2046 3652 2225 3706 decla-

666 3744 771 3791 rat.
796 3735 1032 3791 Tertiam
1060 3747 1239 3791 autem
1264 3738 1562 3793 divinitatis
1602 3739 1916 3811 bypostasin
1950 3734 1968 3793 r
1995 3741 2222 3814 Sapien-

666 3826 757 3878 tia
785 3842 803 3875 ι
844 3825 1066 3879 nomine
1095 3827 1382 3903 appellavit
1422 3826 1763 3900 Hippolytus,
1810 3831 2016 3901 lrentei,
2064 3836 2222 3906 cujus

666 3916 885 3969 auditor
926 3913 1096 3970 fuisse
1159 3918 1511 3985 perhibetur,
1554 3923 1801 3990 exemplo
1849 3933 1905 3978 et
1950 3942 2016 3979 ex
2069 3942 2221 3983 more

667 4007 883 4060 illorum
940 4015 1262 4076 temporum.
1317 4004 1520 4085 Deinde
1558 4009 1634 4063 ait
1688 4010 2023 4084 Hippolytus,
2054 4016 2218 4072 Deum

665 4112 953 4169 generasse
981 4096 1241 4162 Verbum,
1277 4098 1423 4169 quod
1454 4100 1521 4153 ab
1542 4108 1743 4154 aterno
1770 4103 1824 4155 in
1854 4118 1913 4157 se
1950 4105 2217 4163 habuerit.

662 4190 983 4255 Quomodo?
1033 4208 1053 4241 s
1087 4189 1295 4257 Ipsum,
1343 4190 1539 4259 inquit,
1594 4192 1925 4259 temporibus
1972 4195 2113 4261 apud
2164 4211 2222 4250 se

666 4298 687 4330 s
716 4279 948 4334 definitis
990 4280 1265 4335 ostendit:
1303 4281 1479 4349 ipsum
1521 4291 1783 4335 creaturae
1825 4291 1884 4335 ut
1909 4280 2219 4359 meinum,

666 4386 688 4419 ‹
714 4369 1084 4438 deprompsit:
1114 4372 1288 4438 ipsum
1312 4372 1544 4441 denique
1568 4372 1781 4426 sibimet
1811 4373 1911 4427 soli
1940 4374 2091 4441 prius
2117 4389 2220 4427 no-

670 4475 690 4508 ‹
717 4460 1073 4521 tum,mundo
1094 4462 1359 4516 visibilem
1393 4461 1569 4516 fecit.»
1592 4462 1771 4530 Itaque
1796 4466 2086 4533 generatio,
2110 4474 2221 4534 qua

2345 644 2545 699 dimus.
2575 645 2736 714 Atqui
2762 644 2815 698 in
2845 645 2989 699 hunc
3018 658 3240 698 sensum
3269 652 3330 697 ut
3357 642 3701 714 Hippolytum
3731 644 3893 699 inter-

2341 745 2641 802 pretemur,
2682 736 2910 791 suadent
2954 736 3171 804 quidem
3203 734 3318 804 ipsa
3357 734 3464 789 loci
3499 734 3648 789 allati
3691 735 3891 800 verba‘;

2342 824 2437 877 sed
2467 838 2533 878 eo
2559 808 2714 893 plane
2739 840 2837 878 nos
2865 833 3067 893 cogunt
3085 824 3190 878 alia
3219 820 3337 893 ejus
3365 825 3586 903 scripta,
3613 824 3667 877 in
3696 825 3917 894 quibus

2339 924 2667 970 coaeternam
2687 915 2805 970 Filii
2823 931 2942 970 cum
2960 914 3119 971 Patre
3143 916 3511 971 exsistentiam
3530 915 3709 971 verbis
3734 915 3894 972 veluti

2341 1007 2478 1062 solis
2502 1007 2655 1061 radio
2677 1007 2959 1077 descriptis
2987 1008 3247 1062 declarat.
3279 1025 3299 1059 ι
3352 1081 3360 1087 _

2376 1216 2379 1219 <
2412 1186 2518 1242 Sed
2547 1187 2717 1242 multo
2740 1187 3093 1243 luculentiora
3126 1187 3396 1259 perfectae,
3437 1205 3502 1243 ac
3528 1205 3669 1246 verte
3690 1189 3890 1245 divini-

2339 1277 2466 1330 tatis
2504 1278 2558 1330 in
2607 1275 2780 1342 Filio,
2830 1278 3054 1347 ejusque
3085 1276 3320 1333 Persona
3354 1294 3385 1332 a
3437 1279 3596 1334 Patre
3639 1280 3894 1335 distincta

2341 1366 2397 1419 S.
2433 1365 2755 1437 Hippolytus
2786 1370 3089 1423 testimonia
3121 1369 3269 1424 dedit
3296 1369 3349 1423 in
3393 1371 3665 1440 opusculis
3696 1371 3894 1425 Contra

2336 1456 2591 1512 Beronem
2620 1456 2951 1524 et'Helicem,
2983 1459 3124 1528 apud
3170 1460 3541 1516 Anastasium.
3587 1461 3647 1515 In
3693 1462 3912 1533 quibus

2337 1542 2618 1617 duplicem’
2636 1549 2693 1603 in
2738 1547 2958 1603 Christo
3002 1560 3252 1612 naturam
3301 1561 3553 1606 accurate
3595 1552 3889 1617 discernit;

2336 1648 2391 1693 et
2438 1640 2676 1694 divinam
2718 1640 2965 1695 eamdem
3008 1641 3165 1709 plane
3208 1657 3333 1697 esse
3376 1644 3732 1708 demonstrat,
3771 1658 3929 1714 qua:-

2332 1738 2418 1783 est
2448 1730 2501 1782 in
2530 1728 2711 1785 Patre.
2762 1749 2781 1784 t
2816 1732 3047 1786 Verbum
3077 1733 3218 1787 enim
3248 1734 3340 1790 Dei
3365 1735 3511 1789 nulla
3535 1751 3593 1790 re
3621 1746 3891 1792 mutatum

2332 1818 2506 1885 esse,»
2527 1821 2656 1875 dicit
2677 1838 2742 1879 eo
2768 1822 2906 1891 ipso,
2920 1824 3070 1892 quod
3086 1840 3299 1880 carnem
3319 1826 3493 1881 induit
3513 1845 3527 1891 ;
3551 1845 3570 1877 ‹
3588 1809 3693 1882 περ’
3708 1830 3763 1882 in
3782 1829 3896 1883 ullo

2340 1925 2585 1980 prorsus,
2616 1912 2810 1985 inquo
2842 1914 2982 1969 idem
3025 1924 3110 1970 est
3142 1931 3264 1971 eum
3304 1916 3720 1985 Patre,.l'actum
3772 1934 3918 1975 esse-

2338 2002 2479 2055 idem
2508 2019 2631 2058 cum
2659 2019 2822 2060 carne
2852 2016 3068 2076 propter
3105 2000 3547 2065 exinanitioneni.
3576 2009 3680 2065 Sed
3705 2012 3896 2081 cujus.

2339 2094 2485 2148 modi
2514 2104 2633 2149 erat
2661 2096 2866 2165 absque
2894 2113 3080 2166 carne,
3106 2098 3177 2153 ita
3204 2102 3641 2157 mansisseextra
3670 2117 3891 2171 omnem

2337 2184 2903 2261 circumscriptionem
2942 2188 3075 2259 (52).
3104 2208 3125 2241 ι
3162 2189 3413 2246 Rursus:
3468 2210 3487 2243 ι
3523 2192 3701 2247 Deum
3735 2192 3891 2247 illum

2336 2276 2606 2333 inﬁnitum
2624 2278 2807 2341 simul,
2825 2290 2877 2333 et
2908 2280 3381 2357 circumscriptum
3396 2285 3682 2339 hominem
3718 2299 3844 2339 esse
3865 2303 3888 2337 ι

2335 2367 2487 2434 ait,t
2529 2379 2585 2424 et
2613 2370 2870 2440 intelligi,
2906 2372 3187 2441 utriusque
3246 2373 3603 2433 substantiam
3655 2374 3895 2446 perfecta

2334 2459 2629 2529 perfectam
2654 2461 2936 2516 habentem
2963 2463 3096 2533 (55).
3121 2482 3139 2515 ›
3164 2462 3320 2531 Quod
3348 2475 3525 2535 potest
3542 2481 3662 2522 esse
3685 2467 3897 2521 clarius

2333 2563 2580 2619 summae,
2620 2551 2989 2620 absolutaeque
3034 2552 3335 2608 divinitatis
3380 2554 3435 2607 in
3483 2551 3705 2608 Christo
3749 2568 3891 2621 pra:-

2334 2643 2588 2697 conium?
2616 2627 2846 2709 Nam'et
2878 2643 3149 2697 inlinitum
3172 2641 3357 2698 Deum
3402 2644 3549 2699 hunc
3596 2656 3717 2698 esse
3747 2656 3891 2711 prae-

2315 2730 2521 2805 dicat,
2564 2742 2617 2788 et
2664 2734 3026 2800 immensum,
3058 2742 3113 2787 et
3164 2734 3593 2798 immutabilem,
3643 2734 3885 2790 et'idem

2333 2824 2557 2878 omnino
2588 2840 2711 2878 cum
2740 2826 2918 2891 Patre,
2944 2825 3088 2893 quod
3129 2825 3197 2879 ad
3220 2833 3470 2883 naturam
3508 2826 3719 2890 attinet,
3758 2840 3888 2880 cum

2332 2914 2556 2983 sitrejus
2586 2914 2777 2981 Filius,
2812 2916 3040 2986 ideoque
3069 2916 3247 2987 reipsa
3272 2916 3580 2983 distinctus.
3604 2915 3884 2987 Denique:
3936 2930 3937 2933 ‘

2336 3004 2651 3073 «,Divinitas
2687 3008 2885 3079 (inquit
2928 2998 2996 3063 ex
3040 3008 3312 3063 Anastasii
3347 3009 3637 3079 versione),
3673 3018 3733 3064 ut
3769 3018 3889 3066 erat

2330 3101 2459 3149 ante
2496 3084 3033 3162 incarnationem,'et
3072 3106 3154 3161 est
3181 3086 3300 3166 post
3328 3097 3758 3167 incarnationem
3795 3114 3887 3154 se.
3917 3114 3920 3118 '

2329 3185 2567 3240 cundum
2601 3196 2853 3249 naturam
2880 3186 3118 3254 infinita,
3158 3187 3757 3259 incomprehensibilis,
3788 3192 3911 3247 im-r

2330 3276 2625 3345 passibilis,
2660 3277 3241 3350 incomparabilis(imo
3265 3276 3662 3351 inalterabilis),
3691 3270 3887 3338 incon-

2322 3368 2621 3434 vertibilis,
2674 3384 2768 3437 per
2815 3385 2873 3424 se
2907 3379 3125 3439 potens,
3180 3380 3235 3425 et
3283 3380 3344 3425 ut
3393 3380 3565 3426 totum
3609 3374 3884 3440 dicamus,

2322 3457 2628 3513 subsistens
2670 3444 3043 3515 substantialis
3096 3462 3208 3515 sola
3260 3460 3497 3517 infinitae-
3524 3464 3745 3519 virtutis-
3780 3465 3884 3518 bo-

2321 3562 2454 3603 num
2506 3547 2643 3619 (54).
2683 3569 2702 3602 ι
2740 3550 2990 3606 Potuitne
3030 3553 3115 3606 vel
3166 3554 3270 3607 hoc
3341 3555 3552 3608 saeculo.
3584 3556 3878 3625 quisquam

2323 3636 2607 3707 disertius,
2638 3644 2946 3709 expressius
2996 3628 3499 3712 signiﬁcantiusque
3541 3646 3878 3700 divinitatem

2322 3729 2465 3795 Filii,
2506 3746 2571 3785 ac
2611 3731 2969 3788 Personarum
3021 3728 3661 3810 discrimen-exponere,
3708 3747 3879 3805 quam

2322 3820 2555 3890 scriptor
2605 3822 2695 3877 ille
2762 3820 2889 3877 fecit
2940 3823 3231 3892 antiquus,
3284 3832 3573 3894 antequam
3622 3822 3878 3884 Nicaenus

2321 3928 2612 3971 consessus
2645 3914 2909 3984 liquidam
2940 3929 3004 3968 ea
3047 3914 3115 3969 de
3159 3930 3217 3969 re
3252 3916 3570 3970 sententiam
3601 3917 3876 3986 explicas—

2320 4007 2443 4061 set?
2494 4002 2590 4060 His
2619 4014 2745 4060 sunt
2788 4016 3147 4063 consentanea
3192 4008 3500 4062 testimonia
3537 4007 3874 4077 reliquorum

2321 4094 2742 4164 fragmentorum
2768 4094 2916 4164 (sunt
2945 4106 3120 4149 autem
3144 4106 3265 4150 octo
3288 4096 3532 4163 omnino)
3562 4097 3628 4151 de
3652 4097 3875 4154 Christo

2322 4186 2449 4251 Deo,
2470 4186 2673 4255 Deique
2695 4185 2832 4243 Filio
2854 4187 2991 4241 dicta
3012 4230 3027 4253 ,
3049 4203 3168 4256 quae
3197 4188 3425 4258 longum
3443 4189 3515 4242 sit
3540 4191 3878 4247 exscribere.

2322 4276 2388 4331 Ut
2431 4293 2555 4332 cum
2603 4280 2657 4332 in
2712 4279 2949 4335 secundo
2978 4280 3289 4335 nominatur
3312 4280 3342 4330 ὁ
3376 4279 3483 4333 τῶν
3534 4280 3669 4334 ὅλων
3702 4283 3866 4358 νΘεός,

2327 4385 2346 4419 t
2382 4368 2526 4422 Deus
2578 4370 2992 4438 universorum,
3027 4390 3046 4423 ι
3081 4378 3135 4439 et
3182 4370 3237 4424 in
3279 4377 3432 4423 sexto
3480 4370 3734 4426 tribuitur
3791 4376 3868 4429 illi

2325 4478 2345 4510 ι
2374 4458 2835 4531 imprincipalitas,
2880 4462 3133 4527 infactto,
3158 4461 3415 4527 inﬁnitas,
3450 4464 3866 4533 setnpiternitas,

663 4547 732 4602 de
780 4550 1020 4616 loquitur
1051 4548 1389 4620 Hippolytus,
1429 4569 1535 4607 non
1564 4562 1648 4608 est
1695 4553 1850 4609 Verbi
1889 4556 2209 4625 productio;
2241 4539 2291 4596 Π
2315 4551 2955 4621 incomprehensibilitas,
2981 4572 3001 4604 ι
3043 4564 3096 4607 et
3124 4543 3465 4624 quaecunque,
3498 4573 3517 4606 ι
3542 4556 3734 4612 borum
3776 4574 3868 4613 se-

662 4638 755 4693 sed
792 4639 961 4706 ipsius
989 4653 1055 4693 ex
1095 4648 1295 4692 aeterno
1322 4640 1467 4695 Patri
1495 4643 1896 4707 coexsistentis,
1940 4647 2209 4710 ostensio,

659 4728 1035 4798 deprontptio,
1080 4740 1133 4783 et
1166 4726 1566 4794 manifestatio,
1600 4746 1720 4799 quae
1750 4747 1841 4786 res
1879 4744 2089 4788 creatas
2124 4751 2216 4813 re-

661 4816 916 4882 spexerit.
969 4814 1042 4873 Ut
1093 4818 1235 4872 idem
1300 4833 1527 4889 prorsus
1586 4818 1814 4875 voluerit
1867 4820 2214 4879 beatissimus

660 5094 875 5147 rimus,
918 5102 937 5134 ι
989 5082 1111 5137 lucc
1156 5082 1354 5138 clarius
1400 5086 1665 5149 ostendit,
1714 5085 1855 5141 hanc
1915 5085 2209 5141 secundam

664 5148 820 5203 Verbi
854 5154 1275 5232 generationemz
1306 5155 1435 5232 nihil
1467 5155 1609 5207 aliud
1650 5148 1788 5220 esse,
1826 5172 1988 5225 quam
2026 5165 2207 5232 exter;

661 5234 785 5295 nam
820 5222 1059 5287 ejusdem
1100 5222 1628 5295 manifestatiouem;
1658 5240 1753 5279 seu
1790 5243 1809 5277 ι
1836 5222 2207 5295 operationem

658 5288 725 5343 ad
757 5300 928 5353 extra,
952 5308 971 5341 ι
1010 5299 1069 5345 ut
1096 5290 1293 5351 Schola
1321 5292 1578 5361 loquitur.

728 5404 934 5477 (i849)
976 5403 1064 5455 Sic
1102 5406 1267 5459 locuti
1307 5404 1657 5477 ante_Patres
1701 5404 1965 5470 Nicmnos,
2014 5416 2207 5476 przeter

656 5474 998 5543 Hippolytum
1019 5482 1281 5536 nostrum,
1300 5486 1423 5528 sunt
1440 5474 1681 5528 Justinus
1712 5487 1929 5546 martyr,
1946 5474 2205 5546 Ta'tianus

655 5541 1129 5606 et'Athenagoras.
1176 5554 1235 5595 ut
1273 5554 1511 5597 notatum
1544 5541 1863 5598 doctissimo
1904 5541 2108 5600 Grabio
2135 5548 2203 5600 ad

656 5614 911 5666 Iri-narum
946 5612 1033 5679 lib.
1076 5628 1134 5667 ll,
1181 5626 1297 5679 cap.
1329 5613 1415 5666 23.
1457 5614 1546 5667 llis
1598 5615 1733 5667 adde
1777 5614 2102 5669 Methodium
2147 5616 2201 5669 in

658 5684 871 5746 bomilja
906 5680 972 5733 de
1002 5678 1501 5751 SitneoneLetLAnna
1532 5726 1544 5746 ,
1572 5698 1695 5751 pag.
1725 5682 1863 5751 152:
1903 5686 1976 5736 Σὺ
2010 5685 2057 5740 εἲ
2085 5682 2203 5751 φῶς

653 5751 895 5819 diaetva
930 5752 991 5803 ὲκ
1024 5748 1195 5817 φωτὸς
1225 5749 1501 5821 ἀληθινοῦ,
1536 5748 1665 5815 Θὲδξ
1698 5750 1942 5825 ἀληθινὸς
1973 5754 2035 5806 ὲκ
2066 5748 2201 5807 Θεοῦ

2316 4644 2555 4700 cundum
2601 4645 3033 4713 magnitudinem
3078 4644 3377 4713 theologica
3425 4648 3759 4715 amplissima
3810 4649 3863 4703 in

2314 4731 2522 4789 Deitate
2586 4732 2726 4795 ratio
2780 4734 3207 4804 contemplatur,
3241 4752 3259 4786 ι
3312 4744 3373 4791 ut
3422 4737 3649 4803 barbare
3703 4739 3864 4794 vertit

2314 4821 2654 4877 Anastasius.

2310 5084 2579 5155 enerves.
2616 5083 2943 5155 Athanasius
2967 5092 3148 5155 postea
3174 5083 3308 5139 dixit
3330 5086 3519 5155 λύχνον
3552 5085 3616 5137 ἐκ
3637 5080 3852 5151 λύχνου.

2312 5152 2465 5207 Tom.
2501 5154 2540 5220 l,
2576 5170 2697 5223 pag.
2731 5155 2827 5207 88l
2863 5154 2991 5206 edit.
3018 5152 3281 5222 Lipsiens.
3392 5152 3402 5219 ς

2379 5247 2489 5315 (50)
2531 5246 2696 5299 Sand.
2728 5243 2917 5296 Nuclei
2941 5244 3064 5298 Itist.
3089 5245 3375 5299 ecclesia“.
3404 5244 3499 5301 lib.
3530 5259 3567 5305 I,
3590 5257 3646 5313 p.
3671 5242 3759 5298 98.

2376 5336 2487 5404 (51)
2526 5334 2689 5398 Bull.,
2729 5333 2937 5399 Defens.
2971 5336 3063 5401 ῥά.
3090 5335 3323 5401 Mearm,
3372 5342 3501 5389 sect.
3537 5349 3619 5393 Ill,
3644 5350 3761 5403 cap.
3790 5334 3846 5395 8,

2345 5420 2428 5472 ag.
2475 5405 2579 5457 2l9
2620 5416 2671 5455 et
2702 5419 2814 5471 seq.
2840 5404 2923 5457 Cl.
2955 5404 3199 5459 Bossuet.
3221 5444 3236 5468 ,
3279 5408 3317 5459 ι.
3349 5418 3434 5461 c.;
3467 5417 3640 5472 neque
3690 5406 3847 5468 aliter

2308 5471 2557 5528 Ma’ranus
2576 5473 2649 5525 De
2668 5474 2871 5525 divinit.
2889 5473 2942 5527 Ι.
2966 5473 3024 5527 C.
3046 5476 3137 5551 lib.
3161 5490 3230 5538 tv,
3244 5489 3361 5541 cap.
3381 5473 3466 5536 l5,
3496 5471 3528 5543 δ’
3548 5473 3600 5535 ὅ,
3632 5488 3684 5541 p.
3714 5474 3843 5529 458.

2362 5563 2485 5631 (52)
2527 5562 2721 5616 Contra
2744 5564 2932 5619 Beron.
2961 5574 3009 5618 et
3040 5564 3372 5631 Hellc.,apud
3405 5563 3615 5619 Fabric.
3638 5576 3774 5618 tom.
3800 5562 3825 5620 ι

2304 5631 2763 5769 ξὶίῗΐὲιγιη
2788 5634 2991 5705 p.'2‘26,
3015 5644 3067 5691 et
3095 5636 3244 5704 apud
3266 5632 3535 5701 Galland.,
3561 5634 3771 5707 p.166.

2371 5772 2484 5823 (54)
2522 5769 2651 5824 Ibid.
