4104 6350
246 413 355 471 35‘!

1152 450 1155 451 ν
1229 380 1530 473 natura
1563 378 1655 473 ἘΤ
1696 390 2002 476 scatens
2036 422 2090 478 δ.
2146 422 2528 505 lllPP(lLY_Tl.

3282 440 3306 459 υ
3357 427 3465 483 35$

320 534 473 604 Apud
525 526 927 596 Theodoretum
961 537 1123 593 etiam
1149 536 1260 607 (55)
1297 539 1414 593 luec
1443 539 1505 593 D.
1539 538 1808 613 Hippolyti
1841 546 1885 602 Α
1916 542 2093 611 aliqua
2131 542 2317 598 Romae
2346 544 2614 613 descripta
2655 510 2872 601 Isaaeus
2926 547 3157 603 Vossius
3202 546 3467 618 qmndam

244 630 413 683 verba
454 629 712 698 leguntur
754 645 821 683 ex
867 645 1118 684 sermone
1164 631 1230 684 de
1274 630 1509 687 Helcana
1538 642 1593 686 et
1632 635 1806 694 Anna.

243 720 469 777 cum-de
497 736 584 786 eo,
609 721 754 790 quod
787 719 952 774 Maria
986 722 1228 791 gestabat
1251 722 1304 775 in
1336 733 1509 786 utero,
1537 724 1806 793 loquitur:

250 828 274 862 ι
315 810 557 866 Verbum
605 820 723 866 erat
771 810 868 864 Dei
912 812 1331 881 primogenitum
1384 827 1415 867 e
1471 815 1611 869 coelo
1642 815 1707 867 ad
1756 823 1811 866 te

248 904 560 973 delapsum,
592 912 648 957 et
697 904 861 958 homo
889 904 1280 975 primogenitus
1320 905 1373 959 in
1406 916 1562 960 utero
1606 906 1810 960 forma-

248 1003 375 1060 tus;
428 1004 490 1048 ut
546 995 967 1064 primogenitum
1022 994 1265 1049 Verbum‘
1310 995 1405 1050 Dei
1452 997 1809 1067 primogenito

250 1084 608 1153 conjunctum
641 1083 851 1137 homini
889 1079 1241 1139 monStretur.
1275 1104 1292 1136 ι
1318 1083 1525 1139 Ηογυιη
1568 1086 1651 1139 vis
1690 1102 1812 1140 ver-

249 1173 450 1227 borum
490 1183 696 1243 quanta
738 1174 828 1238 sit,
860 1173 1055 1228 melius
1099 1176 1464 1242 existimabit,
1502 1178 1593 1245 qui
1631 1178 1808 1231 nomi-

220 1250 385 1329 ~num
418 1265 673 1329 istorum,
704 1282 723 1315 ς
752 1262 939 1327 Verbi,
965 1282 983 1315 ι
1017 1273 1070 1318 et
1110 1283 1129 1316 ‹
1160 1267 1501 1336 primogeniti
1528 1287 1547 1328 ι
1575 1276 1809 1336 potesta-

253 1361 366 1407 tom‘
411 1351 749 1423 expenderit.
782 1353 994 1408 Etenim
1024 1355 1194 1423 Λόγον
1236 1358 1501 1425 ejusmodi
1547 1359 1812 1414 intellexit

250 1441 610 1514 Hippolytus,
663 1443 730 1497 de
761 1459 870 1513 quo
915 1442 1151 1499 Joannes
1200 1446 1354 1500 initio
1407 1446 1677 1517 Evangelii
1726 1448 1808 1503 lo-

248 1535 457 1604 quitur.
514 1535 583 1588 At
632 1534 802 1601 Ᾱόγος
851 1534 951 1588 iste
984 1554 1001 1585 ι
1034 1533 1212 1598 Deus,
1256 1545 1308 1590 et
1356 1537 1497 1605 apud
1548 1537 1714 1601 Deum
1752 1538 1807 1591 in

246 1626 585 1695 principio,»
646 1626 888 1689 exstitit;
944 1633 1000 1678 et
1063 1644 1081 1675 α
1124 1641 1217 1694 per
1264 1641 1388 1679 eum
1441 1628 1623 1681 omnia
1680 1637 1809 1682 sunt

247 1716 390 1771 facta
413 1717 452 1769 ⁸.
489 1733 510 1765 ι
551 1713 668 1770 Non
706 1714 871 1786 igitur
908 1718 1122 1770 creatus
1159 1727 1263 1780 est.
1298 1732 1472 1786 neque
1500 1734 1595 1787 per
1639 1718 1817 1775 alium.

1912 632 2229 687 doctissimo
2284 633 2347 687 D.
2401 632 2593 687 Joanni
2629 634 2817 703 Millio,
2863 638 2953 693 hic
2992 650 3119 693 vero
3146 636 3230 690 ‘cl.
3270 635 3469 690 (ἕτεΜο

1910 726 2351 780 communicavit.
2382 726 2544 793 Atqui
2571 726 2858 783 inter'hzec
2885 728 2939 781 in
2962 742 3089 781 χιιι
3119 734 3297 802 caput,
3322 741 3468 780 vers.

1908 817 2000 878 22,
2066 816 2178 880 υἱὸς
2224 816 2526 886 ηὐξημένος
2600 818 2817 888 Ἰωσήφ,
2867 818 3147 886 sequentia
3209 817 3475 872 habentur

1910 907 2072 961 verba
2117 925 2131 960 :
2179 925 2199 959 ι
2243 907 2693 977 Quandoquidem
2740 909 3074 977 unigenitum
3102 905 3193 961 Dei
3235 906 3470 961 Verbum

1910 998 2054 1052 Deus
2085 1013 2156 1051 ex
2197 997 2307 1051 Deo
2331 999 2599 1052 exsistens
2643 999 2891 1067 (observa
2934 998 3104 1067 ipsius
3138 998 3352 1052 concilii
3380 997 3477 1050 Nia

1910 1089 2043 1143 caeni
2089 1088 2331 1157 phrasin,
2378 1089 2455 1141 uti
2487 1103 2650 1157 supra
2686 1090 2861 1142 lumen
2888 1089 2953 1142 de
2989 1088 3204 1158 lumine)
3232 1088 3477 1143 exinani-

1908 1180 1987 1233 vit
2014 1181 2362 1245 semetipsum
2387 1180 2545 1248 juxta
2581 1178 2915 1248 Scripturas,
2934 1179 3244 1243 demittens
3276 1187 3475 1234 semet-

1911 1271 2088 1340 ipsum
2130 1272 2271 1325 ultro
2305 1271 2359 1325 in
2408 1272 2459 1325 id
2489 1272 2634 1339 quod
2674 1286 2781 1323 non
2815 1280 2952 1332 erat,
2994 1280 3047 1324 et
3075 1271 3235 1324 vilem
3268 1270 3473 1323 hancce

1911 1376 2128 1415 carnem
2165 1362 2356 1426 induit,
2392 1371 2551 1430 atque
2579 1364 2631 1415 in
2660 1364 2803 1417 servi
2840 1362 3010 1417 forma
3043 1364 3310 1431 apparuit,
3338 1362 3470 1416 obe-

1915 1452 2071 1506 dieus
2119 1452 2227 1505 Deo
2256 1462 2310 1505 et
2350 1452 2497 1507 Patri
2537 1453 2713 1508 factus
2743 1470 2915 1521 usque
2952 1454 3019 1507 ad
3050 1454 3351 1516 mortem",
3408 1467 3471 1506 ea

1914 1551 2132 1610 propter
2174 1542 2242 1595 de
2274 1526 2469 1596 caetero
2518 1551 2573 1596 et
2615 1533 3046 1610 superexa‘ltatus
3090 1555 3211 1594 esse
3242 1538 3479 1607 legitur;

1914 1642 1968 1691 et
1988 1641 2242 1701 tanquam
2268 1632 2320 1685 id
2350 1632 2565 1701 pr0prie
2587 1647 2695 1684 non
2728 1632 2931 1685 habens
2953 1638 3167 1699 propter
3180 1630 3477 1683 humanam

1909 1731 2181 1785 naturam,
2222 1737 2286 1775 ac
2314 1720 2533 1790 gratuiti
2566 1721 2735 1773 instar
2767 1721 2892 1773 doni
2921 1721 3132 1786 accepit
3155 1731 3351 1784 nomen
3380 1733 3476 1771 su-

245 1808 418 1875 Λόγον
450 1806 662 1874 factus,
706 1817 765 1862 ut
808 1810 997 1863 Ariani
1049 1821 1229 1879 postea
1275 1810 1498 1863 fabulati
1548 1819 1694 1876 sunt,
1741 1826 1808 1865 eo
1840 1873 1877 1881 ⁸
1910 1828 2004 1881 per
2025 1826 2187 1865 omne
2218 1824 2414 1863 nomen
2438 1810 2491 1872 ⁸,’
2530 1807 2827 1862 secundum
2864 1806 3108 1859 B.:Pauli
3153 1805 3338 1868 verba,
3381 1804 3476 1858 sed

248 1897 387 1966 ipso,
420 1898 566 1967 quod
607 1899 997 1969 primogenitus
1026 1908 1129 1953 est.
1166 1900 1245 1953 Ad
1282 1901 1396 1953 hmo
1426 1900 1567 1954 idem
1607 1900 1807 1970 Hippo-

249 1990 393 2061 lytus
426 1990 482 2044 in
515 1990 620 2044 alio
646 1990 786 2045 libro
806 1992 1006 2062 Κύριον
1045 1986 1421 2061 ἀναμάρτητοῦ
1456 1992 1804 2057 νοςεινϐιιτὶ-

246 2090 401 2149 tum,
454 2082 510 2137 id
540 2092 626 2137 est
671 2084 1083 2153 impeccabilem;
1131 2086 1274 2154 quod
1315 2084 1486 2139 solius
1530 2098 1711 2148 vene,
1750 2091 1807 2138 ct

250 2172 507 2228 inci-ratae
538 2172 849 2238 Divinitatis
879 2175 1159 2245 proprium
1186 2184 1288 2228 est.

317 2264 439 2318 Alia
484 2265 617 2318 satis
656 2265 802 2319 clara
848 2280 947 2333 pro
1002 2266 1198 2319 deitate
1245 2263 1446 2318 Christi
1499 2262 1805 2317 testimonia

248 2352 525 2423 Hippolyti
550 2344 816 2415 habentur
848 2354 988 2407 inter
1010 2355 1160 2423 plura
1192 2354 1310 2422 ejus
1335 2355 1475 2409 dicta
1502 2370 1531 2407 a
1560 2352 1808 2407 Theodo-

247 2453 367 2497 reto
382 2441 599 2515 dialogo
624 2442 680 2507 ἲ,
712 2451 842 2496 ιοηι.
872 2442 964 2506 ιγ,
1005 2458 1124 2511 pag.
1162 2444 1230 2498 88
1250 2480 1265 2505 ,
1304 2453 1354 2496 et
1383 2439 1487 2496 act.
1522 2458 1555 2495 ν
1585 2444 1805 2498 concilii

247 2531 630 2588 Lateranensis
656 2534 758 2587 sub
784 2532 1014 2587 Martino
1034 2534 1076 2599 Ι,
1111 2548 1253 2585 anno
1274 2532 1394 2593 649.
1434 2539 1565 2587 tum.
1597 2532 1645 2586 Χ
1670 2533 1808 2588 Con-

245 2610 467 2689 έίιίονη
524 2624 651 2677 edit.
704 2622 920 2687 Mansi,
965 2640 1084 2693 pag.
1144 2624 1281 2677 4079
1325 2612 1806 2698 allegata..Nolatu

246 2727 466 2781 quoque
486 2712 646 2781 digna
672 2721 796 2766 sunt
819 2714 1057 2781 ejusdem
1088 2711 1351 2782 Hippolyti
1374 2700 1532 2769 verba
1556 2708 1809 2773 exinter-

246 2803 550 2870 pretatione
605 2800 891 2871 psalmi"
938 2817 969 2857 a
1014 2801 1351 2858 Theodoreto
1391 2805 1621 2861 adducta
1670 2807 1804 2878 (56).

174 2904 191 2909 ‘
243 2880 528 2945 Christum
564 2888 733 2946 Deum
761 2888 1045 2962 appellavit
1073 2908 1321 2949 sermone
1360 2894 1414 2949 in
1438 2892 1730 2952 llelcanam
1756 2907 1808 2951 et

244 2982 462 3036 Annam
495 2981 629 3052 (57).
1046 2968 1053 2973 '
1576 3048 1577 3051 γ
1657 3001 1659 3004 ⁴

315 3071 524 3126 Divina:
544 3072 1019 3143 omni-praesentiae
1068 3075 1228 3129 etiam
1280 3077 1810 3136 attributumChri-

242 3170 335 3218 ιιο
367 3164 618 3231 ascripsit
665 3172 892 3217 tractatu
928 3165 981 3216 in
1010 3163 1240 3232 Pascha,
1276 3182 1342 3221 ex
1364 3183 1473 3245 quo
1498 3169 1613 3223 hzec
1637 3171 1807 3223 citato
1834 3204 1875 3257 ε

240 3253 537 3309 Concilior.
575 3259 752 3319 torno,
792 3255 897 3308 col.
930 3254 1084 3321 1087,
1111 3257 1377 3311 habentur
1407 3260 1568 3313 verba
1604 3273 1619 3311 :
1653 3276 1672 3310 ‹
1696 3257 1803 3312 To-

212 3366 215 3369 λ
240 3346 338 3401 tus
366 3357 484 3399 erat
522 3345 578 3397 in
602 3345 853 3398 omnibus
891 3354 944 3398 et
970 3347 1190 3416 ubique,
1213 3348 1513 3416 adimplens
1537 3365 1661 3403 vero
1689 3365 1807 3403 om-

240 3437 363 3499 nia,
399 3435 469 3488 ad
489 3449 678 3493 clunes
698 3436 873 3491 aerios
910 3438 1243 3507 principatus
1281 3441 1458 3495 nudus
1490 3442 1808 3511 redispolia‘

240 3545 336 3583 tus
358 3530 477 3600 (sic)
492 3538 592 3589 est.
610 3536 664 3582 et
680 3530 757 3583 ad
774 3545 1001 3598 parvum
1020 3531 1218 3584 elamat
1234 3532 1468 3586 transire
1484 3534 1729 3601 calicem,
1744 3547 1808 3591 ut

238 3621 501 3675 ostendat
537 3633 664 3676 vere
687 3660 703 3686 ,
743 3621 866 3690 quia
896 3632 949 3676 et
991 3622 1155 3697 homo
1188 3631 1325 3675 erat.
1378 3642 1395 3674 ι
1432 3621 1568 3678 Nota
1594 3641 1810 3696 quoque

184 3750 187 3753 γ
236 3713 480 3777 dictum,
510 3720 575 3767 ut
622 3715 836 3782 egregie
871 3712 957 3767 hic
1003 3710 1379 3768 animadvertit
1407 3714 1657 3783 Grabius,
1697 3737 1718 3771 ι
1758 3730 1814 3774 et

237 3808 446 3870 homo;
501 3824 520 3858 ι
568 3806 824 3876 quoniam
868 3806 1075 3861 scilicet
1108 3806 1269 3860 aliam
1297 3802 1519 3877 insuper
1558 3818 1810 3867 naturam

237 3888 507 3951 habebat,
537 3897 593 3945 et
617 3887 761 3949 Deus
785 3897 922 3941 erat.
1135 3886 1137 3888 ’

320 3975 603 4030 Accedunt
646 3975 748 4028 alia
792 3988 1005 4043 quoque
1049 3974 1301 4053 ejusdem
1328 3974 1601 4046 Hippolyti
1650 3976 1812 4029 verba

240 4074 322 4117 ex
372 4063 496 4131 ejus
544 4062 599 4115 iu
658 4061 908 4117 Geuesim
959 4063 1364 4116 commentario.
1405 4066 1473 4117 Et
1518 4065 1677 4133 periit
1712 4064 1812 4117 iste

243 4148 475 4219 quidem
502 4148 953 4211 commentarius;
991 4156 1261 4201 asservata
1294 4158 1470 4202 tamen
1513 4158 1639 4203 sunt
1665 4163 1813 4215 quae-

245 4236 385 4291 dam
412 4234 530 4303 ejus
555 4235 849 4307 fragmenta
883 4234 938 4287 in
974 4234 1206 4297 Catenis,
1241 4251 1360 4304 quae
1400 4236 1556 4303 vulgo
1591 4235 1694 4290 dici
1722 4251 1812 4290 so-

245 4320 401 4386 lent,
454 4318 675 4374 Patrum
727 4320 781 4373 in
835 4320 1037 4374 dictum
1079 4319 1272 4389 Moysis
1320 4321 1546 4386 librum;
1585 4336 1813 4390 quorum

1909 1919 1973 1957 ex
2007 1903 2085 1955 rei
2128 1902 2384 1963 veritate;
2438 1914 2525 1953 res
2562 1900 2689 1967 ipsa
2736 1910 2916 1952 tamen
2961 1911 3068 1950 non
3114 1905 3237 1949 erat:
3269 1886 3476 1949 donum
3564 1922 3567 1925 ι

1906 2002 2096 2041 eorum
2130 2000 2251 2055 quae
2281 1986 2350 2039 ab
2380 1985 2534 2038 initio
2563 1985 2882 2039 naturaliter
2910 1983 3055 2036 haud
3079 1984 3269 2055 habuit
3293 1982 3497 2054 (longe.

1908 2093 1968 2132 se
2015 2092 2103 2131 res
2143 2076 2363 2144 habet);
2405 2089 2603 2130 verum
2639 2075 2817 2144 potius
2846 2074 3054 2129 reditus
3079 2070 3482 2127 existimandus

1907 2176 2010 2232 est,
2042 2177 2095 2228 et
2119 2182 2375 2221 recursus
2400 2166 2465 2221 ad
2506 2166 2559 2219 id
2589 2165 2735 2234 quod
2764 2179 2796 2218 a
2816 2163 3092 2233 principio
3114 2161 3480 2224 essentialiter

1907 2264 1960 2312 et
1995 2254 2426 2328 inseparabiliter
2448 2255 2503 2309 ei
2536 2255 2729 2309 iuerat.
2771 2272 2790 2304 ›
2819 2253 2894 2306 Et.
2916 2254 3080 2322 paulo
3121 2259 3248 2321 post
3276 2240 3479 2306 adista
3525 2278 3531 2301 τ

1905 2347 2090 2413 verba,
2144 2345 2393 2413 εὐλογίας
2440 2344 2646 2415 πατρὸς
2683 2345 2778 2398 καὶ
2813 2343 3163 2415 9111964,“:
3196 2357 3480 2399 commen-

1908 2447 2053 2493 tatur
2096 2439 2211 2507 (58)
2267 2456 2280 2491 :
2339 2456 2359 2488 ε
2406 2436 2565 2492 Clare
2603 2420 2763 2505 atque
2810 2430 3094 2489 manifeste
3141 2448 3205 2488 ea
3251 2434 3479 2502 pariter,

1908 2544 2029 2598 quae
2054 2537 2140 2583 est
2186 2542 2254 2581 ex
2306 2516 2455 2593 Deo,
2506 2535 2559 2580 et
2586 2526 2744 2579 Patre
2776 2514 3049 2596 generatio
3066 2517 3480 2593 lUnigeuiti,-ac
3522 2590 3527 2593 _

1908 2636 2028 2690 quae
2077 2635 2173 2690 per
2220 2628 2463 2674 sanctam
2513 2616 2788 2686 Virginem
2839 2615 2981 2670 facta
3030 2623 3133 2680 est,
3187 2614 3485 2680 indicatur,

1905 2714 2058 2782 juxta
2091 2724 2253 2777 quam
2283 2708 2526 2763 creditor
2551 2696 2607 2761 et
2626 2707 2776 2776 visus
2807 2714 2890 2760 est
2919 2706 3100 2759 homo.
3124 2692 3308 2758 Filius
3330 2704 3502 2757 enim-

1909 2801 2003 2854 Dei
2024 2797 2263 2869 etPatris
2286 2796 2603 2849 naturaliter
2627 2802 2789 2862 atque
2804 2807 2935 2869 vere
2957 2792 3499 2863 exsistens,propter.

1909 2903 2009 2942 nos
2054 2868 2317 2941 sustinuit
2360 2899 2515 2947 eam,
2568 2898 2689 2959 qua:
2716 2882 2821 2935 fuit
2851 2868 2946 2951 per
2980 2879 3271 2949 Virginem-
3314 2888 3482 2947 atque

1908 2988 2120 3031 uterum
2152 2974 2580 3044 generationem,
2622 2982 2676 3027 et
2706 2974 2873 3026 ubera
2902 2972 3066 3026 suxit.
3090 2968 3276 3040 Neque
3308 2968 3476 3032 enim,

1909 3077 1970 3123 ut
1996 3062 2325 3137 Quibusdam
2347 3064 2583 3130 videtur,
2607 3064 2849 3133 putative
2875 3061 3179 3125 fuit.bomo,
3205 3059 3300 3114 sed
3329 3060 3479 3114 idem
3540 3056 3541 3059 “

1909 3172 2032 3213 vere
2059 3155 2331 3226 apparuit,
2377 3156 2523 3224 quod
2564 3171 2664 3209 nos
2702 3170 2916 3217 sumus,
2964 3152 3059 3223 qui
3086 3158 3294 3205 natura:
3334 3150 3480 3219 leges

1911 3248 2212 3317 sequimur,
2265 3255 2321 3302 et
2353 3247 2689 3301 nutrimento
2730 3260 2863 3300 usus
2912 3234 3014 3310 est,
3062 3243 3315 3314 quamvis
3364 3242 3525 3311 ipse:

1910 3341 2113 3395 mundo
2138 3341 2300 3407 vitam
2324 3340 2495 3394 daret.
2530 3358 2552 3393 ›
2949 3324 2952 3328 λ

1978 3430 2245 3488 Omnibus
2274 3431 2361 3485 his
2396 3429 2714 3485 decretoriis
2746 3426 3165 3480 auctoritatibus
3199 3424 3324 3480 addi
3354 3438 3484 3493 pos-

1913 3531 2042 3578 sunt
2064 3523 2167 3577 alia
2188 3524 2296 3578 duo
2321 3523 2439 3575 loca
2462 3537 2529 3576 ex
2557 3520 2775 3587 scriptis
2801 3520 2857 3571 S.
2895 3515 3188 3585 Hippolyti,
3218 3530 3339 3583 quae
3378 3529 3479 3567 ex-

1912 3630 2099 3684 presse
2128 3619 2264 3668 adeo
2290 3612 2625 3667 divinitatem
2660 3606 2782 3661 Filii
2819 3608 2911 3661 Dei
2934 3605 3151 3663 .DOmini
3181 3605 3480 3674 Salvator-is
3518 3618 3521 3619 '

1911 3706 2083 3760 nostri
2112 3703 2237 3758 Jesu
2264 3702 2487 3767 Christi,
2512 3700 2743 3768 ejusque
2762 3696 3403 3760 consubstantialitatem,
3426 3704 3481 3751 et

1912 3794 2327 3849 coaa'ternitatem
2357 3806 2482 3865 cum
2510 3788 2667 3846 Patre
2695 3789 3091 3851 demonstrant,
3121 3796 3182 3842 ut
3205 3787 3338 3842 nihil
3361 3799 3479 3861 ma-

1910 3866 1994 3955 gis
2025 3884 2321 3938 desiderari
2346 3868 2529 3951 queat.
2585 3884 2645 3935 In
2708 3890 2943 3935 tractatu
2964 3880 3224 3959 Adversus
3251 3877 3482 3932 Nectum

1911 3975 2026 4027 hinc
2054 3974 2109 4026 in
2144 3972 2439 4042 Evangelii
2468 3972 2633 4026 verba
2665 3991 2679 4026 :
2721 3991 2740 4023 ι
2778 3971 2891 4041 Ego
2920 3980 2975 4027 et
3009 3971 3167 4025 Pater
3202 3987 3367 4027 unum
3392 3987 3482 4026 su-

1909 4077 2033 4115 mus
2072 4062 2121 4132 δ,
2180 4080 2199 4113 ι
2262 4071 2444 4131 aperte
2476 4063 2717 4117 declarat
2740 4061 2953 4114 Patrem
2982 4068 3036 4114 et
3083 4060 3279 4115 Filium
3308 4076 3481 4115 unum

1912 4150 2163 4221 idemque
2186 4166 2327 4215 esse,
2358 4152 2486 4220 quia
2517 4169 2537 4203 ί
2570 4166 2733 4205 unam
2759 4150 3113 4217 eamdemque
3145 4150 3345 4203 habent
3372 4150 3479 4201 vir-

1912 4246 2083 4294 tutem
2111 4249 2164 4294 et
2190 4242 2483 4309 potentiam
2532 4230 2678 4309 (59);
2728 4258 2748 4291 ι
2801 4248 2854 4291 et
2909 4239 2961 4292 in
3008 4247 3238 4293 tractatu
3281 4238 3481 4292 Contra
3528 4245 3533 4248 ’

1908 4328 2130 4385 Judwo:
2158 4332 2359 4400 pariter
2391 4345 2646 4399 expresse
2679 4330 2811 4384 dicit
2842 4327 3119 4384 Christum
3148 4344 3269 4386 esse
3292 4346 3479 4383 verum
3552 4366 3555 4371 μ

300 4482 347 4525 ⁷³
373 4484 579 4561 JoanJ,
595 4495 701 4554 1-5.
761 4497 782 4529 ’
802 4495 1141 4570 Philip.u,7,
1157 4496 1211 4554 8.
1240 4499 1262 4533 ³
1285 4498 1447 4567 lbid.,
1477 4502 1531 4558 9.
1609 4502 1634 4535 δ
1667 4501 1828 4559 Joan.
1858 4518 1916 4569 ι,
1948 4503 2031 4558 ‘50.

326 4692 436 4763 (55)
476 4686 803 4772 Theodoret.
854 4654 1083 4766 Dialogj,
1122 4699 1175 4764 l,
1203 4708 1334 4754 tom.
1377 4699 1447 4754 Ν
1480 4700 1639 4772 0pp.,
1670 4703 1803 4760 edit.
1836 4685 1884 4742 Β

243 4761 531 4815 SirmOnd.

328 4853 438 4922 (56)
482 4830 809 4934 Theodorei.
840 4856 1074 4934 Dialqg.,_
1113 4861 1167 4922 9,
1216 4860 1370 4934 Ορρτ,
1395 4812 1807 4934 ειιῐη..1ν,“ρδεζ.

238 4922 521 5045 fgéapud
546 4921 784 4987 Fabric.,
821 4941 944 5025 pag.
975 4921 1101 4993 2'68,
1134 4921 1188 4981 et
1211 4921 1653 4999 apud'GallandJ

324 5080 435 5157 (_57}
464 5079 815 5157 Theodoreti
861 5081 1107 5157 lo_c_._cit.,
1151 5093 1205 5141 et
1231 5086 1372 5155 apud
1405 5084 1645 5150 Fabric.,
1685 5102 1808 5157 pag.

236 5148 387 5208 267:
429 5151 569 5218 apud
594 5150 865 5225 Galland..
896 5152 1021 5206 496.

320 5237 433 5313 (58)
460 5238 947 5313 Exﬁomnpntgrig
974 5239 1031 5296 S.
1059 5241 1328 5313 Hippolyti
1351 5245 1404 5296 in
1436 5244 1809 5297 benedictiones

236 5307 498 5361 Barlaami
540 5309 657 5363 haec
694 5309 880 5363 citavit
915 5307 1293 5367 Leontius-lib.
1340 5329 1355 5365 ι
1395 5314 1591 5366 Contra
1620 5314 1813 5366 Nesto-

238 5378 384 5450 rium
425 5387 477 5429 et
509 5376 846 5450 Eutychen:
879 5396 897 5428 ι
948 5377 1017 5450 Ut
1066 5382 1469 5436 demonstretur
1528 5392 1810 5450 utramque

228 5444 462 5511 quidem
507 5446 563 5499 in
611 5444 669 5501 se
704 5448 901 5501 habere
931 5449 1286 5504 substantiam
1316 5489 1332 5511 ,
1386 5451 1591 5504 scilicet
1632 5444 1810 5504 Dei'et

241 5513 550 5588 hominum,
576 5517 1067 5588 _sicut_Apost_olus
1117 5520 1242 5588 ait:
1276 5520 1541 5573 Mediator
1590 5521 1808 5588 quidem

238 5582 415 5657 Deiot
444 5582 718 5637 hominum
740 5582 889 5657 homo
919 5584 1157 5657 Christus
1186 5587 1340 5641 Jesus
1374 5589 1424 5657 (Ι
1466 5582 1695 5653 ΤὶηιῘΗ,
1720 5589 1805 5655 5,);

250 5652 522 5727 υςάξωον-
540 5665 718 5705 autem
739 5656 889 5708 unius
922 5654 1143 5727 [torninis
1180 5652 1389 5727 nonest.
1413 5658 1557 5727 (Gal.
1591 5674 1667 5721 ιιι,
1695 5652 1806 5721 20),

236 5723 332 5777 sed
372 5720 704 5778 hominum;
756 5724 1031 5794 oportebat
1077 5742 1207 5794 ergo
1246 5724 1305 5780 ut
1329 5720 1599 5794 Christus,
1633 5720 1808 5781 factus

1912 4705 2173 4759 mediator
2202 4704 2296 4759 Dei
2320 4715 2375 4760 et
2400 4706 2705 4771 hominum,
2734 4708 2805 4763 ab
2839 4708 3087 4777 utrisque
3114 4707 3475 4777 arrhabonem

1911 4776 2199 4897 qupmdam
2233 4778 2542 4855 acciperet,
2585 4786 2643 4829 ut
2668 4788 2923 4846 appareat
2952 4776 3217 4831 mediator
3245 4776 3476 4829 duarum

1911 4858 1985 4898 na
2014 4859 2257 4897 orarum.
2309 4864 2328 4896 ›
2506 4861 2511 4874 ί
2926 4861 2932 4865 ·

1990 4953 2103 5023 (59)
2141 4970 2159 5002 ι
2192 4952 2248 5005 Si
2276 4961 2467 5017 autem,
2490 4953 2634 5008 dicat
2664 4950 2867 5007 Noetus
2902 4971 2917 5023 ς
2955 4947 3073 5018 Ipse
3092 4950 3229 5023 dixit
3249 4970 3262 5005 :
3286 4950 3395 5022 Ego
3426 4963 3476 5008 et

1914 5020 2078 5075 Pater
2110 5037 2269 5092 unum
2299 5038 2508 5092 sumus;
2545 5024 2791 5092 advertat
2826 5022 3064 5073 animum
3097 5029 3149 5073 et
3190 5020 3476 5092 intelligat.

1912 5091 2054 5161 quod
2076 5091 2348 5161 nondixit
2378 5109 2390 5144 :
2418 5091 2527 5160 Ego
2550 5103 2598 5145 et
2626 5091 2788 5161 Pater
2821 5104 3157 5161 uiturntaum;
3188 5092 3279 5144 sed
3315 5108 3477 5145 unum

1913 5158 2284 5229 samumjlllud
2321 5158 2481 5213 enim'
2506 5159 2728 5229 (sumus)
2764 5173 2873 5229 non
2903 5158 3100 5211 dicitur
3124 5161 3190 5213 de
3212 5175 3355 5222 uno;
3379 5162 3475 5213 sed

1914 5231 1993 5283 sic
2021 5228 2184 5291 dixit,
2219 5230 2345 5295 quia
2382 5225 2519 5284 duas
2547 5225 2811 5283 Personas
2844 5225 3272 5295 demonstravit,
3311 5246 3473 5283 unam

1913 5306 2091 5350 autem
2138 5294 2450 5364 potentiam.
2502 5301 2615 5352 sive
2659 5299 2930 5364 virtutem.
2978 5294 3095 5351 Una
3132 5299 3281 5350 enim
3322 5314 3477 5352 meus

1914 5366 2089 5435 Patris
2113 5362 2195 5418 est
2222 5366 2360 5417 Puer
2385 5365 2673 5435 (Filius)...
2694 5362 2840 5435 Unde
2865 5365 2931 5417 ad
2959 5364 3264 5435 Philippum
3302 5390 3313 5421 :
3346 5366 3475 5419 l’hi—
3546 5387 3550 5391 ~

1906 5434 2073 5502 li'ppe,
2110 5436 2198 5500 qui
2237 5436 2367 5486 vidit
2390 5434 2501 5497 rue,
2532 5434 2660 5488 vidit
2685 5434 2910 5502 Patren}
2931 5434 3115 5501 (Joan.
3148 5452 3258 5499 xiv,
3295 5437 3387 5501 9');
3420 5435 3472 5487 id

1907 5515 2009 5565 est,
2043 5504 2088 5555 si
2117 5517 2203 5555 me
2231 5503 2433 5566 vidisti,
2463 5520 2555 5571 per
2575 5518 2660 5556 tne
2688 5514 2839 5571 potes
2873 5501 3087 5557 Patrem
3124 5518 3469 5569 cognoscere.

1908 5571 2006 5641 Per
2034 5572 2339 5641 imaginem
2363 5574 2528 5641 enim,
2558 5580 2691 5641 qua:
2716 5573 2910 5626 similis
2949 5582 3063 5632 est,
3108 5582 3281 5641 potest
3314 5571 3473 5641 facile

1906 5639 2065 5695 Pater
2092 5638 2364 5705 cognosci.
2401 5659 2420 5693 ι
2466 5640 2523 5693 S.
2557 5638 2855 5711 llippoiyt.,
2888 5641 3081 5697 Contra
3111 5638 3303 5707 ’ῆῖοειη
3334 5656 3383 5693 c.
3415 5638 3468 5693 7.
