4104 6350
711 403 821 465 339

1670 407 1758 464 DE
1791 405 1958 464 “TA
1993 407 2083 462 ET
2123 407 2436 464 SCRIPTIS
2466 408 2526 464 S.
2570 403 2954 468 HIPPOLYTI.

3825 417 3926 474 3G.

715 517 883 574 Deum
914 516 1048 587 (60),
1076 484 1480 587 eumquefPatri
1512 525 1840 574 coarternum‘
1860 521 2104 574 nominat
2134 519 2269 590 (6t).
2299 528 2344 583 Α
2375 520 2733 587 pretationem
2789 519 3120 590 suppeditat.
3185 518 3450 577 Observat
3500 526 3646 580 enim
3694 525 3928 590 Verbum

714 604 779 658 Et
808 606 861 659 in
902 605 1304 660 Commentario
1329 606 1441 675 jam
1477 607 1693 663 laudato
1725 609 1778 661 in
1818 606 2050 664 Genesin
2079 609 2267 665 eadem

711 694 825 750 l'ere
873 695 939 748 de.
984 696 1352 748 coreternitate
1388 695 1509 750 Filii
1556 697 1738 751 habet.
1775 716 1796 749 ι
1843 698 2038 767 Itaque
2071 699 2165 767 qtri
2213 707 2271 754 ut

709 785 896 849 homo,
951 787 1123 854 inquit
1177 785 1237 838 S.
1288 781 1630 855 Hippolytus.
1673 788 1969 856 periculum
2006 789 2266 853 subierat,

705 894 736 930 ει
802 875 959 929 Patre
1028 878 1266 932 salvatus
1323 893 1443 932 esse
1510 877 1848 950 allirmatur,
1915 895 2225 948 quanquam

706 973 901 1019 natura
948 982 1044 1020 sua
1099 968 1368 1022 exsistens
1418 966 1578 1031 Deus,
1623 967 1965 1037 κατὰ-φύσιν
2011 970 2267 1045 ὑπάρχων

705 1056 838 1120 Θεός
865 1099 879 1118 .
916 1068 969 1112 et
1008 1061 1314 1113 universam
1369 1060 1538 1127 ipsam
1578 1061 1842 1114 visibilem
1877 1072 2180 1116 creaturam
2214 1066 2264 1118 in

706 1145 851 1200 bono
873 1157 1016 1201 statu
1053 1164 1449 1203 conservans...
1481 1164 1694 1218 semper
1717 1152 1860 1204 enim
1891 1152 1989 1204 fuit
2023 1152 2264 1221 ingloria

703 1239 909 1302 divina,
958 1241 1050 1306 qui
1086 1251 1210 1294 ante
1250 1255 1412 1296 Omne
1445 1257 1648 1301 :evutn.
1691 1251 1745 1296 et
1787 1253 2018 1310 tempus,
2063 1252 2116 1296 et
2143 1254 2266 1297 ante

704 1330 890 1381 mundi
905 1330 1048 1396 jacta
1081 1329 1426 1384 fundamenta
1452 1332 1669 1400 prOprio
1689 1330 1833 1386 Patri
1857 1332 2153 1398 coexsistit,
2186 1331 2263 1402 τῷ

706 1418 825 1488 ἰδίῳ
862 1421 1219 1492 συνυπάρχων
1264 1409 1542 1495 γεννήτορι
1569 1423 1722 1501 (62).⁸
1749 1421 1896 1478 Sane
1925 1425 2134 1486 Ariani,
2168 1423 2262 1493 qui

699 1512 880 1564 adhuc
914 1521 1244 1580 supersunt,
1277 1513 1465 1568 harum
1493 1514 1879 1569 auctoritatum
1906 1515 2012 1568 vim
2046 1515 2262 1568 eludere

699 1616 811 1670 quo
843 1611 999 1670 par-to
1021 1591 1251 1670 valeant,
1278 1620 1386 1659 non
1416 1605 1589 1660 video.
1615 1605 1751 1670 Quis
1779 1606 1924 1659 enim
1961 1621 2066 1659 non
2097 1620 2263 1675 agno-

699 1704 814 1748 scet
858 1696 931 1749 uti
962 1711 1144 1750 verunt
1175 1697 1381 1761 Deum,
1428 1699 1500 1751 uti
1540 1697 1686 1752 Patri
1717 1698 2256 1762 consubstantialem,

697 1799 846 1846 eum,
869 1786 965 1853 qui
990 1787 1058 1838 ah
1102 1799 1306 1840 metuo
1335 1789 1513 1841 fuitin
1546 1787 1655 1842 Deo
1691 1786 1881 1853 Patre;
1911 1786 2261 1857 quem'Pater

2374 619 2499 663 ante
2525 610 2959 690 incarnationem.
2975 619 3224 666 vocatum
3254 613 3418 668 fuisse
3437 613 3628 669 Filium
3665 620 3929 692 hominis;

2374 700 2516 755 umle
2538 700 2740 770 colligit
2759 699 3052 769 perfectum
3077 699 3269 756 Filium
3297 717 3400 755 non
3428 703 3616 766 fuisse,
3637 721 3761 760 cum
3795 725 3931 765 non-

2371 787 2502 842 dum
2547 797 2694 844 esset
2737 789 2920 842 homo.
2969 787 3064 844 His
3092 791 3233 843 enim
3258 792 3456 845 verbis
3489 813 3504 847 ;
3536 812 3556 844 ‹
3592 795 3637 848 Α
3671 798 3931 868 principio

2378 897 2399 928 ε
2428 876 2622 932 Filium
2660 880 2889 956 vocavit,
2915 895 3199 934 commune
3215 897 3405 936 nomen
3440 885 3642 939 amoris
3679 903 3801 955 erga
3839 892 3929 944 hoc

2380 987 2400 1021 ο
2433 970 2605 1025 mines
2628 971 2818 1034 sumit,
2856 989 2875 1022 ι
2920 969 3092 1026 Filius
3134 969 3366 1027 [nominis
3405 977 3553 1031 clare
3596 978 3928 1048 drsignatnr.

2377 1057 2546 1128 quue
2588 1061 2897 1115 conﬁrmari
2945 1071 3120 1130 potest
3150 1079 3212 1115 ex
3250 1067 3432 1132 caput
3464 1068 3551 1120 uhi
3592 1069 3669 1124 sic
3697 1071 3929 1139 lnquitur

2374 1147 2694 1220 Hippolytus
2725 1169 2738 1202 :
2773 1169 2793 1201 ι
2838 1149 3071 1204 Ver-Imm
3121 1153 3266 1207 enim
3322 1146 3465 1208 caro
3501 1168 3638 1223 erat,
3699 1161 3932 1228 Spiritus

2378 1258 2396 1288 ι
2427 1248 2570 1305 erat,
2594 1238 2772 1294 Virtus
2786 1251 2918 1295 erat.
2952 1239 3099 1296 Unus
3120 1256 3406 1297 commune
3437 1261 3628 1299 nomen
3667 1259 3718 1321 et
3750 1251 3799 1300 in
3830 1265 3927 1303 usu

2326 1369 2327 1374 η
2377 1347 2397 1379 ς
2430 1330 2571 1399 apud
2603 1330 2847 1392 homines
2865 1332 2965 1386 sibi
2991 1333 3242 1418 sumpsit,
3262 1343 3480 1386 vocatus
3509 1351 3536 1387 a
3568 1338 3826 1406 principio
3843 1336 3927 1396 Fi-

2376 1437 2398 1471 ‹
2419 1421 2528 1474 lius
2544 1420 2776 1476 hominis
2795 1426 3010 1490 pr0pter
3035 1421 3298 1485 futurum,
3316 1426 3562 1492 quamvis
3584 1429 3818 1480 nondum
3843 1444 3926 1483 cs-

2372 1528 2392 1561 t
2414 1525 2493 1566 set
2516 1514 2695 1577 homo,
2716 1513 2856 1568 sicut
2885 1513 3066 1568 Daniel
3095 1508 3338 1576 testatur,
3362 1517 3610 1584 inquiens
3644 1509 3662 1570 ξ
3711 1517 3848 1574 Vidi.
3877 1531 3928 1573 et

2364 1619 2480 1656 ecce
2503 1619 2615 1656 cum
2640 1603 2859 1657 nubibus
2873 1605 2984 1667 ταιιί
3012 1606 3164 1674 quasi
3188 1606 3333 1673 ﬁlius
3350 1607 3572 1679 (rorninis
3599 1609 3921 1663 veniebat'a

2364 1692 2499 1746 Cum
2523 1692 2725 1748 Noelus
2755 1696 3097 1764 metaphm-as
3137 1696 3189 1748 in
3220 1694 3339 1749 Filii
3375 1712 3507 1750 voce
3532 1710 3843 1762 venaretur,
3870 1709 3925 1754 cl

2367 1783 2579 1839 Patrem
2616 1793 2671 1840 et
2706 1784 2899 1839 Filium
2932 1802 3092 1840 unam
3127 1798 3180 1845 et
3200 1789 3442 1843 eamdem
3482 1787 3771 1844 Personam
3802 1806 3926 1845 esse

691 1876 893 1935 emisit,
926 1888 980 1929 ut
1008 1896 1028 1926 ε
1055 1876 1235 1930 lumen
1257 1894 1322 1931 ex
1348 1867 1573 1938 lumine.
1603 1896 1622 1929 ι
1653 1887 1710 1932 ut
1737 1896 1757 1928 ‹
1795 1879 2004 1931 radium
2027 1894 2056 1931 a
2080 1877 2215 1940 sole,
2240 1896 2258 1927 ι
2296 1873 2336 1926 Β
2365 1883 2664 1942 statueret;
2715 1886 2964 1946 suscepta
2997 1878 3260 1932 adversns
3292 1880 3435 1934 lrnnc
3465 1863 3771 1934 Irmretieum
3806 1883 3924 1936 dis-

695 1976 754 2018 ut
788 1984 807 2011 ε
829 1982 1023 2032 aquam
1046 1982 1111 2019 ex
1140 1963 1288 2020 fonte
1322 1967 1467 2038 (65);
1495 1989 1512 2018 ι
1542 1983 1690 2030 etim,
1714 1968 1804 2036 qui
1830 1969 2072 2022 eamdem
2102 1967 2262 2023 habet

690 2076 818 2124 cum
863 2059 1016 2114 Patre
1062 2058 1313 2116 virtutem
1345 2079 1422 2117 .ae
1472 2065 1804 2132 potentiam;
1849 2064 1942 2132 qui
1987 2072 2070 2118 est
2117 2062 2257 2116 idem

694 2153 836 2208 Deus
878 2171 1002 2208 cum
1053 2156 1289 2211 universi
1334 2157 1642 2224 cenditore;
1680 2154 1771 2227 qui
1804 2157 1856 2211 in
1891 2172 1985 2210 sna
2022 2155 2259 2212 Persona

689 2249 982 2315 pztlt‘llliat'tt
1010 2247 1184 2301 Patris
1209 2249 1486 2314 ostendit;
1507 2249 1603 2318 qui
1631 2258 1715 2303 est
1744 2247 1884 2302 Deus
1912 2255 1966 2302 et
1997 2247 2258 2303 Dominus

688 2323 966 2402 omnium;
1002 2340 1091 2406 qui
1119 2350 1204 2393 est
1229 2355 1355 2398 vera
1384 2338 1565 2394 Patris
1598 2332 1818 2408 imago;
1851 2341 1902 2393 in
1937 2355 2046 2408 quo
2076 2349 2134 2394 et
2162 2354 2257 2408 per

691 2440 854 2496 quem
883 2425 1039 2480 Pater
1066 2428 1304 2497 seipsum
1340 2417 1692 2495 manifestat;
1722 2446 1843 2482 eum
1871 2432 2082 2482 laudent
2108 2469 2125 2496 ,
2154 2431 2256 2499 qui

687 2531 770 2572 est
814 2516 1700 2591 intimtus.ir.coru.prehensibilis,
1733 2522 2098 2589 omnipotens,
2127 2523 2256 2574 sub-

687 2611 886 2664 sistens
923 2621 977 2663 et
1017 2627 1248 2679 oper-aus
1300 2629 1394 2681 per
1444 2614 1711 2680 seipsnm,
1763 2621 1818 2665 et
1866 2619 1949 2664 est
1988 2611 2256 2680 perfectus

688 2697 850 2757 Deus.
879 2702 1037 2754 sicuti
1066 2712 1144 2756 est
1179 2700 1448 2771 perfectus
1468 2702 1665 2756 homo?
1691 2701 1746 2754 Si
1774 2700 1978 2757 Ariana
2005 2701 2256 2771 impietas

683 2804 875 2847 eontra
909 2795 1020 2848 haec
1055 2795 1208 2847 llrnra
1236 2795 1416 2849 adhuc
1437 2804 1491 2848 et
1513 2795 1616 2849 sibi
1640 2805 1896 2849 constans
1927 2803 2252 2864 perseverat,

685 2889 836 2940 nullo
863 2888 971 2939 alio
1005 2897 1160 2955 pacto
1191 2888 1390 2957 pulerit
1422 2904 1662 2958 unquam
1685 2873 1877 2941 everti.
1937 2948 1939 2950 η

759 3000 910 3058 Unus
934 3013 1110 3057 tamen
1137 3009 1286 3057 locus
1311 3002 1491 3056 adhuc
1514 3011 1790 3071 superest,
1813 2992 2046 3057 eximius
2073 3003 2249 3073 plane,

681 3110 842 3165 quem
876 3096 1148 3162 pneterire
1197 3094 1386 3162 religio
1439 3104 1540 3147 est.
1581 3092 1673 3148 Sic
1713 3106 1892 3147 autem
1937 3109 1995 3149 se
2038 3094 2195 3148 habet
2233 3113 2246 3148 :

688 3201 713 3239 tr
762 3185 983 3251 Qualem
1046 3186 1209 3252 igitur
1246 3182 1442 3236 Filium
1493 3199 1652 3237 suum
1703 3182 1848 3238 Deus
1892 3200 1986 3253 per
2028 3200 2246 3239 carnem
2277 3212 2319 3270 ρ

686 3279 853 3336 Inisrt,
884 3276 985 3329 uisi
1022 3272 1278 3334 Verbum,
1304 3275 1447 3342 quod
1479 3290 1508 3326 a
1534 3275 1798 3344 principio
1826 3274 2031 3328 Scilicet
2055 3273 2248 3328 Filium

680 3369 914 3426 vocarit.
962 3383 1086 3435 qu.a
1121 3367 1364 3419 futurum
1392 3375 1531 3429 erat,
1581 3375 1640 3418 ut
1679 3361 1858 3420 ortum
1907 3367 2159 3435 caperet?
2187 3365 2250 3420 Et

685 3473 809 3513 cum
847 3458 1012 3512 Filius
1048 3440 1270 3513 vocatur
1290 3501 1306 3524 ,
1338 3474 1627 3514 corrrrnune
1658 3473 1854 3512 nomen
1886 3458 2090 3514 amoris
2118 3473 2244 3529 erga

681 3551 730 3605 h‘
757 3554 928 3606 mines
971 3555 1160 3606 sumit.
1205 3551 1311 3605 Nec
1335 3553 1478 3607 enim
1514 3550 1747 3606 Verbum
1797 3567 1892 3621 per
1936 3566 1995 3606 sc
2032 3559 2086 3607 et
2124 3553 2245 3606 sine

673 3658 872 3707 carne,
906 3645 1171 3708 perlectus
1202 3642 1370 3697 Filius
1401 3650 1546 3708 erat,
1580 3657 1705 3707 cum
1743 3639 2090 3696 tanrerresset
2115 3639 2246 3694 Ver-

676 3734 826 3794 bum,
881 3731 1221 3802 Unigeuitns.
1275 3731 1458 3808 Neque
1498 3747 1627 3786 caro
1679 3735 1772 3801 per
1825 3747 1884 3785 se
1923 3733 2040 3786 sine
2070 3729 2243 3785 Verbo

677 3823 975 3875 subsistere
1021 3831 1250 3889 poterat,
1291 3823 1416 3891 quia
1452 3822 1506 3875 in
1553 3821 1729 3876 Verbo
1766 3822 2113 3877 subsistebat.
2153 3822 2245 3877 Sic

674 3894 806 3978 ergo
828 3926 968 3963 unus
986 3909 1153 3964 Filius
1182 3911 1270 3962 Dei
1288 3909 1556 3982 perfectus
1575 3910 1952 3965 manifestatus
1975 3920 2055 3965 est
2071 3911 2124 3980 (6
2139 3912 2201 3982 l).
2218 3931 2236 3964 ι

677 3998 834 4054 Hune
879 4010 1057 4054 autem
1094 4002 1268 4055 locum
1303 4017 1413 4071 quo
1448 4003 1681 4056 maxime
1727 4003 2020 4056 abutuntur
2051 3999 2238 4057 Unita-

674 4094 762 4157 rii,
802 4105 962 4162 atque
1006 4095 1294 4163 plurimum
1326 4110 1384 4148 se
1415 4095 1646 4148 eﬂ'erunt
1672 4133 1689 4160 ,
1726 4096 1939 4165 egregie
1988 4095 2237 4162 illustrat,

672 4201 740 4239 ac
771 4198 989 4239 strenue
1015 4196 1316 4258 propugnat
1344 4187 1696 4242 doctissimus
1725 4177 1975 4242 Mar-anus
2013 4189 2095 4243 his
2117 4205 2239 4242 ver-

655 4274 756 4328 bis
792 4292 806 4329 :
838 4293 857 4326 t
909 4274 1169 4342 Videtur,
1208 4278 1413 4346 inquit,
1444 4287 1667 4333 sanctus
1695 4293 1898 4350 martyr
1919 4278 1992 4333 ita
2021 4280 2236 4334 locutus

672 4367 841 4419 fuisse
869 4367 1069 4435 duplici
1108 4371 1447 4436 potissimum
1481 4370 1548 4424 de
1573 4386 1736 4426 causa
1763 4369 1872 4441 (65)
1907 4387 1922 4421 :

753 4476 772 4507 ι
803 4457 841 4510 Ι.
877 4457 1012 4521 Quia
1041 4457 1296 4522 Verbum,
1323 4461 1422 4512 etsi
1457 4461 1728 4528 perfectus
1769 4461 1862 4516 Dei
1905 4461 2074 4516 Filius
2119 4478 2236 4539 era‘

2247 4557 2260 4567 ρ

669 4559 795 4603 ante
837 4550 1284 4614 incarnationem,
1324 4559 1382 4603 ut
1414 4561 1553 4620 patet
1580 4569 1643 4606 ex
1680 4555 1795 4622 ipso
1823 4555 1964 4619 loco,
1990 4556 2079 4610 ubi
2106 4550 2563 4621 θιιιιι’ῐ).“”““³“”’υ
2607 4550 2672 4582 Ψ
2709 4550 2896 4612 .”“⁷”’”
2941 4550 3340 4612 ὛΨΪΨΥΜὟἽ
3553 4550 3886 4616 ”””“’.”““’

671 4638 1006 4684 ῙῙηίηρηίηιηι
1036 4643 1269 4684 ειηηριιειι
1301 4641 1617 4684 "innnlulnc
1675 4653 1724 4684 pl
1771 4661 1834 4684 ογ
1870 4647 2054 4684 mnlric
2086 4639 2204 4684 aliis:
2331 4613 2525 4684 θροηθ-
2563 4603 2765 4676 ἀίοουμ’
2803 4601 2935 4655 Nam
2979 4617 3155 4673 primo
3195 4602 3390 4656 (“sene
3440 4615 3545 4664 an’
3593 4604 3886 4663 Dommuln

2327 4704 2574 4758 nostrum
2615 4694 2907 4767 perfectum
2949 4694 3119 4748 fuisse
3172 4693 3399 4747 Verbum
3433 4703 3500 4748 et
3537 4695 3883 4761 Unigenitum

2247 4829 2253 4838 .
2327 4796 2454 4857 ante
2493 4788 2942 4844 incarnationem.
2988 4787 3184 4841 Deinde
3227 4786 3372 4840 clare
3413 4786 3601 4854 docet,
3645 4787 3880 4844 Verbum

671 4638 1006 4711 Unigenitum
1035 4643 1269 4711 appellat
1300 4641 1639 4713 Hippolytus,
1675 4653 1730 4699 et
1771 4661 1837 4699 ex
1870 4647 2055 4701 multis
2083 4639 2227 4714 aliis,

668 4730 724 4788 in
752 4733 947 4802 quibus
974 4735 1038 4787 de
1059 4734 1176 4802 ejus
1198 4735 1545 4802 generatione
1573 4733 1773 4789 diserte
1793 4735 2030 4804 disputat
2049 4752 2227 4800 ;-non-

661 4825 796 4878 .dum
843 4836 1020 4880 tamen
1053 4837 1169 4880 erat
1197 4826 1365 4881 Filius
1396 4826 1656 4880 hominis.
1710 4824 1858 4880 Hane
1901 4828 2018 4896 ipse
2061 4829 2228 4884 inter-

759 4955 780 4985 ⁵
811 4956 941 5010 Dan.
973 4973 1070 5019 vn,
1098 4958 1187 5012 13.

2361 1967 2571 2036 putatio
2595 1968 2927 2041 postulabat,
2963 1979 3032 2027 ut.
3059 1968 3291 2023 Verbum
3329 1969 3645 2041 Hippolytus
3680 1981 3805 2026 a:.te
3835 1975 3921 2026 in-

2362 2057 2732 2112 carnationem
2765 2075 2871 2114 non
2896 2060 3279 2130 melaphorice.
3307 2062 3396 2116 sed
3430 2077 3558 2125 vere
3581 2063 3651 2116 ob
3683 2063 3921 2118 futuram

2357 2163 2424 2202 ex
2457 2146 2674 2219 Virgine
2719 2151 3116 2221 generationem
3160 2150 3623 2210 Filiurnhonriuis
3665 2167 3920 2214 vol-atem

2357 2238 2528 2296 fuisse
2544 2243 2917 2312 praetenderet,
2940 2257 3037 2297 nec
3064 2252 3239 2296 tamen
3257 2242 3485 2312 perfecte
3506 2242 3704 2300 Filium
3727 2245 3922 2314 fuisse,

2357 2323 2486 2402 quia
2521 2333 2756 2387 nondum
2793 2347 2857 2388 ex
2888 2331 3105 2403 Vrgine
3135 2335 3344 2405 genitus
3368 2343 3503 2390 erat.

2431 2424 2531 2478 «ΙΙ.
2568 2423 2684 2478 Non
2719 2425 2891 2479 solum
2937 2423 3170 2479 Verbum
3215 2427 3267 2479 in
3309 2425 3704 2491 Christo,.sed
3753 2430 3920 2484 etiam

2354 2529 2557 2583 corpus
2587 2523 2642 2568 et
2669 2505 2904 2568 artirnam
2941 2514 3250 2578 considerat
3292 2514 3641 2587 Hippolytus;
3683 2533 3748 2572 ac
3787 2517 3925 2572 Ver-

2356 2604 2480 2658 bum
2517 2607 2725 2659 unitum
2761 2606 2934 2666 carui,
2966 2622 3138 2659 unum
3188 2615 3241 2661 et
3275 2607 3570 2678 perfectum
3600 2607 3689 2662 Dei
3718 2609 3921 2666 Filium

2354 2701 2665 2754 existimat:
2699 2701 2770 2754 ita
2812 2712 2869 2754 ut
2899 2701 3154 2766 Christus
3232 2718 3336 2754 non
3405 2702 3577 2756 solnrn
3649 2705 3924 2770 quatenus

2354 2789 2612 2856 Verbum,
2642 2793 2733 2845 sed
2766 2793 2926 2845 etiam
2971 2801 3262 2860 quatenus
3286 2791 3426 2848 Deus
3451 2803 3504 2845 et
3534 2796 3714 2856 homo,
3746 2794 3923 2852 Filius

2354 2882 2422 2937 sit
2455 2881 2570 2938 Dei.
2603 2881 3064 2948 Quemadmodum
3113 2883 3274 2952 igitur
3319 2898 3447 2937 caro
3477 2884 3593 2937 sine
3625 2881 3799 2938 Vcl‘llo
3830 2885 3920 2938 Fi-

2352 2974 2458 3028 lius
2493 2972 2582 3026 Dei
2615 2989 2734 3028 esse
2783 2987 2886 3027 non
2921 2983 3124 3042 potest;
3157 2976 3226 3026 ita
3264 2971 3500 3027 Verbum
3548 2975 3667 3026 sine
3726 2989 3918 3040 carne,

2351 3063 2648 3132 perlectum
2683 3064 2898 3133 quidem
2925 3061 3158 3116 Verbnrn
3189 3073 3305 3117 erat
3335 3072 3389 3116 et
3437 3063 3752 3133 lluigenitus
3774 3105 3789 3128 ,
3817 3065 3918 3119 sed

2354 3170 2494 3209 unus
2534 3156 2622 3208 ille
2662 3155 2933 3223 perfectus
2978 3155 3182 3220 Filius,
3231 3171 3296 3208 ex
3352 3153 3553 3214 Verbo,
3583 3171 3814 3229 corpore
3860 3165 3917 3213 et

2351 3245 2534 3298 animo
2565 3257 2840 3308 constans,
2878 3263 2981 3300 non
3026 3256 3160 3299 erat.
3201 3244 3316 3301 [lue
3365 3247 3624 3315 pertinet.
3659 3250 3803 3316 quod
3834 3250 3916 3304 ait

2348 3351 2467 3406 cap.
2507 3336 2541 3390 4
2568 3354 2581 3389 :
2619 3354 2639 3387 ι
2673 3336 2766 3391 last
2796 3337 2955 3406 igitur
2980 3354 3140 3404 caro,
3169 3355 3288 3407 quae
3314 3355 3343 3392 a
3377 3337 3553 3392 Verbo
3598 3336 3774 3415 Patris
3807 3343 3914 3395 ob-

2351 3446 2369 3477 ι
2397 3430 2525 3493 lata,
2545 3436 2817 3482 utmunus
2847 3441 2962 3492 est;
2994 3445 3140 3494 caro,
3175 3429 3412 3498 irrqnam,
3437 3444 3557 3498 qua;
3584 3440 3667 3483 est
3690 3446 3764 3483 ex.
3787 3430 3940 3501 Spit

2348 3537 2366 3568 ε
2401 3521 2501 3571 ritu
2536 3528 2744 3579 sancto.
2769 3528 2822 3572 et
2853 3518 3087 3587 Virgine,
3117 3518 3385 3588 perfectus
3415 3518 3582 3573 Filius
3610 3517 3915 3575 Deioslen-

2351 3624 2367 3654 ι
2401 3621 2514 3659 sus.
2549 3625 2568 3657 ι
2605 3607 2658 3658 In
2688 3606 2931 3660 eamdem
2966 3607 3284 3660 sententiam
3313 3609 3622 3675 accipienda
3642 3648 3657 3673 ,
3685 3624 3806 3676 qua:
3830 3611 3914 3666 le-

2342 3706 2542 3763 guntur
2580 3697 2631 3749 in
2669 3697 2804 3750 libro
2850 3699 3085 3764 genuino
3123 3697 3195 3748 De
3241 3683 3594 3759 Antichristo,
3646 3713 3764 3768 cap.
3817 3700 3852 3752 5
3887 3717 3907 3756 :

2342 3786 2512 3850 Αὐτὸς
2562 3787 2720 3840 πάλιν
2745 3787 2772 3838 ὁ
2796 3785 2887 3840 τοῦ
2941 3786 3073 3839 θεοῦ
3131 3788 3293 3850 παῖς,
3328 3787 3356 3838 ὁ
3384 3787 3547 3840 πάλαι
3583 3788 3679 3858 μὲν
3711 3789 3905 3856 Λόγος.

2347 3896 2366 3926 ι
2400 3879 2512 3947 Ipse
2542 3893 2731 3930 rursrrs
2762 3876 2851 3930 Dei
2881 3876 3050 3930 Filius
3070 3918 3084 3942 ,
3114 3877 3203 3944 qui
3230 3877 3378 3945 prius
3431 3875 3660 3931 Ver-hum
3693 3889 3830 3933 erat.
3874 3899 3901 3934 ι

2341 3964 2612 4021 Hactenus
2644 3966 2701 4020 V.
2726 3966 2786 4021 C.
2823 3965 3006 4036 Nique
3037 3968 3216 4021 minus
3239 3967 3408 4022 solide
3442 3978 3620 4021 tuetur
3647 3972 3902 4026 eumdem

2337 4058 2516 4114 locum
2550 4051 2692 4129 Greg
2714 4060 2845 4113 n-ius
2888 4057 3075 4112 Bullus
3103 4067 3292 4112 contra
3334 4057 3671 4111 Zwicharum
3704 4057 3904 4117 lrenici

2337 4148 2667 4205 Irenicorum
2694 4157 2966 4208 auctorem
3003 4151 3054 4204 in
3093 4151 3206 4206 hinc
3237 4152 3396 4204 verba
3429 4151 3698 4204 disserens
3734 4151 3846 4222 (66)
3879 4169 3896 4206 :

2342 4260 2362 4295 ι
2391 4240 2642 4313 N.ort_,ita
2690 4242 2909 4295 insaniit
2958 4238 3307 4311 Hippolytus.
3361 4249 3420 4292 ut
3469 4239 3668 4294 diceret
3715 4243 3897 4310 (quod

2334 4332 2538 4389 dixisse
2579 4333 2734 4402 illum
2766 4347 3069 4402 anonymus
3119 4332 3328 4397 voluit)
3377 4331 3548 4383 Verbo
3601 4331 3714 4384 sive
3760 4331 3898 4388 Uni-

2335 4423 2515 4501 genito
2534 4393 2831 4492 quidquam
2873 4393 3179 4474 intrinseca:
3211 4419 3553 4487 perfectionis
3581 4436 3765 4476 revera
3797 4440 3894 4479 ac-

2333 4514 2563 4567 cessisse
2607 4528 2672 4582 ex
2716 4512 2896 4584 carnis
2941 4514 3340 4578 assumptione;
3396 4512 3504 4565 imo
3553 4516 3890 4570 contrarium

739 5137 848 5204 (60)
899 5137 1024 5213 ilco
1062 5140 1239 5194 omnia
1280 5139 1529 5213 Christus
1576 5140 1912 5213 oecpnomiceg
1961 5151 2217 5213 tanquam

2352 5138 2484 5202 .012);
2516 5139 2620 5206 γὰρ
2646 5139 2788 5213 ἐστὶν
2817 5141 2846 5191 ὁ
2872 5135 2947 5213 et?)
2977 5136 3153 5213 .Harcpl.
3187 5137 3468 5213 συναῖῥιος.
3502 5135 3559 5190 S.
3597 5135 3863 5213 llippolyt.

667 5205 828 5281 homo
856 5211 1191 5281 precabatur,
1217 5211 1307 5279 qui
1330 5219 1444 5281 erat
1469 5226 1624 5263 verus
1644 5209 1802 5273 Deus,
1827 5211 1955 5274 Θεὸς
1987 5205 2219 5281 ὤν’ὰλη-

666 5276 827 5339 Θινός.
867 5281 921 5329 S.
963 5277 1199 5346 llippol.,
1235 5276 1363 5334 Ἀάυ.
1392 5279 1628 5342 Iudicas,
1659 5295 1808 5333 nunt.
1845 5282 1896 5332 4.

2321 5207 2611 5261 Damam”.
2649 5211 2847 5262 advers.
2877 5206 3111 5266 Judwos,
3145 5224 3290 5259 lllllll.
3328 5208 3376 5258 7.

2385 5279 2494 5350 (62)
2527 5279 2582 5331 S.
2616 5275 3170 5348 Hrppolyt.Commcut.
3199 5278 3250 5330 in
3275 5275 3618 5340 Cenes.,tom.
3653 5275 3714 5340 ll,
3743 5296 3862 5350 pag.

735 5349 843 5415 (61)
891 5347 993 5399 Sed
1029 5343 1212 5416 quare,
1253 5367 1286 5404 o
1329 5353 1607 5418 propheta.
1653 5351 1888 5402 edissere
1916 5350 2088 5410 nobis,
2119 5366 2214 5404 cur

2353 5343 2399 5408 7,
2433 5343 2500 5402 ‘28
2522 5360 2572 5401 et
2592 5351 2680 5402 $9.

662 5423 918 5484 templum
955 5419 1283 5472 devastatqu
1312 5421 1430 5475 est?
1451 5421 1531 5472 Au
1575 5429 1788 5488 propter
1810 5420 1950 5471 illam
1977 5421 2102 5472 olirrr
2135 5422 2212 5472 vi-

663 5488 757 5542 tuh
786 5488 1224 5541 l‘abricationem?
1264 5506 1335 5543 an
1361 5501 1574 5559 propter
1608 5489 1802 5559 populi,
1822 5490 2213 5542 idololatriam?

662 5572 728 5628 an
765 5566 977 5625 propter
1029 5558 1812 5628 sanguinemprophetarum?
1869 5573 1937 5611 an
1993 5575 2209 5628 propter

663 5627 921 5697 adulteria
952 5636 1004 5679 et
1041 5627 1420 5683 lorurcationes
1469 5630 1671 5684 Israel?
1712 5627 1950 5692 Minime,
1995 5627 2204 5697 inquit;

662 5696 716 5748 in
751 5697 1000 5750 omnibus
1045 5700 1188 5749 enim
1231 5698 1334 5750 illis
1355 5713 1562 5765 semper
1589 5701 1799 5752 veniam
1827 5707 1880 5750 et
1921 5696 2205 5764 indulgen-

662 5766 792 5819 tiam
837 5766 1107 5832 ter-ebant;
1149 5767 1241 5821 sed
1273 5769 1398 5836 quia
1436 5768 1628 5826 Filium
1655 5769 1890 5823 auctoris
1921 5768 2204 5822 benelicio-

661 5849 782 5889 rum
831 5836 1233 5906 interfecerunt,
1275 5839 1390 5908 ipse
1427 5840 1571 5895 enim
1601 5850 1682 5895 cst
1710 5848 2009 5894 coaeternus
2034 5837 2200 5893 Patri.

2382 5420 2487 5488 (65)
2524 5419 2684 5483 ldern,
2721 5416 2914 5488 (Santra
2949 5412 3400 5488 Νυειηηυῐητὲη.

2379 5485 2488 5553 (64)
2522 5488 2685 5549 Idem,
2711 5485 2906 5539 Contra
2944 5485 3114 5553 Νιχτε..
3147 5501 3192 5538 c.
3241 5485 3322 5536 15.

2379 5551 2714 5628 (65)ιΜ;υ·;ιιι.
2763 5551 3051 5609 DivinilJ.
3082 5554 3143 5608 C.
3177 5555 3268 5607 ιω.
3322 5569 3396 5618 Iv,
3435 5553 3490 5606 'c.
3535 5553 3618 5615 l5,
3649 5553 3754 5625 §-l,
3805 5577 3853 5622 ιι.

2306 5617 2430 5679 459.
2471 5617 2496 5666 ’.

2377 5696 2486 5768 (66)
2524 5695 2730 5758 Bullus,
2766 5692 2968 5763 Daicus.
2999 5693 3090 5761 βό.
3129 5691 3368 5754 Nimiam,
3395 5701 3524 5756 sect.
3559 5707 3620 5759 tr,
3648 5707 3768 5764 cap:
3797 5692 3853 5763 Β,

2304 5765 2409 5838 55,
2443 5765 2562 5836 pag.
2591 5767 2678 5820 99.
