4104 6350
198 443 285 497 ⁸23⁵1

199 482 256 497 ιιι·

216 482 256 496 σι·

1162 435 1253 495 DE
1300 435 1461 492 VITA
1494 435 1581 490 ΕΤ
1614 432 1922 491 SCRIPTIS
1976 435 2033 488 S.
2074 431 2451 487 lllPPOLYTl.
2508 512 2512 517 Ι

3295 436 3398 488 582

199 565 306 618 sive
335 558 683 631 Unigenitum
717 559 850 614 adeo
876 572 941 613 ex
975 571 1137 612 carne
1163 556 1400 612 humana
1428 572 1533 609 non
1561 556 1747 609 melio-
1776 561 1819 615 Α
1848 552 2025 616 Patre,
2060 552 2522 621 tanquamlumen
2549 565 2613 605 ex
2638 550 2860 616 lumine,
2886 559 2940 606 et
2973 566 3112 621 aqua
3138 567 3202 606 ex
3230 550 3399 615 fonte,

194 663 355 708 ratum
399 666 558 716 esse,
592 660 651 704 ut
688 665 815 703 caro
862 649 949 703 iHa
987 649 1156 715 ipsam
1187 663 1340 702 suam
1385 647 1742 701 substantiam

1845 652 1899 699 et
1926 644 2112 698 radius
2137 658 2167 696 a
2193 642 2306 698 sole
2333 643 2578 712 prodeat,
2601 652 2653 696 et
2680 640 2873 696 Filium
2899 641 3097 696 diserte
3122 641 3310 702 eximit
3334 657 3402 696 ex

194 740 359 796 Verbo
389 742 601 796 debeat.
626 731 774 805 Quid
820 754 987 810 ergo,
1033 740 1280 808 inquies,
1324 738 1497 791 voluit
1544 736 1746 807 Hippo-
1843 748 2072 787 numero
2102 748 2282 788 rerum
2334 747 2365 786 a
2399 730 2508 787 Deo
2554 731 2818 786 factarum
2846 772 2861 796 ,
2910 731 3059 783 illum
3113 731 3286 785 solum
3332 746 3402 789 ex

192 832 344 902 lytus,
390 845 513 884 cum
549 831 622 883 ait
665 829 897 883 Verbum
959 839 1012 883 et
1059 829 1399 898 Unigenitum
1436 831 1554 883 sine
1583 844 1743 882 carne

192 921 472 991 perfectum
501 936 606 975 non
641 920 809 976 fuisse
833 922 1071 975 Filium?
1109 920 1322 986 Voluit,
1361 922 1604 989 inquam,
1628 937 1742 975 ma-

193 1012 407 1077 nifeste,
461 1012 554 1065 τὸν
608 1014 779 1079 Λόγον
827 1022 950 1066 ante
992 1014 1417 1066 incarnationem
1455 1029 1561 1067 non
1595 1012 1739 1065 omni

150 1140 156 1144 -
193 1108 455 1162 tiliationis
487 1124 684 1177 genere
707 1148 721 1169 ,
762 1116 822 1161 ut
856 1109 928 1160 ita
963 1109 1171 1173 dicam,
1201 1108 1517 1167 defunctum
1548 1106 1735 1171 fuisse,

192 1196 289 1249 sive
322 1197 561 1249 nondum
594 1198 764 1251 fuisse
794 1200 940 1251 omni
978 1199 1172 1258 modo,
1216 1213 1323 1266 quo
1348 1192 1509 1273 Pater
1542 1198 1735 1263 voluit,

192 1285 272 1339 Dci
302 1286 516 1341 Filium.
551 1289 767 1343 Scilicet
790 1288 1017 1341 Domino
1044 1299 1227 1343 nostro
1259 1290 1515 1357 triplicem
1545 1289 1738 1341 nativi-

190 1386 335 1430 tatem
385 1387 437 1430 et
481 1378 802 1433 ‘tiliationem
864 1381 1225 1434 attribuerunt
1257 1395 1503 1439 veteres.
1554 1382 1735 1439 Prima

187 1477 275 1531 est,
298 1484 399 1535 qua
435 1477 496 1522 ut
527 1470 696 1537 Λόγος
727 1486 789 1524 ex
825 1482 1001 1526 mente
1047 1472 1219 1528 Patris
1250 1475 1316 1529 ab
1342 1484 1544 1532 aeterno
1578 1488 1734 1533 natus

188 1556 294 1610 fuit.
342 1558 419 1612 Ex
464 1560 566 1614 hac
614 1563 892 1616 nativitate
938 1562 1170 1631 perfecta
1217 1566 1520 1635 bypostasis
1555 1567 1732 1623 divina

186 1651 404 1717 exstitit;
462 1667 563 1706 nec
611 1653 711 1721 ipsi
761 1656 1056 1724 quidquam
1090 1666 1273 1725 postea
1320 1660 1582 1725 accessit,
1638 1661 1733 1715 sed

185 1743 351 1809 potius
396 1753 606 1798 caeteras
650 1746 957 1801 nativitates
1018 1730 1449 1816 myxazaGdaetg
1482 1751 1731 1819 fuerunt,

188 1833 288 1887 sive
329 1836 812 1892 condescensiones
842 1836 962 1892 Filii
992 1838 1106 1894 Dei.
1156 1841 1336 1896 Altera
1368 1823 1559 1913 nempe
1601 1848 1734 1901 nati-

188 1926 314 1981 vitas
339 1937 438 1991 est,
456 1944 564 1996 qua
590 1931 616 1982 ὁ
643 1929 810 1996 Λόγος
831 1946 859 1984 a
890 1930 999 1986 Deo
1027 1932 1204 1998 Patre,
1234 1937 1372 2005 apud
1400 1954 1584 2007 quem,
1608 1955 1729 1995 cum

181 2018 304 2069 nihil
347 2020 529 2073 adhuc
571 2029 763 2088 praeter
803 2022 971 2077 Deum
1022 2027 1332 2095 exsisteret,
1389 2030 1627 2100 adeoque
1668 2048 1731 2085 ex

181 2118 367 2164 aeterno
402 2109 613 2177 fuerat,
662 2115 782 2166 κατ’
816 2116 1095 2187 ἐνέργειαν
1130 2120 1329 2186 exivit,
1378 2137 1441 2176 ac
1474 2131 1728 2191 tanquam

180 2214 237 2253 ex
265 2208 411 2253 utero
443 2201 561 2269 ejus
589 2205 818 2271 prodiit,
845 2222 1011 2277 seque
1044 2210 1259 2265 demisit
1290 2213 1355 2266 ad
1389 2213 1726 2267 condendam

178 2291 439 2344 universa.
474 2290 655 2347 Tertia
697 2294 913 2351 demum
971 2300 1224 2356 nativitas
1272 2310 1383 2357 tum
1423 2302 1559 2369 fuit,
1605 2320 1726 2359 cum

184 2382 310 2436 idem
341 2384 571 2453 ὁλΛόγος
605 2402 733 2441 caro
768 2388 944 2445 factus
985 2402 1085 2456 est,
1121 2403 1172 2448 et
1211 2409 1241 2448 e
1287 2395 1405 2449 sinu
1456 2395 1630 2451 Patris
1672 2399 1728 2452 in

177 2484 380 2529 uterum
414 2476 735 2531 beatissima
763 2478 996 2549 Virginis
1028 2484 1271 2553 illapsus,
1316 2486 1479 2540 homo
1509 2504 1571 2541 ex
1609 2490 1725 2558 ipsa

176 2572 323 2619 natus
364 2575 440 2621 est
484 2582 578 2629 per
613 2568 1069 2626 inumbrationem
1114 2574 1348 2644 Spiritus
1373 2579 1565 2633 sancti.
1610 2579 1725 2636 Hoc

173 2651 268 2709 fuit
289 2656 386 2710 τοῦ
408 2660 577 2729 Λόγου
605 2672 843 2727 extrema
873 2667 1271 2733 σνγκατάϐαςις
1297 2668 1346 2739 (a
1374 2671 1529 2725 nobis
1552 2671 1729 2725 homi-

174 2746 347 2811 nibus,
371 2751 613 2822 adeoque
641 2756 710 2813 ab
738 2755 869 2826 ipsis
896 2759 1097 2826 angelis
1115 2767 1371 2813 acternum
1399 2762 1722 2834 adoranda),

174 2851 272 2904 qua
304 2852 551 2910 peracta,
600 2846 871 2915 perfectus
903 2847 1074 2904 Filius
1111 2849 1201 2904 Dei
1241 2850 1416 2907 factus
1466 2862 1577 2920 est,
1622 2853 1725 2909 hoc

172 2936 265 2995 est,
298 2940 356 2983 ut
385 2934 493 2987 dixi
523 2976 537 2999 ,
566 2938 715 2990 omni
753 2939 1029 2995 ﬁliationis
1057 2958 1252 3012 genere
1281 2943 1569 3000 defunctus
1595 2956 1674 3001 est
1704 2962 1720 3000 :

175 3019 432 3087 siquidem
460 3034 667 3081 caetera
700 3028 1002 3097 ﬁliationes,
1036 3049 1157 3102 qua:
1193 3035 1723 3091 humanamChi-isti

172 3121 410 3166 naturam
438 3126 699 3184 spectant,
747 3135 812 3172 ex
842 3120 941 3173 hac
967 3123 1292 3191 dependent,
1322 3138 1482 3196 atque
1510 3143 1574 3179 ex
1606 3128 1721 3196 ipsa

172 3213 586 3270 consequuntur.
644 3206 766 3262 Haec
827 3210 1001 3265 fusius
1055 3214 1484 3281 explicabimus,
1549 3218 1719 3288 inquit

1822 3199 2139 3257 agnoscunt.

171 3289 236 3341 cl.
277 3291 494 3358 Bullus,
529 3296 595 3349 ad
636 3298 928 3351 sectionem
960 3300 1105 3353 illam
1140 3303 1205 3368 ὃ,
1235 3304 1301 3357 de
1334 3304 1453 3357 Filii
1482 3306 1561 3377 τῷ
1602 3325 1724 3361 σνν-

170 3380 337 3450 αῑδὶῳ.
372 3400 391 3431 ι
1014 3398 1017 3399 ⁷

228 3471 445 3523 interim
495 3473 627 3527 illud
672 3475 1065 3532 observandum
1112 3490 1224 3544 est,
1276 3483 1415 3540 inter
1458 3501 1552 3551 ea,
1602 3505 1724 3557 qua:

172 3561 363 3616 Irenici
398 3573 589 3618 auctor
637 3583 699 3620 ex
751 3569 889 3621 libro
936 3568 1203 3641 Hippolyti
1258 3574 1454 3629 Contra
1496 3578 1721 3635 Noelum

166 3655 419 3722 adduxit,
453 3666 710 3727 tanquam
740 3661 1048 3727 catholicae,
1081 3665 1154 3723 .id
1196 3677 1312 3733 est,
1342 3667 1569 3725 Nicaein
1599 3673 1718 3726 ﬁdei

166 3750 464 3813 contraria,
499 3751 745 3819 quaedam
798 3768 946 3816 esse,
982 3769 1102 3822 qua:
1152 3757 1297 3811 illam
1349 3760 1519 3827 ipsam
1558 3761 1718 3815 ﬁdem

166 3840 372 3908 egregie
435 3841 780 3894 conﬁrmant.
838 3840 1164 3912 Huiusmodi
1237 3855 1321 3900 est
1391 3849 1522 3902 illud
1584 3849 1717 3919 (67):

172 3946 189 3978 ι
215 3929 348 3982 Cum
395 3932 559 3983 alium
596 3931 714 3984 dico
762 3931 990 4000 (nempe
1021 3934 1215 3988 Filium
1262 3953 1290 3990 a
1346 3939 1502 3993 l‘atre
1532 3938 1644 4010 [68]
1675 3940 1717 4008 ),

137 4048 140 4051 λ
165 4036 267 4075 non
297 4022 433 4077 duos
455 4022 596 4077 Deos
625 4024 768 4087 dico,
796 4023 887 4078 sed
915 4013 1165 4094 tanquam
1191 4029 1372 4083 lumen
1402 4046 1465 4083 ex
1493 4031 1715 4096 lumine,

165 4120 215 4163 et
244 4128 438 4180 aquam
486 4127 553 4166 ex
604 4112 787 4175 fonte,
819 4122 910 4166 aut
936 4116 1146 4167 radium
1184 4132 1212 4169 a
1248 4119 1401 4172 sole:
1436 4136 1539 4173 una
1571 4122 1714 4175 enim

164 4201 329 4256 virtus
376 4219 442 4257 ex
476 4213 624 4269 toto;
673 4213 842 4257 totum
876 4220 1006 4258 vero
1046 4198 1225 4273 Pater,
1274 4223 1337 4262 ex
1369 4213 1712 4278 quo'virtus,

149 4288 397 4347 Verbum
426 4313 439 4348 ε
467 4296 573 4349 hoc
599 4310 725 4349 vero
753 4311 903 4351 mens
932 4312 1027 4351 seu
1063 4313 1260 4352 sensus
1281 4339 1295 4362 ,
1333 4304 1425 4366 qui
1459 4305 1713 4370 prodiens

165 4376 217 4433 in
263 4385 557 4450 mundum,
600 4394 853 4440 ostensus
892 4399 974 4441 est
1004 4386 1146 4442 Puer
1195 4390 1288 4443 Dei
1335 4390 1466 4461 (69).
1523 4394 1714 4448 Omnia

164 4470 324 4540 igitur
352 4488 445 4542 per
465 4490 589 4529 eum
619 4477 761 4531 facta
794 4480 957 4541 sunt;
995 4478 1108 4546 ipse
1153 4480 1302 4534 solus
1332 4496 1397 4535 ex
1426 4480 1581 4537 Patre
1616 4496 1711 4555 ge:-

1842 825 1961 894 ipso
1994 823 2103 879 Deo
2134 822 2293 879 Patre
2323 824 2563 895 genitum
2600 824 2993 892 pronuntians:
3021 837 3140 890 quae
3161 838 3284 877 cum
3312 820 3403 879 Ni-

1840 929 1985 968 catna
2017 914 2116 969 [ide
2145 930 2207 969 ac
2240 914 2583 970 confessione
2619 914 2843 967 omnino
2872 916 3207 981 conspirant.

1913 1004 2093 1075 Neque
2114 1006 2311 1074 cuique
2335 1004 2657 1059 oﬂendiculo
2682 1019 2803 1057 esse
2823 1003 2999 1066 debet,
3027 1003 3170 1071 quod
3202 1001 3396 1057 ibidem

1839 1094 2155 1169 Hippolytus
2189 1096 2403 1167 Patrem
2439 1098 2583 1152 dicat
2619 1105 2804 1162 totum,
2826 1096 3038 1149 Filium
3066 1112 3195 1150 vero
3228 1097 3399 1150 virtu-

1832 1197 1941 1240 tem
1965 1204 2026 1241 ea:
2052 1198 2179 1241 toto.
2210 1187 2343 1241 Nam
2372 1196 2544 1242 totum
2579 1197 2723 1241 recte
2754 1188 2952 1241 dicitur
2973 1185 3154 1250 Pater,
3177 1190 3303 1259 quia
3319 1199 3402 1244 est

1838 1280 1988 1352 πηγὴ
2012 1281 2279 1350 Θεότητος.
2309 1279 2585 1348 Siquidem
2614 1280 2890 1343 divinitas,
2923 1296 3043 1349 qua:
3073 1282 3124 1333 in
3152 1279 3289 1333 Filio
3313 1288 3397 1335 est

1835 1378 1889 1425 et
1920 1367 1989 1433 in'
2010 1370 2213 1439 Spiritu
2248 1382 2458 1434 sancto,
2493 1370 2669 1424 Patris
2693 1380 2805 1433 est,
2837 1371 2963 1439 quia
2998 1387 3027 1424 a
3064 1369 3223 1425 Patre
3256 1372 3400 1425 deri~

1834 1474 2009 1518 vatur.
2041 1464 2297 1533 Apprime
2326 1463 2511 1517 itidem
2535 1463 2800 1517 catholica
2832 1476 2987 1526 sunt,
3022 1478 3141 1532 quae
3170 1479 3297 1517 mox
3328 1478 3393 1517 ex

1832 1557 2020 1611 eodem
2086 1554 2358 1627 Hippolyti
2437 1556 2576 1609 libro
2648 1555 2889 1623 sophista
2949 1554 3137 1618 affert,
3202 1570 3397 1623 nempe

1832 1649 1946 1702 inec
1972 1648 2083 1719 (ἳο)
2116 1665 2129 1700 :
2172 1667 2189 1699 ι
2221 1644 2381 1700 Pater
2407 1648 2649 1714 mandat,
2681 1646 2916 1711 Verbum
2949 1647 3192 1717 perlicit;
3224 1647 3395 1711 Filius

1832 1749 2008 1793 autem
2057 1739 2379 1805 ostenditur,
2430 1754 2525 1808 per
2553 1754 2711 1808 quem
2748 1737 2908 1793 Pater
2936 1740 3189 1793 creditur.
3222 1728 3396 1797 OEco-

1832 1831 2011 1884 nomia
2039 1831 2417 1885 consensionis
2450 1831 2709 1898 redigitur
2738 1830 2803 1885 ad
2832 1847 2997 1883 unum
3024 1829 3212 1884 Deum.
3242 1829 3395 1886 Unus

1832 1922 1974 1975 enim
2000 1931 2081 1975 est
2106 1920 2270 1983 Deus,
2300 1922 2391 1989 qui
2425 1922 2644 1975 mandat
2667 1920 2845 1985 Pater,
2875 1925 2965 1990 qui
2993 1923 3175 1981 obedit
3201 1922 3390 1995 Filius,

1832 2011 1924 2078 qui
1956 2010 2109 2063 docet
2139 2010 2419 2063 scientiam
2446 2010 2677 2077 Spiritus
2709 2010 2949 2063 sanctus.
2983 2010 3161 2076 Pater,
3190 2013 3280 2083 qui
3310 2021 3395 2068 est
3446 2081 3451 2085 θ

1832 2116 1994 2169 super
2024 2100 2230 2165 omnia,
2260 2099 2428 2153 Filius
2460 2116 2550 2169 per
2583 2102 2787 2166 omnia,
2824 2102 3059 2169 Spiritus
3086 2105 3391 2174 sanctusin

1831 2193 2103 2246 omnibus.
2137 2212 2155 2243 ι
2198 2190 2295 2245 llic
2328 2191 2532 2245 scilicet
2562 2191 2617 2245 S.
2657 2191 2977 2261 Hippolytus
3008 2180 3219 2248 Patrem
3245 2234 3259 2259 ,
3300 2194 3393 2249 Fi-

1829 2284 1962 2339 lium
1992 2294 2046 2339 et
2089 2284 2353 2353 Spiritum
2389 2294 2638 2353 sanetum
2670 2300 2838 2337 unum
2866 2300 2986 2338 esse
3016 2284 3183 2340 Deum
3207 2296 3391 2355 aperte

1829 2376 2074 2437 docet,et
2100 2376 2394 2446 unicuique
2420 2374 2705 2428 Trinitatis
2728 2362 2980 2429 Personae
3010 2378 3391 2446 omnipraasen-

1830 2467 1957 2520 tiam
1995 2458 2202 2531 tribuit,
2225 2469 2291 2520 'ac
2311 2467 2417 2519 vim
2455 2467 2716 2530 divinam,
2749 2481 2868 2534 qua:
2891 2477 3083 2521 cuncta
3112 2469 3385 2536 pervadat.

1828 2555 1983 2621 Quod
2023 2572 2151 2609 vero
2182 2555 2395 2611 Patrem
2422 2555 2554 2609 dicit
2584 2555 2866 2617 mandare,
2910 2556 3105 2609 Filium
3148 2556 3387 2623 obedire,

1828 2647 1881 2699 in
1930 2661 1995 2700 eo
2037 2648 2437 2700 consentientes
2480 2660 2661 2699 secum
2711 2654 2765 2697 et
2811 2645 3059 2698 similiter
3104 2648 3387 2716 loquentes

1827 2735 1992 2789 habet
2034 2734 2169 2787 alios
2204 2732 2390 2789 Patres
2417 2734 2783 2799 orthodoxos,
2821 2750 2927 2787 non
2975 2736 3135 2789 modo
3161 2736 3387 2791 Anteni-

1827 2838 2032 2890 caanos,
2067 2824 2159 2877 sed
2191 2834 2241 2877 et
2271 2825 2363 2893 qui
2388 2833 2512 2893 post
2541 2825 2831 2878 concilium
2866 2825 3143 2881 Niczrnum
3186 2827 3385 2883 ﬂorue-

1823 2906 2016 2970 runt...
2068 2914 2222 2979 Quod
2277 2915 2456 2983 itidem
2494 2914 2706 2970 Patrem
2742 2916 2958 2984 proprie
3006 2934 3169 2987 super
3201 2920 3384 2973 omnia

1821 3020 1942 3059 esse
1972 3006 2136 3069 dicit,
2188 3005 2237 3058 id
2272 3005 2339 3059 ad
2382 3006 2570 3077 ἐξοχὴν
2612 3006 2758 3059 illam
2806 3006 3018 3070 Patris,
3070 3008 3381 3077 quaPater

1822 3106 1932 3161 est,
1977 3098 2198 3175 omnino
2245 3098 2624 3162 referendum,
2677 3114 2838 3167 quam
2885 3088 3148 3154 Catholici
3194 3116 3383 3159 omnes

2339 3279 2736 3336 ARTICULUS
2776 3281 2842 3337 v.
2922 3256 2923 3259 γ

1824 3410 1888 3447 DE
1928 3408 2240 3449 DH'INITATE
2280 3410 2522 3451 SPllll'l‘US
2575 3412 2799 3457 SANCTI,
2850 3413 3071 3460 EJUSQUE
3124 3414 3380 3454 Ριιοῐιιιιε-

2267 3481 2493 3520 TATIBI‘S
2532 3481 2934 3523 PEBSONALIBUS.

1893 3552 2080 3619 Quoad
2118 3553 2378 3623 Spiritum
2412 3563 2679 3619 sanctum,
2705 3555 2853 3607 omni
2904 3556 3143 3621 possibili
3188 3558 3381 3626 praeci-

1786 3678 1789 3679 ν
1823 3643 1976 3697 sione
2017 3644 2254 3697 declarat
2287 3644 2427 3697 idem
2474 3653 2697 3697 sanctus
2745 3644 3030 3714 episcopus
3068 3656 3122 3700 et
3152 3660 3379 3719 martyr,

1821 3732 2066 3787 divinum
2129 3733 2289 3786 hunc
2330 3732 2590 3802 Spiritum
2644 3749 2765 3789 esse
2816 3737 3030 3789 tertiam
3076 3736 3378 3795 Personam

1821 3824 2176 3878 sanctissima:
2208 3824 2510 3889 Trinitatis,
2540 3835 2600 3880 ut
2625 3842 2790 3896 supra
2817 3828 2929 3897 jam
2958 3828 3211 3885 vidimus.
3239 3829 3380 3900 Sup-

1819 3902 1971 3985 ponit
1999 3931 2125 3969 vero
2158 3917 2298 3969 idem
2327 3926 2517 3979 auctor
2562 3926 2671 3973 tres
2723 3920 2935 3975 divinas
2960 3920 3225 3976 Personas
3256 3938 3378 3977 esse

1821 4023 1990 4061 unum
2024 4009 2381 4077 eumdemque
2418 4012 2621 4083 Deum;
2652 4011 2727 4064 ait
2764 4011 2961 4081 quippe
2988 4020 3096 4066 tres
3128 4013 3226 4066 has
3243 4011 3374 4066 Per-

1819 4114 1981 4153 sonas
2018 4100 2217 4155 habere
2245 4116 2408 4155 unam
2449 4104 2803 4170 eamdemque
2844 4104 3171 4170 potentiam,
3206 4120 3369 4159 unam

1817 4192 2171 4261 eamdemque
2251 4195 2504 4247 virtutem
2554 4212 2566 4245 :
2619 4208 2746 4261 ergo
2796 4196 3051 4261 supponit
3102 4194 3366 4265 Spiritum

1818 4291 2065 4337 sanctum
2093 4298 2213 4337 esse
2240 4281 2408 4337 Deum
2436 4292 2490 4335 et
2516 4297 2636 4337 esse
2681 4277 2826 4335 Patri
2865 4282 3110 4353 Filioque
3135 4288 3371 4341 consub-

1816 4375 2142 4427 stantialem.
2175 4375 2436 4429 Caeterum
2475 4373 2758 4440 perspicue
2794 4386 3027 4428 mentem
3059 4393 3212 4430 suam
3245 4394 3371 4447 pro-

1815 4463 1895 4517 dit
1935 4479 2097 4533 super
2124 4465 2226 4518 hoc
2256 4463 2482 4516 articulo
2512 4478 2634 4516 cum
2669 4464 2777 4527 ait,
2822 4483 2839 4515 ‹
2887 4465 3026 4533 lianc
3057 4470 3370 4523 consensio—

165 4564 327 4617 nitus.
360 4582 382 4614 ι
416 4563 510 4619 Ubi
543 4567 757 4622 Patrem
789 4575 841 4621 et
882 4557 1099 4630 Filium,
1138 4585 1366 4638 persona
1402 4550 1709 4641 distinctos,

1822 4572 1937 4609 nem
1972 4575 1990 4607 ι
2047 4557 2208 4609 trium
2257 4554 2557 4607 divinarum
2592 4554 2955 4611 Personarum
3014 4579 3031 4609 ι
3078 4560 3243 4628 redigi
3298 4561 3367 4613 ad

164 4669 327 4707 unum
371 4662 546 4712 tamen
579 4674 701 4723 esse
750 4659 915 4713 Deum
951 4660 1074 4713 inde
1114 4662 1336 4728 probat,
1365 4656 1712 4733 qUod'Filius

1822 4663 1982 4701 unum
2015 4648 2181 4700 Deum
2215 4646 2327 4715 (7i)
2354 4662 2365 4695 :
2392 4645 2725 4701 (Economia
2760 4652 3137 4704 consensionis
3172 4651 3369 4719 redigi-

94 4775 97 4779 ,
166 4760 266 4800 non
296 4749 368 4799 sit
394 4740 535 4802 Deus
560 4765 591 4802 η
623 4752 840 4820 8οη,εοῖ
882 4752 973 4807 sed
1007 4749 1149 4825 Deus
1178 4753 1243 4806 de
1272 4752 1413 4818 υοο,
1450 4767 1613 4827 atque
1636 4757 1712 4817 -ει
1814 4742 1903 4808 tur
1931 4736 1997 4788 ad
2032 4750 2198 4788 unum
2232 4733 2422 4805 Deum.
2461 4736 2612 4792 Unus
2660 4739 2803 4792 enim
2838 4748 2921 4792 est
2948 4739 3107 4805 Deus,
3140 4739 3369 4809 subjun-

230 4966 339 5037 (67)
379 4967 560 5022 Contr.
588 4966 765 5031 Noet.,
796 4987 944 5025 num.
979 4975 1065 5028 Η.

230 5038 342 5106 (63)
387 5037 599 5091 Justino
627 5044 874 5109 martyri,
920 5044 1135 5111 quando
1166 5044 1334 5098 Filius
1379 5045 1644 5115 ἕτερον’τι
1680 5065 1708 5104 a

165 5091 315 5182 Patre
347 5123 467 5161 esse
502 5108 719 5182 dicitur,
741 5112 1178 5182 let_'l‘ertulhano
1202 5158 1214 5178 ,
1257 5119 1474 5182 quando
1509 5117 1709 5171 Filium

165 5173 441 5256 ethalre-m
463 5192 576 5230 esse
605 5175 750 5227 aliud
792 5180 855 5231 ab
880 5182 993 5256 alio
1028 5173 1288 5247 aﬂirrnat;
1316 5187 1537 5256 eadem,
1590 5204 1711 5256 qua}

166 5241 444 5313 Hippolyto
505 5261 695 5310 meus,
757 5257 815 5299 ut
876 5249 1233 5307 Personarum
1272 5241 1699 5311 distinctionem

166 5318 461 5386 ostendant,
494 5332 603 5369 non
637 5326 696 5369 ut
722 5317 1001 5386 ὁμοούσιον
1031 5323 1354 5376 inticientur.

223 5381 337 5458 (69)
369 5383 638 5463 Qbservat
675 5381 1030 5463 clfGrabius
1046 5390 1105 5463 S.
1138 5392 1422 5463 Hippolyto
1467 5395 1709 5450 solemne

167 5446 347 5527 fuisse.
365 5451 641 5530 Christum
666 5471 855 5530 vocare
878 5457 967 5509 τὸν
986 5459 1151 5530 naida
1167 5446 1428 5527 1658503,
1453 5446 1706 5530 Puerum,

167 5523 712 5601 sivepotiusﬁFitium
742 5526 870 5590 Dei;
894 5529 1037 5601 quod
1071 5542 1215 5601 patet
1247 5548 1311 5584 ex
1338 5523 1454 5601 ejus
1484 5523 1709 5587 demon;

167 5591 416 5669 stt-aliane
462 5592 784 5669 ρελϐἠῖὶδέο
823 5609 869 5649 ει
903 5591 1237 5669 Antio/irino,
1259 5591 1407 5654 num.
1436 5605 1491 5664 5,
1536 5605 1707 5667 Αὐτὸς

167 5657 316 5738 adiuv
349 5660 378 5709 ὁ
406 5661 520 5738 γρῦ.
543 5662 677 5738 θεοῦ
704 5666 894 5738 ,Παῖςη
930 5669 958 5719 ὁ
999 5666 1178 5738 πάλαίι-
1212 5657 1308 5736 ῥὲν
1353 5657 1542 5737 Λόγος.
1575 5657 1707 5738 ρυειῖ

158 5729 316 5820 Ἰξξὶἓέ
351 5729 997 5820 59.9.“;15‘1’3Phrenesis
1027 5737 1102 5820 et;
1134 5729 1463 5820 emam
1489 5729 1705 5820 ἑετέείο
1876 5743 1986 5820 (.29.)
2027 5742 2417 5820 ςρηινοένοειορ
2448 5762 2599 5801 num-
2633 5746 2733 5820 ηρ,

164 5810 340 5863 opere,
375 5801 459 5853 cui
493 5800 681 5855 titulus
713 5822 726 5856 ε
761 5800 1023 5859 Divinitaa
1058 5805 1122 5861 ο.
1154 5805 1227 5863 Ν.
1268 5806 1324 5862 J.
1362 5807 1456 5875 0.,
1498 5800 1591 5864 lib.
1617 5800 1701 5887 ‘iy,
1875 5800 1987 5883 (τι)
2027 5814 2193 5879 Idem,
2223 5815 2325 5868 loc.
2356 5800 2460 5876 cit.

467 5892 737 5955 PATRUL.
785 5894 901 5984 Gn.
936 5895 1016 5960 X.

1825 5916 1827 5918 ·
2128 5896 2129 5899 ‘
2974 5898 3088 5972 ia"

1763 5033 1766 5036 .
1812 4996 1929 5049 cap.
1957 4981 2042 5043 15,
2074 4994 2197 5049 pag.
2226 4978 2371 5049 460,7
2397 4996 2459 5034 ea
2493 4982 2571 5035 sic
2602 4980 2810 5034 reddit:
2849 5000 2867 5029 ‹
2899 4980 3015 5047 ipse
3044 4997 3235 5039 rursus
3268 4983 3362 5041 Dei

1812 5052 2001 5111 Filius,
2036 5066 2127 5116 qui
2159 5048 2307 5116 prius
2345 5048 2575 5103 Verbum
2599 5060 2732 5103 erat.
2764 5070 2781 5100 ρ
2817 5049 2999 5117 Neque
3030 5053 3186 5105 aliter
3218 5056 3365 5111 hunc

1810 5122 1986 5192 locum
2033 5118 2672 5192 interpretaturGrahius
2708 5120 2773 5192 ad
2815 5119 2951 5172 ΒυΗὶ
3001 5120 3215 5190 Defens.
3264 5125 3361 5192 βτί.
3426 5136 3429 5137 ⁷

1813 5187 1958 5251 Νξεη
1986 5203 2107 5257 pag.
2138 5188 2258 5241 iOI'.
2301 5189 2437 5253 Quid
2472 5190 2614 5257 quod
2651 5190 2834 5255 eadem
2871 5187 3124 5258 loquendi
3150 5187 3364 5247 ratione

1808 5258 1969 5332 paulo
1996 5256 2137 5332 'p_os_t
2176 5259 2351 5332 utitur
2397 5256 2614 5332 sanctus
2647 5260 2893 5332 martyr?
2936 5256 3029 5332 Εἷς
3070 5262 3177 5332 γὰρ
3208 5265 3300 5315 καὶ
3330 5265 3363 5317 ὁ

1810 5328 1914 5397 cog
1928 5326 2061 5378 Θεοῦ
2092 5328 2246 5391 Παῖς,
2275 5344 2394 5395 qua:
2427 5328 2503 5381 sic
2526 5328 2687 5380 vertit
2716 5326 3314 5397 ipsemetConibéiisius
3340 5347 3354 5385 :

1814 5414 1832 5470 ᾳ
1874 5395 2197 5470 Unusenim
2231 5398 2434 5470 estDei
2467 5397 2652 5470 liilius.
2688 5395 2813 5470 rita
2842 5400 3047 5454 scilicet
3072 5400 3127 5455 S.
3154 5400 3354 5470 Hippo-

1808 5466 1949 5539 lytus
1988 5466 2193 5539 aliique
2232 5466 2438 5539 antiqui
2477 5466 2664 5539 Patres
2694 5468 2970 5539 Christum
3020 5466 3356 5539 appellarunt

1806 5552 1873 5607 ea
1900 5537 2049 5607 Isaia
2077 5552 2205 5599 xui,
2240 5536 2469 5603 aliisque
2496 5537 2651 5597 locis,
2680 5538 2769 5590 ubi
2809 5539 2947 5591 Deus
2979 5536 3193 5607 de’i'pso
3228 5540 3302 5590 ait
3330 5553 3343 5589 :

1805 5606 1947 5727 ΙΞΙδοὺ
1966 5608 2009 5658 -ὁ
2034 5609 2162 5669 παῖς
2197 5622 2331 5675 μου·
2362 5620 2672 5675 quanquam
2698 5610 2826 5671 παῖς
2857 5608 2930 5663 ibi
2953 5606 3155 5663 servum
3188 5607 3355 5676 signi-

1848 5683 1950 5727 cet.

1848 5683 1950 5729 cet.
