4104 6350
723 471 1011 559 δεῖεν⁴

1683 498 1769 553 DE
1808 498 1969 553 VlTA
2007 497 2093 553 ET
2138 496 2449 553 SCRIPTIS
2488 497 2547 552 S.
2587 497 2971 554 HIPPOLYTI.

3814 506 3933 562 ’561

725 620 819 688 git,
842 619 935 688 qui
964 608 1206 680 mandat.
1253 617 1444 685 Pater;
1472 618 1564 687 qui
1593 616 1791 683 obedit,
1823 618 2024 684 Filius;
2055 617 2147 685 qui
2176 616 2261 670 do-
2307 622 2352 677 Α
2382 601 2648 685 Spiritum
2679 616 2925 671 sanctum
2960 619 3251 673 humanam
3280 635 3499 673 carnem
3532 601 3933 691 ’assumpsisse.

724 718 811 763 cet
837 708 1141 772 scientiam,
1161 706 1394 776 Spiritus
1416 714 1655 760 sanctus.
1685 724 1703 756 ι
1724 704 1893 758 Aliter
1921 703 2086 757 Deum
2111 718 2276 756 unum

724 802 1021 869 intelligere
1047 815 1155 854 non
1183 813 1493 869 possumus,
1520 816 1539 849 ι
1568 798 1673 852 nisi
1701 813 1828 853 vere
1854 795 2021 861 Patri,
2042 802 2095 848 et
2120 794 2274 858 Filio,

721 890 1040 960 et‘Spiritui
1071 898 1260 945 sancto
1274 886 1557 945 credamus
1588 907 1601 941 :
1629 904 1725 958 per
1750 889 1889 942 hanc
1916 888 2061 941 enim
2095 886 2276 940 Trini-

723 992 889 1038 tatem
913 981 1073 1036 Pater
1095 982 1481 1052 gloriﬁcatur.»
1504 982 1593 1034 Ait
1615 981 1835 1049 insuper
1858 978 1914 1033 S.
1935 978 2273 1049 Hippolytus,

722 1085 823 1125 nos
875 1071 1103 1128 adorare
1157 1070 1417 1139 Spiritum
1444 1058 1702 1125 sanctum
1748 1069 1913 1140 (72):
1960 1088 1977 1119 ε
2016 1068 2276 1137 Spiritum

722 1171 967 1216 sanctum
996 1163 1366 1216 adoramus.»
1398 1159 1478 1214 llli
1514 1160 1702 1214 tribuit
1736 1159 1979 1213 eamdem
2012 1159 2237 1229 gloriam
2258 1200 2273 1224 ,

696 1252 1073 1321 .eamdemque
1099 1251 1406 1321 potentiam
1484 1265 1549 1305 ac
1621 1249 1790 1314 Filio,
1837 1250 1991 1319 cujus
2044 1248 2276 1318 Spiritus

705 1349 805 1396 "est
833 1361 846 1394 :
884 1361 901 1393 ι
931 1342 1033 1411 lpsi
1069 1338 1356 1410 (Christo)
1390 1340 1558 1410 gloria
1588 1352 1641 1393 et
1672 1340 1906 1407 potentia
1936 1354 2056 1392 cum
2093 1353 2276 1393 sacro-

722 1441 911 1489 sancto
946 1432 1088 1487 bono
1126 1441 1181 1485 et
1208 1431 1423 1485 viviﬁco
1470 1432 1589 1500 ejus
1620 1431 1834 1499 Spiritu
1879 1430 2010 1499 (75).
2048 1448 2066 1481 ι
2104 1429 2275 1496 igitur

722 1534 925 1581 certum
974 1533 1260 1593 ratumque
1294 1524 1422 1588 ‘est,
1472 1524 1623 1592 juxta
1672 1522 1727 1576 S.
1756 1518 2035 1592 Hippolyti
2072 1523 2275 1576 doctri-

721 1632 868 1679 nam,
902 1614 1161 1684 Spiritum
1195 1622 1443 1670 sanctum
1474 1628 1597 1667 esse
1625 1617 1811 1676 Deum,
1845 1614 2002 1667 sicuti
2030 1621 2082 1667 et
2114 1612 2274 1666 Pater

720 1708 863 1762 Deus
883 1716 986 1769 est,
1016 1714 1069 1760 et
1102 1694 1275 1760 Filius
1303 1703 1445 1769 Deus
1479 1714 1581 1768 est,
1610 1703 1823 1772 illisque
1852 1717 1977 1757 vere
2002 1719 2119 1757 esse
2135 1719 2275 1766 con-

720 1798 1155 1855 substantialem.
1322 1795 1325 1799 ’

793 1888 1145 1957 Praprietates
1178 1886 1472 1956 personales
1522 1882 1751 1952 Spiritus
1788 1884 1975 1937 sancti.
2026 1915 2095 1922 ——
2139 1882 2271 1935 Pro-

2383 708 2475 761 sed
2516 707 2743 761 Verbum
2771 710 2863 771 Dei
2892 709 3049 779 (75);
3088 708 3314 763 «Missus
3342 719 3547 774 autem,
3582 712 3793 779 inquit,
3831 730 3936 767 non

2378 809 2461 853 est
2503 800 2676 865 alius,
2728 816 2888 868 quam
2921 799 3180 855 Verbum.
3222 819 3240 851 ι
3277 800 3531 855 Divinum
3558 801 3665 856 hoc
3704 801 3940 857 Verbum

2378 888 2654 942 descendit
2702 888 2754 940 in
2787 898 3031 942 sanctam
3077 887 3351 957 Virginem
3380 889 3602 944 Mariam
3624 891 3761 962 (76),
3789 900 3847 945 et
3876 909 3939 945 ex

2376 995 2438 1033 ea
2473 988 2555 1033 est
2590 980 2949 1043 incarnatum,
2982 990 3193 1045 sumpta
3222 980 3401 1034 anima
3424 982 3683 1049 humana,
3720 1001 3739 1034 ι
3763 983 3939 1037 factus

2376 1066 2557 1118 omnia
2601 1058 2937 1136 quacunque
2948 1067 3121 1133 homo
3143 1078 3245 1131 est,
3271 1078 3497 1137 excepto
3520 1081 3740 1138 peccato
3765 1060 3951 1141 (77).»~

2377 1153 2491 1210 Hoc
2534 1154 2765 1210 Verbum
2804 1157 2891 1210 Dei
2928 1155 3253 1227 appellatum
3290 1168 3375 1213 est
3408 1160 3496 1214 Dei
3532 1160 3703 1217 Filius
3730 1164 3803 1217 ab
3835 1164 3939 1215 ini-

2376 1246 2470 1311 tio,
2502 1248 2627 1313 quia
2657 1240 2710 1301 in
2748 1256 2986 1317 tempore
3020 1252 3159 1304 inter
3196 1242 3450 1307 homines
3482 1255 3629 1308 nasci
3662 1255 3897 1309 debebat
3924 1275 3937 1309 :

2380 1354 2399 1387 ι
2430 1334 2535 1390 Nec
2570 1338 2713 1391 enim
2759 1336 2994 1417 Verbum
3049 1327 3146 1409 per
3198 1356 3255 1396 se
3303 1349 3357 1395 et
3397 1341 3515 1397 sine
3563 1356 3724 1397 carne
3766 1343 3941 1397 Filius

2374 1427 2642 1496 perfectus
2667 1438 2801 1489 erat,
2825 1445 2948 1482 cum
2982 1439 3166 1485 tamen
3192 1442 3341 1487 esset
3371 1432 3664 1501 perfectum
3691 1432 3937 1488 Verbum

2377 1520 2698 1590 Unigenitus
2727 1520 2859 1588 (78).
2898 1541 2915 1572 ι
2964 1520 3079 1577 Hoc
3114 1533 3233 1589 ‘est,
3285 1540 3392 1579 non
3422 1532 3505 1578 est
3538 1526 3765 1594 adeptus
3816 1541 3940 1594 per-

2372 1612 2908 1681 fectamqualitatem
2942 1613 3094 1678 Filii,
3128 1616 3232 1670 nisi
3280 1632 3375 1684 per
3406 1616 3662 1669 unionem
3700 1617 3938 1670 duarum

2374 1710 2710 1765 naturarum,
2736 1718 2829 1770 per
2857 1717 3020 1772 quam
3048 1714 3101 1757 et
3134 1703 3303 1760 Filius
3333 1706 3446 1772 Dei,
3476 1715 3529 1760 et
3551 1705 3736 1759 Filius.
3756 1706 3940 1783 homi—

2317 1839 2319 1842 .
2373 1792 2459 1845 nis
2492 1792 2651 1845 simul
2686 1792 2907 1847 etl‘ectus
2942 1802 3044 1847 est.

2446 1882 2579 1936 Unio
2600 1883 2824 1937 duarum
2858 1896 3167 1938 naturarum
3198 1884 3397 1940 Christi
3424 1888 3487 1940 in
3518 1888 3632 1940 'una
3666 1888 3785 1941 sola
3822 1905 3940 1957 per-

718 1982 975 2051 prietates
1000 1978 1310 2048 personales
1338 1976 1572 2045 Spiritus
1599 1974 1771 2028 sancti
1804 1974 1963 2028 modo
1991 1984 2271 2027 enumerat
2301 1970 2342 2023 Β
2371 1994 2593 2031 sonu.——
2612 1976 2858 2029 Divinum
2880 1977 3940 2049 Verbum,Deiprimogenitum,unitum

722 2072 779 2126 S.
816 2068 1131 2139 Hippolytus
1165 2066 1312 2138 (74):
1353 2064 1480 2126 «Hic
1510 2073 1590 2118 est
1620 2063 1856 2131 Spiritus
1880 2064 1973 2131 qui
2014 2064 2084 2118 ab
2117 2064 2269 2116 initio

719 2163 983 2232 ferebatur
1004 2174 1154 2227 super
1183 2173 1343 2226 aquas
1367 2156 1407 2220 ⁸,
1439 2171 1533 2224 per
1554 2171 1712 2223 quem
1742 2163 1986 2207 movetur
2015 2154 2268 2215 mundus,

698 2266 911 2311 natura
958 2259 1136 2306 creata
1188 2250 1466 2307 consistit.
1504 2248 1681 2301 omnia
1726 2247 1889 2298 vitam
1944 2246 2215 2313 accipiunt
2256 2262 2268 2296 :

717 2348 811 2416 qui
838 2346 893 2401 in
917 2340 1193 2419 prophetis
1220 2349 1470 2409 operatus
1503 2346 1586 2393 est
1607 2380 1621 2402 ,
1675 2339 1726 2390 in
1758 2336 2031 2391 Christum
2058 2338 2274 2391 devola-

718 2439 815 2490 vit.
845 2434 957 2489 Hic
1008 2441 1101 2487 est
1132 2431 1365 2501 Spiritus
1409 2430 1586 2497 specie
1638 2429 1943 2496 linguarum
1990 2428 2270 2495 ignearum

718 2529 875 2583 datus
904 2523 1164 2594 apostolis
1190 2540 1204 2587 ;
1229 2522 1295 2575 de
1326 2521 1428 2573 hoc
1458 2518 1675 2572 Gabriel
1702 2518 1768 2571 ad
1805 2516 2076 2586 Virginem
2106 2535 2118 2568 :
2147 2515 2273 2585 Spi-

719 2616 853 2669 ritus
898 2625 1108 2668 sanctus
1153 2613 1471 2681 superveniet
1525 2610 1578 2661 in
1622 2614 1750 2674 te",
1803 2620 1905 2662 etc.
1978 2607 2081 2659 Per
2129 2596 2274 2662 hunc

723 2706 979 2775 Spiritum
1012 2702 1204 2759 Petrus
1235 2705 1445 2757 beatam
1502 2701 1646 2753 illam
1691 2713 1879 2752 vocem
1916 2697 2109 2752 eﬂ‘atus
2152 2707 2265 2751 est:

720 2794 801 2851 Tu
833 2788 885 2851 es
914 2795 1152 2850 Christus
1185 2792 1359 2846 Filius
1399 2791 1489 2845 Dei
1514 2790 1780 2853 viventis";
1808 2805 1900 2858 per
1934 2790 2077 2862 hunc
2102 2788 2274 2857 Spiri-

718 2897 832 2943 tum
862 2888 1067 2941 lirmata
1102 2884 1353 2939 Ecclesia:
1386 2891 1535 2952 petra
1569 2893 1667 2935 est.
1708 2880 1945 2946 Tandem
1983 2873 2091 2948 'per
2124 2880 2273 2934 hunc

722 2978 1003 3049 Spiritum,
1040 2976 1388 3045 conjunctum
1421 2989 1543 3027 cum
1574 2989 1718 3045 aqua
1749 2970 2095 3041 (baptismi),
2120 2986 2273 3040 rege—

719 3078 941 3125 neratus
969 3069 1135 3122 homo
1164 3066 1484 3128 viviticatur,
1510 3081 1575 3119 ex
1606 3065 1865 3119 servitute
1892 3064 1945 3117 in
1972 3064 2272 3119 libertatem

723 3162 951 3226 transit,
991 3176 1057 3215 ex
1100 3156 1378 3227 tyrannide
1408 3156 1485 3209 ad
1516 3170 1738 3235 regnum
1760 3194 1775 3218 ,
1830 3170 1895 3208 ex
1926 3155 2272 3222 corruptione

704 3256 791 3330 ‘ad
849 3250 1423 3314 incorruptibilitatem.
1471 3265 1489 3297 ι
1554 3245 1679 3300 Haec
1728 3254 1854 3300 sunt
1912 3248 2268 3313 notabiliora,
2297 3287 2339 3344 ε

722 3360 843 3415 qua:
872 3346 925 3398 in
956 3343 1078 3396 divo
1100 3339 1381 3410 Hippolyto
1403 3344 1695 3392 occurrunt
1718 3336 1895 3407 quoad
1926 3345 2036 3392 tres
2056 3337 2269 3393 divinas

728 3435 1015 3490 Personas.

1241 3538 1632 3595 ARTICULUS
1666 3538 1754 3593 Vl.

723 3650 789 3690 DE.
828 3649 1087 3689 Ιῐςτειιιο
1126 3648 1563 3697 ΙΝΕΑΒΝΑΤΙΟΝΙΒ,
1598 3648 1666 3685 ΕΤ
1701 3646 1913 3686 ουΑκωι
1942 3645 2272 3687 ἩᾸἸἮΒΑΒΙΙΙ

1106 3718 1474 3757 υιδτιιηοτιυκε
1514 3718 1565 3755 ΙΝ
1602 3717 1853 3756 CHRISTO.

798 3790 954 3843 Solus
1000 3790 1171 3843 Filius
1215 3791 1539 3842 incarnatus.
1578 3818 1648 3829 -—-
1686 3788 1801 3844 Non
1835 3792 2014 3845 minus
2041 3792 2273 3845 dilucide

724 3883 945 3952 exponit
976 3892 1193 3936 sanctus
1226 3880 1539 3932 Portuensis
1581 3880 1862 3947 episcopus
1911 3890 2095 3934 noster
2140 3895 2270 3933 san-

723 3976 1024 4031 ctissimum
1081 3969 1469 4024 incarnationis
1516 3962 1871 4037 mysterium,
1920 3969 2159 4037 duasque
2217 3969 2273 4022 in

704 4047 952 4121 Domino
986 4072 1172 4118 nostro
1204 4060 1333 4116 Jesu
1358 4059 1573 4113 Christo
1604 4060 1825 4111 omnino
1864 4059 2146 4113 distinctas
2176 4076 2273 4113 na-

724 4163 873 4207 turas
896 4192 910 4215 ,
941 4153 1176 4207 divinam
1209 4150 1465 4203 nimirum
1508 4156 1561 4201 et
1610 4148 1932 4212 humanam,
1964 4148 2267 4216 proﬁtetur.

724 4241 899 4310 Atque
933 4242 1107 4309 primo
1136 4241 1293 4294 docet
1323 4238 1380 4294 S.
1414 4238 1728 4308 Hippolytus
1760 4254 1859 4293 nec
1889 4238 2100 4296 Patrem
2124 4282 2138 4307 ,
2171 4258 2272 4302 nec

2372 2084 2493 2123 cum
2528 2068 2759 2137 Virginis
2790 2068 3172 2139 p'rimogenito,
3208 2083 3288 2125 est
3321 2087 3479 2127 verus
3517 2071 3657 2127 Deus
3687 2082 3741 2127 et
3774 2088 3943 2126 verus

2371 2162 2568 2223 homo,
2610 2161 2879 2230 perfectus
2911 2164 3048 2215 Deus
3091 2171 3141 2215 et
3173 2161 3440 2231 perfectus
3479 2146 3661 2215 homo.
3698 2182 3715 2213 ι
3765 2162 3942 2215 Totus

2370 2251 2508 2305 Deus
2530 2252 2662 2319 ipse,
2688 2260 2833 2304 totus
2860 2251 3024 2303 homo
3050 2252 3187 2303 idem
3220 2252 3352 2318 ipse,
3389 2259 3530 2304 totus
3560 2251 3701 2304 Deus
3727 2252 3943 2319 pariter

2372 2351 2562 2395 natura
2583 2383 2597 2407 ,
2622 2348 2675 2394 et
2712 2343 2872 2395 homo
2898 2342 3035 2395 idem
3065 2342 3195 2409 ipse.
3235 2341 3437 2396 Deitate
3467 2343 3682 2410 quidem
3704 2384 3717 2405 ,
3746 2343 3942 2395 divina

2373 2447 2465 2500 per
2490 2448 2641 2485 suam
2672 2433 2839 2500 ipsius
2864 2434 3260 2486 sanctissimam
3280 2449 3519 2495 carnem,
3544 2448 3651 2497 non,
3673 2433 3944 2487 exsisteu-

2371 2525 2443 2577 tia
2482 2533 2671 2578 natura
2721 2524 2923 2590 carnis,
2961 2540 3190 2592 aperans
3216 2542 3229 2587 ;
3256 2525 3589 2579 humanitate
3624 2544 3787 2594 vero,
3842 2529 3945 2581 hu-

2374 2630 2674 2679 mana,non
2693 2615 3007 2669 exsistentia
3041 2622 3230 2666 natura
3255 2614 3489 2678 deitatis,
3516 2616 3732 2670 deitatis
3756 2616 3943 2669 indul-

2374 2703 2548 2771 gentia
2582 2704 2808 2771 patiens.
2845 2702 2929 2755 Nil
2969 2703 3209 2755 divinum
3244 2704 3446 2756 nudum
3485 2719 3709 2772 corpore
3744 2720 3944 2773 opera-

2374 2803 2482 2859 tur,
2527 2795 2600 2847 nil
2647 2795 2943 2848 humanum
2996 2795 3135 2847 idem
3179 2795 3291 2862 ipse
3335 2794 3602 2863 privatum
3650 2796 3943 2849 divinitate

2373 2902 2602 2957 gerens;
2634 2902 2853 2941 servans
2889 2886 3100 2939 sibimet
3139 2887 3369 2961 modum,
3392 2885 3683 2939 secundum
3712 2895 3940 2939 utrum-

2374 2994 2479 3049 que
2515 2977 2901 3037 immutabilem
2920 3008 2937 3038 -,
2971 2990 3066 3043 per
3100 2990 3256 3044 quem
3291 2986 3543 3043 operatus
3578 2984 3660 3028 est
3702 2986 3941 3045 utraque

2374 3067 2579 3122 decenti
2656 3081 2841 3128 more,
2894 3066 2959 3118 ad
3029 3066 3465 3132 approbationem
3545 3064 3799 3132 perfecta:
3876 3080 3941 3119 ac

2373 3172 2514 3211 verm
2560 3157 2801 3225 nihilque
2844 3155 3090 3209 habentis
3142 3153 3422 3222 pravitatis
3467 3154 3945 3208 inhumanatiouis

2373 3264 2484 3303 suae
2507 3248 2639 3319 (79).
2674 3266 2691 3299 ι

2443 3338 2596 3402 Quod
2621 3338 2838 3405 quidem
2876 3334 3077 3390 factum
3107 3343 3189 3389 est
3233 3338 3434 3405 absque
3480 3337 3587 3389 ulla
3631 3338 3939 3390 mutatione

2377 3426 2535 3493 hujus
2568 3427 2649 3478 vel
2673 3426 2815 3479 illius
2842 3434 3081 3477 naturae:
3119 3444 3136 3476 ‹
3170 3423 3381 3479 Habeas
3405 3426 3641 3488 cteleste,
3665 3424 3811 3493 quod
3843 3442 3939 3493 pa-

2373 3524 2583 3571 ternum
2634 3525 2782 3577 erat,
2830 3526 3082 3583 tanquam
3134 3502 3412 3579 Verbum;
3458 3526 3731 3570 terrenum
3781 3532 3936 3577 vero,

2371 3619 2626 3677 tanquam
2655 3623 2717 3659 ex
2742 3617 2919 3662 vetere
2944 3605 3136 3666 Adam,
3156 3621 3250 3673 per
3284 3602 3553 3672 Virginem
3590 3605 3933 3659 incarnatus.

2374 3694 2529 3751 Sic...
2573 3697 2714 3749 Detts
2747 3703 3064 3762 corporatus
3108 3693 3367 3761 apparuit'
3390 3693 3522 3760 (80).
3570 3692 3821 3746 Salvator
3870 3710 3937 3747 ex

2372 3805 2433 3843 ea
2458 3786 2667 3856 (Maria)
2700 3795 2859 3838 natus
2888 3793 2970 3837 est
3008 3784 3123 3838 sine
3152 3781 3469 3835 confusione
3498 3781 3638 3835 Deus
3662 3791 3715 3834 et
3742 3783 3935 3843 homo,

2373 3879 2684 3947 ἀσυγχύτως
2729 3878 2858 3941 Θεὸς
2907 3877 2999 3929 καὶ
3053 3874 3348 3947 ἄνθρωπος.
3421 3893 3439 3925 ι
3502 3872 3591 3926 lla}
3642 3884 3939 3940 postrema:

2372 3968 2624 4035 loquendi
2666 3966 2907 4020 formulze
2950 3973 3211 4035 excerptas
3252 3973 3378 4017 sunt
3428 3978 3490 4015 ex
3540 3962 3772 4031 quodam
3822 3960 3939 4014 fra-

2374 4068 2590 4125 gmento
2620 4055 3035 4117 Commentarii,
3067 4055 3208 4122 quod
3253 4056 3493 4107 exaravit
3524 4053 3580 4105 S.
3610 4052 3937 4121 Hippolytus

2376 4148 2429 4199 in
2474 4146 2799 4208 Proverbia;
2850 4147 2923 4198 ibi
2971 4148 3113 4199 enim
3155 4146 3429 4213 explicans
3479 4146 3591 4197 ha‘c
3635 4144 3830 4211 capitis
3884 4160 3933 4197 ιι

2377 4235 2575 4301 verba;
2612 4226 2878 4302 Sapientia
2935 4234 3215 4301 aediﬁcavit
3264 4234 3473 4285 domum
3720 4234 3936 4285 miscuit

796 4372 818 4402 ⁸
857 4370 991 4425 Gen.
1030 4385 1075 4433 ι,
1106 4370 1159 4422 2.
1234 4372 1253 4401 "
1289 4370 1419 4425 Luc.
1446 4371 1614 4443 1.35.
1692 4373 1713 4403 ⁸
1749 4370 1934 4427 Matth.
1974 4349 2098 4439 xvrl,
2162 4376 2264 4443 16‘;
2298 4376 2464 4430 Marc.
2494 4368 2613 4435 vtn,
2640 4372 2739 4438 29;
2774 4373 2899 4427 Luc.
2930 4388 3006 4434 rx,
3037 4370 3138 4436 90;
3175 4370 3329 4425 Joan.
3362 4386 3435 4433 vt,
3461 4369 3546 4422 70.

825 4529 911 4596 72)
950 4524 1010 4580 S.
1040 4524 1305 4596 Hippolyt.
1332 4525 1460 4596 Adit.
1500 4525 1679 4587 Noet..
1709 4543 1825 4595 cap.
1860 4529 1945 4582 12.

825 4594 910 4663 75)
946 4594 1121 4659 ldem,‘
1150 4594 1300 4648 om.
1325 4596 1379 4647 in
1406 4594 1724 4663 Tampium,
1760 4594 1908 4651 num.
1947 4597 2031 4652 l0.

820 4664 910 4731 74)
946 4666 1109 4731 Idem,
1140 4664 1295 4727 ibid.,
1330 4679 1479 4718 num.
1514 4664 1564 4718 9.

799 4732 912 4805 (75)
952 4735 1093 4805 Idem
1118 4775 1135 4800 ,
1176 4735 1308 4805 Adv.
1344 4732 1525 4805 Noet.,
1550 4750 1698 4805 num.
1726 4736 1813 4789 l5.

800 4802 915 4875 (76)
953 4822 973 4855 ‹
1001 4803 1097 4867 Die
1118 4804 1291 4868 mihi,
1318 4818 1350 4857 ο
1374 4802 1528 4875 beata
1562 4802 1748 4870 Maria,
1781 4805 1908 4873 quid
1933 4814 2047 4859 erat
2081 4821 2110 4860 a
2144 4815 2193 4860 te
2223 4807 2278 4859 in

727 4872 1229 4944 utero'couceptum
1250 4912 1265 4935 ,
1296 4882 1349 4926 et
1374 4872 1560 4944 quid‘a
1589 4883 1643 4944 te
1669 4876 1722 4927 in
1768 4872 1988 4929 matrice
2031 4876 2279 4944 virginali

734 4939 1338 5013 gestabaturiVerbum
1364 4939 1483 4995 erat
1510 4940 1623 5005 Dei,
1656 4945 2050 5013 primogenitus
2075 4984 2088 5004 ,
2118 4939 2215 5012 qui
2249 4961 2279 4999 e

734 5010 886 5065 caelis
915 5013 969 5081 in
1002 5021 1053 5065 te
1075 5010 1459 5073 descenderat,
1483 5020 1557 5081 et
1603 5014 1764 5065 homo
1803 5010 2192 5081 primogenitus
2224 5014 2278 5066 in

678 5084 681 5087 ’
728 5090 891 5133 utero
946 5078 1240 5145 formatus,
1298 5090 1360 5133 ut
1412 5078 1826 5149 primogenitum
1886 5078 2119 5136 Verbum
2185 5083 2279 5135 Dei

735 5149 1088 5217 primogenito
1133 5149 1337 5203 homini
1383 5150 1593 5202 unitum
1640 5150 2028 5206 ostenderetur.
2064 5170 2081 5202 ι
2136 5150 2279 5205 Idem

738 5214 1236 5288 aptrd__The_edoret.
1276 5218 1482 5288 Dictog.
1511 5220 1561 5279 l,
1592 5226 1646 5270 et
1669 5225 1797 5271 tom.
1829 5220 1844 5271 l
1878 5221 2035 5287 0pp.,
2068 5235 2120 5288 p.
2153 5220 2278 5273 267.

690 5314 693 5318 ›
809 5284 920 5355 (77)
956 5302 973 5335 ι
1002 5284 1295 5339 Credamus
1328 5284 1509 5355 igitur,
1544 5290 1756 5345 fratres.
1778 5284 2085 5355 secundum
2110 5290 2278 5341 tradi-

738 5353 939 5408 tionem
986 5353 1386 5420 apostolorum]
1426 5358 1567 5422 quod
1602 5356 1741 5409 Deus
1777 5353 2006 5411 Verbum
2054 5374 2084 5411 a
2130 5359 2279 5412 caelis

739 5423 1012 5477 descendit
1058 5423 1109 5474 in
1156 5434 1397 5480 sanctam
1428 5422 1699 5492 Virginem
1737 5423 1955 5478 Mariam
1984 5467 1997 5488 ,
2037 5437 2090 5479 ut
2121 5442 2182 5478 ex
2218 5442 2279 5479 ea

739 5494 1288 5563 incarnatugsumpta
1310 5494 1487 5563 anima
1511 5495 1766 5557 humana,
1798 5496 2020 5550 rationis
2059 5498 2279 5563 inquam

740 5561 1015 5630 participe,
1047 5559 1220 5613 factus
1270 5562 1448 5615 omnia
1488 5576 1825 5631 quacunque
1856 5565 2014 5619 homo
2046 5559 2147 5628 est;
2190 5580 2280 5617 ex-

738 5639 893 5698 cepto
919 5639 1169 5702 peccato,
1201 5631 1431 5702 salvaret
1459 5632 1761 5702 Adam,qui
1789 5634 2070 5702 occiderat,
2098 5644 2149 5695 et
2181 5635 2281 5685 im-

742 5700 1117 5771 mortalitatem
1146 5700 1449 5771 hominibus
1480 5700 1765 5770 largiretur
1794 5701 1859 5755 iis
1882 5703 1973 5771 qui
2002 5705 2283 5758 crederent

740 5770 795 5823 in
820 5769 1034 5821 nomine
1060 5782 1180 5823 suo.
1205 5768 1261 5821 lu
1284 5770 1535 5825 omnibus
1559 5768 1723 5827 igitur
1750 5768 2176 5827 demonstratum
2200 5784 2283 5827 est

739 5838 893 5892 nobis
919 5836 1151 5893 Verbum
1174 5839 1433 5908 veritatis,
1461 5836 1605 5909 quod
1637 5838 1777 5899 unus
1804 5848 1888 5897 est
1912 5840 2092 5911 Pater,
2125 5842 2281 5913 cujus

2336 4540 2351 4555 ’
2382 4538 2531 4592 adest
2557 4534 2816 4593 Verbum.
2859 4547 2953 4598 per
2988 4530 3132 4598 quod
3163 4529 3342 4582 omnia
3369 4528 3537 4600 iecit;
3570 4532 3711 4598 quod
3745 4540 3936 4600 poste-

2307 4606 2351 4660 D
2383 4607 2613 4661 rioribus
2644 4602 2995 4667 temporibus,
3033 4600 3173 4651 sicut
3200 4599 3447 4667 superius
3476 4599 3759 4659 diximus.
3782 4603 3939 4654 misit

2380 4676 2538 4729 Pater
2601 4672 2667 4723 ad
2723 4666 2951 4724 salutem
3000 4668 3297 4721 hominum.
3351 4666 3463 4720 Hoc
3519 4685 3613 4737 per
3663 4671 3836 4738 legem
3885 4680 3939 4723 et

2378 4742 2667 4812 prophetas
2700 4740 3047 4812 praedicatum
3086 4748 3169 4789 est
3198 4746 3482 4812 venturum
3517 4754 3638 4795 esse
3678 4741 3728 4793 in
3756 4754 3938 4812 Amun-

2378 4807 2528 4865 dum.
2551 4809 2702 4862 Sicut
2721 4824 2845 4876 ergo
2860 4807 3203 4876 praedicatum
3226 4807 3421 4876 est,ﬂ.sic
3438 4822 3670 4874 prtesens
3692 4809 3936 4875 seipsum

2376 4879 2725 4933 manifestum
2758 4873 2879 4930 fecit
2902 4893 2966 4929 ex
2990 4873 3206 4942 Virgine
3229 4884 3281 4926 et
3312 4873 3512 4942 Spiritu
3542 4887 3731 4929 sancto
3757 4873 3933 4929 novus

2380 4950 2543 5003 homo
2575 4948 2748 5001 factus
2775 4966 2787 5000 :
2818 4948 3019 4998 habens
3048 4944 3284 5003 caeleste,
3311 4948 3452 5013 quod
3476 4952 3759 5013 palernum
3793 4956 3933 5008 erat,

2383 5027 2633 5087 tanquam
2670 5016 2938 5087 Verbum;
2972 5022 3241 5087 terrenum
3271 5028 3431 5081 vero,
3462 5024 3718 5087 tanquam
3748 5028 3815 5066 ex
3838 5030 3936 5067 ve-

2381 5082 2717 5148 tere'Adam,
2755 5099 2849 5153 per
2880 5082 3149 5153 Virginem
3178 5083 3509 5137 incarnatus.
3559 5083 3649 5135 Sic
3688 5085 3935 5153 inmun-

2374 5155 2508 5210 dum
2554 5149 2827 5225 egressus,
2877 5149 3017 5205 Deus
3063 5161 3397 5225 cprpuratus,
3430 5153 3557 5225 Θεὸς
3592 5153 3649 5225 ἒν
3686 5149 3934 5225 σώματι]

2380 5219 2660 5301 apparuit,
2707 5236 2959 5301 egressus
2991 5220 3256 5301 periectas
3304 5221 3466 5301 homo
3486 5262 3500 5283 ,
3530 5219 3812 5301 ᾄνβρωπός
3844 5224 3936 5301 ei:

2379 5290 2536 5357 λέιός.
2574 5293 2688 5346 Non
2716 5290 2861 5345 enim
2890 5305 2981 5357 per
3008 5291 3274 5343 ﬁctionem
3318 5300 3411 5343 aut
3432 5290 3805 5354 mutationem,
3838 5292 3935 5345 sed

2380 5379 2504 5417 vere
2545 5362 2737 5429 factus“
2769 5359 2932 5412 homo
2960 5378 2973 5413 :
3005 5361 3076 5412 οὐ
3109 5360 3385 5429 γὰρᾼκατὰ
3420 5358 3715 5429 φαντίισίᾳγ
3749 5360 3781 5428 ἢ
3811 5375 3936 5429 τρο-

2382 5433 2522 5501 πὴν,
2566 5426 2779 5501 ἀληθῶς
2821 5430 3103 5501 γενόμξᾏος
3148 5426 3447 5499 ἄνθρωπος.
3478 5444 3496 5476 ι
3549 5426 3609 5480 S.
3659 5426 3932 5501 Hippolyt.

2378 5497 2563 5555 Contr.
2596 5497 2773 5562 Neet.,
2804 5497 2959 5562 nutu.
2990 5497 3076 5551 17.
3255 5497 3263 5499 “
3368 5532 3373 5537 .
3420 5508 3423 5509 ν

2450 5570 2557 5645 (zu)
2599 5560 2778 5645 Centr.
2810 5560 2990 5645 ζξῖοει2
3024 5566 3291 5645 ηψπ]ᾼᾷ

2452 5635 2562 5709 (79')
2600 5636 2741 5691 Idem
2761 5676 2777 5700 ,
2811 5635 3019 5709 lib.__De
3054 5636 3315 5709 theologia
3341 5642 3390 5687 ct
3410 5635 3783 5699 incarnatione
3809 5651 3937 5692 con-

2384 5704 2469 5763 πά
2492 5704 2739 5761 Beronem
2764 5716 2812 5758 et
2832 5704 3079 5761 (felicem,
3104 5720 3252 5757 num.
3284 5704 3335 5756 7.

2453 5776 2563 5849 (80)
2603 5775 2969 5838 ldem.Contra
3023 5770 3202 5839 Noet.,
3228 5788 3377 5828 num.
3403 5773 3487 5829 17.
