4104 6350
163 380 256 437 569

1113 381 1201 436 DE
1239 379 1398 436 VITA
1438 379 1527 434 ΕΤ
1565 378 1875 435 SCRIPTIS
1909 382 1966 436 S.
1994 379 2370 436 lllPPOLYTl.

3263 376 3367 431 370

164 505 426 567 poterant,
458 506 581 551 erat
612 498 729 566 ipse
760 494 1025 553 Salvator.
1048 497 1153 553 Per
1186 500 1325 553 hanc
1356 499 1498 553 enim
1516 507 1712 575 .putre-
1740 516 1782 568 Α
1814 478 2041 569 alfectus
2079 499 2345 569 superbia:
2387 497 2481 553 tibi
2518 496 2849 563 dominetur;
2883 496 2927 551 si
2963 493 3150 549 sordes
3191 494 3339 563 impu

160 593 285 644 diuis
310 599 361 643 et
394 594 769 661 corruptionis
799 599 993 659 expers
1025 591 1144 661 ejus
1194 590 1599 646 tabernaculum
1631 591 1705 645 si-

162 682 531 750 gnilicabalnr,
587 683 737 751 quod
788 683 989 736 nullam
1022 682 1227 750 peccati
1260 682 1593 751 putredinem
1616 697 1707 751 ge-

163 774 327 826 nuit...
368 773 637 828 Dominus
675 783 855 827 autem
895 789 926 826 a
963 782 1182 841 peccato
1223 773 1433 827 alienus
1472 782 1619 837 erat,
1654 780 1709 825 et

160 881 215 918 ex
243 865 397 934 lignis
427 864 811 933 putrefactioni
846 878 953 917 non
988 863 1241 917 obnoxiis
1272 863 1569 917 secundum
1606 862 1705 915 ho-

160 956 376 1021 minem,
409 956 515 1009 hoc
541 967 646 1021 est,
685 970 751 1009 ex
787 952 1003 1023 Virgine
1040 962 1094 1007 et
1136 953 1339 1021 Spiritu
1383 961 1591 1015 sancto,
1625 951 1709 1004 in-

160 1059 234 1103 tus
256 1058 306 1102 et
341 1045 481 1102 foris
522 1057 778 1116 tanquam
807 1046 1098 1116 purissimo
1124 1044 1282 1099 Verbi
1314 1045 1408 1100 Dei
1441 1046 1708 1102 auro‘cir-

158 1148 463 1193 cumtectus.
519 1158 538 1190 »
588 1139 788 1193 Eadem
831 1138 942 1193 fere
985 1155 1015 1194 e
1051 1146 1241 1192 sancto
1285 1139 1491 1192 Irenaeo
1547 1138 1708 1193 habet

156 1238 356 1284 sanctus
385 1229 628 1285 Joannes
664 1216 1033 1285 Damascenns
1060 1240 1250 1284 contra
1277 1228 1578 1285 Jacohitas.
1621 1287 1627 1293 _

644 1338 1050 1396 ARTICULUS
1087 1339 1219 1393 Vlll.

483 1449 550 1487 DE
588 1447 856 1486 BAPTISIO
891 1449 961 1486 ET
1002 1448 1377 1491 EUCBARISTIA.

215 1521 473 1590 Baptismi
505 1526 737 1593 e/fectus.
770 1555 841 1563 —
887 1524 1122 1579 Sanctus
1152 1534 1353 1595 martyr
1395 1539 1459 1579 ac
1495 1523 1707 1592 episco-

156 1630 241 1681 pus
271 1614 590 1686 Hippolytus
615 1616 729 1670 suis
757 1616 811 1668 in
845 1618 1059 1684 scriptis
1097 1616 1165 1671 de
1203 1617 1418 1671 duobus
1449 1616 1711 1669 duntaxat

149 1708 513 1771 sacramentis,
534 1704 808 1774 Baptismo
830 1705 1084 1760 nimirum
1100 1714 1153 1760 et
1170 1705 1537 1767 Euebaristia,
1562 1720 1713 1758 men-

155 1795 333 1856 tionem
378 1796 533 1861 fecit;
580 1811 766 1849 verum
810 1796 1016 1865 reliqua
1049 1796 1239 1851 nullibi
1284 1811 1538 1865 expresse
1566 1810 1596 1850 e
1622 1810 1710 1851 δι’

153 1894 531 1937 cramentorum
567 1899 795 1938 numero
822 1884 1073 1939 exclusit;
1105 1885 1270 1939 Docet
1293 1895 1471 1939 autem
1502 1900 1596 1954 per
1619 1901 1706 1939 sa-

154 1982 466 2027 cramentum
517 1972 867 2042 Baptismatis
913 1974 1014 2030 nus
1049 1975 1291 2029 obtinere
1327 1973 1706 2028 immortalita-

154 2072 243 2116 tem
271 2074 322 2117 et
346 2064 511 2117 vitam
536 2065 896 2132 spiritualem,
930 2081 961 2119 a
1006 2066 1261 2120 servitute
1295 2081 1359 2120 ac
1397 2067 1705 2133 captiwtate

151 2154 390 2208 daemonis
440 2170 542 2209 nos
580 2156 820 2222 liberari,
851 2165 906 2210 et
942 2157 1162 2211 induere
1194 2155 1534 2226 adoptionem
1566 2155 1731 2209 ﬁlios

154 2258 258 2295 rum
283 2241 392 2295 Dei.
433 2261 452 2293 ι
490 2243 648 2297 Pater
680 2245 844 2314 igitur
868 2246 1313 2308 immortalitatis,
1357 2244 1537 2313 inquit
1563 2245 1699 2315 (10),

152 2332 491 2387 immortalem
531 2333 729 2388 Filium
759 2350 822 2389 ac
864 2335 1101 2391 Verbum
1134 2337 1187 2390 in
1229 2337 1489 2391 mundum
1531 2337 1701 2409 misit,

150 2421 228 2490 qui
257 2424 396 2477 venit
423 2425 491 2476 ad
525 2425 797 2487 homines,
823 2426 1034 2495 loturos
1064 2442 1158 2481 eos
1192 2444 1333 2497 aqua
1373 2437 1427 2483 et
1472 2428 1699 2497 Spiritu,

151 2522 196 2564 et
220 2524 627 2582 regeneraturus
663 2516 728 2569 ad
761 2515 953 2571 animae
981 2508 1332 2588 corporisque
1371 2520 1700 2587 incorrupti—

150 2603 405 2670 bilitatem,
437 2606 723 2675 inspiravit
753 2608 807 2660 in
844 2622 945 2661 nos
978 2608 1224 2677 spiritum
1260 2610 1403 2676 vitae,
1429 2620 1483 2664 et
1516 2610 1698 2664 incor-

149 2701 363 2768 ruptibili
412 2711 689 2756 armatura
736 2701 927 2757 induit.
986 2704 1043 2759 Si
1094 2705 1256 2775 igitur
1302 2706 1465 2761 homo
1520 2706 1697 2762 factus

148 2788 447 2848 immortalis
469 2803 571 2855 est,
602 2793 745 2849 Deus
778 2797 938 2859 etiam
974 2798 1097 2852 erit.
1131 2795 1187 2851 Si
1208 2812 1337 2852 vero
1367 2813 1460 2867 per
1497 2814 1694 2867 aquam

147 2891 191 2931 et
225 2880 476 2949 Spiritum
524 2897 772 2941 sanctum
825 2904 856 2942 a
916 2889 1327 2958 regeneratione
1369 2905 1435 2944 ex
1475 2890 1695 2945 lavacro

146 2966 269 3025 Deus
292 2973 368 3036 tit,
399 2977 768 3042 comperietur
806 2978 968 3030 etiam
1008 2986 1132 3047 post
1171 2979 1626 3033 resurrectionem
1663 2995 1693 3033 e

146 3063 353 3116 mortuis
379 3065 605 3118 cohazres
636 3066 835 3119 Christi
868 3083 994 3124 esse.
1053 3067 1217 3137 Igitur
1255 3070 1518 3139 praeconis
1562 3086 1691 3125 voce

144 3153 397 3217 proclamo
432 3173 445 3207 :
488 3154 691 3220 Venite,
713 3171 899 3211 omnes
935 3159 1109 3214 tribus
1135 3161 1375 3227 gentium
1410 3161 1478 3215 ad
1503 3160 1693 3229 Bapti-

144 3245 313 3297 smatis
344 3245 805 3300 immortalitatem
837 3263 852 3301 :
900 3246 1075 3302 Vitam
1114 3250 1280 3311 vobis,
1308 3253 1401 3319 qui
1441 3253 1495 3305 in
1535 3253 1688 3321 igno-

143 3334 309 3386 rantire
343 3336 575 3404 caligine
600 3339 797 3391 versati
833 3339 1012 3394 adhuc
1052 3342 1204 3406 estis,
1241 3342 1419 3410 fausto
1448 3346 1687 3413 signi/ica

143 3425 336 3487 nuntio;
361 3427 528 3479 venite
550 3442 619 3479 ea:
641 3429 884 3481 servitute
908 3430 961 3482 in
983 3429 1296 3494 libertatem,
1322 3449 1386 3486 ex
1410 3437 1689 3503 tyrannide

142 3514 199 3565 ad
220 3531 447 3583 regnum,
475 3532 540 3570 ea:
570 3520 901 3587 corruptione
922 3521 991 3573 ad
1015 3523 1593 3590 incorruptibilitatem.
1622 3526 1688 3580 Et

141 3608 412 3672 quomodo,
444 3609 641 3679 inquit,
675 3611 1001 3667 veniemus?
1023 3613 1339 3678 Quomodo?
1379 3633 1471 3685 per
1496 3634 1689 3688 aquam

141 3706 181 3747 et
218 3693 469 3764 Spiritum
525 3712 787 3755 sanctum.
832 3703 955 3757 Ilaec
1008 3714 1084 3757 est
1141 3722 1279 3775 aqua
1329 3724 1446 3760 cum
1482 3707 1687 3779 Spiritu

142 3786 419 3854 conjuncta,
471 3807 576 3860 qua
606 3793 890 3858 paradisus
920 3796 1144 3864 rigatur,
1198 3806 1339 3850 terra
1372 3803 1683 3871 pinguescit,

142 3886 284 3944 atque
321 3890 380 3933 ut
422 3882 604 3935 omnia
647 3886 967 3951 compendio
1015 3891 1327 3957 amplectar,
1358 3910 1451 3961 per
1492 3910 1685 3962 aquam
1764 3937 1767 3940 ι

143 3981 392 4035 generatus
422 3974 577 4025 homo
608 3974 919 4041 viviﬁcatur,
953 3994 1059 4046 qua
1088 3981 1340 4037 Christus
1383 3984 1683 4051 baptizatus

141 4068 227 4123 est,
273 4061 324 4115 in
358 4079 528 4131 quam
563 4062 799 4131 Spiritus
833 4079 1054 4123 sanctus
1090 4073 1351 4127 columba:
1393 4076 1568 4143 specie
1589 4077 1682 4130 tle-

141 4154 343 4207 scendit.
479 4155 689 4209 Accede
714 4171 859 4225 ergo,
882 4166 936 4211 et
959 4174 1293 4227 regenerare,
1321 4180 1354 4217 ο
1385 4167 1579 4221 homo!
1617 4166 1684 4220 ad

142 4242 459 4311 adoptionem
512 4246 745 4310 tiliorum
778 4247 891 4302 Dei.
951 4247 1015 4301 Et
1055 4256 1570 4326 quomodo?inquit.
1628 4258 1683 4311 Si

146 4349 236 4388 non
258 4337 581 4392 adulterium
627 4354 726 4393 nec
756 4342 953 4397 caedem
984 4346 1341 4409 commiseris,
1392 4365 1491 4403 nec
1540 4349 1681 4403 idola

142 4427 348 4484 colueris
381 4429 517 4500 (il),
542 4430 596 4483 id
623 4441 727 4494 est,
759 4433 999 4489 habitum
1024 4447 1076 4490 et
1096 4438 1343 4492 aﬂ‘ectum
1375 4440 1439 4491 ad
1464 4440 1595 4504 haec,
1630 4449 1684 4494 ct

1809 593 1986 649 ritatis
2019 592 2316 663 abstergas,
2368 602 2421 646 et
2453 608 2601 650 onus.
2632 593 2834 662 peccati
2867 607 2896 646 a
2934 600 2984 645 te
3021 591 3282 659 alijicias;
3318 588 3365 644 si

1806 700 1975 737 exuas
2022 693 2354 738 armaturam
2402 684 2622 749 diaboli,
2670 693 2724 737 et
2776 684 2967 738 induas
3019 683 3140 737 tidei
3184 683 3370 737 thora-

1807 791 1924 830 cem
1976 778 2040 828 η.
2118 774 2269 829 Sicut
2343 776 2544 841 Isaias,
2615 792 2732 844 cap.
2770 792 2829 829 ιτ
2869 794 2889 827 ‹
2943 774 3244 840 Lavamini,
3283 773 3368 826 in-

1808 866 1945 931 quit,
1986 874 2039 919 et
2063 868 2285 935 quaerite
2314 851 2604 934 iudicium,
2645 867 2833 934 eripite
2854 881 3191 935 oppressum,
3218 864 3365 932 judi-

1808 964 1929 1007 cate
1953 956 2219 1023 orpliano,
2254 956 2514 1009 absolvite
2540 956 2779 1019 viduam,
2802 966 2856 1010 et
2877 956 3071 1020 venite,
3100 964 3153 1008 et
3184 955 3364 1009 disce-

1807 1055 2042 1113 ptemus,
2069 1047 2145 1100 ait
2167 1046 2447 1102 Dominus.
2476 1045 2541 1115 Et
2562 1048 2609 1101 si
2646 1046 2754 1101 sint
2777 1056 2995 1116 peccata
3020 1053 3195 1101 vestra
3225 1045 3365 1099 sicut

1807 1134 2070 1199 puniceus
2097 1150 2331 1203 pannus,
2360 1146 2417 1189 ut
2450 1136 2626 1190 nivem
2655 1138 2948 1203 dealbabo;
2979 1137 3133 1207 sique
3168 1135 3366 1191 fuerint

1810 1232 1870 1278 ut
1896 1227 2486 1293 coccinum,-dealbabo
2531 1237 2587 1282 ut
2617 1217 2815 1285 lanam.
2843 1229 2908 1283 Et
2948 1231 3167 1299 quando
3201 1228 3363 1283 vultis

1809 1329 1993 1369 vocem
2020 1332 2193 1371 meam
2218 1318 2433 1384 audire,
2456 1323 2593 1373 bona
2619 1330 2773 1375 terra!
2797 1320 3107 1375 comedetis.
3135 1338 3153 1371 ι
3186 1318 3361 1375 Vides.

1808 1405 2021 1471 dilecte,
2067 1409 2340 1474 quomodo
2380 1411 2637 1479 propheta
2691 1410 2942 1480 baptismi
2969 1402 3089 1465 vim
3125 1411 3365 1481 purgatio

1807 1509 1927 1547 vam
1952 1497 2230 1563 predixit;
2275 1499 2367 1567 qui
2402 1500 2687 1553 enim'cum
2722 1499 2824 1555 [ide
2853 1502 2908 1555 in
2937 1502 3039 1555 hoc
3081 1516 3383 1576 rcgencra-_

1811 1585 1974 1640 tionis
2002 1586 2274 1641 lavacrum
2303 1589 2600 1653 descendit,
2630 1591 2906 1643 renuntiat
2936 1592 3102 1657 malo,
3135 1600 3189 1645 et
3208 1590 3365 1645 Chri-

1812 1686 1897 1733 sto
1928 1693 1984 1731 se
2006 1678 2225 1733 addicit.
2258 1677 2480 1733 Hostem
2518 1680 2769 1749 abnegat,
2794 1695 2858 1735 ac
2887 1680 3162 1734 Christum
3193 1681 3361 1736 Deum

1810 1784 1931 1824 esse
1970 1768 2290 1835 conﬁtetur;
2334 1771 2647 1825 servitutem
2702 1771 2869 1836 exuit,
2907 1763 3362 1841 induitadoptio—

1742 1853 1780 1909 Β
1809 1877 1965 1927 nem;
2018 1862 2158 1916 redit
2196 1876 2259 1915 ex
2294 1862 2560 1931 baptismo
2595 1846 2924 1932 splendidus,
2962 1870 3022 1916 ut
3060 1862 3141 1917 sol
3180 1864 3362 1917 radios

1805 1950 2027 2018 iustitiae
2062 1950 2412 2020 eﬂ'ulgurans.
2457 1951 2611 2016 Quod
2648 1967 2778 2006 vero
2810 1954 3104 2007 maximum
3135 1962 3240 2019 est,
3277 1968 3362 2009 re-

1806 2042 2030 2095 vertitur
2052 2040 2221 2094 Filius
2244 2039 2337 2093 Dei
2366 2052 2419 2096 et
2440 2041 2642 2096 Christi
2680 2043 2868 2096 haeres.
2899 2060 2919 2093 ι

1877 2130 2105 2184 Fructus
2127 2130 2373 2197 baptismi
2401 2130 2619 2185 Christi.
2644 2161 2713 2170 -—
2742 2124 3036 2186 Enumerat
3068 2131 3229 2201 paulo
3268 2147 3358 2187 su-

1805 2239 1898 2292 pra
1927 2222 2135 2277 l‘ructus
2173 2222 2424 2293 baptismi
2452 2222 2748 2278 Salvatoris
2788 2224 2957 2278 nostri
3002 2221 3129 2277 Iesu
3160 2222 3357 2278 Christi

1805 2315 1908 2368 hoc
1927 2316 2084 2370 modo
2112 2315 2259 2385 (19.):
2290 2334 2308 2366 ι
2342 2313 2524 2378 Vides,
2557 2314 2770 2381 dilecte,
2800 2324 2931 2385 quot
2958 2325 3012 2369 et
3031 2323 3357 2385 quantornm
3422 2299 3429 2307 ’

1802 2406 2066 2463 bonorum
2114 2409 2385 2477 iacturam
2441 2407 2636 2463 facturi
2687 2407 2998 2468 fuissemus.
3036 2406 3085 2461 si
3134 2390 3358 2479 Joannis

1804 2498 2081 2553 monitioni
2106 2498 2364 2556 Dominus
2396 2501 2669 2564 cessisset,
2693 2510 2745 2553 et
2756 2499 3088 2568 Baptismum
3112 2512 3219 2551 non
3238 2513 3364 2552 sus-.

1799 2589 2046 2657 cepisset.
2073 2589 2256 2645 Clausi
2285 2592 2430 2644 enim
2466 2601 2618 2646 erant
2649 2591 2875 2644 antehac
2901 2590 3045 2652 (mli,
3077 2589 3353 2643 inaccessa

1798 2691 1993 2745 supera
2028 2679 2242 2747 regio...
2285 2677 2477 2732 Statim
2510 2688 2685 2731 autem
2720 2678 2885 2745 aperti
2915 2685 3041 2729 sunt
3068 2678 3189 2731 caeli
3230 2676 3353 2745 ipsi.

1798 2765 2183 2821 Reconciliatio
2206 2768 2345 2823 facta
2371 2770 2659 2822 visibilium
2690 2783 2813 2821 cum
2838 2767 3218 2829 invisibilibus,
3245 2782 3355 2820 cte-

1795 2858 1956 2912 lestes
1977 2855 2195 2912 ordines
2224 2858 2419 2927 gaudio
2443 2866 2568 2912 sunt
2602 2857 2825 2925 impleti,
2857 2854 3070 2908 Satanae
3109 2855 3162 2907 in
3194 2855 3354 2909 terris

1792 2950 2159 3019 tegi-itudines,
2202 2966 2289 3004 res
2321 2950 2666 3012 absconditae,
2704 2964 2825 3016 qua:
2858 2956 3035 3010 erant,
3078 2944 3354 3014 patefacta:

1792 3048 1937 3104 sunt,
1966 3058 2087 3111 quae
2115 3042 2347 3095 hostium
2378 3048 2532 3096 erant
2573 3041 2625 3093 in
2670 3039 2916 3103 numero;
2962 3038 3167 3091 reddita
3207 3024 3354 3091 fuere

1792 3133 1987 3187 amica.
2030 3154 2047 3185 ι

1860 3226 2038 3279 Realis
2078 3227 2278 3280 Christi
2326 3227 2381 3279 in
2442 3224 2777 3278 Eucharistia
2821 3223 3118 3299 praesentia.
3162 3218 3356 3274 Noster

1788 3316 1938 3386 panis
1964 3332 2041 3374 est
2076 3320 2325 3373 Dominus
2357 3330 2532 3373 noster
2550 3318 2703 3371 Iesus
2740 3318 3002 3373 Christus.
3034 3345 3105 3356 ——
3146 3315 3354 3369 Eucha-

1789 3414 1974 3476 ristia,
2041 3423 2198 3483 prout
2246 3414 2403 3467 docet
2441 3411 2496 3464 S.
2542 3411 2878 3479 Hippolytus,
2921 3420 3003 3464 est
3048 3422 3355 3465 sacramen—

1792 3515 1925 3568 tum,
1951 3521 2059 3573 quo
2083 3505 2240 3557 .lcsus
2260 3501 2510 3556 Christus
2545 3501 2780 3553 divinam
2814 3501 2984 3569 ipsius
3012 3514 3255 3562 carnem,
3288 3514 3352 3551 ac
3386 3526 3389 3529 ν

1788 3597 2144 3651 venerabilem
2185 3596 2301 3662 cjus
2334 3593 2649 3661 sanguinem
2687 3591 2834 3645 dedit
2886 3590 3043 3643 nobis
3082 3588 3349 3644 edendum
3411 3595 3413 3597 ’

1788 3688 2183 3755 bibendumque
2219 3686 2272 3738 in
2308 3685 2686 3739 remissionem
2722 3690 3064 3752 peccatorum
3105 3680 3239 3756 (15).
3269 3680 3351 3736 En

1788 3789 2030 3849 apertum
2074 3778 2272 3832 veteris
2310 3777 2471 3845 hujus
2509 3776 2747 3831 doctoris
2797 3774 3197 3841 testimonium,
3243 3790 3355 3843 quo

1787 3871 1945 3925 realis
1970 3870 2168 3935 Christi
2208 3870 2489 3937 praesentia
2525 3865 2578 3921 in
2611 3866 2956 3922 sanctissimo
2996 3865 3355 3920 Eucharistia:

1786 3970 2123 4016 sacramento
2167 3970 2353 4015 contra
2390 3960 2711 4013 Calvinistas
2752 3958 3107 4012 invictissime
3128 3957 3353 4011 demon-

1787 4063 2005 4108 stratur.
2051 4052 2167 4106 lluc
2220 4060 2463 4120 spectant
2503 4052 2689 4113 etiam,
2734 4064 2855 4116 quae
2890 4048 3119 4118 legimus
3146 4048 3201 4100 in
3241 4046 3351 4100 Fra-

1786 4143 2016 4213 gmentis
2034 4144 2148 4208 ejus
2165 4140 2538 4195 Commentarii
2566 4139 2617 4189 in
2636 4136 2871 4190 Genesim
2889 4139 2953 4189 ad
2971 4151 3035 4191 ea
3050 4135 3351 4205 Scriptum

1787 4235 1948 4287 verba
1988 4252 1999 4283 :
2043 4231 2266 4298 Pinguis
2296 4229 2409 4295 ejus
2454 4230 2629 4296 panis,
2674 4235 2723 4280 et
2776 4228 2884 4295 ipse
2915 4227 3065 4280 dabit
3125 4228 3346 4280 delicias

1786 4324 2106 4392 principibus
2147 4323 2207 4375 ³³.
2274 4338 2292 4370 t
2325 4319 2437 4373 Hoc
2491 4318 2717 4387 ﬁguram
2779 4318 3080 4375 vocationis
3150 4329 3348 4374 nostra:

1788 4418 2223 4482 interpretamur,
2270 4412 2345 4465 ait
2376 4410 2433 4464 S.
2475 4409 2827 4479 Hippolytus;
2878 4412 3022 4479 quod
3052 4412 3194 4467 enim
3212 4412 3347 4480 -pin-

141 4518 231 4571 alia
246 4521 467 4575 crimina
487 4521 990 4595 fructumBaptismi
1013 4528 1357 4597 impedientia
1376 4500 1638 4597 abjeceris
1668 4550 1680 4584 :
1718 4513 1760 4567 θ
1791 4521 1913 4572 3"9'
1946 4505 2151 4557 ¹³¹¹¹¹¹¹¹¹
2191 4513 2292 4558 es“
2324 4503 2555 4597 Quinam
2587 4518 2715 4597 viam
2736 4502 2892 4571 panis
2914 4504 3110 4597 mu?"
3130 4500 3346 4597 "05".“

143 4608 180 4661 si
209 4625 308 4664 non
344 4614 586 4668 vincaris
629 4630 661 4669 a
697 4617 988 4687 voluptate,
1034 4620 1081 4674 si
1111 4636 1217 4674 non
1247 4620 1579 4688 committas,
1627 4634 1685 4678 ut

201 4727 449 4797 "Ephes.
485 4746 561 4797 vt,
594 4732 677 4785 14.
757 4733 801 4765 ⁸³
830 4732 965 4790 Gen.
993 4752 1140 4803 χιιι,
1170 4738 1263 4793 20.

197 4841 389 4922 (lOLS.
417 4845 691 4922 Hippolyt.
725 4841 923 4922 Homil.
962 4853 1017 4905 in
1059 4852 1381 4922 Theophan.,
1423 4872 1572 4922 num.
1612 4856 1665 4919 8,

140 4923 243 4996 pag:
264 4912 383 4996 264,
410 4912 557 4996 apud
587 4912 825 4996 Fabr_ic._,
850 4930 983 4976 tom.
1022 4922 1043 4985 ι
1086 4912 1242 4993 Oppi,
1273 4936 1325 4979 et
1363 4912 1505 4996 apud
1541 4912 1669 4980 Gal;

144 4982 285 5047 land.,
318 4982 547 5047 ωηιξη,
580 4988 685 5040 col.
707 4982 829 5042 494⁷.
1024 4982 1029 4985 ’
1131 4982 1176 4993 ”
1228 4982 1240 4991 ’
1397 4982 1414 4996 ³
1480 4992 1492 5004 ”

186 5052 296 5128 .(ll)
335 5051 410 5106 En
437 5055 542 5134 tria
568 5057 654 5109 illa
685 5058 1089 5134 capitaliora,et
1108 5064 1247 5134 apud
1278 5065 1482 5133 primos
1506 5064 1668 5117 Chri—

145 5126 321 5201 stianos
339 5126 1186 5201 expertiapropemodumveniie
1215 5126 1465 5201 crimina,
1497 5135 1669 5188 idolo-t

144 5187 349 5263 latriam.
398 5187 751 5249 homicidium
802 5206 858 5249 et
894 5198 1237 5254 adulterium.
1280 5187 1464 5256 Prima
1495 5206 1671 5257 fronte

144 5256 220 5343 illa
246 5260 295 5315 S.
329 5264 599 5343 Hippolyti
623 5265 780 5343 verba
811 5285 823 5319 :
855 5285 873 5317 ε
910 5266 1115 5343 Accede
1146 5272 1331 5343 igitur,
1367 5282 1419 5324 et
1454 5256 1672 5343 regenes

148 5339 264 5392 me,
295 5348 327 5386 ο
369 5334 623 5390 homo..-
668 5334 726 5389 Si
779 5351 886 5390 non
932 5334 1279 5403 adulterium,
1317 5334 1421 5395 nec
1466 5334 1667 5397 ctédem

148 5403 472 5479 gom‘miseris,
507 5421 607 5479 nec
640 5406 781 5479 idola
808 5407 1069 5479 colueris,
1095 5427 1128 5459 ε»
1166 5412 1333 5462 videri
1375 5422 1595 5479 possent
1636 5430 1667 5467 a

151 5460 368 5542 Baptismi
396 5460 571 5546 gratia
602 5491 695 5530 eos
736 5460 967 5546 abigere,
1006 5460 1097 5546 qui
1154 5460 1340 5532 talium
1377 5460 1666 5535 criminum

150 5546 214 5620 ffl-
231 5551 361 5595 sunt.
396 5545 610 5620 Sivero
640 5546 801 5615 hujus
832 5545 1188 5620 Patrismens
1212 5559 1410 5603 attente
1443 5568 1669 5620 perpen-

148 5602 294 5688 datur,
322 5614 500 5667 omnis
528 5618 676 5688 illico
690 5602 1291 5681 e'vanescetdillicultas;
1313 5602 1667 5688 pritno'ern'i—m

150 5685 305 5745 omnes
330 5691 514 5744 gentes
555 5686 622 5735 ad
668 5687 769 5739 hoc
806 5698 1196 5741 sacramentum
1232 5685 1463 5743 invitat:
1507 5710 1524 5741 ε
1566 5691 1666 5743 Ve—
1712 5716 1715 5718 ·

151 5751 251 5809 "Ile.
293 5765 474 5806 omnes
504 5754 677 5807 tribus
699 5759 952 5823 gentium,
984 5759 1047 5812 ad
1072 5757 1411 5826 Baptismatis
1446 5760 1667 5815 immor-

1789 4596 1981 4653 Nostcr
2045 4598 2187 4652 enim
2249 4597 2403 4665 panis
2472 4593 2738 4650 Dominus
2805 4604 2907 4664 est,
2979 4603 3038 4679 ut
3079 4596 3193 4664 ipse
3230 4594 3342 4647 ait:

1776 4856 2061 4911 talitatcm:
2091 4870 2107 4902 ι
2132 4850 2273 4918 quod
2300 4862 2427 4903 sane
2450 4860 2502 4904 et
2539 4851 2801 4904 idolorum
2833 4850 3086 4911 cultores,
3107 4850 3342 4918 etratlul-

1778 4937 1951 4987 teras,
2013 4917 2161 4981 etc.,’
2198 4921 2580 4988 prmsupponit.
2628 4920 2685 4972 2°
2722 4918 2931 4988 Nullum
2977 4924 3059 4967 est
3111 4917 3338 4987 crimen,

1776 4993 2124 5062 quantumvis
2152 4986 2390 5062 enorme,
2413 4986 2575 5058 'quod
2631 4987 2814 5040 divino
2852 4986 2955 5037 hoc
2990 4986 3339 5062 sacramento

1778 5053 1881 5117 non
1910 5062 2148 5115 deleatur
2168 5059 2319 5125 juxta
2350 5053 2499 5113 Isaiae
2529 5068 2935 5127 textum,quem
2971 5053 3037 5107 tle
3060 5054 3339 5127 Baptismo

1780 5135 2157 5198 interpretatur
2208 5127 2263 5181 ὃ.
2312 5127 2646 5201 Hippolytus,
2698 5125 2808 5201 ψί-
2849 5138 3009 5201 supra
3080 5125 3333 5201 vidimus.

1778 5194 1933 5267 Ergo'
1956 5210 2354 5252 sacramentum
2381 5194 2675 5252 'hoc'delct
2705 5194 3087 5267 idololatriam,
3125 5199 3336 5250 adulte-

1777 5264 1937 5329 rium,
1994 5277 2097 5322 etc.
2138 5269 2303 5338 Igitur
2359 5278 2578 5323 sanctus
2633 5270 2834 5338 martyr
2869 5264 2923 5316 id
2956 5267 3334 5338 unumuinten—

1774 5342 1868 5404 dit,
1900 5350 2149 5406 oportere
2166 5333 2399 5393 'scilicct
2431 5338 2661 5405 abjicere
2704 5333 2947 5406 habitum
2977 5341 3033 5387 et
3081 5334 3330 5406 aﬂ'ectunr

1775 5412 1839 5462 ad
1872 5403 1982 5461 huic
2010 5410 2259 5471 crimina,
2286 5410 2360 5461 uti
2395 5418 2445 5461 et
2465 5403 2528 5458 ad
2552 5413 2741 5458 canora
2768 5404 2970 5467 omnia,
2995 5413 3053 5456 ut
3076 5403 3331 5472 Baptismi

1814 5479 1947 5530 latin
1981 5479 2320 5544 obtineatur;
2352 5474 2492 5545 quod
2519 5476 2735 5543 quidem
2767 5489 2951 5527 verum
2986 5480 3090 5539 est,
3126 5484 3177 5527 et
3205 5488 3328 5526 cum

1776 5496 1947 5600 ιὲιιιω
1981 5496 2320 5544 onuneatur;
2352 5496 2492 5545 (μιοα
2519 5496 2735 5543 quruem
2769 5496 2872 5527 verl

1808 5549 2031 5600 'cclesim
2057 5549 2301 5602 doctrina
2334 5548 2586 5615 apprime
2604 5546 2872 5614 congruit.

1846 5617 1953 5685 (l2)
1994 5617 2156 5684 idern,
2191 5621 2286 5671 loc.
2318 5622 2432 5680 cit.,
2463 5633 2611 5670 nntn.
2650 5619 2701 5669 (5.

1847 5689 1954 5760 (l5)
1986 5688 2160 5760 idem,
2208 5698 2337 5760 tuin.
2387 5688 2405 5737 Ι
2457 5686 2569 5760 Opp
2599 5729 2613 5753 ,
2676 5704 2796 5760 pag.

1777 5757 2043 5822 Callantl.,
2082 5768 2210 5812 tom.
2235 5758 2297 5822 ll,
2332 5772 2451 5825 pag.
2483 5758 2604 5811 488.

2864 5688 2999 5755 282,
3072 5692 3123 5737 et
3185 5644 3369 5751 apud,
