4104 6350
129 391 210 446 573
580 440 586 444 ,
797 367 805 372 ’
1087 385 1177 441 ns
1215 385 1380 442 vnn
1418 382 1508 438 nr
1548 381 1856 440 scntp'rts
1893 381 1953 437 s.
1987 336 2387 436 Hieromus

3215 379 3327 435 ,επ

127 525 337 581 corpora.
363 499 467 568 nec
509 471 740 568 liberata
790 506 1071 563 atl‘ectibus
1107 516 1162 564 et
1205 507 1430 574 morbis,
1480 521 1662 582 neque
1690 513 1736 566 Α
1765 518 1868 572 pus
1889 517 2266 575 corrumpens,
2297 500 2388 557 sed
2425 501 2718 571 irrequieto
2757 500 2946 587 dolore
2986 516 3052 557 ex
3102 485 3330 562 corpore

125 601 195 655 illa
221 589 508 670 gloriﬁcata
531 601 821 669 accipient,
849 600 944 655 sed
977 600 1031 654 in
1061 600 1149 664 iis,
1175 599 1375 669 quibus
1407 598 1666 653 ﬁnierunt

123 693 280 755 vitam,
314 693 542 755 morbis,
594 701 650 746 et
679 691 870 761 quales
895 692 950 745 in
992 693 1370 747 incredulitate
1391 692 1661 754 vixerunt,

124 785 234 847 tales
274 795 419 839 certe
456 782 854 852 iudicabuntur
882 781 1015 855 (l8).
1076 803 1094 836 ι
1139 783 1217 837 Ex
1265 783 1352 838 his
1397 783 1664 853 colligitur

123 865 334 930 sanctum
401 881 654 928 nostrum
710 873 1027 948 episcopum
1083 873 1437 928 conformiter
1496 889 1664 952 sacrae

125 965 385 1032 Scriptura
437 964 692 1018 docuisse
775 977 1219 1034 unumquemque
1275 981 1397 1018 cum
1445 966 1679 1040 prOprio‘

121 1069 312 1124 corpore
337 1070 465 1109 esse
495 1064 956 1120 resurrecturum;
981 1070 1210 1124 corpora
1243 1056 1526 1128 justorum.
1548 1057 1662 1127 glo-

120 1149 256 1208 riosa,
288 1146 674 1215 impassibilia,
718 1136 1087 1223 corruptionis
1137 1135 1378 1216 expertia
1425 1147 1564 1215 fore,
1607 1157 1662 1203 et

121 1254 206 1292 una
250 1254 366 1292 cum
418 1239 600 1294 anima
646 1238 806 1294 beata
865 1241 1164 1295 aeternitate
1209 1240 1437 1296 fruitura
1502 1236 1656 1310 esse;

117 1339 306 1383 econtra
336 1339 522 1384 autem
557 1347 785 1400 corpora
820 1332 1108 1402 impiorum
1159 1349 1266 1387 non
1311 1328 1656 1388 immutatum

117 1419 199 1483 iri,
255 1419 552 1488 iisdemque
593 1421 798 1476 morbis
850 1438 914 1476 ac
959 1422 1363 1483 inﬁrmitatibus
1422 1423 1654 1479 obnoxia

113 1507 226 1570 fore,
255 1511 451 1578 quibus
487 1509 539 1563 iu
567 1511 673 1564 hoc
702 1513 904 1567 szeculo
937 1512 1090 1567 fuere
1113 1512 1369 1568 obnoxia.

169 1600 300 1653 Idem
336 1618 524 1670 corpus
560 1612 811 1672 resurget.
841 1633 914 1644 -—
955 1603 1012 1658 lu
1049 1603 1287 1673 Epistola
1328 1604 1393 1659 ad
1440 1603 1657 1660 Severi-

111 1707 212 1746 nam
243 1691 400 1746 tradit
428 1694 516 1748 hic
549 1692 604 1746 S.
634 1692 812 1757 Pater,
842 1696 1003 1750 nixus
1025 1699 1356 1750 “auctoritate
1381 1694 1438 1750 S.
1473 1695 1650 1761 Pauli,

111 1782 228 1835 idem
288 1798 486 1851 corpus
546 1793 1000 1838 resurrecturum.
1079 1803 1098 1835 ‹
1158 1781 1438 1840 Primitias
1486 1785 1649 1856 igitur

107 1871 230 1926 hunc
255 1871 579 1944 (Christum)
610 1875 854 1929 nominat
886 1874 1107 1944 (Paulus
1146 1874 1167 1928 l
1207 1874 1378 1945 Epist.
1433 1877 1501 1931 ad
1541 1876 1647 1931 Co-

107 1961 248 2015 rinth.
292 1979 389 2025 xv,
446 1962 537 2033 20)
583 1964 990 2030 dormientium,
1032 1975 1086 2020 et
1121 1967 1538 2036 primogenitum
1580 1985 1645 2022 ex

107 2053 309 2107 mortuis
338 2055 403 2119 ιδ,
436 2053 526 2122 qui
564 2055 855 2124 resurgens
875 2065 929 2110 et
948 2056 1143 2112 volens
1162 2054 1470 2127 ostendere,
1499 2057 1644 2126 quod

104 2139 224 2194 idem
249 2143 345 2195 hoc
367 2152 516 2196 esset
538 2146 944 2211 resuscitatum,
976 2146 1121 2216 quod
1148 2156 1202 2203 et
1234 2157 1508 2202 mortuum
1538 2146 1649 2210 l'ue-

99 2240 207 2298 rat,
252 2232 641 2289 dubitantibus
698 2237 980 2306 discipulis
1038 2254 1324 2294 accersens
1377 2237 1658 2292 Thomam“

101 2322 217 2375 dixit
248 2323 289 2353 "
336 2341 349 2375 :
402 2324 614 2380 Accede
647 2327 772 2392 huc,
807 2337 989 2396 tange,
1042 2337 1097 2382 et
1138 2330 1278 2394 vide,
1322 2329 1450 2398 quia
1485 2328 1644 2398 spiri—

100 2419 172 2465 tus
193 2426 399 2466 carnem
436 2423 489 2467 et
525 2430 649 2470 ossa
688 2431 796 2470 non
832 2419 1012 2484 habet,
1064 2419 1207 2474 sicut
1247 2433 1333 2472 me
1357 2419 1503 2474 vides
1548 2419 1644 2472 ha-

96 2500 303 2555 bentem.
337 2501 483 2558 Idem
547 2504 793 2575 (Paulus)
837 2506 891 2560 in
942 2508 1129 2562 eadem
1177 2507 1416 2579 Epistola
1463 2512 1644 2580 appel-

95 2592 192 2645 laus
239 2594 414 2662 ipsum
449 2597 719 2665 primitias
744 2599 808 2666 ’⁷,
841 2599 1209 2654 testimonium
1259 2610 1461 2656 nostra:
1493 2618 1643 2657 asse-

92 2683 329 2737 verationi
363 2685 660 2754 perhibuit,
705 2687 849 2757 quod
886 2705 952 2743 ex
980 2689 1166 2743 eadem
1201 2705 1379 2744 massa
1421 2707 1641 2745 carnem

91 2785 402 2842 assumptam
438 2776 693 2833 Servatur
724 2779 1339 2857 resuscitavit._,faciens
1367 2797 1486 2835 eam
1526 2781 1638 2851 pri-

92 2865 253 2921 mitias
267 2869 464 2945 "carnis
485 2870 785 2938 justorum,
819 2880 878 2926 ut
903 2885 1096 2927 omnes
1130 2874 1412 2928 credentes
1444 2873 1639 2929 ﬁducia

89 2955 232 3025 hujus
253 2961 563 3016 resuscitati
598 2974 975 3032 exspectemus
1012 2965 1252 3021 futuram
1282 2967 1641 3021 resurrectio-

85 3061 190 3102 nem
218 3050 348 3122 (l9).
392 3070 413 3105 ι

141 3138 408 3244 {udicium
447 3157 759 3203 extremum.
790 3179 861 3191 —
885 3150 960 3206 De
993 3158 1239 3206 extremo
1279 3148 1486 3219 judicio
1530 3147 1640 3218 agit
1667 3188 1711 3244 ο

84 3227 135 3285 S.
161 3229 478 3304 Hippolytus
505 3237 618 3291 tum
650 3238 704 3292 in
738 3240 876 3295 libro
912 3241 988 3295 De
1033 3244 1374 3309 Antichristo,
1424 3251 1535 3294 tum
1583 3241 1638 3293 in

80 3327 293 3376 tractatu
325 3325 582 3379 adversus
616 3327 910 3383 Platonem.
944 3332 999 3385 ln
1042 3333 1144 3387 hoc
1187 3334 1373 3387 scribit
1410 3331 1477 3384 de
1502 3330 1590 3384 illo
1622 3347 1635 3382 :

83 3429 98 3459 ι
127 3411 270 3477 Quod
294 3429 512 3484 omnes,
539 3419 655 3473 sive
678 3419 811 3490 justi
844 3424 954 3476 sive
989 3424 1197 3492 injusti,
1232 3425 1498 3480 ducentur
1537 3444 1630 3482 co-

26 3575 28 3580 _
77 3516 174 3554 ram
201 3503 311 3559 Deo
338 3501 521 3562 Verbo
555 3528 572 3565 :
603 3510 676 3564 illi
701 3512 844 3566 enim
881 3512 1045 3566 Pater
1073 3532 1221 3568 autne
1241 3517 1510 3584 judicium
1538 3520 1629 3573 de-

77 3593 144 3644 dit
179 3595 239 3659 ί’,
271 3606 326 3650 et
358 3599 451 3652 ille
490 3601 826 3656 voluntatem
864 3600 1040 3659 Patris
1074 3607 1308 3675 implens
1333 3609 1498 3677 judex
1539 3594 1638 3665 ad-l

26 3761 30 3769 ι
76 3685 270 3750 veniet;
297 3687 410 3752 ille,
440 3690 688 3759 inquam,
712 3708 872 3762 quem
904 3710 1003 3750 nos
1026 3694 1304 3752 Christum
1335 3715 1593 3756 vocamus
1619 3720 1632 3753 ε

76 3790 232 3844 neque
267 3781 418 3834 enim
450 3782 644 3851 Minos,
673 3795 768 3839 aut
789 3785 1231 3844 Rhadamanthus
1252 3801 1379 3848 sunt
1400 3793 1634 3861 judices,

75 3878 126 3919 ut
154 3873 451 3928 secundum
484 3891 603 3939 vos,
646 3877 878 3944 ethnici;
911 3881 1002 3933 sed
1047 3880 1153 3946 ille,
1194 3897 1356 3952 qut'n
1406 3883 1546 3938 Deus
1579 3896 1632 3939 et

73 3955 215 4015 Pater
238 3965 585 4033 gloriﬁcavit,
619 3969 686 4022 de
730 3985 840 4038 quo
881 3974 1010 4026 alibi
1058 3976 1421 4043 particulatim
1457 3978 1632 4034 disse—

74 4053 263 4108 ruimus
303 4057 358 4109 in
398 4059 629 4126 gratiam
659 4074 845 4113 eorum
896 4065 989 4130 qui
1032 4076 1281 4133 quierunt
1320 4070 1631 4138 veritatem;

71 4138 148 4193 ille
183 4143 295 4212 ipse
326 4147 541 4214 justum
571 4149 836 4217 judicium
874 4150 1048 4207 Patris
1083 4157 1134 4208 in
1163 4173 1351 4213 omnes
1372 4176 1632 4217 exercens

73 4233 348 4300 ordinabit,
402 4238 545 4306 quod
588 4254 802 4307 :equum
843 4255 895 4318 et
928 4243 1134 4312 justum
1169 4250 1293 4311 erit,
1338 4244 1632 4320 unicuique

71 4326 350 4379 secundum
377 4342 546 4395 opera
578 4348 589 4381 :
625 4329 996 4396 cujusjudicio
1033 4336 1285 4390 sistentur
1312 4355 1507 4401 omnes,
1539 4339 1632 4389 Ito-

69 4416 232 4481 mines,
262 4420 440 4488 angeli
472 4420 811 4488 (u‘mmones),
844 4432 896 4476 et
930 4427 1212 4482 unanimes
1246 4446 1430 4484 vocem
1473 4433 1630 4484 emit-

68 4514 163 4559 tent
191 4527 203 4560 :
235 4507 457 4564 Jttstutn
492 4521 575 4566 est
597 4512 860 4581 judicium
886 4525 1036 4571 tuum
1073 4519 1235 4588 (20).»

126 4600 411 4655 Prwmium
455 4607 730 4669 bonorum,
764 4616 812 4658 et
854 4624 1004 4676 ptena
1036 4612 1318 4668 malorum.
1358 4645 1430 4654 —
1465 4633 1483 4665 ι
1524 4615 1634 4669 Ilu-

64 4691 139 4756 jus
166 4696 310 4749 vocis
344 4699 603 4766 aequitas,
631 4704 980 4775 prosequitur
1015 4704 1071 4758 S.
1104 4704 1446 4778 Hippolytus,
1466 4726 1633 4779 appa-

72 4795 138 4836 ret
169 4787 219 4838 in
251 4788 603 4842 retributione
633 4792 686 4843 in
740 4804 981 4862 utroque,
1032 4814 1149 4850 cum
1191 4800 1633 4869 benefacicntibus

66 4874 182 4934 ium
204 4880 393 4945 [ruitio
426 4890 625 4933 (eterna
657 4887 972 4951 prabealur,
999 4889 1256 4943 malorum
1279 4908 1393 4945 vero
1425 4894 1631 4960 cupidis

66 4979 296 5022 (sternam
322 4970 653 5039 supplicium
692 4974 1066 5045 distribuatur,
1100 4991 1149 5033 et
1183 4983 1520 5048 expendatu".
1559 4984 1628 5041 Et

67 5055 142 5107 hos
189 5073 361 5115 manet
419 5063 562 5131 ignis
600 5065 1078 5135 inexstingnibilis,
1138 5082 1187 5126 et
1235 5075 1326 5142 qui
1366 5091 1630 5144 nunquam

64 5145 272 5217 ﬁnietur,
307 5167 362 5207 et.
408 5155 604 5207 vermis
633 5157 815 5223 igneus
848 5173 953 5210 non
998 5163 1223 5216 moriens
1272 5166 1336 5229 ⁸³,
1368 5181 1475 5218 non
1506 5182 1626 5220 cor-

127 5285 410 5375 "folois;
440 5305 502 5375 λ,
546 5290 635 5345 18.
690 5292 754 5375 λ’
805 5291 938 5348 Luc.
988 5263 1137 5364 xxiv,
1181 5301 1269 5356 59.
1350 5305 1388 5333 ⁸⁷
1421 5303 1592 5358 lcor.
1623 5321 1642 5357 ι

1760 5303 1848 5355 25.
1927 5304 1974 5345 “.
2000 5302 2158 5361 Joan.
2201 5325 2254 5375 ν,
2290 5309 2380 5366 εξ.

61 5345 239 5418 44,45.
317 5363 365 5393 ιο
390 5359 408 5413 ι
437 5345 571 5414 εὸτ.
601 5378 662 5426 ιι,
690 5362 743 5416 9.

120 5493 318 5570 (18)_S.
366 5496 671 5570 Hippolytﬁ,
707 5496 956 5570 lib._adv.
1002 5498 1209 5554 Crwcos
1249 5514 1295 5555 ct
1330 5503 1617 5570 Platonem,

63 5575 192 5644 Quin.
225 5565 279 5644 is,
346 5565 495 5644 luttt.
540 5565 777 5644 [φέγγη
805 5566 1041 5632 Fabric,
1086 5575 1368 5640 pag.,22l,
1403 5588 1454 5629 et
1480 5565 1618 5644 apud

63 5628 697 5696 Gallandl,coltt‘m.452:
762 5628 776 5632 ’λ
1030 5628 1037 5632 ⁷
1086 5628 1100 5640 ’
1159 5628 1186 5639 ν
1227 5628 1242 5634 ⁷
1341 5669 1349 5676 -

124 5701 222 5776 (19)
264 5704 322 5757 S.
369 5708 679 5776 lli‘ppolyt.,
721 5706 862 5776 apud
911 5706 1257 5764 Theotlorct..
1319 5713 1514 5776 ylialog.
1560 5716 1614 5772 ἓξ

65 5784 167 5840 pag.
201 5767 328 5837 l55;
364 5767 514 5846 apud
565 5767 807 5838 Fabric...
839 5788 967 5832 tem.
1016 5780 1032 5831 ἰ
1127 5827 1136 5848 ί
1163 5798 1209 5847 ί).
1264 5799 1381 5848 με.
1437 5767 1525 5848 ξδῖ,
1565 5767 1618 5838 et

1127 5827 1136 5848 .'
1163 5798 1209 5847 δ”·
1264 5799 1381 5851 ima"

1765 594 2126 649 eﬂervescens
2147 602 2201 648 et
2227 592 2530 648 ebulliens:
2567 591 2672 647 illis
2695 607 2928 667 (somnus
2966 591 3328 646 cessationem

1766 693 1820 740 et
1851 685 2087 753 quietem
2118 699 2225 737 non
2253 683 2583 748 conciliabit,
2613 697 2718 737 non
2753 697 2859 736 nox
2899 681 3066 736 leniet
3096 688 3156 735 et
3187 679 3332 734 mul-
3361 693 3363 696 ‘

1764 775 1908 828 eebit
1932 774 2169 837 dolores,
2203 788 2311 826 non
2341 765 2490 827 mors
2516 772 2777 842 suppli‘cia
2812 765 3015 827 solvet.
3039 769 3155 824 Non
3179 770 3332 840 juva-

1763 864 1845 919 bit
1891 859 2475 919 exhortatio'aﬂinium
2524 864 2968 928 intercessor-um;
3019 876 3142 916 nam
3193 861 3328 930 iusti

1763 973 1871 1013 non
1910 957 2144 1026 amplius
2177 956 2249 1010 ab
2289 955 2397 1011 illis
2436 956 2785 1020 videbuntur,
2826 960 2881 1010 et
2910 970 3017 1009 non
3044 964 3171 1009 sunt
3207 953 3327 1007 illo-

1761 1066 1882 1104 rum
1917 1051 2178 1104 memoria
2229 1048 2398 1119 digni.
2434 1046 2546 1102 Soli
2576 1049 2721 1100 enim
2749 1047 2883 1116 justi
2901 1060 3130 1116 'operum
3151 1039 3327 1114 justo-

1760 1158 1881 1197 rum
1913 1152 2074 1196 erunt
2107 1155 2398 1206 memores,
2441 1154 2534 1208 per
2573 1153 2694 1208 quae
2735 1146 3095 1206 pervenerunt
3129 1135 3198 1199 ad
3239 1151 3330 1191 re-

1760 1248 1924 1304 gnum
1956 1231 2196 1297 caeleste,
2229 1232 2282 1284 in
2313 1244 2420 1300 quo
2455 1237 2554 1285 nec
2594 1245 2838 1294 somnus,
2886 1243 2987 1284 nec
3024 1228 3197 1291 dolor,
3227 1241 3330 1284 nec

1757 1321 2055 1390 corruptio,
2088 1335 2187 1376 nec
2217 1319 2539 1381 sollicitudo,
2587 1333 2688 1374 nec
2731 1334 2858 1382 nox,
2894 1333 2992 1372 nec
3035 1319 3154 1374 dies
3190 1318 3328 1373 teni-

1754 1425 1886 1479 pore
1917 1418 2251 1477 me‘nsurata,
2302 1425 2402 1464 nec
2448 1410 2526 1464 sol
2587 1410 2910 1465 necessitate
2958 1410 3191 1480 quadam
3234 1424 3329 1478 per

1753 1502 2018 1555 circulum
2060 1503 2182 1559 caeli
2225 1517 2446 1558 cursum
2480 1494 2894 1572 suum°agitans,
2921 1515 3026 1556 non
3063 1503 3204 1556 lunae
3227 1500 3348 1577 dei

1752 1609 1946 1651 cursus
1975 1604 2029 1650 et
2059 1596 2475 1659 incrementum,
2507 1609 2630 1664 qua:
2655 1599 2955 1664 temporum
2999 1596 3328 1651 mutationes

1751 1688 1979 1756 inducit,
2016 1697 2069 1742 et
2105 1697 2301 1740 terram
2337 1686 2626 1739 madidam
2651 1687 2900 1740 reddens.
2948 1685 3065 1741 Non
3104 1687 3188 1742 sol
3231 1701 3325 1746 ar-

1751 1778 1908 1844 dens,
1962 1792 2070 1832 non
2109 1775 2246 1830 Ursa
2289 1776 2577 1841 versatilis,
2613 1789 2718 1830 non
2748 1771 2963 1830 Orionis
2998 1782 3176 1839 ortus,
3211 1787 3325 1829 non

1751 1883 2021 1926 astrorum
2045 1883 2260 1924 errores
2291 1869 2580 1930 innumeri,
2606 1883 2710 1922 non
2734 1867 2874 1921 invia
2910 1876 3072 1931 terra,
3102 1881 3209 1920 non
3235 1865 3326 1919 in-

1749 1970 1911 2015 ventu
1935 1959 2165 2015 dimcilis
2187 1958 2424 2028 paradisi
2441 1959 2584 2023 aula,
2613 1972 2718 2012 non
2742 1957 3001 2012 molestus
3026 1956 3192 2010 maris
3214 1955 3331 2012 [πυρί

1749 2051 1936 2115 mitus,
1971 2047 2290 2118 impediens,
2316 2048 2610 2117 quominus
2626 2063 2660 2120 ag
2680 2057 2892 2102 vectore
2909 2047 3135 2117 pedibus
3149 2046 3324 2115 calce-

1749 2140 2031 2208 tnr;justis
2046 2139 2188 2193 enim
2208 2139 2446 2207 etipsum
2464 2138 2729 2206 pervium,
2742 2138 2955 2192 etiamsi
2975 2139 3198 2193 humido
3213 2153 3322 2199 non

1747 2231 2008 2301 privetur.
2047 2229 2255 2284 CCélllm
2287 2245 2413 2289 non,
2440 2229 2546 2282 erit
2591 2229 2926 2282 inaccessum
2982 2229 3318 2296 hominibus,

1747 2333 1802 2378 et
1831 2325 1938 2387 via,
1976 2339 2081 2392 qua
2118 2321 2336 2378 as'cendi
2361 2330 2412 2377 et
2445 2321 2630 2376 scandi
2666 2320 2860 2390 possit,
2894 2336 3002 2375 non
3041 2321 3164 2374 talis
3192 2315 3317 2386 erit,

1745 2431 1866 2485 qua:
1889 2430 1995 2469 non
2028 2414 2196 2484 possit
2219 2413 2468 2468 inveniri.
2499 2411 2616 2466 Non
2637 2423 2790 2478 (terra
2819 2413 2970 2467 rudis
3007 2411 3316 2478 et'inculta,

1746 2516 1798 2562 et
1846 2506 2157 2570 hominibus
2203 2506 2468 2572 laborem,
2515 2513 2569 2558 et
2616 2494 2918 2558 molestiam
2969 2513 3180 2564 creans,
3212 2502 3318 2575 (sed

1746 2605 1939 2666 sponte
1975 2595 2185 2652 fructus
2226 2596 2605 2667 progeminans
2633 2595 2698 2650 ad
2723 2595 2928 2649 cultum
2957 2603 3013 2650 et
3040 2580 3316 2649 ornatum".

1742 2686 1860 2742 Non
1906 2688 2110 2742 iterata
2143 2687 2384 2742 ferarum
2424 2688 2821 2757 generationes.
2860 2682 3045 2756 neque
3084 2685 3315 2740 aliorum

1748 2779 2067 2834 animalium
2130 2778 2502 2834 eﬂ‘errescens,
2548 2788 2603 2831 et
2655 2776 3312 2846 ebullienssubstantia;

1745 2886 1918 2938 neque
1953 2871 2096 2924 enim
2148 2861 2404 2924 homines
2449 2879 2578 2939 tunc
2637 2882 2829 2921 rursus
2877 2880 3155 2939 generant,
3219 2873 3314 2924 sed

1742 2968 1927 3023 manet
1958 2959 2324 3015 indesinenter
2359 2969 2620 3016 numerus
2661 2960 2930 3030 iustorum
2980 2946 3100 3015 cum
3145 2962 3313 3030 justis

1742 3051 1966 3125 angelis,
1999 3060 2047 3106 et
2074 3053 2371 3121 spiritibus.
2397 3052 2491 3107 llis
2521 3052 2698 3107 verbis
2727 3053 3108 3124 obtemperate,
3139 3065 3190 3107 et
3222 3054 3312 3107 illa

1743 3141 2044 3208 credentzs,
2074 3159 2107 3198 o
2157 3144 2438 3199 homines!
2490 3144 2643 3199 eritis
2682 3133 3310 3213 justorumfﬂconsortes,

1742 3242 1797 3290 et
1824 3234 2127 3290 futurorum
2158 3237 2422 3291 bonorum
2452 3237 2755 3315 potiemini,
2793 3250 2915 3307 qua:
2963 3251 3140 3306 neque
3177 3231 3325 3292 vidit

1741 3328 1954 3393 oculus,
1992 3344 2166 3398 neque
2208 3331 2357 3384 auris
2397 3329 2621 3394 audivit,
2650 3344 2827 3398 neque
2855 3329 3219 3385 ascenderunt
3255 3329 3311 3384 in

1742 3435 1837 3476 cor
1867 3422 2124 3488 hominis,
2153 3438 2274 3492 qua:
2307 3422 2626 3491 prreparavit
2662 3420 2801 3476 Deus
2839 3421 2906 3476 iis
2957 3425 3051 3492 qui
3081 3423 3312 3492 diligunt

1741 3514 1892 3568 illum
1918 3514 1983 3569 '°.
2023 3533 2041 3565 ι

1810 3602 1869 3657 1η
1907 3605 2044 3658 libro
2075 3611 2252 3656 autem
2282 3601 2358 3655 De
2386 3600 2725 3665 Antichristo,
2759 3616 2911 3668 num.
2944 3600 3035 3661 63.
3080 3615 3144 3656 ex
3174 3591 3312 3656 Novi.

1742 3703 1794 3747 et
1832 3693 2042 3748 Veteris
2097 3690 2428 3745 Testamenti
2473 3688 2750 3759 Scriptura
2783 3690 2976 3759 probat
3011 3689 3067 3745 S.
3104 3689 3307 3768 Hippo-

1741 3785 1884 3855 lytus
1920 3773 2368 3836 resurrectionem
2413 3781 2741 3850 generalem,
2773 3780 2990 3848 prmmia
3019 3789 3074 3835 et
3101 3782 3309 3852 suppli-

1683 3870 1686 3872 ’
1739 3876 1820 3929 cia
1855 3876 2151 3928 hominum.
2187 3869 2424 3924 Numero
2464 3874 2642 3926 autem
2692 3873 2780 3935 64,
2832 3873 2909 3926 ita
2963 3871 3029 3927 de
3080 3873 3305 3928 interitu

1744 3967 1928 4020 mundi
1965 3963 2199 4042 loquitur
2234 3980 2245 4015 :
2284 3981 2302 4013 ι
2344 3956 2438 4017 llis
2472 3966 2653 4033 itaque
2696 3964 2895 4018 futuris
3050 3983 3068 4015 ι
3104 3979 3170 4019 ac
3190 3964 3304 4034 jam

1744 4056 1930 4109 mundi
1977 4054 2208 4107 universi
2255 4072 2272 4104 ι
2306 4065 2588 4124 appetente
2640 4056 3123 4121 consummatione,
3173 4054 3305 4124 quid

1740 4150 2006 4216 reliquum
2036 4155 2142 4211 eSt,
2171 4164 2334 4217 quam
2367 4158 2426 4202 ut
2465 4148 2725 4202 Dominus
2753 4156 2808 4202 et
2842 4147 3304 4201 Salvator—noster

1733 4237 1891 4292 Jesus
1941 4237 2191 4294 Christus
2237 4239 2380 4295 Deus
2432 4241 2483 4292 in
2537 4240 2688 4294 cmlis
2733 4228 3009 4307 appareat,
3043 4237 3098 4292 in
3140 4254 3317 4309 quem

1737 4329 2115 4395 speravimus?
2141 4330 2244 4396 Qui
2281 4329 3116 4402 conﬂagrationem;iustumque
3150 4331 3300 4401 judi-

1734 4422 1876 4474 cium
1909 4422 2124 4478 cunctis
2161 4425 2480 4479 inducturus
2511 4421 2598 4488 sit,
2643 4422 2736 4491 qui
2778 4422 2833 4476 in
2868 4437 2994 4477 eum
3026 4438 3298 4503 non'cre—

1662 4516 1705 4569 D
1734 4513 2004 4590 diderunt‘.
2038 4533 2058 4566 ›

2229 4604 2232 4608 ’
2266 4603 2661 4659 ARTICULUS
2700 4606 2768 4660 X.

2265 4711 2331 4749 DE
2371 4712 2747 4753 ANTICBRISTO.

1806 4804 1965 4877 Origo
1999 4808 2330 4862 Antichristi.
2365 4805 2499 4873 Ejus
2536 4825 2743 4865 nomen.
2770 4841 2843 4850 —
2872 4810 2980 4865 Pro
2996 4810 3172 4880 {hujus
3202 4824 3296 4866 ca-

1731 4898 1856 4964 pitis
1911 4897 2165 4950 coronide
2226 4897 2470 4964 quasdam
2526 4900 2828 4956 aﬂeremus.
2857 4901 2965 4955 divi
3025 4891 3335 4972 Hippolyti.

1730 4987 1847 5040 loca
1873 4988 2016 5039 circa
2041 4987 2454 5046 Antichristum.
2491 4991 2819 5049 Nebulonem
2861 4991 3101 5061 hance:
3151 4994 3296 5048 tribu

1731 5076 1844 5129 Dan
1884 5077 2219 5131 nasciturum
2250 5068 2408 5137 docet
2433 5093 2653 5138 sanctus
2679 5085 2799 5154 .iste
2841 5082 3294 5158 episcopusxil),

1733 5181 1997 5235 suamque
2062 5173 2387 5227 sententiam
2451 5177 2673 5228 ﬁrmare
2733 5172 2915 5229 studet
2967 5161 3296 5232 auctoritate

2460 5311 2503 5343 ι’
2532 5308 2636 5367 lsa.
2682 5325 2833 5382 unt,
2874 5315 2982 5383 Si;
3012 5315 3177 5374 Marc.
3223 5329 3296 5384 ut,

1728 5507 1997 5573 Galland.,
2025 5521 2160 5568 tom.
2188 5513 2253 5576 ll,
2279 5515 2384 5570 col.
2419 5516 2543 5571 499.

1798 5578 1909 5663 (99)
1952 5584 2013 5635 δι
2055 5582 2345 5663 Hippolyt.,
2375 5588 2506 5663 ad}.
2541 5586 2790 5663 Graecast
2820 5591 3113 5658 Platonem,
3144 5596 3292 5663 apud

1727 5645 2139 5729 Ealilricxntom:
2160 5645 2198 5718 ἰ,
2231 5645 2348 5729 p'ag.
2373 5654 2574 5729 29.2.ﬂet
2600 5662 2740 5729 apud
2763 5645 3041 5728 omnia:
3046 5645 3206 5718 161137
3230 5664 3266 5714 ii

1684 5758 1698 5775 ,
1727 5717 1866 5771 Bibl.
1910 5717 2044 5774 PP..
2072 5717 2426 5786 num.3,'col.
2455 5726 2580 5780 455.

1819 5787 1908 5857 21)
1939 5791 1994 5842 S.
2035 5790 2370 5862 Hippolytus,
2405 5796 2496 5850 lib.
2533 5798 2609 5851 De
2637 5802 2979 5868 Antichristo,
3010 5815 3158 5854 num.
3195 5804 3279 5859 Η.
