4104 6350
706 386 809 444 375

1679 402 1766 455 DE
1810 402 1965 457 VITA
1999 404 2085 459 ET
2130 404 2439 463 SCRIPTIS
2475 411 2532 466 S.
2562 410 2955 472 ‘HIPPOLY'II.

3823 429 3912 484 576

705 501 1137 573 Scripturarum,‘
1165 518 1217 564 et
1257 512 1521 582 praecipue
1563 515 1790 573 Genesis
1845 534 1965 590 cap.
2024 538 2171 588 χωρ,
2219 540 2271 579 v2
2306 530 2350 585 Α
2378 525 2673 581 bitabunt?
2709 526 2874 584 Variae
2904 547 2968 585 ac
3000 532 3218 591 inutiles
3254 538 3579 604 qumstiones
3622 552 3749 598 sunt
3785 544 3912 611 istae,

702 594 790 658 17,
817 606 887 649 et
912 595 1158 654 Ieremia:
1182 617 1298 672 cap.
1340 619 1459 668 vm,
1489 621 1540 659 ν.
1573 607 1659 661 16.
1694 608 1891 665 Verum
1928 612 2112 680 opinio
2149 614 2265 669 haec
2364 634 2593 687 quarum
2618 630 2818 676 certam
2842 624 3165 679 solutionem
3193 594 3357 682 latere
3380 646 3477 684 nos
3501 631 3669 687 voluit
3692 594 3914 704 Spiritus

701 687 767 739 ad
799 702 1073 743 summum
1100 701 1157 746 ut
1184 693 1410 763 simplex
1439 698 1751 767 conjectura
1794 701 2022 770 proferri
2057 715 2260 774 potest;

700 778 841 833 hanc
908 783 1105 851 quippe
1156 788 1426 853 retulisse,
1493 790 1757 848 refutasse
1799 803 1900 859 est,
1934 806 1992 850 ut
2035 800 2261 867 quilibet

698 868 863 934 probe
895 871 1191 941 dignoscet,
1220 876 1265 929 si
1300 879 1380 931 vel
1415 881 1602 934 leviter
1629 886 1957 952 perpendere
1992 890 2119 942 velit
2151 894 2260 945 duo
2298 912 2301 915 λ

695 956 787 1011 illa
835 958 1125 1030 Scripturae
1158 970 1483 1036 testimonia,
1526 973 1723 1041 quibus
1763 975 1879 1044 ejus
1910 978 2115 1046 opinio,
2150 990 2259 1035 tota

695 1061 895 1118 quanta
930 1063 1033 1118 est,
1076 1058 1344 1114 innititur.
1379 1060 1568 1127 Quoad
1596 1066 1918 1122 Antichristi
1948 1086 2163 1135 nomen,
2196 1088 2259 1127 ea

686 1151 884 1205 sancto
914 1143 1201 1219 Hippolyto
1231 1153 1416 1220 opinio
1467 1156 1633 1223 stetit,
1685 1158 1789 1213 hoc
1836 1159 2106 1230 designari
2154 1164 2258 1218 illis

692 1232 1046 1306 Apocalypsis
1072 1241 1249 1296 verbis
1279 1242 1389 1313 (22)
1430 1263 1443 1299 :
1480 1246 1548 1298 Et
1578 1264 1822 1303 numerus
1871 1250 1985 1314 eius
2026 1257 2256 1309 sexcenti

692 1328 967 1396 sexaginta
995 1346 1085 1382 sea:
1108 1333 1185 1399 “;
1214 1345 1268 1388 et
1290 1336 1413 1390 licet
1432 1338 1657 1395 delinire
1682 1358 1790 1397 non
1814 1345 2009 1399 audeat
2036 1356 2258 1403 sanctus

690 1421 996 1490 episcopus,
1027 1424 1303 1493 quodnam
1347 1444 1539 1485 nomen
1583 1448 1647 1487 ex
1687 1434 1790 1490 hoc
1821 1452 2049 1493 numero
2080 1454 2258 1494 emer-

690 1527 815 1581 gere
841 1517 1041 1580 possit,
1070 1508 1423 1577 nihilominus
1444 1536 1509 1577 ex
1534 1525 1847 1593 conjectura
1868 1529 2119 1596 opinatur
2143 1532 2255 1599 (25)

688 1614 811 1673 post
842 1604 897 1660 S.
940 1605 1223 1675 Irenaeum,
1259 1611 1609 1680 impostorem
1643 1616 1788 1669 hune
1820 1615 2045 1674 fortasse
2076 1622 2257 1689 appel-

687 1694 788 1755 lari
819 1697 1013 1752 debere
1039 1699 1145 1755 hoc
1172 1704 1389 1757 nomine
1427 1721 1447 1757 ι
1486 1705 1643 1759 Titan
1679 1708 1795 1761 sive
1828 1707 2116 1772 Evam/ias,
2143 1713 2256 1765 sive

694 1786 952 1853 Latinus;
980 1805 1102 1859 quae
1134 1792 1351 1861 quidem
1388 1795 1723 1865 conjectura,
1770 1812 1922 1867 aeque
1954 1814 2020 1854 ac
2059 1801 2253 1869 prima,

690 1877 860 1934 futilis
880 1889 980 1934 est.

764 1966 983 2038 Tempus
1010 1971 1341 2030 Antichristi.
1369 2004 1436 2013 -—-
1459 1973 1575 2030 Non
1602 1992 1754 2047 aeque
1784 1989 1962 2046 nutat,
1992 1981 2134 2051 quod
2156 1982 2255 2036 do-

688 2071 773 2116 cet
799 2062 938 2118 idem
970 2074 1191 2120 sanctus
1225 2074 1428 2137 martyr
1458 2068 1524 2121 de
1546 2077 1783 2138 tempore
1808 2072 2123 2127 Antichristi
2155 2075 2255 2128 ad-

687 2163 918 2221 ventus;
954 2155 1111 2211 docet
1154 2158 1353 2228 quippe
1383 2159 1495 2228 (24)
1535 2160 1677 2215 hunc
1736 2161 2053 2233 iniquitatis
2081 2166 2255 2220 virum

688 2246 744 2299 in
774 2248 877 2300 line
901 2248 1085 2301 mundi
1111 2260 1392 2304 venturum
1428 2267 1583 2319 esse;
1621 2254 1765 2322 quod
1801 2264 1853 2308 et
1897 2256 2257 2311 communiter

686 2338 844 2390 docet
872 2335 1129 2391 Ecclesia.
1158 2338 1422 2394 Caeterum
1453 2359 1559 2396 non
1588 2344 1674 2397 ille
1713 2360 1831 2398 sum
1873 2360 1971 2414 ego
1994 2384 2008 2408 ,
2039 2346 2130 2413 qui
2163 2361 2256 2400 as-

689 2428 876 2481 sentiri
908 2431 1110 2498 possim
1141 2431 1197 2484 D.
1243 2430 1527 2504 Hippolyto
1560 2436 1803 2503 quaedam
1837 2435 2128 2505 Scriptura:
2180 2446 2257 2491 leo

689 2524 946 2578 stimonia
982 2527 1048 2581 de
1081 2529 1306 2596 praeciso
1338 2529 1659 2583 Antichristi
1712 2531 1942 2583 adventu
1996 2527 2257 2600 interpre-

688 2616 859 2681 tanti;
887 2617 1049 2671 veluti
1080 2634 1203 2672 cum
1244 2618 1317 2672 ait
1350 2619 1462 2688 (25)
1484 2660 1496 2683 ,
1531 2620 1924 2677 Antichristum
1972 2631 2254 2675 venturum

685 2707 739 2761 in
767 2718 1037 2776 postrema
1087 2712 1427 2780 septuaginta
1472 2712 1931 2767 hebdomadarum
1974 2711 2251 2767 Danielis:

686 2808 897 2853 constat
936 2801 1076 2853 enim
1103 2839 1116 2863 ,
1156 2810 1215 2852 ut
1250 2800 1374 2852 aiihi
1400 2800 1511 2869 jam
1554 2800 1813 2863 vidimus,
1862 2798 2252 2853 hebdomadam

686 2892 825 2944 hanc
855 2891 1013 2945 linem
1044 2892 1298 2945 habuisse
1323 2893 1375 2944 in
1399 2892 1577 2961 primo
1599 2891 1729 2947 Jesu
1761 2892 1967 2946 Christi
2000 2892 2251 2955 adventu,

682 2999 793 3051 quo
845 2994 1063 3053 peracto
1120 2985 1541 3039 circumstantiae
1609 3000 1799 3038 omnes
1846 2983 2255 3038 notabilissimae

686 3074 918 3141 impletae
943 3082 1090 3136 sunt,
1111 3090 1242 3142 quas
1267 3073 1471 3141 impleri
1502 3074 1694 3126 debere
1723 3073 1774 3124 in
1801 3072 1891 3125 illa
1921 3072 2252 3126 hebdomada

687 3162 981 3230 Scriptura:
1010 3163 1405 3215 nuntiaverant.
1437 3159 1646 3215 Extune
1670 3162 1868 3229 quippe
1901 3160 2028 3215 urbs
2054 3162 2249 3230 inclyta

684 3250 982 3305 Jerusalem
1010 3251 1281 3305 destructa
1307 3250 1430 3314 fuit,
1460 3250 1714 3318 templum
1761 3264 2029 3313 eversum,
2076 3250 2247 3304 sacri-
2281 3280 2320 3333 Ο

685 3345 867 3397 licium
892 3346 1172 3405 abolitum,
1198 3343 1526 3397 abominatic
1552 3342 1900 3396 desolationis
1930 3343 2028 3396 fuit
2058 3344 2108 3396 in
2132 3344 2250 3397 loco

688 3446 881 3490 sancto
904 3454 917 3501 ;
948 3436 1399 3504 quemadmodum
1422 3434 1788 3490 ecclesiastica
1814 3445 1995 3486 narrat
2024 3435 2247 3489 historia

686 3543 754 3580 ex
810 3527 914 3581 lide
969 3529 1205 3595 ipsorum
1263 3525 1632 3590 Hebraeorum,
1688 3525 1810 3593 qui,
1848 3538 1971 3576 cum
2019 3526 2250 3592 propriis

686 3618 860 3671 oculis
892 3617 1228 3671 calamitates
1263 3617 1379 3671 illas
1407 3614 1840 3685 conspexissent,
1888 3613 2081 3667 litteris
2120 3630 2250 3667 con-
2292 3680 2295 3682 τ

686 3720 983 3776 Signarunt.

760 3798 938 3851 Enoch
965 3808 1009 3850 et
1039 3798 1159 3850 Elia
1173 3817 1213 3850 ε.
1243 3828 1312 3838 ——
1337 3799 1445 3853 Nec
1468 3802 1605 3853 ultra
1639 3801 1960 3870 conjectura:
2001 3798 2130 3851 lines
2158 3812 2251 3850 va-

688 3896 844 3955 gatur
866 3888 1029 3940 altera
1060 3888 1173 3942 hmo
1201 3888 1257 3941 S.
1286 3887 1553 3958 Hippolyti
1578 3892 1761 3958 opinio
1785 3889 1895 3958 (26)
1920 3907 1933 3955 ;
1967 3887 2246 3941 Enochum

688 3978 894 4032 scilicet
924 3986 975 4029 et
1010 3976 1178 4031 Eliam
1212 3980 1501 4047 prophetas
1534 3995 1626 4047 per
1652 3981 1933 4033 dimidium
1966 3987 2249 4046 septuage-

688 4070 840 4123 simae
862 4069 1206 4123 hebdomada:
1228 4079 1558 4139 pugnaturos
1593 4085 1713 4121 cum
1743 4070 2109 4133 Antichristo;
2150 4083 2247 4121 nec

686 4173 795 4211 non
850 4158 1220 4227 insumpturos
1260 4159 1312 4212 in
1361 4159 1739 4228 praedicatione
1773 4177 1789 4208 ‹
1830 4159 1912 4211 bis
1952 4158 2116 4221 mille,
2165 4158 2246 4213 bis

688 4258 903 4300 centum
946 4250 1221 4319 sexaginta
1251 4251 1398 4317 dies;
1435 4271 1451 4302 ι
1487 4251 1628 4318 quod
1660 4264 1811 4317 aeque
1850 4250 2113 4301 incertum
2143 4257 2243 4302 est.

688 4334 872 4389 Euoch
899 4347 951 4390 et
973 4338 1115 4393 Elias
1139 4341 1473 4409 apparebunt
1505 4342 1689 4409 utique
1718 4338 2033 4392 Antichristi
2067 4346 2242 4400 aetate,

686 4424 933 4478 homines
957 4429 1020 4479 ad
1054 4431 1423 4496 paenitentiam
1448 4432 1811 4493 cohortantes,
1862 4428 2017 4482 sicuti
2057 4427 2244 4481 eodem

689 4517 809 4569 loco
843 4526 1024 4570 noster
1053 4519 1140 4574 hic
1164 4531 1351 4575 auctor
1378 4526 1552 4576 docet.
1582 4521 1804 4586 Verum,
1834 4535 2067 4588 quonam
2109 4533 2245 4587 prae-

687 4610 799 4662 cise
831 4618 1067 4677 tempore
1096 4614 1467 4679 apparebunt?
1496 4615 1637 4679 Quot
1668 4614 1857 4667 diebus
1901 4623 2101 4664 terram
2142 4613 2242 4664 ha-

757 4730 799 4759 “
831 4730 1003 4797 Apoc.
1035 4726 1264 4793 xm,li.

759 4846 869 4913 (22)
912 4846 969 4898 S.
1005 4845 1275 4916 Hippolyt.
1301 4848 1392 4901 lib.
1431 4848 1506 4901 De
1538 4850 1686 4914 Aut.,
1717 4865 1867 4902 num.
1891 4849 1979 4902 48.

757 4918 868 4982 (23)
910 4916 1073 4984 Idem,
1102 4920 1227 4971 ibid.

760 4986 869 5047 (24)
914 4986 1077 5052 Idem,
1110 4988 1263 5051 ibid.,
1291 5003 1439 5040 num.
1469 4987 1553 5041 19.

785 5054 872 5122 25)
913 5055 1058 5129 Idem
1090 5099 1103 5121 ,
1138 5058 1301 5129 ibid.,
1330 5058 1605 5129 num._43
1656 5068 1711 5113 et
1757 5075 1909 5129 seqq.
1994 5058 2242 5129 Captatio

693 5121 805 5197 haec
825 5121 953 5177 certi
978 5128 1239 5195 temporis
1267 5125 1609 5192 Antichristi,
1641 5138 1699 5183 ut
1730 5140 1783 5183 et
1808 5121 2007 5185 Christi
2047 5121 2113 5184 a'd
2156 5130 2244 5197 ju-

691 5189 893 5267 dicium
923 5189 1387 5267 ve_ntuii,omnino
1432 5189 1698 5267 cavenda,
1741 5200 1883 5267 quod
1918 5216 2079 5255 nosse
2130 5189 2243 5251 Haec

691 5260 947 5316 niurtaies
971 5262 1308 5325 Providentia
1335 5266 1589 5323 noluerit.
1622 5260 1895 5324 Videndus
1926 5270 1983 5325 S.
2010 5270 2247 5339 Chryso-

2364 715 2604 773 sanctus,
2651 710 2810 764 sicuti
2854 720 2907 765 et
2939 713 3353 769 determinatam
3389 726 3600 787 tempus
3665 739 3774 792 quo
3806 743 3913 780 om-

2361 795 2448 848 nia
2479 798 3030 867 consummabuntur;
3062 804 3205 871 quod
3239 814 3448 872 tempus
3470 808 3823 867 nihilominus
3853 816 3911 869 ad

2360 887 2563 939 exitum
2592 889 2727 943 sexti
2755 890 3041 946 milienarii
3073 893 3141 947 ab
3170 894 3357 950 eodem
3391 895 3447 950 S.
3480 897 3765 972 Hippolyto
3785 920 3913 973 prae-

2359 976 2557 1067 tigitur.
2607 978 2687 1033 Ex
2712 980 2910 1051 quibus
2938 997 3067 1037 sane
3088 986 3450 1053 peculiaribus
3484 989 3595 1044 divi
3648 992 3911 1067 Ilippolyti

2359 1065 2705 1131 opinionibus
2740 1070 2904 1137 probe
2931 1071 3285 1141 conjicimus,
3332 1092 3453 1131 eum
3492 1078 3545 1131 in
3600 1065 3911 1151 exponendo

2358 1155 2572 1211 litteraii
2604 1159 3004 1231 Scripturarum
3055 1179 3220 1220 sensu
3255 1183 3446 1236 parum
3491 1174 3782 1229 admodum
3831 1190 3909 1231 ex-

2356 1249 2631 1305 celluisse.
2966 1275 2970 1278 ·

2426 1336 2765 1392 Charm-teres
2836 1341 3164 1401 Antio/tristi.
3219 1374 3291 1386 —
3334 1346 3692 1407 Felicioribus
3736 1354 3907 1408 ventis

2355 1442 2502 1481 mare
2546 1429 2690 1482 istud
2744 1431 3013 1498 enavigat,
3065 1450 3188 1489 cum
3218 1435 3374 1491 docet
3422 1437 3533 1509 (27)
3579 1442 3911 1496 seductorem

2356 1516 2522 1583 hunc,
2558 1531 2617 1573 ut
2640 1520 2852 1576 facilius
2883 1521 3129 1580 homines
3163 1527 3422 1596 decipiat,
3460 1541 3745 1585 venturum
3798 1548 3912 1590 esse

2354 1609 2678 1675 quibusdam
2713 1612 2858 1667 notis
2878 1628 2940 1667 ac
2970 1613 3136 1682 signis
3154 1617 3493 1685 distinctum,
3520 1637 3641 1690 quae
3663 1622 3718 1675 in
3747 1625 3910 1679 sacris

2354 1697 2545 1753 litteris
2566 1698 2690 1761 Jesu
2712 1699 2929 1757 Christo
2963 1703 3308 1773 tribuuntur;
3362 1709 3615 1763 seductor
3651 1711 3818 1778 enim,
3857 1722 3911 1767 ut

2354 1788 2430 1841 ait
2452 1798 2671 1845 sanctus
2701 1790 3038 1862 Hippolytus,
3068 1810 3161 1864 per
3187 1799 3365 1852 omnia
3393 1800 3586 1854 similis
3608 1802 3776 1856 videri
3802 1804 3912 1859 vult

2282 1877 2329 1936 B
2356 1880 2492 1935 Filio
2518 1880 2632 1937 Dei.
2668 1902 2686 1935 ‹
2729 1883 2838 1937 Leo
2872 1887 3087 1954 quidem
3121 1886 3370 1946 Christus
3394 1933 3409 1957 ,
3447 1909 3511 1946 ex
3546 1894 3716 1949 sacris
3766 1894 3911 1967 Scri—

2357 1973 2559 2041 pturis;
2609 1982 2662 2027 et
2709 1990 2773 2028 ex
2822 1976 3014 2031 iisdem
3052 1976 3345 2048 Scripturis
3389 1983 3473 2037 leo
3525 1984 3906 2040 Antichristus.

2357 2064 2471 2118 Rex
2518 2064 2800 2132 Christus;
2858 2082 2920 2120 ac
2953 2083 3047 2121 rex
3097 2069 3478 2127 Antichristus.
3515 2073 3798 2130 Exhibitus
3833 2086 3912 2131 est

2358 2151 2606 2207 Salvator
2635 2165 2695 2207 ut
2725 2170 2933 2220 amnis;
2986 2156 3100 2225 ipse
3142 2175 3357 2229 quoque
3395 2164 3593 2230 pariter
3633 2173 3692 2219 ut
3741 2180 3910 2236 agnus

2356 2243 2653 2313 apparebit.
2684 2243 2829 2299 Misit
2876 2246 3136 2302 Dominus
3169 2252 3439 2317 apostolos
3476 2255 3528 2307 in
3554 2271 3743 2311 omnes
3786 2272 3914 2326 get.-

2356 2344 2474 2402 tes;
2509 2338 2683 2390 mittet
2704 2346 2757 2390 et
2781 2338 2894 2407 ipse
2926 2341 3148 2406 perinde
3194 2343 3693 2414 pseudoapostolos.
3770 2347 3914 2401 Con-

2357 2427 2594 2496 gregavit
2642 2426 2889 2481 Salvator
2917 2444 3044 2483 oves
3071 2469 3084 2491 ,
3117 2446 3237 2499 quae
3273 2432 3532 2501 dispersae
3561 2445 3748 2508 erant;
3800 2436 3913 2504 ipse

2357 2529 2571 2583 quoque
2596 2517 2793 2585 pariter
2824 2518 3079 2586 populum
3112 2522 3477 2591 congregabit,
3514 2524 3606 2590 qui
3638 2524 3914 2592 dispersus

2357 2613 2456 2655 est.
2492 2603 2643 2657 Dedit
2678 2605 2939 2660 Dominus
2971 2608 3216 2661 iidelihus
3252 2610 3364 2663 suis
3400 2610 3773 2679 signaculum;
3801 2614 3914 2683 ipse

2358 2708 2572 2761 quoque
2598 2696 2847 2771 similiter
2879 2696 3045 2749 dabit.
3083 2698 3346 2764 Apparuit
3380 2699 3625 2753 Salvator
3678 2702 3916 2757 hominis

2359 2783 2580 2851 habitu;
2610 2772 2722 2854 ipse
2749 2803 2963 2855 quoque
2992 2789 3043 2839 in
3078 2789 3314 2842 hominis
3350 2791 3535 2844 habitu
3568 2793 3764 2847 veniet.
3809 2794 3915 2848 Ex-

2358 2876 2542 2929 citavit
2572 2876 2837 2941 Salvator,
2868 2893 2933 2932 ac
2954 2890 3199 2933 sanctam
3238 2881 3456 2934 domum
3504 2898 3656 2936 suam
3692 2894 3751 2938 ut
3780 2896 3916 2939 tem-

2358 2966 2504 3035 plum
2528 2966 2684 3032 fecit;
2727 2969 2840 3036 ipse
2869 2968 3051 3022 itidem
3085 2971 3343 3038 templum
3378 2972 3643 3041 lapidibus
3665 2985 3917 3029 constru~

2357 3066 2501 3111 ctum
2536 3055 2920 3126 Hierosolymis
2969 3059 3245 3112 excitabit.
3295 3078 3313 3111 ι
3351 3058 3414 3113 Ili
3451 3071 3613 3127 sunt,
3643 3062 3798 3132 juxta
3857 3062 3913 3116 S.

2358 3145 2723 3217 Hippolytum,
2753 3148 3093 3204 characteres
3126 3151 3218 3220 qui
3254 3151 3305 3203 in
3336 3154 3569 3219 speciem
3590 3151 3716 3207 Jesu
3753 3153 3915 3207 Chri-

2357 3244 2440 3290 sto
2467 3244 2518 3289 et
2552 3236 2883 3290 Antichristo
2928 3252 3245 3294 communes
3281 3251 3470 3307 erunt;
3528 3243 3723 3311 quibus
3767 3242 3916 3297 aliud

2356 3327 2600 3397 adjungit
2624 3328 2756 3399 (28),
2791 3345 2898 3383 non
2930 3346 3079 3399 aeque
3097 3340 3300 3386 certum
3323 3351 3338 3399 ;
3364 3335 3507 3403 quod
3536 3336 3760 3401 scilicet,
3786 3352 3914 3390 eum

2359 3419 2603 3475 Salvator
2631 3422 2838 3475 venerit
2871 3422 2923 3475 in
2958 3423 3372 3480 circumcisione
3403 3427 3754 3498 in_mundum
3776 3471 3792 3496 ,
3824 3442 3916 3482 ve-

2349 3516 2458 3565 niet
2479 3522 2530 3566 et
2558 3512 2645 3567 ille
2670 3514 2957 3568 similiter.

2418 3608 2531 3663 lloe
2559 3620 2740 3664 autem
2782 3620 2941 3679 pacto
2978 3627 3007 3665 a
3042 3627 3170 3665 vero
3194 3612 3412 3667 Christo
3460 3615 3669 3669 secerni
3714 3616 3916 3685 poterit

2349 3700 2597 3752 seductor
2630 3700 2754 3753 ille:
2801 3701 2903 3754 erit
2947 3700 3147 3769 quippe
3196 3701 3450 3769 politicus
3486 3711 3769 3773 tyrannus,
3816 3705 3912 3773 qui

2349 3790 2590 3841 omnium
2631 3799 3021 3843 tormentorum
3057 3791 3167 3861 (29)
3196 3808 3388 3862 genere
3418 3794 3812 3849 animadvertet
3856 3795 3913 3847 in

2347 3896 2460 3943 eos,
2490 3881 2581 3948 qui
2611 3881 2755 3934 illius
2786 3881 3089 3935 doctrinam
3134 3885 3328 3937 sectari
3360 3884 3635 3951 abnuent;
3686 3886 3915 3955 insuper

2347 3969 2498 4024 luis-is
2528 3971 2980 4040 promissionibus
3008 3973 3496 4041 alliceretentabit;
3522 3992 3616 4045 per
3639 3990 3915 4031 summam

2346 4062 2711 4129 arrogantiam
2744 4061 2953 4116 divinos
2982 4064 3218 4119 honores
3244 4069 3493 4135 exquiret
3533 4068 3642 4137 (30)
3670 4086 3681 4121 :
3743 4082 3913 4137 quem

2346 4150 2561 4204 tandem
2593 4148 2853 4205 Dominus
2882 4153 3206 4216 humiliabit,
3237 4166 3287 4208 et
3312 4162 3538 4223 ‘pmnam
3584 4156 3787 4225 iniliget
3822 4156 3912 4208 ni-

2346 4244 2467 4296 miae
2498 4242 2641 4307 illius
2679 4244 2945 4310 superbiae
2985 4245 3245 4297 debitam.
3296 4244 3454 4299 Jesus
3490 4246 3738 4299 Christus
3782 4259 3910 4298 eum

2359 4333 2744 4387 exterminabit
2765 4334 2952 4401 spiritu
2983 4334 3094 4387 oris
3137 4337 3217 4387 sui
3248 4334 3395 4407 (5i);
3435 4344 3489 4389 e:
3532 4335 3783 4401 deinceps
3820 4349 3912 4387 ve—

2345 4424 2455 4478 niet
2476 4423 2718 4493 judicare
2746 4439 2936 4477 omnes
2962 4424 3227 4478 homines.
3258 4424 3381 4479 "ch
3407 4434 3532 4478 sunt
3558 4424 3905 4489 notabiliora,

2345 4531 2466 4584 quae
2494 4515 2548 4567 in
2582 4514 2705 4567 divo
2737 4512 3019 4583 Hippolyto
3054 4517 3228 4584 quoad
3271 4518 3464 4585 dogma
3497 4514 3903 4583 deprehendere

2347 4605 2516 4675 potui.

2280 4848 2321 4900 D
2355 4851 2585 4912 stomus,
2642 4840 2826 4894 homil.
2859 4840 2894 4894 2
2941 4842 3059 4897 adv.
3099 4843 3333 4908 Iudaeos,
3363 4851 3414 4897 et
3445 4840 3805 4912 Ilieronymus
3851 4843 3907 4895 in

2353 4911 2591 4979 Danieiis
2615 4926 2693 4979 lx,
2729 4911 2925 4979 aliique
2957 4914 3173 4967 ibidem.

2414 4980 2526 5051 (26)
2656 4978 2949 5051 Ilippniyt.,
2987 4983 3082 5035 lib.
3114 4982 3189 5033 De
3226 4979 3569 5047 Antichrista,
3589 4994 3738 5034 num.
3770 4978 3859 5035 43.

2410 5049 2521 5120 (27)
2561 5049 2722 5120 Idem,
2760 5049 2921 5116 ibid.,
2968 5067 3118 5105 num.
3159 5051 3190 5103 6
3238 5059 3291 5103 et
3322 5066 3471 5119 seqq.

2440 5120 2530 5185 28)
2571 5119 2732 5185 Idem,
2768 5120 2922 5187 ibid.,
2959 5136 3110 5174 num.
3154 5120 3207 5172 6.

2439 5190 2528 5256 29)
2568 5187 2733 5255 Idem,
2763 5190 2797 5243 ι.
2828 5206 2903 5255 c.,
2936 5206 3083 5243 num.
3119 5187 3207 5242 25.

2470 5259 2523 5326 U)
2560 5258 2723 5323 Idem,
2754 5260 2789 5314 ι.
2815 5276 2887 5324 c.,
2912 5276 3062 5313 num.
3100 5258 3168 5310 52
3191 5266 3244 5311 et
3282 5270 3431 5326 seqq.

2436 5330 2523 5400 51)
2564 5328 2728 5397 idem,
2754 5330 2789 5383 l.
2816 5346 2889 5398 c.,
2912 5344 3063 5385 num.
3087 5329 3155 5384 6'5
3176 5336 3228 5383 et
3252 5327 3295 5381 ll
3324 5326 3567 5382 Thessal.
3600 5343 3658 5393 ιι,
3686 5329 3735 5385 i.
