  <div class='ocr_page' id='page_1' title='image "/cluster/home/n/w/nwhite01/storage/ocr_20150623/10/pst.000005711901/200.png"; bbox 0 0 4104 6350; ppageno 0'>
   <div class='ocr_carea' id='block_1_1' title="bbox 240 445 340 502">
    <p class='ocr_par' dir='ltr' id='par_1_1' title="bbox 240 445 340 502">
     <span class='ocr_line' id='line_1_1' title="bbox 240 445 340 502; baseline -0.02 0"><span class='ocrx_word' id='word_1_1' title='bbox 240 445 340 502; x_wconf 71' lang='lat'><strong>571</strong></span> 
     </span>
    </p>
   </div>
   <div class='ocr_carea' id='block_1_2' title="bbox 1209 448 2533 513">
    <p class='ocr_par' dir='ltr' id='par_1_2' title="bbox 1209 448 2533 513">
     <span class='ocr_line' id='line_1_2' title="bbox 1209 448 2533 513; baseline 0.006 -8"><span class='ocrx_word' id='word_1_2' title='bbox 1209 450 1299 505; x_wconf 84' lang='lat' dir='ltr'><strong>DE</strong></span> <span class='ocrx_word' id='word_1_3' title='bbox 1339 450 1501 508; x_wconf 73' lang='lat' dir='ltr'><strong>VITA</strong></span> <span class='ocrx_word' id='word_1_4' title='bbox 1539 451 1628 507; x_wconf 82' lang='lat' dir='ltr'><strong>ET</strong></span> <span class='ocrx_word' id='word_1_5' title='bbox 1665 448 1977 509; x_wconf 79' lang='lat' dir='ltr'><strong>SCRIPTIS</strong></span> <span class='ocrx_word' id='word_1_6' title='bbox 2009 450 2076 506; x_wconf 35' lang='lat' dir='ltr'><strong>.S.</strong></span> <span class='ocrx_word' id='word_1_7' title='bbox 2127 449 2533 513; x_wconf 72' lang='lat' dir='ltr'><strong>HIPPOLYTI._</strong></span> 
     </span>
    </p>
   </div>
   <div class='ocr_carea' id='block_1_3' title="bbox 3367 446 3470 501">
    <p class='ocr_par' dir='ltr' id='par_1_3' title="bbox 3367 446 3470 501">
     <span class='ocr_line' id='line_1_3' title="bbox 3367 446 3470 501; baseline 0 -1"><span class='ocrx_word' id='word_1_8' title='bbox 3367 446 3470 501; x_wconf 66' lang='grc' dir='ltr'><strong>δῖε</strong></span> 
     </span>
    </p>
   </div>
   <div class='ocr_carea' id='block_1_4' title="bbox 897 838 2802 910">
    <p class='ocr_par' dir='ltr' id='par_1_4' title="bbox 897 838 2802 910">
     <span class='ocr_line' id='line_1_4' title="bbox 897 838 2802 910; baseline 0.003 -7"><span class='ocrx_word' id='word_1_9' title='bbox 897 842 1552 906; x_wconf 81' lang='lat' dir='ltr'><strong>OBSERVATIONES</strong></span> <span class='ocrx_word' id='word_1_10' title='bbox 1605 838 1985 903; x_wconf 79' lang='lat' dir='ltr'><strong>MOBALES</strong></span> <span class='ocrx_word' id='word_1_11' title='bbox 2010 844 2122 903; x_wconf 89' lang='grc' dir='ltr'><strong>ΕΤ</strong></span> <span class='ocrx_word' id='word_1_12' title='bbox 2178 847 2802 910; x_wconf 82' lang='lat' dir='ltr'><strong>DISCIPLINARES.</strong></span> 
     </span>
    </p>
   </div>
   <div class='ocr_carea' id='block_1_5' title="bbox 797 961 1288 1023">
    <p class='ocr_par' dir='ltr' id='par_1_5' title="bbox 797 961 1288 1023">
     <span class='ocr_line' id='line_1_5' title="bbox 797 961 1288 1023; baseline 0.014 -7"><span class='ocrx_word' id='word_1_13' title='bbox 797 961 1193 1021; x_wconf 80' lang='lat' dir='ltr'><strong>ARTlCULUS</strong></span> <span class='ocrx_word' id='word_1_14' title='bbox 1239 964 1288 1023; x_wconf 81' lang='grc' dir='ltr'><strong>Ι.</strong></span> 
     </span>
    </p>
   </div>
   <div class='ocr_carea' id='block_1_6' title="bbox 655 1068 1407 1121">
    <p class='ocr_par' dir='ltr' id='par_1_6' title="bbox 655 1068 1407 1121">
     <span class='ocr_line' id='line_1_6' title="bbox 655 1068 1407 1121; baseline 0.008 -14"><span class='ocrx_word' id='word_1_15' title='bbox 655 1068 859 1109; x_wconf 73' lang='lat' dir='ltr'><strong>PUNCTA</strong></span> <span class='ocrx_word' id='word_1_16' title='bbox 895 1071 1125 1111; x_wconf 74' lang='grc' dir='ltr'><strong>ιοιΔιιΑ</strong></span> <span class='ocrx_word' id='word_1_17' title='bbox 1158 1073 1407 1121; x_wconf 70' lang='grc' dir='ltr'><strong>ρυεωι.</strong></span> 
     </span>
    </p>
   </div>
   <div class='ocr_carea' id='block_1_7' title="bbox 326 1140 1815 1218">
    <p class='ocr_par' dir='ltr' id='par_1_7' title="bbox 326 1140 1815 1218">
     <span class='ocr_line' id='line_1_7' title="bbox 326 1140 1815 1218; baseline 0.005 -23"><span class='ocrx_word' id='word_1_18' title='bbox 326 1140 491 1196; x_wconf 79' lang='lat' dir='ltr'><strong>Caute</strong></span> <span class='ocrx_word' id='word_1_19' title='bbox 521 1160 584 1196; x_wconf 86' lang='lat' dir='ltr'><strong>ac</strong></span> <span class='ocrx_word' id='word_1_20' title='bbox 629 1160 747 1197; x_wconf 85' lang='lat' dir='ltr'><strong>cum</strong></span> <span class='ocrx_word' id='word_1_21' title='bbox 778 1156 920 1200; x_wconf 86' lang='lat' dir='ltr'><strong>metu</strong></span> <span class='ocrx_word' id='word_1_22' title='bbox 951 1144 1190 1202; x_wconf 80' lang='lat' dir='ltr'><strong>veritates</strong></span> <span class='ocrx_word' id='word_1_23' title='bbox 1230 1149 1499 1218; x_wconf 80' lang='lat' dir='ltr'><strong>religionis</strong></span> <span class='ocrx_word' id='word_1_24' title='bbox 1545 1149 1815 1203; x_wconf 78' lang='lat' dir='ltr'><strong>tradenda:</strong></span> 
     </span>
    </p>
   </div>
   <div class='ocr_carea' id='block_1_8' title="bbox 244 1231 1817 1307">
    <p class='ocr_par' dir='ltr' id='par_1_8' title="bbox 244 1231 1817 1307">
     <span class='ocr_line' id='line_1_8' title="bbox 244 1231 1817 1307; baseline 0.007 -24"><span class='ocrx_word' id='word_1_25' title='bbox 244 1242 397 1285; x_wconf 78' lang='lat' dir='ltr'><strong>sunt.</strong></span> <span class='ocrx_word' id='word_1_26' title='bbox 431 1260 503 1271; x_wconf 86' lang='lat'><strong>—-—</strong></span> <span class='ocrx_word' id='word_1_27' title='bbox 530 1231 763 1290; x_wconf 89' lang='lat' dir='ltr'><strong>Sanctus</strong></span> <span class='ocrx_word' id='word_1_28' title='bbox 791 1245 975 1291; x_wconf 81' lang='lat' dir='ltr'><strong>noster</strong></span> <span class='ocrx_word' id='word_1_29' title='bbox 998 1237 1286 1307; x_wconf 90' lang='lat' dir='ltr'><strong>episcopus</strong></span> <span class='ocrx_word' id='word_1_30' title='bbox 1310 1238 1465 1292; x_wconf 92' lang='lat' dir='ltr'><strong>initio</strong></span> <span class='ocrx_word' id='word_1_31' title='bbox 1502 1240 1586 1292; x_wconf 91' lang='lat' dir='ltr'><strong>sui</strong></span> <span class='ocrx_word' id='word_1_32' title='bbox 1620 1248 1817 1294; x_wconf 84' lang='lat' dir='ltr'><strong>tracta-</strong></span> 
     </span>
    </p>
   </div>
   <div class='ocr_carea' id='block_1_9' title="bbox 249 1321 1814 1397">
    <p class='ocr_par' dir='ltr' id='par_1_9' title="bbox 249 1321 1814 1397">
     <span class='ocr_line' id='line_1_9' title="bbox 249 1321 1814 1397; baseline 0.007 -23"><span class='ocrx_word' id='word_1_33' title='bbox 249 1328 348 1375; x_wconf 91' lang='lat' dir='ltr'><strong>tus</strong></span> <span class='ocrx_word' id='word_1_34' title='bbox 408 1321 485 1375; x_wconf 86' lang='lat' dir='ltr'><strong>De</strong></span> <span class='ocrx_word' id='word_1_35' title='bbox 538 1324 863 1379; x_wconf 70' lang='lat' dir='ltr'><strong>Antichristo</strong></span> <span class='ocrx_word' id='word_1_36' title='bbox 910 1326 1191 1381; x_wconf 75' lang='lat' dir='ltr'><strong>lectionem</strong></span> <span class='ocrx_word' id='word_1_37' title='bbox 1240 1328 1441 1397; x_wconf 74' lang='lat' dir='ltr'><strong>przebet</strong></span> <span class='ocrx_word' id='word_1_38' title='bbox 1481 1328 1548 1382; x_wconf 90' lang='lat' dir='ltr'><strong>iis</strong></span> <span class='ocrx_word' id='word_1_39' title='bbox 1601 1344 1814 1385; x_wconf 88' lang='lat' dir='ltr'><strong>summe</strong></span> 
     </span>
    </p>
   </div>
   <div class='ocr_carea' id='block_1_10' title="bbox 246 1414 1813 1484">
    <p class='ocr_par' dir='ltr' id='par_1_10' title="bbox 246 1414 1813 1484">
     <span class='ocr_line' id='line_1_10' title="bbox 246 1414 1813 1484; baseline 0.004 -17"><span class='ocrx_word' id='word_1_40' title='bbox 246 1414 641 1478; x_wconf 77' lang='lat' dir='ltr'><strong>necessariam,</strong></span> <span class='ocrx_word' id='word_1_41' title='bbox 671 1415 869 1484; x_wconf 86' lang='lat' dir='ltr'><strong>quibus</strong></span> <span class='ocrx_word' id='word_1_42' title='bbox 893 1415 1035 1472; x_wconf 87' lang='lat' dir='ltr'><strong>Deus</strong></span> <span class='ocrx_word' id='word_1_43' title='bbox 1071 1417 1307 1472; x_wconf 82' lang='lat' dir='ltr'><strong>indolem</strong></span> <span class='ocrx_word' id='word_1_44' title='bbox 1335 1433 1399 1473; x_wconf 88' lang='lat' dir='ltr'><strong>ac</strong></span> <span class='ocrx_word' id='word_1_45' title='bbox 1444 1420 1622 1473; x_wconf 90' lang='lat' dir='ltr'><strong>dotem</strong></span> <span class='ocrx_word' id='word_1_46' title='bbox 1655 1430 1813 1474; x_wconf 83' lang='lat' dir='ltr'><strong>caete-</strong></span> 
     </span>
    </p>
   </div>
   <div class='ocr_carea' id='block_1_11' title="bbox 244 1503 1813 1579">
    <p class='ocr_par' dir='ltr' id='par_1_11' title="bbox 244 1503 1813 1579">
     <span class='ocr_line' id='line_1_11' title="bbox 244 1503 1813 1579; baseline 0.006 -23"><span class='ocrx_word' id='word_1_47' title='bbox 244 1517 348 1557; x_wconf 75' lang='lat' dir='ltr'><strong>ros</strong></span> <span class='ocrx_word' id='word_1_48' title='bbox 369 1503 596 1557; x_wconf 84' lang='lat' dir='ltr'><strong>docendi</strong></span> <span class='ocrx_word' id='word_1_49' title='bbox 628 1505 851 1573; x_wconf 89' lang='lat' dir='ltr'><strong>largitus</strong></span> <span class='ocrx_word' id='word_1_50' title='bbox 876 1517 977 1562; x_wconf 90' lang='lat' dir='ltr'><strong>est.</strong></span> <span class='ocrx_word' id='word_1_51' title='bbox 1002 1507 1061 1563; x_wconf 90' lang='lat' dir='ltr'><strong>ln</strong></span> <span class='ocrx_word' id='word_1_52' title='bbox 1087 1524 1153 1563; x_wconf 92' lang='lat' dir='ltr'><strong>eo</strong></span> <span class='ocrx_word' id='word_1_53' title='bbox 1181 1510 1353 1579; x_wconf 86' lang='lat' dir='ltr'><strong>posita</strong></span> <span class='ocrx_word' id='word_1_54' title='bbox 1379 1518 1557 1564; x_wconf 90' lang='lat' dir='ltr'><strong>autem</strong></span> <span class='ocrx_word' id='word_1_55' title='bbox 1588 1520 1670 1565; x_wconf 90' lang='lat' dir='ltr'><strong>est</strong></span> <span class='ocrx_word' id='word_1_56' title='bbox 1698 1512 1813 1566; x_wconf 63' lang='lat' dir='ltr'><strong>haec</strong></span> 
     </span>
    </p>
   </div>
   <div class='ocr_carea' id='block_1_12' title="bbox 243 1596 1813 1669">
    <p class='ocr_par' dir='ltr' id='par_1_12' title="bbox 243 1596 1813 1669">
     <span class='ocr_line' id='line_1_12' title="bbox 243 1596 1813 1669; baseline 0.004 -19"><span class='ocrx_word' id='word_1_57' title='bbox 243 1596 416 1650; x_wconf 89' lang='lat' dir='ltr'><strong>lectio</strong></span> <span class='ocrx_word' id='word_1_58' title='bbox 442 1596 578 1666; x_wconf 70' lang='grc' dir='ltr'><strong>(ὂὲ),</strong></span> <span class='ocrx_word' id='word_1_59' title='bbox 617 1597 764 1666; x_wconf 88' lang='lat' dir='ltr'><strong>quod</strong></span> <span class='ocrx_word' id='word_1_60' title='bbox 802 1600 1009 1655; x_wconf 76' lang='lat' dir='ltr'><strong>scilicet</strong></span> <span class='ocrx_word' id='word_1_61' title='bbox 1048 1599 1327 1669; x_wconf 83' lang='lat' dir='ltr'><strong>religionis</strong></span> <span class='ocrx_word' id='word_1_62' title='bbox 1358 1602 1613 1656; x_wconf 71' lang='lat' dir='ltr'><strong>veritates</strong></span> <span class='ocrx_word' id='word_1_63' title='bbox 1657 1600 1813 1657; x_wconf 80' lang='lat' dir='ltr'><strong>facile</strong></span> 
     </span>
    </p>
   </div>
   <div class='ocr_carea' id='block_1_13' title="bbox 244 1689 1811 1765">
    <p class='ocr_par' dir='ltr' id='par_1_13' title="bbox 244 1689 1811 1765">
     <span class='ocr_line' id='line_1_13' title="bbox 244 1689 1811 1765; baseline 0.004 -23"><span class='ocrx_word' id='word_1_64' title='bbox 244 1704 365 1743; x_wconf 85' lang='lat' dir='ltr'><strong>non</strong></span> <span class='ocrx_word' id='word_1_65' title='bbox 417 1689 629 1743; x_wconf 86' lang='lat' dir='ltr'><strong>tradant</strong></span> <span class='ocrx_word' id='word_1_66' title='bbox 677 1690 766 1754; x_wconf 91' lang='lat' dir='ltr'><strong>iis,</strong></span> <span class='ocrx_word' id='word_1_67' title='bbox 797 1691 891 1760; x_wconf 87' lang='lat' dir='ltr'><strong>qui</strong></span> <span class='ocrx_word' id='word_1_68' title='bbox 920 1692 985 1745; x_wconf 85' lang='lat' dir='ltr'><strong>ad</strong></span> <span class='ocrx_word' id='word_1_69' title='bbox 1025 1693 1338 1747; x_wconf 89' lang='lat' dir='ltr'><strong>earumdem</strong></span> <span class='ocrx_word' id='word_1_70' title='bbox 1376 1694 1605 1750; x_wconf 84' lang='lat' dir='ltr'><strong>abusum</strong></span> <span class='ocrx_word' id='word_1_71' title='bbox 1656 1696 1811 1765; x_wconf 84' lang='lat' dir='ltr'><strong>proni</strong></span> 
     </span>
    </p>
   </div>
   <div class='ocr_carea' id='block_1_14' title="bbox 244 1776 1809 1851">
    <p class='ocr_par' dir='ltr' id='par_1_14' title="bbox 244 1776 1809 1851">
     <span class='ocr_line' id='line_1_14' title="bbox 244 1776 1809 1851; baseline 0.005 -20"><span class='ocrx_word' id='word_1_72' title='bbox 244 1786 385 1831; x_wconf 86' lang='lat' dir='ltr'><strong>sunt</strong></span> <span class='ocrx_word' id='word_1_73' title='bbox 413 1792 475 1829; x_wconf 92' lang='lat' dir='ltr'><strong>ac</strong></span> <span class='ocrx_word' id='word_1_74' title='bbox 503 1776 772 1846; x_wconf 88' lang='lat' dir='ltr'><strong>dispositi,</strong></span> <span class='ocrx_word' id='word_1_75' title='bbox 795 1780 912 1851; x_wconf 83' lang='lat' dir='ltr'><strong>sed</strong></span> <span class='ocrx_word' id='word_1_76' title='bbox 954 1780 1058 1848; x_wconf 89' lang='lat' dir='ltr'><strong>piis</strong></span> <span class='ocrx_word' id='word_1_77' title='bbox 1095 1782 1436 1837; x_wconf 87' lang='lat' dir='ltr'><strong>solummodo</strong></span> <span class='ocrx_word' id='word_1_78' title='bbox 1474 1784 1809 1851; x_wconf 71' lang='lat' dir='ltr'><strong>horninibus,</strong></span> 
     </span>
    </p>
   </div>
   <div class='ocr_carea' id='block_1_15' title="bbox 242 1867 1807 1936">
    <p class='ocr_par' dir='ltr' id='par_1_15' title="bbox 242 1867 1807 1936">
     <span class='ocr_line' id='line_1_15' title="bbox 242 1867 1807 1936; baseline 0.006 -18"><span class='ocrx_word' id='word_1_79' title='bbox 242 1867 347 1936; x_wconf 87' lang='lat' dir='ltr'><strong>qui</strong></span> <span class='ocrx_word' id='word_1_80' title='bbox 377 1867 432 1920; x_wconf 92' lang='lat' dir='ltr'><strong>in</strong></span> <span class='ocrx_word' id='word_1_81' title='bbox 478 1868 667 1921; x_wconf 85' lang='lat' dir='ltr'><strong>timore</strong></span> <span class='ocrx_word' id='word_1_82' title='bbox 711 1868 805 1922; x_wconf 85' lang='lat' dir='ltr'><strong>Dei</strong></span> <span class='ocrx_word' id='word_1_83' title='bbox 850 1868 1060 1935; x_wconf 88' lang='lat' dir='ltr'><strong>vivunt,</strong></span> <span class='ocrx_word' id='word_1_84' title='bbox 1092 1871 1143 1924; x_wconf 91' lang='lat' dir='ltr'><strong>in</strong></span> <span class='ocrx_word' id='word_1_85' title='bbox 1173 1873 1459 1927; x_wconf 85' lang='lat' dir='ltr'><strong>sanctitate</strong></span> <span class='ocrx_word' id='word_1_86' title='bbox 1492 1882 1545 1929; x_wconf 91' lang='lat' dir='ltr'><strong>et</strong></span> <span class='ocrx_word' id='word_1_87' title='bbox 1578 1874 1807 1936; x_wconf 81' lang='lat' dir='ltr'><strong>iustitia.</strong></span> 
     </span>
    </p>
   </div>
   <div class='ocr_carea' id='block_1_16' title="bbox 244 1942 1813 2030">
    <p class='ocr_par' dir='ltr' id='par_1_16' title="bbox 244 1942 1813 2030">
     <span class='ocr_line' id='line_1_16' title="bbox 244 1942 1813 2030; baseline 0.005 -17"><span class='ocrx_word' id='word_1_88' title='bbox 244 1942 333 2014; x_wconf 82' lang='lat' dir='ltr'><strong>Illi</strong></span> <span class='ocrx_word' id='word_1_89' title='bbox 371 1961 496 2030; x_wconf 88' lang='lat' dir='ltr'><strong>ipsi,</strong></span> <span class='ocrx_word' id='word_1_90' title='bbox 526 1962 617 2029; x_wconf 90' lang='lat' dir='ltr'><strong>qui</strong></span> <span class='ocrx_word' id='word_1_91' title='bbox 648 1962 864 2024; x_wconf 89' lang='lat' dir='ltr'><strong>docent,</strong></span> <span class='ocrx_word' id='word_1_92' title='bbox 887 1960 1081 2016; x_wconf 86' lang='lat' dir='ltr'><strong>docere</strong></span> <span class='ocrx_word' id='word_1_93' title='bbox 1106 1962 1303 2016; x_wconf 87' lang='lat' dir='ltr'><strong>debent</strong></span> <span class='ocrx_word' id='word_1_94' title='bbox 1327 1979 1450 2019; x_wconf 91' lang='lat' dir='ltr'><strong>cum</strong></span> <span class='ocrx_word' id='word_1_95' title='bbox 1489 1976 1633 2019; x_wconf 88' lang='lat' dir='ltr'><strong>metu</strong></span> <span class='ocrx_word' id='word_1_96' title='bbox 1653 2008 1668 2030; x_wconf 93' lang='lat'><strong>,</strong></span> <span class='ocrx_word' id='word_1_97' title='bbox 1712 1981 1813 2021; x_wconf 90' lang='lat' dir='ltr'><strong>nec</strong></span> 
     </span>
    </p>
   </div>
   <div class='ocr_carea' id='block_1_17' title="bbox 244 2050 1813 2123">
    <p class='ocr_par' dir='ltr' id='par_1_17' title="bbox 244 2050 1813 2123">
     <span class='ocr_line' id='line_1_17' title="bbox 244 2050 1813 2123; baseline 0.003 -18"><span class='ocrx_word' id='word_1_98' title='bbox 244 2051 491 2105; x_wconf 61' lang='lat' dir='ltr'><strong>caelestia</strong></span> <span class='ocrx_word' id='word_1_99' title='bbox 515 2051 692 2120; x_wconf 89' lang='lat' dir='ltr'><strong>eloqui</strong></span> <span class='ocrx_word' id='word_1_100' title='bbox 733 2050 950 2115; x_wconf 88' lang='lat' dir='ltr'><strong>debent,</strong></span> <span class='ocrx_word' id='word_1_101' title='bbox 986 2051 1092 2105; x_wconf 88' lang='lat' dir='ltr'><strong>nisi</strong></span> <span class='ocrx_word' id='word_1_102' title='bbox 1131 2052 1369 2108; x_wconf 88' lang='lat' dir='ltr'><strong>cbaritas</strong></span> <span class='ocrx_word' id='word_1_103' title='bbox 1412 2063 1602 2123; x_wconf 83' lang='lat' dir='ltr'><strong>urgeat</strong></span> <span class='ocrx_word' id='word_1_104' title='bbox 1637 2073 1650 2109; x_wconf 90' lang='lat'><strong>:</strong></span> <span class='ocrx_word' id='word_1_105' title='bbox 1686 2055 1813 2110; x_wconf 86' lang='lat' dir='ltr'><strong>hinc</strong></span> 
     </span>
    </p>
   </div>
   <div class='ocr_carea' id='block_1_18' title="bbox 245 2140 1811 2215">
    <p class='ocr_par' dir='ltr' id='par_1_18' title="bbox 245 2140 1811 2215">
     <span class='ocr_line' id='line_1_18' title="bbox 245 2140 1811 2215; baseline 0.002 -21"><span class='ocrx_word' id='word_1_106' title='bbox 245 2142 367 2207; x_wconf 86' lang='lat' dir='ltr'><strong>ipse</strong></span> <span class='ocrx_word' id='word_1_107' title='bbox 398 2142 636 2210; x_wconf 85' lang='lat' dir='ltr'><strong>gentium</strong></span> <span class='ocrx_word' id='word_1_108' title='bbox 676 2140 970 2209; x_wconf 87' lang='lat' dir='ltr'><strong>Apostolus</strong></span> <span class='ocrx_word' id='word_1_109' title='bbox 995 2156 1118 2196; x_wconf 90' lang='lat' dir='ltr'><strong>cum</strong></span> <span class='ocrx_word' id='word_1_110' title='bbox 1146 2156 1290 2197; x_wconf 88' lang='lat' dir='ltr'><strong>metu</strong></span> <span class='ocrx_word' id='word_1_111' title='bbox 1314 2154 1367 2198; x_wconf 89' lang='lat' dir='ltr'><strong>et</strong></span> <span class='ocrx_word' id='word_1_112' title='bbox 1406 2153 1563 2199; x_wconf 89' lang='lat' dir='ltr'><strong>caute</strong></span> <span class='ocrx_word' id='word_1_113' title='bbox 1595 2146 1662 2199; x_wconf 89' lang='lat' dir='ltr'><strong>de</strong></span> <span class='ocrx_word' id='word_1_114' title='bbox 1696 2161 1811 2215; x_wconf 81' lang='lat' dir='ltr'><strong>my-</strong></span> 
     </span>
    </p>
   </div>
   <div class='ocr_carea' id='block_1_19' title="bbox 243 2230 1809 2303">
    <p class='ocr_par' dir='ltr' id='par_1_19' title="bbox 243 2230 1809 2303">
     <span class='ocr_line' id='line_1_19' title="bbox 243 2230 1809 2303; baseline 0.003 -20"><span class='ocrx_word' id='word_1_115' title='bbox 243 2232 434 2284; x_wconf 86' lang='lat' dir='ltr'><strong>steriis</strong></span> <span class='ocrx_word' id='word_1_116' title='bbox 474 2230 599 2284; x_wconf 92' lang='lat' dir='ltr'><strong>ﬁdei</strong></span> <span class='ocrx_word' id='word_1_117' title='bbox 659 2231 1017 2301; x_wconf 83' lang='lat' dir='ltr'><strong>loquebatur;</strong></span> <span class='ocrx_word' id='word_1_118' title='bbox 1071 2234 1198 2303; x_wconf 85' lang='lat' dir='ltr'><strong>quia</strong></span> <span class='ocrx_word' id='word_1_119' title='bbox 1231 2250 1351 2289; x_wconf 93' lang='lat' dir='ltr'><strong>cum</strong></span> <span class='ocrx_word' id='word_1_120' title='bbox 1385 2245 1511 2289; x_wconf 91' lang='lat' dir='ltr'><strong>tunc</strong></span> <span class='ocrx_word' id='word_1_121' title='bbox 1552 2237 1809 2303; x_wconf 89' lang='lat' dir='ltr'><strong>temporis</strong></span> 
     </span>
    </p>
   </div>
   <div class='ocr_carea' id='block_1_20' title="bbox 243 2321 1806 2391">
    <p class='ocr_par' dir='ltr' id='par_1_20' title="bbox 243 2321 1806 2391">
     <span class='ocr_line' id='line_1_20' title="bbox 243 2321 1806 2391; baseline 0.006 -20"><span class='ocrx_word' id='word_1_122' title='bbox 243 2335 349 2373; x_wconf 89' lang='lat' dir='ltr'><strong>nec</strong></span> <span class='ocrx_word' id='word_1_123' title='bbox 380 2335 571 2375; x_wconf 90' lang='lat' dir='ltr'><strong>omnes</strong></span> <span class='ocrx_word' id='word_1_124' title='bbox 616 2321 867 2377; x_wconf 87' lang='lat' dir='ltr'><strong>homines</strong></span> <span class='ocrx_word' id='word_1_125' title='bbox 919 2324 1232 2391; x_wconf 88' lang='lat' dir='ltr'><strong>crederent,</strong></span> <span class='ocrx_word' id='word_1_126' title='bbox 1265 2342 1364 2380; x_wconf 92' lang='lat' dir='ltr'><strong>nec</strong></span> <span class='ocrx_word' id='word_1_127' title='bbox 1397 2326 1493 2381; x_wconf 89' lang='lat' dir='ltr'><strong>toti</strong></span> <span class='ocrx_word' id='word_1_128' title='bbox 1542 2334 1806 2380; x_wconf 85' lang='lat' dir='ltr'><strong>terrarum</strong></span> 
     </span>
    </p>
   </div>
   <div class='ocr_carea' id='block_1_21' title="bbox 242 2410 1808 2483">
    <p class='ocr_par' dir='ltr' id='par_1_21' title="bbox 242 2410 1808 2483">
     <span class='ocr_line' id='line_1_21' title="bbox 242 2410 1808 2483; baseline 0.004 -18"><span class='ocrx_word' id='word_1_129' title='bbox 242 2411 369 2465; x_wconf 88' lang='lat' dir='ltr'><strong>orbi</strong></span> <span class='ocrx_word' id='word_1_130' title='bbox 409 2410 541 2464; x_wconf 89' lang='lat' dir='ltr'><strong>ﬁdes</strong></span> <span class='ocrx_word' id='word_1_131' title='bbox 579 2411 947 2477; x_wconf 87' lang='lat' dir='ltr'><strong>illucesceret,</strong></span> <span class='ocrx_word' id='word_1_132' title='bbox 986 2412 1135 2483; x_wconf 89' lang='lat' dir='ltr'><strong>justa</strong></span> <span class='ocrx_word' id='word_1_133' title='bbox 1164 2414 1469 2475; x_wconf 84' lang='lat' dir='ltr'><strong>formidinis</strong></span> <span class='ocrx_word' id='word_1_134' title='bbox 1515 2432 1678 2470; x_wconf 85' lang='lat' dir='ltr'><strong>causa</strong></span> <span class='ocrx_word' id='word_1_135' title='bbox 1731 2417 1808 2471; x_wconf 90' lang='lat' dir='ltr'><strong>illi</strong></span> 
     </span>
    </p>
   </div>
   <div class='ocr_carea' id='block_1_22' title="bbox 245 2498 1813 2575">
    <p class='ocr_par' dir='ltr' id='par_1_22' title="bbox 245 2498 1813 2575">
     <span class='ocr_line' id='line_1_22' title="bbox 245 2498 1813 2575; baseline 0.007 -24"><span class='ocrx_word' id='word_1_136' title='bbox 245 2515 356 2551; x_wconf 88' lang='lat' dir='ltr'><strong>non</strong></span> <span class='ocrx_word' id='word_1_137' title='bbox 384 2498 587 2565; x_wconf 87' lang='lat' dir='ltr'><strong>deerat,</strong></span> <span class='ocrx_word' id='word_1_138' title='bbox 614 2498 729 2555; x_wconf 87' lang='lat' dir='ltr'><strong>fore</strong></span> <span class='ocrx_word' id='word_1_139' title='bbox 762 2502 949 2554; x_wconf 69' lang='lat' dir='ltr'><strong>uthzec</strong></span> <span class='ocrx_word' id='word_1_140' title='bbox 980 2504 1231 2572; x_wconf 88' lang='lat' dir='ltr'><strong>mysteria</strong></span> <span class='ocrx_word' id='word_1_141' title='bbox 1264 2504 1498 2575; x_wconf 78' lang='lat' dir='ltr'><strong>indignis</strong></span> <span class='ocrx_word' id='word_1_142' title='bbox 1524 2516 1575 2559; x_wconf 92' lang='lat' dir='ltr'><strong>et</strong></span> <span class='ocrx_word' id='word_1_143' title='bbox 1601 2506 1665 2559; x_wconf 91' lang='lat' dir='ltr'><strong>ad</strong></span> <span class='ocrx_word' id='word_1_144' title='bbox 1688 2523 1813 2562; x_wconf 88' lang='lat' dir='ltr'><strong>con-</strong></span> 
     </span>
    </p>
   </div>
   <div class='ocr_carea' id='block_1_23' title="bbox 243 2593 1812 2669">
    <p class='ocr_par' dir='ltr' id='par_1_23' title="bbox 243 2593 1812 2669">
     <span class='ocr_line' id='line_1_23' title="bbox 243 2593 1812 2669; baseline 0.006 -25"><span class='ocrx_word' id='word_1_145' title='bbox 243 2600 509 2659; x_wconf 78' lang='lat' dir='ltr'><strong>temptum</strong></span> <span class='ocrx_word' id='word_1_146' title='bbox 544 2608 758 2647; x_wconf 88' lang='lat' dir='ltr'><strong>summe</strong></span> <span class='ocrx_word' id='word_1_147' title='bbox 784 2593 1066 2662; x_wconf 87' lang='lat' dir='ltr'><strong>dispositis</strong></span> <span class='ocrx_word' id='word_1_148' title='bbox 1112 2596 1542 2663; x_wconf 89' lang='lat' dir='ltr'><strong>innotescerent;</strong></span> <span class='ocrx_word' id='word_1_149' title='bbox 1582 2599 1812 2669; x_wconf 79' lang='lat' dir='ltr'><strong>ideoque</strong></span> 
     </span>
    </p>
   </div>
   <div class='ocr_carea' id='block_1_24' title="bbox 242 2680 1809 2754">
    <p class='ocr_par' dir='ltr' id='par_1_24' title="bbox 242 2680 1809 2754">
     <span class='ocr_line' id='line_1_24' title="bbox 242 2680 1809 2754; baseline 0.007 -20"><span class='ocrx_word' id='word_1_150' title='bbox 242 2680 533 2735; x_wconf 85' lang='lat' dir='ltr'><strong>Timotheo</strong></span> <span class='ocrx_word' id='word_1_151' title='bbox 573 2682 841 2752; x_wconf 89' lang='lat' dir='ltr'><strong>discipulo</strong></span> <span class='ocrx_word' id='word_1_152' title='bbox 895 2700 995 2738; x_wconf 92' lang='lat' dir='ltr'><strong>suo</strong></span> <span class='ocrx_word' id='word_1_153' title='bbox 1034 2685 1195 2738; x_wconf 90' lang='lat' dir='ltr'><strong>etiam</strong></span> <span class='ocrx_word' id='word_1_154' title='bbox 1241 2694 1403 2754; x_wconf 87' lang='lat' dir='ltr'><strong>atque</strong></span> <span class='ocrx_word' id='word_1_155' title='bbox 1438 2688 1605 2742; x_wconf 89' lang='lat' dir='ltr'><strong>etiam</strong></span> <span class='ocrx_word' id='word_1_156' title='bbox 1656 2705 1809 2745; x_wconf 90' lang='lat' dir='ltr'><strong>com-</strong></span> 
     </span>
    </p>
   </div>
   <div class='ocr_carea' id='block_1_25' title="bbox 238 2772 1807 2849">
    <p class='ocr_par' dir='ltr' id='par_1_25' title="bbox 238 2772 1807 2849">
     <span class='ocr_line' id='line_1_25' title="bbox 238 2772 1807 2849; baseline 0.008 -26"><span class='ocrx_word' id='word_1_157' title='bbox 238 2772 487 2838; x_wconf 88' lang='lat' dir='ltr'><strong>mendat,</strong></span> <span class='ocrx_word' id='word_1_158' title='bbox 522 2780 582 2825; x_wconf 91' lang='lat' dir='ltr'><strong>ut</strong></span> <span class='ocrx_word' id='word_1_159' title='bbox 612 2788 720 2826; x_wconf 89' lang='lat' dir='ltr'><strong>non</strong></span> <span class='ocrx_word' id='word_1_160' title='bbox 762 2773 936 2827; x_wconf 87' lang='lat' dir='ltr'><strong>tradat</strong></span> <span class='ocrx_word' id='word_1_161' title='bbox 965 2774 1220 2829; x_wconf 88' lang='lat' dir='ltr'><strong>veritates</strong></span> <span class='ocrx_word' id='word_1_162' title='bbox 1245 2791 1276 2829; x_wconf 93' lang='lat' dir='ltr'><strong>a</strong></span> <span class='ocrx_word' id='word_1_163' title='bbox 1313 2791 1370 2830; x_wconf 90' lang='lat' dir='ltr'><strong>se</strong></span> <span class='ocrx_word' id='word_1_164' title='bbox 1393 2777 1503 2846; x_wconf 89' lang='lat' dir='ltr'><strong>jam</strong></span> <span class='ocrx_word' id='word_1_165' title='bbox 1536 2791 1807 2849; x_wconf 88' lang='lat' dir='ltr'><strong>acceptas,</strong></span> 
     </span>
    </p>
   </div>
   <div class='ocr_carea' id='block_1_26' title="bbox 241 2862 1807 2938">
    <p class='ocr_par' dir='ltr' id='par_1_26' title="bbox 241 2862 1807 2938">
     <span class='ocr_line' id='line_1_26' title="bbox 241 2862 1807 2938; baseline 0.008 -24"><span class='ocrx_word' id='word_1_166' title='bbox 241 2862 350 2915; x_wconf 87' lang='lat' dir='ltr'><strong>nisi</strong></span> <span class='ocrx_word' id='word_1_167' title='bbox 376 2864 479 2931; x_wconf 88' lang='lat' dir='ltr'><strong>piis</strong></span> <span class='ocrx_word' id='word_1_168' title='bbox 510 2878 574 2917; x_wconf 89' lang='lat' dir='ltr'><strong>ac</strong></span> <span class='ocrx_word' id='word_1_169' title='bbox 600 2864 872 2934; x_wconf 80' lang='lat' dir='ltr'><strong>religiosis</strong></span> <span class='ocrx_word' id='word_1_170' title='bbox 900 2866 1048 2930; x_wconf 83' lang='lat' dir='ltr'><strong>viris,</strong></span> <span class='ocrx_word' id='word_1_171' title='bbox 1076 2867 1168 2936; x_wconf 89' lang='lat' dir='ltr'><strong>qui</strong></span> <span class='ocrx_word' id='word_1_172' title='bbox 1191 2869 1561 2938; x_wconf 85' lang='lat' dir='ltr'><strong>aliospossint</strong></span> <span class='ocrx_word' id='word_1_173' title='bbox 1591 2874 1807 2927; x_wconf 87' lang='lat' dir='ltr'><strong>easdem</strong></span> 
     </span>
    </p>
   </div>
   <div class='ocr_carea' id='block_1_27' title="bbox 238 2952 1807 3031">
    <p class='ocr_par' dir='ltr' id='par_1_27' title="bbox 238 2952 1807 3031">
     <span class='ocr_line' id='line_1_27' title="bbox 238 2952 1807 3031; baseline 0.01 -28"><span class='ocrx_word' id='word_1_174' title='bbox 238 2954 498 3007; x_wconf 78' lang='lat' dir='ltr'><strong>veritates</strong></span> <span class='ocrx_word' id='word_1_175' title='bbox 541 2952 760 3009; x_wconf 89' lang='lat' dir='ltr'><strong>docere.</strong></span> <span class='ocrx_word' id='word_1_176' title='bbox 814 2973 834 3007; x_wconf 69' lang='grc' dir='ltr'><em>ς</em></span> <span class='ocrx_word' id='word_1_177' title='bbox 873 2955 1009 3010; x_wconf 83' lang='lat' dir='ltr'><strong>Cum</strong></span> <span class='ocrx_word' id='word_1_178' title='bbox 1059 2958 1223 3029; x_wconf 79' lang='lat' dir='ltr'><strong>igitur</strong></span> <span class='ocrx_word' id='word_1_179' title='bbox 1263 2958 1453 3016; x_wconf 88' lang='lat' dir='ltr'><strong>beatus</strong></span> <span class='ocrx_word' id='word_1_180' title='bbox 1497 2961 1807 3031; x_wconf 86' lang='lat' dir='ltr'><strong>Apostolus,</strong></span> 
     </span>
    </p>
   </div>
   <div class='ocr_carea' id='block_1_28' title="bbox 244 3041 1811 3114">
    <p class='ocr_par' dir='ltr' id='par_1_28' title="bbox 244 3041 1811 3114">
     <span class='ocr_line' id='line_1_28' title="bbox 244 3041 1811 3114; baseline 0.004 -18"><span class='ocrx_word' id='word_1_181' title='bbox 244 3042 534 3114; x_wconf 71' lang='lat' dir='ltr'><strong>subiungit</strong></span> <span class='ocrx_word' id='word_1_182' title='bbox 551 3043 607 3096; x_wconf 91' lang='lat' dir='ltr'><strong>S.</strong></span> <span class='ocrx_word' id='word_1_183' title='bbox 630 3041 966 3114; x_wconf 80' lang='lat' dir='ltr'><strong>Hippolytus,</strong></span> <span class='ocrx_word' id='word_1_184' title='bbox 991 3047 1106 3102; x_wconf 72' lang='lat' dir='ltr'><strong>hzec</strong></span> <span class='ocrx_word' id='word_1_185' title='bbox 1127 3056 1284 3102; x_wconf 88' lang='lat' dir='ltr'><strong>caute</strong></span> <span class='ocrx_word' id='word_1_186' title='bbox 1296 3064 1358 3105; x_wconf 83' lang='lat' dir='ltr'><strong>ac</strong></span> <span class='ocrx_word' id='word_1_187' title='bbox 1376 3065 1499 3104; x_wconf 91' lang='lat' dir='ltr'><strong>cum</strong></span> <span class='ocrx_word' id='word_1_188' title='bbox 1532 3062 1676 3104; x_wconf 90' lang='lat' dir='ltr'><strong>metu</strong></span> <span class='ocrx_word' id='word_1_189' title='bbox 1702 3059 1811 3103; x_wconf 86' lang='lat' dir='ltr'><strong>tra-</strong></span> 
     </span>
    </p>
   </div>
   <div class='ocr_carea' id='block_1_29' title="bbox 242 3133 1807 3209">
    <p class='ocr_par' dir='ltr' id='par_1_29' title="bbox 242 3133 1807 3209">
     <span class='ocr_line' id='line_1_29' title="bbox 242 3133 1807 3209; baseline 0.004 -22"><span class='ocrx_word' id='word_1_190' title='bbox 242 3133 424 3199; x_wconf 85' lang='lat' dir='ltr'><strong>deret,</strong></span> <span class='ocrx_word' id='word_1_191' title='bbox 571 3134 760 3188; x_wconf 90' lang='lat' dir='ltr'><strong>videns</strong></span> <span class='ocrx_word' id='word_1_192' title='bbox 781 3136 986 3189; x_wconf 84' lang='lat' dir='ltr'><strong>scilicet</strong></span> <span class='ocrx_word' id='word_1_193' title='bbox 1008 3138 1223 3209; x_wconf 85' lang='lat' dir='ltr'><strong>spiritu,</strong></span> <span class='ocrx_word' id='word_1_194' title='bbox 1248 3154 1355 3192; x_wconf 92' lang='lat' dir='ltr'><strong>non</strong></span> <span class='ocrx_word' id='word_1_195' title='bbox 1395 3155 1516 3195; x_wconf 92' lang='lat' dir='ltr'><strong>esse</strong></span> <span class='ocrx_word' id='word_1_196' title='bbox 1564 3142 1807 3195; x_wconf 89' lang='lat' dir='ltr'><strong>omnium</strong></span> 
     </span>
    </p>
   </div>
   <div class='ocr_carea' id='block_1_30' title="bbox 239 3222 1809 3297">
    <p class='ocr_par' dir='ltr' id='par_1_30' title="bbox 239 3222 1809 3297">
     <span class='ocr_line' id='line_1_30' title="bbox 239 3222 1809 3297; baseline 0.005 -20"><span class='ocrx_word' id='word_1_197' title='bbox 239 3222 409 3277; x_wconf 85' lang='lat' dir='ltr'><strong>ﬁdem</strong></span> <span class='ocrx_word' id='word_1_198' title='bbox 436 3241 451 3288; x_wconf 91' lang='lat'><strong>;</strong></span> <span class='ocrx_word' id='word_1_199' title='bbox 488 3234 690 3290; x_wconf 85' lang='lat' dir='ltr'><strong>quanto</strong></span> <span class='ocrx_word' id='word_1_200' title='bbox 717 3239 807 3278; x_wconf 91' lang='lat' dir='ltr'><strong>res</strong></span> <span class='ocrx_word' id='word_1_201' title='bbox 841 3226 999 3279; x_wconf 92' lang='lat' dir='ltr'><strong>nobis</strong></span> <span class='ocrx_word' id='word_1_202' title='bbox 1024 3229 1247 3295; x_wconf 86' lang='lat' dir='ltr'><strong>majoris</strong></span> <span class='ocrx_word' id='word_1_203' title='bbox 1270 3230 1495 3297; x_wconf 80' lang='lat' dir='ltr'><strong>periculi</strong></span> <span class='ocrx_word' id='word_1_204' title='bbox 1518 3230 1629 3297; x_wconf 85' lang='lat' dir='ltr'><strong>ﬁet,</strong></span> <span class='ocrx_word' id='word_1_205' title='bbox 1655 3231 1701 3284; x_wconf 91' lang='lat' dir='ltr'><strong>si</strong></span> <span class='ocrx_word' id='word_1_206' title='bbox 1732 3240 1809 3285; x_wconf 87' lang='lat' dir='ltr'><strong>te-</strong></span> 
     </span>
    </p>
   </div>
   <div class='ocr_carea' id='block_1_31' title="bbox 237 3314 1809 3392">
    <p class='ocr_par' dir='ltr' id='par_1_31' title="bbox 237 3314 1809 3392">
     <span class='ocr_line' id='line_1_31' title="bbox 237 3314 1809 3392; baseline 0.006 -24"><span class='ocrx_word' id='word_1_207' title='bbox 237 3329 399 3369; x_wconf 87' lang='lat' dir='ltr'><strong>mere</strong></span> <span class='ocrx_word' id='word_1_208' title='bbox 448 3314 703 3383; x_wconf 88' lang='lat' dir='ltr'><strong>nullaque</strong></span> <span class='ocrx_word' id='word_1_209' title='bbox 748 3315 956 3370; x_wconf 88' lang='lat' dir='ltr'><strong>ratione</strong></span> <span class='ocrx_word' id='word_1_210' title='bbox 996 3318 1240 3386; x_wconf 81' lang='lat' dir='ltr'><strong>profanis</strong></span> <span class='ocrx_word' id='word_1_211' title='bbox 1286 3320 1595 3375; x_wconf 88' lang='lat' dir='ltr'><strong>hominibus</strong></span> <span class='ocrx_word' id='word_1_212' title='bbox 1649 3332 1809 3392; x_wconf 90' lang='lat' dir='ltr'><strong>atque</strong></span> 
     </span>
    </p>
   </div>
   <div class='ocr_carea' id='block_1_32' title="bbox 1844 948 3476 1038">
    <p class='ocr_par' dir='ltr' id='par_1_32' title="bbox 1844 948 3476 1038">
     <span class='ocr_line' id='line_1_32' title="bbox 1844 948 3476 1038; baseline 0.002 -17"><span class='ocrx_word' id='word_1_213' title='bbox 1844 965 1891 1021; x_wconf 83' lang='lat' dir='ltr'><strong>A</strong></span> <span class='ocrx_word' id='word_1_214' title='bbox 1920 968 2195 1024; x_wconf 88' lang='lat' dir='ltr'><strong>attendere</strong></span> <span class='ocrx_word' id='word_1_215' title='bbox 2219 970 2475 1024; x_wconf 87' lang='lat' dir='ltr'><strong>deberent</strong></span> <span class='ocrx_word' id='word_1_216' title='bbox 2508 971 2746 1025; x_wconf 63' lang='lat' dir='ltr'><strong>haeretici</strong></span> <span class='ocrx_word' id='word_1_217' title='bbox 2770 969 2938 1024; x_wconf 89' lang='lat' dir='ltr'><strong>nostri</strong></span> <span class='ocrx_word' id='word_1_218' title='bbox 2972 948 3132 1038; x_wconf 83' lang='lat' dir='ltr'><strong>hujus</strong></span> <span class='ocrx_word' id='word_1_219' title='bbox 3156 961 3476 1035; x_wconf 63' lang='lat' dir='ltr'><strong>mulimee</strong></span> 
     </span>
    </p>
   </div>
   <div class='ocr_carea' id='block_1_33' title="bbox 238 3406 1859 3479">
    <p class='ocr_par' dir='ltr' id='par_1_33' title="bbox 238 3406 1859 3479">
     <span class='ocr_line' id='line_1_33' title="bbox 238 3406 1859 3479; baseline 0.006 -18"><span class='ocrx_word' id='word_1_220' title='bbox 238 3406 487 3475; x_wconf 81' lang='lat' dir='ltr'><strong>indignis</strong></span> <span class='ocrx_word' id='word_1_221' title='bbox 514 3407 894 3462; x_wconf 89' lang='lat' dir='ltr'><strong>tradiderimus</strong></span> <span class='ocrx_word' id='word_1_222' title='bbox 917 3408 1096 3462; x_wconf 90' lang='lat' dir='ltr'><strong>divina</strong></span> <span class='ocrx_word' id='word_1_223' title='bbox 1114 3410 1360 3479; x_wconf 88' lang='lat' dir='ltr'><strong>eloquia!</strong></span> <span class='ocrx_word' id='word_1_224' title='bbox 1391 3431 1409 3463; x_wconf 77' lang='grc' dir='ltr'><strong><em>ι</em></strong></span> <span class='ocrx_word' id='word_1_225' title='bbox 1433 3411 1583 3466; x_wconf 85' lang='lat' dir='ltr'><strong>Hanc</strong></span> <span class='ocrx_word' id='word_1_226' title='bbox 1599 3428 1810 3467; x_wconf 90' lang='lat' dir='ltr'><strong>summe</strong></span> <span class='ocrx_word' id='word_1_227' title='bbox 1851 3454 1859 3470; x_wconf 88' lang='lat'><strong>.</strong></span> 
     </span>
    </p>
   </div>
   <div class='ocr_carea' id='block_1_34' title="bbox 238 3497 1875 3595">
    <p class='ocr_par' dir='ltr' id='par_1_34' title="bbox 238 3497 1875 3595">
     <span class='ocr_line' id='line_1_34' title="bbox 238 3497 1875 3595; baseline 0.004 -44"><span class='ocrx_word' id='word_1_228' title='bbox 238 3497 613 3551; x_wconf 86' lang='lat' dir='ltr'><strong>necessariam</strong></span> <span class='ocrx_word' id='word_1_229' title='bbox 651 3500 872 3554; x_wconf 89' lang='lat' dir='ltr'><strong>moralis</strong></span> <span class='ocrx_word' id='word_1_230' title='bbox 907 3508 1115 3569; x_wconf 89' lang='lat' dir='ltr'><strong>partem</strong></span> <span class='ocrx_word' id='word_1_231' title='bbox 1156 3502 1444 3556; x_wconf 79' lang='lat' dir='ltr'><strong>conﬁrmat</strong></span> <span class='ocrx_word' id='word_1_232' title='bbox 1467 3503 1712 3557; x_wconf 89' lang='lat' dir='ltr'><strong>doctrina</strong></span> <span class='ocrx_word' id='word_1_233' title='bbox 1756 3514 1808 3557; x_wconf 88' lang='lat' dir='ltr'><strong>et</strong></span> 
     </span>
    </p>
   </div>
   <div class='ocr_carea' id='block_1_35' title="bbox 236 3589 1807 3663">
    <p class='ocr_par' dir='ltr' id='par_1_35' title="bbox 236 3589 1807 3663">
     <span class='ocr_line' id='line_1_35' title="bbox 236 3589 1807 3663; baseline 0.004 -22"><span class='ocrx_word' id='word_1_234' title='bbox 236 3589 435 3659; x_wconf 81' lang='lat' dir='ltr'><strong>praxis</strong></span> <span class='ocrx_word' id='word_1_235' title='bbox 466 3603 802 3645; x_wconf 88' lang='lat' dir='ltr'><strong>summorum</strong></span> <span class='ocrx_word' id='word_1_236' title='bbox 838 3592 1087 3646; x_wconf 86' lang='lat' dir='ltr'><strong>virorum</strong></span> <span class='ocrx_word' id='word_1_237' title='bbox 1121 3594 1387 3659; x_wconf 90' lang='lat' dir='ltr'><strong>omnium,</strong></span> <span class='ocrx_word' id='word_1_238' title='bbox 1418 3594 1513 3663; x_wconf 90' lang='lat' dir='ltr'><strong>qui</strong></span> <span class='ocrx_word' id='word_1_239' title='bbox 1542 3596 1595 3648; x_wconf 95' lang='lat' dir='ltr'><strong>in</strong></span> <span class='ocrx_word' id='word_1_240' title='bbox 1622 3593 1807 3648; x_wconf 81' lang='lat' dir='ltr'><strong>Ecele-</strong></span> 
     </span>
    </p>
   </div>
   <div class='ocr_carea' id='block_1_36' title="bbox 239 3680 1807 3755">
    <p class='ocr_par' dir='ltr' id='par_1_36' title="bbox 239 3680 1807 3755">
     <span class='ocr_line' id='line_1_36' title="bbox 239 3680 1807 3755; baseline 0.003 -20"><span class='ocrx_word' id='word_1_241' title='bbox 239 3682 329 3735; x_wconf 79' lang='lat' dir='ltr'><strong>sia</strong></span> <span class='ocrx_word' id='word_1_242' title='bbox 360 3680 674 3737; x_wconf 84' lang='lat' dir='ltr'><strong>ﬂoruerunt.</strong></span> <span class='ocrx_word' id='word_1_243' title='bbox 692 3681 1099 3739; x_wconf 76' lang='lat' dir='ltr'><strong>Observandum</strong></span> <span class='ocrx_word' id='word_1_244' title='bbox 1121 3694 1399 3755; x_wconf 68' lang='lat' dir='ltr'><strong>praeterea,</strong></span> <span class='ocrx_word' id='word_1_245' title='bbox 1432 3685 1581 3755; x_wconf 91' lang='lat' dir='ltr'><strong>quod</strong></span> <span class='ocrx_word' id='word_1_246' title='bbox 1599 3701 1661 3739; x_wconf 78' lang='lat' dir='ltr'><strong>ex</strong></span> <span class='ocrx_word' id='word_1_247' title='bbox 1688 3686 1807 3740; x_wconf 85' lang='lat' dir='ltr'><strong>lau-</strong></span> 
     </span>
    </p>
   </div>
   <div class='ocr_carea' id='block_1_37' title="bbox 239 3771 1808 3846">
    <p class='ocr_par' dir='ltr' id='par_1_37' title="bbox 239 3771 1808 3846">
     <span class='ocr_line' id='line_1_37' title="bbox 239 3771 1808 3846; baseline 0.004 -22"><span class='ocrx_word' id='word_1_248' title='bbox 239 3772 393 3826; x_wconf 88' lang='lat' dir='ltr'><strong>datis</strong></span> <span class='ocrx_word' id='word_1_249' title='bbox 428 3771 487 3829; x_wconf 88' lang='lat' dir='ltr'><strong>S.</strong></span> <span class='ocrx_word' id='word_1_250' title='bbox 523 3771 793 3845; x_wconf 81' lang='lat' dir='ltr'><strong>Hippolyti</strong></span> <span class='ocrx_word' id='word_1_251' title='bbox 827 3776 1002 3830; x_wconf 88' lang='lat' dir='ltr'><strong>verbis</strong></span> <span class='ocrx_word' id='word_1_252' title='bbox 1042 3772 1299 3830; x_wconf 91' lang='lat' dir='ltr'><strong>invictum</strong></span> <span class='ocrx_word' id='word_1_253' title='bbox 1335 3794 1354 3827; x_wconf 72' lang='grc' dir='ltr'>ι</span> <span class='ocrx_word' id='word_1_254' title='bbox 1392 3791 1487 3845; x_wconf 91' lang='lat' dir='ltr'><strong>pro</strong></span> <span class='ocrx_word' id='word_1_255' title='bbox 1525 3777 1808 3846; x_wconf 90' lang='lat' dir='ltr'><strong>disciplina</strong></span> 
     </span>
    </p>
   </div>
   <div class='ocr_carea' id='block_1_38' title="bbox 240 3864 1807 3937">
    <p class='ocr_par' dir='ltr' id='par_1_38' title="bbox 240 3864 1807 3937">
     <span class='ocr_line' id='line_1_38' title="bbox 240 3864 1807 3937; baseline 0.005 -20"><span class='ocrx_word' id='word_1_256' title='bbox 240 3864 479 3917; x_wconf 66' lang='lat' dir='ltr'><strong>arcani)</strong></span> <span class='ocrx_word' id='word_1_257' title='bbox 509 3864 699 3933; x_wconf 83' lang='lat' dir='ltr'><strong>primis</strong></span> <span class='ocrx_word' id='word_1_258' title='bbox 744 3864 1000 3921; x_wconf 69' lang='lat' dir='ltr'><strong>Ecclesia:</strong></span> <span class='ocrx_word' id='word_1_259' title='bbox 1045 3866 1257 3922; x_wconf 65' lang='lat' dir='ltr'><strong>sarculis</strong></span> <span class='ocrx_word' id='word_1_260' title='bbox 1305 3876 1489 3922; x_wconf 88' lang='lat' dir='ltr'><strong>sancte</strong></span> <span class='ocrx_word' id='word_1_261' title='bbox 1517 3870 1807 3937; x_wconf 83' lang='lat' dir='ltr'><strong>custodita,</strong></span> 
     </span>
    </p>
   </div>
   <div class='ocr_carea' id='block_1_39' title="bbox 240 3947 1779 4023">
    <p class='ocr_par' dir='ltr' id='par_1_39' title="bbox 240 3947 1779 4023">
     <span class='ocr_line' id='line_1_39' title="bbox 240 3947 1779 4023; baseline 0.006 -17"><span class='ocrx_word' id='word_1_262' title='bbox 240 3962 628 4023; x_wconf 85' lang='lat' dir='ltr'><strong>argumentum</strong></span> <span class='ocrx_word' id='word_1_263' title='bbox 654 3955 966 4011; x_wconf 87' lang='lat' dir='ltr'><strong>deducatur.</strong></span> <span class='ocrx_word' id='word_1_264' title='bbox 1744 3947 1779 3963; x_wconf 73' lang='grc'><strong>’</strong></span> 
     </span>
    </p>
   </div>
   <div class='ocr_carea' id='block_1_40' title="bbox 324 4043 1811 4120">
    <p class='ocr_par' dir='ltr' id='par_1_40' title="bbox 324 4043 1811 4120">
     <span class='ocr_line' id='line_1_40' title="bbox 324 4043 1811 4120; baseline 0.007 -25"><span class='ocrx_word' id='word_1_265' title='bbox 324 4043 439 4108; x_wconf 84' lang='lat' dir='ltr'><strong>Quo</strong></span> <span class='ocrx_word' id='word_1_266' title='bbox 463 4052 618 4112; x_wconf 84' lang='lat' dir='ltr'><strong>pacto</strong></span> <span class='ocrx_word' id='word_1_267' title='bbox 642 4055 840 4111; x_wconf 85' lang='lat' dir='ltr'><strong>oportet</strong></span> <span class='ocrx_word' id='word_1_268' title='bbox 866 4045 1030 4114; x_wconf 81' lang='lat' dir='ltr'><strong>legere</strong></span> <span class='ocrx_word' id='word_1_269' title='bbox 1052 4064 1113 4101; x_wconf 87' lang='lat' dir='ltr'><strong>ac</strong></span> <span class='ocrx_word' id='word_1_270' title='bbox 1133 4048 1420 4120; x_wconf 79' lang='lat' dir='ltr'><strong>intelligere</strong></span> <span class='ocrx_word' id='word_1_271' title='bbox 1440 4051 1643 4105; x_wconf 74' lang='lat' dir='ltr'><strong>divinas</strong></span> <span class='ocrx_word' id='word_1_272' title='bbox 1666 4050 1811 4105; x_wconf 85' lang='lat' dir='ltr'><strong>Scri-</strong></span> 
     </span>
    </p>
   </div>
   <div class='ocr_carea' id='block_1_41' title="bbox 240 4132 1808 4205">
    <p class='ocr_par' dir='ltr' id='par_1_41' title="bbox 240 4132 1808 4205">
     <span class='ocr_line' id='line_1_41' title="bbox 240 4132 1808 4205; baseline 0.007 -20"><span class='ocrx_word' id='word_1_273' title='bbox 240 4145 458 4204; x_wconf 73' lang='lat' dir='ltr'><strong>pturas.</strong></span> <span class='ocrx_word' id='word_1_274' title='bbox 499 4164 569 4173; x_wconf 93' lang='lat'><strong>——</strong></span> <span class='ocrx_word' id='word_1_275' title='bbox 605 4132 709 4199; x_wconf 82' lang='lat' dir='ltr'><strong>Qui</strong></span> <span class='ocrx_word' id='word_1_276' title='bbox 740 4134 794 4187; x_wconf 93' lang='lat' dir='ltr'><strong>in</strong></span> <span class='ocrx_word' id='word_1_277' title='bbox 828 4134 1233 4205; x_wconf 84' lang='lat' dir='ltr'><strong>Scripturarum</strong></span> <span class='ocrx_word' id='word_1_278' title='bbox 1262 4156 1536 4195; x_wconf 87' lang='lat' dir='ltr'><strong>sacrarum</strong></span> <span class='ocrx_word' id='word_1_279' title='bbox 1579 4143 1808 4196; x_wconf 89' lang='lat' dir='ltr'><strong>lectione</strong></span> 
     </span>
    </p>
   </div>
   <div class='ocr_carea' id='block_1_42' title="bbox 242 4228 1807 4300">
    <p class='ocr_par' dir='ltr' id='par_1_42' title="bbox 242 4228 1807 4300">
     <span class='ocr_line' id='line_1_42' title="bbox 242 4228 1807 4300; baseline 0.004 -17"><span class='ocrx_word' id='word_1_280' title='bbox 242 4243 471 4299; x_wconf 84' lang='lat' dir='ltr'><strong>operam</strong></span> <span class='ocrx_word' id='word_1_281' title='bbox 504 4228 687 4283; x_wconf 90' lang='lat' dir='ltr'><strong>locant</strong></span> <span class='ocrx_word' id='word_1_282' title='bbox 723 4244 907 4293; x_wconf 89' lang='lat' dir='ltr'><strong>suam,</strong></span> <span class='ocrx_word' id='word_1_283' title='bbox 950 4230 1057 4284; x_wconf 91' lang='lat' dir='ltr'><strong>duo</strong></span> <span class='ocrx_word' id='word_1_284' title='bbox 1104 4247 1213 4300; x_wconf 81' lang='lat' dir='ltr'><strong>prae</strong></span> <span class='ocrx_word' id='word_1_285' title='bbox 1245 4234 1417 4289; x_wconf 89' lang='lat' dir='ltr'><strong>oculis</strong></span> <span class='ocrx_word' id='word_1_286' title='bbox 1462 4235 1664 4289; x_wconf 88' lang='lat' dir='ltr'><strong>habere</strong></span> <span class='ocrx_word' id='word_1_287' title='bbox 1714 4238 1807 4289; x_wconf 64' lang='lat' dir='ltr'><strong>deo</strong></span> 
     </span>
    </p>
   </div>
   <div class='ocr_carea' id='block_1_43' title="bbox 241 4319 1808 4396">
    <p class='ocr_par' dir='ltr' id='par_1_43' title="bbox 241 4319 1808 4396">
     <span class='ocr_line' id='line_1_43' title="bbox 241 4319 1808 4396; baseline 0.003 -22"><span class='ocrx_word' id='word_1_288' title='bbox 241 4320 400 4374; x_wconf 87' lang='lat' dir='ltr'><strong>bent.</strong></span> <span class='ocrx_word' id='word_1_289' title='bbox 447 4321 499 4375; x_wconf 83' lang='lat' dir='ltr'><strong>l°</strong></span> <span class='ocrx_word' id='word_1_290' title='bbox 538 4321 615 4374; x_wconf 81' lang='lat' dir='ltr'><strong>Ex</strong></span> <span class='ocrx_word' id='word_1_291' title='bbox 658 4320 829 4373; x_wconf 90' lang='lat' dir='ltr'><strong>sacris</strong></span> <span class='ocrx_word' id='word_1_292' title='bbox 863 4319 948 4373; x_wconf 91' lang='lat' dir='ltr'><strong>his</strong></span> <span class='ocrx_word' id='word_1_293' title='bbox 976 4320 1148 4388; x_wconf 64' lang='lat' dir='ltr'><strong>jlibris</strong></span> <span class='ocrx_word' id='word_1_294' title='bbox 1183 4325 1404 4377; x_wconf 91' lang='lat' dir='ltr'><strong>modum</strong></span> <span class='ocrx_word' id='word_1_295' title='bbox 1445 4326 1808 4396; x_wconf 88' lang='lat' dir='ltr'><strong>c0gnoscendi</strong></span> 
     </span>
    </p>
   </div>
   <div class='ocr_carea' id='block_1_44' title="bbox 244 4408 1807 4481">
    <p class='ocr_par' dir='ltr' id='par_1_44' title="bbox 244 4408 1807 4481">
     <span class='ocr_line' id='line_1_44' title="bbox 244 4408 1807 4481; baseline 0.003 -18"><span class='ocrx_word' id='word_1_296' title='bbox 244 4409 444 4476; x_wconf 89' lang='lat' dir='ltr'><strong>Deum,</strong></span> <span class='ocrx_word' id='word_1_297' title='bbox 477 4412 758 4480; x_wconf 84' lang='lat' dir='ltr'><strong>eidemque</strong></span> <span class='ocrx_word' id='word_1_298' title='bbox 786 4408 1083 4464; x_wconf 82' lang='lat' dir='ltr'><strong>famulandi</strong></span> <span class='ocrx_word' id='word_1_299' title='bbox 1116 4428 1304 4468; x_wconf 87' lang='lat' dir='ltr'><strong>eruere</strong></span> <span class='ocrx_word' id='word_1_300' title='bbox 1336 4416 1553 4481; x_wconf 85' lang='lat' dir='ltr'><strong>debent,</strong></span> <span class='ocrx_word' id='word_1_301' title='bbox 1585 4432 1707 4470; x_wconf 91' lang='lat' dir='ltr'><strong>cum</strong></span> <span class='ocrx_word' id='word_1_302' title='bbox 1741 4432 1807 4468; x_wconf 79' lang='lat' dir='ltr'><strong>ex</strong></span> 
     </span>
    </p>
   </div>
   <div class='ocr_carea' id='block_1_45' title="bbox 248 4500 1806 4574">
    <p class='ocr_par' dir='ltr' id='par_1_45' title="bbox 248 4500 1806 4574">
     <span class='ocr_line' id='line_1_45' title="bbox 248 4500 1806 4574; baseline 0.003 -19"><span class='ocrx_word' id='word_1_303' title='bbox 248 4502 340 4556; x_wconf 91' lang='lat' dir='ltr'><strong>his</strong></span> <span class='ocrx_word' id='word_1_304' title='bbox 371 4502 611 4557; x_wconf 91' lang='lat' dir='ltr'><strong>fontibus</strong></span> <span class='ocrx_word' id='word_1_305' title='bbox 638 4500 980 4557; x_wconf 88' lang='lat' dir='ltr'><strong>solummodo</strong></span> <span class='ocrx_word' id='word_1_306' title='bbox 1014 4502 1127 4556; x_wconf 70' lang='lat' dir='ltr'><strong>ham</strong></span> <span class='ocrx_word' id='word_1_307' title='bbox 1152 4504 1354 4558; x_wconf 87' lang='lat' dir='ltr'><strong>hauriri</strong></span> <span class='ocrx_word' id='word_1_308' title='bbox 1381 4507 1621 4574; x_wconf 89' lang='lat' dir='ltr'><strong>possint;</strong></span> <span class='ocrx_word' id='word_1_309' title='bbox 1648 4507 1705 4559; x_wconf 72' lang='lat'><strong>2°</strong></span> <span class='ocrx_word' id='word_1_310' title='bbox 1751 4505 1806 4559; x_wconf 92' lang='lat' dir='ltr'><strong>in</strong></span> 
     </span>
    </p>
   </div>
   <div class='ocr_carea' id='block_1_46' title="bbox 246 4592 1807 4663">
    <p class='ocr_par' dir='ltr' id='par_1_46' title="bbox 246 4592 1807 4663">
     <span class='ocr_line' id='line_1_46' title="bbox 246 4592 1807 4663; baseline 0.002 -17"><span class='ocrx_word' id='word_1_311' title='bbox 246 4592 310 4646; x_wconf 84' lang='lat' dir='ltr'><strong>id</strong></span> <span class='ocrx_word' id='word_1_312' title='bbox 346 4608 688 4663; x_wconf 87' lang='lat' dir='ltr'><strong>summopere</strong></span> <span class='ocrx_word' id='word_1_313' title='bbox 719 4593 1029 4646; x_wconf 82' lang='lat' dir='ltr'><strong>incumbere</strong></span> <span class='ocrx_word' id='word_1_314' title='bbox 1061 4593 1276 4659; x_wconf 86' lang='lat' dir='ltr'><strong>debent,</strong></span> <span class='ocrx_word' id='word_1_315' title='bbox 1297 4604 1354 4648; x_wconf 92' lang='lat' dir='ltr'><strong>ut</strong></span> <span class='ocrx_word' id='word_1_316' title='bbox 1378 4611 1562 4649; x_wconf 90' lang='lat' dir='ltr'><strong>verum</strong></span> <span class='ocrx_word' id='word_1_317' title='bbox 1593 4611 1807 4663; x_wconf 80' lang='lat' dir='ltr'><strong>earum-</strong></span> 
     </span>
    </p>
   </div>
   <div class='ocr_carea' id='block_1_47' title="bbox 168 4681 1807 4753">
    <p class='ocr_par' dir='ltr' id='par_1_47' title="bbox 168 4681 1807 4753">
     <span class='ocr_line' id='line_1_47' title="bbox 168 4681 1807 4753; baseline 0.003 -19"><span class='ocrx_word' id='word_1_318' title='bbox 168 4747 181 4751; x_wconf 33' lang='lat'>‘</span> <span class='ocrx_word' id='word_1_319' title='bbox 241 4682 375 4735; x_wconf 92' lang='lat' dir='ltr'><strong>dem</strong></span> <span class='ocrx_word' id='word_1_320' title='bbox 405 4681 803 4753; x_wconf 88' lang='lat' dir='ltr'><strong>Scripturarum</strong></span> <span class='ocrx_word' id='word_1_321' title='bbox 820 4697 1038 4737; x_wconf 89' lang='lat' dir='ltr'><strong>sensum</strong></span> <span class='ocrx_word' id='word_1_322' title='bbox 1070 4685 1404 4753; x_wconf 88' lang='lat' dir='ltr'><strong>percipiant,</strong></span> <span class='ocrx_word' id='word_1_323' title='bbox 1435 4692 1488 4738; x_wconf 92' lang='lat' dir='ltr'><strong>et</strong></span> <span class='ocrx_word' id='word_1_324' title='bbox 1516 4686 1807 4739; x_wconf 89' lang='lat' dir='ltr'><strong>abhorrere</strong></span> 
     </span>
    </p>
   </div>
   <div class='ocr_carea' id='block_1_48' title="bbox 241 4773 1805 4844">
    <p class='ocr_par' dir='ltr' id='par_1_48' title="bbox 241 4773 1805 4844">
     <span class='ocr_line' id='line_1_48' title="bbox 241 4773 1805 4844; baseline 0.003 -19"><span class='ocrx_word' id='word_1_325' title='bbox 241 4773 323 4826; x_wconf 82' lang='lat' dir='ltr'><strong>ab</strong></span> <span class='ocrx_word' id='word_1_326' title='bbox 354 4776 499 4828; x_wconf 91' lang='lat' dir='ltr'><strong>omni</strong></span> <span class='ocrx_word' id='word_1_327' title='bbox 526 4774 964 4844; x_wconf 87' lang='lat' dir='ltr'><strong>interpretatione</strong></span> <span class='ocrx_word' id='word_1_328' title='bbox 996 4774 1063 4827; x_wconf 88' lang='lat' dir='ltr'><strong>ad</strong></span> <span class='ocrx_word' id='word_1_329' title='bbox 1095 4775 1376 4829; x_wconf 87' lang='lat' dir='ltr'><strong>arbitrium</strong></span> <span class='ocrx_word' id='word_1_330' title='bbox 1412 4777 1639 4836; x_wconf 76' lang='lat' dir='ltr'><strong>conﬁcta</strong></span> <span class='ocrx_word' id='word_1_331' title='bbox 1660 4816 1675 4841; x_wconf 93' lang='lat'><strong>,</strong></span> <span class='ocrx_word' id='word_1_332' title='bbox 1724 4778 1805 4831; x_wconf 81' lang='lat' dir='ltr'><strong>vc!</strong></span> 
     </span>
    </p>
   </div>
   <div class='ocr_carea' id='block_1_49' title="bbox 240 4865 1807 4938">
    <p class='ocr_par' dir='ltr' id='par_1_49' title="bbox 240 4865 1807 4938">
     <span class='ocr_line' id='line_1_49' title="bbox 240 4865 1807 4938; baseline 0.004 -21"><span class='ocrx_word' id='word_1_333' title='bbox 240 4880 373 4934; x_wconf 74' lang='lat' dir='ltr'><strong>quae</strong></span> <span class='ocrx_word' id='word_1_334' title='bbox 400 4867 656 4938; x_wconf 81' lang='lat' dir='ltr'><strong>peculiari</strong></span> <span class='ocrx_word' id='word_1_335' title='bbox 687 4875 871 4920; x_wconf 86' lang='lat' dir='ltr'><strong>nostro</strong></span> <span class='ocrx_word' id='word_1_336' title='bbox 903 4865 1116 4934; x_wconf 89' lang='lat' dir='ltr'><strong>spiritui</strong></span> <span class='ocrx_word' id='word_1_337' title='bbox 1144 4908 1158 4931; x_wconf 93' lang='lat'><strong>,</strong></span> <span class='ocrx_word' id='word_1_338' title='bbox 1196 4878 1331 4920; x_wconf 82' lang='lat' dir='ltr'><strong>nost.</strong></span> <span class='ocrx_word' id='word_1_339' title='bbox 1353 4883 1504 4936; x_wconf 51' lang='lat' dir='ltr'><strong>sque</strong></span> <span class='ocrx_word' id='word_1_340' title='bbox 1540 4869 1807 4938; x_wconf 82' lang='lat' dir='ltr'><strong>passioni-</strong></span> 
     </span>
    </p>
   </div>
   <div class='ocr_carea' id='block_1_50' title="bbox 1836 3630 1882 3691">
    <p class='ocr_par' dir='ltr' id='par_1_50' title="bbox 1836 3630 1882 3691">
     <span class='ocr_line' id='line_1_50' title="bbox 1836 3630 1882 3691; baseline 0 0"><span class='ocrx_word' id='word_1_341' title='bbox 1836 3630 1882 3691; x_wconf 87' lang='lat' dir='ltr'><strong>C</strong></span> 
     </span>
    </p>
   </div>
   <div class='ocr_carea' id='block_1_51' title="bbox 1866 3681 2715 3753">
    <p class='ocr_par' dir='ltr' id='par_1_51' title="bbox 1866 3681 2715 3753">
     <span class='ocr_line' id='line_1_51' title="bbox 1866 3681 2715 3753; baseline -0.007 -16"><span class='ocrx_word' id='word_1_342' title='bbox 1866 3681 1882 3733; x_wconf 72' lang='lat'><strong>.&#39;</strong></span> <span class='ocrx_word' id='word_1_343' title='bbox 1918 3704 1936 3737; x_wconf 85' lang='grc'><em>‹</em></span> <span class='ocrx_word' id='word_1_344' title='bbox 1980 3684 2221 3740; x_wconf 89' lang='lat' dir='ltr'><strong>Ecclesia</strong></span> <span class='ocrx_word' id='word_1_345' title='bbox 2251 3699 2345 3753; x_wconf 91' lang='lat' dir='ltr'><strong>per</strong></span> <span class='ocrx_word' id='word_1_346' title='bbox 2381 3681 2535 3735; x_wconf 88' lang='lat' dir='ltr'><strong>ﬁdem</strong></span> <span class='ocrx_word' id='word_1_347' title='bbox 2574 3718 2587 3732; x_wconf 97' lang='lat'><strong>.</strong></span> <span class='ocrx_word' id='word_1_348' title='bbox 2616 3718 2629 3730; x_wconf 95' lang='lat'><strong>.</strong></span> <span class='ocrx_word' id='word_1_349' title='bbox 2656 3718 2670 3731; x_wconf 93' lang='lat'><strong>.</strong></span> <span class='ocrx_word' id='word_1_350' title='bbox 2702 3719 2715 3731; x_wconf 92' lang='lat'><strong>.</strong></span> 
     </span>
    </p>
   </div>
   <div class='ocr_carea' id='block_1_52' title="bbox 1837 3756 1882 3774">
    <p class='ocr_par' dir='ltr' id='par_1_52' title="bbox 1837 3756 1882 3774">
     <span class='ocr_line' id='line_1_52' title="bbox 1837 3756 1882 3774; baseline 0 0"><span class='ocrx_word' id='word_1_351' title='bbox 1837 3756 1882 3774; x_wconf 63' lang='grc' dir='ltr'><strong>γλ</strong></span> 
     </span>
    </p>
   </div>
   <div class='ocr_carea' id='block_1_53' title="bbox 1915 1058 3266 1129">
    <p class='ocr_par' dir='ltr' id='par_1_53' title="bbox 1915 1058 3266 1129">
     <span class='ocr_line' id='line_1_53' title="bbox 1915 1058 3266 1129; baseline 0.002 -19"><span class='ocrx_word' id='word_1_352' title='bbox 1915 1071 2022 1111; x_wconf 91' lang='lat' dir='ltr'><strong>non</strong></span> <span class='ocrx_word' id='word_1_353' title='bbox 2060 1058 2215 1111; x_wconf 93' lang='lat' dir='ltr'><strong>multi</strong></span> <span class='ocrx_word' id='word_1_354' title='bbox 2248 1059 2342 1129; x_wconf 91' lang='lat' dir='ltr'><strong>qui</strong></span> <span class='ocrx_word' id='word_1_355' title='bbox 2380 1060 2516 1113; x_wconf 90' lang='lat' dir='ltr'><strong>inter</strong></span> <span class='ocrx_word' id='word_1_356' title='bbox 2541 1061 2851 1117; x_wconf 87' lang='lat' dir='ltr'><strong>Catholicos</strong></span> <span class='ocrx_word' id='word_1_357' title='bbox 2887 1060 3024 1112; x_wconf 72' lang='lat' dir='ltr'><strong>nzale</strong></span> <span class='ocrx_word' id='word_1_358' title='bbox 3055 1060 3266 1114; x_wconf 90' lang='lat' dir='ltr'><strong>vivunt.</strong></span> 
     </span>
    </p>
   </div>
   <div class='ocr_carea' id='block_1_54' title="bbox 1986 1147 3474 1221">
    <p class='ocr_par' dir='ltr' id='par_1_54' title="bbox 1986 1147 3474 1221">
     <span class='ocr_line' id='line_1_54' title="bbox 1986 1147 3474 1221; baseline 0.001 -20"><span class='ocrx_word' id='word_1_359' title='bbox 1986 1147 2120 1201; x_wconf 84' lang='lat' dir='ltr'><strong>Cum</strong></span> <span class='ocrx_word' id='word_1_360' title='bbox 2150 1150 2212 1202; x_wconf 89' lang='lat' dir='ltr'><strong>de</strong></span> <span class='ocrx_word' id='word_1_361' title='bbox 2256 1151 2521 1219; x_wconf 74' lang='lat' dir='ltr'><strong>mysteriis</strong></span> <span class='ocrx_word' id='word_1_362' title='bbox 2554 1152 2751 1221; x_wconf 86' lang='lat' dir='ltr'><strong>agitur,</strong></span> <span class='ocrx_word' id='word_1_363' title='bbox 2786 1151 3046 1203; x_wconf 75' lang='lat' dir='ltr'><strong>curiosius</strong></span> <span class='ocrx_word' id='word_1_364' title='bbox 3075 1167 3176 1203; x_wconf 88' lang='lat' dir='ltr'><strong>non</strong></span> <span class='ocrx_word' id='word_1_365' title='bbox 3210 1151 3474 1219; x_wconf 85' lang='lat' dir='ltr'><strong>inquiren-</strong></span> 
     </span>
    </p>
   </div>
   <div class='ocr_carea' id='block_1_55' title="bbox 1911 1224 3478 1309">
    <p class='ocr_par' dir='ltr' id='par_1_55' title="bbox 1911 1224 3478 1309">
     <span class='ocr_line' id='line_1_55' title="bbox 1911 1224 3478 1309; baseline 0.001 -18"><span class='ocrx_word' id='word_1_366' title='bbox 1911 1238 2285 1294; x_wconf 73' lang='lat' dir='ltr'><strong>dum—Nec</strong></span> <span class='ocrx_word' id='word_1_367' title='bbox 2311 1241 2539 1294; x_wconf 89' lang='lat' dir='ltr'><strong>minoris</strong></span> <span class='ocrx_word' id='word_1_368' title='bbox 2583 1247 2666 1295; x_wconf 90' lang='lat' dir='ltr'><strong>est</strong></span> <span class='ocrx_word' id='word_1_369' title='bbox 2713 1242 2958 1294; x_wconf 81' lang='lat' dir='ltr'><strong>utilitatis</strong></span> <span class='ocrx_word' id='word_1_370' title='bbox 3018 1224 3071 1294; x_wconf 81' lang='lat' dir='ltr'><strong>id</strong></span> <span class='ocrx_word' id='word_1_371' title='bbox 3135 1241 3281 1309; x_wconf 88' lang='lat' dir='ltr'><strong>quod</strong></span> <span class='ocrx_word' id='word_1_372' title='bbox 3323 1241 3478 1294; x_wconf 90' lang='lat' dir='ltr'><strong>docet</strong></span> 
     </span>
    </p>
   </div>
   <div class='ocr_carea' id='block_1_56' title="bbox 1912 1329 3474 1401">
    <p class='ocr_par' dir='ltr' id='par_1_56' title="bbox 1912 1329 3474 1401">
     <span class='ocr_line' id='line_1_56' title="bbox 1912 1329 3474 1401; baseline 0.001 -19"><span class='ocrx_word' id='word_1_373' title='bbox 1912 1329 2017 1383; x_wconf 91' lang='lat' dir='ltr'><strong>alio</strong></span> <span class='ocrx_word' id='word_1_374' title='bbox 2045 1329 2165 1383; x_wconf 88' lang='lat' dir='ltr'><strong>loco</strong></span> <span class='ocrx_word' id='word_1_375' title='bbox 2187 1330 2326 1383; x_wconf 86' lang='lat' dir='ltr'><strong>idem</strong></span> <span class='ocrx_word' id='word_1_376' title='bbox 2354 1329 2413 1383; x_wconf 93' lang='lat' dir='ltr'><strong>S.</strong></span> <span class='ocrx_word' id='word_1_377' title='bbox 2449 1329 2772 1400; x_wconf 87' lang='lat' dir='ltr'><strong>Hippolytus</strong></span> <span class='ocrx_word' id='word_1_378' title='bbox 2804 1330 2914 1401; x_wconf 70' lang='lat'><strong>(&#39;34)</strong></span> <span class='ocrx_word' id='word_1_379' title='bbox 2950 1348 2962 1383; x_wconf 93' lang='lat'><strong>:</strong></span> <span class='ocrx_word' id='word_1_380' title='bbox 3002 1330 3227 1396; x_wconf 89' lang='lat' dir='ltr'><strong>scilicet,</strong></span> <span class='ocrx_word' id='word_1_381' title='bbox 3255 1346 3375 1384; x_wconf 90' lang='lat' dir='ltr'><strong>cum</strong></span> <span class='ocrx_word' id='word_1_382' title='bbox 3408 1330 3474 1383; x_wconf 87' lang='lat' dir='ltr'><strong>de</strong></span> 
     </span>
    </p>
   </div>
   <div class='ocr_carea' id='block_1_57' title="bbox 1909 1404 3474 1489">
    <p class='ocr_par' dir='ltr' id='par_1_57' title="bbox 1909 1404 3474 1489">
     <span class='ocr_line' id='line_1_57' title="bbox 1909 1404 3474 1489; baseline 0.001 -18"><span class='ocrx_word' id='word_1_383' title='bbox 1909 1420 2182 1489; x_wconf 86' lang='lat' dir='ltr'><strong>mysteriis</strong></span> <span class='ocrx_word' id='word_1_384' title='bbox 2203 1420 2403 1489; x_wconf 90' lang='lat' dir='ltr'><strong>agitur,</strong></span> <span class='ocrx_word' id='word_1_385' title='bbox 2424 1421 2694 1475; x_wconf 89' lang='lat' dir='ltr'><strong>curiosius</strong></span> <span class='ocrx_word' id='word_1_386' title='bbox 2715 1404 2821 1475; x_wconf 83' lang='lat' dir='ltr'><strong>neu</strong></span> <span class='ocrx_word' id='word_1_387' title='bbox 2854 1420 3258 1489; x_wconf 88' lang='lat' dir='ltr'><strong>inquirendum.</strong></span> <span class='ocrx_word' id='word_1_388' title='bbox 3276 1410 3474 1473; x_wconf 80' lang='lat' dir='ltr'><strong>Exem-</strong></span> 
     </span>
    </p>
   </div>
   <div class='ocr_carea' id='block_1_58' title="bbox 1908 1506 3474 1580">
    <p class='ocr_par' dir='ltr' id='par_1_58' title="bbox 1908 1506 3474 1580">
     <span class='ocr_line' id='line_1_58' title="bbox 1908 1506 3474 1580; baseline 0.003 -22"><span class='ocrx_word' id='word_1_389' title='bbox 1908 1506 2058 1575; x_wconf 89' lang='lat' dir='ltr'><strong>plum</strong></span> <span class='ocrx_word' id='word_1_390' title='bbox 2085 1506 2427 1575; x_wconf 85' lang='lat' dir='ltr'><strong>proferamus</strong></span> <span class='ocrx_word' id='word_1_391' title='bbox 2457 1509 2525 1562; x_wconf 90' lang='lat' dir='ltr'><strong>ab</strong></span> <span class='ocrx_word' id='word_1_392' title='bbox 2548 1510 2736 1563; x_wconf 90' lang='lat' dir='ltr'><strong>eodem</strong></span> <span class='ocrx_word' id='word_1_393' title='bbox 2767 1520 3103 1580; x_wconf 78' lang='lat' dir='ltr'><strong>excerptum,</strong></span> <span class='ocrx_word' id='word_1_394' title='bbox 3126 1511 3272 1580; x_wconf 90' lang='lat' dir='ltr'><strong>quod</strong></span> <span class='ocrx_word' id='word_1_395' title='bbox 3298 1519 3382 1563; x_wconf 91' lang='lat' dir='ltr'><strong>est</strong></span> <span class='ocrx_word' id='word_1_396' title='bbox 3406 1511 3474 1563; x_wconf 91' lang='lat' dir='ltr'><strong>de</strong></span> 
     </span>
    </p>
   </div>
   <div class='ocr_carea' id='block_1_59' title="bbox 1910 1597 3552 1672">
    <p class='ocr_par' dir='ltr' id='par_1_59' title="bbox 1910 1597 3552 1672">
     <span class='ocr_line' id='line_1_59' title="bbox 1910 1597 3552 1672; baseline 0.004 -23"><span class='ocrx_word' id='word_1_397' title='bbox 1910 1597 2253 1665; x_wconf 75' lang='lat' dir='ltr'><strong>generatione</strong></span> <span class='ocrx_word' id='word_1_398' title='bbox 2291 1598 2451 1652; x_wconf 82' lang='lat' dir='ltr'><strong>Verbi</strong></span> <span class='ocrx_word' id='word_1_399' title='bbox 2491 1616 2505 1653; x_wconf 91' lang='lat'><strong>:</strong></span> <span class='ocrx_word' id='word_1_400' title='bbox 2543 1598 2678 1653; x_wconf 73' lang='lat' dir='ltr'><strong>«Sed</strong></span> <span class='ocrx_word' id='word_1_401' title='bbox 2712 1599 2851 1654; x_wconf 90' lang='lat' dir='ltr'><strong>dicet</strong></span> <span class='ocrx_word' id='word_1_402' title='bbox 2879 1601 3007 1653; x_wconf 90' lang='lat' dir='ltr'><strong>mihi</strong></span> <span class='ocrx_word' id='word_1_403' title='bbox 3044 1602 3242 1671; x_wconf 89' lang='lat' dir='ltr'><strong>aliquis</strong></span> <span class='ocrx_word' id='word_1_404' title='bbox 3274 1602 3474 1672; x_wconf 86' lang='lat' dir='ltr'><strong>(verba</strong></span> <span class='ocrx_word' id='word_1_405' title='bbox 3543 1660 3552 1664; x_wconf 95' lang='lat'><em>_</em></span> 
     </span>
    </p>
   </div>
   <div class='ocr_carea' id='block_1_60' title="bbox 1910 1680 3471 1761">
    <p class='ocr_par' dir='ltr' id='par_1_60' title="bbox 1910 1680 3471 1761">
     <span class='ocr_line' id='line_1_60' title="bbox 1910 1680 3471 1761; baseline 0.003 -21"><span class='ocrx_word' id='word_1_406' title='bbox 1910 1696 2037 1741; x_wconf 90' lang='lat' dir='ltr'><strong>sunt</strong></span> <span class='ocrx_word' id='word_1_407' title='bbox 2085 1687 2143 1742; x_wconf 91' lang='lat' dir='ltr'><strong>S.</strong></span> <span class='ocrx_word' id='word_1_408' title='bbox 2201 1680 2554 1760; x_wconf 81' lang='lat' dir='ltr'><strong>Hippolyti):</strong></span> <span class='ocrx_word' id='word_1_409' title='bbox 2606 1689 2892 1755; x_wconf 83' lang='lat' dir='ltr'><strong>Quomodo</strong></span> <span class='ocrx_word' id='word_1_410' title='bbox 2956 1688 3192 1744; x_wconf 84' lang='lat' dir='ltr'><strong>Verbum</strong></span> <span class='ocrx_word' id='word_1_411' title='bbox 3232 1692 3471 1761; x_wconf 83' lang='lat' dir='ltr'><strong>genitum</strong></span> 
     </span>
    </p>
   </div>
   <div class='ocr_carea' id='block_1_61' title="bbox 1909 1778 3474 1852">
    <p class='ocr_par' dir='ltr' id='par_1_61' title="bbox 1909 1778 3474 1852">
     <span class='ocr_line' id='line_1_61' title="bbox 1909 1778 3474 1852; baseline 0.004 -21"><span class='ocrx_word' id='word_1_412' title='bbox 1909 1778 2025 1833; x_wconf 82' lang='lat' dir='ltr'><strong>est?</strong></span> <span class='ocrx_word' id='word_1_413' title='bbox 2058 1778 2481 1849; x_wconf 72' lang='lat' dir='ltr'><strong>Explicationem</strong></span> <span class='ocrx_word' id='word_1_414' title='bbox 2531 1781 2694 1850; x_wconf 89' lang='lat' dir='ltr'><strong>hujus</strong></span> <span class='ocrx_word' id='word_1_415' title='bbox 2745 1780 2983 1851; x_wconf 89' lang='lat' dir='ltr'><strong>mysterii</strong></span> <span class='ocrx_word' id='word_1_416' title='bbox 3019 1784 3292 1851; x_wconf 91' lang='lat' dir='ltr'><strong>quomodo</strong></span> <span class='ocrx_word' id='word_1_417' title='bbox 3336 1783 3474 1852; x_wconf 87' lang='lat' dir='ltr'><strong>petis</strong></span> 
     </span>
    </p>
   </div>
   <div class='ocr_carea' id='block_1_62' title="bbox 1911 1867 3476 1943">
    <p class='ocr_par' dir='ltr' id='par_1_62' title="bbox 1911 1867 3476 1943">
     <span class='ocr_line' id='line_1_62' title="bbox 1911 1867 3476 1943; baseline 0.003 -20"><span class='ocrx_word' id='word_1_418' title='bbox 1911 1879 1992 1936; x_wconf 91' lang='lat' dir='ltr'><strong>tu,</strong></span> <span class='ocrx_word' id='word_1_419' title='bbox 2012 1871 2104 1939; x_wconf 89' lang='lat' dir='ltr'><strong>qui</strong></span> <span class='ocrx_word' id='word_1_420' title='bbox 2142 1870 2361 1924; x_wconf 91' lang='lat' dir='ltr'><strong>modum</strong></span> <span class='ocrx_word' id='word_1_421' title='bbox 2380 1871 2743 1938; x_wconf 88' lang='lat' dir='ltr'><strong>generationis</strong></span> <span class='ocrx_word' id='word_1_422' title='bbox 2769 1871 3020 1925; x_wconf 51' lang='lat' dir='ltr'><strong>humanae.</strong></span> <span class='ocrx_word' id='word_1_423' title='bbox 3043 1888 3150 1927; x_wconf 92' lang='lat' dir='ltr'><strong>non</strong></span> <span class='ocrx_word' id='word_1_424' title='bbox 3181 1867 3332 1943; x_wconf 78' lang='lat' dir='ltr'><strong>putes</strong></span> <span class='ocrx_word' id='word_1_425' title='bbox 3348 1888 3476 1941; x_wconf 89' lang='lat' dir='ltr'><strong>per-</strong></span> 
     </span>
    </p>
   </div>
   <div class='ocr_carea' id='block_1_63' title="bbox 1910 1943 3477 2033">
    <p class='ocr_par' dir='ltr' id='par_1_63' title="bbox 1910 1943 3477 2033">
     <span class='ocr_line' id='line_1_63' title="bbox 1910 1943 3477 2033; baseline 0.003 -18"><span class='ocrx_word' id='word_1_426' title='bbox 1910 1960 2051 2017; x_wconf 87' lang='lat' dir='ltr'><strong>fecte</strong></span> <span class='ocrx_word' id='word_1_427' title='bbox 2080 1961 2309 2016; x_wconf 80' lang='lat' dir='ltr'><strong>eﬁ‘erre?</strong></span> <span class='ocrx_word' id='word_1_428' title='bbox 2349 1943 2467 2017; x_wconf 79' lang='lat' dir='ltr'><strong>Non</strong></span> <span class='ocrx_word' id='word_1_429' title='bbox 2506 1963 2637 2017; x_wconf 82' lang='lat' dir='ltr'><strong>satis</strong></span> <span class='ocrx_word' id='word_1_430' title='bbox 2669 1972 2753 2016; x_wconf 85' lang='lat' dir='ltr'><strong>est</strong></span> <span class='ocrx_word' id='word_1_431' title='bbox 2792 1964 2887 2017; x_wconf 91' lang='lat' dir='ltr'><strong>tibi</strong></span> <span class='ocrx_word' id='word_1_432' title='bbox 2936 1964 3076 2019; x_wconf 92' lang='lat' dir='ltr'><strong>scire</strong></span> <span class='ocrx_word' id='word_1_433' title='bbox 3148 1966 3293 2033; x_wconf 91' lang='lat' dir='ltr'><strong>quod</strong></span> <span class='ocrx_word' id='word_1_434' title='bbox 3333 1964 3477 2020; x_wconf 89' lang='lat' dir='ltr'><strong>Deus</strong></span> 
     </span>
    </p>
   </div>
   <div class='ocr_carea' id='block_1_64' title="bbox 1909 2053 3476 2128">
    <p class='ocr_par' dir='ltr' id='par_1_64' title="bbox 1909 2053 3476 2128">
     <span class='ocr_line' id='line_1_64' title="bbox 1909 2053 3476 2128; baseline 0.002 -21"><span class='ocrx_word' id='word_1_435' title='bbox 1909 2053 2171 2128; x_wconf 80' lang='lat' dir='ltr'><strong>mundum</strong></span> <span class='ocrx_word' id='word_1_436' title='bbox 2205 2053 2465 2117; x_wconf 89' lang='lat' dir='ltr'><strong>condidit,</strong></span> <span class='ocrx_word' id='word_1_437' title='bbox 2496 2054 2601 2109; x_wconf 90' lang='lat' dir='ltr'><strong>nisi</strong></span> <span class='ocrx_word' id='word_1_438' title='bbox 2636 2054 2837 2109; x_wconf 89' lang='lat' dir='ltr'><strong>audeas</strong></span> <span class='ocrx_word' id='word_1_439' title='bbox 2878 2056 3153 2123; x_wconf 70' lang='lat' dir='ltr'><strong>inquirere</strong></span> <span class='ocrx_word' id='word_1_440' title='bbox 3201 2057 3476 2124; x_wconf 87' lang='lat' dir='ltr'><strong>quomodo</strong></span> 
     </span>
    </p>
   </div>
   <div class='ocr_carea' id='block_1_65' title="bbox 1909 2141 3477 2214">
    <p class='ocr_par' dir='ltr' id='par_1_65' title="bbox 1909 2141 3477 2214">
     <span class='ocr_line' id='line_1_65' title="bbox 1909 2141 3477 2214; baseline 0 -17"><span class='ocrx_word' id='word_1_441' title='bbox 1909 2142 2185 2197; x_wconf 84' lang='lat' dir='ltr'><strong>condidit?</strong></span> <span class='ocrx_word' id='word_1_442' title='bbox 2239 2141 2355 2195; x_wconf 87' lang='lat' dir='ltr'><strong>Non</strong></span> <span class='ocrx_word' id='word_1_443' title='bbox 2410 2144 2606 2198; x_wconf 81' lang='lat' dir='ltr'><strong>sufﬁcit</strong></span> <span class='ocrx_word' id='word_1_444' title='bbox 2651 2145 2748 2198; x_wconf 91' lang='lat' dir='ltr'><strong>tibi</strong></span> <span class='ocrx_word' id='word_1_445' title='bbox 2789 2159 3136 2213; x_wconf 87' lang='lat' dir='ltr'><strong>cognoscere,</strong></span> <span class='ocrx_word' id='word_1_446' title='bbox 3182 2146 3329 2214; x_wconf 88' lang='lat' dir='ltr'><strong>quod</strong></span> <span class='ocrx_word' id='word_1_447' title='bbox 3379 2145 3477 2199; x_wconf 81' lang='lat' dir='ltr'><strong>Fi-</strong></span> 
     </span>
    </p>
   </div>
   <div class='ocr_carea' id='block_1_66' title="bbox 1910 2232 3475 2302">
    <p class='ocr_par' dir='ltr' id='par_1_66' title="bbox 1910 2232 3475 2302">
     <span class='ocr_line' id='line_1_66' title="bbox 1910 2232 3475 2302; baseline -0.002 -14"><span class='ocrx_word' id='word_1_448' title='bbox 1910 2235 2015 2289; x_wconf 89' lang='lat' dir='ltr'><strong>lius</strong></span> <span class='ocrx_word' id='word_1_449' title='bbox 2072 2233 2168 2287; x_wconf 90' lang='lat' dir='ltr'><strong>Dei</strong></span> <span class='ocrx_word' id='word_1_450' title='bbox 2215 2234 2309 2287; x_wconf 91' lang='lat' dir='ltr'><strong>tibi</strong></span> <span class='ocrx_word' id='word_1_451' title='bbox 2358 2234 2609 2302; x_wconf 91' lang='lat' dir='ltr'><strong>apparuit</strong></span> <span class='ocrx_word' id='word_1_452' title='bbox 2656 2234 2723 2287; x_wconf 91' lang='lat' dir='ltr'><strong>ad</strong></span> <span class='ocrx_word' id='word_1_453' title='bbox 2770 2234 3040 2297; x_wconf 77' lang='lat' dir='ltr'><strong>salutem,</strong></span> <span class='ocrx_word' id='word_1_454' title='bbox 3096 2233 3143 2287; x_wconf 93' lang='lat' dir='ltr'><strong>si</strong></span> <span class='ocrx_word' id='word_1_455' title='bbox 3195 2240 3373 2287; x_wconf 90' lang='lat' dir='ltr'><strong>tamen</strong></span> <span class='ocrx_word' id='word_1_456' title='bbox 3418 2232 3475 2286; x_wconf 93' lang='lat' dir='ltr'><strong>id</strong></span> 
     </span>
    </p>
   </div>
   <div class='ocr_carea' id='block_1_67' title="bbox 1911 2323 3471 2394">
    <p class='ocr_par' dir='ltr' id='par_1_67' title="bbox 1911 2323 3471 2394">
     <span class='ocr_line' id='line_1_67' title="bbox 1911 2323 3471 2394; baseline -0.002 -14"><span class='ocrx_word' id='word_1_457' title='bbox 1911 2325 2085 2380; x_wconf 85' lang='lat' dir='ltr'><strong>credis</strong></span> <span class='ocrx_word' id='word_1_458' title='bbox 2110 2342 2123 2391; x_wconf 91' lang='lat'><strong>;</strong></span> <span class='ocrx_word' id='word_1_459' title='bbox 2158 2326 2248 2379; x_wconf 89' lang='lat' dir='ltr'><strong>sed</strong></span> <span class='ocrx_word' id='word_1_460' title='bbox 2273 2324 2491 2393; x_wconf 87' lang='lat' dir='ltr'><strong>insuper</strong></span> <span class='ocrx_word' id='word_1_461' title='bbox 2515 2324 2788 2393; x_wconf 87' lang='lat' dir='ltr'><strong>quomodo</strong></span> <span class='ocrx_word' id='word_1_462' title='bbox 2819 2324 3034 2394; x_wconf 90' lang='lat' dir='ltr'><strong>genitus</strong></span> <span class='ocrx_word' id='word_1_463' title='bbox 3061 2331 3145 2377; x_wconf 90' lang='lat' dir='ltr'><strong>est</strong></span> <span class='ocrx_word' id='word_1_464' title='bbox 3170 2323 3471 2377; x_wconf 87' lang='lat' dir='ltr'><strong>secundum</strong></span> 
     </span>
    </p>
   </div>
   <div class='ocr_carea' id='block_1_68' title="bbox 1909 2412 3474 2485">
    <p class='ocr_par' dir='ltr' id='par_1_68' title="bbox 1909 2412 3474 2485">
     <span class='ocr_line' id='line_1_68' title="bbox 1909 2412 3474 2485; baseline -0.003 -14"><span class='ocrx_word' id='word_1_465' title='bbox 1909 2416 2158 2485; x_wconf 74' lang='lat' dir='ltr'><strong>Spiritum</strong></span> <span class='ocrx_word' id='word_1_466' title='bbox 2182 2415 2397 2469; x_wconf 85' lang='lat' dir='ltr'><strong>curiose</strong></span> <span class='ocrx_word' id='word_1_467' title='bbox 2419 2414 2680 2484; x_wconf 88' lang='lat' dir='ltr'><strong>indagas?</strong></span> <span class='ocrx_word' id='word_1_468' title='bbox 2711 2414 2878 2485; x_wconf 85' lang='lat' dir='ltr'><strong>Atqui</strong></span> <span class='ocrx_word' id='word_1_469' title='bbox 2919 2412 3323 2484; x_wconf 83' lang='lat' dir='ltr'><strong>generationem</strong></span> <span class='ocrx_word' id='word_1_470' title='bbox 3354 2413 3474 2483; x_wconf 84' lang='lat' dir='ltr'><strong>ejus</strong></span> 
     </span>
    </p>
   </div>
   <div class='ocr_carea' id='block_1_69' title="bbox 1908 2504 3473 2574">
    <p class='ocr_par' dir='ltr' id='par_1_69' title="bbox 1908 2504 3473 2574">
     <span class='ocr_line' id='line_1_69' title="bbox 1908 2504 3473 2574; baseline -0.003 -14"><span class='ocrx_word' id='word_1_471' title='bbox 1908 2506 2205 2560; x_wconf 90' lang='lat' dir='ltr'><strong>secundum</strong></span> <span class='ocrx_word' id='word_1_472' title='bbox 2258 2520 2475 2559; x_wconf 89' lang='lat' dir='ltr'><strong>carnem</strong></span> <span class='ocrx_word' id='word_1_473' title='bbox 2522 2519 2779 2559; x_wconf 89' lang='lat' dir='ltr'><strong>enarrare</strong></span> <span class='ocrx_word' id='word_1_474' title='bbox 2838 2504 3233 2574; x_wconf 82' lang='lat' dir='ltr'><strong>nonpluribus</strong></span> <span class='ocrx_word' id='word_1_475' title='bbox 3309 2518 3473 2573; x_wconf 90' lang='lat' dir='ltr'><strong>quam</strong></span> 
     </span>
    </p>
   </div>
   <div class='ocr_carea' id='block_1_70' title="bbox 1908 2594 3471 2668">
    <p class='ocr_par' dir='ltr' id='par_1_70' title="bbox 1908 2594 3471 2668">
     <span class='ocr_line' id='line_1_70' title="bbox 1908 2594 3471 2668; baseline -0.004 -15"><span class='ocrx_word' id='word_1_476' title='bbox 1908 2598 2123 2653; x_wconf 90' lang='lat' dir='ltr'><strong>duobus</strong></span> <span class='ocrx_word' id='word_1_477' title='bbox 2150 2596 2432 2668; x_wconf 61' lang='lat' dir='ltr'><strong>(Matthaao</strong></span> <span class='ocrx_word' id='word_1_478' title='bbox 2470 2604 2521 2649; x_wconf 92' lang='lat' dir='ltr'><strong>et</strong></span> <span class='ocrx_word' id='word_1_479' title='bbox 2554 2594 2751 2665; x_wconf 74' lang='lat' dir='ltr'><strong>Lucze)</strong></span> <span class='ocrx_word' id='word_1_480' title='bbox 2787 2594 3153 2649; x_wconf 83' lang='lat' dir='ltr'><strong>concreditum</strong></span> <span class='ocrx_word' id='word_1_481' title='bbox 3183 2603 3294 2648; x_wconf 89' lang='lat' dir='ltr'><strong>est:</strong></span> <span class='ocrx_word' id='word_1_482' title='bbox 3328 2602 3382 2647; x_wconf 90' lang='lat' dir='ltr'><strong>et</strong></span> <span class='ocrx_word' id='word_1_483' title='bbox 3411 2603 3471 2647; x_wconf 91' lang='lat' dir='ltr'><strong>tu</strong></span> 
     </span>
    </p>
   </div>
   <div class='ocr_carea' id='block_1_71' title="bbox 1910 2683 3476 2755">
    <p class='ocr_par' dir='ltr' id='par_1_71' title="bbox 1910 2683 3476 2755">
     <span class='ocr_line' id='line_1_71' title="bbox 1910 2683 3476 2755; baseline -0.003 -12"><span class='ocrx_word' id='word_1_484' title='bbox 1910 2687 2076 2743; x_wconf 85' lang='lat' dir='ltr'><strong>audes</strong></span> <span class='ocrx_word' id='word_1_485' title='bbox 2116 2685 2516 2755; x_wconf 82' lang='lat' dir='ltr'><strong>generationem</strong></span> <span class='ocrx_word' id='word_1_486' title='bbox 2561 2686 2858 2741; x_wconf 89' lang='lat' dir='ltr'><strong>secundum</strong></span> <span class='ocrx_word' id='word_1_487' title='bbox 2913 2684 3164 2752; x_wconf 90' lang='lat' dir='ltr'><strong>spiritum</strong></span> <span class='ocrx_word' id='word_1_488' title='bbox 3210 2683 3476 2738; x_wconf 71' lang='lat' dir='ltr'><strong>scrutari?</strong></span> 
     </span>
    </p>
   </div>
   <div class='ocr_carea' id='block_1_72' title="bbox 1917 2774 3472 2849">
    <p class='ocr_par' dir='ltr' id='par_1_72' title="bbox 1917 2774 3472 2849">
     <span class='ocr_line' id='line_1_72' title="bbox 1917 2774 3472 2849; baseline -0.003 -17"><span class='ocrx_word' id='word_1_489' title='bbox 1917 2800 1936 2831; x_wconf 82' lang='grc' dir='ltr'>ι</span> <span class='ocrx_word' id='word_1_490' title='bbox 1967 2778 2139 2846; x_wconf 85' lang='lat' dir='ltr'><strong>Quam</strong></span> <span class='ocrx_word' id='word_1_491' title='bbox 2170 2779 2566 2849; x_wconf 86' lang='lat' dir='ltr'><strong>generationem</strong></span> <span class='ocrx_word' id='word_1_492' title='bbox 2605 2776 2743 2845; x_wconf 91' lang='lat' dir='ltr'><strong>apud</strong></span> <span class='ocrx_word' id='word_1_493' title='bbox 2767 2790 2825 2829; x_wconf 91' lang='lat' dir='ltr'><strong>se</strong></span> <span class='ocrx_word' id='word_1_494' title='bbox 2857 2774 3018 2827; x_wconf 90' lang='lat' dir='ltr'><strong>Pater</strong></span> <span class='ocrx_word' id='word_1_495' title='bbox 3053 2783 3273 2839; x_wconf 87' lang='lat' dir='ltr'><strong>servat,</strong></span> <span class='ocrx_word' id='word_1_496' title='bbox 3315 2790 3472 2829; x_wconf 87' lang='lat' dir='ltr'><strong>reve-</strong></span> 
     </span>
    </p>
   </div>
   <div class='ocr_carea' id='block_1_73' title="bbox 1917 2863 3475 2934">
    <p class='ocr_par' dir='ltr' id='par_1_73' title="bbox 1917 2863 3475 2934">
     <span class='ocr_line' id='line_1_73' title="bbox 1917 2863 3475 2934; baseline -0.001 -11"><span class='ocrx_word' id='word_1_497' title='bbox 1917 2890 1936 2922; x_wconf 75' lang='grc' dir='ltr'>σ</span> <span class='ocrx_word' id='word_1_498' title='bbox 1974 2872 2183 2924; x_wconf 88' lang='lat' dir='ltr'><strong>laturus</strong></span> <span class='ocrx_word' id='word_1_499' title='bbox 2222 2880 2349 2924; x_wconf 89' lang='lat' dir='ltr'><strong>tunc</strong></span> <span class='ocrx_word' id='word_1_500' title='bbox 2373 2868 2594 2932; x_wconf 87' lang='lat' dir='ltr'><strong>sanctis,</strong></span> <span class='ocrx_word' id='word_1_501' title='bbox 2645 2865 2738 2934; x_wconf 90' lang='lat' dir='ltr'><strong>qui</strong></span> <span class='ocrx_word' id='word_1_502' title='bbox 2778 2872 2838 2918; x_wconf 90' lang='lat' dir='ltr'><strong>ut</strong></span> <span class='ocrx_word' id='word_1_503' title='bbox 2870 2863 3063 2917; x_wconf 86' lang='lat' dir='ltr'><strong>faciem</strong></span> <span class='ocrx_word' id='word_1_504' title='bbox 3101 2865 3222 2933; x_wconf 87' lang='lat' dir='ltr'><strong>ejus</strong></span> <span class='ocrx_word' id='word_1_505' title='bbox 3258 2865 3475 2921; x_wconf 86' lang='lat' dir='ltr'><strong>videant</strong></span> 
     </span>
    </p>
   </div>
   <div class='ocr_carea' id='block_1_74' title="bbox 1917 2954 3471 3031">
    <p class='ocr_par' dir='ltr' id='par_1_74' title="bbox 1917 2954 3471 3031">
     <span class='ocr_line' id='line_1_74' title="bbox 1917 2954 3471 3031; baseline -0.005 -15"><span class='ocrx_word' id='word_1_506' title='bbox 1917 2982 1935 3015; x_wconf 76' lang='grc' dir='ltr'>σ</span> <span class='ocrx_word' id='word_1_507' title='bbox 1973 2961 2118 3031; x_wconf 85' lang='lat' dir='ltr'><strong>digni</strong></span> <span class='ocrx_word' id='word_1_508' title='bbox 2144 2968 2322 3015; x_wconf 91' lang='lat' dir='ltr'><strong>erunt.</strong></span> <span class='ocrx_word' id='word_1_509' title='bbox 2355 2978 2372 3010; x_wconf 76' lang='grc' dir='ltr'><strong>ι</strong></span> <span class='ocrx_word' id='word_1_510' title='bbox 2411 2956 2553 3010; x_wconf 89' lang='lat' dir='ltr'><strong>Satis</strong></span> <span class='ocrx_word' id='word_1_511' title='bbox 2582 2956 2737 3019; x_wconf 87' lang='lat' dir='ltr'><strong>habe,</strong></span> <span class='ocrx_word' id='word_1_512' title='bbox 2773 2954 2916 3023; x_wconf 91' lang='lat' dir='ltr'><strong>quod</strong></span> <span class='ocrx_word' id='word_1_513' title='bbox 2951 2970 2981 3007; x_wconf 90' lang='lat' dir='ltr'><strong>a</strong></span> <span class='ocrx_word' id='word_1_514' title='bbox 3020 2954 3237 3008; x_wconf 87' lang='lat' dir='ltr'><strong>Christo</strong></span> <span class='ocrx_word' id='word_1_515' title='bbox 3267 2955 3471 3009; x_wconf 90' lang='lat' dir='ltr'><strong>dictum</strong></span> 
     </span>
    </p>
   </div>
   <div class='ocr_carea' id='block_1_75' title="bbox 1909 3044 3470 3117">
    <p class='ocr_par' dir='ltr' id='par_1_75' title="bbox 1909 3044 3470 3117">
     <span class='ocr_line' id='line_1_75' title="bbox 1909 3044 3470 3117; baseline -0.006 -10"><span class='ocrx_word' id='word_1_516' title='bbox 1909 3058 1992 3108; x_wconf 86' lang='lat' dir='ltr'><strong>est</strong></span> <span class='ocrx_word' id='word_1_517' title='bbox 2029 3067 2041 3103; x_wconf 92' lang='lat'><strong>:</strong></span> <span class='ocrx_word' id='word_1_518' title='bbox 2077 3050 2229 3115; x_wconf 81' lang='lat' dir='ltr'><strong>Quod</strong></span> <span class='ocrx_word' id='word_1_519' title='bbox 2284 3058 2465 3099; x_wconf 88' lang='lat' dir='ltr'><strong>natum</strong></span> <span class='ocrx_word' id='word_1_520' title='bbox 2495 3057 2571 3099; x_wconf 83' lang='lat' dir='ltr'><strong>est</strong></span> <span class='ocrx_word' id='word_1_521' title='bbox 2611 3060 2673 3098; x_wconf 78' lang='lat' dir='ltr'><strong>ea:</strong></span> <span class='ocrx_word' id='word_1_522' title='bbox 2716 3046 2928 3114; x_wconf 86' lang='lat' dir='ltr'><strong>spiritu,</strong></span> <span class='ocrx_word' id='word_1_523' title='bbox 2990 3044 3206 3113; x_wconf 78' lang='lat' dir='ltr'><strong>spiritus</strong></span> <span class='ocrx_word' id='word_1_524' title='bbox 3257 3054 3333 3097; x_wconf 81' lang='lat' dir='ltr'><strong>est</strong></span> <span class='ocrx_word' id='word_1_525' title='bbox 3374 3044 3470 3117; x_wconf 30' lang='lat' dir='ltr'><strong>“l,</strong></span> 
     </span>
    </p>
   </div>
   <div class='ocr_carea' id='block_1_76' title="bbox 1915 3134 3474 3198">
    <p class='ocr_par' dir='ltr' id='par_1_76' title="bbox 1915 3134 3474 3198">
     <span class='ocr_line' id='line_1_76' title="bbox 1915 3134 3474 3198; baseline -0.006 0"><span class='ocrx_word' id='word_1_526' title='bbox 1915 3184 1929 3198; x_wconf 94' lang='lat'><strong>.</strong></span> <span class='ocrx_word' id='word_1_527' title='bbox 1966 3181 1981 3196; x_wconf 89' lang='lat'><strong>.</strong></span> <span class='ocrx_word' id='word_1_528' title='bbox 2015 3181 2029 3196; x_wconf 94' lang='lat'><strong>.</strong></span> <span class='ocrx_word' id='word_1_529' title='bbox 2070 3181 2082 3193; x_wconf 91' lang='lat'><strong>.</strong></span> <span class='ocrx_word' id='word_1_530' title='bbox 2121 3138 2399 3192; x_wconf 78' lang='lat' dir='ltr'><strong>Sumciant</strong></span> <span class='ocrx_word' id='word_1_531' title='bbox 2435 3138 2549 3191; x_wconf 76' lang='lat' dir='ltr'><strong>luec</strong></span> <span class='ocrx_word' id='word_1_532' title='bbox 2578 3136 2884 3190; x_wconf 83' lang='lat' dir='ltr'><strong>testimonia</strong></span> <span class='ocrx_word' id='word_1_533' title='bbox 2934 3134 3185 3189; x_wconf 88' lang='lat' dir='ltr'><strong>ﬁdelibus</strong></span> <span class='ocrx_word' id='word_1_534' title='bbox 3226 3134 3474 3189; x_wconf 77' lang='lat' dir='ltr'><strong>veritatis</strong></span> 
     </span>
    </p>
   </div>
   <div class='ocr_carea' id='block_1_77' title="bbox 1910 3226 3160 3293">
    <p class='ocr_par' dir='ltr' id='par_1_77' title="bbox 1910 3226 3160 3293">
     <span class='ocr_line' id='line_1_77' title="bbox 1910 3226 3160 3293; baseline -0.006 -9"><span class='ocrx_word' id='word_1_535' title='bbox 1910 3230 2200 3293; x_wconf 89' lang='lat' dir='ltr'><strong>studiosis;</strong></span> <span class='ocrx_word' id='word_1_536' title='bbox 2235 3227 2477 3281; x_wconf 78' lang='lat' dir='ltr'><strong>inﬁdeies</strong></span> <span class='ocrx_word' id='word_1_537' title='bbox 2510 3227 2654 3280; x_wconf 91' lang='lat' dir='ltr'><strong>enim</strong></span> <span class='ocrx_word' id='word_1_538' title='bbox 2684 3226 2815 3278; x_wconf 91' lang='lat' dir='ltr'><strong>nulli</strong></span> <span class='ocrx_word' id='word_1_539' title='bbox 2850 3226 3098 3279; x_wconf 89' lang='lat' dir='ltr'><strong>credunt.</strong></span> <span class='ocrx_word' id='word_1_540' title='bbox 3140 3242 3160 3276; x_wconf 84' lang='grc'>›</span> 
     </span>
    </p>
   </div>
   <div class='ocr_carea' id='block_1_78' title="bbox 1979 3312 3473 3385">
    <p class='ocr_par' dir='ltr' id='par_1_78' title="bbox 1979 3312 3473 3385">
     <span class='ocr_line' id='line_1_78' title="bbox 1979 3312 3473 3385; baseline -0.003 -14"><span class='ocrx_word' id='word_1_541' title='bbox 1979 3317 2238 3385; x_wconf 47' lang='lat' dir='ltr'><strong>Charitas,</strong></span> <span class='ocrx_word' id='word_1_542' title='bbox 2256 3316 2582 3371; x_wconf 82' lang='lat' dir='ltr'><strong>Christiana.</strong></span> <span class='ocrx_word' id='word_1_543' title='bbox 2616 3314 2832 3385; x_wconf 80' lang='lat' dir='ltr'><strong>Figura:</strong></span> <span class='ocrx_word' id='word_1_544' title='bbox 2850 3313 3119 3368; x_wconf 71' lang='lat' dir='ltr'><strong>Ecclesiw.</strong></span> <span class='ocrx_word' id='word_1_545' title='bbox 3133 3342 3203 3353; x_wconf 89' lang='lat'><strong>—-</strong></span> <span class='ocrx_word' id='word_1_546' title='bbox 3219 3312 3473 3368; x_wconf 81' lang='lat' dir='ltr'><strong>Charitas</strong></span> 
     </span>
    </p>
   </div>
   <div class='ocr_carea' id='block_1_79' title="bbox 1909 3404 3476 3474">
    <p class='ocr_par' dir='ltr' id='par_1_79' title="bbox 1909 3404 3476 3474">
     <span class='ocr_line' id='line_1_79' title="bbox 1909 3404 3476 3474; baseline -0.004 -11"><span class='ocrx_word' id='word_1_547' title='bbox 1909 3407 2035 3474; x_wconf 64' lang='lat' dir='ltr'><strong>Iesu</strong></span> <span class='ocrx_word' id='word_1_548' title='bbox 2064 3408 2265 3463; x_wconf 85' lang='lat' dir='ltr'><strong>Christi</strong></span> <span class='ocrx_word' id='word_1_549' title='bbox 2294 3418 2375 3463; x_wconf 90' lang='lat' dir='ltr'><strong>est</strong></span> <span class='ocrx_word' id='word_1_550' title='bbox 2399 3409 2578 3461; x_wconf 92' lang='lat' dir='ltr'><strong>anima</strong></span> <span class='ocrx_word' id='word_1_551' title='bbox 2605 3405 2877 3469; x_wconf 69' lang='lat' dir='ltr'><strong>Ecclesiae,</strong></span> <span class='ocrx_word' id='word_1_552' title='bbox 2909 3414 2962 3457; x_wconf 89' lang='lat' dir='ltr'><strong>et</strong></span> <span class='ocrx_word' id='word_1_553' title='bbox 2991 3413 3073 3458; x_wconf 90' lang='lat' dir='ltr'><strong>est</strong></span> <span class='ocrx_word' id='word_1_554' title='bbox 3096 3404 3259 3458; x_wconf 91' lang='lat' dir='ltr'><strong>veluti</strong></span> <span class='ocrx_word' id='word_1_555' title='bbox 3285 3404 3476 3457; x_wconf 85' lang='lat' dir='ltr'><strong>vincu-</strong></span> 
     </span>
    </p>
   </div>
   <div class='ocr_carea' id='block_1_80' title="bbox 1908 3492 3475 3568">
    <p class='ocr_par' dir='ltr' id='par_1_80' title="bbox 1908 3492 3475 3568">
     <span class='ocr_line' id='line_1_80' title="bbox 1908 3492 3475 3568; baseline -0.004 -16"><span class='ocrx_word' id='word_1_556' title='bbox 1908 3500 2022 3568; x_wconf 84' lang='lat' dir='ltr'><strong>lum</strong></span> <span class='ocrx_word' id='word_1_557' title='bbox 2078 3514 2188 3568; x_wconf 91' lang='lat' dir='ltr'><strong>quo</strong></span> <span class='ocrx_word' id='word_1_558' title='bbox 2246 3498 2429 3552; x_wconf 80' lang='lat' dir='ltr'><strong>fideles</strong></span> <span class='ocrx_word' id='word_1_559' title='bbox 2480 3498 2760 3550; x_wconf 89' lang='lat' dir='ltr'><strong>uniuntur.</strong></span> <span class='ocrx_word' id='word_1_560' title='bbox 2790 3492 2895 3547; x_wconf 91' lang='lat' dir='ltr'><strong>Per</strong></span> <span class='ocrx_word' id='word_1_561' title='bbox 2944 3494 3084 3547; x_wconf 86' lang='lat' dir='ltr'><strong>hanc</strong></span> <span class='ocrx_word' id='word_1_562' title='bbox 3132 3495 3475 3561; x_wconf 84' lang='lat' dir='ltr'><strong>charitatem,</strong></span> 
     </span>
    </p>
   </div>
   <div class='ocr_carea' id='block_1_81' title="bbox 1915 3566 3467 3659">
    <p class='ocr_par' dir='ltr' id='par_1_81' title="bbox 1915 3566 3467 3659">
     <span class='ocr_line' id='line_1_81' title="bbox 1915 3566 3467 3659; baseline -0.008 -13"><span class='ocrx_word' id='word_1_563' title='bbox 1915 3566 2107 3646; x_wconf 24' lang='lat' dir='ltr'><strong>sicuti-</strong></span> <span class='ocrx_word' id='word_1_564' title='bbox 2135 3600 2187 3644; x_wconf 89' lang='lat' dir='ltr'><strong>et</strong></span> <span class='ocrx_word' id='word_1_565' title='bbox 2219 3606 2315 3659; x_wconf 90' lang='lat' dir='ltr'><strong>per</strong></span> <span class='ocrx_word' id='word_1_566' title='bbox 2363 3590 2544 3650; x_wconf 86' lang='lat' dir='ltr'><strong>ﬁdem,</strong></span> <span class='ocrx_word' id='word_1_567' title='bbox 2582 3584 2818 3638; x_wconf 87' lang='lat' dir='ltr'><strong>Ecclesia</strong></span> <span class='ocrx_word' id='word_1_568' title='bbox 2861 3583 3053 3651; x_wconf 91' lang='lat' dir='ltr'><strong>recipit</strong></span> <span class='ocrx_word' id='word_1_569' title='bbox 3102 3584 3467 3651; x_wconf 79' lang='lat' dir='ltr'><strong>Baptismum:</strong></span> 
     </span>
    </p>
   </div>
   <div class='ocr_carea' id='block_1_82' title="bbox 2755 3672 3466 3737">
    <p class='ocr_par' dir='ltr' id='par_1_82' title="bbox 2755 3672 3466 3737">
     <span class='ocr_line' id='line_1_82' title="bbox 2755 3672 3466 3737; baseline -0.004 -8"><span class='ocrx_word' id='word_1_570' title='bbox 2755 3686 2810 3730; x_wconf 89' lang='lat' dir='ltr'><strong>et</strong></span> <span class='ocrx_word' id='word_1_571' title='bbox 2835 3676 3151 3729; x_wconf 89' lang='lat' dir='ltr'><strong>charitatem</strong></span> <span class='ocrx_word' id='word_1_572' title='bbox 3184 3675 3238 3727; x_wconf 92' lang='lat' dir='ltr'><strong>in</strong></span> <span class='ocrx_word' id='word_1_573' title='bbox 3270 3672 3466 3737; x_wconf 87' lang='lat' dir='ltr'><strong>Deum,</strong></span> 
     </span>
    </p>
   </div>
   <div class='ocr_carea' id='block_1_83' title="bbox 2012 3765 3512 3843">
    <p class='ocr_par' dir='ltr' id='par_1_83' title="bbox 2012 3765 3512 3843">
     <span class='ocr_line' id='line_1_83' title="bbox 2012 3765 3512 3843; baseline -0.009 -12"><span class='ocrx_word' id='word_1_574' title='bbox 2012 3817 2027 3831; x_wconf 93' lang='lat'><strong>.</strong></span> <span class='ocrx_word' id='word_1_575' title='bbox 2066 3814 2079 3827; x_wconf 94' lang='lat'><strong>.</strong></span> <span class='ocrx_word' id='word_1_576' title='bbox 2126 3775 2319 3843; x_wconf 88' lang='lat' dir='ltr'><strong>recipit</strong></span> <span class='ocrx_word' id='word_1_577' title='bbox 2356 3774 2631 3825; x_wconf 79' lang='lat' dir='ltr'><strong>lavacrum</strong></span> <span class='ocrx_word' id='word_1_578' title='bbox 2667 3766 3092 3837; x_wconf 89' lang='lat' dir='ltr'><strong>regenerationis</strong></span> <span class='ocrx_word' id='word_1_579' title='bbox 3120 3765 3257 3835; x_wconf 79' lang='lat'><strong>(&#39;55).</strong></span> <span class='ocrx_word' id='word_1_580' title='bbox 3304 3783 3323 3816; x_wconf 73' lang='grc' dir='ltr'><strong><em>ι</em></strong></span> <span class='ocrx_word' id='word_1_581' title='bbox 3363 3765 3471 3830; x_wconf 85' lang='lat' dir='ltr'><strong>Qui</strong></span> <span class='ocrx_word' id='word_1_582' title='bbox 3504 3770 3512 3785; x_wconf 95' lang='lat'><strong>‘</strong></span> 
     </span>
    </p>
   </div>
   <div class='ocr_carea' id='block_1_84' title="bbox 1870 3848 3469 3937">
    <p class='ocr_par' dir='ltr' id='par_1_84' title="bbox 1870 3848 3469 3937">
     <span class='ocr_line' id='line_1_84' title="bbox 1870 3848 3469 3937; baseline -0.009 -16"><span class='ocrx_word' id='word_1_583' title='bbox 1870 3848 2034 3937; x_wconf 34' lang='lat' dir='ltr'><strong>&#39;post</strong></span> <span class='ocrx_word' id='word_1_584' title='bbox 2085 3848 2393 3932; x_wconf 80' lang='lat' dir='ltr'><strong>susceptum</strong></span> <span class='ocrx_word' id='word_1_585' title='bbox 2449 3859 2783 3926; x_wconf 84' lang='lat' dir='ltr'><strong>Baptismum</strong></span> <span class='ocrx_word' id='word_1_586' title='bbox 2839 3855 3311 3921; x_wconf 87' lang='lat' dir='ltr'><strong>transgrediuntur</strong></span> <span class='ocrx_word' id='word_1_587' title='bbox 3372 3853 3469 3907; x_wconf 89' lang='lat' dir='ltr'><strong>Dei</strong></span> 
     </span>
    </p>
   </div>
   <div class='ocr_carea' id='block_1_85' title="bbox 1911 3946 3467 4020">
    <p class='ocr_par' dir='ltr' id='par_1_85' title="bbox 1911 3946 3467 4020">
     <span class='ocr_line' id='line_1_85' title="bbox 1911 3946 3467 4020; baseline -0.01 -8"><span class='ocrx_word' id='word_1_588' title='bbox 1911 3957 2189 4020; x_wconf 87' lang='lat' dir='ltr'><strong>mandata,</strong></span> <span class='ocrx_word' id='word_1_589' title='bbox 2224 3954 2305 4005; x_wconf 88' lang='lat' dir='ltr'><strong>vel</strong></span> <span class='ocrx_word' id='word_1_590' title='bbox 2338 3948 2582 4017; x_wconf 88' lang='lat' dir='ltr'><strong>religioni</strong></span> <span class='ocrx_word' id='word_1_591' title='bbox 2607 3948 2929 4001; x_wconf 62' lang='lat' dir='ltr'><strong>Christiana:</strong></span> <span class='ocrx_word' id='word_1_592' title='bbox 2949 3947 3197 4000; x_wconf 90' lang='lat' dir='ltr'><strong>nuntium</strong></span> <span class='ocrx_word' id='word_1_593' title='bbox 3228 3946 3467 4010; x_wconf 85' lang='lat' dir='ltr'><strong>mittunt,</strong></span> 
     </span>
    </p>
   </div>
   <div class='ocr_carea' id='block_1_86' title="bbox 1910 4034 3519 4115">
    <p class='ocr_par' dir='ltr' id='par_1_86' title="bbox 1910 4034 3519 4115">
     <span class='ocr_line' id='line_1_86' title="bbox 1910 4034 3519 4115; baseline -0.009 -12"><span class='ocrx_word' id='word_1_594' title='bbox 1910 4057 2164 4103; x_wconf 71' lang='lat' dir='ltr'><strong>aeternam</strong></span> <span class='ocrx_word' id='word_1_595' title='bbox 2210 4041 2443 4113; x_wconf 75' lang='lat' dir='ltr'><strong>propriae</strong></span> <span class='ocrx_word' id='word_1_596' title='bbox 2482 4040 2687 4106; x_wconf 65' lang='lat' dir='ltr'><strong>animae</strong></span> <span class='ocrx_word' id='word_1_597' title='bbox 2707 4049 2932 4115; x_wconf 89' lang='lat' dir='ltr'><strong>mortem</strong></span> <span class='ocrx_word' id='word_1_598' title='bbox 2967 4034 3222 4091; x_wconf 92' lang='lat' dir='ltr'><strong>inferunt.</strong></span> <span class='ocrx_word' id='word_1_599' title='bbox 3267 4034 3469 4090; x_wconf 83' lang='lat' dir='ltr'><strong>Pecca-</strong></span> <span class='ocrx_word' id='word_1_600' title='bbox 3516 4046 3519 4049; x_wconf 76' lang='lat'><strong><em>&#39;</em></strong></span> 
     </span>
    </p>
   </div>
   <div class='ocr_carea' id='block_1_87' title="bbox 1911 4127 3466 4200">
    <p class='ocr_par' dir='ltr' id='par_1_87' title="bbox 1911 4127 3466 4200">
     <span class='ocr_line' id='line_1_87' title="bbox 1911 4127 3466 4200; baseline -0.01 -5"><span class='ocrx_word' id='word_1_601' title='bbox 1911 4149 2023 4195; x_wconf 92' lang='lat' dir='ltr'><strong>tum</strong></span> <span class='ocrx_word' id='word_1_602' title='bbox 2057 4151 2201 4191; x_wconf 90' lang='lat' dir='ltr'><strong>mors</strong></span> <span class='ocrx_word' id='word_1_603' title='bbox 2224 4143 2307 4187; x_wconf 90' lang='lat' dir='ltr'><strong>est</strong></span> <span class='ocrx_word' id='word_1_604' title='bbox 2329 4134 2545 4197; x_wconf 63' lang='lat' dir='ltr'><strong>animae,</strong></span> <span class='ocrx_word' id='word_1_605' title='bbox 2578 4133 2754 4200; x_wconf 88' lang='lat' dir='ltr'><strong>inquit</strong></span> <span class='ocrx_word' id='word_1_606' title='bbox 2786 4139 3008 4184; x_wconf 88' lang='lat' dir='ltr'><strong>sanctus</strong></span> <span class='ocrx_word' id='word_1_607' title='bbox 3034 4129 3124 4181; x_wconf 87' lang='lat' dir='ltr'><strong>hic</strong></span> <span class='ocrx_word' id='word_1_608' title='bbox 3146 4127 3305 4183; x_wconf 89' lang='lat' dir='ltr'><strong>Pater</strong></span> <span class='ocrx_word' id='word_1_609' title='bbox 3335 4127 3466 4197; x_wconf 77' lang='lat'><strong>(&#39;56),</strong></span> 
     </span>
    </p>
   </div>
   <div class='ocr_carea' id='block_1_88' title="bbox 1910 4208 3473 4301">
    <p class='ocr_par' dir='ltr' id='par_1_88' title="bbox 1910 4208 3473 4301">
     <span class='ocr_line' id='line_1_88' title="bbox 1910 4208 3473 4301; baseline -0.008 -18"><span class='ocrx_word' id='word_1_610' title='bbox 1910 4227 2207 4301; x_wconf 66' lang='lat' dir='ltr'><strong>praesertim</strong></span> <span class='ocrx_word' id='word_1_611' title='bbox 2248 4234 2426 4277; x_wconf 87' lang='lat' dir='ltr'><strong>autem</strong></span> <span class='ocrx_word' id='word_1_612' title='bbox 2462 4223 2731 4286; x_wconf 69' lang='lat' dir='ltr'><strong>mrechia;</strong></span> <span class='ocrx_word' id='word_1_613' title='bbox 2765 4221 2892 4289; x_wconf 88' lang='lat' dir='ltr'><strong>quia</strong></span> <span class='ocrx_word' id='word_1_614' title='bbox 2932 4208 3075 4273; x_wconf 86' lang='lat' dir='ltr'><strong>enim</strong></span> <span class='ocrx_word' id='word_1_615' title='bbox 3107 4220 3287 4273; x_wconf 89' lang='lat' dir='ltr'><strong>anima</strong></span> <span class='ocrx_word' id='word_1_616' title='bbox 3321 4220 3473 4273; x_wconf 85' lang='lat' dir='ltr'><strong>Chri—</strong></span> 
     </span>
    </p>
   </div>
   <div class='ocr_carea' id='block_1_89' title="bbox 1909 4311 3470 4386">
    <p class='ocr_par' dir='ltr' id='par_1_89' title="bbox 1909 4311 3470 4386">
     <span class='ocr_line' id='line_1_89' title="bbox 1909 4311 3470 4386; baseline -0.007 -13"><span class='ocrx_word' id='word_1_617' title='bbox 1909 4330 1991 4374; x_wconf 88' lang='lat' dir='ltr'><strong>sto</strong></span> <span class='ocrx_word' id='word_1_618' title='bbox 2016 4317 2260 4386; x_wconf 90' lang='lat' dir='ltr'><strong>copulata</strong></span> <span class='ocrx_word' id='word_1_619' title='bbox 2294 4315 2628 4370; x_wconf 75' lang='lat' dir='ltr'><strong>disceSsione</strong></span> <span class='ocrx_word' id='word_1_620' title='bbox 2653 4327 2683 4365; x_wconf 89' lang='lat' dir='ltr'><strong>a</strong></span> <span class='ocrx_word' id='word_1_621' title='bbox 2716 4311 2887 4364; x_wconf 84' lang='lat' dir='ltr'><strong>lidein</strong></span> <span class='ocrx_word' id='word_1_622' title='bbox 2919 4324 3209 4379; x_wconf 83' lang='lat' dir='ltr'><strong>perennem</strong></span> <span class='ocrx_word' id='word_1_623' title='bbox 3239 4311 3470 4365; x_wconf 85' lang='lat' dir='ltr'><strong>traditur</strong></span> 
     </span>
    </p>
   </div>
   <div class='ocr_carea' id='block_1_90' title="bbox 1907 4403 3471 4475">
    <p class='ocr_par' dir='ltr' id='par_1_90' title="bbox 1907 4403 3471 4475">
     <span class='ocr_line' id='line_1_90' title="bbox 1907 4403 3471 4475; baseline -0.006 -11"><span class='ocrx_word' id='word_1_624' title='bbox 1907 4418 2162 4473; x_wconf 88' lang='lat' dir='ltr'><strong>mortem,</strong></span> <span class='ocrx_word' id='word_1_625' title='bbox 2195 4408 2261 4461; x_wconf 92' lang='lat' dir='ltr'><strong>ad</strong></span> <span class='ocrx_word' id='word_1_626' title='bbox 2300 4408 2418 4475; x_wconf 84' lang='lat' dir='ltr'><strong>ejus</strong></span> <span class='ocrx_word' id='word_1_627' title='bbox 2448 4406 2523 4459; x_wconf 91' lang='lat' dir='ltr'><strong>rei</strong></span> <span class='ocrx_word' id='word_1_628' title='bbox 2559 4405 2717 4458; x_wconf 87' lang='lat' dir='ltr'><strong>ﬁdem</strong></span> <span class='ocrx_word' id='word_1_629' title='bbox 2742 4403 2945 4457; x_wconf 89' lang='lat' dir='ltr'><strong>violato</strong></span> <span class='ocrx_word' id='word_1_630' title='bbox 2975 4418 3193 4472; x_wconf 89' lang='lat' dir='ltr'><strong>quoque</strong></span> <span class='ocrx_word' id='word_1_631' title='bbox 3216 4417 3471 4471; x_wconf 90' lang='lat' dir='ltr'><strong>corpora-</strong></span> 
     </span>
    </p>
   </div>
   <div class='ocr_carea' id='block_1_91' title="bbox 1905 4493 3469 4571">
    <p class='ocr_par' dir='ltr' id='par_1_91' title="bbox 1905 4493 3469 4571">
     <span class='ocr_line' id='line_1_91' title="bbox 1905 4493 3469 4571; baseline -0.006 -15"><span class='ocrx_word' id='word_1_632' title='bbox 1905 4503 2036 4556; x_wconf 92' lang='lat' dir='ltr'><strong>lium</strong></span> <span class='ocrx_word' id='word_1_633' title='bbox 2066 4501 2375 4571; x_wconf 88' lang='lat' dir='ltr'><strong>nuptiarum</strong></span> <span class='ocrx_word' id='word_1_634' title='bbox 2424 4497 2626 4552; x_wconf 79' lang='lat' dir='ltr'><strong>fcedere</strong></span> <span class='ocrx_word' id='word_1_635' title='bbox 2660 4496 3041 4565; x_wconf 83' lang='lat' dir='ltr'><strong>perversisque</strong></span> <span class='ocrx_word' id='word_1_636' title='bbox 3082 4493 3336 4548; x_wconf 88' lang='lat' dir='ltr'><strong>thalamis</strong></span> <span class='ocrx_word' id='word_1_637' title='bbox 3384 4494 3469 4547; x_wconf 78' lang='lat' dir='ltr'><strong>lex</strong></span> 
     </span>
    </p>
   </div>
   <div class='ocr_carea' id='block_1_92' title="bbox 1907 4583 3469 4663">
    <p class='ocr_par' dir='ltr' id='par_1_92' title="bbox 1907 4583 3469 4663">
     <span class='ocr_line' id='line_1_92' title="bbox 1907 4583 3469 4663; baseline -0.009 -16"><span class='ocrx_word' id='word_1_638' title='bbox 1907 4608 2121 4663; x_wconf 72' lang='lat' dir='ltr'><strong>poenam</strong></span> <span class='ocrx_word' id='word_1_639' title='bbox 2151 4591 2345 4647; x_wconf 90' lang='lat' dir='ltr'><strong>mortis</strong></span> <span class='ocrx_word' id='word_1_640' title='bbox 2378 4587 2594 4642; x_wconf 79' lang='lat' dir='ltr'><strong>indixit.</strong></span> <span class='ocrx_word' id='word_1_641' title='bbox 2630 4588 2687 4638; x_wconf 92' lang='lat' dir='ltr'><strong>ln</strong></span> <span class='ocrx_word' id='word_1_642' title='bbox 2740 4596 2926 4640; x_wconf 89' lang='lat' dir='ltr'><strong>sancto</strong></span> <span class='ocrx_word' id='word_1_643' title='bbox 2959 4583 3247 4655; x_wconf 84' lang='lat' dir='ltr'><strong>Hippolyto</strong></span> <span class='ocrx_word' id='word_1_644' title='bbox 3305 4583 3469 4636; x_wconf 72' lang='lat' dir='ltr'><strong>variae</strong></span> 
     </span>
    </p>
   </div>
   <div class='ocr_carea' id='block_1_93' title="bbox 1907 4671 3468 4758">
    <p class='ocr_par' dir='ltr' id='par_1_93' title="bbox 1907 4671 3468 4758">
     <span class='ocr_line' id='line_1_93' title="bbox 1907 4671 3468 4758; baseline -0.01 -21"><span class='ocrx_word' id='word_1_645' title='bbox 1907 4682 2088 4754; x_wconf 90' lang='lat' dir='ltr'><strong>quoad</strong></span> <span class='ocrx_word' id='word_1_646' title='bbox 2139 4679 2438 4735; x_wconf 88' lang='lat' dir='ltr'><strong>Ecclesiam</strong></span> <span class='ocrx_word' id='word_1_647' title='bbox 2483 4675 2931 4745; x_wconf 88' lang='lat' dir='ltr'><strong>comparationes</strong></span> <span class='ocrx_word' id='word_1_648' title='bbox 2975 4691 3037 4729; x_wconf 90' lang='lat' dir='ltr'><strong>ac</strong></span> <span class='ocrx_word' id='word_1_649' title='bbox 3091 4671 3468 4758; x_wconf 85' lang='lat' dir='ltr'><strong>similitudines</strong></span> 
     </span>
    </p>
   </div>
   <div class='ocr_carea' id='block_1_94' title="bbox 1906 4760 3469 4843">
    <p class='ocr_par' dir='ltr' id='par_1_94' title="bbox 1906 4760 3469 4843">
     <span class='ocr_line' id='line_1_94' title="bbox 1906 4760 3469 4843; baseline -0.012 -12"><span class='ocrx_word' id='word_1_650' title='bbox 1906 4783 2232 4841; x_wconf 86' lang='lat' dir='ltr'><strong>occurrunt;</strong></span> <span class='ocrx_word' id='word_1_651' title='bbox 2280 4775 2333 4827; x_wconf 92' lang='lat' dir='ltr'><strong>in</strong></span> <span class='ocrx_word' id='word_1_652' title='bbox 2364 4770 2555 4843; x_wconf 91' lang='lat' dir='ltr'><strong>primis</strong></span> <span class='ocrx_word' id='word_1_653' title='bbox 2585 4776 2863 4837; x_wconf 88' lang='lat' dir='ltr'><strong>comparat</strong></span> <span class='ocrx_word' id='word_1_654' title='bbox 2897 4782 3015 4820; x_wconf 90' lang='lat' dir='ltr'><strong>eam</strong></span> <span class='ocrx_word' id='word_1_655' title='bbox 3054 4765 3176 4819; x_wconf 80' lang='lat' dir='ltr'><strong>navi</strong></span> <span class='ocrx_word' id='word_1_656' title='bbox 3215 4760 3469 4815; x_wconf 85' lang='lat' dir='ltr'><strong>ﬂuctibus</strong></span> 
     </span>
    </p>
   </div>
   <div class='ocr_carea' id='block_1_95' title="bbox 1906 4855 3466 4942">
    <p class='ocr_par' dir='ltr' id='par_1_95' title="bbox 1906 4855 3466 4942">
     <span class='ocr_line' id='line_1_95' title="bbox 1906 4855 3466 4942; baseline -0.013 -16"><span class='ocrx_word' id='word_1_657' title='bbox 1906 4871 2081 4942; x_wconf 76' lang='lat' dir='ltr'><strong>pelagi</strong></span> <span class='ocrx_word' id='word_1_658' title='bbox 2128 4869 2341 4937; x_wconf 70' lang='lat' dir='ltr'><strong>jactata:</strong></span> <span class='ocrx_word' id='word_1_659' title='bbox 2365 4906 2379 4929; x_wconf 92' lang='lat'><strong>,</strong></span> <span class='ocrx_word' id='word_1_660' title='bbox 2414 4880 2535 4934; x_wconf 70' lang='lat' dir='ltr'><strong>quze</strong></span> <span class='ocrx_word' id='word_1_661' title='bbox 2569 4872 2747 4915; x_wconf 88' lang='lat' dir='ltr'><strong>tamen</strong></span> <span class='ocrx_word' id='word_1_662' title='bbox 2781 4861 3067 4929; x_wconf 86' lang='lat' dir='ltr'><strong>naufragio</strong></span> <span class='ocrx_word' id='word_1_663' title='bbox 3115 4855 3257 4911; x_wconf 86' lang='lat' dir='ltr'><strong>haud</strong></span> <span class='ocrx_word' id='word_1_664' title='bbox 3296 4856 3466 4921; x_wconf 75' lang='lat' dir='ltr'><strong>lperil,</strong></span> 
     </span>
    </p>
   </div>
   <div class='ocr_carea' id='block_1_96' title="bbox 240 4945 3468 5032">
    <p class='ocr_par' dir='ltr' id='par_1_96' title="bbox 240 4945 3468 5032">
     <span class='ocr_line' id='line_1_96' title="bbox 240 4945 3468 5032; baseline -0.002 -23"><span class='ocrx_word' id='word_1_665' title='bbox 240 4954 355 5009; x_wconf 79' lang='lat' dir='ltr'><strong>bus</strong></span> <span class='ocrx_word' id='word_1_666' title='bbox 376 4955 781 5018; x_wconf 84' lang='lat' dir='ltr'><strong>sitconformis,</strong></span> <span class='ocrx_word' id='word_1_667' title='bbox 810 4969 918 5008; x_wconf 92' lang='lat' dir='ltr'><strong>uno</strong></span> <span class='ocrx_word' id='word_1_668' title='bbox 940 4955 1125 5018; x_wconf 90' lang='lat' dir='ltr'><strong>verbo,</strong></span> <span class='ocrx_word' id='word_1_669' title='bbox 1152 4955 1354 5010; x_wconf 91' lang='lat' dir='ltr'><strong>nullam</strong></span> <span class='ocrx_word' id='word_1_670' title='bbox 1378 4957 1673 5028; x_wconf 82' lang='lat' dir='ltr'><strong>Scriptur‘is</strong></span> <span class='ocrx_word' id='word_1_671' title='bbox 1698 4962 1803 5015; x_wconf 91' lang='lat' dir='ltr'><strong>vim</strong></span> <span class='ocrx_word' id='word_1_672' title='bbox 1839 4953 1881 5006; x_wconf 77' lang='grc' dir='ltr'><strong>ι)</strong></span> <span class='ocrx_word' id='word_1_673' title='bbox 1910 4963 2035 5032; x_wconf 88' lang='lat' dir='ltr'><strong>quia</strong></span> <span class='ocrx_word' id='word_1_674' title='bbox 2079 4976 2111 5014; x_wconf 88' lang='lat' dir='ltr'><strong>a</strong></span> <span class='ocrx_word' id='word_1_675' title='bbox 2154 4957 2373 5012; x_wconf 80' lang='lat' dir='ltr'><strong>Christo</strong></span> <span class='ocrx_word' id='word_1_676' title='bbox 2421 4954 2774 5023; x_wconf 88' lang='lat' dir='ltr'><strong>gubernatur.</strong></span> <span class='ocrx_word' id='word_1_677' title='bbox 2820 4949 2898 5003; x_wconf 92' lang='lat' dir='ltr'><strong>En</strong></span> <span class='ocrx_word' id='word_1_678' title='bbox 2950 4951 3246 5019; x_wconf 78' lang='lat' dir='ltr'><strong>elegantem</strong></span> <span class='ocrx_word' id='word_1_679' title='bbox 3302 4945 3468 5015; x_wconf 85' lang='lat' dir='ltr'><strong>hujus</strong></span> 
     </span>
    </p>
   </div>
   <div class='ocr_carea' id='block_1_97' title="bbox 245 5043 1808 5118">
    <p class='ocr_par' dir='ltr' id='par_1_97' title="bbox 245 5043 1808 5118">
     <span class='ocr_line' id='line_1_97' title="bbox 245 5043 1808 5118; baseline 0.004 -17"><span class='ocrx_word' id='word_1_680' title='bbox 245 5043 454 5101; x_wconf 81' lang='lat' dir='ltr'><strong>inferre</strong></span> <span class='ocrx_word' id='word_1_681' title='bbox 474 5047 703 5102; x_wconf 77' lang='lat' dir='ltr'><strong>debent:</strong></span> <span class='ocrx_word' id='word_1_682' title='bbox 735 5064 752 5096; x_wconf 83' lang='grc'><strong>‹</strong></span> <span class='ocrx_word' id='word_1_683' title='bbox 793 5043 910 5099; x_wconf 85' lang='lat' dir='ltr'><strong>Non</strong></span> <span class='ocrx_word' id='word_1_684' title='bbox 942 5048 1239 5101; x_wconf 89' lang='lat' dir='ltr'><strong>secundum</strong></span> <span class='ocrx_word' id='word_1_685' title='bbox 1264 5050 1537 5118; x_wconf 89' lang='lat' dir='ltr'><strong>propriam</strong></span> <span class='ocrx_word' id='word_1_686' title='bbox 1561 5052 1808 5107; x_wconf 87' lang='lat' dir='ltr'><strong>volunta-</strong></span> 
     </span>
    </p>
   </div>
   <div class='ocr_carea' id='block_1_98' title="bbox 246 5139 1805 5213">
    <p class='ocr_par' dir='ltr' id='par_1_98' title="bbox 246 5139 1805 5213">
     <span class='ocr_line' id='line_1_98' title="bbox 246 5139 1805 5213; baseline 0.004 -19"><span class='ocrx_word' id='word_1_687' title='bbox 246 5148 403 5204; x_wconf 84' lang='lat' dir='ltr'><strong>tem,</strong></span> <span class='ocrx_word' id='word_1_688' title='bbox 447 5155 623 5210; x_wconf 91' lang='lat' dir='ltr'><strong>neque</strong></span> <span class='ocrx_word' id='word_1_689' title='bbox 653 5139 945 5194; x_wconf 90' lang='lat' dir='ltr'><strong>secundum</strong></span> <span class='ocrx_word' id='word_1_690' title='bbox 997 5141 1275 5211; x_wconf 90' lang='lat' dir='ltr'><strong>proprium</strong></span> <span class='ocrx_word' id='word_1_691' title='bbox 1330 5158 1571 5204; x_wconf 89' lang='lat' dir='ltr'><strong>sensum.</strong></span> <span class='ocrx_word' id='word_1_692' title='bbox 1631 5161 1805 5213; x_wconf 85' lang='lat' dir='ltr'><strong>neque</strong></span> 
     </span>
    </p>
   </div>
   <div class='ocr_carea' id='block_1_99' title="bbox 244 5232 1805 5304">
    <p class='ocr_par' dir='ltr' id='par_1_99' title="bbox 244 5232 1805 5304">
     <span class='ocr_line' id='line_1_99' title="bbox 244 5232 1805 5304; baseline 0.006 -21"><span class='ocrx_word' id='word_1_693' title='bbox 244 5233 357 5284; x_wconf 81' lang='lat' dir='ltr'><strong>vim</strong></span> <span class='ocrx_word' id='word_1_694' title='bbox 409 5232 700 5288; x_wconf 55' lang='lat' dir='ltr'><strong>inferentes</strong></span> <span class='ocrx_word' id='word_1_695' title='bbox 747 5233 801 5285; x_wconf 88' lang='lat' dir='ltr'><strong>in</strong></span> <span class='ocrx_word' id='word_1_696' title='bbox 840 5246 924 5294; x_wconf 88' lang='lat' dir='ltr'><strong>ea,</strong></span> <span class='ocrx_word' id='word_1_697' title='bbox 963 5249 1083 5302; x_wconf 68' lang='lat' dir='ltr'><strong>qua:</strong></span> <span class='ocrx_word' id='word_1_698' title='bbox 1116 5234 1183 5287; x_wconf 91' lang='lat' dir='ltr'><strong>ab</strong></span> <span class='ocrx_word' id='word_1_699' title='bbox 1227 5250 1295 5288; x_wconf 90' lang='lat' dir='ltr'><strong>eo</strong></span> <span class='ocrx_word' id='word_1_700' title='bbox 1332 5236 1455 5288; x_wconf 89' lang='lat' dir='ltr'><strong>data</strong></span> <span class='ocrx_word' id='word_1_701' title='bbox 1508 5245 1665 5304; x_wconf 91' lang='lat' dir='ltr'><strong>sunt;</strong></span> <span class='ocrx_word' id='word_1_702' title='bbox 1710 5238 1805 5292; x_wconf 92' lang='lat' dir='ltr'><strong>sed</strong></span> 
     </span>
    </p>
   </div>
   <div class='ocr_carea' id='block_1_100' title="bbox 244 5321 1806 5393">
    <p class='ocr_par' dir='ltr' id='par_1_100' title="bbox 244 5321 1806 5393">
     <span class='ocr_line' id='line_1_100' title="bbox 244 5321 1806 5393; baseline 0.006 -20"><span class='ocrx_word' id='word_1_703' title='bbox 244 5321 523 5389; x_wconf 77' lang='lat' dir='ltr'><strong>quomodo</strong></span> <span class='ocrx_word' id='word_1_704' title='bbox 557 5324 673 5393; x_wconf 88' lang='lat' dir='ltr'><strong>ipse</strong></span> <span class='ocrx_word' id='word_1_705' title='bbox 703 5321 891 5391; x_wconf 84' lang='lat' dir='ltr'><strong>(Deus)</strong></span> <span class='ocrx_word' id='word_1_706' title='bbox 913 5338 1010 5392; x_wconf 92' lang='lat' dir='ltr'><strong>per</strong></span> <span class='ocrx_word' id='word_1_707' title='bbox 1035 5333 1250 5378; x_wconf 88' lang='lat' dir='ltr'><strong>sanctas</strong></span> <span class='ocrx_word' id='word_1_708' title='bbox 1277 5324 1586 5393; x_wconf 86' lang='lat' dir='ltr'><strong>Scripturas</strong></span> <span class='ocrx_word' id='word_1_709' title='bbox 1613 5328 1806 5383; x_wconf 86' lang='lat' dir='ltr'><strong>docere</strong></span> 
     </span>
    </p>
   </div>
   <div class='ocr_carea' id='block_1_101' title="bbox 243 5412 1804 5488">
    <p class='ocr_par' dir='ltr' id='par_1_101' title="bbox 243 5412 1804 5488">
     <span class='ocr_line' id='line_1_101' title="bbox 243 5412 1804 5488; baseline 0.004 -21"><span class='ocrx_word' id='word_1_710' title='bbox 243 5412 441 5479; x_wconf 77' lang='lat' dir='ltr'><strong>voluit,</strong></span> <span class='ocrx_word' id='word_1_711' title='bbox 473 5415 553 5469; x_wconf 90' lang='lat' dir='ltr'><strong>sic</strong></span> <span class='ocrx_word' id='word_1_712' title='bbox 582 5414 947 5485; x_wconf 89' lang='lat' dir='ltr'><strong>intelligamus</strong></span> <span class='ocrx_word' id='word_1_713' title='bbox 981 5414 1113 5472; x_wconf 77' lang='lat'><strong>(33).</strong></span> <span class='ocrx_word' id='word_1_714' title='bbox 1150 5433 1167 5464; x_wconf 77' lang='grc' dir='ltr'><strong><em>ι</em></strong></span> <span class='ocrx_word' id='word_1_715' title='bbox 1215 5414 1345 5480; x_wconf 64' lang='lat' dir='ltr'><strong>Quae</strong></span> <span class='ocrx_word' id='word_1_716' title='bbox 1379 5416 1597 5488; x_wconf 89' lang='lat' dir='ltr'><strong>quidem</strong></span> <span class='ocrx_word' id='word_1_717' title='bbox 1643 5419 1804 5474; x_wconf 85' lang='lat' dir='ltr'><strong>verba</strong></span> 
     </span>
    </p>
   </div>
   <div class='ocr_carea' id='block_1_102' title="bbox 316 5521 781 5593">
    <p class='ocr_par' dir='ltr' id='par_1_102' title="bbox 316 5521 781 5593">
     <span class='ocr_line' id='line_1_102' title="bbox 316 5521 781 5593; baseline 0.013 -17"><span class='ocrx_word' id='word_1_718' title='bbox 316 5525 365 5556; x_wconf 75' lang='grc'><strong>⁸³</strong></span> <span class='ocrx_word' id='word_1_719' title='bbox 402 5521 560 5579; x_wconf 88' lang='lat' dir='ltr'><strong>Joan.</strong></span> <span class='ocrx_word' id='word_1_720' title='bbox 603 5542 687 5593; x_wconf 80' lang='lat' dir='ltr'><strong>nr,</strong></span> <span class='ocrx_word' id='word_1_721' title='bbox 726 5527 781 5582; x_wconf 89' lang='lat'><strong>6.</strong></span> 
     </span>
    </p>
   </div>
   <div class='ocr_carea' id='block_1_103' title="bbox 318 5653 1663 5730">
    <p class='ocr_par' dir='ltr' id='par_1_103' title="bbox 318 5653 1663 5730">
     <span class='ocr_line' id='line_1_103' title="bbox 318 5653 1663 5730; baseline 0.005 -21"><span class='ocrx_word' id='word_1_722' title='bbox 569 5655 861 5730; x_wconf 74' lang='lat' dir='ltr'><strong>IlippolyL,</strong></span> <span class='ocrx_word' id='word_1_723' title='bbox 896 5661 989 5715; x_wconf 87' lang='lat' dir='ltr'><strong>lib.</strong></span> <span class='ocrx_word' id='word_1_724' title='bbox 1026 5663 1097 5715; x_wconf 86' lang='lat' dir='ltr'><strong>De</strong></span> <span class='ocrx_word' id='word_1_725' title='bbox 1123 5662 1386 5725; x_wconf 81' lang='lat' dir='ltr'><strong>Antichr.,</strong></span> <span class='ocrx_word' id='word_1_726' title='bbox 1431 5675 1583 5718; x_wconf 87' lang='lat' dir='ltr'><strong>num.</strong></span> <span class='ocrx_word' id='word_1_727' title='bbox 1613 5664 1663 5718; x_wconf 76' lang='grc'><strong>1.</strong></span> 
     </span>
    </p>
   </div>
   <div class='ocr_carea' id='block_1_104' title="bbox 343 5726 1285 5798">
    <p class='ocr_par' dir='ltr' id='par_1_104' title="bbox 343 5726 1285 5798">
     <span class='ocr_line' id='line_1_104' title="bbox 343 5726 1285 5798; baseline 0.006 -19"><span class='ocrx_word' id='word_1_728' title='bbox 343 5727 433 5798; x_wconf 72' lang='lat'><strong>33)</strong></span> <span class='ocrx_word' id='word_1_729' title='bbox 474 5726 655 5798; x_wconf 50' lang='lat' dir='ltr'><strong>ldem,‘</strong></span> <span class='ocrx_word' id='word_1_730' title='bbox 678 5726 801 5798; x_wconf 9' lang='lat' dir='ltr'><strong>ludo.</strong></span> <span class='ocrx_word' id='word_1_731' title='bbox 836 5731 1016 5798; x_wconf 82' lang='lat' dir='ltr'><strong>Naet.,</strong></span> <span class='ocrx_word' id='word_1_732' title='bbox 1046 5748 1197 5798; x_wconf 80' lang='lat' dir='ltr'><strong>num.</strong></span> <span class='ocrx_word' id='word_1_733' title='bbox 1233 5735 1285 5787; x_wconf 91' lang='lat'><strong>9.</strong></span> 
     </span>
    </p>
   </div>
   <div class='ocr_carea' id='block_1_105' title="bbox 341 5796 1199 5862">
    <p class='ocr_par' dir='ltr' id='par_1_105' title="bbox 341 5796 1199 5862">
     <span class='ocr_line' id='line_1_105' title="bbox 341 5796 1199 5862; baseline 0.006 -12"><span class='ocrx_word' id='word_1_734' title='bbox 341 5797 430 5862; x_wconf 72' lang='grc'><strong>54)</strong></span> <span class='ocrx_word' id='word_1_735' title='bbox 471 5796 639 5859; x_wconf 87' lang='lat' dir='ltr'><strong>idem,</strong></span> <span class='ocrx_word' id='word_1_736' title='bbox 667 5797 820 5855; x_wconf 84' lang='lat' dir='ltr'><strong>ibid..</strong></span> <span class='ocrx_word' id='word_1_737' title='bbox 846 5796 1118 5854; x_wconf 73' lang='lat' dir='ltr'><strong>num.16.</strong></span> <span class='ocrx_word' id='word_1_738' title='bbox 1190 5797 1199 5807; x_wconf 82' lang='grc'><em>’</em></span> 
     </span>
    </p>
   </div>
   <div class='ocr_carea' id='block_1_106' title="bbox 313 5865 1566 5943">
    <p class='ocr_par' dir='ltr' id='par_1_106' title="bbox 313 5865 1566 5943">
     <span class='ocr_line' id='line_1_106' title="bbox 313 5865 1566 5943; baseline 0.001 -19"><span class='ocrx_word' id='word_1_739' title='bbox 313 5865 432 5939; x_wconf 74' lang='grc'><strong>(35)</strong></span> <span class='ocrx_word' id='word_1_740' title='bbox 468 5866 635 5935; x_wconf 86' lang='lat' dir='ltr'><strong>idem,</strong></span> <span class='ocrx_word' id='word_1_741' title='bbox 670 5865 763 5921; x_wconf 90' lang='lat' dir='ltr'><strong>lib.</strong></span> <span class='ocrx_word' id='word_1_742' title='bbox 794 5868 871 5924; x_wconf 84' lang='lat' dir='ltr'><strong>De</strong></span> <span class='ocrx_word' id='word_1_743' title='bbox 906 5871 1255 5943; x_wconf 79' lang='lat' dir='ltr'><strong>Antichristo,</strong></span> <span class='ocrx_word' id='word_1_744' title='bbox 1283 5889 1442 5930; x_wconf 83' lang='lat' dir='ltr'><strong>num.</strong></span> <span class='ocrx_word' id='word_1_745' title='bbox 1477 5872 1566 5927; x_wconf 76' lang='lat'><strong>59.</strong></span> 
     </span>
    </p>
   </div>
   <div class='ocr_carea' id='block_1_107' title="bbox 1912 5036 3471 5122">
    <p class='ocr_par' dir='ltr' id='par_1_107' title="bbox 1912 5036 3471 5122">
     <span class='ocr_line' id='line_1_107' title="bbox 1912 5036 3471 5122; baseline -0.012 -13"><span class='ocrx_word' id='word_1_746' title='bbox 1912 5047 2333 5122; x_wconf 88' lang='lat' dir='ltr'><strong>comparationis</strong></span> <span class='ocrx_word' id='word_1_747' title='bbox 2361 5042 2782 5111; x_wconf 86' lang='lat' dir='ltr'><strong>descriptionem</strong></span> <span class='ocrx_word' id='word_1_748' title='bbox 2808 5043 2877 5095; x_wconf 91' lang='lat' dir='ltr'><strong>ab</strong></span> <span class='ocrx_word' id='word_1_749' title='bbox 2930 5039 3215 5109; x_wconf 83' lang='lat' dir='ltr'><strong>Hippolyto</strong></span> <span class='ocrx_word' id='word_1_750' title='bbox 3244 5036 3471 5091; x_wconf 80' lang='lat' dir='ltr'><strong>adorna-</strong></span> 
     </span>
    </p>
   </div>
   <div class='ocr_carea' id='block_1_108' title="bbox 1910 5132 3469 5212">
    <p class='ocr_par' dir='ltr' id='par_1_108' title="bbox 1910 5132 3469 5212">
     <span class='ocr_line' id='line_1_108' title="bbox 1910 5132 3469 5212; baseline -0.015 -10"><span class='ocrx_word' id='word_1_751' title='bbox 1910 5157 2020 5202; x_wconf 84' lang='lat' dir='ltr'><strong>tam</strong></span> <span class='ocrx_word' id='word_1_752' title='bbox 2056 5141 2203 5212; x_wconf 81' lang='lat'><strong>(&#39;57):</strong></span> <span class='ocrx_word' id='word_1_753' title='bbox 2246 5156 2264 5189; x_wconf 86' lang='grc'><strong><em>‹</em></strong></span> <span class='ocrx_word' id='word_1_754' title='bbox 2304 5136 2418 5190; x_wconf 76' lang='grc' dir='ltr'><strong>ΑΙω</strong></span> <span class='ocrx_word' id='word_1_755' title='bbox 2452 5134 2666 5187; x_wconf 71' lang='lat' dir='ltr'><strong>navium</strong></span> <span class='ocrx_word' id='word_1_756' title='bbox 2698 5147 2825 5188; x_wconf 83' lang='lat' dir='ltr'><strong>sunt</strong></span> <span class='ocrx_word' id='word_1_757' title='bbox 2852 5132 3121 5195; x_wconf 69' lang='lat' dir='ltr'><strong>Ecclesiae,</strong></span> <span class='ocrx_word' id='word_1_758' title='bbox 3150 5145 3294 5181; x_wconf 83' lang='lat' dir='ltr'><strong>mare</strong></span> <span class='ocrx_word' id='word_1_759' title='bbox 3317 5146 3469 5181; x_wconf 82' lang='lat' dir='ltr'><strong>mun-</strong></span> 
     </span>
    </p>
   </div>
   <div class='ocr_carea' id='block_1_109' title="bbox 1911 5224 3467 5300">
    <p class='ocr_par' dir='ltr' id='par_1_109' title="bbox 1911 5224 3467 5300">
     <span class='ocr_line' id='line_1_109' title="bbox 1911 5224 3467 5300; baseline -0.013 -9"><span class='ocrx_word' id='word_1_760' title='bbox 1911 5237 2029 5300; x_wconf 80' lang='lat' dir='ltr'><strong>dus,</strong></span> <span class='ocrx_word' id='word_1_761' title='bbox 2063 5232 2116 5285; x_wconf 91' lang='lat' dir='ltr'><strong>in</strong></span> <span class='ocrx_word' id='word_1_762' title='bbox 2149 5242 2258 5299; x_wconf 88' lang='lat' dir='ltr'><strong>quo</strong></span> <span class='ocrx_word' id='word_1_763' title='bbox 2288 5225 2528 5281; x_wconf 81' lang='lat' dir='ltr'><strong>Ecclesia</strong></span> <span class='ocrx_word' id='word_1_764' title='bbox 2567 5224 2822 5280; x_wconf 84' lang='lat' dir='ltr'><strong>ﬂuctibus</strong></span> <span class='ocrx_word' id='word_1_765' title='bbox 2854 5224 3125 5292; x_wconf 87' lang='lat' dir='ltr'><strong>jactatur,</strong></span> <span class='ocrx_word' id='word_1_766' title='bbox 3168 5234 3262 5273; x_wconf 83' lang='lat' dir='ltr'><strong>nec</strong></span> <span class='ocrx_word' id='word_1_767' title='bbox 3295 5227 3467 5274; x_wconf 71' lang='lat' dir='ltr'><strong>tamen</strong></span> 
     </span>
    </p>
   </div>
   <div class='ocr_carea' id='block_1_110' title="bbox 1910 5310 3465 5394">
    <p class='ocr_par' dir='ltr' id='par_1_110' title="bbox 1910 5310 3465 5394">
     <span class='ocr_line' id='line_1_110' title="bbox 1910 5310 3465 5394; baseline -0.011 -14"><span class='ocrx_word' id='word_1_768' title='bbox 1910 5323 2187 5394; x_wconf 82' lang='lat' dir='ltr'><strong>naufragio</strong></span> <span class='ocrx_word' id='word_1_769' title='bbox 2213 5319 2372 5389; x_wconf 80' lang='lat' dir='ltr'><strong>perit,</strong></span> <span class='ocrx_word' id='word_1_770' title='bbox 2396 5318 2595 5389; x_wconf 87' lang='lat' dir='ltr'><strong>quippe</strong></span> <span class='ocrx_word' id='word_1_771' title='bbox 2615 5332 2737 5372; x_wconf 91' lang='lat' dir='ltr'><strong>cum</strong></span> <span class='ocrx_word' id='word_1_772' title='bbox 2772 5315 3017 5370; x_wconf 88' lang='lat' dir='ltr'><strong>solertem</strong></span> <span class='ocrx_word' id='word_1_773' title='bbox 3054 5310 3465 5378; x_wconf 82' lang='lat' dir='ltr'><strong>gubernatorem</strong></span> 
     </span>
    </p>
   </div>
   <div class='ocr_carea' id='block_1_111' title="bbox 1909 5402 3464 5477">
    <p class='ocr_par' dir='ltr' id='par_1_111' title="bbox 1909 5402 3464 5477">
     <span class='ocr_line' id='line_1_111' title="bbox 1909 5402 3464 5477; baseline -0.012 -4"><span class='ocrx_word' id='word_1_774' title='bbox 1909 5418 2175 5476; x_wconf 73' lang='lat' dir='ltr'><strong>Christum</strong></span> <span class='ocrx_word' id='word_1_775' title='bbox 2226 5427 2412 5468; x_wconf 86' lang='lat' dir='ltr'><strong>secum</strong></span> <span class='ocrx_word' id='word_1_776' title='bbox 2442 5412 2667 5477; x_wconf 86' lang='lat' dir='ltr'><strong>habeat;</strong></span> <span class='ocrx_word' id='word_1_777' title='bbox 2711 5406 2816 5462; x_wconf 86' lang='lat' dir='ltr'><strong>fert</strong></span> <span class='ocrx_word' id='word_1_778' title='bbox 2855 5417 2983 5457; x_wconf 82' lang='lat' dir='ltr'><strong>vero</strong></span> <span class='ocrx_word' id='word_1_779' title='bbox 3008 5403 3174 5458; x_wconf 89' lang='lat' dir='ltr'><strong>etiam</strong></span> <span class='ocrx_word' id='word_1_780' title='bbox 3201 5402 3259 5457; x_wconf 90' lang='lat' dir='ltr'><strong>in</strong></span> <span class='ocrx_word' id='word_1_781' title='bbox 3286 5402 3464 5456; x_wconf 89' lang='lat' dir='ltr'><strong>medio</strong></span> 
     </span>
    </p>
   </div>
   <div class='ocr_carea' id='block_1_112' title="bbox 1982 5641 3459 5781">
    <p class='ocr_par' dir='ltr' id='par_1_112' title="bbox 1982 5641 3459 5781">
     <span class='ocr_line' id='line_1_112' title="bbox 1982 5641 3459 5781; baseline -0.015 -66"><span class='ocrx_word' id='word_1_782' title='bbox 1982 5661 2094 5733; x_wconf 78' lang='lat'><strong>(56)</strong></span> <span class='ocrx_word' id='word_1_783' title='bbox 2115 5657 2172 5713; x_wconf 91' lang='lat' dir='ltr'><strong>S.</strong></span> <span class='ocrx_word' id='word_1_784' title='bbox 2210 5655 2502 5781; x_wconf 65' lang='lat' dir='ltr'><strong>Hip801yt.,</strong></span> <span class='ocrx_word' id='word_1_785' title='bbox 2535 5646 2763 5734; x_wconf 51' lang='lat' dir='ltr'><strong>tractat:</strong></span> <span class='ocrx_word' id='word_1_786' title='bbox 2778 5650 2832 5701; x_wconf 88' lang='lat' dir='ltr'><strong>in</strong></span> <span class='ocrx_word' id='word_1_787' title='bbox 2851 5646 3170 5704; x_wconf 81' lang='lat' dir='ltr'><strong>Susannam.</strong></span> <span class='ocrx_word' id='word_1_788' title='bbox 3195 5643 3331 5714; x_wconf 87' lang='lat' dir='ltr'><strong>apud</strong></span> <span class='ocrx_word' id='word_1_789' title='bbox 3356 5641 3459 5694; x_wconf 84' lang='lat' dir='ltr'><strong>Fa-</strong></span> 
     </span>
     <span class='ocr_line' id='line_1_113' title="bbox 1982 5710 3456 5781; baseline -0.012 0"><span class='ocrx_word' id='word_1_790' title='bbox 1982 5734 2217 5781; x_wconf 88' lang='lat' dir='ltr'><strong>ic..tom.</strong></span> <span class='ocrx_word' id='word_1_791' title='bbox 2243 5726 2265 5779; x_wconf 83' lang='grc' dir='ltr'>Ι</span> <span class='ocrx_word' id='word_1_792' title='bbox 2350 5740 2459 5781; x_wconf 78' lang='grc' dir='ltr'><strong>ου..</strong></span> <span class='ocrx_word' id='word_1_793' title='bbox 2485 5735 2606 5781; x_wconf 70' lang='lat' dir='ltr'><strong>nas.</strong></span> <span class='ocrx_word' id='word_1_794' title='bbox 2629 5719 2755 5781; x_wconf 74' lang='lat' dir='ltr'><strong>27b,</strong></span> <span class='ocrx_word' id='word_1_795' title='bbox 2794 5729 2848 5774; x_wconf 92' lang='lat' dir='ltr'><strong>et</strong></span> <span class='ocrx_word' id='word_1_796' title='bbox 2871 5719 3011 5781; x_wconf 87' lang='lat' dir='ltr'><strong>apud</strong></span> <span class='ocrx_word' id='word_1_797' title='bbox 3040 5717 3305 5779; x_wconf 87' lang='lat' dir='ltr'><strong>Galland.,</strong></span> <span class='ocrx_word' id='word_1_798' title='bbox 3330 5722 3369 5766; x_wconf 91' lang='lat' dir='ltr'><strong>t.</strong></span> <span class='ocrx_word' id='word_1_799' title='bbox 3396 5710 3456 5777; x_wconf 83' lang='lat' dir='ltr'><strong>tl,</strong></span> 
     </span>
    </p>
   </div>
   <div class='ocr_carea' id='block_1_113' title="bbox 1906 5710 3497 5795">
    <p class='ocr_par' dir='ltr' id='par_1_113' title="bbox 1906 5710 3497 5795">
     <span class='ocr_line' id='line_1_114' title="bbox 1906 5710 3497 5795; baseline -0.016 -7"><span class='ocrx_word' id='word_1_800' title='bbox 1906 5710 2217 5793; x_wconf 61' lang='grc' dir='ltr'><strong>ιοι-ἲᾷζὶόιὲι.</strong></span> <span class='ocrx_word' id='word_1_801' title='bbox 2243 5710 2459 5795; x_wconf 53' lang='lat' dir='ltr'><strong>repp”,</strong></span> <span class='ocrx_word' id='word_1_802' title='bbox 2484 5710 2606 5792; x_wconf 77' lang='lat' dir='ltr'><strong>pag.</strong></span> <span class='ocrx_word' id='word_1_803' title='bbox 2629 5719 2755 5782; x_wconf 76' lang='lat'><strong>276,</strong></span> <span class='ocrx_word' id='word_1_804' title='bbox 2794 5729 2848 5774; x_wconf 90' lang='lat' dir='ltr'><strong>et</strong></span> <span class='ocrx_word' id='word_1_805' title='bbox 2871 5719 3011 5787; x_wconf 88' lang='lat' dir='ltr'><strong>apud</strong></span> <span class='ocrx_word' id='word_1_806' title='bbox 3040 5710 3305 5779; x_wconf 79' lang='lat' dir='ltr'><strong>Galland.,</strong></span> <span class='ocrx_word' id='word_1_807' title='bbox 3330 5722 3369 5766; x_wconf 85' lang='grc' dir='ltr'><strong>ι.</strong></span> <span class='ocrx_word' id='word_1_808' title='bbox 3396 5710 3456 5777; x_wconf 82' lang='grc' dir='ltr'><strong>ιι,</strong></span> <span class='ocrx_word' id='word_1_809' title='bbox 3494 5782 3497 5783; x_wconf 13' lang='grc' dir='ltr'>ί</span> 
     </span>
    </p>
   </div>
   <div class='ocr_carea' id='block_1_114' title="bbox 1909 5799 3312 5944">
    <p class='ocr_par' dir='ltr' id='par_1_114' title="bbox 1909 5799 3312 5944">
     <span class='ocr_line' id='line_1_115' title="bbox 1909 5799 3312 5944; baseline -0.011 -25"><span class='ocrx_word' id='word_1_810' title='bbox 1909 5804 2105 5944; x_wconf 40' lang='lat' dir='ltr'><strong>magi).</strong></span> <span class='ocrx_word' id='word_1_811' title='bbox 2130 5799 2518 5936; x_wconf 43' lang='lat' dir='ltr'><strong>gfsilippolytq</strong></span> <span class='ocrx_word' id='word_1_812' title='bbox 2546 5859 2641 5915; x_wconf 90' lang='lat' dir='ltr'><strong>lib.</strong></span> <span class='ocrx_word' id='word_1_813' title='bbox 2676 5858 2751 5933; x_wconf 66' lang='lat' dir='ltr'><strong>De</strong></span> <span class='ocrx_word' id='word_1_814' title='bbox 2786 5857 3049 5916; x_wconf 79' lang='lat' dir='ltr'><strong>Antichr..</strong></span> <span class='ocrx_word' id='word_1_815' title='bbox 3076 5870 3192 5923; x_wconf 85' lang='lat' dir='ltr'><strong>cap.</strong></span> <span class='ocrx_word' id='word_1_816' title='bbox 3222 5850 3312 5906; x_wconf 82' lang='lat'><strong>59.</strong></span> 
     </span>
    </p>
   </div>
  </div>
