4104 6350
643 373 749 432 379
805 367 809 371 ’

1486 358 1510 384 ·’
1553 425 1555 427 .
1615 363 1703 421 os
1736 321 2376 454 vrrsnrscinrrts
2412 365 2470 422 s.
2513 333 2906 447 nitimur]-

3757 362 3862 416 380

576 467 579 470 Ι
639 468 880 549 erectum
915 491 1176 544 adversus
1215 496 1446 542 mortem
1483 495 1768 556 tropreum,
1793 503 1912 556 qua:
1957 488 2278 550 videlicet‘A
2305 466 2660 542 sit'Ecclesiaa
2692 484 3099 555 magisterium:
3141 502 3158 534 ι
3195 482 3286 537 Est
3325 483 3470 537 enim
3496 481 3734 538 Ecclesia
3766 499 3862 538 or—

643 579 846 636 crucem
887 580 1098 633 Domini
1132 593 1316 632 secum
1358 585 1554 646 portet.
1593 577 1686 630 Est
1705 576 1848 629 enim
1881 577 2012 644 ejus,
2043 593 2205 646 prora

643 670 854 735 Oriens,
881 668 1076 738 puppis
1119 682 1248 721 vero
1303 666 1601 732 Occidens,
1645 667 1850 720 caritas
1912 666 2201 733 Meridies;

626 759 776 814 'clavi
800 760 903 813 duo
941 757 1310 822 Testamenta;
1336 759 1542 812 circum
1586 759 1787 811 extenti
1814 757 1965 826 funes
2005 759 2206 813 Christi

640 838 1036 918 chariton-qna
1067 848 1362 902 Ecclesiam
1389 849 1668 917 astringit;
1713 849 1898 913 linum,
1938 852 2081 919 quod
2123 867 2208 906 se-
2237 857 2239 859 ’

641 958 764 996 cum
813 940 936 1006 fert,
983 941 1253 994 lavacrum
1304 928 1828 1013 estregenerationis
1888 941 2038 1006 ('58);
2085 950 2209 1011 Quae

585 1012 588 1017 ⁷
639 1030 825 1104 ﬁdeles
855 1039 1094 1087 renovat.
1130 1013 1282 1082 Venti
1318 1012 1450 1082 loco
1469 1016 1620 1100 adest
1654 1025 1883 1104 Spiritus
1924 1031 2012 1084 ille
2047 1049 2074 1084 e
2109 1048 2210 1085 cae-

639 1121 730 1183 lis,
761 1101 871 1189 quo
907 1119 1089 1174 ﬁdeles
1115 1119 1505 1188 consignantur
1532 1118 1678 1182 Deo;
1717 1101 1877 1175 habet
1899 1120 2208 1191 pariter'illa

640 1203 868 1265 comites
895 1219 948 1264 et
983 1211 1176 1278 ferreas
1215 1215 1517 1277 anchoras,
1542 1223 1726 1266 sancta
1770 1215 2018 1269 nimirum
2058 1215 2209 1271 Chri-

645 1300 1033 1372 sti-mandata,
1087 1316 1208 1370 qua:
1251 1299 1377 1355 ferri
1435 1302 1602 1356 robur
1647 1304 1826 1374 ipsum'
1885 1306 2205 1376 praeferant;

643 1390 776 1458 quin
809 1399 1095 1445 etinantas
1122 1407 1154 1445 a
1191 1392 1395 1447 dextris
1433 1403 1595 1464 atque
1629 1397 1870 1454 sinistris
1907 1390 2208 1453 sanctorum

643 1480 962 1548 angelorum
979 1497 1118 1534 more
1141 1483 1464 1551 assistentes,
1490 1502 1710 1553 quorum
1731 1504 1824 1555 ope
1845 1491 2079 1544 munitur
2108 1490 2208 1544 Ec-

641 1571 821 1624 clesia.
847 1571 904 1625 in
931 1589 993 1627 ea
1026 1559 1190 1639 Scala,
1224 1591 1344 1643 quae
1374 1577 1424 1628 in
1463 1577 1629 1631 altum
1665 1579 1730 1634 ad
1761 1581 2049 1635 antennam
2079 1586 2208 1638 sub-

641 1664 822 1730 vehit,
857 1667 1029 1735 imago
1066 1677 1141 1721 est
1175 1664 1653 1743 salutarisCh‘risti
1682 1667 1978 1741 passionis,
2024 1675 2224 1731 ﬁdeles

640 1754 880 1820 trahens,
915 1764 974 1808 ut
1004 1756 1056 1808 in
1083 1757 1251 1811 cmlos
1280 1757 1596 1812 ascendant.
1628 1757 1794 1828 Signa.
1829 1774 1990 1828 super
2018 1772 2209 1816 anten-

577 1847 580 1852 ‘
639 1857 766 1896 nam
793 1843 844 1896 in
898 1844 1065 1898 altum
1094 1846 1344 1912 sublata,
1399 1840 1791 1915 prophetarum,
1838 1861 2130 1918 martyrum
2156 1860 2204 1909 et

642 1935 1001 2001 apostolorum
1045 1937 1102 1989 in
1134 1935 1332 1991 Christi
1364 1954 1517 2006 regno
1560 1933 1932 2007 quiescentium
1979 1943 2206 2010 stipatus

640 2025 811 2086 ordo,
833 2045 852 2076 ι
884 2023 1167 2098 Colligitur
1188 2040 1256 2081 ex
1281 2027 1366 2082 liis
1393 2030 1600 2085 ultimis
1625 2032 1820 2096 verbis,
1852 2033 2208 2101 quemadmo-

639 2115 770 2168 dum
801 2113 937 2168 bene
964 2115 1215 2186 observat
1247 2107 1315 2171 cl.
1349 2118 1651 2172 Ceillierius
1677 2119 2072 2188 (59),sanctum
2110 2135 2206 2174 no-

640 2214 816 2260 strum
843 2208 1160 2276 episcopum.
1185 2212 1546 2264 communiter
1574 2211 1641 2264 ab
1662 2211 1900 2280 antiquis
1937 2220 2206 2280 receptam

548 2279 573 2356 ί
641 2297 965 2350 sententiam
1017 2307 1263 2352 secutum
1311 2299 1520 2366 fuisse,
1575 2301 1722 2370 quod
1769 2279 2024 2355 nimirum
2062 2279 2208 2369 rpro-
2240 2321 2258 2336 '-

639 2388 836 2456 phetae,
879 2379 1108 2456 apostOli
1141 2402 1193 2443 et
1223 2400 1487 2461 martyres
1520 2390 1830 2472 felicitatem
1870 2395 2124 2459 aeternam
2152 2392 2208 2445 in

639 2476 799 2531 caelis
823 2477 1000 2546 adepti
1035 2478 1256 2534 fuerint.

711 2567 954 2645 Ecclesia
985 2570 1174 2623 mulier
1211 2570 1316 2624 sole
1344 2572 1561 2624 amicta.
1580 2573 1649 2611 '—
1674 2570 1842 2626 Paulo
1868 2571 2006 2625 infra
2048 2573 2208 2625 aliam

582 2662 585 2668 ‘
639 2659 708 2716 de
751 2659 989 2717 Ecclesia
1011 2663 1420 2718 similitudinem
1455 2662 1629 2730 affert,
1658 2663 1787 2718 dum
1828 2664 1917 2717 illa
1944 2663 2211 2733 Apocaly-

640 2766 799 2820 pseos
837 2752 1000 2806 verba
1028 2768 1147 2821 cap.
1190 2770 1284 2820 xu,
1313 2753 1440 2806 'l-G:
1473 2752 1543 2806 Et
1573 2754 1682 2807 nidi
1719 2756 1926 2824 signum
1961 2771 2210 2825 magnum

565 2851 580 2854 “
640 2850 690 2894 et
717 2842 978 2908 mirabile,
1006 2845 1275 2899 mulierem
1302 2846 1549 2899 amictam
1576 2845 1702 2911 sole,
1734 2855 1860 2912 etc.,
1885 2847 1940 2900 in
1967 2862 2089 2915 qua:
2133 2846 2210 2900 ita

641 2932 1041 3004 commentatur
1080 2935 1223 3006 (40):
1273 2955 1293 2988 ς
1330 2936 1608 2992 Mulierem
1649 2938 1902 2993 amictam
1951 2940 2064 2992 sole
2099 2939 2212 3014 cla-

641 3022 860 3084 rissime
896 3021 1193 3078 Ecclesium
1238 3025 1563 3094 significavit
1600 3025 1930 3095 (Joannes),
1973 3024 2207 3080 Paterno

643 3104 891 3167 indutam
916 3112 1114 3175 Verbo,
1138 3111 1282 3181 quod
1321 3116 1435 3169 sole
1469 3117 1760 3171 micantius
1808 3119 2071 3187 splendet.
2116 3118 2210 3172 Di-
2235 3135 2276 3191 (ς

568 3276 575 3280 _
644 3205 818 3258 cendo
851 3208 980 3260 Vero
1015 3206 1196 3256 lunam
1226 3203 1319 3258 sub
1348 3207 1562 3268 pedibus
1610 3208 1744 3275 ejus,
1772 3210 1977 3264 etelesti
2030 3211 2210 3265 chari-

645 3304 757 3349 tate
787 3295 927 3349 lunae
959 3295 1014 3348 in
1053 3310 1257 3348 morem
1289 3300 1537 3349 ornatam
1562 3300 1816 3353 ostendit.
1843 3301 1994 3366 Quod
2029 3299 2208 3358 autem

643 3386 742 3449 ait,
769 3387 823 3437 in
855 3385 1024 3452 capite
1054 3385 1165 3453 ejus
1190 3402 1396 3445 corona
1434 3387 1706 3440 stellarum
1734 3390 2026 3457 duodecim,
2071 3396 2208 3450 du‘o-
2245 3445 2258 3451 -

645 3477 820 3532 decim
853 3477 1130 3546 apostolos
1163 3478 1427 3548 designat,
1465 3493 1562 3547 per
1581 3494 1718 3548 quos
1750 3478 1972 3535 fundata
1995 3495 2078 3539 est
2109 3485 2212 3539 Ee-

645 3570 833 3624 clesia.
851 3567 918 3621 Et
939 3569 1130 3623 habens
1151 3571 1204 3621 in
1223 3578 1368 3623 utero
1396 3568 1658 3623 clamabat
1679 3575 1997 3640 parturiens,
2024 3585 2072 3626 et
2095 3592 2212 3628 cru-

644 3662 888 3715 ciabatur
913 3702 926 3727 ,
964 3673 1020 3715 ut
1046 3673 1284 3732 pareret;
1313 3665 1438 3734 quia
1476 3679 1584 3718 non
1627 3673 1804 3719 cessat
1855 3663 2094 3722 Ecclesia
2147 3685 2222 3724 ex.

643 3747 810 3822 corde
833 3755 1077 3814 Verbum
1101 3762 1350 3831 gignere,
1385 3761 1529 3832 quod
1559 3761 1614 3815 in
1641 3761 1843 3817 mundo
1877 3764 1945 3816 ab
1987 3765 2215 3819 infideli-

651 3839 754 3908 bus
779 3857 1204 3922 persecutionem
1229 3856 1449 3923 patitur.
1478 3855 1549 3908 Et
1568 3857 1788 3925 peperit,
1815 3856 2008 3926 inquit,
2042 3858 2214 3926 ﬁlium

653 3945 968 4007 masculum,
995 3947 1082 4014 qui
1119 3957 1230 3998 erat
1255 3958 1490 4001 recturus
1513 3965 1688 4001 omnes
1717 3960 1921 4018 gentes;
1949 3950 2205 4003 nimirum

654 4033 913 4097 Ecclesia,
938 4034 1062 4087 dum
1086 4034 1360 4089 Christum
1382 4036 1494 4102 Dei,
1516 4037 1811 4114 masculum
1838 4053 1901 4091 ac
1919 4038 2208 4114 perfecta-in

656 4123 1000 4191 prolem,'qui
1035 4122 1176 4179 Deus
1213 4135 1266 4179 et
1309 4129 1472 4180 homo
1499 4112 1841 4196 prii-dicatur,
1886 4143 2095 4197 semper
2121 4144 2216 4198 pa-

657 4215 760 4274 rit,
791 4213 947 4268 docet
984 4231 1168 4270 omnes
1201 4229 1406 4285 gentes.
1431 4218 1602 4272 Porro
1632 4219 1882 4287 dicendo,
1918 4231 2096 4290 raptus
2127 4233 2206 4276 est

655 4306 800 4375 ﬁlius
831 4306 942 4372 ejus
981 4308 1047 4359 ad
1087 4308 1271 4372 Deum,
1306 4321 1355 4363 et
1379 4313 1448 4364 ad
1490 4313 1733 4366 thronum
1759 4314 1904 4379 eius;
1937 4316 2212 4370 caelestem

655 4411 854 4465 regem,
889 4406 1312 4452 nonterrenum
1364 4415 1487 4454 esse
1538 4403 1824 4471 signiﬁcat,
1883 4406 1975 4472 qui
2020 4421 2085 4460 ex
2121 4408 2210 4461 illa

2308 575 2472 641 diuis,
2513 590 2624 630 non
2662 567 2997 628 confusionis
3026 574 3300 642 magistra.
3338 590 3355 622 ι
3381 569 3581 626 Notent
3610 572 3715 626 sibi
3751 572 3865 626 haec

2307 668 2471 720 verba
2521 681 2655 719 auro
2715 666 2992 733 cedroque.
3048 655 3206 732 digna
3265 662 3516 718 Ecclesia:
3570 661 3867 726 antistites,

2309 757 2698 828 theologimque
2725 755 2992 830 docturos.
3262 825 3265 833 η

2769 828 2771 830 ’
2846 842 3236 900 ARTICULUS
3263 828 3333 896 'n.

2654 951 2879 991 OBSERVA
2889 951 3074 989 TIONES
3100 947 3510 1004 DlSClPLlNABES.

2351 1029 2357 1036 “
2383 1027 2602 1096 Tempus
2636 1027 2704 1079 ad
2727 1026 3052 1094 Baptismum
3077 1025 3425 1094 recipiendum
3448 1021 3868 1091 praeﬁnitum.—

2310 1100 2881 1198 Quoaddisciplinam,
2923 1116 3036 1173 haec
3068 1118 3400 1172 observanda
3446 1114 3673 1168 veniunt
3721 1111 3867 1185 apud

2311 1202 2368 1262 εξ
2425 1207 2769 1280 Hippolytum
2815 1225 2827 1261 :
2870 1207 3078 1276 primo,
3131 1207 3530 1261 solemnitatem
3581 1201 3906 1264 Paschalis,

2310 1297 2478 1354 fuisse
2504 1309 2716 1370 tempus
2754 1298 3071 1367 praeﬁnitum
3109 1298 3174 1351 ad
3207 1296 3620 1354 ministrandum
3647 1302 3702 1348 et
3728 1294 3870 1348 reci-

2308 1391 2560 1460 piendum
2591 1391 2938 1466 Baptismum.
2961 1389 3048 1444 Ait
3071 1391 3213 1443 enim
3247 1398 3468 1444 sanctus
3501 1388 3789 1455 episcopus
3812 1386 3868 1440 in

2310 1486 2490 1540 illud:
2546 1483 2683 1537 Dum
2733 1484 3061 1536 observarent
3108 1482 3246 1534 diem
3326 1492 3508 1549 aptum
3540 1478 3626 1541 ³³,
3716 1489 3870 1528 com-

2308 1587 2558 1631 mentans
2587 1575 2727 1645 (41):
2767 1574 2965 1640 (Quem
2993 1588 3177 1643 porro,
3200 1571 3304 1626 nisi
3331 1572 3472 1625 diem
3501 1567 3743 1626 Pascha,
3773 1579 3870 1634 per

2309 1685 2468 1739 quem
2510 1669 2782 1723 lavacrum
2814 1669 2868 1721 in
2899 1667 3141 1737 pomario
3171 1659 3812 1729 :estuantibus'paratur'!
3841 1675 3863 1709 ι

2380 1759 2759 1828 Dispositiones
2789 1760 2856 1811 ad
2888 1758 3235 1827 Baptismum.
3261 1786 3328 1795 -—
3350 1753 3744 1821 Dispositiones
3776 1765 3870 1801 au-
3928 1779 3930 1781 ›

2312 1857 2414 1903 tem
2434 1849 2636 1908 ibidem
2668 1858 2909 1904 vetustus
2943 1831 3030 1902 hic
3057 1846 3216 1900 Pater
3248 1851 3641 1900 commemorat
3663 1881 3678 1906 ,
3711 1839 3866 1892 dum

2309 1942 2383 1994 ita
2443 1941 2818 2010 prosequitur:
2878 1957 2897 1990 ι
2941 1940 3191 1994 Susanna
3257 1937 3443 1989 latrans
3489 1931 3690 1987 munda
3756 1925 3871 1992 Deo

2310 2019 2508 2102 sponsa
2562 2031 2771 2106 sistitur
2822 2046 2945 2084 cum
2981 2027 3356 2084 duabus'solis
3390 2023 3600 2094 puellis.
3638 2020 3872 2086 Quando

2308 2121 2450 2174 enim
2483 2119 2720 2174 Ecclesia
2756 2125 2823 2173 ex
2855 2133 3006 2173 more
3054 2117 3204 2186 cupit
3249 2115 3526 2169 lavacrum
3571 2108 3869 2177 suscipere,

2307 2211 2445 2267 duas
2468 2211 2772 2269 necessario
2801 2204 3025 2264 ancillas
3056 2207 3281 2262 comites
3307 2203 3498 2269 habet;
3533 2200 3733 2256 etenim
3764 2197 3872 2251 Ec-

2311 2304 2473 2358 clesia
2505 2317 2599 2371 per
2630 2302 2788 2355 ﬁdem
2818 2301 2871 2354 in
2905 2300 3212 2362 Christum,
3251 2308 3306 2350 et
3337 2310 3432 2365 per
3458 2293 3774 2349 charitatem
3815 2290 3874 2341 in

2310 2391 2479 2446 Deum
2526 2392 2775 2446 confessa
2825 2390 3016 2459 recipit
3041 2389 3344 2442 iavacrum.
3383 2403 3402 2436 ›
3442 2382 3579 2436 Hinc
3609 2377 3873 2450 Baptismi

2311 2482 2534 2535 comites
2561 2465 2692 2535 fides
2720 2489 2773 2535 et
2798 2480 3058 2534 charitas.

2387 2570 2590 2637 Oleum,
2616 2582 2770 2641 atque
2789 2573 2964 2624 unctio
2994 2571 3050 2622 in
3068 2568 3436 2637 Baptismo'.—
3453 2563 3653 2618 Eodem
3674 2562 3728 2621 in
3752 2560 3881 2615 loco

2314 2660 2370 2714 S.
2398 2660 2715 2732 Hippolytus
2763 2657 2902 2717 inter
2928 2663 3066 2716 ritus
3109 2660 3163 2713 in
3212 2657 3489 2726 Baptismo
3545 2649 3874 2708 conferendo

2311 2752 2552 2816 adhiberi
2588 2753 2776 2808 solitos
2825 2761 3070 2807 recenset
3115 2752 3293 2820 oleum
3339 2757 3501 2815 atque
3536 2745 3874 2799 unctionem.

2314 2831 2706 2909 Scribit‘enim
2755 2842 2840 2896 in.
2875 2857 3093 2896 versum
3149 2839 3214 2893 l7
3289 2836 3526 2903 Danielis
3565 2852 3578 2887 :
3619 2834 3874 2902 Dixitque

2312 2932 2496 3002 puellis
2525 2932 2764 3001 :Aﬁerte
2811 2933 2939 2985 mihi
2989 2931 3162 2985 oleum
3219 2946 3240 2985 :
3294 2948 3314 2980 ι
3367 2923 3785 2982 Ρτοίῐιᾱθοίίᾱεε
3817 2931 3875 2978 et

2313 3025 2569 3087 Charitas,
2620 3013 2800 3078 oleum
2852 3032 2906 3077 et
2961 3029 3258 3092 smegmata
3305 3019 3610 3074 lavantibus’
3655 3022 3884 3085 parents

2311 3117 2568 3184 Quanam
2593 3129 2720 3168 vero
2741 3117 3057 3184 sm‘egmata,
3082 3112 3186 3166 nisi
3211 3110 3364 3174 Verbi
3382 3109 3635 3163 mandata
3653 3105 3676 3158 ?
3697 3103 3877 3170 Quod-

2313 3227 2437 3266 nam
2471 3217 2650 3261 autem
2675 3208 2875 3269 oleum,
2908 3205 3011 3260 nisi
3051 3205 3219 3259 virtus
3250 3202 3484 3272 Spiritus
3505 3197 3715 3256 Sancti?
3747 3196 3877 3266 qui-

2312 3306 2414 3360 bus
2439 3315 2560 3375 post
2579 3305 2854 3356 lavacrum
2885 3308 3139 3368 tanquam
3164 3304 3444 3365 unguento
3468 3293 3654 3347 fideles
3675 3303 3877 3360 perun-

2313 3410 2531 3469 guntur.
2565 3396 2772 3448 Cuncta
2803 3393 2917 3448 hinc
2960 3408 3056 3462 per
3084 3393 3298 3445 beatam
3334 3386 3642 3441 Susanuam
3696 3380 3874 3436 nostri

2311 3505 2474 3544 causa
2505 3489 2874 3559 ﬁgurabantur
2901 3500 2915 3536 :
2944 3500 3012 3538 ne
3043 3483 3204 3535 modo
3243 3480 3466 3541 scilicet,
3488 3477 3582 3548 qui
3619 3476 3730 3531 Deo
3749 3489 3872 3529 cre-

2313 3582 2513 3647 dimus,
2554 3581 2777 3648 eaquae
2824 3572 3290 3646 iuprmsentiarum
3333 3571 3389 3623 in
3431 3568 3674 3624 Ecclesia
3715 3567 3872 3646 fiunt,

2316 3679 2574 3739 tanquam
2602 3685 2736 3722 nova
2763 3683 2823 3720 ac
2858 3663 3136 3732 peregrina
3165 3660 3559 3715 existimemus.
3593 3677 3612 3711 ι
3675 3715 3678 3718 ,
3769 3683 3773 3687 -

2391 3760 2608 3828 Tempus
2637 3756 2931 3810 celebrandi
2949 3754 3328 3807 solemnitatem
3346 3751 3664 3822 paschalcm.
3691 3746 3870 3801 —-Seo

2313 3851 2491 3903 eundo
2515 3847 2677 3902 tradit
2701 3848 2789 3901 hic
2814 3856 3058 3902 vetustus
3083 3845 3342 3899 Ecclesiae
3379 3842 3556 3906 Pater,
3592 3836 3872 3894 Paschalis

2316 3939 2711 3994 solemnitatem
2741 3938 3001 3991 celebrari
3029 3937 3282 3992 debuisse
3321 3932 3600 3987 Dominica
3635 3940 3754 4000 post
3780 3929 3874 3981 de-

2314 4029 2510 4084 cimam
2548 4038 2792 4097 quartam
2831 4029 3013 4082 lunam
3040 4027 3247 4092 Martii,
3302 4025 3406 4078 nisi
3434 4023 3642 4077 decima
3683 4028 3871 4089 quarta

2313 4120 2439 4174 luna
2483 4117 2740 4173 incideret
2777 4119 2830 4172 in
2877 4120 3016 4173 diem
3071 4118 3328 4182 Sabbati;
3360 4129 3469 4184 quo
3498 4126 3628 4166 sane
3662 4111 3714 4162 in
3745 4124 3870 4162 casu

2309 4210 2464 4279 juxta
2491 4207 2739 4262 eumdem
2767 4208 3025 4262 celebrari
3063 4224 3168 4261 non
3195 4205 3423 4260 debebat
3446 4201 3614 4254 festus
3639 4197 3874 4250 Pascha-

2312 4303 2383 4355 tis
2422 4301 2538 4356 dies
2573 4299 2853 4355 Dominica
2881 4301 3146 4366 sequenti,
3180 4298 3272 4352 sed
3303 4292 3583 4349 transferri
3618 4293 3670 4344 in
3713 4292 3871 4343 aliam

2314 4392 2727 4463 subsequentem
2760 4391 3118 4454 Dominicam,
3159 4405 3224 4443 ne
3255 4388 3424 4442 festus
3456 4385 3542 4438 hic
3579 4384 3694 4437 dies
3735 4383 3869 4436 celev

655 4502 869 4555 semper
900 4488 1160 4540 nascitur.
1202 4507 1220 4539 ›
1266 4489 1406 4544 Idem
1443 4489 1499 4543 S.
1537 4489 1696 4548 Pater
1725 4495 1778 4548 in
1815 4505 2043 4572 tractatu
2091 4514 2212 4566 per-
2246 4484 2287 4535 D
2316 4487 2562 4540 braretur
2607 4484 2791 4538 eodem
2843 4485 2946 4547 die,
3007 4496 3116 4550 quo
3171 4479 3433 4532 Dominus
3480 4481 3665 4528 noster
3717 4472 3873 4526 Jesns

656 4581 804 4634 brevi
835 4577 906 4630 De
936 4576 1179 4632 Susanna
1212 4582 1396 4636 multis
1432 4585 1596 4637 etiam
1627 4587 1880 4650 ostendit,
1908 4585 2214 4640 Susannam

654 4673 883 4739 figuram
907 4657 1142 4740 gessisse
1171 4669 1442 4726 Ecclesiae.
1477 4673 1532 4725 In
1569 4688 1730 4741 opere
1762 4690 1890 4728 vero
1928 4675 2000 4727 De
2049 4679 2217 4728 tradi-

657 4767 791 4820 tione
811 4755 1165 4835 apostolorum
1183 4765 1355 4826 docet,
1371 4780 1597 4819 numero
1620 4765 1706 4827 l9,
1722 4767 1861 4834 apud
1876 4765 2214 4820 Gallandium

656 4867 803 4910 tome
821 4857 860 4910 ll
879 4858 1215 4912 Bibliotheca:
1242 4857 1484 4922 Patrum,
1512 4857 1763 4910 columna
1790 4857 1912 4923 507,
1939 4860 2210 4927 quodnam

760 4971 805 5001 “
845 4973 978 5028 Dan.
1021 4990 1139 5039 xm,
1183 4974 1268 5028 l5.

735 5103 849 5179 ('58)
885 5105 1038 5170 Quod
1080 5109 1158 5179 sic
1207 5108 1426 5163 lavacro
1477 5110 1900 5179 regenerationis
1940 5121 2216 5178 comparet

663 5170 1012 5247 Hippolytus,
1048 5178 1181 5231 nihil
1233 5179 1377 5232 aliud
1424 5170 1762 5233 commodius
1810 5179 1918 5231 lino
1953 5170 2212 5243 occurrit,

662 5258 771 5319 quo
795 5241 872 5319 sic
901 5248 1183 5319 capiuntur
1214 5249 1412 5316 pisces,
1452 5249 1682 5319 eticujus
1709 5248 2044 5317 metaphora,
2075 5241 2214 5319 prae;

662 5313 861 5385 dicatio
885 5317 1191 5385 evangelica
1215 5313 1433 5372 Proclo
1455 5361 1470 5381 ,
1499 5313 1912 5385 Chrysostomo,
1942 5313 2094 5377 etc..-
2122 5321 2216 5372 de-

661 5382 920 5459 ειίιηίιιυΐς
953 5379 1284 5459 Eli'islitaque
1317 5379 1490 5454 navis,
1514 5379 1634 5456 qua?
1657 5379 2017 5459 Ecclesia—cst,
2048 5390 2215 5441 linum

663 5451 940 5528 capiendis
969 5451 1273 5528 pisciculis,
1296 5468 1349 5510 et
1381 5467 1438 5512 ιιι
1466 5451 1581 5528 ἰδίη
1617 5457 1822 5514 Christi
1868 5475 1929 5513 ac
1964 5458 2219 5513 Ecclesia;

665 5521 905 5572 ineiubra
937 5521 1043 5572 sint
1072 5532 1217 5574 extra
1242 5529 1424 5598 tumidi
1458 5521 1669 5598 profani
1696 5530 2042 5598 salsedinem.
2067 5529 2215 5581 lava-

662 5606 815 5642 crum
854 5599 938 5644 est
971 5594 1420 5664 regenerationis,
1458 5594 1572 5667 quo
1607 5600 1686 5653 sic
1713 5597 1932 5656 Christo
1972 5601 2220 5668 incorpo-

663 5675 867 5715 rantur.
1526 5696 1529 5697 ν

2315 4579 2566 4632 Christus
2601 4584 2847 4630 mortuus
2886 4582 2967 4627 est
2998 4573 3129 4641 (42),
3675 4645 3690 4648 _

2387 4668 2568 4721 Tertio
2603 4668 2753 4720 docet
2783 4665 3094 4719 solvendum
3135 4674 3254 4715 esse
3285 4655 3759 4726 Quadragesimale
3785 4653 3869 4722 je-

2311 4759 2526 4826 junium
2559 4757 2834 4809 Dominica
2864 4754 3172 4807 l’asehatis:
3199 4770 3217 4802 ι
3246 4751 3466 4803 Solvere
3498 4759 3680 4802 autem
3712 4762 3870 4816 opor-

2319 4859 2393 4902 tet
2417 4848 2702 4917 jejunium,
2738 4845 2829 4899 ubi
2863 4842 3142 4898 Dominica
3169 4841 3416 4896 inciderit
3439 4840 3571 4912 (45).
3605 4858 3625 4890 ι

2391 5123 2503 5193 (59)
2544 5121 2694 5206 ligni
2720 5120 2953 5186 Ceillier,
2991 5118 3127 5171 HM.
3171 5115 3452 5188 θέτω-,ἀρε
3483 5121 3865 5199 auteurs,tom.

2319 5190 3158 5333 "’(gajgszi‘hippolyt,lih._Dc
3188 5256 3455 5318 Antichr.,~
3488 5268 3642 5333 num:

2394 5322 2659 5402 (htj_ld.,_
2704 5322 2980 5402 iizact.__l)e
3041 5328 3319 5402 .Sttsanna,
3389 5324 3541 5402 apud
3594 5322 3866 5402 Calland..

2324 5391 2456 5477 tom.
2493 5391 2780 5477 lhﬂco'llum.
2825 5399 2929 5453 M5
2959 5407 3014 5452 et
3041 5396 3181 5464 ,μὴ
3203 5405 3257 5477 et
3278 5391 3688 5464 apud’Fabric”
3736 5404 3864 5456 tom.

2322 5468 2364 5534 l,
2403 5483 2522 5535 pag.
2552 5468 2676 5520 275.

2395 5537 2508 5604 (4‘2)
2549 5536 2651 5597 ld.,
2686 5535 2756 5587 De
2781 5535 2922 5603 cyclo
2956 5534 3133 5604 pascit.

2397 5537 2488 5602 (4‘2
2549 5537 2651 5597 ld.,
2686 5537 2756 5587 De
2781 5551 2867 5603 cyc

2397 5537 2508 5677 (43;
2544 5604 2709 5671 Idem,
2739 5604 2867 5658 ibid.
