4104 6350
174 328 257 384 231
1127 328 1211 388 DE
1250 329 1405 386 VITA
1445 332 1531 386 ΕΤ
1572 331 1882 389 SCRIPTIS
1922 335 1978 390 S.
2022 334 2411 395 HIPPOLYTL

3278 350 3383 406 332

1429 575 1810 665 CAPUT
1900 548 2091 662 111'.

174 743 518 808 IUDICIUM
571 746 677 809 DE
720 747 792 810 ‘S.
851 747 1285 813 HIPPULYTI
1352 750 1729 823 INGENIO,
1809 728 2305 813 ERUDlTIONE
2386 753 2486 815 AC
2542 728 2802 819 STYLO
2886 759 2993 823 DE
3027 707 3379 829 EJIUSDEM

301 892 304 894 η
726 856 1218 921 ERRORIBUS.
1279 856 1776 929 OPERUMQUE
1832 856 2184 917 EIUSDEM
2245 857 2776 941 EDITIONIBUS.

689 998 1083 1058 ARTICULUS
1122 1005 1165 1058 Ι.

232 1104 290 1141 βε
322 1103 550 1154 ικςεκιο,
591 1106 915 1169 ειιυυιτιοῃε
957 1111 1021 1149 AC
1059 1111 1224 1150 STYLO
1250 1111 1295 1150 8.
1339 1080 1639 1151 HIPPOLY'I'I.

228 1179 490 1232 Iudicium
518 1180 887 1237 Maurinorum
906 1185 969 1237 de
989 1186 1216 1255 ingenio,
1244 1188 1555 1249 eruditione,
1587 1198 1710 1251 etc.,

173 1268 221 1325 S.
251 1271 540 1341 Hippolyti.
563 1303 633 1314 —
662 1273 870 1329 Eruditi
909 1275 1166 1331 Historia
1208 1277 1485 1331 litterario:
1524 1272 1714 1331 Gallia:

170 1377 400 1419 auctores
426 1364 493 1417 de
516 1366 688 1420 sancti
725 1365 995 1439 Hippolyti
1036 1367 1351 1424 Portuensis
1383 1369 1599 1439 ingenio
1648 1384 1712 1421 ac

168 1456 453 1510 eruditione
470 1457 541 1511 ita
564 1460 915 1526 pronuntiant
944 1459 1090 1530 (44);
1146 1460 1281 1514 Cum
1325 1469 1548 1515 sanctus
1583 1458 1711 1527 Ilip-

166 1547 362 1616 polytus
409 1556 517 1601 tam
569 1549 780 1614 multa,
831 1551 1288 1618 quemadmodum
1348 1553 1707 1616 ostendimus,

166 1640 531 1708 conscripserit
564 1655 749 1709 opera,
770 1628 885 1697 non
913 1642 1228 1698 dubitamus
1254 1645 1385 1713 quin
1414 1646 1498 1700 vir
1542 1647 1709 1701 multa

163 1722 660 1787 eruditione’fuerit.
691 1732 866 1799 Quid?
900 1735 1045 1803 quod
1078 1752 1178 1793 nos
1212 1738 1444 1792 necdum
1490 1739 1543 1791 in
1591 1754 1711 1793 om-

164 1822 315 1888 nium,
343 1840 460 1893 qua:
486 1840 516 1879 e
554 1825 763 1880 calamo
790 1826 907 1896 ejus
935 1828 1157 1892 ﬂuxere,
1190 1845 1416 1898 operum
1462 1833 1707 1887 notitiam

161 1916 468 1980 pervenisse,
489 1917 663 1969 multo
682 1926 863 1971 autem
893 1919 1073 1973 minus
1104 1918 1191 1973 illa
1216 1922 1399 1974 omnia
1421 1930 1475 1975 et
1498 1924 1707 1993 singula

161 2004 425 2061 adnotasse
452 2007 799 2063 arbitremur.
831 2008 945 2064 Hoc
982 2010 1169 2064 saltem
1217 2022 1430 2070 consmt
1462 2014 1703 2078 omnino,

160 2098 287 2163 quod
308 2100 510 2153 nullum
535 2100 858 2156 eruditionis
882 2102 1261 2159 ecclesiasticae
1292 2114 1419 2159 tunc
1452 2107 1706 2174 temporis

160 2185 307 2245 fuerit
329 2194 493 2257 genus
512 2230 527 2253 ,
557 2192 626 2245 de
654 2208 763 2261 quo
788 2208 895 2246 non
937 2194 1138 2263 aliquid
1161 2178 1369 2265 scripto
1393 2196 1701 2266 reliquerit;

159 2278 277 2331 adeo
304 2280 578 2347 utnptimo
607 2281 730 2349 jure
756 2284 1034 2337 sistendus
1061 2300 1091 2338 a
1122 2286 1279 2340 nobis
1309 2287 1409 2340 hoc
1431 2287 1552 2343 loco
1575 2304 1703 2343 san-

159 2376 265 2422 ctus
295 2367 611 2438 Hippolytus
631 2380 774 2425 esset
799 2372 963 2425 veluti
993 2370 1272 2428 sacrarUm
1297 2376 1595 2431 litterarum
1620 2378 1701 2432 in-

160 2467 365 2527 terpres,
393 2462 700 2526 canonista,
727 2462 1029 2534 theologus,
1061 2467 1499 2531 controversista,
1537 2468 1707 2525 histo-

158 2550 310 2614 ricus,
342 2551 729 2624 chronologus,
772 2560 956 2607 orator
979 2562 1139 2624 atque
1161 2567 1318 2626 poeta
1336 2556 1703 2615 Christianus.

157 2632 370 2702 Sanctus
393 2655 611 2709 quoque
645 2639 1005 2715 Hieronymus
1034 2644 1146 2715 (45)
1180 2661 1286 2699 non
1314 2645 1528 2701 dubitat
1576 2664 1703 2703 san—

154 2735 283 2779 ctum
314 2740 555 2785 nostrum
592 2748 687 2795 eos
716 2735 853 2790 inter
880 2735 1141 2791 Ecclesiae
1170 2735 1358 2793 Patres
1382 2753 1662 2795 recensere
1686 2780 1702 2805 ,

158 2834 176 2867 ι
200 2819 359 2885 quiin
394 2828 603 2875 tantum
636 2824 831 2893 (verba
858 2835 987 2881 sunt
1011 2828 1251 2882 doctoris
1294 2830 1553 2897 maximi)
1581 2832 1702 2899 phi-

155 2907 485 2977 losophorum
527 2914 790 2969 doctrinis
826 2927 986 2987 atque
1029 2916 1314 2973 sententiis
1365 2936 1495 2976 suos
1523 2938 1703 2976 resar-

152 3000 289 3053 ciunt
316 3001 506 3066 libros,
540 3014 602 3057 ut
630 3008 845 3063 nescias
893 3009 1021 3078 quid
1049 3009 1102 3063 in
1128 3010 1233 3065 illis
1260 3013 1493 3079 primum
1524 3012 1700 3066 admi-

154 3090 252 3142 rari
274 3092 495 3157 debeas,
521 3097 887 3173 eruditionem
923 3094 1126 3167 saeculi,
1150 3116 1219 3155 an
1244 3102 1525 3157 scientiam
1556 3103 1701 3159 Scri-

152 3190 440 3246 pturarum.
484 3201 501 3234 »
1219 3254 1227 3261 ο

214 3268 495 3326 Maximam
524 3289 645 3329 esse
677 3279 817 3331 inter
857 3278 1158 3334 doctrinam
1208 3283 1379 3336 sancti
1429 3280 1702 3354 Hippolyti

152 3358 307 3410 nostri
337 3368 391 3412 et
432 3360 577 3415 illam
609 3363 719 3417 divi
748 3362 931 3421 lremei
981 3369 1065 3422 sui
1109 3371 1351 3439 magistri
1385 3372 1700 3426 consensio-

149 3463 258 3501 nem
289 3464 353 3502 ex
400 3449 489 3525 iis,
541 3468 663 3521 qum
695 3472 857 3525 supra
884 3459 949 3512 de
979 3460 1211 3515 residuis
1252 3462 1399 3517 illius
1443 3464 1699 3532 operibus

147 3537 549 3607 disputavimus,
587 3542 744 3600 facile
781 3547 1144 3617 deprehendet
1191 3552 1468 3607 studiosus
1498 3555 1697 3621 ,lector.

146 3627 313 3683 Causa
340 3646 467 3687 vero
499 3633 665 3703 hujus
718 3642 1095 3698 consensionis
1139 3660 1481 3714 nequaquam
1516 3648 1695 3701 tamen
1728 3676 1769 3727 ο

130 3718 195 3775 in
222 3722 362 3776 illius
406 3724 795 3795 discipulatum
854 3734 1010 3789 unice
1065 3735 1402 3791 rel‘undenda
1437 3751 1559 3805 est;
1606 3741 1699 3796 sed

146 3814 471 3880 potissimum
524 3818 688 3871 etiam
735 3822 837 3875 hoc
869 3824 1013 3880 illius
1067 3842 1295 3881 summa
1344 3830 1699 3884 sollicitudini

146 3906 534 3973 ascribendum,
586 3924 749 3978 quam
805 3913 1115 3977 adhibebat.
1170 3933 1238 3971 ne
1286 3920 1369 3973 vel
1414 3920 1696 3973 minimum

146 3995 456 4067 quidquam,
480 3999 625 4067 quod
660 4001 728 4055 ab
752 4008 1191 4061 antecessoribus
1227 3991 1344 4063 suis
1396 4020 1696 4078 acceperat,

146 4088 439 4146 immutaret
469 4090 602 4161 (46).

205 4180 669 4246 Quemadmodum
717 4194 895 4239 autem
951 4187 1008 4242 S.
1072 4191 1307 4246 Irenaeus
1360 4192 1696 4247 divinitatem

145 4266 292 4325 Verbi
323 4274 511 4328 τιετηί
539 4284 653 4328 tam
686 4276 858 4330 valide
905 4293 969 4331 ac
999 4280 1197 4335 invicte
1248 4282 1607 4347 confirmavit,
1638 4296 1697 4339 ut

144 4362 286 4427 pauci
315 4366 541 4419 omnino
573 4369 746 4422 sancti
774 4366 963 4422 Patres
996 4374 1227 4425 concilio
1260 4368 1478 4427 Nie'aeno
1517 4386 1697 4443 poste-

144 4450 303 4507 riores
351 4454 417 4524 de
475 4456 578 4510 hoc
616 4456 894 4527 religionis
947 4464 1208 4529 mysterio
1263 4464 1479 4533 dignius
1530 4466 1694 4519 locuti

142 4536 363 4607 iuerint;
392 4546 474 4598 sic
498 4545 614 4602 fere
636 4548 842 4611 omnia,
871 4565 989 4618 qua:
1031 4562 1310 4620 superant,
1350 4558 1521 4609 sancti
1565 4556 1697 4626 Hip-

141 4629 293 4700 polyti
345 4636 548 4703 scripta
586 4640 824 4695 textibus
852 4654 1098 4697 conserta
1145 4657 1305 4707 sunt,
1351 4648 1550 4715 quibus
1581 4650 1695 4703 lucc

143 4720 372 4777 doctrina
403 4726 711 4785 clarissime
742 4732 1033 4787 stabilitur.
1088 4733 1225 4791 Hinc
1275 4738 1523 4807 judicare
1572 4741 1698 4797 licet

204 4882 315 4967 (44)
361 4870 597 4964 Histoire
618 4864 881 4944 littératre
901 4889 964 4945 de
984 4890 1040 4945 la
1074 4889 1301 4959 France,
1340 4904 1473 4948 tom.
1504 4895 1541 4961 I,
1571 4912 1691 4967 pag.

144 4950 235 5007 597
253 4950 305 5007 et
328 4956 491 5009 sniv-
532 4983 538 4988 -
1182 4990 1185 4991 ν

206 5021 805 5117 (έόλίᾷ-Ηξξιχηῖγιῐηη
847 5030 1005 5109 epist.
1048 5033 1113 5117 ad
1163 5031 1413 5117 Magnum
1447 5038 1691 5117 {orator.,
1727 5011 1771 5065 θ

147 5093 400 5156 ηυω.’70,
430 5110 481 5162 p.
506 5093 611 5164 4ξο
649 5093 778 5150 edit.
810 5093 1011 5153 noviss.
1051 5093 1439 5164 \’enet.,'in-i.

147 5164 509 5289 5.(:320A£ud
537 5163 779 5237 Fabric.,
820 5169 955 5241 Opp.
984 5169 1255 5240 Hippolyt.
1306 5180 1439 5224 tom.
1480 5172 1521 5237 Ι,
1568 5189 1688 5243 pag.

146 5249 192 5293 ἰ),
223 5249 371 5289 num.
395 5249 451 5290 Ζ.

204 5304 310 5378 (ᾗ)
347 5304 538 5378 Sani,
571 5304 716 5361 Hist.
744 5305 947 5369 accisa,
972 5307 1061 5359 lib.
1090 5323 1127 5370 ι,
1154 5325 1274 5378 pag.
1302 5310 1389 5363 98.

205 5369 312 5447 (48)
351 5375 509 5431 Circa
544 5387 951 5447 annum_tamen
984 5369 1192 5445 aetatis,
1225 5369 1345 5443 ἷμιυ
1380 5396 1571 5447 passus
1609 5395 1691 5439 est

146 5435 397 5523 Christus,
431 5448 627 5523 maluit
658 5445 715 5500 S.
749 5444 1063 5517 Hippolytus
1088 5435 1393 5523 abiremeo
1430 5435 1690 5523 magistro

148 5521 236 5587 suo
269 5512 563 5587 discedere,
616 5533 777 5586 quam
819 5512 866 5572 Η
904 5512 1176 5571 communi
1227 5512 1689 5578 sententiafNam

146 5584 421 5659 scripserat
463 5584 708 5661 lrenteusg
746 5604 966 5657 passum
997 5604 1116 5643 esse
1146 5589 1417 5645 Christum
1452 5597 1688 5661 quadra—

149 5650 351 5731 κραδία
373 5655 631 5731 majorem
658 5650 817 5731 l_ib.-u
854 5661 970 5711 adv.
1009 5662 1215 5725 Intres,
1238 5677 1355 5731 cap.
1387 5650 1483 5715 22.-
1513 5663 1686 5718 Econ-
1724 5675 1733 5685 ‘

152 5730 220 5770 ira
247 5717 563 5791 Hippolytus
585 5728 639 5779 in
668 5727 1107 5807 interpretatione
1137 5717 1511 5800 in'Daniclem,
1532 5717 1683 5791 num.

1748 1012 1791 1064 Α
1820 1006 1886 1059 de
1911 1006 2281 1074 magnitudine
2316 1006 2549 1075 injuriae,
2579 1022 2745 1076 quam
2772 1022 2959 1067 sancto
2980 1023 3169 1067 nostro
3198 1016 3377 1071 intulit

1819 1095 2054 1151 Sandius
2085 1098 2217 1166 (47),
2242 1098 2371 1151 dum
2408 1098 2655 1153 eumdem
2685 1111 2946 1169 accusat,
2974 1105 3129 1172 quasi
3160 1109 3379 1176 opposi-

1817 1198 1923 1241 tam
1946 1189 2269 1243 sententiam
2304 1178 2733 1245 tenuisset.’Sed
2770 1191 2838 1245 ab
2879 1194 2979 1248 hac
3006 1193 3140 1248 falsa
3191 1197 3393 1265 crimi~_

1814 1280 2033 1333 natione
2080 1280 2149 1333 cl.
2186 1278 2374 1334 Bullus
2410 1281 2520 1351 (48)
2567 1284 2816 1337 eumdem
2848 1292 2956 1337 tam
3002 1285 3157 1354 plene
3186 1300 3250 1339 ac
3283 1302 3381 1340 cu-

1813 1368 2015 1421 mulate
2045 1369 2365 1432 vindicavit,
2394 1379 2453 1435 ut
2481 1372 2627 1426 nulla
2648 1374 2884 1441 supersit
2917 1374 3149 1444 amplius
3191 1376 3292 1431 hac
3323 1376 3377 1429 in

1813 1472 1871 1511 re
1900 1456 2209 1514 diﬂieultas.
2858 1506 2863 1509 .
2906 1476 2909 1477 ν

1880 1548 2107 1618 Insuper
2154 1560 2375 1605 sanctus
2419 1549 2734 1622 Hippolytus
2764 1552 2846 1607 sui
2877 1553 3119 1623 magistri
3163 1564 3379 1611 secutus
3416 1564 3424 1566 ‘

1810 1652 1893 1697 est
1918 1644 2219 1698 doctrinam
2254 1644 2306 1696 in
2337 1645 2655 1702 stabilienda
2703 1646 3006 1699 animarum
3057 1646 3378 1699 immortali-

1811 1742 1920 1787 tate
1964 1750 2027 1789 ac
2080 1750 2367 1805 corporum
2408 1737 2823 1791 resurrectione.
2858 1734 2986 1791 Dum
3015 1738 3098 1790 hie
3126 1738 3377 1791 veritates

1810 1825 2089 1895 religionis
2117 1826 2438 1880 Christianae
2468 1842 2565 1881 sua
2595 1812 3079 1895 attate'praeprimis
3117 1828 3379 1881 acerrime

1810 1917 2137 1985 impugnata!
2182 1915 2421 1969 fuerunt.
2453 1916 2771 1985 Opinionem
2816 1918 2881 1971 de
2928 1918 3377 1988 metempsycliosi

1807 2006 1967 2059 etiam
1994 2007 2207 2071 evertit,
2239 2015 2401 2075 atque
2424 2008 2803 2068 auctoritatem
2837 2008 3209 2078 Apocalypsis,
3236 2010 3379 2064 velut

1807 2097 2025 2165 genuini
2060 2096 2289 2152 Joannis
2328 2099 2669 2167 evangelista
2702 2100 2910 2167 scripti,
2940 2099 3378 2171 defendit.»Quin

1805 2201 1870 2240 eo
1894 2188 2056 2245 etiam
2085 2180 2369 2258 proceSSit,
2395 2196 2452 2241 ut
2476 2189 2797 2244 sententiam
2821 2205 3038 2259 quoque
3067 2192 3234 2256 illam,
3261 2207 3383 2261 quae

1806 2290 1995 2343 sancto
2029 2280 2230 2335 Irenaeo
2263 2282 2442 2350 quoad
2469 2279 2763 2351 Epistulam
2798 2284 2863 2337 ad
2898 2282 3150 2340 Hebraeos
3184 2285 3382 2339 tribui-

1809 2380 1914 2435 tur,
1944 2373 2090 2443 quod
2137 2371 2394 2426 nimirum
2426 2387 2534 2426 non
2568 2373 2641 2426 sit
2670 2372 2782 2427 divi
2826 2371 3000 2438 Pauli,
3036 2376 3378 2443 amplexatus

1805 2463 1997 2529 fuerit;
2028 2480 2343 2534 quanquam
2388 2464 2634 2520 eamdem
2684 2474 2742 2519 ut
2789 2463 3121 2533 Scripturam
3170 2480 3378 2520 sacram

1806 2555 2126 2624 susceperit.
2170 2555 2251 2609 Ad
2281 2557 2393 2610 haec
2425 2556 2741 2610 verosimile
2767 2564 2851 2610 est
2889 2555 3235 2611 Portuensem
3267 2553 3381 2624 epi-

1806 2658 2029 2713 scopum
2062 2645 2249 2699 saltem
2280 2661 2347 2700 ex
2376 2653 2529 2713 parte
2560 2645 2801 2714 Opinioni
2830 2645 2937 2697 divi
2968 2636 3153 2699 [renati
3184 2660 3373 2700 acces-

1804 2737 1944 2790 sisse
1976 2736 2220 2793 deéstatu
2256 2737 2558 2790 animarum
2586 2744 2708 2804 post
2742 2746 2991 2803 mortem,
3018 2745 3072 2790 et
3112 2737 3179 2791 de
3206 2736 3378 2792 dura-

1805 2826 1952 2879 tione
2001 2828 2214 2891 mundi,
2262 2821 2425 2896 quam
2462 2837 2689 2895 uterque
2718 2827 2922 2880 exactis
2971 2840 3064 2881 sex
3111 2840 3376 2881 annorum

1806 2917 2046 2971 millibus
2075 2918 2404 2972 statuebant.
2814 2980 2815 2987 η

1871 3007 1941 3061 At
1984 3008 2304 3077 magistrum
2338 3024 2495 3063 suum
2529 3008 2581 3062 in
2612 3008 2795 3063 studio
2842 3008 3255 3079 interpretanda:
3288 3024 3378 3064 sa-

1803 3115 1911 3155 crae
1933 3099 2227 3167 Scripturae
2250 3099 2523 3156 indefesso
2545 3100 2874 3167 antecelluit,
2899 3101 3130 3171 indeque
3155 3102 3375 3171 planum

1804 3188 1961 3253 fecit,
1986 3190 2131 3258 quod
2167 3204 2452 3243 sacrorum
2494 3190 2755 3253 librorum
2788 3190 3195 3261 intelligentiam
3234 3189 3379 3244 velut

1804 3295 1919 3334 rem
1953 3282 2154 3335 summi
2191 3284 2450 3336 momenti
2484 3284 2549 3337 ad
2583 3266 2895 3352 religionem
2924 3292 3125 3337 sartam
3154 3291 3379 3337 tectam-

1802 3388 1909 3442 que
1960 3374 2279 3428 servandam
2336 3374 2720 3428 consideravit.
2778 3371 2903 3427 Hinc
2937 3374 3133 3443 'gloria
3188 3384 3377 3428 sancto

1806 3463 2093 3533 Hippolyto
2141 3473 2328 3521 nostro
2370 3463 2617 3525 debetur,
2649 3462 2793 3531 quod
2834 3463 3039 3529 primas
3074 3464 3214 3517 inter
3247 3479 3377 3517 san-

1803 3562 1919 3607 ctos
1947 3552 2151 3615 Patres,
2184 3552 2274 3619 qui
2328 3554 2379 3602 in
2432 3550 2612 3618 plures
2660 3563 2831 3603 sacrae
2872 3548 3167 3619 Scriptura:
3205 3551 3374 3606 libros

1801 3643 2150 3698 commentati
2200 3642 2420 3707 fuerint,
2448 3642 2683 3696 tenuerit
2721 3652 2939 3711 partes;
2974 3643 3225 3712 quodque
3259 3643 3375 3712 ipse

1804 3732 2153 3787 incitamento
2205 3747 2267 3785 ac
2314 3732 2562 3800 eXemplo
2614 3730 2777 3785 fuerit
2828 3749 3021 3802 magno
3061 3730 3277 3801 Origeni
3308 3733 3371 3787 ad

1803 3824 2205 3893 suscipiendum
2259 3823 2497 3877 laborem
2558 3820 2817 3883 Ecclesia:
2872 3834 2979 3877 tam
3048 3816 3370 3892 proﬁcuum.

1801 3913 2101 3967 Fatendum
2150 3914 2313 3967 etiam
2356 3914 2541 3983 quod,
2598 3913 2832 3983 Origene
2880 3924 3140 3983 excepto,
3194 3914 3381 3973 nullus,
3442 3928 3445 3931 '

1802 4002 1904 4057 SS.
1935 4002 2159 4057 Patrum
2205 4004 2325 4072 plus
2371 4019 2550 4072 opera:
2604 4002 2812 4056 dederit
2866 4004 3047 4055 sensui
3080 4003 3370 4069 allegorice

1799 4111 1961 4165 quam
1994 4104 2215 4169 sanctus
2243 4094 2583 4164 Hippolytus.
2619 4091 2792 4160 Hujus
2821 4092 2894 4144 rei
2932 4091 3369 4169 saneconvinci-
3496 4080 3499 4084 Α

1801 4201 1924 4237 mur
1956 4201 2020 4237 ex
2055 4167 2571 4251 reliquiisrejusdem
2621 4168 3133 4235 commentariorum
3182 4180 3234 4233 in
3283 4196 3368 4235 sa-

1798 4290 1919 4331 cras
1948 4263 2175 4329 litteras.
2208 4271 2434 4326 Pliotius
2459 4272 2570 4340 (49)
2595 4285 2811 4339 quoque
2844 4270 3096 4324 observat
3119 4272 3367 4325 eumdem

1799 4368 2089 4436 pretulisse
2118 4365 2411 4420 sententias
2444 4366 2509 4417 ad
2536 4362 2777 4415 veritatis
2804 4362 2988 4415 limam
3027 4364 3206 4417 minus
3236 4379 3383 4431 exa-p

1798 4466 1951 4519 etas;
1997 4456 2088 4510 sed
2152 4455 2264 4508 haec
2308 4454 2536 4507 Photius
2584 4452 2832 4520 intelligit
2876 4452 2942 4507 de
2983 4468 3044 4506 ca
3093 4454 3365 4521 diligentia

1796 4559 1849 4603 et
1878 4564 2029 4613 cura,
2055 4530 2177 4617 quae
2210 4547 2441 4616 primum
2488 4544 2650 4614 longo
2685 4554 2928 4613 tempore
2972 4553 3095 4613 post
3130 4552 3362 4605 aetatem,

1798 4657 1900 4710 qua
1952 4652 2175 4695 sanctus
2216 4647 2397 4694 noster
2446 4638 2759 4709 scripserat,
2795 4637 3029 4691 innotuit
3078 4645 3238 4702 atque
3271 4633 3367 4687 ob-

1799 4742 2012 4786 servata
2048 4729 2168 4783 fuit.

1797 4906 1830 4958 4
1853 4946 1866 4969 ς
1903 4904 2014 4977 ait:
2058 4903 2311 4977 «_Passus
2344 4921 2469 4977 vero
2501 4912 2586 4977 est
2612 4917 2755 4977 anno
2789 4900 3065 4977 tricesimo
3102 4896 3279 4951 tertio.
3319 4915 3352 4977 θ»

1872 4975 1983 5039 (49)
2031 4993 2047 5024 ι
2080 4974 2246 5049 Lecta
2276 4985 2357 5030 est
2392 4970 2665 5049 Hippolyti
2718 4971 2955 5049 episcopi
3005 4970 3365 5049 et_martyris

1800 5037 2170 5111 interpretatio
2219 5037 2666 5112 Danielis,"qnem
2710 5037 2813 5112 etsi
2867 5038 2931 5112 ad
2980 5037 3204 5090 verbum
3258 5037 3366 5091 non

1798 5108 2052 5183 eXplicat,
2085 5116 2404 5169 sententiam
2443 5108 2732 5183 tamen,_ut
2768 5110 2837 5161 ita
2868 5108 3067 5172 dicam,
3100 5122 3207 5160 non
3239 5120 3368 5173 prae-

1797 5180 2071 5239 ter‘eurrit.
2100 5186 2264 5239 Multa
2310 5196 2470 5252 porro
2503 5180 2669 5234 veteri
2717 5193 2892 5252 more,
2918 5191 3024 5229 non
3051 5186 3138 5252 Aut
3182 5187 3362 5244 postea

1797 5257 1947 5309 fuere
1997 5245 2327 5309 accuratius,
2352 5266 2601 5311 excussa,
2644 5245 3361 5317 persequiturZQuanquam

1796 5340 1982 5379 eorum
2017 5326 2164 5393 posci
2198 5322 2461 5393 rationem
2492 5315 2704 5393 mqumu
2739 5328 2974 5393 nonest.
3008 5315 3193 5393 Neque
3218 5317 3361 5393 enim

1795 5396 1879 5449 fas
1908 5398 1975 5447 ab
2005 5384 2088 5457 iis,
2116 5392 2205 5460 qui
2237 5384 2582 5443 fundamenta
2611 5390 2687 5441 rei
2712 5389 2940 5457 alicujus
2974 5384 3359 5441 consideranda

1798 5462 2402 5533 posuerint,rrationem
2462 5469 2700 5533 repetere
2749 5474 2954 5533 eorum
2999 5472 3119 5526 quae
3173 5464 3358 5533 praue-

1800 5523 1974 5596 ricre;
2031 5532 2122 5585 sed
2180 5530 2361 5584 favere
2388 5523 2567 5597 potius
2599 5531 2817 5583 conatui
2856 5530 2977 5597 ipsi,
3014 5523 3358 5597 quantulum-

1798 5619 2009 5672 cunque
2041 5604 2093 5654 in
2124 5617 2300 5672 rerum
2328 5596 3359 5669 contemplandarumcomprehenstoue

1800 5671 2180 5753 processerint.
2212 5692 2229 5724 ι
2271 5671 2453 5740 Phot.,
2490 5672 2610 5727 cod.
2639 5686 2761 5726 ccn.
