4104 6350
633 448 743 504 335

705 560 884 628 Stylus
932 554 1098 608 sancti
1142 548 1433 618 Hippolyti.
1472 576 1540 586 —
1588 544 1738 609 Quod
1790 549 1968 594 autem
2023 534 2196 591 sancti
2227 547 2270 598 Α

636 627 903 719 Hippolyti
956 643 1166 700 dicendi
1216 638 1593 706 scribendique
1638 635 1864 686 formam
1894 627 2194 708 concernit,

639 745 753 794 haec
797 752 985 791 tnnries
1031 732 1280 787 amabilis
1311 731 1604 798 primorum
1642 722 1960 776 saeculorum
1989 715 2196 786 simpli-

636 831 812 882 citatis
843 839 950 894 pra:
979 839 1035 876 se
1065 819 1166 873 fert
1193 821 1556 872 characteres.
1593 810 1705 864 Hac
1736 804 1910 863 tamen
1952 822 2059 861 non
2100 806 2212 863 οδε

638 930 812 976 stante
862 917 1019 970 divus
1071 911 1431 978 Hieronymus
1467 919 1714 973 magnam
1741 896 2196 967 eloquentire'vim

611 1018 828 1066 sancto
872 1016 1056 1060 nostro
1109 999 1329 1055 ascribit
1358 997 1469 1067 (50)
1516 1014 1529 1049 :
1579 993 1846 1062 siquidem
1897 987 2200 1056 eloquentia

639 1100 866 1153 multum
919 1091 1192 1148 sociabilis
1235 1098 1313 1142 est
1365 1103 1488 1140 cum
1548 1082 1914 1152 simplicitate,
1947 1093 2108 1148 quam
2147 1079 2202 1130 in

639 1185 759 1252 ejus
793 1180 1008 1247 scriptis
1033 1175 1463 1231 observavimus.
1493 1171 1808 1241 Eloquentia
1842 1168 1986 1222 enim
2019 1168 2064 1220 is
2088 1181 2206 1220 om-

641 1275 774 1327 nino
816 1270 976 1333 valet,
1003 1281 1314 1338 quanquam
1361 1263 1595 1333 simplici
1641 1269 1823 1314 utatur
1855 1258 2015 1328 stylo,
2049 1257 2204 1326 quis-

639 1361 767 1430 quis
795 1368 914 1427 apte
941 1367 992 1410 et
1013 1357 1256 1425 apposite
1284 1353 1348 1407 ad
1378 1351 1809 1422 persuadendum
1836 1348 2087 1416 disserit;
2117 1347 2206 1400 ille

644 1461 822 1506 autem
856 1450 1176 1518 persuadere
1216 1456 1410 1516 potest,
1440 1445 1531 1515 qui
1575 1443 1907 1512 argumentis
1940 1441 2110 1495 utitur
2139 1440 2207 1494 ad

641 1539 1064 1595 commovendos
1091 1549 1142 1593 et
1169 1528 1440 1592 sedandos
1468 1535 1694 1590 affectus
1717 1534 1961 1610 proxime
1993 1547 2207 1586 accom-

645 1630 899 1701 modatis.
1557 1696 1561 1699 Ι

644 1717 647 1720 ’
713 1719 978 1774 Caeterum
1020 1719 1192 1786 stylus
1219 1717 1338 1785 ejus
1370 1722 1488 1767 erat
1516 1711 1717 1782 gravis,
1746 1710 1946 1772 clarus,
1984 1706 2210 1770 nitidus,

643 1811 916 1872 concisus,
951 1808 1232 1861 inutilibus
1274 1805 1434 1858 rebus
1478 1803 1699 1855 minime
1738 1789 2212 1854 omninointrica~

1600 428 1686 482 DE
1727 423 1888 481 VITA
1925 418 2012 474 ET
2052 415 2366 473 SCRIPTlS
2404 397 2464 468 s.
2497 404 2855 465 lllPPOLYTl

3742 385 3852 441 385

2305 554 2328 581 τ
2373 529 2444 582 hil
2499 526 2660 579 habet
2710 523 2944 582 irritum,
2976 513 3224 588 quamvis
3267 510 3317 566 ei
3360 508 3482 579 Styli
3511 504 3856 560 Atheniensis

2303 639 2321 671 i
2371 618 2551 674 desint
2599 616 2833 683 lepores.
2879 608 2997 662 Non
3047 621 3174 660 vera
3220 605 3440 672 promit,
3471 606 3525 652 et
3578 596 3858 666 inprimis

2304 729 2323 763 ι
2373 707 2622 777 Epistolas
2669 704 2735 757 ad
2788 701 3040 754 Hebraeos
3083 695 3308 749 Paulum
3356 705 3461 745 non
3505 703 3625 743 esse
3669 694 3860 777 auctof

2304 820 2331 854 ι-
2373 775 2788 866 rein.i...Apud
2815 792 3060 849 eumdem
3099 796 3372 842 auctorem
3405 779 3701 853 (Photium)
3730 775 3860 831 alibi

2305 891 2580 962 Hippolyti
2628 884 2998 942 commentarii
3043 880 3322 950 cujusdam
3371 877 3424 928 in
3479 872 3752 926 Danielem
3801 868 3866 923 ﬁt

2302 957 2558 1037 mentio:
2607 995 2626 1028 ι
2659 975 2883 1029 Etiamsi
2934 977 3040 1024 non
3087 968 3346 1037 explicet,
3394 963 3570 1032 inquit
3611 957 3862 1019 Photius,

2307 1074 2490 1126 «illum
2524 1069 2838 1139 prophetam
2866 1064 2931 1116 ad
2955 1063 3209 1122 litteram,
3242 1059 3624 1126 ipsumtamen
3653 1051 3865 1104 nul-lum

2310 1162 2584 1217 «omittere
2610 1157 2850 1219 sensum,
2886 1155 3192 1224 priscorum
3240 1162 3392 1202 more
3418 1160 3507 1199 res
3551 1143 3868 1212 explicare,

2310 1268 2446 1306 «non
2473 1265 2598 1304 vero
2632 1249 2706 1302 ita
2735 1254 3006 1307 accurate,
3036 1253 3096 1297 ut
3122 1241 3318 1295 exinde
3350 1235 3785 1304 suntexpositte;
3811 1239 3872 1284 at
3908 1257 3913 1262 ο

2312 1363 2330 1395 t
2343 1359 2451 1397 non
2477 1342 2596 1396 ideo
2607 1340 2852 1395 censoria
2869 1327 3090 1404 dignum
3115 1348 3235 1387 esse
3260 1330 3489 1398 virgula,
3508 1327 3637 1396 quia
3653 1337 3869 1394 aequum

2313 1449 2449 1486 tuon
2479 1443 2560 1487 est
2607 1431 2676 1485 ab
2722 1423 2808 1489 iis,
2837 1427 2932 1496 qui
2975 1425 3218 1480 scientia:
3262 1417 3870 1485 fundamenta-jaciunt,

2318 1524 2561 1590 texigere
2613 1529 2675 1575 ut
2705 1519 2839 1574 nihil
2879 1517 3163 1570 emittant:
3197 1523 3383 1568 contra
3428 1524 3558 1577 vero
3587 1523 3684 1561 eos
3715 1505 3878 1559 laude

2317 1614 2539 1680 «dignos
2560 1617 2705 1672 esse,
2737 1608 2880 1678 quod
2913 1606 3070 1676 primi
3104 1621 3192 1661 res
3222 1601 3550 1672 aperuerint,
3579 1608 3632 1652 et
3656 1597 3876 1651 invene-

2327 1703 2520 1756 01⁵1111.)
2576 1700 2842 1754 Caeterum
2899 1711 3109 1751 errasse
3171 1692 3516 1762 Hippolytum
3575 1704 3697 1743 cum
3753 1687 3876 1742 finis

2316 1791 2505 1846 nutndi
2535 1798 2749 1857 tempus
2786 1787 3008 1841 delinire
3031 1785 3221 1850 voluit,
3245 1792 3308 1837 et
3336 1780 3654 1835 Antichristi
3683 1778 3881 1832 adven-

645 1912 756 1966 tus,
793 1911 954 1968 atque
1004 1913 1280 1952 sacrarum
1333 1895 1733 1962 Scripturarum
1786 1886 2223 1958 interpretationi
2247 1881 2287 1932 Β
2318 1891 2430 1936 tum
2463 1887 2625 1951 quem
2655 1879 2814 1934 Jesus
2838 1879 3008 1932 voluit
3029 1877 3304 1931 occultum
3324 1871 3625 1943 discipulis,
3652 1869 3734 1923 vel
3751 1869 3876 1923 ct'tm

647 1993 882 2046 maxime
910 2003 1236 2058 congruens.
1269 1985 1371 2039 Sed
1407 1986 1616 2053 lepores
1649 1997 1712 2037 ac
1739 1987 2079 2034 venustatem
2112 1977 2216 2032 ele-

646 2079 845 2154 gantias
865 2079 1055 2132 Atticae
1084 2093 1191 2130 non
1221 2078 1397 2130 habet.
1425 2073 1644 2143 Regula:
1669 2087 1884 2142 quoque
1914 2070 1980 2124 ad
2013 2083 2215 2124 sermo-

624 2173 734 2226 tnis
761 2163 1080 2239 elegantiam
1116 2168 1478 2222 conducentes
1505 2166 1774 2218 interdum
1823 2163 1890 2216 ab
1935 2175 2001 2214 eo
2035 2161 2214 2230 negle-

646 2271 754 2314 ctaar
771 2259 1009 2313 fuerunt.
1043 2257 1166 2312 Haec
1209 2257 1275 2310 de
1313 2256 1512 2319 indole,
1546 2255 1783 2324 ingenio,
1812 2252 2114 2307 eruditione
2151 2265 2215 2304 ac

649 2351 790 2420 stylo
814 2348 985 2426 sancti
1016 2346 1284 2416 Hippolyti
1307 2345 1593 2399 clarissimi
1621 2341 1720 2396 viri
1744 2359 1773 2396 e
1801 2340 2217 2410 congregatione

552 2431 558 2436 ’
651 2427 843 2490 Sancti
873 2433 1043 2487 Mauri
1073 2434 1515 2500 pronuntiarunt.

709 2525 890 2580 ‘Crisis
924 2523 1176 2578 Ceillierii
1204 2523 1266 2574 de
1290 2522 1518 2590 ingenio,
1539 2519 1830 2572 eruditione
1855 2534 1917 2590 ac
1937 2517 2072 2585 stylo
2097 2532 2220 2569 san-

650 2619 720 2670 cti
761 2615 1054 2684 Hippolyti.
1085 2644 1153 2653 -—
1191 2612 1277 2677 Ab
1327 2581 1527 2664 Horum
1567 2610 1806 2663 virorum
1850 2581 2054 2676 jtidieio
2108 2621 2217 2659 non

651 2708 856 2761 abludit
885 2706 1042 2760 crisis
1073 2703 1370 2758 doctissimi
1403 2699 1677 2764 Ceillierii,
1711 2714 1819 2767 quo
1863 2698 2046 2768 judice
2090 2712 2218 2752 sau-
2255 2769 2257 2773 ι

653 2809 773 2853 ctus
803 2806 983 2850 noster
1012 2794 1333 2864 Hippolytus
1359 2793 1546 2846 habuit
1570 2791 1844 2859 ingenium
1877 2791 2217 2858 praeclarum,

655 2889 784 2942 mite
813 2896 973 2954 atque
1005 2900 1035 2938 a
1066 2893 1244 2954 satyra
1275 2883 1498 2937 omnino
1529 2881 1846 2934 abhorrens.
1877 2878 2222 2932 Cohaerenter

655 2979 876 3046 cegitat,
917 2976 1098 3028 nativo
1130 2973 1342 3027 dicendi
1380 2987 1573 3042 genere
1614 2972 1801 3036 utitur,
1845 2970 2017 3023 solide
2051 2969 2220 3022 ratio-

659 3071 894 3124 cinatur.
941 3066 1066 3121 Suis
1099 3067 1152 3118 in
1184 3081 1392 3119 sacram
1424 3064 1759 3133 Scripturam
1795 3062 2221 3132 expositionibus

658 3161 780 3230 plus
808 3160 1034 3213 inhaaret
1055 3156 1268 3226 spiritui
1298 3171 1459 3223 quam
1485 3156 1695 3209 litterze.
1732 3153 1926 3208 Verum
1957 3153 2222 3223 allegoria:

661 3251 806 3306 illius
837 3259 962 3304 sunt
990 3256 1250 3312 venustae,
1276 3254 1328 3299 et
1356 3247 1671 3314 plerumque
1699 3246 1828 3300 satis
1858 3246 2133 3315 appositae.
2154 3243 2223 3297 At

663 3355 790 3395 vero
815 3338 1081 3410 expositio
1130 3351 1322 3390 sensus
1369 3336 1612 3390 litteralis
1661 3352 1767 3388 non
1819 3341 1954 3390 adeo
1997 3337 2224 3390 feliciter

664 3433 839 3487 eidem
890 3430 1156 3484 interditm
1203 3429 1482 3484 successit.
1518 3428 1700 3482 Genus
1733 3428 1850 3495 ejus
1876 3428 2087 3482 dicendi
2116 3429 2226 3482 ela-

663 3537 807 3584 rum,
854 3535 1014 3590 grave
1063 3534 1125 3572 ac
1175 3519 1541 3581 succinctum;
1594 3517 1842 3586 quamvis
1888 3525 2066 3569 autem
2109 3517 2226 3584 ejus

665 3613 897 3666 orationi
925 3627 1031 3664 non
1064 3609 1232 3664 insint
1253 3625 1441 3663 omnes
1465 3609 1586 3679 styli
1610 3607 1955 3662 Atheniensis
1979 3616 2230 3661 venusta-

666 3713 746 3758 tes
767 3746 780 3767 ,
812 3710 1036 3756 ornatus
1078 3710 1280 3766 tamen,
1307 3700 1526 3763 nobilis,
1564 3698 1761 3753 ﬂuidus
1786 3708 1840 3752 et
1869 3714 2119 3754 amoenus
2147 3707 2230 3753 est

668 3794 812 3847 illius
842 3793 1012 3861 stylus
1045 3791 1179 3858 (5|).

741 3882 1004 3934 Creterum
1050 3887 1103 3932 et
1139 3877 1368 3930 Maurini
1402 3877 1593 3939 nostri,
1626 3885 1680 3928 et
1713 3875 1990 3941 Remigius
2015 3877 2229 3930 Ceillie-

670 3972 786 4024 rius
817 3970 870 4022 in
898 3969 1242 4037 dijudicando
1269 3967 1504 4036 ingenio,
1538 3967 1676 4035 stylo
1708 3975 1760 4018 et
1789 3963 2090 4016 eruditione
2111 3979 2235 4016 sau-

671 4063 742 4116 cti
776 4060 1043 4130 Hippolyti
1093 4059 1263 4114 secuti
1307 4058 1648 4126 potissimum
1686 4068 1812 4109 sunt
1837 4056 2009 4106 virum
2054 4053 2234 4106 crudi—

673 4151 940 4203 tissiinum
971 4149 1240 4210 Photium,
1273 4151 1429 4214 cujus
1461 4160 1747 4200 censuram
1784 4145 2043 4213 integram
2075 4141 2236 4196 refert

675 4241 936 4310 Dupinius
963 4256 1058 4302 sua
1091 4242 1144 4293 in
1174 4236 1649 4306 Bibliotheca(52),
1669 4237 1738 4289 ita
1775 4237 2036 4308 loquens;
2067 4253 2084 4283 ι
2108 4232 2235 4302 Ilip—

674 4331 841 4402 polyti
883 4341 1068 4384 contra
1120 4326 1418 4383 haereticos
1443 4329 1638 4380 librum
1674 4327 1874 4396 legerat
1908 4325 2154 4389 Photius,
2184 4334 2236 4378 et

676 4438 742 4476 en
773 4421 901 4490 quid
941 4422 1005 4473 de
1036 4435 1102 4474 eo
1136 4421 1368 4474 sentiat:
1418 4437 1434 4469 ε
1470 4417 1741 4487 Hippolyti
1763 4460 1777 4481 ,
1815 4417 1998 4471 [rentci
2032 4417 2236 4470 audito-

2318 1973 2589 2026 instanter
2640 1969 2708 2022 ab
2756 1983 2823 2022 eo
2862 1974 3123 2035 peterent.
3161 1981 3180 2014 ‹
3209 1961 3286 2028 Id,
3329 1962 3522 2030 inquit,
3572 1959 3674 2013 500
3720 1957 3882 2012 annis

2320 2059 2781 2130 iposthristum,
2805 2060 2968 2111 ﬁxum
2989 2055 3180 2116 voluit,
3202 2053 3355 2121 quasi
3372 2050 3607 2104 mundus
3624 2065 3717 2103 sex
3737 2049 3883 2105 mille

2322 2151 2508 2205 cannis
2533 2165 2639 2202 non
2664 2148 2896 2216 amplius
2925 2146 3218 2198 duraturus
3247 2150 3389 2196 esset
3421 2159 3434 2194 :
3468 2141 3520 2196 id
3549 2140 3712 2194 nimis
3750 2139 3888 2194 sub-

2322 2245 2469 2298 itie.
2498 2242 2632 2312 Ejus
2665 2238 2935 2302 scribendi
2963 2237 3101 2290 ratio
3137 2235 3421 2304 perspicua
3464 2242 3567 2298 est,
3602 2241 3656 2286 et
3686 2231 3886 2299 nitida,

2321 2344 2406 2388 tet
2427 2335 2492 2388 ad
2517 2330 2966 2388 commentarium
3004 2335 3149 2396 apta,
3176 2327 3300 2381 licet
3332 2341 3361 2378 a
3387 2325 3510 2394 styli
3535 2323 3884 2378 Atheniensis

2322 2426 2562 2494 «legibus
2585 2435 2637 2477 et
2662 2422 2894 2492 puritate
2927 2420 3163 2473 recedat.
3199 2417 3386 2471 Exstat
3409 2416 3570 2470 etiam
3608 2414 3780 2485 ipsius
3813 2412 3886 2465 De

2323 2514 2568 2569 tChristo
2594 2511 2980 2568 etAntichristo
3011 2509 3323 2572 homilia,iu
3353 2515 3478 2576 qua,
3508 2507 3608 2560 etsi
3635 2505 3890 2559 eumdem

2322 2604 2624 2658 «scribendi
2649 2603 2873 2656 modum
2903 2599 3218 2662 servaverit,
3250 2598 3546 2665 simplicior
3566 2605 3740 2649 tamen
3778 2603 3886 2660 est,

2324 2701 2405 2746 «et
2433 2694 2603 2762 magis
2631 2693 2833 2747 redolet
2862 2690 3294 2758 antiquitatem.»
3327 2685 3422 2738 His
3450 2684 3624 2738 Photii
3643 2685 3776 2739 locis
3805 2685 3888 2737 in-

2319 2785 2554 2836 notescit
2582 2798 2690 2835 non
2734 2782 2912 2834 solum
2949 2777 3221 2846 Hippolyti
3253 2791 3498 2844 operum,
3519 2791 3639 2844 quae
3665 2775 3886 2844 legerat,

2319 2880 2716 2940 argumentum,
2762 2871 2854 2924 sed
2891 2881 2944 2923 et
2978 2871 3123 2922 illius
3151 2867 3388 2920 auctoris
3414 2874 3526 2919 tum
3557 2866 3747 2936 stylus,
3776 2874 3893 2919 tutu

2317 2967 2618 3020 character.
2651 2983 2674 3016 ι
2706 2962 2978 3017 Hactenus
3007 2962 3294 3030 perdoctus
3321 2957 3481 3013 Ellies
3507 2958 3793 3027 Dupinius.

2863 3071 3258 3127 ARTICULUS
3292 3070 3363 3126 11.

2407 3183 2730 3225 recucnnss
2763 3181 3036 3220 ornuoacs
3063 3181 3125 3219 ac
3151 3167 3389 3220 EBBOBES
3423 3180 3468 3216 s.
3506 3173 3802 3215 HIPPOLYTI.

2396 3259 2539 3312 Num
2571 3257 2627 3312 S.
2667 3256 2982 3326 Hippolytus
3011 3255 3103 3308 sub
3121 3237 3445 3307 Antichristo
3474 3250 3740 3302 diabolum
3775 3262 3892 3314 per-

2321 3361 2584 3413 sonatum,
2616 3360 2664 3402 et
2707 3359 2992 3416 serpentem
3023 3343 3378 3398 intellexerit?
3402 3369 3471 3379 ——
3503 3338 3656 3402 Quod
3688 3345 3894 3404 spectat

2325 3443 2391 3496 ad
2417 3442 2696 3510 opiniones
2721 3439 3018 3509 peculiares
3048 3449 3368 3499 erroresque
3394 3430 3564 3484 sancti
3598 3429 3758 3496 hujus
3782 3427 3893 3495 epi-

2326 3532 2496 3601 scopi,
2553 3539 2749 3599 praater
2794 3531 2908 3598 jam
2949 3527 3091 3580 dicta
3139 3522 3389 3589 superius
3435 3520 3578 3574 circa
3622 3517 3894 3571 Antichri-

2328 3635 2469 3678 stum
2499 3623 2635 3692 (53),
2665 3618 3065 3688 observandum
3088 3615 3288 3684 pariter
3316 3614 3404 3667 hic
3431 3614 3596 3677 venit,
3622 3612 3765 3679 quod
3802 3624 3894 3663 ve-

2326 3721 2506 3766 tustus
2545 3713 2632 3765 hic
2667 3710 2822 3764 Pater
2861 3711 2912 3761 in
2957 3708 3092 3760 libro
3121 3704 3192 3757 De
3225 3703 3434 3758 Christo
3466 3713 3514 3757 et
3544 3702 3885 3762 Antichristo,

2330 3821 2383 3857 n.
2416 3803 2502 3867 M,
2534 3811 2903 3855 commentans
2933 3798 2986 3863 in
3021 3796 3150 3848 illud
3188 3793 3380 3848 Genes.
3413 3810 3556 3858 ηις,
3586 3793 3650 3846 17
3679 3803 3716 3844 :'
3767 3790 3892 3842 Fiat

2330 3892 2448 3943 Dan
2516 3905 2749 3956 serpens,
2787 3889 2966 3941 sedens
3021 3885 3075 3938 in
3133 3893 3295 3950 terra,
3325 3885 3562 3936 mordens
3585 3882 3887 3934 calcaneum

2331 3982 2486 4049 equi;
2543 3995 2637 4048 per
2700 3977 3174 4045 interrogationem
3234 3978 3495 4031 scribat:
3580 3972 3893 4037 «Quisnam

2333 4071 2494 4137 igitur
2525 4084 2764 4136 serpens,
2802 4068 2904 4120 nisi
2933 4068 3318 4131 Antichristus,
3363 4065 3613 4120 seductor
3659 4062 3766 4122 ille,
3801 4060 3893 4128 qui

2336 4161 2514 4214 dictus
2563 4159 2614 4210 in
2668 4156 2926 4212 Genesi“
2955 4167 3056 4223 est,
3085 4158 3176 4227 qui
3214 4157 3425 4212 seduxit
3456 4153 3640 4217 Evam,
3676 4162 3727 4205 et
3752 4151 3895 4204 Ada-

2336 4266 2480 4304 mutn
2515 4249 2878 4317 supplantavit
2909 4249 3055 4319 ('54)?
3076 4269 3093 4300 ι
3126 4247 3182 4304 Si
3211 4264 3334 4301 eum
3365 4247 3537 4314 ipsum
3573 4251 3892 4310 serpentem,

2335 4345 2426 4413 qui
2457 4345 2658 4413 primos
2686 4349 2933 4410 parentes
2955 4341 3168 4395 seduxit
3186 4348 3240 4392 et
3269 4334 3629 4405 supplantavit
3655 4333 3708 4385 in
3739 4347 3895 4400 para-

2337 4437 2477 4500 disu,
2511 4437 2636 4488 velit
2671 4434 2986 4503 Hippolytus
3010 4449 3129 4487 esse
3160 4428 3573 4488 Antichristum,
3606 4433 3657 4477 et
3685 4425 3738 4475 in
3772 4438 3895 4491 per-

679 4530 702 4564 s
749 4513 842 4573 ris,
872 4519 1056 4562 contra
1097 4509 1167 4562 '52
1208 4511 1426 4562 licere-ses
1459 4510 1560 4577 legi
1591 4509 1863 4569 libellum;
1898 4524 1926 4560 a
1954 4507 2232 4562 Dosithea-
2273 4542 2313 4593 ο
2340 4540 2507 4587 5mm;
2541 4524 2694 4589 quasi
2731 4523 2797 4589 is,
2826 4521 2920 4591 qui
2967 4521 3057 4574 illa
3104 4519 3279 4588 specie
3327 4515 3576 4583 apparuit
3601 4522 3652 4566 ει
3683 4512 3893 4567 loculus

681 4621 700 4652 ι
747 4601 830 4653 nis
869 4599 1097 4658 orditur,
1128 4605 1191 4650 .et
1242 4597 1307 4650 ad
1346 4597 1575 4649 Noetum
1621 4612 1790 4663 usque
1837 4605 1890 4647 et
1942 4594 2234 4648 Noetianos

681 4711 706 4745 s
750 4691 940 4760 pergit.
978 4687 1084 4742 Eas
1140 4703 1329 4740 omnes
1368 4687 1534 4740 tradit
1583 4686 1649 4738 ab
1684 4686 1881 4738 Irenzeo
1932 4686 2234 4740 confutatas

685 4803 704 4835 ι
753 4785 919 4838 fuisse
964 4783 1215 4841 btereses,
1247 4788 1300 4832 et
1354 4794 1411 4832 se
1460 4779 1512 4830 in
1563 4793 1627 4830 eo
1665 4777 1841 4829 libello
1889 4777 2021 4828 nihil
2065 4778 2234 4839 aliud,

687 4894 704 4925 ι
753 4890 912 4943 quam
950 4873 1094 4925 illius
1123 4869 1298 4923 Patris
1341 4869 1620 4923 ratiocinia
1651 4876 1704 4920 et
1734 4877 2048 4935 argumenta
2074 4869 2238 4920 colle-

686 4984 705 5014 ι
752 4967 913 5033 gisse.
946 4963 1233 5032 Perspicua
1262 4968 1367 5026 est,
1413 4969 1465 5014 et
1498 4960 1674 5030 gravis
1700 4959 1817 5029 ejus
1842 4959 2036 5024 oratio,
2068 4967 2123 5012 et
2153 4959 2238 5011 ni-

753 5054 798 5085 “
827 5054 964 5109 Gen.
991 5070 1076 5117 Ill,
1107 5054 1159 5108 1.

757 5143 929 5214 (50)}
974 5144 1292 5214 Hippolytus
1340 5145 1424 5196 vir
1471 5142 1887 5200 disertissimus.
1918 5165 1937 5197 ι
1979 5144 2239 5214 ,Πὶθγοηη

685 5198 1410 5284 ορὶδιίὲὃγειᾶἶμιῖρίηἰυηῑ.
1455 5216 1562 5284 εδ.
1614 5198 1882 5284 Hippolyti
1939 5198 2243 5268 eruditione

688 5282 994 5354 clarissimi.
1023 5302 1058 5354 »Α
1081 5283 1422 5354 Martyrolog.
1455 5282 1708 5347 Romam,
1741 5282 2080 5354 iit—Augusti.

761 5351 874 5423 (ξε)
915 5348 1328 5423 Remiﬁeill'ier,
1360 5348 1500 5406 Hist.
1551 5356 1666 5423 géu.
1714 5357 1800 5407 des
1833 5348 2063 5418 autcurs,
2108 5362 2148 5405 t.
2179 5349 2241 5415 H,

691 5436 748 5491 ρ.
775 5419 879 5491 sit
915 5428 969 5491 et
992 5420 1114 5491 δῖε.

691 5487 715 5568 ς
765 5487 1442 5568 (52)1ρ1ιρὶῃ.,·1ξξρέίοῑὴ.,
1479 5499 1518 5544 t.
1555 5494 1597 5556 ι,
1649 5508 1702 5561 p.
1747 5493 1841 5548 173
1886 5504 1939 5548 et
1985 5495 2085 5548 179
2115 5491 2243 5548 edit.

693 5561 868 5615 Latin.
893 5558 1308 5619 ColoniaeJ’tOE.

734 5630 875 5712 _(53)
919 5625 1050 5706 Vide
1079 5628 1396 5712 hujussect.
1429 5647 1544 5712 cap.
1583 5633 1629 5712 l,
1659 5645 1759 5712 art.
1798 5633 1895 5712 l0,_
1919 5635 2005 5687 ubi
2045 5635 2110 5712 de
2141 5633 2248 5687 ori«

699 5703 839 5768 gine,
874 5703 1091 5750 nomine
1139 5707 1475 5768 actetnpore
1505 5703 1816 5756 Antichristi
1849 5706 2203 5758 disseruimus
2231 5722 2244 5764 ;

701 5766 786 5825 hic
834 5771 1092 5824 duntaxat
1145 5766 1319 5822 adhuc
1365 5770 1860 5842 auin‘iadvcrtimus,
1907 5777 2049 5844 quod
2104 5775 2249 5828 nullo

2334 4625 2433 4676 est,
2465 4616 2578 4683 ipse
2630 4623 2776 4666 tanta
2816 4613 2926 4676 illa,
2969 4625 3090 4677 qua:
3140 4595 3206 4661 dé
3248 4604 3581 4658 Antichristo
3628 4602 3891 4666 feruntur,

2336 4707 2406 4757 sit
2455 4713 2795 4771 Operatut'us,
2824 4703 2917 4772 qui
2970 4717 3095 4755 vere
3135 4700 3250 4766 ipse
3300 4694 3568 4758 diabolus,
3601 4704 3710 4758 aut,
3736 4703 3893 4763 prout

2338 4793 2651 4862 Hippolytus
2670 4805 2842 4856 vocat,
2861 4792 3056 4845 diaboli
3084 4790 3224 4842 ﬁlius
3259 4787 3348 4850 sit,
3377 4802 3481 4840 non
3510 4788 3684 4841 solum
3713 4787 3892 4838 imita-

2341 4883 2501 4945 tione,
2537 4883 2629 4934 sed
2662 4884 2821 4935 etiam
2852 4891 3081 4945 natura;
3111 4894 3250 4932 unus
3285 4879 3489 4932 scilicet
3524 4879 3646 4948 quis
3675 4879 3893 4944 nequis-

2342 4972 2600 5024 simorum
2634 4970 3068 5034 daamonutn,etsi
3090 4967 3344 5038 uoul'orte
3366 4968 3453 5022 ille
3476 4967 3715 5022 omnium
3741 4966 3892 5034 prin-

2344 5147 2502 5200 modo
2546 5148 2842 5202 audiendus
2875 5150 2944 5202 sit
2972 5158 3192 5204 sanctus
3239 5149 3584 5218 Hippolytus,
3603 5145 3692 5218 qui
3720 5160 3886 5218 gcomf

2347 5222 2672 5284 plementum
2725 5222 3059 5289 septuaginta
3111 5214 3528 5289 hebdomadtitn
3556 5214 3788 5289 Danielis
3822 5215 3883 5267 ad

2345 5291 2633 5341 semiudum
2685 5284 2883 5343 Christi
2917 5284 3234 5352 adventum,
3285 5299 3338 5341 et
3389 5287 3455 5339 ad
3503 5284 3887 5338 Antichristum

2346 5358 2540 5438 trahit;
2595 5377 2716 5431 cum
2770 5361 2957 5438 reliqui
2997 5359 3257 5438 Ecclesiae.
3299 5357 3480 5436 Patres
3510 5362 3574 5407 ac
3602 5353 3888 5423 Scriptura:

2348 5427 2660 5493 interpretes
2708 5426 2900 5482 melius
2947 5430 3013 5482 ad
3062 5429 3260 5480 Christi
3314 5426 3548 5492 primum
3603 5427 3886 5478 adventum

2347 5508 2586 5562 spectare
2611 5499 2794 5559 velint,
2828 5500 3051 5564 ejusque
3077 5498 3266 5549 mortis
3297 5508 3532 5564 pantath
3560 5504 3612 5548 et
3635 5493 3887 5564 Hieroso-

2349 5559 2610 5632 lymorum
2641 5559 2928 5626 excidium.
2950 5559 3310 5617 Romanorum
3334 5565 3468 5616 duce
3491 5561 3612 5633 Tito
3635 5583 3648 5618 :
3676 5559 3887 5633 quando

2348 5645 2538 5687 exusto
2571 5638 2788 5702 templo,
2816 5637 2893 5687 sic
2923 5636 3136 5687 victima
3171 5634 3402 5686 cessavit
3430 5641 3484 5686 et
3511 5632 3712 5701 libatio,
3733 5633 3889 5687 deso-

2350 5705 2459 5758 lato
2498 5706 2616 5756 loco
2645 5720 2751 5766 quo
2778 5704 2950 5757 solum
2976 5702 3150 5757 facere
3177 5704 3383 5757 licebat.

2420 5774 2533 5845 (5i)
2577 5771 2944 5844 S.Hippolyt.,
2980 5773 3051 5826 De
3074 5772 3335 5841 Amic/tn,
3371 5790 3424 5828 u.
3455 5772 3540 5829 14.
