4104 6350
626 568 748 638 :87-

1604 569 1691 623 DE
1727 568 1896 623 VITA
1934 566 2021 622 ΕΤ
2060 566 2372 623 SCRIPTIS
2404 569 2464 623 S.
2496 569 2880 625 HlPPOLYTl.

3735 578 3842 632 588

625 688 902 758 splendide
946 688 1213 744 illustrata
1240 687 1439 757 publici
1480 690 1620 759 juris
1648 690 1826 743 facere
1855 690 1909 743 in
1943 691 2181 744 animum
2215 697 2258 751 Α
2289 689 2563 741 duodecim
2596 690 2866 758 apostolis,
2930 686 3147 743 ubinam
3174 690 3407 759 quisque
3430 687 3617 746 ‘eorum
3655 694 3852 758 praedi—

627 779 859 844 induxit,
892 780 1098 835 inscius
1134 779 1309 833 adhuc
1333 794 1493 851 quem
1527 781 1733 835 exitum
1764 781 2071 835 habiturum
2099 796 2187 835 es-

626 884 710 929 set
733 876 802 929 cl.
830 874 950 929 lani
982 875 1269 929 consilium
1296 873 1355 928 in
1378 874 1600 930 edendis
1633 874 1740 929 divi
1764 874 2033 944 Hippolyti
2063 889 2190 945 cpe-

626 966 797 1020 ribus.
852 965 984 1019 Post
1041 964 1365 1020 indefessam
1423 966 1585 1035 igitur
1645 966 1697 1018 in
1753 965 2070 1034 indagandis
2125 980 2190 1020 ac

625 1050 958 1123 cnlligendis,
1007 1068 1126 1123 qua:
1176 1054 1375 1123 injuria
1407 1061 1707 1122 temporum
1751 1054 1990 1107 nondum
2023 1054 2189 1108 inter-

624 1146 894 1208 ciderunt,
950 1146 1121 1201 sancti
1174 1147 1358 1221 nostri
1398 1146 1632 1215 scriptis,
1658 1146 1867 1199 duobus
1896 1144 2187 1198 volumini-

622 1235 725 1288 bus
750 1237 802 1288 in
835 1234 965 1290 folio
996 1237 1207 1290 minore
1235 1234 1587 1306 Hippolytum
1639 1235 1909 1304 evolgavit
1940 1236 2188 1291 laudatus

543 1371 546 1375 .
622 1325 875 1380 Albertus
928 1324 1210 1380 Fabricius
1278 1324 1612 1393 Hamburgi,
1668 1340 1900 1392 quorum
1954 1326 2188 1393 primum

622 1418 875 1470 volumen
930 1432 1074 1470 anno
1125 1415 1282 1482 1716,
1338 1416 1565 1471 alterum
1616 1416 1750 1470 1718
1794 1416 1967 1471 lucem
2013 1418 2188 1486 publi-

624 1525 741 1563 cam
777 1511 930 1563 vidit.

704 1600 761 1654 ln
792 1604 1041 1655 volumen
1078 1603 1229 1670 prius
1262 1603 1535 1673 congessit
1563 1614 1901 1674 quaacunque
1936 1602 2191 1676 Hippoly-

626 1693 666 1743 ti
703 1690 863 1761 hujus
898 1693 1130 1761 reperire
1175 1695 1367 1763 potuit.
1453 1692 1634 1749 Primo
1666 1696 1783 1750 loco
1805 1710 2025 1765 apparet
2056 1699 2190 1753 liber

625 1775 1103 1848 De‘Antic/tristo,
1170 1785 1327 1852 cujus
1390 1786 1680 1843 editionem
1742 1785 2189 1840 Combelisianam

622 1872 895 1925 recensuit
926 1873 993 1925 ad
1030 1873 1258 1940 primam
1303 1870 1666 1927 Parisiensem
1718 1873 2020 1927 Gudianam
2046 1860 2194 1935 anni

626 1959 783 2022 1661,
820 1976 919 2014 nec
948 1976 1119 2029 pauca
1148 1960 1469 2013 emendavit.
1532 1960 1827 2016 Substratce
1871 1964 2032 2017 etiam
2061 1976 2188 2018 sunt

2292 777 2517 842 caverit,
2552 792 2616 845 ac
2653 778 2742 830 ubi
2774 788 3177 847 consummatus
3206 779 3294 840 sit,
3329 793 3488 848 quam
3516 782 3713 833 nudam
3736 783 3853 846 jam
3889 845 3895 849 _

2287 869 2655 937 publicaverat
2687 866 2965 923 Fabricius
2993 885 3137 923 anno
3170 870 3324 932 1714,
3386 882 3619 935 unaCum
3673 872 3853 924 tribus

2288 958 2395 1012 illis
2425 958 2501 1010 De
2532 958 2639 1011 vita
2668 957 2866 1025 Moysis
2914 958 3086 1022 libris,
3136 946 3405 1013 Gaulmini
3454 963 3852 1014 commentario

2290 1049 2575 1103 illustratis
2604 1048 2879 1118 pag.'508,
2913 1051 3004 1103 sed
3044 1064 3187 1103 nunc
3216 1052 3466 1118 stipatam
3494 1052 3854 1120 amplissimis
3946 1098 3947 1101 η

2290 1140 2728 1194 adnotationibus
2750 1140 3019 1194 Francisci
3046 1139 3372 1195 Comhelisii.
3392 1141 3522 1196 Item
3541 1142 3612 1195 De
3634 1146 3853 1211 septuaé
3904 1162 3915 1212 ί

2290 1230 2438 1298 ginta
2488 1231 2782 1295 apostolis,
2835 1246 2897 1284 ac
2930 1245 3047 1298 quae
3085 1230 3308 1299 reperiri
3362 1241 3585 1299 potuere
3613 1248 3676 1286 ex
3712 1235 3857 1287 scri-

2293 1323 2401 1392 ptis
2424 1321 2694 1393 Hippolyti
2720 1323 2954 1391 junioris
2985 1322 3555 1389 Thebani.’Volumine
3584 1327 3857 1393 posterio—

2286 1415 2333 1466 ri
2368 1414 2560 1466 horum
2609 1428 2828 1481 operum
2884 1417 3272 1468 continentur:
3303 1412 3572 1484 Hippolyti
3618 1415 3856 1468 Demon-

2289 1504 2477 1555 stratio
2528 1502 2777 1555 adversus
2809 1500 3070 1568 Judtcos,
3096 1503 3445 1570 ejusdemque
3474 1506 3714 1557 adversus
3738 1504 3861 1559 Ita-:-

2290 1596 2429 1648 resin
2462 1593 2641 1658 Nocti,
2685 1605 2910 1663 utraque
2935 1596 3331 1664 nunc'primum
3358 1596 3540 1649 Crtece
3568 1612 3633 1651 ex
3667 1599 3861 1653 codice
3936 1642 3951 1649 -

2293 1684 2555 1740 Vaticano
2582 1702 2683 1740 ms.
2717 1686 2880 1750 edita,
2921 1701 3041 1739 cum
3064 1690 3246 1740 eadem
3284 1686 3532 1741 Turriani
3579 1690 3857 1755 versione,

2291 1782 2345 1828 et
2384 1776 2572 1829 iisdem
2616 1776 2778 1841 notis,
2827 1791 2946 1844 quae
2976 1776 3087 1844 jam
3136 1776 3238 1831 vol.
3273 1778 3313 1843 l,
3358 1793 3477 1847 pag.
3510 1777 3691 1840 228a
3718 1780 3855 1847 255,

2292 1866 2507 1921 insertas
2559 1867 2919 1937 reperiuntur.
2972 1867 3291 1938 Fragmenta
3333 1887 3396 1923 ex
3442 1870 3853 1924 Commentariis

2291 1957 2347 2008 in
2390 1956 2630 2025 δεηθείη,
2670 1958 2852 2013 Οτωοθ
2878 1969 2929 2013 et
2953 1958 3140 2014 Latine
3184 1961 3368 2015 itidem
3403 1963 3634 2031 primum
3674 1964 3724 2015 in
3760 1966 3857 2016 lu-

625 2048 853 2118 singulis
884 2026 1091 2118 paginis
1126 2050 1500 2105 adnotationes
1529 2051 1874 2123 Combeﬁsii;
1930 2054 2057 2108 item
2087 2070 2184 2117 em,
2218 2026 2259 2079 Β
2288 2063 2404 2101 cem
2432 2048 2629 2102 emissa
2662 2065 2726 2103 ex
2746 2049 2946 2103 Catena
2970 2049 3188 2104 Patrum
3219 2051 3525 2107 Grzecomm
3556 2052 3623 2105 88
3651 2038 3855 2107 biblio-

624 2156 760 2207 quas
796 2156 907 2193 sute
950 2141 1171 2194 editioni
1218 2156 1381 2194 manu
1427 2145 1643 2211 propria
1676 2144 1930 2198 alleverat
1957 2145 2183 2211 Gudius,

2288 2140 2457 2193 theca:
2507 2140 2979 2203 Vindobonensis,’
3011 2158 3131 2210 qua!
3167 2145 3443 2199 continent
3471 2144 3855 2199 adnotationes

624 2244 731 2282 non
766 2230 981 2299 omissis
1012 2231 1097 2291 iis,
1127 2245 1264 2299 quas
1320 2230 1577 2298 Epistolis
1629 2236 1743 2290 suis
1803 2238 2002 2289 criticis
2048 2239 2178 2292 inse-

2288 2230 2353 2283 ad
2382 2229 2573 2285 Cenes.
2608 2247 2644 2293 r,
2682 2231 2825 2296 5,.6;
2864 2249 2943 2298 ιιι,
2978 2233 3041 2298 8;
3074 2250 3221 2295 χιιι,
3252 2238 3304 2300 5,
3339 2237 3393 2295 4,
3429 2220 3491 2301 5,
3518 2235 3602 2301 11,
3634 2236 3718 2301 1⁸2,
3754 2237 3856 2292 16.

622 2329 804 2373 ruerat
846 2319 1196 2389 Tanaquillus
1222 2321 1414 2377 Faber.
1471 2323 1566 2379 His
1602 2340 1729 2380 suas
1752 2328 1954 2396 passim
1994 2328 2178 2395 adjecit

2286 2323 2405 2377 Alia
2445 2322 2692 2391 quaedam
2740 2322 3059 2390 fragmenta,
3114 2332 3172 2376 ut
3218 2325 3283 2378 de
3310 2323 3558 2386 Ezechia,
3608 2326 3659 2377 in
3692 2326 3856 2378 Isaiae

624 2411 1026 2467 observationes
1082 2414 1196 2481 ipse
1229 2400 1546 2482 Fabricius,
1597 2418 1689 2485 qui
1741 2426 1795 2471 ct
1841 2426 2079 2473 veterum
2122 2422 2195 2491 de
2286 2426 2515 2475 XXXVI”,
2547 2410 2599 2474 δν
2635 2427 2700 2463 εἰ
2732 2412 2847 2464 ϐοά·
2882 2409 3106 2463 (Ῑοίδίίη-
3142 2411 3263 2465 495-
3301 2412 3477 2468 LOCUS
3498 2430 3560 2468 ex
3588 2412 3853 2483 "399013"

534 2549 538 2552 ι
625 2502 715 2554 illo
746 2492 884 2565 libro
922 2504 1227 2557 testimonia
1261 2492 1527 2574 adjunxit.
1586 2506 1842 2578 Sequitur
1886 2511 2067 2564 Canon
2093 2529 2190 2580 pa-

623 2590 841 2656 schalis,
890 2592 944 2644 in
995 2592 1106 2660 jam
1156 2604 1455 2648 memorata
1504 2607 1682 2652 statua
1730 2614 2069 2662 marmorea,
2119 2607 2186 2654 ad

625 2680 813 2733 urbem
861 2680 1095 2736 Romam
1122 2683 1339 2749 cﬂossa,
1390 2684 1573 2741 Graece
1606 2697 1659 2742 et
1690 2688 1898 2752 Latine,
1941 2692 2063 2743 cum
2099 2693 2184 2758 iis,

624 2784 745 2837 quas
788 2785 894 2824 non
946 2774 1121 2826 solum
1169 2773 1223 2825 in
1255 2772 1515 2828 Canonem
1547 2777 1691 2832 hunc
1720 2777 1986 2847 Josephus
2018 2781 2187 2835 Scali-

2285 2502 2325 2553 ti
2358 2516 2606 2555 sermone
2630 2501 2663 2553 2
2685 2540 2699 2563 ,
2732 2501 2785 2553 in
2824 2500 3329 2565 Danielem,citatns
3358 2502 3689 2566 Eustratbio,
3720 2519 3853 2571 cap.

2285 2591 2349 2644 l9
2372 2592 2629 2645 adversus
2653 2590 3241 2661 Psycltopannycbitas,
3278 2603 3331 2647 et
3360 2576 3617 2651 nonnulla
3654 2595 3706 2647 in
3730 2594 3853 2648 Hc-

2283 2686 2504 2739 naudoti
2566 2684 2807 2737 Historia
2866 2687 3289 2754 patriarcharum
3343 2689 3653 2754 Alexandr.,
3714 2705 3847 2758 pag.

2284 2774 2407 2837 360,
2470 2773 2758 2843 Hippolyto
2809 2776 3062 2843 ascripta,
3111 2792 3231 2845 quae
3274 2788 3454 2830 tamen
3497 2780 3674 2845 potius
3713 2777 3854 2833 Julii

2284 2863 2513 2919 Romani
2563 2881 2684 2921 esse
2734 2867 2979 2935 praelatio
3027 2869 3200 2921 docet.
3262 2866 3751 2923 Commentationes
3781 2869 3851 2924 in

2292 2953 2487 3009 Cenes.
2516 2971 2622 3021 vtt,
2676 2955 2739 3020 6;
2775 2972 2901 3021 vm,
2931 2959 2994 3023 1,
3028 2966 3081 3010 et
3109 2956 3401 3012 Deuteron.
3437 2974 3635 3025 χχχιιι,
3680 2960 3742 3023 1,
3769 2975 3854 3016 ex

2288 3043 2655 3101 Pentateucho
2700 3048 2930 3105 Arabico
2968 3049 3213 3103 bibliotb.
3251 3048 3570 3113 Bodleianaz,
3604 3064 3737 3118 quas
3763 3050 3850 3107 ci.

623 2874 744 2928 ger,
800 2859 1089 2931 Dionysius
1130 2860 1414 2930 Petavius,
1468 2866 1713 2936 iEgidius
1756 2869 2082 2939 Bucherius,
2132 2872 2183 2929 J.

623 2947 937 3004 Dominicus
967 2951 1259 3018 Cassinus;
1297 2957 1388 3009 sed
1418 2957 1578 3010 etiam
1620 2959 1673 3011 in
1709 2958 2020 3031 Catalogum
2050 2964 2184 3016 scri-

622 3051 829 3104 ptorum
877 3040 1185 3113 Hippolyti,
1252 3044 1308 3098 in
1373 3046 1557 3100 eadem
1609 3057 1781 3103 statua
1832 3052 2181 3121 descriptum,

625 3129 926 3199 Stephanus
987 3134 1034 3186 le
1082 3134 1296 3205 Moyne,
1356 3135 1593 3193 Thomas
1642 3139 1860 3209 Galeus,
1900 3144 2183 3201 Eduardus
2283 3136 2515 3206 Gagnier
2541 3138 2664 3192 inde
2690 3149 2970 3208 excerptas
3001 3139 3191 3195 Latine
3222 3142 3420 3199 vertit:
3454 3141 3505 3193 in
3532 3141 3728 3209 quibus
3756 3136 3867 3193 ta;

622 3218 948 3287 Bernardus,
998 3223 1139 3279 Guil.
1183 3225 1394 3281 Caveus
1445 3230 1795 3299 scripserunt,
1842 3235 2019 3291 addita
2065 3238 2178 3305 ipsa

2281 3242 2405 3281 men
2431 3227 2564 3281 nihil
2592 3228 3008 3284 Commentariis
3043 3228 3313 3301 Hippolyti
3349 3228 3549 3284 Graecis
3581 3232 3634 3283 in
3667 3229 3855 3293 Gene-

624 3313 821 3369 statua,
882 3308 1053 3363 tribus
1103 3310 1300 3365 tabulis
1346 3316 1508 3369 aeneis
1550 3333 1825 3385 expressa.
1880 3323 2015 3378 Cum
2051 3342 2181 3392 vero
2208 3362 2249 3418 α
2283 3320 2388 3373 sim
2420 3321 2723 3388 respondet.
2778 3319 2923 3375 Loca
2950 3323 3208 3375 nonnulla
3234 3323 3286 3376 in
3314 3316 3523 3375 Leontii
3558 3320 3847 3391 Byzantini

624 3406 815 3418 MM.“
857 3397 1059 3418 mu”,
1294 3402 1306 3418 ,
1363 3404 1374 3418 ,
1523 3406 1552 3418 _,
1689 3407 1720 3418 λ
2024 3416 2032 3418 μ
2677 3412 2721 3418 __
2869 3416 2878 3418 _
3142 3414 3153 3418 _
3488 3411 3505 3418 _
3828 3413 3844 3418 _

622 3406 815 3463 prteter
854 3397 1117 3451 Canonem
1159 3402 1457 3470 paschalem
1484 3406 1643 3460 etiam
1676 3407 2181 3469 Demonstrationem
2209 3397 2249 3418 ν
2283 3412 2377 3465 lib.
2408 3428 2424 3465 ι
2451 3422 2632 3467 contra
2667 3412 2995 3478 Nestorium,
3044 3424 3097 3468 et
3140 3414 3193 3466 in
3220 3414 3457 3471 C0ncilio
3487 3411 3848 3467 Laterancnsi

624 3494 908 3552 temporum
942 3486 1218 3543 Pascltatis
1244 3500 1297 3544 et
1325 3488 1616 3548 Chrom’con
1668 3494 1987 3569 Hippolytus
2034 3517 2183 3556 com-
2284 3516 2426 3555 anno
2454 3502 2576 3566 649,
2612 3518 2732 3573 pag.
2764 3504 2862 3557 281
2893 3515 2946 3558 et
2976 3504 3101 3567 287,
3153 3519 3218 3557 ex
3250 3502 3534 3574 Hippolyto
3584 3504 3842 3556 adducta.

622 3580 879 3643 posuerit,
927 3583 1237 3636 testimonia
1279 3596 1543 3653 veterum,
1595 3590 1649 3643 in
1694 3592 1892 3660 quibus
1927 3596 2089 3650 unius
2114 3611 2180 3651 ex

621 3666 705 3720 bis
749 3669 923 3721 tribus
967 3673 1165 3725 mentio
1216 3674 1294 3739 lit,
1346 3677 1673 3744 conjunctim
1721 3683 2044 3738 exhibentur
2072 3700 2179 3741 una

623 3772 744 3809 cum
793 3760 1009 3825 antiqua
1052 3763 1296 3817 versione
1342 3764 1528 3820 Latina
1582 3768 1863 3838 Chronici,
1917 3777 2060 3843 quod
2108 3793 2178 3831 ex

624 3846 806 3897 multis
848 3847 1067 3912 judiciis
1101 3850 1165 3903 ad
1202 3850 1544 3925 Hippolytum
1597 3862 1828 3915 retulere
1879 3864 2175 3922 doctissimi

620 3934 740 3986 viri.
804 3933 963 3989 Hisce
994 3940 1239 4007 adjunxit
1263 3943 1522 4013 integram
1552 3947 1984 4005 dissertationcm
2007 3954 2177 4009 Fran-

619 4026 747 4078 cisci
776 4025 1053 4082 Blanchini
1084 4031 1157 4083 De
1183 4032 1389 4089 Canone
1411 4039 1647 4105 paschali
1673 4041 1964 4112 Hippolyti,
1992 4045 2175 4103 Romae

600 4108 761 4170 anno
814 4118 948 4172 nos
990 4121 1228 4187 editam,
1283 4135 1337 4179 et
1382 4108 1819 4198 disceptationes,
1866 4108 2067 4203 quibus
2108 4138 2175 4193 de

617 4221 761 4259 anno
807 4210 981 4276 primo
1025 4213 1233 4281 imperii
1268 4216 1450 4274 Severi
1474 4221 1786 4285 Alexandri,
1840 4225 1891 4277 in
1918 4227 2172 4283 cathedra

618 4312 920 4353 marmorea
974 4300 1239 4376 Hippolyti
1264 4321 1583 4378 memorato,
1633 4314 1773 4367 inter
1796 4331 1852 4370 se
1884 4319 2173 4373 contende-

617 4395 743 4473 runt
785 4386 1053 4456 Virginius
1092 4391 1427 4464 Valsechius‘,
1480 4399 1759 4471 Philippus
1799 4405 1864 4459 de
1898 4406 1948 4460 la
1978 4406 2167 4473 Turre,

619 4484 672 4526 et
697 4472 850 4529 Joan.
889 4476 1185 4550 Vignolius.
1240 4485 1369 4551 Quae
1390 4505 1551 4556 porro
1580 4492 1669 4547 bic
1698 4495 1917 4564 scripta,
1949 4500 2032 4552 vel
2057 4472 2168 4553 Ira;
2200 4509 2202 4515 '

619 4574 831 4633 gmenta
860 4566 1146 4641 Hippolyti,
1181 4585 1307 4630 sunt
1338 4596 1351 4631 :
1382 4580 1773 4637 Demonstratio
1795 4586 2040 4643 adversus
2067 4588 2169 4644 Ju-

2281 3590 2571 3646 Doctorum
2605 3595 2849 3649 virorum
2898 3596 3272 3649 adnotationes
3299 3595 3365 3649 de
3392 3593 3697 3663 Hippolyto,
3732 3608 3846 3646 no-

2279 3683 2523 3737 minatim
2556 3697 2622 3736 ex
2657 3681 2806 3736 Sam.
2842 3681 2998 3735 Petili
3029 3681 3213 3749 Eclog.
3240 3682 3559 3751 chronolog.,
3613 3683 3705 3735 lib.
3746 3699 3843 3747 ιιι,

2278 3786 2395 3841 cap.
2426 3772 2484 3839 2,
2524 3773 2590 3827 de
2622 3772 3137 3828 heckacdecacteride
3151 3782 3203 3827 et
3219 3782 3284 3828 et
3332 3771 3526 3839 Georg.
3569 3770 3707 3831 Βυηί
3727 3771 3847 3823 De-

2276 3864 2408 3932 fens.
2445 3864 2540 3931 ῥά.
2574 3861 2805 3929 Nictrn.,
2847 3872 2977 3917 sect.
3015 3878 3074 3925 ιι,
3112 3876 3231 3929 cap.
3267 3858 3321 3924 8,
3354 3872 3407 3913 et
3429 3869 3558 3915 sect.
3597 3875 3673 3924 ιιι,
3706 3874 3842 3928 cap.

2275 3954 2327 4020 8,
2378 3957 2444 4011 de
2486 3957 2731 4011 doctrina
2763 3956 3051 4025 Hippolyti,
3113 3968 3344 4009 unacum
3366 3950 3415 4006 J.
3478 3951 3606 4008 Ern.
3635 3951 3838 4007 Grabii

2274 4046 2711 4101 adnotationibus
2758 4047 2951 4101 eodem
3011 4046 3394 4115 spectantibus.
3448 4044 3541 4099 His
3600 4045 3841 4115 denique

2274 4140 2618 4209 subjungitur
2646 4139 2916 4209 Hippolyti
2946 4140 3180 4207 junioris
3207 4137 3445 4192 Thebani
3470 4135 3840 4205 fragmentum
3912 4184 3915 4185 ,

2272 4241 2338 4280 ex
2390 4226 2661 4283 Chronico
2684 4230 3087 4283 commentario
3128 4228 3195 4282 ab
3238 4226 3466 4281 Henrico
3512 4226 3727 4280 Canisio
3770 4228 3838 4283 in

2273 4323 2405 4370 tom.
2440 4316 2511 4371 lll
2538 4316 2846 4371 Lectionum
2888 4320 3225 4387 antiquarum
3269 4318 3493 4373 editum.
3535 4319 3665 4383 Quia
3696 4334 3837 4376 vero

2272 4410 2385 4463 hac
2411 4410 2593 4463 omnia
2618 4423 2726 4463 non
2758 4410 2897 4465 ultra
2923 4408 2992 4462 62
3013 4409 3237 4479 paginas
3264 4408 3503 4479 implent,
3534 4412 3600 4469 ad
3616 4412 3869 4479 justum,

2268 4500 2520 4553 volumen
2541 4497 2933 4554 conﬁciendum
2955 4501 3171 4555 additur
3184 4496 3449 4570 appendix
3465 4503 3834 4571 complectens

2269 4588 2608 4657 Spicilegium
2631 4588 2857 4642 Patrum
2880 4590 3060 4665 seculi
3090 4606 3171 4657 ιιι,
3190 4602 3242 4645 et
3269 4590 3528 4647 Chalcidii
3551 4592 3833 4645 Commen-

617 4658 758 4709 dteos
789 4672 851 4709 ex
882 4662 1129 4717 versione
1162 4664 1351 4721 Latina
1379 4669 1651 4726 Francisci
1683 4672 1951 4743 Turriani,
2002 4695 2165 4749 quam
2198 4681 2242 4735 D
2271 4680 2433 4731 turios
2463 4679 2520 4740 in
2559 4676 2812 4730 Timazum
2843 4662 3082 4732 Platonis
3115 4680 3447 4746 emendatos,
3500 4689 3553 4735 et
3577 4682 3718 4734 notis
3755 4681 3831 4735 il-

617 4760 737 4799 esse
770 4749 1088 4815 particulam
1112 4753 1613 4816 Commentariorum
1635 4760 1904 4834 Hippolyti
1934 4767 1989 4821 in
2015 4768 2168 4829 Psal-

618 4853 725 4888 mos
758 4836 1036 4895 Fabricius
1086 4846 1424 4914 suspicatur;
1478 4849 1778 4922 fragmenta
1807 4868 1868 4909 ex
1901 4858 2040 4919 libro
2068 4861 2137 4913 ad
2149 4889 2167 4901 -

617 4942 789 4981 versus
822 4928 1046 4997 Graecos,
1108 4938 1200 5004 qui
1230 4938 1543 4995 inscribitur
1576 4944 1863 5001 :Advcrsus
1894 4947 2167 5006 Platonem

620 5018 680 5067 de
720 5037 880 5074 causa
926 5026 1186 5089 uniuersi;
1240 5045 1305 5083 ex
1336 5047 1497 5101 opere
1541 5034 1788 5090 adversus
1818 5039 2058 5105 haereses,
2111 5042 2165 5094 in

620 5107 812 5171 quibus
828 5114 1126 5181 copiosiora
1150 5128 1295 5181 sunt,
1324 5136 1444 5188 quae
1468 5122 1727 5178 Adversus
1752 5125 2026 5193 Beronem,
2056 5145 2169 5184 ser-

621 5206 740 5245 vata
770 5212 797 5248 a
823 5198 1123 5270 Nicephoro
1165 5206 1761 5276 Constantinopolitano
1802 5224 1854 5267 et
1884 5215 2169 5269 Anastasio

619 5278 1049 5357 Bibliothecario,
1082 5304 1139 5347 et
1168 5298 1415 5349 adversus
1443 5296 1890 5358 NoetumLatine
1913 5314 2184 5372 tantum,-

620 5375 707 5427 hic
738 5378 1061 5435 exhibentur
1081 5403 1110 5456 ;,
1134 5385 1260 5438 item
1297 5386 1430 5457 Περὶ
1459 5393 1807 5460 χαρισμάτων
1841 5396 2171 5465 ἀποστολικὴη

621 5466 931 5535 παράδοσις,
968 5470 1203 5527 Homilia
1233 5478 1286 5530 in
1320 5491 1657 5535 sacrosancta,
1678 5482 2169 5555 Theaphaniahpri-

617 5572 764 5611 ωυιιι
785 5559 925 5612 edita
952 5576 1017 5612 ex
1035 5569 1376 5636 mss..codice
1395 5568 1612 5625 Thomas
1638 5572 1805 5641 Caici,
1828 5579 2167 5646 interspersis

620 5648 820 5701 notulis
835 5646 1096 5717 Fabricii;
1120 5664 1171 5707 et
1194 5654 1485 5725 fragmenta
1510 5676 1576 5715 ex
1602 5659 1871 5734 Hippolyti
1897 5666 2168 5719 Commen-

621 5740 778 5790 tariis'
817 5740 871 5790 in
918 5742 1086 5794 uarios
1140 5742 1422 5816 Scriptum
1450 5750 1631 5818 libros,
1664 5761 1715 5804 et
1743 5767 1804 5806 ex
1835 5756 1951 5823 ejus
1978 5756 2167 5806 Homi-

620 5830 727 5883 liis.
796 5830 1046 5901 Subjecta
1073 5841 1334 5903 appenoix
1364 5842 1739 5910 complectitur
1774 5848 1971 5916 scripta
2003 5847 2165 5900 dubia

617 5931 667 5974 ct
696 5926 989 5993 supposita,
1045 5924 1240 5983 librum
1266 5928 1341 5985 De
1366 5930 1805 5992 consummatione
1843 5940 2055 6007 mundi;
2090 5939 2164 5994 De

2266 4767 2544 4822 lustratos.
2597 4766 2656 4819 ln
2705 4765 2985 4836 Spicilcgio
3018 4768 3126 4823 illo
3161 4781 3456 4826 occurrunt
3492 4790 3505 4824 :
3543 4773 3600 4824 l°
3630 4772 3829 4827 [renati

2265 4844 2561 4925 fragmenta
2599 4872 2768 4927 nuper
2790 4874 2823 4911 a
2849 4859 2917 4912 cl.
2947 4858 3251 4931 Christoph.
3273 4861 3472 4923 Matth.
3500 4860 3683 4915 Plallio
3703 4863 3829 4916 edi-

2266 4957 2355 5013 ta;
2404 4949 2468 5001 2°
2502 4946 2794 5003 Clementis
2834 4950 3181 5006 Alexandrini
3236 4952 3555 5023 fragmenta,
3600 4969 3719 5021 qua:
3748 4956 3825 5011 in

2265 5040 2501 5093 editione
2544 5038 2837 5097 Oxoniensi
2886 5051 3091 5097 tantum
3148 5043 3331 5098 Graece
3378 5045 3656 5113 leguntur;
3712 5047 3825 5103 alia

2267 5129 2392 5181 item
2426 5144 2455 5182 a
2481 5124 2715 5187 Macario
2742 5131 3175 5201 Cbrysocephalo
3195 5174 3209 5198 ,
3260 5134 3544 5187 Anastasio
3588 5132 3820 5203 Sinaita,

2266 5219 2571 5289 Nicepltoro
2623 5222 2727 5277 (ΖΡ.
2759 5236 2811 5276 et
2858 5222 3012 5277 Joan.
3052 5224 3401 5288 Damasceno,
3449 5240 3513 5279 ex
3541 5225 3824 5286 Clemente

2265 5311 2414 5365 Alex.
2447 5315 2644 5379 citata;
2699 5314 2755 5368 3'
2782 5314 3041 5368 Mctliodii
3075 5314 3290 5369 Eubulii
3315 5313 3611 5369 Convivium
3639 5322 3822 5376 decens

2265 5404 2523 5470 virginum
2560 5421 2587 5457 a
2620 5404 2796 5458 Leone
2830 5405 3025 5457 Allatio
3059 5413 3111 5457 et
3144 5404 3301 5465 Petro
3329 5404 3556 5462 Possino
3588 5412 3818 5479 editum,

2265 5507 2366 5546 nec
2408 5509 2513 5547 non
2550 5493 2855 5548 Combetisii
2888 5495 3174 5545 Auctuario
3205 5493 3342 5547 Bibl.
3382 5495 3601 5551 Patrum
3638 5503 3821 5557 inscr-

2267 5591 2399 5649 tum,
2435 5601 2556 5639 cum
2585 5585 2782 5638 Leonis
2812 5584 2989 5637 Allatii
3040 5583 3270 5637 diatriba
3315 5586 3377 5639 de
3404 5586 3713 5656 Methodiis;
3747 5594 3817 5646 5°

2264 5674 2473 5729 Claudii
2518 5675 2767 5729 Salmasii
2802 5673 3215 5727 Commentarius
3261 5676 3528 5734 inchoatus
3558 5684 3821 5735 ίιτΑηιο-

2265 5765 2404 5818 bium
2458 5782 2523 5820 ex
2569 5766 2877 5835 apographo
2907 5764 3152 5817 Cudiano
3194 5767 3400 5835 editus;
3456 5770 3517 5824 5⁸
3545 5774 3673 5825 Acta
3711 5764 3820 5827 Ar-

2264 5854 2457 5919 chelai,
2492 5853 3143 5924 episcoprlilesmtotamiae
3172 5869 3293 5911 cum
3321 5857 3525 5913 Mancte
3545 5900 3559 5923 ,
3593 5878 3659 5914 ex
3694 5864 3819 5915 cdi-

2266 5944 2409 6000 tione
2438 5944 2598 6001 Laur.
2630 5939 2919 6001 Alexandri
2950 5943 3229 6015 Zaccagnii
3254 5990 3266 6013 ,
3304 5950 3505 6017 quibus
3530 5951 3821 6019 subjungi-
