4104 6350
678 458 776 513 39!

1636 447 1727 503 DE
1761 446 1924 502 VITA
1962 444 2049 499 ET
2090 440 2401 499 ssniPrts
2438 442 2499 496 s.
2539 414 2924 496 utepomrt.

3786 436 3898 492 31:2

676 575 808 639 fol.,
842 581 895 627 et
925 580 1175 627 re‘cusum
1217 569 1444 647 Genevae
1473 568 1644 633 1015,
1688 566 2007 636 Rothomagi
2047 563 2217 626 1655,
2249 565 2294 622 Α
2323 544 2462 615 riani
2519 561 2769 614 versione
2832 560 3040 629 primus
3081 559 3319 630 vulgavit
3359 558 3611 617 Canisius
3664 571 3797 618 tom.
3844 560 3894 615 ν

676 665 730 718 in
750 664 843 719 l'ol.
861 663 1063 718 Deinde
1088 679 1211 717 cum
1244 658 1342 717 sua
1364 662 1611 715 versione
1640 660 1947 729 Stephanus
1973 660 2023 713 le
2041 656 2232 730 Moyne

675 751 732 806 in
766 750 940 806 Variis
970 753 1158 816 sacris,
1189 753 1423 822 pag.'55,
1450 751 1695 820 Lugduni
1724 749 2048 803 Batavorum
2070 746 2229 811 1685,

678 843 839 910 1694,
872 844 927 896 in
953 844 1027 896 4ο.
1051 843 1184 897 Cum
1214 844 1397 896 eadem
1416 841 1855 910 interpretatione
1883 840 2044 893 etiam
2074 852 2233 891 recu—

684 933 921 987 dendum
980 933 1127 986 dedit
1166 931 1214 985 J.
1252 932 1501 985 Albertus
1535 930 1815 984 Fabricius
1853 929 1904 982 in
1942 925 2233 996 appendice

674 1026 741 1079 ad
770 1040 931 1093 opera
958 1023 1173 1094 Joscphi
1197 1025 1390 1090 Judazi,
1420 1023 1617 1093 Lipsiae
1639 1022 1796 1085 1691,
1822 1008 1874 1073 in
1900 1020 1993 1074 fol.

724 1116 994 1170 Editiones
1016 1127 1271 1171 tractatus
1291 1118 1539 1169 adversus
1558 1116 1777 1170 hmresin
1797 1114 1972 1177 Noeti,
1990 1122 2038 1165 et
2055 1119 2237 1165 contra

674 1206 925 1261 Beronem
967 1219 1015 1261 et
1048 1208 1375 1262 Helicem.—
1405 1207 1787 1276 Fragmentum
1818 1204 1894 1257 De
1922 1204 2028 1256 Deo
2052 1218 2155 1255 uno
2186 1212 2235 1256 et

678 1301 849 1360 trino,
876 1310 924 1352 et
964 1300 1028 1352 de
1067 1301 1312 1369 mysterio
1363 1297 1741 1352 incarnationis
1782 1305 1967 1350 contra
2014 1295 2235 1349 heresin

680 1387 840 1441 Nocti
882 1390 985 1443 sub
1041 1390 1276 1444 homilia:
1322 1390 1541 1443 nomine
1590 1387 1781 1441 Latine
1824 1386 1989 1440 edidit
2030 1400 2096 1437 ex
2139 1399 2236 1438 sua

676 1478 925 1533 versione
967 1478 1240 1533 Gcrardus
1273 1477 1497 1532 Vossius
1539 1468 1894 1546 Tungrensis,
1936 1473 2002 1527 ad
2035 1472 2235 1527 calcem

678 1567 921 1639 Gregorii
948 1568 1363 1639 Tliaumaturgi,
1391 1568 1700 1636 Moguntina,
1725 1565 1883 1627 1604,
1916 1564 1970 1617 in
1994 1565 2069 1627 4ο,
2098 1563 2239 1617 notis

676 1661 839 1713 etiam
872 1661 1127 1729 subjectis
1168 1678 1197 1713 a
1233 1676 1351 1730 pag.
1390 1658 1573 1712 58-68.
1621 1657 1739 1722 Qua
1784 1671 1916 1710 vero
1966 1655 2034 1708 de
2076 1669 2238 1707 causa

677 1764 801 1801 cum
829 1750 1082 1817 operibus
1107 1750 1163 1801 S.
1192 1748 1433 1817 Gregorii
1464 1746 1850 1814 Thaumaturgi
1876 1745 1960 1798 hic
1981 1752 2240 1799 tractatus

678 1836 902 1890 Parisiis
932 1836 1068 1889 i622
1094 1837 1453 1904 rcimpressus
1505 1849 1610 1887 non
1656 1833 1850 1896 fuerit,
1907 1834 2235 1902 ignoramus.

679 1927 835 1979 Anno
871 1936 1045 1979 tamen
1080 1926 1215 1980 1618
1247 1928 1298 1979 in
1332 1926 1658 1979 Bibliotheca
1680 1924 1901 1976 Patrum
1928 1923 2236 1978 Coloniensi

680 2017 797 2070 sine
830 2018 971 2070 notis
1002 2019 1216 2085 prodiit,
1250 2032 1301 2070 et
1335 2016 1582 2086 Lugduni
1619 2016 1772 2079 1677,
1803 2026 1936 2069 tom.
1977 2015 2060 2083 ΙΙΙ,
2094 2025 2147 2070 et
2182 2016 2236 2070 in

680 2108 1051 2175 supplemento
1085 2107 1395 2161 Morelliano
1428 2108 1599 2161 Paris.
1626 2106 1780 2169 1659,
1813 2116 1945 2161 ιοηι.
1971 2105 2012 2173 1,
2033 2122 2085 2176 p.
2110 2107 2231 2160 620.

694 2195 1015 2265 Fragmenta
1050 2208 1171 2251 octo
1212 2200 1275 2249 de
1305 2198 1560 2265 theologia
1589 2207 1637 2249 et
1668 2200 2029 2271 incarnatione?
2054 2199 2231 2250 adver-

685 2300 777 2338 sus
802 2285 1055 2337 Beronem
1078 2294 1127 2337 et
1155 2285 1387 2338 llelicem
1431 2287 1733 2351 haereticos,
1784 2285 1972 2348 Latine
2000 2304 2065 2340 ex
2098 2286 2236 2339 Tur-

2332 653 2682 721 Antiquarum
2710 652 3017 715 lectionum,
3049 651 3328 725 pag-154,
3367 651 3697 722 lngolstadii‘
3722 655 3891 720 1604,

2331 746 2385 800 in
2426 747 2500 799 ιο.
2535 745 2659 801 Haec
2692 744 2991 815 fragmenta
3031 760 3155 799 cum
3189 744 3377 799 eadem
3424 748 3674 801 versione
3702 749 3754 801 in
3798 748 3900 801 Bi—

2322 836 2603 893 bliothecis
2633 835 2731 890 SS.
2768 835 2990 888 Patrum
3028 834 3375 898 Coloniensi,
3412 834 3758 903 Lugdunensi
3783 877 3798 901 ,
3840 845 3900 890 et

2332 925 2556 981 Parisiis
2583 926 2713 980 1654
2739 926 3063 994 reimpressa
3094 923 3331 978 fuerunt.
3358 925 3557 979 Eadem
3589 926 3896 996 fragmenta

2336 1014 2527 1070 Latine
2587 1016 2793 1086 pridem
2860 1016 3021 1069 vertit
3076 1013 3398 1069 Anastasius
3462 1016 3897 1085 apocrisiarius,

2334 1104 2497 1173 inque
2543 1104 2889 1158 Collectaneis
2940 1104 3217 1159 Anastasii
3266 1104 3669 1161 Bibliothecarii
3726 1108 3899 1161 edidit

2334 1195 2557 1252 Parisiis
2583 1197 2739 1259 1620,
2773 1198 2826 1251 in
2862 1197 2939 1261 8°,
2966 1195 3310 1263 Sirmondus,
3346 1197 3543 1253 additis
3574 1214 3605 1252 e
3638 1197 3897 1252 Turriani

2334 1289 2519 1344 codice
2542 1287 2763 1353 Graecis,
2801 1299 2965 1358 atque
2995 1288 3066 1342 ita
3098 1288 3283 1343 Graece
3328 1303 3390 1343 ac
3420 1286 3611 1343 Latine
3639 1290 3901 1359 leguntur

2335 1383 2493 1435 etiam
2524 1381 2587 1434 in
2618 1390 2754 1435 tom.
2798 1381 2866 1433 Ill
2901 1379 3136 1449 Operum
3170 1378 3443 1434 Sirmondi
3478 1366 3704 1435 Parisiis
3732 1376 3897 1446 i696,

2338 1475 2390 1527 in
2424 1473 2541 1537 iol.,
2581 1489 2702 1541 pag.
2736 1472 2864 1543 585,.
2914 1471 3117 1527 Graece
3146 1473 3273 1525 item
3321 1482 3377 1527 et
3426 1471 3627 1527 Latine
3657 1472 3899 1543 Operum

2339 1565 2510 1618 sancti
2536 1562 2753 1616 Maximi
2780 1571 2909 1616 tom.
2944 1561 2965 1614 l
3005 1562 3289 1630 praemissa
3317 1562 3485 1617 edidit
3512 1563 3901 1629 Combetlsius,

2340 1657 2432 1725 qui
2458 1665 2511 1709 et
2526 1654 2795 1707 Anastasii
2819 1654 3122 1707 versionem
3155 1657 3448 1707 recensuit.
3472 1653 3670 1710 Eadem
3702 1655 3904 1708 exinde

2342 1748 2396 1799 in
2436 1761 2590 1800 suum
2638 1742 2980 1814 Hippolytum
3016 1746 3286 1798 transtulit
3317 1745 3619 1800 Fabricius.
3650 1744 3902 1800 Posthazc

2340 1852 2405 1890 ex
2434 1835 2739 1890 Combetisii
2764 1837 2999 1889 editione
3032 1834 3215 1889 Graeca
3245 1836 3548 1905 desumpsit
3572 1835 3900 1906 Basnagius,

2341 1944 2403 1983 ac
2426 1927 2678 1982 Turriani
2714 1927 2949 1981 versioni
2979 1926 3226 1995 adjunxit
3247 1935 3378 1981 tom.
3413 1926 3433 1979 l
3461 1926 3714 1981 Thesauri
3733 1928 3901 1980 Cani-

2342 2019 2508 2083 siani;
2570 2017 2635 2071 ad
2663 2017 2838 2086 .cujus
2884 2018 3087 2072 calcem
3138 2029 3403 2088 ,praiterea
3458 2035 3511 2072 v.
3562 2018 3631 2071 cl.
3683 2017 3901 2072 Claudii

2342 2109 2784 2177 Cappcronnierii
2833 2110 3330 2165 animadversiones
3366 2113 3417 2163 in
3462 2110 3736 2165 Anastasii
3780 2126 3906 2164 ver-

2343 2200 2549 2253 sionem
2589 2214 2712 2251 cum
2758 2200 2959 2254 Graecis
3006 2202 3258 2256 collatam
3305 2202 3503 2271 adjecit
3553 2217 3698 2256 anno
3727 2202 3903 2267 i725,

2345 2291 2733 2345 Amstelodami
2770 2290 2821 2345 in
2852 2290 2999 2347 folio.

684 2533 802 2594 DE
854 2533 1265 2598 ΑΝΟΝΥΜΟ
1321 2536 1741 2599 CHRONICI
1791 2536 2176 2601 AUCTORE
2225 2540 2379 2602 SUB
2436 2500 2943 2604 ALEXANDRO
2986 2541 3310 2605 SEVERO
3366 2540 3903 2605 CONSCRIPTI.

1311 2663 1501 2723 Varia
1535 2665 1938 2726 eruditorum
1984 2664 2216 2743 placita
2271 2668 2355 2729 de
2412 2668 2610 2747 hujus
2640 2668 2939 2731 Chroniei
2986 2680 3266 2730 auctore.

753 2786 898 2842 inter
926 2789 1097 2857 Opera
1128 2789 1185 2843 S.
1218 2780 1489 2860 Hippolyti
1519 2791 1757 2859 episcopi
1788 2799 1842 2845 ct
1871 2791 2146 2861 martyris,
2177 2793 2245 2848 de

684 2881 881 2950 quibus
917 2882 1195 2950 hucusque
1224 2882 1615 2946 disseruimus,
1656 2884 1905 2937 nonnulli
1950 2886 2051 2939 viri
2095 2884 2245 2940 docti

686 2976 1075 3025 recensendum
1110 2972 1491 3027 existimarunt
1520 2984 1573 3038 et
1598 2974 1889 3030 Chronicon
1922 2976 2080 3043 illud,
2100 2979 2245 3048 quod

686 3079 1011 3132 anonymus,
1046 3065 1136 3133 qui
1173 3069 1275 3118 sub
1311 3067 1569 3122 extremis
1609 3068 1899 3122 Alexandri
1931 3068 2115 3124 Severi
2146 3071 2247 3124 im-

687 3154 953 3223 peratoris
978 3157 1312 3223 temporibus
1334 3156 1537 3220 ﬂoruit,
1561 3156 1817 3212 Africano
1843 3174 2076 3227 coaevus,
2100 3161 2243 3215 circa

686 3242 888 3297 Christi
936 3259 1138 3297 annum
1182 3244 1309 3309 256,
1361 3247 1644 3314 scripsisse
1688 3251 2036 3317 comperitur.
2093 3250 2244 3306 lianc

688 3337 1008 3391 sententiam
1045 3351 1155 3404 pra:
1194 3336 1403 3391 caeteris
1448 3346 1531 3390 est
1584 3339 1865 3406 amplexus
1906 3356 1961 3395 v.
1990 3342 2059 3396 el.
2102 3342 2245 3396 Canv

2350 2807 2468 2845 rum
2501 2793 2730 2862 primus.
2761 2788 3301 2846 Occurrebatfdolort
3331 2799 3518 2843 nostro
3543 2789 3625 2843 vir
3648 2788 3907 2844 doctissi-

2344 2899 2467 2937 mus
2486 2884 2743 2940 dominus
2788 2882 2867 2935 Du
2901 2881 3083 2951 Cange
3124 2881 3175 2934 in
3206 2892 3475 2951 postrema
3514 2879 3751 2933 editione
3784 2879 3903 2933 Pa-

2346 2974 2538 3029 schalis
2566 2974 2847 3038 Chronici;
2875 2974 2965 3027 ubi
2991 2976 3057 3028 de
3088 2972 3356 3043 Hippolyti
3384 2971 3613 3035 Canone,
3652 2980 3707 3025 et
3740 2968 3907 3025 Com-

2352 3067 2606 3121 mentario
2632 3065 2852 3123 Pasclue
2879 3066 3111 3135 plurima
3130 3080 3254 3119 cum
3275 3064 3607 3119 disseruerat
3632 3063 3905 3131 solidiori,

2349 3174 2455 3227 qua
2488 3159 2671 3227 pollet,
2705 3158 3008 3212 eruditione
3054 3157 3107 3210 in
3141 3157 3289 3211 omni
3338 3171 3533 3223 genere
3575 3155 3908 3221 litterarum,

2347 3243 2498 3297 visus
2520 3254 2600 3298 est
2629 3245 2863 3313 aliquam
2890 3245 2942 3298 in
2976 3260 3125 3314 spem
3158 3260 3257 3299 nos
3289 3245 3557 3298 adducere
3603 3245 3728 3321 libri
3767 3244 3908 3315 Hip-

2348 3335 2546 3405 polytei
2602 3334 2904 3404 reperiundi
2952 3336 3006 3389 in
3056 3344 3283 3389 vetusto.
3320 3335 3410 3388 illo
3462 3334 3676 3397 codice,
3740 3351 3907 3405 quem

687 3425 810 3495 gius
840 3425 972 3495 (59).
1010 3425 1114 3480 Sed
1140 3426 1192 3479 in
1223 3428 1385 3480 aliam
1424 3427 1673 3485 abierunt
1698 3427 2026 3485 Pearsonius
2053 3430 2160 3503 (60)
2192 3441 2247 3487 ει
2273 3408 2318 3470 C
2348 3423 2601 3479 Canisius
2627 3426 2973 3494 Antiquarum
3003 3425 3282 3477 lectionum
3307 3422 3554 3488 tom.Jll,
3576 3432 3628 3477 et
3655 3423 3908 3479 Labbeus

687 3515 993 3570 Dodwellus
1012 3515 1156 3586 (61):
1185 3532 1418 3586 quorum
1452 3518 1721 3587 posterior
1760 3534 2113 3591 anonymum,
2137 3539 2247 3592 quo

687 3606 756 3658 de
794 3606 1029 3673 agimus,
1064 3606 1351 3675 scripsisse
1376 3608 1563 3661 statuit
1591 3609 1781 3676 paucis
1827 3620 1954 3679 post
1995 3592 2248 3683 Hippoly-

688 3704 805 3747 tum
833 3696 1024 3759 anuis;
1062 3710 1183 3749 cum
1224 3695 1362 3749 alias
1413 3706 1635 3753 sanctus
1668 3699 1769 3754 iste
1797 3711 2001 3772 martyr
2043 3711 2096 3757 et
2129 3706 2245 3772 epi-

692 3800 891 3853 scopus
948 3788 1127 3854 primo
1195 3786 1441 3855 ejusdem
1506 3788 1797 3845 Alexandri
1852 3791 2037 3847 Severi
2103 3810 2247 3848 anno

693 3880 911 3948 Cyclum
941 3894 1101 3934 suum
1127 3880 1414 3935 inchoasse
1437 3893 1711 3939 noscatur.
1731 3884 2019 3952 Caaterum,
2048 3888 2245 3956 inquit,

691 3973 862 4026 multa
908 3981 1091 4027 noster
1118 3987 1423 4044 anonymus
1453 3974 1636 4043 habet,
1681 3992 1802 4047 qua:
1830 3992 1952 4031 cum
1988 3978 2249 4049 hypothc—

693 4065 845 4118 sibus
878 4062 1149 4135 Hippolyti
1198 4066 1600 4137 chronologicis
1629 4067 1683 4121 in
1726 4069 1969 4137 ejusdem
2013 4070 2248 4139 paschali

693 4154 900 4208 Canone
949 4156 1249 4209 observatis
1299 4157 1611 4212 consentire
1659 4158 1965 4225 videantur,
2022 4176 2250 4231 quaeque

694 4243 830 4297 adeo
878 4233 1542 4316 Hippolyto‘anonymum
1592 4246 1843 4304 debuisse
1910 4249 1993 4303 fas
2048 4260 2133 4305 est
2191 4258 2253 4304 ut

698 4332 1055 4401 suspicemur.
1082 4336 1323 4398 Quorum
1373 4338 1591 4406 quidem
1638 4339 1878 4393 virorum
1913 4340 2249 4395 eruditorum

697 4424 979 4480 sontentiai
1010 4424 1096 4477 illa
1129 4425 1184 4477 in
1224 4427 1419 4494 primis
1447 4443 1547 4481 nos
1582 4438 1779 4498 00gunt
1815 4433 2093 4497 accedere,
2129 4447 2251 4502 quae

700 4513 803 4570 hac
834 4514 901 4568 de
932 4529 990 4568 re
1015 4515 1269 4583 praclare
1312 4516 1445 4571 satis
1472 4517 1763 4573 edisseruit
1804 4520 2029 4577 illustris
2056 4523 2252 4593 praesul

701 4605 1026 4662 Franciscus
1055 4606 1408 4663 Bl‘anchinius
1432 4608 1563 4679 (62).
1596 4609 1689 4665 Sic
1719 4612 1883 4683 igitur
1911 4613 2035 4675 ille:

2350 3514 2402 3568 in
2437 3516 2610 3584 primo
2639 3515 2977 3569 Bibliotheca:
3000 3517 3485 3583 ‘manuscriptorum
3512 3512 3731 3583 publico
3762 3516 3907 3572 bono

2348 3606 2403 3660 in
2446 3607 2621 3661 lucem
2666 3604 3355 3675 protulerant:Adoruavit
3395 3622 3522 3660 vero
3574 3613 3736 3666 etiam
3791 3613 3909 3680 ipse

2347 3714 2397 3750 v.
2418 3698 2488 3752 cl.
2514 3695 2725 3751 tertiam
2762 3698 3003 3766 ejusdem
3033 3700 3275 3765 opusculi
3308 3700 3621 3768 editionem,
3658 3720 3810 3757 num.
3838 3701 3905 3757 IV

2348 3789 2403 3840 in
2442 3787 2658 3841 Selectis
2693 3790 2759 3841 ad
2793 3785 3170 3842 illustrandum
3196 3788 3530 3857 ‘C/tronicon,
3576 3797 3719 3862 quod
3747 3810 3909 3863 para-

2350 3878 2470 3931 bat:
2500 3880 2656 3947 cujus
2682 3880 2896 3933 titulum
2927 3880 2981 3932 in
3025 3880 3263 3935 indiculo
3299 3880 3515 3936 Selectis
3546 3885 3799 3953 praeﬁxo,
3838 3902 3907 3940 ex

2350 3970 2587 4039 antiquis
2631 3970 2960 4025 membranis
3014 3986 3139 4025 cum
3193 3973 3443 4028 redderet
3491 3991 3615 4047 pag.
3663 3977 3799 4043 403,
3832 3980 3907 4033 ita

2351 4061 2806 4115 rommeudavit:
2849 4066 2942 4119 IV.
3007 4065 3168 4120 Liber
3224 4067 3584 4133 generationis
3636 4069 3704 4121 ab
3734 4068 3907 4123 Adam

2363 4167 2531 4222 usque
2597 4153 2663 4209 ad
2716 4138 2980 4217 ordinem,
3012 4168 3133 4222 qum
3165 4155 3288 4226 (sic)
3317 4158 3662 4211 continentur
3700 4158 3753 4211 in
3804 4160 3909 4214 hoc

2363 4242 2529 4297 libro.
2608 4244 2750 4313 Opus
2817 4246 2954 4315 quod
3010 4245 3298 4317 Hippolyto
3363 4246 3645 4302 Portnensi
3711 4253 3907 4305 ascribi

2353 4350 2500 4402 posse
2538 4336 2784 4389 duximus
2824 4338 2879 4389 in
2918 4330 3229 4406 praefatione
3272 4355 3291 4394 :
3327 4354 3392 4397 ea:
3443 4341 3665 4395 editione
3691 4340 3908 4395 Henrici

2356 4425 2596 4491 Canisii,
2638 4437 2686 4478 et
2717 4426 2950 4495 Philippi
2990 4422 3184 4481 Labhei
3223 4429 3291 4481 ad
3328 4429 3484 4503 ﬁdem
3521 4433 3710 4485 codicis
3754 4434 3911 4487 colle-

2354 4517 2427 4585 gii
2479 4530 2587 4571 soc.
2633 4515 2760 4570 Jesu
2807 4516 3129 4571 Parisiensis
3175 4522 3513 4589 recognitum.
3563 4522 3628 4577 Et
3675 4540 3802 4579 ecce
3852 4528 3908 4579 in

2352 4606 2669 4677 prazfatione
2691 4607 2957 4675 plurimus
2976 4616 3058 4661 est
3082 4609 3133 4661 in
3158 4610 3486 4677 conjecturis
3501 4616 3906 4683 conquirendis,

779 4718 797 4749 ο
830 4699 1154 4755 Dolebamus
1182 4702 1325 4770 quod
1365 4702 1500 4755 liber
1524 4702 1616 4756 ille
1652 4703 2004 4767 interciderit,
2044 4704 2135 4759 ubi
2169 4706 2253 4760 di-
2285 4730 2331 4785 ο
2360 4697 2500 4751 unde
2526 4695 2809 4767 Hippolyto
2836 4700 3083 4768 martyri.
3124 4715 3282 4768 quem
3317 4700 3665 4759 Portucnsem
3690 4707 3907 4774 episco-

706 4802 941 4861 gesserat
1011 4792 1330 4864 Hippolytus
1399 4795 1893 4850 demonstrationem
1963 4807 2255 4867 temporum

707 4879 947 4946 Paschaz,
981 4884 1415 4953 quemadmodum
1444 4887 1501 4939 in
1528 4886 1723 4941 tabula.
1746 4886 1902 4959 Opus
1928 4891 2071 4945 enim
2101 4892 2253 4957 illud,

709 4970 757 5023 si
814 4971 880 5024 ad
931 4989 1030 5027 nos
1086 4975 1359 5044 integrum
1409 4980 1772 5046 pervenisset,
1816 4981 2003 5047 haberi
2041 4983 2259 5038 deberet

708 5069 834 5129 post
863 5077 1045 5117 sacras
1064 5064 1273 5121 litteras
1304 5070 1547 5123 omnium
1570 5072 2043 5139 pretiosissimum.
2077 5073 2259 5144 Siqui-

711 5151 832 5203 dem
876 5160 999 5235 ante
1038 5150 1383 5225 llippolytum
1425 5172 1585 5210 nemo
1612 5159 1907 5229 digesserat
1952 5162 2009 5217 in
2052 5172 2256 5218 certam

710 5242 942 5305 seriem,
996 5258 1094 5297 nec
1138 5247 1205 5301 ad
1254 5247 1386 5317 cycli
1439 5263 1683 5303 normam
1737 5234 2014 5321 redegerat
2075 5267 2261 5319 sacros

678 5326 679 5329 “
712 5334 939 5389 annales
964 5351 977 5386 :
1006 5336 1151 5403 quod
1169 5337 1268 5393 ille
1297 5340 1542 5408 prazstitit
1571 5339 2007 5399 CbriStianorum
2031 5347 2264 5415 scripto-

718 5560 749 5632 s
783 5488 1025 5614 ἔξθέιὲιέ
1068 5491 1281 5563 Cange,
1316 5494 1527 5552 Palat.
1578 5496 1647 5553 ad
1676 5497 1985 5556 'Chronicon
2037 5501 2257 5570 Paula,

787 5630 899 5711 (6οη)
938 5629 1239 5711 Pearsop.,_
1252 5631 1474 5711 Dissert.
1502 5636 1528 5691 1
1555 5637 1621 5693 de
1642 5630 1880 5695 success.
1912 5640 2071 5710 prim.
2099 5642 2259 5697 Rom.

716 5701 1061 5773 pontif._cap.
1094 5701 1242 5773 10L§
1268 5704 1320 5757 1.
1463 5750 1472 5761 .
1531 5722 1536 5727 ·

772 5750 1606 5849 (ἐξ)ὀὀῖιὲεῑ.’,’ῡ⁴ἲεὲὲη.είὶιευι.
1625 5778 1690 5840 de
1706 5777 1862 5837 Rom.
1882 5781 2073 5853 pontii.
2096 5782 2262 5849 prim.

2357 4805 2485 4860 pum
2524 4804 2590 4844 ex
2651 4804 2728 4844 vti
2794 4790 3187 4846 suburbicariis
3222 4791 3393 4847 fuisse
3439 4805 3706 4861 autumat,
3743 4798 3905 4851 tribui

2357 4895 2467 4950 prie
2489 4881 2700 4939 caeteris
2726 4880 2935 4937 debeat.
2963 4901 2983 4935 ι

2435 4974 2650 5041 Verum,
2676 4976 2718 5030 si
2749 4976 2815 5031 ad
2847 4974 3189 5049 Hippolytum
3212 4977 3517 5047 episcopum
3542 4989 3594 5033 ct
3614 4990 3904 5051 martyrem

2360 5064 2537 5119 Canon
2574 5066 2671 5121 iSte
2697 5082 3035 5120 marmoreus
3070 5066 3382 5123 referendus
3409 5080 3513 5135 est,
3561 5082 3619 5123 ut
3660 5075 3903 5127 omnium

2361 5156 2647 5223 doctorum,
2675 5158 2951 5226 ipsiusque
2980 5157 3115 5210 adeo
3140 5154 3329 5225 Cangii
3354 5160 3610 5228 suffragio
3639 5160 3900 5228 refertur;

2362 5245 2855 5300 demonstraturum
2913 5261 2997 5300 me
3047 5262 3169 5302 esse
3216 5250 3465 5315 conﬁdo,
3500 5251 3589 5304 cad
3654 5256 3901 5307 eumdem

2364 5333 2708 5407 Hippolytum
2741 5349 2849 5388 non
2886 5335 3156 5405 pertinere
3183 5337 3443 5391 codicem
3468 5336 3619 5390 illum
3660 5338 3905 5394 Canisia-

2362 5502 2625 5582 success.,
2664 5525 2781 5579 cap.
2812 5510 2895 5582 14,
2932 5509 2958 5582 §
2989 5512 3073 5569 i9.
3255 5580 3272 5582 4
3478 5516 3483 5521 ⁴

2435 5582 2547 5663 (62)
2587 5581 2833 5663 manenti:
2874 5580 3095 5639 Dissert.
3132 5582 3200 5638 de
3236 5580 3569 5663 (ξαρκρᾳεεὴ.
3610 5582 3671 5640 S.
3706 5585 3904 5663 [lippo-

2367 5649 2481 5721 lyti,
2510 5667 2628 5728 cap.
2653 5650 2706 5716 5,
2740 5649 2768 5721 §
2803 5650 2833 5702 7
2856 5667 3031 5724 seqq.,
3060 5663 3114 5709 et
3134 5653 3277 5727 apud
3298 5649 3509 5710 Fabric.
3540 5667 3670 5712 toni.
3700 5649 3834 5728 Opp.
3860 5655 3903 5723 ι,

2364 5736 2488 5792 pag.
2518 5722 2617 5775 114
2639 5730 2691 5777 et
2726 5737 2877 5791 seqq.
