4104 6350
176 442 257 500 593
486 444 493 453 ο
1125 438 1213 493 ns
1250 422 1413 495 vim
1449 435 1538 492 ET
1579 434 1893 493 SCRIPTIS
1924 438 1983 494 s.
2013 439 2403 500 HlPPOLx’l‘l.

3278 439 3382 501 59‘

176 570 366 619 unmvet
408 558 786 625 Labbeanum,
822 559 1152 629 caeteroquin
1187 559 1537 629 spectabilem
1565 577 1577 611 :
1622 557 1717 612 sed
1746 561 1794 617 Α
1827 578 1846 609 ε
1882 559 2089 614 bratur.
2119 560 2236 631 Ipse
2263 563 2408 615 enim
2431 569 2551 615 erat
2570 561 2776 630 justum
2798 559 3021 616 Pascha.
3048 563 3090 615 A
3122 559 3384 619 Passione

176 669 272 711 esse
295 653 480 723 potius
527 652 895 717 referendum,
922 652 1007 706 vel
1042 651 1109 706 ad
1152 650 1418 706 Heronem
1458 650 1611 703 illum
1652 664 1719 705 ex

175 746 473 819 philosopho
503 743 875 805 Christianum
899 751 955 797 et
981 752 1277 814 martyrem
1304 761 1317 797 :
1348 757 1509 811 quem
1544 742 1657 811 ipse
1686 755 1717 796 a

177 846 439 893 ueocoratu
482 836 667 905 temin
716 835 996 905 Serapidis
1046 836 1101 888 in
1152 833 1317 889 Portu
1378 832 1628 886 Romano
1648 832 1742 905 ad.

175 930 343 985 Christi
380 929 543 984 ﬁdem
596 938 881 984 evocatum
935 928 1248 997 suspicatur
1292 942 1358 980 ex
1406 925 1591 979 Graeca
1632 925 1718 977 in—

176 1022 441 1091 scriptione
468 1021 609 1091 apud
640 1020 902 1090 Spouium
943 1028 1077 1074 scct.
1120 1031 1175 1083 Χ,
1204 1034 1355 1071 num.
1386 1012 1477 1082 2‘2,
1514 1015 1716 1069 Severo

173 1115 451 1171 Alexandro
473 1116 802 1184 imperante,
831 1113 1044 1184 ipsique
1068 1113 1203 1166 adeo
1226 1109 1514 1179 Hippolyto
1532 1124 1717 1178 aequa-

172 1206 283 1271 lem;
308 1215 363 1259 et
392 1205 460 1260 de
494 1204 832 1273 temporibus
872 1203 1162 1273 scripsisse
1191 1202 1350 1255 docet
1379 1216 1444 1255 ex
1472 1211 1714 1254 veterum

146 1282 492 1361 testimoniis,
544 1309 779 1364 eumque
838 1294 1167 1363 necphytum
1212 1291 1456 1360 explesse
1507 1300 1713 1360 marty‘

170 1390 301 1441 rium.
348 1387 566 1442 Accedo
610 1387 797 1455 itaque
839 1385 907 1439 ad
959 1398 1081 1438 eam
1140 1385 1500 1449 sententiam,
1546 1398 1711 1452 quam

170 1481 379 1535 secundo
427 1480 552 1534 loco
600 1480 753 1535 idem
778 1478 1029 1533 laudatus
1060 1487 1250 1532 auctor
1293 1478 1348 1530 iu
1396 1475 1713 1546 praal'atioue

168 1574 432 1638 subtexuit,
447 1573 638 1629 dicens
660 1575 743 1629 vel
758 1573 1045 1644 Hippolyto
1059 1574 1333 1643 episcopo,
1351 1572 1433 1626 vel
1461 1589 1479 1621 ι
1503 1571 1711 1633 auctori

166 1666 469 1735 synchrouo,
518 1664 613 1736 qui
656 1668 856 1722 vixerit
900 1669 1003 1723 sub
1037 1668 1347 1722 Alexandro
1387 1667 1652 1736 Augusto,
1686 1683 1704 1716 ι

165 1772 265 1811 esse
314 1756 514 1810 librum
577 1758 1028 1826 adjudicandum.
1079 1757 1310 1812 Praestat
1360 1756 1482 1827 ejus
1541 1756 1709 1811 verba

164 1849 494 1903 transcribere
514 1863 582 1903 ex
605 1865 759 1919 num.
783 1850 850 1903 i8
878 1850 1246 1920 praefationis:
1326 1898 1329 1901 .

224 1956 239 1987 ι
263 1939 526 1993 Caeterum
564 1938 839 2011 Hippolyti
888 1940 1162 2005 Chronico,
1210 1942 1279 1995 de
1317 1953 1429 2010 quo
1463 1938 1705 2009 agimus,

164 2030 407 2097 geminum
439 2044 605 2100 prope
644 2040 765 2097 est,
802 2030 907 2085 nisi
937 2032 1229 2101 ipsummet
1253 2030 1518 2085 exstiterit
1545 2030 1711 2084 Citra-

161 2120 289 2173 nicon
314 2121 466 2187 illud,
499 2123 647 2193 quod
678 2105 850 2177 edidit
878 2123 1146 2178 Henricus
1179 2123 1436 2177 Canisius
1474 2114 1605 2176 tom.
1641 2122 1711 2176 lll

158 2211 312 2280 Antiq.
331 2212 563 2281 lection.,
586 2224 641 2268 et
666 2212 947 2284 Philippus
966 2214 1219 2269 Labbeus
1252 2225 1383 2268 tom.
1412 2214 1593 2268 lnovte
1616 2213 1711 2267 Bi-

159 2301 407 2357 Hiotheca:
451 2320 517 2359 ex
563 2321 669 2360 ms.
706 2307 895 2363 codice
938 2306 1152 2375 collegii
1192 2305 1369 2361 Paris.
1417 2320 1531 2359 soc.
1580 2302 1707 2359 Jesu
1770 2345 1779 2347 -

157 2394 303 2451 hocce
354 2399 559 2453 titulo:
630 2400 709 2455 De
758 2402 1110 2455 divisionibus
1176 2412 1224 2455 et
1288 2402 1707 2471 generationibus

157 2490 380 2556 gentium.
408 2489 564 2555 Quod
583 2493 803 2561 quidem
822 2491 1116 2547 Chroniron
1128 2494 1194 2548 ad
1215 2493 1507 2548 Alexandri
1524 2492 1707 2548 Severi

156 2594 334 2635 annum
362 2598 483 2646 xm,
511 2599 747 2654 eumque
774 2566 985 2655 imperii
1014 2596 1367 2655 postremum,
1401 2594 1511 2655 quo
1538 2587 1709 2656 impe-

153 2683 288 2727 rante
315 2690 373 2728 se
404 2675 612 2730 vixisse
656 2678 767 2731 non
824 2677 993 2732 semel
1023 2689 1218 2733 auctor
1270 2678 1464 2743 innuit,
1502 2680 1703 2747 perdu-

154 2763 293 2819 citur.
320 2762 369 2820 Is
414 2781 543 2821 vero
581 2768 638 2821 in
690 2768 1009 2838 praefatione
1040 2770 1442 2841 descripturum
1484 2786 1543 2825 se
1586 2771 1702 2825 ait:

155 2870 173 2904 ί
204 2853 444 2912 Gentium
496 2858 858 2927 divisionem,
889 2869 943 2936 et
976 2871 1264 2931 parentum
1303 2862 1703 2916 dinumeratam

156 2961 173 2994 ι
206 2950 621 3021 generationem,
658 2951 1074 3011 inhabitationis
1106 2967 1324 3022 quoque
1355 2963 1625 3022 tempora,
1652 2962 1705 3006 et

154 3053 172 3086 ι
203 3036 452 3092 bellorum
476 3040 920 3108 commissiones,
942 3051 996 3096 et
1013 3042 1261 3111 judicum
1292 3051 1559 3112 tempora,
1583 3042 1699 3111 qui,

153 3143 172 3176 ι
201 3136 256 3181 et
278 3130 473 3199 quibus
519 3132 738 3203 regibus
780 3134 892 3187 nati
942 3142 1092 3199 sunt,
1138 3134 1439 3204 qualesque
1477 3133 1701 3203 captivi-

151 3234 170 3268 ι
206 3228 333 3277 tates
381 3223 602 3293 populi,
663 3230 719 3278 et
755 3224 956 3293 quibus
1009 3225 1286 3295 judicibtts
1335 3224 1766 3293 contigerint,c

151 3326 169 3357 ι
201 3311 395 3381 quique
424 3311 759 3377 sacerdotes,
788 3312 988 3382 quibus
1023 3313 1359 3382 temporibus
1383 3312 1700 3379 fuerant,‘et

115 3399 119 3403 ’
150 3418 170 3454 t
200 3420 312 3473 quae
337 3405 564 3472 divisio,
597 3415 652 3460 et
697 3420 819 3475 qua:
870 3407 1103 3475 perditio
1142 3406 1281 3461 facta
1318 3406 1427 3472 sit,
1459 3421 1697 3475 quonam

150 3511 167 3542 ι
201 3495 352 3549 modo
402 3495 680 3573 generatio
728 3496 955 3573 seminis
1000 3496 1181 3552 Israel
1240 3497 1307 3551 de
1347 3495 1601 3552 Patribus
1642 3499 1695 3551 iu

152 3583 403 3643 IChristo
460 3578 741 3665 completa
791 3587 903 3654 sit,
953 3598 1010 3641 et
1064 3592 1201 3657 quot
1250 3587 1550 3657 quantique
1602 3604 1699 3658 per

148 3692 165 3726 ι
196 3686 384 3744 quanta
423 3687 671 3748 tempora
715 3678 1130 3751 dinumerentur
1180 3684 1307 3732 anni
1364 3694 1396 3733 a
1447 3688 1697 3753 creatura

149 3786 166 3817 ι
197 3771 371 3825 smeuli
424 3786 601 3840 usque
642 3771 696 3825 in
735 3771 882 3826 hunc
927 3772 1092 3826 diem.
1126 3789 1143 3822 ι
1187 3766 1497 3826 Przei'ationi
1534 3772 1693 3825 index

143 3861 434 3930 subjicitur,
484 3863 643 3933 cujus
678 3864 712 3917 6
746 3873 910 3933 caput
944 3862 1097 3929 hisce
1134 3861 1317 3917 verbis
1371 3869 1691 3931 conceptum

144 3949 366 4022 legitur:
415 3973 433 4005 ι
469 3954 776 4009 Declaralio
803 3944 1049 4019 Pascha,
1079 3960 1133 4007 et
1166 3954 1288 4022 quis
1328 3950 1547 4020 quando
1579 3965 1695 4004 ser-

147 4061 164 4093 ι
190 4047 330 4101 vavit
359 4063 427 4101 ex
459 4046 800 4116 temporibus
837 4044 1010 4115 Moysi
1046 4046 1099 4099 in
1130 4044 1282 4098 hunc
1310 4043 1475 4095 diem.
1511 4058 1529 4091 ι
1562 4040 1693 4105 Quae

143 4137 345 4205 quidem
368 4139 434 4193 ad
456 4154 519 4193 ea
542 4136 874 4203 referuntur,
890 4152 1016 4208 quas
1032 4135 1302 4189 habentur
1325 4134 1379 4186 in
1404 4148 1467 4187 ea.
1491 4132 1687 4186 sectio-

143 4242 222 4291 ne,
253 4229 339 4283 ubi
363 4230 427 4285 de
448 4216 713 4285 Paschate
737 4227 967 4283 subinde
988 4242 1015 4280 a
1037 4225 1239 4281 Iudaeis
1268 4233 1459 4278 exacto
1486 4220 1685 4290 agitur.

144 4314 267 4370 Tum
286 4318 495 4373 additur
513 4337 530 4372 τ
565 4335 585 4367 ‹
604 4318 648 4370 Α
670 4317 1012 4396 generatione
1036 4324 1215 4369 autem
1250 4312 1449 4367 Christi
1478 4317 1600 4380 post
1620 4308 1688 4362 50

145 4425 163 4457 ι
199 4422 366 4463 annos
417 4422 541 4463 cum
595 4420 794 4475 passus
843 4412 927 4459 est
959 4401 1515 4480 DominusHPascha
1547 4400 1689 4455 cele»

378 5913 649 5973 PLTROL.
686 5872 803 5968 Cn.
834 5908 915 5969 Χ.

1825 668 1846 702 ι
1886 658 2068 705 autem
2110 649 2335 723 Domini
2397 666 2571 720 usque
2610 652 2683 705 in
2733 668 2829 707 xm
2904 646 3131 705 annum
3168 653 3381 723 imperii

1825 762 1845 797 ι
1882 743 2174 800 Alexandri
2197 744 2429 805 Ctesaris
2456 744 2583 811 anni
2606 743 2730 811 206,
2750 754 3020 799 servatum
3043 753 3126 799 est
3146 742 3377 808 Pascha,

1792 851 1844 903 ¹ι
1880 834 2026 902 quod
2064 834 2118 888 in
2158 835 2731 891 commemOratiouem
2776 834 2993 889 Domini
3040 829 3212 889 noStri
3247 834 3379 891 Jesu

1822 943 1841 977 ι
1879 926 2081 981 Christi
2115 935 2363 983 servatur
2385 942 2415 979 a
2442 926 2621 982 nobis.
2646 925 2808 980 Fiunt
2834 926 2999 996 igitur
3031 942 3219 982 omnes
3249 926 3381 981 anni

1824 1037 1841 1069 ι
1881 1018 1949 1071 ab
1974 1003 2155 1071 Adam
2180 1034 2369 1087 usque
2392 1020 2447 1072 in
2485 1020 2631 1075 hunc
2662 1019 2805 1073 diem
2834 1021 2962 1073 anni
2992 1020 3152 1074 5738.
3191 1040 3208 1072 ι
3246 1020 3379 1087 Quae

1816 1106 2033 1175 quidem
2070 1107 2159 1163 hic
2196 1122 2227 1160 a
2254 1107 2411 1161 nobis
2452 1107 2615 1162 allata
2642 1108 2693 1165 si
2735 1110 2858 1187 quis
2892 1124 3016 1164 cum
3044 1112 3129 1175 iis,
3162 1126 3281 1179 quae
3309 1112 3378 1165 de

1816 1194 2084 1268 Hippolyti
2112 1196 2367 1252 Chronico
2394 1201 2693 1269 attigimus,
2725 1193 2789 1255 ad
2814 1202 3082 1255 amussim
3126 1201 3377 1257 conferre

1814 1291 1982 1357 velit;
2022 1290 2155 1346 illud
2210 1292 2387 1361 ipsum
2442 1306 2561 1346 esse
2606 1293 2848 1360 ejusdem
2890 1293 3186 1347 Chronicon
3230 1295 3375 1348 haud

1814 1379 2099 1434 diliiculter
2125 1380 2261 1435 forte
2293 1381 2573 1447 concedet,
2608 1383 2695 1436 cui
2729 1383 3045 1437 laterculum
3085 1384 3130 1437 is
3161 1384 3375 1451 praemi-

1814 1471 1967 1534 serit,
2005 1472 2087 1525 vel
2108 1471 2427 1541 subdiderit,
2488 1470 2540 1523 in
2598 1469 2876 1548 Paschalis
2908 1470 3050 1533 festi,
3082 1472 3146 1525 de
3178 1486 3287 1543 quo
3319 1470 3379 1524 in

1813 1564 1927 1628 illa,
1954 1579 2116 1632 quam
2138 1563 2404 1637 diximus,
2443 1566 2681 1639 sectione
2710 1550 3171 1639 egilt,‘inv_enieudi
3210 1574 3375 1616 cano-

1810 1670 1937 1709 nem
1961 1671 2056 1710 seu
2087 1655 2324 1723 regulam
2348 1672 2362 1719 ;
2387 1656 2453 1709 ad
2481 1672 2643 1724 quam
2672 1657 2976 1731 praeteritus
3003 1664 3058 1717 et
3078 1663 3374 1724 sequentes

1812 1759 1989 1799 annos
2022 1746 2328 1815 expendere
2363 1747 2619 1800 lectorem
2655 1749 2909 1801 voluerit.
2944 1763 2963 1799 ι

1736 1892 1781 1950 Β
1880 1886 2046 1946 Recte
2094 1890 2313 1959 quidem
2362 1895 2771 1958 argumentatur
2819 1902 2887 1942 ex
2952 1886 3102 1942 hisce
3156 1885 3373 1939 duobus

1814 1984 2059 2045 numeris
2092 1998 2360 2037 annorum
2382 1997 2411 2036 a
2429 1982 2690 2037 Passione
2712 1979 2927 2035 Domini
2951 1979 3018 2033 ad
3048 1993 3250 2032 annum
3272 1992 3372 2031 xm

1815 2074 1999 2131 Severi
2032 2076 2346 2141 Alexandri,
2379 2090 2614 2130 necnon
2651 2074 2719 2128 ab
2747 2088 2833 2139 eo,
2862 2087 3026 2145 quem
3061 2087 3193 2125 xxxi
3244 2079 3370 2124 ante

1810 2167 2127 2223 Passionem
2158 2184 2223 2226 ex
2269 2177 2512 2222 veterum
2553 2166 2818 2222 sententia
2862 2164 3223 2219 incarnationi
3269 2162 3375 2217 Do.
3437 2208 3442 2212 .

1808 2260 2026 2333 minicae
2055 2259 2348 2314 tribuebat.
2388 2258 2727 2324 Quinetiam,
2782 2263 2842 2308 ut
2888 2255 3372 2321 addamfreliquas

1807 2352 2046 2421 epochas
2076 2351 2131 2405 in
2167 2341 2475 2404 marmoreo
2491 2345 3044 2410 Canonerecensitas,
3072 2344 3365 2397 concedam

1807 2444 2095 2513 plerasque
2124 2457 2315 2513 earum
2340 2456 2463 2495 cum
2500 2438 2745 2492 numeris
2778 2437 2983 2517 codicis
3010 2435 3280 2489 Labbeani
3317 2442 3372 2488 et

1808 2532 2084 2589 Cauisiani
2146 2547 2469 2602 congruere.
2527 2529 2727 2585 Verum
2763 2544 2886 2582 cum
2947 2527 3251 2595 discrepent
3300 2526 3369 2578 ab

1806 2608 2012 2680 eisdem
2071 2625 2329 2693 reliquae,
2394 2637 2568 2690 eaque
2618 2621 2962 2690 potissimum
3012 2631 3133 2687 qua:
3184 2616 3372 2670 dellnit

1807 2714 2150 2770 intervallum
2181 2714 2323 2766 inter
2356 2712 2463 2766 duo
2488 2710 2773 2775 Paschata,
2806 2709 2975 2762 Exodi
3003 2717 3056 2761 et
3092 2707 3367 2772 Ezechiae;

1805 2810 2085 2863 evidenter
2122 2806 2432 2861 ostenditur
2474 2818 2841 2857 marmoreum
2884 2800 3155 2871 Hippolyti
3198 2800 3366 2854 Chro-

1806 2904 1961 2956 nicon
1987 2901 2259 2955 diversum
2296 2913 2417 2951 esse
2450 2911 2480 2949 a
2528 2896 2731 2962 scripto
2760 2892 2862 2961 ipsi
2890 2892 3104 2961 aequali,
3133 2892 3186 2942 in
3213 2905 3367 2943 coma

1803 2994 1948 3064 putis
2004 2990 2365 3047 dissentienti.
2423 2988 2559 3042 Cum
2616 3002 2744 3040 vero
2801 2992 3041 3048 constet,
3096 2982 3365 3052 Hippolyti

1802 3097 2063 3147 numeros
2093 3092 2203 3135 tam
2244 3094 2413 3150 prope
2446 3077 2703 3135 accedere
2745 3074 2813 3129 ad
2846 3074 3163 3157 peritiorum
3203 3073 3363 3127 chro-

1801 3176 2121 3245 nologorum
2182 3172 2497 3233 sententias,
2576 3169 2659 3222 uti
2699 3184 2764 3221 ex
2823 3164 3225 3235 comparatione
3268 3180 3369 3219 os.

1800 3282 2014 3326 tensum
2055 3265 2159 3322 fuit
2212 3276 2374 3332 supra
2419 3270 2687 3318 :ecoutra
2732 3274 2859 3315 vero
2900 3258 3122 3329 Lvitiosa
3191 3259 3391 3330 mania.

1799 3362 1937 3417 feste
1976 3360 2049 3417 sit
2090 3355 2424 3426 computatio
2474 3354 2732 3425 anonymi
2767 3354 2821 3409 in
2874 3351 3176 3406 definiendo
3222 3366 3364 3419 prae-

1767 3485 1771 3487 λ
1800 3454 1987 3510 sertim
2017 3450 2303 3505 intervallo
2337 3464 2368 3503 a
2395 3448 2660 3503 Paschate
2688 3444 2854 3500 Iosue
2888 3444 2957 3498 ad
2988 3441 3195 3497 Pascha
3229 3442 3365 3496 Eze-

1799 3547 1968 3614 Chiae;
2006 3559 2181 3615 operas
2212 3542 2442 3614 pretium
2480 3539 2637 3602 duco,
2659 3535 2905 3594 rationes
2950 3532 3219 3602 Hippolyti
3262 3533 3365 3588 hoc

1803 3638 1858 3691 in
1903 3644 2258 3690 monumento
2295 3627 2617 3697 superstites
2644 3623 2933 3685 exhibere;
2978 3630 3037 3675 ut
3067 3622 3181 3674 haec
3215 3622 3360 3681 anti-

1802 3726 2066 3791 quissima
2104 3722 2346 3777 omnium
2397 3715 2748 3783 chronologia
2787 3712 3077 3781 paschalis,
3109 3708 3363 3763 maxima:

1802 3816 2073 3887 Hippolyti
2110 3812 2311 3881 peritiae
2336 3808 2509 3869 testis,
2544 3806 2599 3859 iu
2638 3801 3161 3859 commendationem
3206 3799 3363 3853 cedat

1802 3909 2080 3979 sapientiae
2111 3904 2353 3961 Patrum,
2395 3901 2489 3970 qui
2528 3898 2763 3968 proximi
2803 3897 2870 3950 ab
2902 3893 3181 3963 apostolis,
3209 3899 3263 3945 et
3289 3891 3360 3944 ab

1802 3998 2113 4069 apostolicis
2133 3995 2266 4048 viris
2292 3992 2465 4062 prima
2488 3990 2741 4045 Ecclesia:
2770 3986 2983 4049 saecula,
3002 3986 3070 4039 ut
3098 3982 3359 4052 sanguine

1801 4105 1900 4160 pro
1945 4088 2164 4144 Christo
2228 4086 2376 4150 fuso,
2423 4085 2494 4138 ita
2546 4084 2709 4138 etiam
2762 4080 2975 4148 scriptis
3036 4073 3359 4130 clarissimis

1797 4185 2157 4237 illustrarunt.

1797 4299 2088 4370 (Cononem
2113 4298 2412 4368 paschalem
2438 4294 2495 4349 S.
2521 4289 2794 4362 Hippolyti
2830 4286 2942 4339 vide
2977 4282 3163 4353 infra.)
3196 4280 3353 4335 EDl'r.
3394 4292 3397 4293 '

1797 4397 1965 4451 Pun.
2380 4392 2383 4393 ⁷

2962 5865 3039 5929 13
