4078 6348
144 426 217 481 l0!
588 454 591 455 ν
832 460 835 461 ν
898 420 986 477 DE
1022 420 1416 478 PORTUENSI
1450 420 1506 476 S.
1550 418 1914 478 HIPPOLYTI
1947 421 2139 477 SEDE.
2179 453 2248 463 -—
2272 419 2453 477 PARS
2485 420 2526 476 I.

143 544 364 619 quamvis
429 520 759 618 in‘epistola
798 542 882 615 .ad
946 542 1233 597 Damasum
1305 542 1489 597 multis
1565 551 1690 596 ante
1716 549 1759 603 Α
1789 509 2024 601 doctori,
2070 540 2197 593 dum
2244 539 2491 594 eumdem
2539 536 2846 608 Catalogum
2892 536 3139 607 scripsit,
3174 551 3336 593 sena-

144 635 424 704 (stologum
466 633 630 688 annis
687 633 886 702 scripta
932 630 1084 702 (76),
1145 640 1203 685 et
1257 632 1311 686 in
1368 631 1709 703 praefatione.

144 741 234 779 suae
259 725 309 777 in
340 723 656 777 Manlium
681 721 1035 789 Expositionis
1061 762 1079 787 ,
1124 723 1244 777 solo
1282 721 1537 793 martyris
1571 736 1676 774 no-

150 816 267 869 mine
285 813 637 885 Hippolytum
664 818 908 868 nostrum
938 812 1271 867 decorasset.
1295 811 1678 883 Hieronymum

144 905 517 975 quodammodo
570 902 624 955 in
678 903 778 956 hac
808 916 866 956 re
906 898 1126 956 secutus
1166 908 1250 955 est
1289 899 1537 961 Pbotius.
1586 901 1679 969 qui

146 1011 243 1050 cum
271 994 488 1048 duobus
520 995 575 1047 in
606 993 738 1047 locis
767 992 1035 1062 Hippolyti
1064 992 1236 1047 nostri
1267 992 1594 1068 meminerit,
1626 994 1682 1045 in

143 1101 299 1140 eorum
330 1085 503 1139 altero
531 1084 639 1154 (77)
673 1085 825 1138 illum
853 1085 1001 1138 nullo
1023 1099 1121 1138 nec
1155 1068 1409 1153 martyris
1432 1098 1529 1137 nec
1563 1083 1680 1153 epi-

126 1176 266 1245 seOpi
311 1175 474 1229 titulo
524 1175 836 1245 insignivit;
889 1176 943 1229 in
996 1175 1165 1228 altero
1196 1189 1322 1228 vero
1350 1174 1596 1228 eumdem
1629 1182 1683 1227 et

143 1266 429 1332 episcopum
454 1273 509 1317 et
536 1274 827 1335 martyrem
860 1263 1218 1318 disertissime
1239 1262 1525 1333 appellavit
1544 1262 1676 1332 (78).

146 1355 191 1409 Si
221 1355 373 1424 igitur
412 1355 693 1410 Romanus
736 1366 952 1409 senator
998 1354 1099 1408 fuit.
1144 1352 1487 1424 Hippolytus,
1537 1362 1682 1407 recte

143 1445 250 1501 inde
282 1446 476 1500 deduci
510 1460 669 1514 posse
698 1445 1025 1499 arbitramur
1067 1445 1242 1513 ipsum
1276 1444 1330 1497 in
1372 1440 1679 1508 Occidente,

143 1552 233 1591 non
260 1538 310 1590 in
341 1535 562 1592 Oriente
593 1537 816 1601 vixisse,
864 1545 1254 1604 proptereaque
1297 1536 1351 1588 in
1394 1531 1682 1590 Gaudente

144 1627 480 1695 episcopalem
515 1626 698 1681 sedem
732 1626 1015 1681 obtulisse.

200 1736 276 1790 III.
311 1737 589 1791 Mariam"
647 1734 905 1789 Victorius
954 1754 1057 1790 non
1096 1735 1469 1806 Hippolytum,
1522 1736 1610 1789 sed

319 1808 659 1876 Apollonium
686 1815 973 1861 senatorem
1003 1808 1163 1876 fuisse
1186 1808 1471 1860 contendit.

201 1897 406 1965 Scimus
444 1898 789 1953 doctissimos
818 1898 968 1951 viros
990 1938 1006 1963 ,
1047 1899 1188 1951 inter
1237 1913 1377 1964 quos
1406 1896 1680 1951 Marianos
1710 1872 1756 1931 Β

142 1986 179 2041 ν
198 1990 388 2045 ctorius
423 1989 715 2054 lleatinus,
746 1989 1185 2046 accuratissimus
1206 1987 1440 2057 ()perum
1463 1986 1520 2042 S.
1557 1985 1681 2038 Hie-

141 2080 328 2148 ronymi
361 2080 558 2143 editor,
610 2080 859 2134 arbitrari
892 2080 1035 2133 hunc
1066 2078 1378 2149 Hieronymi
1414 2078 1591 2131 locum
1620 2076 1684 2128 li-

142 2167 425 2220 brariorum
482 2169 773 2222 oscitanlia
811 2168 977 2223 fuisse
1023 2169 1411 2236 depravatum;
1471 2174 1677 2220 senato-

140 2258 257 2309 riam
290 2257 494 2311 idcirco
523 2258 839 2323 dignitatem
868 2276 972 2312 non
1004 2257 1308 2328 Hippolyto,
1350 2255 1443 2310 sed
1471 2255 1685 2324 Apollo-

139 2346 561 2403 niotribuendam
586 2363 832 2413 censeris,
864 2358 1099 2403 vetustos
1118 2350 1333 2402 codices
1356 2347 1580 2416 hujusce
1608 2345 1687 2399 rei

141 2449 183 2490 te
212 2448 283 2492 tes
311 2440 362 2491 in
393 2439 574 2492 medio
603 2440 874 2509 producit,
908 2440 961 2507 in
996 2440 1191 2509 quibus
1221 2439 1447 2509 legitur:
1487 2457 1505 2490 ε
1556 2437 1685 2508 Hip-

142 2528 335 2599 polytus
366 2539 422 2582 et
443 2530 762 2598 Apollonius
787 2528 1040 2583 Romanae
1069 2530 1223 2584 urbis
1255 2540 1471 2584 senator
1500 2530 1631 2600 (79).
1662 2549 1680 2581 ι
1719 2532 1725 2539 ’

143 2621 419 2678 Victoriam
472 2634 694 2679 secutus
726 2632 809 2678 est
836 2624 1185 2678 doctissimus
1230 2623 1532 2677 monachus
1583 2621 1691 2675 Re-

140 2716 322 2782 migius
368 2716 675 2771 Ceillierius
721 2716 773 2767 in
824 2714 1070 2768 Historia
1102 2700 1377 2767 auctorum
1417 2728 1691 2767 sacrorum

134 2820 178 2863 et
220 2810 692 2863 ecclesiasticarum
716 2809 864 2878 (80),
894 2824 961 2863 eo
986 2808 1326 2878 potissimum
1353 2816 1691 2886 argumento,

135 2901 265 2967 quod
295 2899 351 2953 S.
389 2900 754 2971 Hieronymus
798 2901 850 2953 in
892 2916 1056 2969 supra
1103 2901 1319 2955 laudato
1349 2899 1600 2969 Catalogo
1632 2896 1687 2951 S.

140 2990 469 3061 Hippolytum
505 3003 810 3045 senatorem
840 2993 1089 3061 nuspiam
1118 2992 1367 3061 appellet.
1410 2990 1605 3046 Verum
1641 2990 1690 3043 si

135 3084 391 3138 Ceillierio
446 3087 499 3136 in
559 3086 661 3137 bac
708 3100 768 3136 re
812 3084 1283 3141 ﬁdesadbibenda
1329 3093 1509 3150 esset,
1548 3084 1731 3141 illius,

1780 632 1975 685 loriam
2031 622 2300 702 Hippolyti
2371 630 2683 701 dignitatem
2733 630 2890 699 plane
2946 630 3333 701 incompertam
3416 647 3419 649 ’

1779 718 1967 774 fuisse.

1851 819 1939 886 IV.
1980 831 2236 901 Scaligeri
2264 829 2551 901 etllognii
2601 831 2664 883 de
2696 830 2959 883 senatoria
3002 828 3267 899 Apollonii

2076 964 2077 967 η
2131 900 2400 970 dignitate
2431 900 2688 954 sententia
2718 900 2970 966 reficitur.

1849 992 2116 1063 Josephus
2136 968 2374 1057 Scaliger
2420 990 2559 1059 (82)
2592 990 2646 1043 in
2676 990 2791 1045 suis
2818 992 2885 1053 ad
2913 968 3123 1043 Eusebii
3173 987 3340 1043 Chro-

1780 1092 1936 1145 uicon
1984 1086 2575 1150 animadversionibus,
2626 1094 2680 1138 et
2713 1094 2835 1154 post
2876 1100 2999 1139 eum
3037 1083 3338 1154 Stephanus

1780 1182 1831 1237 le
1864 1180 2055 1251 Moyne
2082 1179 2192 1249 (83)
2234 1186 2285 1233 et
2324 1173 2815 1244 AntoniusPagius
2843 1174 2953 1245 (84)
2989 1175 3171 1230 senior
3208 1176 3341 1228 scri-

1780 1270 1917 1335 bunt
1943 1270 1999 1323 S.
2029 1268 2444 1339 Hieronymum,
2488 1274 2677 1334 praeter
2711 1265 2951 1318 omnium
2994 1274 3239 1319 veterum
3276 1265 3339 1318 li-

1780 1359 1925 1424 dem,
1950 1358 2296 1427 Apollonium
2321 1356 2472 1410 urbis
2492 1354 2747 1407 Romana:
2771 1361 3071 1407 senatorem
3096 1366 3341 1415 vocasse,

1780 1467 1846 1506 eo
1896 1448 2236 1520 petissimum
2281 1455 2598 1531 argumepto
2644 1444 2845 1509 innixi,
2890 1443 3036 1513 quod
3078 1442 3344 1501 Eusebius

1782 1544 1923 1598 banc
1957 1540 2224 1610 Apollonii
2254 1539 2566 1608 dignitatem
2602 1536 2954 1608 ignoraverit.
3006 1534 3343 1611 Quapropter

1703 1705 1706 1708 ῃ
1782 1632 2043 1687 Ruﬁnum
2092 1629 2321 1685 inscitia:
2364 1637 2629 1699 arguunt,
2678 1627 2834 1697 quasi
2879 1626 2992 1694 ipse
3026 1640 3344 1693 germanum

1782 1722 2074 1777 Eusebiaui
2117 1728 2401 1781 contextus
2442 1733 2662 1775 sensum
2702 1733 2865 1790 prava
2900 1716 3345 1785 interpretatione

1783 1816 2006 1869 vitiarit.
2066 1836 2086 1865 ι
2147 1812 2463 1882 Apollonius
2506 1812 2686 1873 enim.
2746 1809 2920 1878 inquit
2980 1807 3262 1879 Moynius,
3312 1822 3346 1860 a

1782 1907 2009 1961 Pet-enni
2041 1904 2291 1975 praelecto
2319 1904 2570 1973 praetorio
2594 1903 2766 1970 capite
2793 1901 3077 1955 damnatus
3104 1899 3234 1964 l'uit,
3278 1896 3343 1951 ad

1783 2012 1945 2065 quem
1978 1997 2029 2050 in
2060 2004 2337 2049 senatores
2390 1995 2599 2047 nullum
2631 1993 2722 2061 jus
2770 2000 2823 2044 et
2870 1988 3153 2059 imperium
3182 1989 3349 2058 perti-

1786 2088 1965 2141 nebat.
2012 2105 2031 2137 ι
2064 2084 2263 2155 Pagius
2302 2098 2431 2138 vero
2466 2082 2521 2135 S.
2559 2080 2976 2151 Hieronymum,
3014 2097 3033 2129 ι
3070 2078 3185 2133 hac
3223 2092 3352 2152 prof

1784 2179 1903 2247 prio
1930 2178 2143 2248 ingenio
2167 2192 2233 2231 ex
2258 2174 2490 2230 Eusebio
2510 2186 2859 2242 exaggerasse
2892 2189 2910 2223 ι
2938 2169 3036 2225 sibi
3063 2172 3348 2240 persuasit.
3386 2168 3391 2171 ’

1787 2267 2107 2337 Hujusmodi
2155 2279 2336 2322 tamen
2388 2268 2674 2321 doctorum
2734 2265 2976 2317 virorum
3031 2271 3352 2332 argumenta

1789 2361 1919 2415 nihil
1946 2375 2045 2415 nos
2074 2369 2373 2422 morantur,
2414 2358 2705 2427 quominus
2730 2354 3075 2427 Hippolytum
3101 2364 3156 2410 et
3182 2354 3349 2423 Apol-

1789 2448 1996 2507 Ionium
2046 2458 2321 2505 senatores
2358 2447 2524 2502 fuisse
2573 2444 2877 2502 credamus.
2930 2445 3009 2500 Ex
3064 2461 3130 2500 eo
3168 2445 3347 2502 enim.

1790 2545 1932 2612 quod
1981 2541 2246 2597 Eusebius
2298 2540 2623 2595 senatoriam
2669 2537 2939 2607 Hippolyti
2986 2545 3041 2591 et
3082 2536 3351 2605 Apollonii

1790 2633 2104 2703 dignitatem
2151 2630 2447 2699 ignorarit,
2503 2626 2627 2697 quis
2679 2642 2919 2696 unquam
2971 2624 3031 2679 S.
3083 2623 3351 2697 Hierony-

1792 2740 1960 2792 mum,
1987 2724 2079 2793 qui
2114 2738 2230 2776 non~
2253 2722 2435 2775 multis
2479 2730 2601 2789 post
2630 2719 2920 2775 Eusebium
2963 2719 3121 2774 annis
3144 2718 3347 2781 ﬂoruit,

1792 2818 1994 2872 nullam
2026 2815 2252 2885 hujusce
2284 2814 2359 2867 rei
2392 2812 2635 2867 notitiam
2668 2812 2869 2867 habere
2897 2813 3136 2882 potuisse
3169 2804 3352 2863 ﬁrma-

1793 2908 1908 2964 bit?
1937 2905 2050 2959 Hoc
2078 2904 2272 2959 falsum
2306 2903 2527 2958 omnino
2555 2903 2710 2957 nobis
2734 2904 2981 2968 videtur;
3014 2915 3136 2955 nam
3166 2899 3355 2954 Hiero-

1794 3013 1988 3069 nymus
2016 2996 2219 3051 diutius
2244 2993 2429 3048 Romae
2475 3001 2721 3049 moratus
2751 3003 2855 3056 est,
2904 2994 2995 3059 ubi
3031 2993 3347 3064 martyrium

1794 3087 2191 3144 consummavit
2224 3086 2573 3154 Apollonius,
2625 3085 3077 3153 quemadmodum
3129 3085 3356 3153 ipsemet

136 3178 285 3230 etiam
338 3176 659 3245 martyrium
698 3175 886 3230 eodem
936 3177 1095 3245 plane
1144 3177 1446 3245 argumenti
1500 3189 1693 3243 genere
1719 3201 1761 3256 ο
1793 3176 1956 3233 etiam
1990 3174 2238 3245 Moynius
2265 3175 2392 3228 alibi
2422 3173 2651 3239 fatetur;
2687 3173 2914 3242 ideoque
2943 3173 3075 3238 haec,
3108 3187 3229 3241 quae
3269 3188 3357 3227 re-

134 3267 348 3321 inllciari
394 3283 718 3337 possemus,
767 3282 889 3321 cum
932 3265 1289 3337 Hieronymus
1339 3267 1392 3319 in
1441 3264 1694 3334 Catalogo

134 3358 467 3430 Hippolytum
503 3368 749 3413 nostrum
795 3359 1051 3428 martyris
1100 3358 1318 3411 nomine
1366 3357 1509 3410 haud
1551 3356 1695 3410 desi-

135 3451 321 3519 gnarit.
372 3450 719 3521 Quapmpter
745 3466 868 3505 cum
902 3434 1108 3518 antiqui
1136 3447 1350 3502 codices
1387 3458 1441 3501 et
1474 3456 1696 3502 vetusta:

133 3543 411 3607 editiones,
442 3559 583 3612 quas
616 3553 837 3600 secutus
869 3553 954 3597 est
978 3542 1309 3597 Martianeus
1352 3540 1464 3609 (8i)
1508 3542 1561 3594 in
1596 3557 1696 3595 sua

134 3648 348 3701 operum
383 3634 557 3687 sancti
600 3633 914 3702 Hieronymi
959 3634 1218 3695 editione,
1266 3630 1610 3700 Hippolytum
1642 3635 1696 3684 et

132 3725 469 3794 Apollonium
503 3733 784 3779 senatores
814 3724 984 3780 fuisse
1007 3733 1292 3786 testentur,
1321 3734 1377 3778 et
1419 3723 1475 3777 S.
1507 3723 1696 3777 Hiero-

133 3831 319 3887 nymus
352 3818 498 3872 hanc
534 3802 844 3885 epistolam,
886 3826 944 3871 ut
976 3817 1238 3881 diximus,
1271 3818 1546 3886 aliquibus
1574 3824 1696 3883 post

131 3910 326 3962 eiitum
358 3910 680 3976 scriptorum
712 3905 1002 3960 illustrium
1027 3907 1337 3977 Catalogum
1366 3909 1524 3960 annis
1560 3923 1692 3960 con-

132 3999 449 4068 scripserit;
503 4004 650 4052 recte
697 3996 914 4064 quidem
973 3996 1241 4066 conjicere
1288 4010 1578 4066 possumus
1632 3993 1693 4047 S-

198 4149 304 4217 (76)
344 4147 405 4201 In
430 4148 589 4217 epist.
620 4144 687 4199 ad
716 4144 1005 4203 Damasum
1033 4149 1230 4214 scripta
1255 4164 1401 4201 anno
1428 4148 1551 4201 584.
1625 4150 1627 4152 ’

200 4216 307 4287 (77)
348 4217 410 4291 lu
438 4216 785 4291 Biot_iotli_eca,
813 4218 934 4269 cod.
961 4232 1109 4281 cur,
1131 4235 1263 4291 pag.
1294 4218 1399 4272 502
1426 4216 1554 4272 edit.
1586 4217 1695 4275 Ro—

136 4286 361 4354 tliomagi
393 4286 718 4340 anni-1653.
1118 4326 1124 4333 .

198 4356 305 4425 (78)
341 4356 483 4425 Cod.
519 4370 663 4419 cost,
693 4371 816 4424 pag.
844 4354 965 4412 526.

220 4424 305 4496 79)
345 4424 427 4479 Ita
474 4426 601 4495 legit
644 4425 919 4479 Mariauus
956 4424 1228 4481 Victorius
1260 4428 1314 4480 in
1345 4442 1442 4480 sua
1458 4426 1689 4496 Operum

136 4493 186 4550 S.
207 4493 809 4564 Hieronymi—editione,
840 4498 1079 4550 incitata
1106 4499 1288 4564 epist.,
1320 4493 1692 4565 quaeaputlip-

134 4581 244 4623 sum
269 4573 596 4635 estinumer.
627 4567 696 4635 84
721 4566 774 4619 in
800 4575 914 4619 tom
968 4566 1030 4631 ll,
1058 4583 1177 4635 pag.
1205 4567 1303 4619 251
1340 4564 1485 4618 edit.
1511 4564 1692 4635 Romae

136 4635 253 4688 anni
283 4634 456 4695 I564,
492 4635 633 4702 apud
675 4634 901 4689 Paulum
932 4634 1225 4688 Manutium
1262 4636 1378 4685 Aldi
1431 4635 1600 4685 tiliqu
1637 4634 1689 4687 iu

136 4704 334 4757 adibus
381 4704 571 4770 populi
638 4703 884 4758 Romani.
942 4706 1082 4757 Inter
1148 4705 1477 4757 recentiores
1526 4703 1688 4755 etiam

134 4771 448 4836 Dominicus
477 4770 768 4828 Vallarsius
798 4776 850 4827 in
883 4774 1068 4826 eadem
1100 4773 1257 4841 epist.
1287 4788 1408 4841 quae
1433 4780 1514 4825 est
1540 4772 1692 4839 juxta

135 4844 295 4909 ipsius
344 4842 640 4897 editionem
692 4858 841 4896 num.
894 4842 978 4906 70,
1024 4845 1076 4895 in
1121 4853 1251 4895 tom.
1291 4843 1333 4903 I,
1386 4844 1455 4894 ita
1495 4844 1693 4910 pariter

136 4912 270 4980 legit,
298 4920 472 4981 atque
497 4925 617 4977 pag.
644 4910 747 4963 427
766 4914 890 4981 haec
922 4928 1022 4966 nos
1045 4920 1227 4965 mouet
1264 4930 1275 4965 :
1316 4932 1333 4962 ε
1362 4912 1520 4965 Falso
1560 4914 1694 4966 Era-

136 4997 302 5036 smum
318 4989 545 5037 secutus
571 4981 745 5033 editor
759 4980 1139 5039 Beuedictinus
1170 4984 1368 5045 legerat
1394 4992 1692 5045 senatores,

136 5067 247 5121 cum
273 5054 343 5106 de
391 5048 686 5118 Apollonio
714 5058 941 5116 tantum,
993 5062 1048 5106 ut
1096 5069 1161 5106 ex
1212 5051 1463 5120 Catalogo
1505 5054 1692 5121 liquet,

136 5119 326 5194 dictum
359 5122 474 5194 sit,
524 5121 796 5194 imo__cu_m_
820 5122 1036 5194 _nedum
1066 5122 1136 5194 de,
1164 5119 1467 5194 Hippolyto.
1502 5119 1595 5174 sed
1627 5123 1694 5175 de

137 5192 415 5256 Apollonio
440 5189 561 5258 ipso
588 5187 678 5243 alii
710 5188 972 5258 dubitent,
1006 5187 1249 5248 fueritne
1270 5187 1505 5258 unquam
1535 5206 1696 5245 sena-

138 5209 415 5256 DPOIIODIO
441 5209 561 5258 IPSO
588 5209 678 5243 aut:
710 5209 972 5253 ιιιιυιιεηι,
1006 5209 1238 5248 [uerltue
1273 5209 1357 5243 lIlIt
1386 5209 1505 5242 nam
1535 5209 1695 5245 δεηθ-

138 5267 254 5320 tor,
298 5277 368 5313 an
424 5260 649 5339 proprio
706 5256 922 5327 ingenio
953 5275 1020 5313 ex
1053 5260 1287 5315 Eusebio
1336 5209 1695 5331 Hieronymus

136 5339 558 5398 exaggeravent.
599 5347 619 5379 ι
811 5396 818 5398 _
910 5396 918 5398 _
974 5383 976 5386 .

199 5396 320 5467 (80),
345 5399 593 5451 Histoire
613 5396 848 5469 generale
885 5396 973 5469 des
1014 5405 1225 5469 auteurs
1248 5401 1423 5469 sacres
1458 5406 1507 5451 et
1539 5400 1700 5453 eccle-

137 5466 428 5534 εἰσβήσω,
476 5466 763 5539 οευξὶλ
792 5467 1034 5539 i_n_saint
1071 5466 1349 5539 Hippolyte
1396 5466 1599 5539 évéque
1642 5481 1695 5523 et

138 5538 724 5661 de
752 5536 985 5607 I‘Eglise,
1020 5545 1150 5590 tom.
1181 5536 1243 5603 Il,
1268 5536 1394 5608 pag.
1430 5536 1533 5593 516
1563 5541 1694 5595 edit.

176 5626 205 5659 a
651 5648 664 5661 υ

176 5626 300 5661 arts.
332 5626 469 5659 anni
508 5626 532 5659 Ἰ
554 5626 664 5661 του.

201 5677 306 5746 (ει)
345 5674 513 5746 Tom.
541 5676 631 5743 IV,
662 5692 782 5746 pag.
806 5678 926 5731 656.

200 5745 305 5817 (82)
342 5745 441 5819 Ad_
480 5745 687 5819 artuum
731 5747 899 5819 [203,
947 5762 1067 5819 pag,
1106 5746 1212 5802 223
1245 5749 1373 5802 edit.
1431 5749 1689 5805 Amstelo-

142 5814 447 5876 enim
476 5815 651 5873 I658:
694 5836 712 5869 ι
746 5817 883 5887 Quis
903 5814 965 5874 ei
1002 5814 1087 5874 ιῆκ
1113 5819 1349 5889 colligat,
1393 5832 1692 5876 senatorem

1798 3268 1952 3321 ticuit
1989 3266 2273 3330 Eusebius,
2312 3266 2395 3319 vel
2427 3281 2490 3317 ex
2528 3263 2775 3333 genuinis
2807 3264 3072 3331 Apollonii
3103 3263 3357 3333 martyris

1794 3357 1943 3411 Actis
1972 3356 2039 3411 ab
2071 3354 2306 3409 Eusebio
2337 3354 2666 3415 memoratis,
2694 3353 2777 3405 vel
2810 3368 2875 3406 ex
2905 3353 3046 3415 aliis,
3079 3368 3199 3419 quas
3227 3360 3355 3405 tunc

1796 3455 2133 3518 supererant,
2168 3444 2549 3504 monumentis,
2576 3442 2807 3493 Eusebio
2838 3438 3021 3493 forsan
3054 3441 3267 3507 ignotis,
3292 3437 3353 3494 S.

1794 3542 1983 3596 doctor
2019 3537 2285 3593 deducere
2314 3537 2485 3604 potuit
2514 3534 2645 3601 (85).
2674 3531 2782 3585 Nec
2807 3532 3055 3585 eumdem
3082 3529 3139 3583 S.
3175 3531 3357 3584 docto-
3395 3546 3397 3548 ·

1796 3649 1906 3686 rem
1944 3631 2127 3683 vitiata
2141 3626 2319 3680 Παίὶηί
2340 3626 2586 3679 versione
2612 3626 2915 3692 deceptum,
2942 3638 3064 3676 cum
3085 3620 3361 3693 Scaligero

1794 3730 1847 3776 et
1879 3720 2093 3790 Moynio
2122 3719 2368 3772 dubitare
2398 3716 2663 3785 quispiam
2710 3715 2919 3784 poterit.
2944 3712 3100 3775 Nam,
3136 3722 3195 3767 ut
3225 3711 3361 3767 scite

1794 3829 1891 3881 pro
1954 3827 2103 3864 more
2171 3826 2272 3864 suo
2354 3810 2606 3863 observat
2662 3808 3009 3863 doctissimus
3062 3806 3359 3860 Tillemou-

1796 3907 1904 3959 tius
1931 3904 2073 3972 (86),
2110 3904 2167 3958 S.
2214 3904 2569 3972 Hieronymus
2596 3903 2823 3953 uirorum
2868 3899 3157 3951 illustrium
3193 3898 3355 3950 Cata-

1792 3988 1969 4064 logum
2001 3998 2209 4056 decem,
2259 3993 2539 4061 epistolam
2584 4005 2711 4043 vero
2753 3992 2819 4042 ad
2867 3988 3116 4057 Magnum
3150 3987 3357 4054 aliquot

1794 4148 1961 4201 fuisse
2012 4140 2482 4214 (Apollonium)?
2516 4138 2655 4214 unde
2704 4146 2831 4191 vero
2870 4138 2938 4201 sle
2982 4136 3085 4190 hoc
3121 4134 3357 4214 martyre

1794 4208 2154 4284 Hieronymus
2202 4221 2256 4267 et
2298 4210 2524 4284 Hunnus
2569 4208 2709 4284 _s‘_cire
2755 4216 3078 4275 potuerunt,
3130 4208 3234 4261 nisi
3266 4208 3356 4284 lex

1793 4275 2064 4339 Eusebio?
2130 4283 2185 4334 lu
2237 4281 2395 4347 epist.
2450 4278 2514 4332 ad
2567 4275 2819 4344 Magnum
2873 4288 3144 4330 oratorem
3205 4280 3356 4332 urbis

1792 4356 2003 4409 Romae:
2037 4370 2055 4402 ‹
2094 4346 2410 4420 Hippolytus
2430 4362 2666 4417 quoque,
2685 4355 2739 4399 et
2765 4346 3083 4420 Apollonius
3103 4347 3355 4420 Romana:

1797 4442 1816 4473 ‹
1858 4423 2006 4476 urbis
2044 4418 2319 4475 senatores
2347 4420 2562 4488 propria
2619 4418 2876 4488 opuscula
2920 4419 3291 4472 condiderunt.
3329 4437 3349 4467 ο

1793 4492 1897 4546 Iste
1927 4489 2243 4565 Hippolytus
2273 4486 2529 4544 Romanae
2570 4486 2717 4540 urbis
2762 4497 2978 4565 senator
3005 4498 3108 4565 tam
3141 4488 3354 4565 ignotus

1797 4564 1969 4635 potuit
1995 4556 2502 4635 esse_'Hier_onymo,
2555 4571 2717 4635 quam
2763 4557 2900 4612 liber
2938 4556 3224 4635 Apollonii.
3258 4556 3353 4622 qui

1796 4623 2072 4701 nunquam
2105 4630 2225 4684 fuit.
2265 4623 2441 4701 Haic,_
2464 4636 2523 4680 ut
2553 4627 2694 4701 dixi,
2722 4642 2788 4680 ex
2828 4623 3153 4701 prepostera
3186 4623 3352 4701 Euse-

1792 4694 1945 4755 biani'
1977 4701 2077 4754 loci
2114 4696 2552 4765 interpretatione
2584 4694 2999 4761 derivata'suiit,
3039 4695 3173 4765 dum
3213 4694 3351 4765 dino-

1792 4772 1976 4839 λογίαν
2008 4785 2103 4837 pro
2137 4759 2314 4821 libello
2339 4766 2673 4839 apologetico
2702 4759 2991 4839 accipiunt.
3038 4759 3221 4839 Neque
3248 4763 3352 4815 du—

1793 4832 1904 4895 bito
1937 4832 2340 4907 Hieronymum,
2374 4832 2621 4907 cumjlla
2651 4832 2927 4897 scriberet,
2962 4846 3067 4907 non
3104 4832 3350 4907 Graaeom

1795 4910 2009 4963 Eusebii
2039 4900 2330 4975 exemplar,
2363 4907 2455 4960 sed
2492 4905 2670 4960 Ruﬁni
2714 4900 3207 4971 interpretationem
3253 4900 3353 4957 La-

1794 4984 1958 5035 tinam
1987 4978 2037 5028 in
2069 4977 2319 5029 niauibus
2344 4975 2616 5031 habuisse.
2649 4995 2667 5025 ι
2988 5018 2993 5023 ,
3242 5005 3249 5011 .

1864 5050 1975 5115 (85)
2018 5045 2317 5115 Prolegom.
2352 5048 2417 5099 ad
2456 5045 2620 5099 Varia
2648 5059 2783 5115 sacr.
2806 5083 2819 5101 ,
2849 5050 2891 5095 l..
2918 5040 3049 5115 _I,_p.
3082 5043 3169 5115 32.

1863 5110 1973 5187 (84)
2012 5110 2212 5187 Adfui.
2242 5115 2374 5187 71789,
2408 5132 2558 5168 num.
2590 5116 2651 5187 4,
2672 5112 2944 5187 ἱει-ᾼζηιαι,
2971 5110 3189 5167 Βιποιιίί
3213 5121 3347 5168 tom.

1794 5181 2167 5255 ll,‘pa'g.7542,
2192 5186 2321 5239 edit.
2350 5186 2506 5240 Luca:
2530 5184 2655 5237 anni
2692 5181 2839 5255 I758.

1864 5250 1983 5325 (85)
2013 5254 2259 5324 Legenda
2286 5265 2412 5309 sunt
2433 5272 2517 5319 ea,
2551 5267 2668 5325 quae
2692 5251 2742 5325 in
2771 5250 2912 5325 notis
2937 5250 3002 5304 ad
3036 5251 3343 5325 ta:421,_lib.

1794 5344 1823 5380 v
1855 5320 1993 5378 llist.
2033 5320 2159 5379 eccl.
2202 5325 2451 5389 Eusebii,
2495 5320 2612 5392 pag.
2642 5321 2775 5385 240,
2808 5320 3035 5392 allirmat
3069 5322 3343 5375 Valesius:

1799 5419 1817 5448 ι
1853 5394 2049 5456 Potuit,
2087 5396 2281 5463 inquit,
2312 5391 2666 5462 Hieronymus
2711 5392 2883 5463 legere
2906 5391 3035 5463 Acta
3079 5394 3193 5463 ipsa
3222 5405 3347 5463 pag-

1794 5467 1963 5521 sionis
2003 5455 2292 5533 Apollonii,
2320 5464 2385 5517 ad
2413 5455 2667 5533 quatinus
2714 5455 2923 5531 ablegat
2968 5455 3250 5515 Eusebius.
3287 5455 3347 5508 Iu
3448 5488 3451 5491 ‹

1792 5535 1988 5605 quibus
2030 5529 2179 5590 Actis
2206 5544 2258 5588 et
2279 5529 2500 5589 senator
2526 5529 2921 5605 Romanusfet
2969 5548 2998 5585 a
3051 5544 3206 5585 servo
3247 5539 3348 5579 suo

1793 5601 2035 5676 proditus
2082 5605 2377 5665 dicebatur,
2429 5610 2501 5676 ut_
2522 5601 2774 5676 credibile
2800 5612 2915 5676 est;
2953 5622 2972 5652 ι
3003 5613 3213 5676 necnon
3258 5610 3342 5659 ea,

1793 5667 1911 5744 qua:
1933 5676 1985 5727 in
2010 5684 2248 5728 nostram
2281 5672 2596 5744 sententiam
2630 5672 2792 5725 etiam
2821 5673 2874 5725 in
2906 5672 3048 5726 uotis
3076 5667 3345 5733 variorum

1794 5743 1859 5799 ad
1894 5748 2036 5797 hunc
2064 5744 2312 5807 eumdem
2345 5743 2520 5794 locum
2550 5751 2862 5796 monentur.

1864 5815 1973 5887 (86)
2013 5806 2167 5871 Tom.
2202 5812 2592 5882 III,..lldmoires
2633 5829 2763 5882 pour
2804 5811 2966 5864 sereir
3004 5810 3039 5861 ὸ
3072 5801 3344 5860 l'Histoire
