4078 6348
730 394 757 421 \

675 476 779 536 405

1456 475 1541 529 os
1578 473 1963 530 POitTUENSI
2000 444 2063 531 s.‘
2098 421 2454 529 HIPPOLIYTI
2486 472 2676 526 sane.
2708 501 2777 513 -
2810 472 2985 528 mns
3020 472 3059 527 ι.

3744 475 3851 531 401

672 606 796 649 ante
820 607 991 647 annos
1020 593 1204 654 edidit,
1238 608 1398 662 quam
1438 592 1663 647 Ruﬁnus
1694 593 2003 648 Eusebiana:
2042 592 2218 645 Histo-
2245 597 2289 651 Α
2317 590 2529 659 capitali
2564 590 2824 659 supplicio
2857 592 3035 645 statim
3082 591 3340 645 sententia
3376 600 3590 645 senatus
3620 592 3860 645 damna¢

672 687 765 737 ria
794 684 1093 740 versionem
1122 684 1454 737 adornasset.
1516 683 1630 737 Non
1678 684 1843 737 levem
1889 684 2116 752 denique
2154 684 2211 737 S.

671 760 877 827 doctori
936 772 1117 826 Graece
1146 782 1230 826 ac
1281 772 1539 827 Hebraice
1588 773 1912 841 peritissimo
1961 772 2212 842 injuriam

670 866 840 933 gratis
891 863 1113 917 inurunt
1157 863 1401 934 Moynius
1444 874 1497 919 et
1551 863 1818 933 Scaliger,
1861 864 1991 919 dum
2039 864 2215 931 ipsum

669 968 778 1006 non
810 954 1024 1008 aliunde
1073 955 1203 1017 haec,
1242 944 1362 1022 quas
1390 954 1456 1008 de
1484 953 1770 1023 Apollonio
1798 953 2034 1016 tradidit,
2084 952 2217 1004 hau-

594 1050 607 1063 '
668 1044 805 1098 sisse
830 1054 1113 1099 autumant
1140 1060 1301 1113 quam
1331 1058 1395 1097 ex
1418 1054 1708 1097 memorata
1734 1041 1913 1095 Ruﬁni
1940 1040 2213 1105 versione;

668 1133 797 1200 quid
825 1134 966 1186 enim
995 1135 1111 1201 ipsa
1140 1148 1277 1203 opus
1304 1134 1490 1186 habuit
1521 1132 1896 1201 Hieronymus,
1946 1131 2036 1199 qui
2067 1129 2215 1185 Grae-

668 1234 761 1273 cas
808 1220 1009 1275 litteras
1058 1228 1166 1273 tam
1210 1221 1375 1288 probe
1416 1219 1637 1273 calluit?
1676 1218 2042 1285 Tandem,'ut
2071 1225 2218 1269 notat

667 1307 1013 1362 doctissimus
1045 1310 1341 1363 monachus
1358 1307 1719 1362 Theodoricus
1749 1306 2056 1360 Ruinartius
2081 1305 2214 1375 (87),

670 1396 729 1448 S.
756 1396 1081 1465 Hieronymo
1116 1396 1293 1452 favent
1327 1406 1506 1451 vetera
1549 1411 1774 1465 qumque
1816 1395 2213 1464 Martyrologia,

666 1502 788 1555 quae
815 1486 900 1541 die
943 1487 1011 1538 18
1034 1486 1249 1555 Aprilis,
1296 1503 1402 1556 quo
1446 1488 1615 1542 sancti
1654 1486 1919 1555 Apollonii
1961 1486 2100 1539 diem
2138 1483 2216 1538 te.

667 1589 810 1630 stum
864 1578 1172 1640 celebrant,
1221 1594 1343 1631 eum
1390 1578 1631 1631 disertim
1682 1585 1981 1630 senatorem
2038 1574 2217 1643 appel-

668 1669 799 1721 lant.

669 1773 739 1829 ν.
757 1773 817 1828 S.
835 1775 1147 1843 Apollonius
1163 1792 1263 1828 non
1280 1792 1311 1827 a
1334 1776 1554 1829 Perenni
1575 1778 1836 1845 pra'fecto,
1853 1777 1941 1829 sed
1970 1792 2003 1828 a
2033 1783 2217 1829 senatu

955 1845 1172 1917 capitali
1219 1847 1473 1897 sententia
1519 1846 1797 1898 damnatas
1830 1845 1951 1913 fuit.

2275 691 2419 738 .tur.
2448 700 2466 731 ι
2500 679 2630 734 Jure
2663 680 2825 749 igitur
2858 697 2920 735 ac
2972 672 3161 735 merito
3205 680 3463 735 Henricus
3507 681 3749 735 Valesius
3794 685 3853 735 in

2314 776 2457 828 notis
2484 773 2549 826 ad
2589 772 2729 839 hunc
2756 771 2968 825 Eusebii
3002 772 3177 825 locum
3228 772 3548 834 senatoriam
3583 772 3855 839 Apollonii

2315 864 2625 933 dignitatem
2657 862 2865 931 egregie
2894 870 3104 925 tuetur,
3128 877 3193 914 eo
3240 862 3380 930 quod
3416 863 3529 930 ipse
3560 877 3589 914 a
3621 861 3854 915 Perenni

2314 948 2567 1019 praefecto
2614 948 2803 1017 jussus
2863 946 3027 1001 fuerit
3076 963 3256 1002 coram
3316 957 3503 1002 senatu
3560 949 3681 1003 ﬁdei
3736 964 3863 1002 suae

2316 1041 2574 1093 rationem
2623 1038 2859 1091 reddere.
2907 1035 3122 1090 Valesio
3170 1037 3512 1092 subscribunt
3560 1037 3859 1091 Tillemon—

2315 1130 2423 1185 tius
2447 1129 2557 1200 (90)
2589 1136 2642 1183 et
2673 1128 2948 1198 Remigius
2972 1128 3270 1182 Ceillierius
3301 1128 3436 1197 (91).

2316 1240 2403 1296 Vl.
2444 1241 2725 1309 Praefectos
2760 1240 3003 1307 prwtorio
3035 1241 3275 1308 ipsemet
3321 1248 3580 1291 senatores
3612 1235 3858 1305 quando-
3898 1266 3901 1269 -

2729 1326 2824 1377 que
2844 1309 3109 1377 jndicasse
3138 1309 3441 1360 ostenditur.

2385 1400 2571 1469 Neque
2600 1413 2697 1453 nos
2727 1401 2911 1452 sinunt
2941 1400 2991 1451 in
3018 1399 3338 1451 contrariam
3368 1398 3511 1450 abire
3535 1396 3867 1450 sententiam

2318 1488 2571 1561 Scaligeri
2595 1499 2647 1543 et
2670 1488 2866 1559 Moynii
2887 1498 3220 1557 argumenta,
3257 1497 3437 1555 utpote
3459 1503 3578 1555 quae
3602 1486 3746 1538 facili
3770 1485 3863 1538 di-

2315 1582 2530 1634 luantur
2544 1580 2775 1646 neg0tio.
2792 1578 3132 1630 Dicuntenim
3148 1577 3451 1645 prazfectutn
3474 1575 3744 1641 przetorio,
3762 1570 3865 1639 qui

2316 1678 2444 1723 tunc
2469 1669 2721 1735 temporis
2743 1682 2807 1719 ex
2822 1668 3055 1734 equestri
3078 1668 3263 1719 ordine
3285 1666 3685 1726 desumehatur,
3707 1674 3869 1714 sena-

2318 1769 2491 1812 torum
2518 1757 2735 1826 judiciis
2757 1757 3017 1810 interesse
3045 1757 3189 1809 nullo
3218 1763 3373 1824 pacto
3401 1753 3641 1822 potuisse
3664 1771 3676 1804 :
3708 1752 3865 1819 atqui

2318 1848 2574 1901 Perennis
2597 1846 2843 1915 praetorio
2859 1844 3159 1913 praefectus,
3174 1861 3296 1899 cum
3318 1846 3370 1896 in
3403 1852 3592 1896 senatu
3612 1844 3678 1897 de
3697 1842 3879 1909 Apol-

734 1934 890 1999 Quod
912 1935 978 1987 ad
998 1936 1187 2012 capitis
1215 1938 1534 1991 sententiam
1568 1938 1777 1999 attinet,
1796 1950 1901 2007 qua
1924 1937 2217 1991 damnatus
2247 1919 2287 1972 Β
2316 1933 2461 1987 Ionio
2478 1932 2704 1999 qmestio
2725 1931 2907 1984 habita
2931 1940 3047 1996 est,
3074 1929 3468 2000 praesensifuit,
3490 1940 3543 1984 et
3578 1930 3868 1984 sanctissi-

667 2035 750 2081 est
788 2027 1121 2094 Apollonius,
1151 2027 1290 2081 hanc
1320 2044 1425 2082 non
1460 2044 1492 2082 a
1520 2028 1748 2083 Perenni
1777 2028 2050 2099 praefecto,
2069 2030 2158 2084 sed
2186 2045 2217 2084 a

669 2126 861 2172 senatu
882 2120 1274 2187 promulgatam
1305 2128 1533 2175 testatur
1554 2120 1838 2185 Eusebius,
1871 2122 2028 2189 cujus
2055 2120 2217 2175 verba

665 2207 835 2277 paulo
847 2220 1006 2276 supra
1032 2210 1318 2278 exscripsit
1340 2210 1590 2263 idemmet
1613 2211 1878 2281 Moynius;
1894 2225 2061 2279 quare
2077 2225 2219 2263 sum-

665 2313 884 2367 mopere
914 2300 1205 2363 miramur,
1232 2299 1406 2353 virum
1442 2301 1656 2353 doctum
1679 2342 1693 2363 ,
1725 2302 1923 2354 suimet
1954 2301 2217 2368 quodam-

666 2390 830 2442 modo
849 2389 1217 2453 oblitum,tam
1242 2390 1474 2442 absurda
1493 2391 1785 2444 dictitasse.
1809 2389 2068 2443 Perennis
2091 2405 2220 2457 prse-

666 2479 810 2533 torio
832 2478 1115 2545 praefectus
1133 2493 1238 2531 non
1263 2478 1315 2531 in
1334 2478 1696 2547 Apollonium,
1715 2479 1806 2531 sed
1832 2479 1884 2531 in
1909 2479 2221 2532 scelestissi-

666 2580 816 2619 Inum
835 2565 1064 2619 indicem
1088 2565 1180 2634 qui
1200 2566 1540 2635 Apollonium
1563 2566 1930 2619 Christianum
1955 2580 2074 2619 esse
2096 2580 2218 2634 pro-

668 2656 807 2711 didit
829 2657 1007 2727 (quem
1032 2657 1091 2711 S.
1112 2655 1473 2727 Hieronymus
1496 2656 1606 2727 (88)
1626 2657 1906 2726 ipsiusmet
1932 2657 1989 2710 S.
2018 2665 2219 2727 marty-

667 2748 749 2801 ris
778 2763 992 2802 servum
1020 2747 1275 2803 Severum
1298 2750 1517 2803 nomine
1547 2749 1714 2804 fuisse
1739 2750 1965 2819 scribit),
1992 2749 2217 2803 extremi

665 2839 916 2906 supplicii
943 2841 1261 2895 sententiam
1291 2842 1678 2910 pronuntiavit.
1712 2840 1788 2895 En
1814 2834 1981 2910 ipsius
2002 2840 2216 2894 Eusebii

664 2928 828 2981 verba
856 2929 1003 2997 (89):
1041 2948 1060 2979 ι
1105 2929 1206 2983 Sed
1240 2932 1421 2989 miser.
1475 2932 1664 2999 inquit,
1710 2933 2081 3001 intempestive
2126 2949 2217 2997 su-

668 3027 851 3085 scepta
886 3019 1227 3071 accusatione
1258 3019 1523 3086 (videlicet
1555 3021 1797 3090 servus),
1831 3037 1952 3075 cum
1984 3023 2215 3091 impera-

669 3107 810 3159 torio
840 3106 1016 3159 edicto
1049 3106 1292 3173 capitalis
1335 3123 1491 3174 penna
1531 3110 1583 3160 in
1613 3125 1706 3163 eos
1768 3113 1858 3179 qui
1897 3114 2019 3165 talia
2063 3112 2216 3166 detu-

670 3197 861 3251 lissent
900 3209 1042 3250 esset
1074 3198 1363 3251 constituta
1388 3237 1405 3263 ,
1432 3198 1712 3254 confestim
1752 3202 1935 3258 fractis
1966 3208 2214 3261 cruribus

670 3289 956 3354 occiditur,
980 3287 1218 3343 Perenne
1236 3289 1417 3357 judice
1447 3291 1709 3360 ejusmodi
1744 3296 2000 3367 adversus
2033 3300 2210 3369 ipsum

669 3380 991 3435 sententiam
1042 3382 1444 3449 pronuntiante.
1480 3400 1498 3432 ι
1536 3382 1850 3450 Apollonius
1882 3401 2009 3440 vero
2050 3404 2083 3441 a
2128 3383 2214 3444 se-
2248 3426 2253 3429 η

669 3477 820 3533 natu,
847 3479 906 3523 ut
936 3469 1171 3526 diximus
1190 3513 1204 3535 ,
1231 3486 1337 3525 non
1369 3487 1400 3526 a
1434 3470 1684 3529 Perenni.
1705 3474 1919 3541 capitali
1950 3481 2214 3533 sententia

669 3557 772 3613 fuit
800 3561 1118 3627 damnatus,
1149 3564 1289 3631 quod
1323 3564 1605 3633 perspicue
1635 3565 1792 3617 docet
1836 3562 2096 3620 Eusebius
2134 3570 2215 3623 his

671 3649 852 3701 verbis
880 3668 894 3702 :
928 3668 945 3700 ι
976 3650 1176 3703 Verum
1222 3651 1332 3705 Deo
1360 3653 1767 3720 acceptissimus
1813 3665 2033 3725 martyr,
2080 3658 2221 3710 mul-

670 3747 786 3789 tum
816 3754 878 3792 ac
903 3744 1062 3793 enixe
1088 3756 1210 3793 eum
1238 3754 1499 3797 exorante
1536 3746 1749 3813 judice,
1802 3755 1861 3799 ut
1893 3749 1958 3801 de
1987 3749 2089 3803 ﬁde
2121 3766 2218 3804 sua

675 3840 857 3878 coram
884 3836 1070 3880 senatu
1096 3828 1425 3897 loqueretur,
1443 3847 1563 3884 cum
1588 3834 1949 3888 disertissima
1974 3836 2219 3905 apologia

675 3914 799 3966 ﬁdei
840 3930 949 3967 suae
977 3931 1155 3969 coram
1205 3919 1454 3973 omnibus
1486 3922 1747 3976 rationem
1783 3932 2009 3978 testatus
2040 3934 2217 3990 esset,

674 4067 1273 4145 ecclesiastiq_ae,_Not_es
1316 4089 1410 4127 sur
1436 4076 1583 4145 saint
1625 4078 1885 4145 Apollone
1930 4078 2217 4145 sénateur,

675 4154 797 4207 pag.
826 4138 925 4215 (514
947 4141 1075 4192 edit.
1097 4140 1264 4193 Paris.
1292 4158 1380 4195 an.
1400 4144 1553 4216 “Ol,
1572 4138 1763 4199 notel:
1788 4166 1805 4196 ι
1830 4159 1945 4201 ...et
1970 4150 2127 4216 qu’ils
2155 4138 2221 4203 ne

676 4222 737 4262 se
773 4218 947 4286 solent
971 4222 1064 4286 pas
1081 4225 1348 4286 souvenus
1377 4228 1480 4286 que
1503 4215 1658 4286 Rutili
1689 4218 1771 4286 n’a
1797 4215 2221 4272 traduitEusébe

683 4276 936 4355 quenbien
961 4278 1055 4355 des
1080 4276 1457 4355 années_apre_s
1472 4299 1576 4351 que
1602 4283 1658 4339 S.
1687 4283 1899 4339 Jérdme
1916 4288 2055 4339 avait
2074 4287 2220 4355 parlé

676 4343 1137 4467 plpusslkipollone
1176 4362 1241 4401 en
1266 4343 1387 4415 392,
1416 4343 1550 4406 dans
1573 4368 1669 4406 son
1696 4355 1850 4410 traité
1871 4355 1970 4408 Des
1995 4343 2220 4410 hoinmes

749 4483 859 4553 (87)
898 4483 1385 4562 Actatma‘rtyrum,
1434 4504 1557 4556 pag.
1588 4489 1705 4562 12,
1727 4491 1809 4562 de
1828 4489 1891 4562 _S.‘
1941 4492 2223 4562 Apollonio

2316 2037 2462 2076 mum
2485 2020 2685 2074 Christi
2708 2029 2994 2089 martyrem
3018 2036 3115 2088 pro
3139 2020 3392 2074 tribunali
3409 2022 3474 2073 de
3499 2035 3610 2074 suae
3645 2020 3871 2088 religio-

2316 2115 2401 2167 nis
2427 2114 2529 2166 ﬁde
2550 2110 2915 2182 interrogatrit:
2937 2111 3281 2179 Apollonium
3302 2126 3427 2180 ergo
3454 2127 3519 2165 ex
3542 2119 3871 2165 senatorum

2316 2204 2438 2256 albo
2465 2201 2684 2257 omnino
2714 2200 3019 2255 delendum.
3053 2199 3305 2254 Fatemur
3328 2201 3576 2269 equidem
3604 2216 3729 2255 cum
3760 2204 3869 2256 do-

2317 2296 2416 2347 ctis
2448 2293 2576 2345 viris
2602 2291 2883 2346 Pancirolo
2908 2292 3019 2361 (92)
3048 2304 3101 2347 et
3136 2293 3464 2348 Gothofredo
3492 2293 3603 2363 (95)
3622 2333 3635 2357 ,
3665 2304 3871 2362 praeto-

2317 2383 2397 2435 rio
2431 2382 2727 2452 prazl'ectos,
2760 2391 2819 2435 ut
2846 2384 2991 2438 viros
3012 2385 3280 2454 equestris
3308 2386 3536 2448 ordinis,
3568 2388 3773 2440 nullam
3811 2388 3873 2441 in

2317 2484 2593 2527 senatores
2622 2480 2942 2541 potestatem
2972 2482 3097 2527 ante
3129 2473 3490 2529 Alexandrum
3514 2476 3636 2549 jure
3664 2477 3873 2529 habere

2316 2564 2581 2630 potuisse;
2648 2580 2833 2619 verum
2882 2566 2952 2620 ob
3013 2567 3451 2634 corruptissimos
3501 2568 3874 2635 quorumdam

2316 2652 2677 2721 Augustorum
2705 2672 2902 2721 mores,
2936 2659 3026 2727 qui
3062 2658 3315 2711 vitiorum
3348 2657 3612 2712 illecebris
3648 2658 3873 2721 irretiti,

2318 2742 2526 2812 imperii
2568 2761 2719 2814 teque
2760 2763 2823 2801 ac
2864 2748 3095 2815 pudoris
3140 2748 3518 2809 immemores,
3555 2747 3875 2814 reipublica

2317 2836 2679 2889 moderamina
2703 2836 2965 2904 pmfcctis
2991 2838 3240 2906 praetorio
3254 2838 3724 2900 conerediderunt,
3751 2854 3875 2892 rem

2316 2927 2470 2981 aliter
2502 2928 2748 2982 evenisse
2792 2928 3038 2982 scribunt
3081 2929 3294 2981 illorum
3335 2938 3634 2997 temporum
3679 2932 3877 2983 ocula-

2315 3021 2506 3073 tissimi
2534 3028 2714 3084 testes,
2741 3019 2958 3073 Tacitus
2982 3020 3094 3090 (94)
3125 3062 3139 3085 ,
3168 3019 3528 3089 Lampridius,
3554 3021 3672 3087 Dio,
3701 3022 3879 3077 Hero-

2315 3111 2529 3173 dianus,
2561 3104 2904 3179 Spartianus,
2936 3110 3155 3178 aliique,
3185 3126 3250 3164 ex
3279 3127 3507 3180 quorum
3540 3129 3877 3167 monumen-

2315 3202 2384 3253 tis
2414 3208 2595 3267 aperte
2631 3197 2935 3266 colligimus
2958 3198 3239 3267 praefectos
3285 3201 3533 3268 praetorio
3561 3217 3669 3255 non
3708 3203 3881 3257 modo

2314 3298 2623 3345 senatorum
2652 3304 2847 3344 causas
2878 3298 3003 3345 ante
3030 3291 3391 3344 Alexandrum
3432 3291 3743 3359 iudicasse,
3780 3309 3879 3348 ve-

2312 3396 2456 3447 rum,
2487 3380 2629 3451 quod
2652 3382 2946 3435 maximum
2972 3390 3075 3444 est,
3100 3381 3310 3450 imperii
3341 3379 3571 3436 Romani
3595 3382 3761 3436 veluti
3786 3398 3879 3435 ar-

2312 3473 2485 3527 bitros
2540 3472 2836 3527 exstitisse.
2894 3471 3154 3526 Perennis
3217 3474 3469 3541 praetorio
3541 3472 3879 3541 praal'ectus,

2313 3577 2471 3629 quem
2518 3572 2674 3632 negat
2723 3562 2978 3631 Scaliger,
3019 3570 3086 3631 tut
3122 3562 3296 3628 virum
3327 3562 3592 3631 equestris
3623 3562 3876 3628 ordinis,

2316 3659 2623 3705 senatorum
2666 3652 2883 3720 judiciis
2934 3654 3193 3705 interesse
3235 3659 3506 3721 potuisse,
3563 3650 3880 3707 Commodo

2317 3742 2654 3807 luxuriante,
2711 3744 3004 3799 vastissimi
3048 3744 3257 3813 imperii
3304 3746 3539 3799 habenas
3590 3746 3874 3814 suscepit,

2318 3830 2624 3900 Lampridio
2656 3842 2787 3887 teste
2817 3834 2958 3906 (95),
2992 3836 3083 3902 qui
3108 3850 3221 3889 rem
3269 3842 3419 3889 tanto
3443 3837 3688 3905 Augusto
3718 3837 3879 3890 inde-

2318 3936 2502 3975 coram
2542 3925 2793 3991 graphice
2836 3924 3093 3979 describit
3138 3925 3224 3979 bis
3263 3926 3444 3981 verbis
3482 3941 3495 3975 :
3547 3944 3566 3975 ι
3603 3925 3878 3980 Perennis

2319 4082 2521 4135 mensis
2548 4082 2745 4152 Aprilis
2786 4082 2871 4135 die
2914 4083 2999 4146 18,
3045 4083 3098 4137 in
3135 4082 3193 4137 S.
3228 4082 3502 4152 Apollonio
3525 4096 3650 4152 pag1
3682 4082 3791 4135 559
3823 4094 3880 4136 et

2321 4167 2472 4219 Seqq.
2502 4151 2628 4203 edit.
2665 4150 2874 4220 Yenetae
2902 4153 3026 4204 anni
3055 4152 3209 4206 1758.
3239 4150 3294 4204 In
3333 4151 3574 4204 Romano
3601 4150 3880 4220 Martyro-

2320 4218 2460 4289 logio
2484 4221 2642 4273 etiam
2670 4218 2726 4272 S.
2754 4220 3064 4289 Apollonius
3090 4231 3307 4275 senator
3340 4218 3773 4289 nominaturhdie
3809 4221 3879 4275 18

2320 4286 2558 4357 Aprilis,
2599 4304 2717 4357 pag.
2774 4286 2873 4341 156
2918 4290 3065 4357 edit."
3095 4286 3721 4357 Antuerpiensis_16l5.
3780 4289 3888 4345 ubi

2322 4354 2487 4412 multa
2519 4354 2905 4412 deL‘o‘mmodo
2955 4367 3009 4412 et
3046 4354 3315 4413 Perennio
3337 4354 3595 4409 Baronius
3626 4356 3682 4408 in
3727 4360 3880 4415 notis

2322 4437 2718 4481 commemorat.

2393 4496 2505 4565 (88)
2544 4497 2674 4566 Cap.
2717 4495 2785 4548 42
2828 4494 2905 4549 De
2929 4496 3057 4566 viris
3086 4492 3426 4566 illustribus.”
3449 4490 3740 4566 Deservo,
3776 4499 3874 4566 qui

678 4551 1097 4633 martyrehedi‘t.
1127 4551 1389 4633 ‘Veronze‘
1431 4551 1532 4633 an:
1576 4558 1738 4633 _l_73l_.
1796 4551 2223 4633 Martyrologium
2258 4560 2302 4616 D
2330 4551 2747 4632 S.Apollonium
2775 4566 3027 4633 prodidit,
3047 4560 3608 4633 legendusyallarsius
3640 4564 3695 4615 in
3723 4551 3876 4619 ito-tis

678 4620 884 4676 Adonis
907 4622 991 4675 die
1019 4620 1084 4673 18
1114 4620 1308 4688 Aprilis
1356 4622 1413 4674 S.
1460 4625 1725 4690 Apollonii
1771 4620 2037 4680 senatoris
2073 4620 2226 4682 men-

679 4690 1093 4762 tionem_habet,
1117 4705 1235 4762 pag.
1290 4690 1391 4762 liii
1418 4693 1545 4762 edit.
1592 4691 1774 4745 Romae
1806 4694 1962 4757 1745,
1985 4711 2142 4762 opera
2176 4707 2229 4750 et

681 4707 882 4745 tionem
910 4707 1089 4755 nanet,
1117 4707 1235 4812 pag.
1290 4707 1381 4743 ιοι
1418 4707 1545 4744 eolt.
1594 4707 1774 4745 Romae
1806 4707 1962 4757 1143),
1985 4711 2142 4762 opera
2176 4707 2226 4750 et

681 4761 860 4832 studio
889 4759 1152 4832 Dominici
1209 4760 1416 4832 ‘corgii,
1448 4761 1538 4825 qui
1564 4762 1777 4832 insuper
1798 4762 1909 4815 haec
1933 4773 2084 4832 notat
2107 4781 2226 4832 pag.

682 4829 816 4881 462:
841 4847 862 4880 ο
896 4828 1184 4883 Meminere
1211 4827 1324 4880 Ado
1354 4837 1557 4896 noster,
1590 4827 1887 4896 Usuardus,
1926 4827 2226 4886 Romanan

682 4910 933 4963 parvum,
962 4909 1013 4951 et
1041 4897 1323 4951 Notkerus.
1355 4895 1591 4951 Meminit
1621 4898 2063 4955 Ricbenoviense.
2099 4922 2116 4951 ι
2157 4901 2229 4955 De

686 4963 830 5019 illius
869 4969 1129 5037 martyrio
1174 4967 1444 5037 Baronius
1484 4968 1549 5018 ad
1594 4984 1680 5019 an.
1727 4970 1863 5032 1⁷89,
1914 4987 2061 5024 num.
2110 4973 2131 5023 1
2175 4979 2229 5024 et

685 5045 839 5110 seq.;_
869 5034 1065 5103 Pagitis
1088 5037 1140 5088 in
1164 5036 1447 5110 criticaad
1482 5051 1569 5110 an.
1602 5038 1719 5099 187,
1746 5041 1975 5110 ηιιιιιηῦ,
2008 5055 2226 5108 passum

686 5102 968 5176 existimati
990 5120 1131 5176 anno
1169 5105 1286 5176 186.
1336 5103 1611 5176 Usuardus
1639 5122 1847 5175 quoque
1905 5102 1968 5163 S.
2009 5102 2229 5176 Apollo-

686 5174 834 5244 nium
860 5175 1117 5244 senatoris
1146 5175 1299 5226 titulo
1324 5174 1593 5244 decoravit
1613 5192 1626 5225 :
1650 5192 1667 5223 ι
1698 5174 1877 5232 Romae
1905 5180 2043 5232 beati
2062 5174 2229 5244 Apol-

686 5235 1126 5324 lmtiinsenatoris,
1158 5244 1385 5324 qni-sub
1408 5243 1703 5296 Commodo
1730 5247 1968 5324 principe
2003 5264 2032 5301 a
2069 5235 2227 5301 servo

684 5304 961 5385 proditus,
984 5312 1122 5375 quod
1155 5304 1689 5385 Ql‘tristianusesset,
1730 5304 1939 5383 insigne
1977 5320 2223 5370 volumen

688 5380 1009 5442 composuit,
1040 5380 1178 5451 quod
1208 5381 1259 5433 in
1288 5394 1472 5436 senatu
1501 5383 1645 5451 legit,
1668 5399 1729 5436 ac
1755 5380 1943 5439 deinde
1967 5387 2224 5440 sententia

688 5454 908 5519 senatus
932 5459 1029 5519 pro
1056 5444 1266 5519 Christo
1298 5452 1467 5519 capite
1498 5444 1773 5506 truncatus
1801 5463 1898 5507 est.
1940 5476 1956 5506 ι
1989 5455 2225 5509 Videnda

685 5529 807 5595 quae
834 5513 897 5567 ad
930 5512 1290 5595 hunc__locum
1337 5512 1563 5595 notavit
1588 5520 1821 5595 Joannes
1847 5522 2077 5595 Baptista
2109 5525 2227 5577 Sol-

686 5585 852 5662 lerius
881 5585 1317 5639 accuratissimus
1342 5588 1567 5662 Usuardi
1596 5593 1786 5662 editor,
1814 5585 1942 5646 toni.
1970 5593 2053 5656 Vl,
2087 5605 2219 5662 part.

688 5671 727 5713 ι,
754 5656 881 5706 Acta
912 5662 1219 5729 sedentum
1256 5660 1453 5711 mensis
1499 5658 1642 5711 Junii
1682 5677 1800 5729 pag.
1834 5662 1937 5715 218
1971 5656 2101 5715 edit:
2136 5662 2226 5715 Ve-

687 5732 824 5803 neta:
850 5720 1141 5805 anulla?
1158 5738 1586 5805 ,nneclnoanuze
1617 5720 1935 5805 Godei'r_i_du_s
1961 5730 2226 5787 Hensche-

688 5793 831 5860 nius,
860 5802 911 5849 et
953 5791 1135 5847 Daniel
1176 5791 1567 5861 Papebrochius
1614 5806 1743 5851 tom.
1805 5800 1847 5852 ll
1886 5802 1999 5855 Act.
2049 5810 2219 5856 sanet.

2327 4635 2391 4684 ad
2422 4626 2563 4685 hunc
2584 4633 2756 4685 locum
2772 4626 3123 4700 ;'_Tillemont.'
3139 4641 3270 4685 tom.
3287 4626 3381 4700 ill,
3404 4645 3521 4700 pag.
3551 4632 3716 4686 citata
3735 4634 3871 4700 6H;

2327 4645 2391 4684 au
2424 4645 2563 4685 nunc
2584 4645 2787 4693 locum;
2810 4645 3111 4685 't’ittemont.
3139 4645 3270 4685 tom.
3299 4645 3381 4692 ιιι,
3401 4645 3521 4752 pag.
3551 4646 3580 4684 c

2326 4700 2731 4775 Ceillier.__tom.
2763 4698 2841 4775 ιι,
2873 4699 3143 4775 pag_.‘15‘2,
3172 4713 3222 4751 c.
3252 4698 3394 4775 l5,_a
3428 4701 3581 4775 ique.

2398 4767 2507 4839 (89)
2550 4766 2691 4839 Hist.
2728 4766 2907 4820 eccles.
2949 4766 3041 4821 lib.
3103 4783 3153 4830 v,
3205 4774 3263 4821 c.’
3308 4769 3411 4832 21,
3571 4768 3681 4822 240
3729 4772 3868 4825 edit.

2326 4834 2678 4903 Cantabrigae.
2740 4902 2773 4903 η
2824 4852 2835 4863 ⁸

2394 4903 2507 4970 (90)
2546 4903 2697 4975 Tom.
2740 4902 2837 4963 lli,
2875 4917 2995 4972 pag.
3023 4902 3122 4967 56,
3148 4903 3875 4975 inSaint-Apollone,séna-

2326 4980 2445 5051 teur
2475 4973 2679 5027 romaiu
2710 4982 2763 5026 et
2787 4983 3026 5043 martyr,
3070 4985 3122 5027 et
3160 4974 3263 5027 615
3301 4987 3354 5029 et
3378 4973 3532 5045 seem.
3552 5018 3565 5040 ,
3597 4977 3653 5028 in
3684 4977 3875 5031 citatis

2326 5050 2489 5094 ιιοιιε.
2932 5052 2933 5055 “

2397 5111 2507 5181 (91)
2548 5110 2701 5181 Tom.
2732 5111 2823 5163 cit.
2860 5111 2925 5172 ll.
2953 5127 3075 5181 pag.
3109 5112 3292 5166 eadem
3321 5114 3457 5177 152,
3485 5129 3533 5167 c.
3565 5110 3633 5165 15
3670 5113 3868 5169 citato.

2396 5180 2506 5249 (92)
2543 5181 2596 5233 ln
2631 5179 2828 5234 Notitia
2874 5179 3096 5247 utraque
3146 5180 3495 5249 dignitatum,
3530 5195 3649 5247 cap.
3692 5183 3763 5244 5,
3804 5188 3873 5239 tle

2326 5248 2591 5368 pagectis
2630 5252 2896 5318 praetorio,
2939 5266 3057 5319 pag.
3097 5250 3126 5301 7
3169 5248 3297 5305 edit.
3331 5251 3706 5319 Lugdunensis
3736 5258 3868 5306 anui

2399 5386 2507 5455 (95)
2528 5385 2601 5439 'ln
2629 5389 2746 5441 cod.
2772 5387 3166 5450 Theodosiano,
3197 5401 3313 5455 cap.
3343 5386 3429 5449 l5,
3452 5386 3518 5455 de
3545 5398 3871 5444 senatorum

2399 5402 2507 5455 (uo)
2547 5402 2601 5439 ιιι
2629 5402 2746 5441 cou.
2772 5402 3166 5450 ‘t'neooosmno,
3197 5402 3313 5507 cap.
3343 5402 3429 5449 ιο,
3452 5402 3518 5440 oe
3545 5402 3867 5444 senatorum

2326 5456 2815 5577 ἲὲἒὲὶηέἒὲθίίἓυιῐι
2848 5458 2996 5520 foro,
3031 5466 3161 5510 tom.
3207 5456 3249 5508 ll
3302 5456 3430 5509 edit.
3481 5454 3677 5523 Lipsiae
3731 5462 3867 5514 anui

2471 5563 2482 5578 .
2514 5538 2634 5587 pag.
2671 5538 2757 5580 ιδ.

2396 5540 2817 5667 ξὺῐῗξίλιᾶοεξι
2838 5608 2871 5645 v
2893 5590 3191 5667 Annalium,
3209 5593 3268 5667 in
3294 5593 3491 5667 quibus
3513 5593 3639 5651 Elii
3673 5596 3868 5667 Sejani

2325 5660 2558 5732 praefecti
2592 5664 2840 5732 praetorio
2870 5662 3157 5728 potentiam
3190 5660 3467 5732 describit.

2391 5729 2501 5806 (95)
2540 5727 2602 5806 {If
2639 5727 2918 5806 σοηξηιορο
2942 5773 2959 5806 ._
3010 5745 3127 5799 pag.
3157 5731 3377 5806 _4_7_.“in
3412 5732 3552 5791 Hist.
3612 5736 3876 5806 Auguste

2324 5800 2654 5869 scriptoribus
2688 5800 2811 5853 edit.
2845 5799 3011 5854 Paris.
3048 5801 3170 5857 anni
3206 5800 3355 5855 l620.
