4078 6348
160 489 255 543 405

940 487 1025 540 DE
1064 486 1451 544 PORTUENSI
1494 492 1549 546 S.
1584 486 1937 546 lllPPOLYTI
1972 491 2161 546 SEDE.
2196 522 2263 531 —
2291 490 2468 545 PARS
2498 490 2537 543 ῐ.

3239 493 3339 548 806

156 618 325 663 autem
359 607 641 663 Commodi
668 608 904 661 animum
938 610 1244 677 prmsciens,
1266 611 1483 670 invenit,
1507 628 1694 678 qucm-
1722 619 1765 672 Α
1794 614 1910 666 cius
1954 614 2157 681 judicio
2202 613 2254 664 in
2297 621 2483 667 senatu
2530 610 2861 675 interfuerit,
2897 611 3056 679 quod
3093 612 3336 680 impossi-

156 699 435 753 admodum
480 700 595 768 ipse
632 706 819 765 potens
854 708 1026 763 esset;
1074 716 1196 753 nam
1230 702 1495 768 persuasit
1535 703 1711 766 Com-_

156 790 329 849 modo,
363 798 421 841 ut
451 789 563 856 ipse
586 786 797 841 deliciis
823 796 1057 847 vacaret,
1104 788 1242 841 idem
1291 804 1414 841 vero
1444 788 1694 843 Percnnis

155 877 294 930 curis
322 875 690 941 incumberet,
739 876 883 945 quod
911 876 1239 932 Commodus
1283 878 1521 931 lzetanter
1544 894 1695 931 acce-

155 967 243 1034 pit.
267 987 285 1018 ›
321 967 385 1020 Et
409 967 573 1034 paulo
599 976 721 1035 post
748 983 762 1019 :
797 985 815 1017 ι
841 965 990 1020 Tunc
1018 974 1195 1021 tamen
1218 966 1476 1021 Perennis
1504 979 1693 1023 cuncta

155 1058 362 1111 sibimet
388 1058 699 1123 vindicavit,
736 1074 871 1128 quos
906 1059 1074 1112 voluit
1121 1059 1409 1121 interemit,
1444 1059 1693 1126 spoliavit

154 1146 442 1213 plurimos,
479 1150 659 1201 omnia
705 1149 827 1217 jura
854 1149 1132 1203 subvertit.
1164 1167 1183 1201 ι
1219 1148 1526 1217 Lampridio
1565 1164 1697 1202 con-

151 1238 383 1291 sentiunt
406 1235 504 1291 Dio
523 1236 632 1307 (96)
657 1247 709 1292 et
739 1236 1097 1302 Herodianus,
1119 1238 1260 1293 unde
1288 1238 1444 1293 nobis
1467 1254 1694 1309 arguere

152 1326 266 1380 licet
294 1344 457 1396 quam
487 1329 621 1382 altas
650 1328 707 1381 in
757 1328 984 1397 imperio
1016 1328 1258 1382 Romano
1294 1330 1499 1384 radices
1525 1332 1692 1399 egerit

150 1412 400 1471 Perennis
448 1418 707 1487 potentia.
758 1416 903 1482 Sed,
958 1433 1025 1472 ne
1069 1418 1155 1470 cui
1200 1420 1423 1471 dubium
1455 1422 1690 1487 supersit

150 1506 439 1561 Perennem
487 1507 741 1575 capitales
778 1507 1273 1561 animadversiones
1328 1509 1379 1561 in
1434 1509 1690 1577 ipsosmet

148 1608 417 1651 senatores
442 1598 773 1661 exercuisse,
800 1598 1171 1652 exscribamus
1198 1598 1285 1652 hic
1328 1599 1689 1652 luculentissi-

147 1702 288 1739 rnnm
307 1684 593 1740 Herodiaui
617 1684 729 1754 (97)
753 1685 1142 1751 testimonium,
1159 1702 1223 1739 ex
1248 1702 1355 1756 quo
1380 1702 1487 1740 non
1511 1689 1686 1742 solum

146 1784 353 1829 constat
398 1775 691 1830 Perennem
723 1776 934 1845 plenam
972 1776 1025 1829 in
1071 1778 1357 1845 primarius
1382 1788 1686 1844 senatores,

143 1866 229 1939 qui
251 1905 267 1930 ,
298 1866 669 1936 coniuratione
700 1865 860 1932 facta,
892 1866 1247 1922 Commodum
1278 1866 1343 1921 de
1369 1870 1545 1923 medio
1581 1870 1684 1923 tol-

1796 704 1900 754 bile
1946 717 2007 755 ac
2054 703 2269 770 penitus
2305 702 2658 771 incongruum
2708 700 2879 754 doctis
2907 702 3036 754 viris
3089 700 3222 755 falso
3256 703 3335 755 vi-

1792 806 1913 845 sum
1940 799 2039 843 εει.

1793 941 1907 1014 γη.
1948 939 2262 995 Prudentius
2293 943 2646 1014 Hippolytum
2682 943 3020 998 Portuemem
3056 946 3332 1014 elegantis-

1861 1012 1991 1063 simo
2026 1014 2253 1064 carmine
2282 1012 2543 1076 laudavit,
2586 1015 2647 1065 de
2694 1031 2792 1081 quo
2837 1022 3005 1068 tamen
3037 1012 3172 1068 varie
3214 1032 3330 1068 sen-

1865 1083 2003 1134 tiunt
2047 1082 2259 1133 eruditi.
3230 1098 3231 1101 η

1860 1228 2215 1295 Prudentius,
2269 1230 2358 1299 qui
2424 1230 2524 1284 sub
2592 1227 2895 1287 Theodosio
2942 1230 3166 1284 Juuiore
3236 1230 3332 1284 ﬂo-

1790 1320 1930 1381 ruit,
1972 1320 2023 1372 in
2078 1319 2216 1374 libro
2254 1306 2399 1387 ’Περὶ
2450 1318 2795 1387 Στεφάνων,
2852 1322 3052 1389 hymno
3107 1323 3161 1372 ll
3219 1322 3361 1390 (l),_

1790 1409 2128 1478 Hippolytum
2164 1416 2449 1480 martyrem
2482 1396 2831 1464 Portuensem
2858 1413 3187 1466 carminibus
3219 1415 3331 1467 suis

1787 1499 2094 1562 celebravit,
2112 1500 2268 1566 cujus
2298 1501 2663 1555 cmmeterium
2700 1502 2751 1555 in
2775 1519 2902 1573 agro
2927 1503 3139 1558 Verano
3168 1506 3333 1558 situm

1786 1596 1940 1641 aetate
1969 1600 2063 1641 sua
2089 1600 2431 1656 summopere
2466 1591 2859 1644 venerabantur
2886 1592 3110 1645 Romani
3136 1594 3330 1647 exteri-

1786 1694 1908 1746 que.
1935 1676 2131 1732 Verum
2164 1695 2229 1732 ex
2260 1688 2339 1733 tot
2366 1678 2686 1751 Hippolytis,
2715 1698 2849 1750 quos
2881 1684 3049 1736 sacris
3076 1683 3328 1738 Ecclesia:
3386 1678 3391 1681 ’

1788 1767 1940 1820 fastis
1966 1766 2226 1835 ascriptos
2252 1768 2543 1832 cernimus,
2574 1772 2822 1838 quisnam
2852 1772 2936 1823 ille
2961 1771 3138 1836 fuerit,
3165 1788 3325 1839 quem

1787 1858 2108 1914 Prudentius
2149 1860 2360 1931 egregio
2407 1862 2508 1915 hoc
2550 1862 2789 1916 carmine
2830 1862 3087 1925 laudarit,
3132 1864 3327 1915 acriter

146 1957 252 2010 lere
300 1958 643 2025 cogitarunt,
688 1957 1118 2025 iurisdictionem
1166 1958 1444 2025 habuisse,
1492 1975 1677 2014 verum
1708 1949 1751 2004 Β
1781 1954 2060 2020 hucusque
2106 1952 2435 2021 disputatum
2490 1953 2594 2008 fuit
2640 1969 2667 2009 a
2714 1954 3102 2007 recentioribus
3148 1954 3327 2021 magni

141 2045 337 2111 etiam,
398 2046 542 2114 quod
593 2060 935 2116 summopere
1000 2048 1337 2112 mirandum,
1400 2049 1684 2117 ipsammet

140 2135 415 2189 Commodi
459 2150 703 2190 sororem
751 2139 884 2191 tanti
922 2139 1141 2193 sceleris
1188 2140 1461 2193 consciam
1493 2141 1681 2193 mortis

141 2225 397 2292 supplicio
445 2226 752 2291 mulctasse.
796 2247 815 2278 ι
854 2228 1191 2292 Quaestiones
1252 2239 1462 2292 autem,
1511 2230 1683 2297 inquit

140 2314 493 2379 Herodianus,
543 2314 809 2370 Perennio
844 2318 1126 2386 diligenter
1170 2328 1482 2381 exercente,
1528 2335 1681 2373 soror

139 2404 249 2468 ipsa
278 2404 582 2468 Commodi,
612 2406 984 2475 coniuratique
1008 2423 1214 2468 omnes,
1244 2409 1528 2475 ezeterique
1553 2423 1681 2475 pra:-

136 2501 276 2547 terea
309 2496 784 2564 quantulacunque
831 2497 1137 2565 suspicione
1167 2498 1370 2562 attacti,
1419 2498 1680 2565 supplicio

134 2586 302 2642 allecti
351 2594 496 2640 sunt.
547 2605 565 2637 ι
601 2585 919 2654 Spartianus
966 2587 1019 2639 in
1074 2586 1287 2651 Severo,
1340 2598 1395 2641 ut
1438 2589 1681 2641 animad-

132 2678 286 2730 vertit
313 2677 690 2731 Tillemontius
727 2677 862 2747 (98),
896 2693 925 2730 a
956 2677 1219 2745 praelecds
1242 2680 1491 2747 praetorio
1524 2695 1680 2735 sena-

133 2767 297 2821 torios
324 2768 466 2821 viros
483 2768 755 2836 judicatus
786 2766 954 2821 fuisse
980 2776 1226 2821 testatur.
1256 2767 1487 2822 Severus
1510 2770 1675 2835 enim,

138 2876 155 2905 ι
182 2858 273 2925 qui
300 2874 329 2910 a
358 2858 481 2912 divo
511 2859 689 2913 Marco
715 2859 880 2912 latum
909 2859 1116 2911 clavum
1142 2859 1309 2926 petiit,
1334 2868 1387 2911 et
1416 2860 1674 2927 accepit,»

129 2958 179 3000 et
209 2943 621 3017 quamplurimis
661 2949 874 3019 praefuit
918 2950 1240 3019 provinciis,
1294 2969 1311 3001 ι
1352 2950 1405 3003 in
1454 2950 1676 3016 Silieia,

131 3038 283 3104 quasi
312 3039 377 3092 de
410 3040 635 3106 imperio
661 3041 742 3093 vel
772 3049 941 3103 vates,
967 3040 1047 3093 vel
1070 3040 1347 3093 Chaldaeos
1376 3041 1681 3094 consuluiso

130 3138 234 3187 set,
284 3144 407 3183 reus
453 3129 627 3183 lactus
662 3131 801 3197 apud
838 3130 1115 3198 praefectos
1168 3132 1448 3199 pomerio,
1484 3132 1677 3198 quibus

128 3217 425 3271 audiendus
470 3219 628 3271 datus
677 3220 881 3282 fuerat,
927 3221 1039 3288 jam
1074 3222 1369 3275 Commodo
1403 3224 1454 3275 in
1489 3223 1672 3275 odium

128 3314 406 3371 veniente,
457 3309 738 3361 absolutus
770 3319 879 3373 est,
924 3311 1315 3365 calumniatore
1364 3313 1417 3363 in
1459 3328 1671 3366 crucem

128 3408 245 3453 acto
276 3398 411 3467 (99).
437 3417 456 3450 ι
494 3399 572 3453 Ex
603 3400 689 3454 his
723 3400 900 3469 itaque
948 3402 1390 3457 lueulentissimis
1417 3403 1675 3471 exemplis

125 3498 307 3557 aperte
334 3498 595 3554 constat,
644 3489 937 3546 Perennem
964 3532 979 3555 ,
1021 3485 1352 3559 cteterosque
1397 3492 1675 3561 praefectos

122 3581 373 3646 praetorio
410 3582 515 3637 sub
564 3581 861 3637 Commodo
909 3584 1115 3652 plenam
1162 3584 1214 3636 in
1261 3595 1537 3639 senatores
1575 3602 1673 3655 po-

122 3671 723 3739 testatem,habuisse;
779 3688 946 3741 quare
998 3673 1149 3726 irrito
1198 3689 1421 3741 prorsus
1477 3687 1672 3729 conatu

97 3759 394 3829 .Scaliger,
422 3768 477 3814 et
503 3771 625 3829 post
654 3777 775 3814 eum
816 3763 1061 3832 Illoynius
1105 3771 1157 3815 et
1198 3762 1427 3836 Pagius,
1478 3763 1673 3817 Ruﬁno

121 3851 348 3905 inscitiae
368 3862 420 3905 et
448 3851 505 3905 S.
543 3851 865 3923 Hieronymo
907 3855 1239 3909 credulitatis
1268 3866 1421 3909 notas
1462 3857 1674 3909 inurere

123 3946 395 3990 tentarunt
418 3977 434 4001 ,
484 3953 607 3991 cum
638 3940 955 4008 Apollonius
995 3943 1142 3996 urbis
1180 3953 1398 3997 senator
1436 3960 1553 3997 esse
1582 3959 1675 4011 po-

121 4028 302 4093 tuerit,
320 4028 568 4096 quamvis
590 4026 848 4083 Pcrennis
882 4033 1132 4098 prtctorio
1156 4033 1435 4102 praefectus
1459 4035 1673 4102 capitali

190 4242 303 4313 (96)
353 4241 596 4313 Cassius_
625 4240 721 4294 Dio
754 4243 1116 4311 Cocceianus,
1170 4247 1374 4302 Histor.
1426 4248 1673 4302 Romana:

124 4310 210 4388 lib.
236 4310 397 4388 iis]!
418 4314 525 4388 ,λη
557 4310 837 4388 Commodo
860 4353 888 4388 ,_
924 4324 1053 4388 tum.
1085 4310 1129 4370 ll
1149 4358 1164 4381 ,
1202 4318 1228 4386 §
1255 4320 1341 4384 9,.
1358 4334 1477 4388 pag.
1518 4319 1669 4381 1210,

124 4383 249 4434 1211
280 4383 411 4436 edit.
445 4380 737 4450 Hamburgi
764 4385 891 4435 auni
927 4384 1081 4436 I752.

189 4452 303 4517 (97)
336 4451 462 4521 Lib.
501 4466 551 4514 t,
601 4467 719 4519 cap.
752 4452 813 4515 8,
859 4470 976 4521 pag.
1028 4453 1097 4507 25
1145 4455 1274 4510 edit.
1318 4454 1402 4511 Jo.
1457 4455 1669 4513 llenrici

122 4517 698 4591 ΒαθυΙερνί-ειιιῐιο]69)Δ
716 4517 1075 4591 Argentorati.

187 4588 498 4671 (ευρ-’Τοῖα
529 4586 593 4643 lll
615 4633 629 4657 ,
654 4586 819 4647 Notos
850 4609 944 4648 sur
975 4592 1117 4648 saiut
1144 4590 1437 4661 Apollone,
1462 4606 1587 4651 note
1618 4598 1671 4665 4,
1704 4586 2145 4659 D‘adinonitione
2195 4604 2246 4654 iu
2272 4586 2635 4671 "martyriuuL
2656 4586 2739 4653 S.‘
2763 4586 3029 4671 Hippolyti

118 4672 235 4724 pag.
264 4658 390 4711 615.

187 4727 299 4796 (99)
342 4728 479 4781 Sunt
511 4727 937 4806 @liLSpartiani
982 4732 1144 4787 verba
1189 4734 1242 4806 in
1278 4732 1461 4788 Severo
1498 4736 1669 4806 impe-

119 4806 340 4873 ratore;
362 4800 581 4873 pag._
617 4799 817 4873 History.
851 4805 1073 4873 August.
1101 4805 1307 4873 script.,
1351 4807 1478 4859 edit.
1515 4799 1667 4861 criat.

185 4864 589 4937 (“frag—1947
612 4871 741 4923 edit.
783 4864 1091 4937 Anuli-rpite
1133 4864 1261 4928 anili
1296 4864 1457 4929 '1564.
1506 4877 1672 4932 Aure-

120 4934 223 5011 lius
266 4933 521 5011 Clemens
568 4936 893 5011 Prudentius
930 4933 1087 4993 natus
1115 4954 1197 4995 est
1226 4960 1369 4997 anno
1403 4946 1535 5011 548,
1570 4949 1670 5001 sub

122 5002 276 5083 Saliae
329 5006 650 5083 consulatu,
705 5010 1202 5083 ut_ipse___testatur
1256 5015 1309 5066 in
1361 5002 1670 5083 praefatione

120 5071 568 5153 Catlten‘t‘erinmu,
612 5091 729 5153 pag.
910 5075 1036 5153 Ejus
1071 5079 1305 5153 Uperum
1361 5071 1669 5153 catalogum

124 5142 247 5194 texit
276 5141 626 5215 Δςιεηηθιιῇιξεξ
672 5141 725 5199 iit
793 5141 1045 5215 Catulogo
1100 5141 1329 5201 virorum
1377 5141 1668 5207 illustrium

121 5226 233 5291 cap.
269 5211 367 5291 εξ,
399 5226 460 5291 ρ.
489 5211 614 5291 £158.
633 5214 802 5291 _'_I'o_t_n._
830 5211 1223 5291 ll_0_perum_S.
1248 5219 1562 5291 Hieronymi
1590 5227 1669 5278 ci~

123 5288 236 5359 lata
260 5281 390 5334 edit.
418 5279 688 5361 Vallarsii.
708 5286 839 5361 Vide
864 5279 1109 5361 Ruinart.
1141 5287 1193 5338 in
1210 5290 1345 5361 Act:
1370 5279 1665 5361 Ma'rtyrum

121 5352 343 5415 sixteen,
390 5365 515 5420 pag.
561 5352 700 5419 144,
752 5357 843 5408 ubi
891 5356 1168 5409 auctorum
1209 5357 1261 5410 in
1316 5352 1665 5417 Prudeiitium

122 5418 301 5489 laudes
330 5421 615 5489 deseripta:
640 5426 996 5489 reperiuntur.

571 5441 615 5475 ΞΒ
640 5441 996 5478 νεοθηυηιυτ.

181 5488 377 5567 (2)
430 5488 644 5567 annum
672 5488 873 5548 Christi
915 5495 1050 5567 229,
1093 5509 1247 5567 num.
1297 5495 1362 5559 9,
1410 5506 1540 5554 tom.
1580 5500 1663 5567 ll,

122 5570 234 5625 pag.
268 5557 366 5611 481
430 5559 561 5635 edit.
624 5562 782 5617 Luca:
815 5581 828 5616 :
865 5582 883 5614 ι
914 5564 1035 5618 Ηίεο
1090 5557 1430 5635 Prudentius,
1460 5573 1550 5635 qui
1583 5557 1664 5625 ta;

125 5642 235 5709 mea
264 5642 452 5709 errore
493 5630 707 5697 lapsus,
740 5641 849 5687 tres
881 5636 933 5687 in
970 5650 1134 5709 unum
1168 5634 1445 5709 confundit
1474 5630 1666 5709 llippo-

127 5696 273 5764 lytos,
324 5696 777 5777 militemlnempe
806 5718 1021 5770 passum
1050 5705 1149 5777 sub
1192 5702 1476 5759 Valeriano
1497 5748 1511 5769 ,
1539 5696 1697 5777 ἰέρὶ-.

125 5777 335 5833 scopum
370 5769 472 5844 sub
520 5768 827 5844 Alexandro
873 5784 924 5826 et
966 5774 1333 5844 presbyterum
1377 5768 1663 5831 Antioche—

125 5847 276 5901 nam,
345 5836 473 5891 olim
548 5836 1281 5914 Novatianum,'mart'yrem
1339 5846 1439 5900 sub
1503 5848 1661 5903 Decio

1782 2044 2020 2097 nominis
2068 2047 2444 2113 scriptoribus.
2489 2047 2595 2100 Alii
2637 2048 2812 2110 enim,
2859 2063 3088 2115 quorum
3135 2062 3328 2115 agmen

1780 2132 1928 2187 ducit
1974 2137 2239 2189 maximus
2285 2135 2566 2190 Annalium
2612 2140 3080 2191 ecclesiasticarum
3134 2154 3326 2206 parens

1780 2224 2041 2279 Barouius
2078 2225 2527 2297 (2),,77Prudentio
2557 2220 2701 2279 'vitio
2732 2220 2980 2290 vertunt,
3019 2229 3169 2295 quod
3216 2239 3323 2282 tres

1780 2313 2091 2385 Hippolytos
2118 2316 2171 2368 in
2209 2332 2371 2368 unum
2417 2314 2746 2378 confuderit,
2778 2318 3082 2384 episcopum
3121 2317 3323 2369 scilicet

1780 2416 2023 2459 nostrum
2043 2446 2056 2468 ,
2084 2406 2306 2459 militem
2344 2407 2445 2459 sub
2474 2404 2760 2459 Valeriano
2785 2422 2998 2473 passum
3031 2416 3082 2458 ct
3106 2407 3319 2458 dctuum

1779 2493 2118 2563 Hippolytum
2156 2498 2522 2566 presbyterum
2574 2496 2994 2561 Antiochenam,
3033 2498 3180 2566 prius
3211 2496 3320 2550 Νοο

1776 2590 1882 2641 vati
1907 2589 2246 2657 discipulum,
2270 2598 2451 2657 postea
2478 2591 2766 2658 gloriosum
2796 2590 2993 2643 Christi
3036 2599 3318 2659 martyrem

1777 2678 1880 2729 sub
1912 2675 2089 2729 Decio.
2131 2677 2233 2728 Alii
2266 2690 2414 2739 vero,
2470 2677 2606 2727 inter
2638 2690 2773 2742 quos
2802 2674 3168 2727 Theodoricus
3201 2673 3325 2727 Rui-

1778 2767 1984 2819 nartius
2006 2767 2104 2830 (3),
2138 2766 2488 2817 Sebastianus
2518 2763 2887 2815 Tillcmontius
2920 2764 3015 2831 (4),
3048 2762 3323 2832 Remigius

1776 2855 2073 2912 Ceillierius
2118 2854 2195 2924 (5)
2222 2895 2234 2916 ,
2282 2853 2476 2920 aliique
2506 2853 2825 2905 contrariam
2858 2868 3079 2919 prorsus
3104 2864 3323 2905 tuentur

1776 2946 2116 3005 sententiam,
2148 2954 2201 2998 et
2219 2942 2567 2997 Prudentium
2599 2942 2665 2995 ab
2698 2943 2797 2994 hoc
2822 2942 3153 2995 conl‘ttsiOnis
3190 2945 3318 2995 vitio

1774 3037 2044 3089 vindicare
2078 3046 2342 3089 conantur
2364 3076 2378 3099 ,
2402 3035 2528 3087 dum
2571 3036 2787 3087 unicum
2825 3030 3163 3101 Hippolytum
3199 3051 3316 3101 pre-

1776 3108 2044 3195 sbyterum
2067 3126 2132 3177 ab
2154 3126 2268 3192 ipso
2286 3126 2555 3179 laudatum
2574 3126 2774 3187 dicunt,
2795 3125 2883 3192 qui
2901 3124 3321 3178 Novatianorum

1776 3224 1935 3289 sectae
1987 3216 2193 3285 laqueis
2243 3217 2515 3284 quondam
2576 3217 2842 3281 irretitus,
2894 3232 3079 3269 eorum
3128 3216 3317 3269 hmresl

1774 3309 2111 3375 postmodum
2141 3307 2345 3375 eiurata
2372 3350 2386 3372 ,
2432 3308 2691 3375 insignem
2737 3307 2977 3376 martyrii
3007 3306 3234 3373 palmam
3264 3304 3318 3358 iu

1777 3398 1942 3451 Portu
1992 3396 2236 3451 Romano
2282 3408 2362 3451 est
2406 3397 2648 3463 adeptus.
2685 3395 2906 3450 Domum
2956 3396 3153 3448 Fronto
3208 3394 3316 3445 Du-

1775 3504 1918 3543 caaus
1941 3488 2015 3559 (6)
2046 3489 2273 3542 mediam
2301 3488 2438 3539 inter
2458 3488 2555 3539 hos
2578 3484 2851 3552 professns
2877 3494 2956 3537 est
2980 3486 3317 3547 sententiam;

1775 3580 1902 3634 dum
1934 3580 2273 3649 Hippolytum
2306 3578 2613 3645 episcopum
2640 3575 2985 3629 Portucnsem
3015 3591 3043 3626 a
3074 3574 3316 3626 Pruden-

1774 3672 1850 3725 tio
1896 3671 1998 3725 hoc
2046 3669 2284 3725 carmine
2326 3667 2600 3719 laudatum
2646 3666 2885 3730 censuit,
2931 3679 3087 3734 quem
3129 3661 3319 3715 Novati

1773 3762 2049 3816 erroribus
2089 3766 2304 3827 captum
2346 3742 2398 3809 et
2450 3773 2573 3810 mox
2614 3767 2734 3809 ante
2781 3755 3021 3825 martyrii
3062 3768 3337 3807 coronam

1706 3862 1711 3865 ’
1773 3852 2073 3906 exsolutum
2099 3848 2335 3903 tradidit.
2362 3845 2568 3912 Quibus
2592 3865 2716 3902 vero
2742 3848 3005 3902 rationum
3037 3848 3326 3904 momentis

1774 3942 2054 4010 prazcipuae
2084 3954 2403 4008 magnorum
2442 3941 2677 3995 virorum
2724 3941 2961 3994 nitantur
3007 3941 3320 4005 sententiae,

1773 4033 1922 4100 prius
1952 4030 2247 4099 inquirere,
2267 4040 2321 4085 et
2350 4032 2564 4086 demum
2596 4033 2721 4100 quid
2757 4044 2875 4100 post
2930 4042 3004 4087 tot
3039 4042 3324 4102 tantosque

1771 4251 2168 4323 imperatore}
2214 4255 2269 4309 id
2305 4255 2481 4326 ipsum
2516 4254 2706 4326 repetit
2748 4253 2801 4306 iu
2827 4253 2986 4326 potis
3022 4254 3091 4326 ad
3124 4254 3322 4325 Marty-

1772 4321 2041 4394 rologium
2087 4321 2386 4379 Ilomanu‘m
2414 4326 2498 4377 die
2522 4325 2593 4394 βυ
2619 4322 2882 4394 Januarii,
2932 4339 2982 4391 p.
3013 4321 3102 4391 55,
3134 4327 3218 4378 die
3254 4321 3325 4378 Β

1773 4390 1998 4464 Augusti
2024 4434 2037 4453 .
2086 4411 2204 4462 pag.
2236 4394 2371 4458 540,
2398 4403 2451 4447 et
2478 4393 2545 4445 22
2572 4390 2811 4460 ejusdem
2859 4390 3094 4460 mensis,
3128 4411 3177 4463 p.
3218 4395 3321 4449 355

1772 4466 2024 4518 editionis
2058 4464 2343 4518 Rosweidi.

1848 4536 1923 4603 (5)
1963 4536 2095 4586 Acta
2137 4543 2420 4599 martyrum
2463 4531 2686 4589 sincera,
2724 4547 2843 4600 pag.
2893 4533 2994 4586 H5
3042 4535 3131 4587 cit.
3169 4533 3349 4595 cdit.,‘

1850 4605 2145 4653 monitione
2195 4604 2246 4653 iu
2289 4601 2602 4653 martvrium
2656 4602 2712 4653 ὃ.
2763 4602 3029 4653 Hinnolvti
3078 4623 3090 4653 :
3130 4621 3148 4653 ι
3202 4601 3317 4653 Νοη

3078 4623 3090 4657 ε
3130 4621 3148 4653 (
3202 4616 3317 4654 ιῚοη

1776 4674 1938 4743 igitur
1978 4675 2153 4743 alium
2205 4672 2549 4743 agnoscimus
2594 4669 2932 4741 Hippolytum
2961 4669 3012 4725 in
3051 4673 3149 4725 hoc
3184 4670 3322 4743 Pru-

1772 4738 1937 4796 dcntii
1976 4742 2421 4811 hymno,pr:rter
2450 4738 2801 4794 PortucnSeui
2849 4754 3131 4809 martyrem
3180 4742 3319 4792 cclc-

1774 4809 2086 4873 berrimuin,
2138 4809 2223 4862 cui
2278 4810 2390 4861 haec
2432 4813 2633 4875 omnia,
2682 4828 2803 4878 quae
2844 4813 2910 4863 ab
2949 4811 3048 4862 hoc
3102 4819 3321 4863 auclore

1771 4880 2095 4939 referuntur,
2127 4878 2327 4944 Optime
2350 4890 2656 4947 competere
2678 4882 3066 4947 existimamus.
3108 4899 3125 4929 ι

1841 4947 2111 5070 (4)4T0m.
2140 4946 2225 5011 ιιι,
2257 4963 2375 5017 pag.
2403 4946 2704 5014 675,Noles
2736 4965 2830 5003 sur
2854 4950 2995 5002 saiut
3019 4946 3316 5019 Hippolyte,

1865 5035 1893 5069 e
1956 5056 1968 5068 .

1770 5029 1893 5074 note
1918 5029 1968 5070 4.

1840 5088 1915 5155 (5)
1956 5084 2113 5158 Tom.
2145 5085 2208 5158 ll,
2240 5103 2360 5157 cap.
2393 5088 2482 5151 '55,
2513 5104 2631 5158 pag.
2660 5086 2780 5158 567,
2820 5085 2845 5154 §
2881 5084 2932 5158 6.

1838 5160 1913 5223 (ti)
1955 5156 2011 5209 ln
2040 5172 2137 5210 sua
2165 5155 2450 5225 Nicephori
2483 5155 2688 5211 Callisti
2722 5155 3113 5223 Ecclesiasticw,
3152 5160 3316 5213 histo-

1767 5227 1860 5277 ria:
1892 5228 2325 5293 interpretatione
2352 5243 2471 5281 cum
2490 5227 2687 5297 Graecis
2727 5226 2918 5297 collata
2944 5238 2999 5281 et
3023 5232 3314 5297 recognita,

1770 5306 1873 5347 tam
1901 5297 1965 5347 ad
1999 5310 2118 5363 cap.
2148 5297 2235 5359 5i,
2273 5298 2364 5351 lib.
2404 5314 2452 5349 Iv
2506 5295 2667 5357 Hist.,
2697 5311 2749 5363 p.
2774 5295 2896 5359 550,
2926 5312 3085 5365 quam
3112 5295 3226 5364 cap.
3259 5299 3311 5357 ii,

1769 5365 1858 5418 l.b.
1885 5381 1956 5427 v1,
1990 5379 2042 5432 p.
2099 5366 2201 5419 395
2227 5366 2584 5420 edit.Lutetim
2620 5365 2949 5419 Parisiorum
2994 5370 3121 5421 anni
3157 5367 3308 5425 1650,

1768 5434 1856 5487 ubi
1901 5435 1967 5487 de
2024 5433 2231 5490 Novato
2278 5440 2497 5501 suisque
2558 5436 2779 5487 asseclis
2813 5435 3051 5501 disserit,
3106 5438 3309 5489 nullum

1767 5504 1930 5575 alium
1960 5502 2300 5575 Hippolytum
2334 5521 2361 5557 a
2396 5502 2687 5556 Prudentio
2732 5505 2782 5575 in
2819 5522 2916 5559 suo
2952 5507 3147 5574 hymno
3178 5506 3309 5575 glau-

1765 5574 1950 5625 datum
1984 5573 2244 5641 agnoscit,
2273 5587 2431 5643 quam
2461 5581 2705 5626 nostrum
2736 5573 3083 5629 Portuenscm
3107 5574 3312 5639 episco-

1766 5657 1913 5711 pum.
1946 5661 1964 5693 ι
1998 5642 2311 5713 Hippolytus
2350 5642 2660 5695 Portuensis
2689 5644 2971 5711 episcopus
2995 5652 3046 5713 et
3075 5651 3307 5713 inaljtyl'.

1765 5710 1886 5787 cum
1904 5713 1969 5765 ad
2002 5710 2321 5787 supplicium
2356 5720 2652 5787 raperetur,
2686 5724 2744 5787 ut
2782 5710 3039 5787 est’apud
3073 5710 3309 5787 Pruden-

1764 5783 1919 5844 tium,
1949 5802 1966 5833 ι
1996 5780 2300 5851 respondit:
2326 5800 2341 5829 ι
2374 5780 2579 5848 Fugite,
2615 5796 2647 5833 0
2674 5782 2877 5845 miseri,
2902 5800 2920 5831 ι
2953 5790 3077 5843 ctc.,
3102 5780 3309 5849 insigne

1765 5854 2161 5908 retractationis
2197 5867 2289 5907 seu
2333 5851 2687 5907 revocationis
2718 5851 3040 5917 exemplum.
