4078 6348
602 483 705 541 Ml

1385 465 1470 535 oe
1507 480 1894 537 PORTUENSI
1943 481 2000 535 s.
2048 466 2409 534 nieronv'ri
2443 479 2629 562 sane.
2666 509 2730 517 -
2763 480 2936 531 mus
2961 477 2997 529 ι.

3689 480 3750 535 41
3762 480 3801 530 ‘2

593 603 790 672 vulgus
816 603 1014 657 emisit.
1065 602 1241 654 Pridie
1280 601 1545 657 Kalendas
1579 602 1854 656 Februarii
1886 602 2145 672 Mar-tyro-
2175 608 2219 662 Α
2249 603 2354 655 eris
2379 601 2628 655 Ecclesia:
2651 600 2803 654 fastis
2825 601 3085 667 ascriptos
3108 601 3394 664 cernimus,
3423 599 3796 663 Prudentium,

597 695 797 760 legium
841 693 1135 754 Florentini
1182 693 1315 762 (22),
1349 693 1740 747 Dacherianum
1781 692 1913 760 (25),
1942 702 1994 746 et
2025 691 2149 745 Gel-

597 783 818 837 lonense
873 784 1013 853 (24),
1070 783 1414 854 Hippolytum
1468 786 1753 852 quemdam
1816 785 2151 838 Alexandrim

598 866 918 926 memorant.
963 891 979 923 ι
1034 872 1088 926 ιη
1137 873 1460 928 Alexandria
1505 875 1733 940 Tarsici,
1789 874 1976 941 Zotici,
2021 877 2151 928 Am-

593 964 765 1026 moni,
819 962 1110 1024 Cdmmini,
1163 963 1394 1033 Cyriaei,
1444 964 1688 1031 Gemini,
1749 965 1960 1030 Gelasi,
2011 967 2153 1034 Epo-

595 1051 697 1117 liti,
733 1071 751 1102 ι
789 1062 890 1106 etc.
922 1053 1055 1122 (sive
1086 1052 1374 1124 Hippolyti)
1403 1070 1565 1123 quem
1589 1055 1722 1110 alias
1751 1075 1768 1106 ι
1804 1056 2146 1126 Appolytum,

595 1143 936 1213 Eppolytum,
967 1145 1314 1214 Oppolytum,
1361 1143 1702 1214 Yppolytum,
1735 1165 1752 1196 ι
1794 1147 2024 1215 majores
2051 1161 2151 1199 no-

596 1236 693 1288 stri
719 1235 906 1288 mediis
939 1236 1084 1289 hisce
1124 1237 1451 1304 temporibus
1493 1239 1758 1290 dixerunt.
1797 1238 2001 1302 Quarto
2044 1236 2150 1289 No-

595 1340 694 1379 nas
728 1325 1006 1380 Februarii
1051 1345 1069 1377 ‹
1115 1322 1544 1396 Forosempronii
1575 1330 1660 1381 via
1699 1317 1984 1393 Flaminia,
2037 1330 2149 1381 mil-

595 1411 750 1468 liaiio
772 1417 838 1469 ab
869 1417 1000 1469 urbe
1029 1417 1148 1481 174,
1182 1416 1476 1482 Laurentii,
1507 1418 1745 1489 Eppolyti
1781 1439 1798 1469 ι
1833 1420 2144 1472 memoriam

593 1507 860 1560 celebrant
906 1507 1279 1581 Martyrologia
1336 1509 1670 1574 Florentini,
1719 1510 1995 1573 Dacherii,
2048 1511 2150 1563 An-

592 1597 894 1664 tuerpiense
929 1607 984 1651 et
1009 1599 1460 1666 Aquisgranense.
1507 1597 1824 1652 Gelloneuse
1884 1614 2013 1652 vero
2057 1615 2147 1653 se-

591 1683 776 1750 quenti
804 1683 892 1737 die
925 1682 1268 1758 Hippolytum
1305 1687 1590 1753 quemdam
1625 1685 1896 1740 Africanis
1936 1688 2148 1754 adjudi-

579 1771 722 1826 'cat:
763 1793 781 1823 ι
812 1771 994 1827 Africa
1033 1774 1247 1836 Felicis,
1299 1773 1598 1837 Laurentii,
1631 1775 1910 1836 Celerinze,
1951 1774 2149 1844 Hippo-

592 1861 707 1930 lyti,
757 1861 1070 1917 Felicitatis.
1113 1882 1131 1913 ι
1168 1862 1768 1932 Ferosemproniensem
1803 1863 2145 1935 Hippolytum

2249 694 2314 746 de
2343 708 2449 760 quo
2506 708 2647 745 nunc
2688 692 2915 760 agimus,
2955 692 3180 744 duorum
3215 691 3294 744 vel
3338 692 3493 744 trium
3535 699 3680 758 gesta
3737 691 3797 742 in

2250 799 2415 836 unum
2448 784 2714 837 conflasse
2758 783 2912 838 facile
2951 785 3215 851 quispiam
3249 796 3369 835 cum
3407 781 3639 833 maximo
3677 782 3794 837 An—

2251 873 2447 924 nalium
2503 873 2779 926 conditore
2830 875 3091 940 suspicari
3138 880 3335 941 posset,
3387 871 3432 925 si
3482 870 3796 938 hujusmodi

2254 973 2719 1018 monumentorum
2755 972 2900 1016 tanta
2933 965 3012 1015 vis
3048 973 3207 1026 esset,
3239 972 3295 1016 ut
3327 971 3540 1025 cuncta,
3583 976 3702 1028 qua:
3735 961 3797 1011 in

2250 1055 2314 1106 iis
2346 1055 2627 1119 habentur,
2694 1054 2928 1107 iudubiis
2955 1053 3230 1106 doctorum
3262 1053 3499 1116 virorum
3525 1051 3800 1119 suﬂ'ragiis

2250 1145 2425 1197 statim
2448 1145 2721 1214 probanda
2741 1145 2932 1197 forent.
2970 1141 3061 1197 His
3083 1144 3344 1210 siquidem
3378 1141 3592 1209 positis,
3632 1156 3660 1193 a
3691 1140 3801 1192 Ba-

2250 1237 2388 1290 ronii
2447 1225 2708 1292 sententia
2755 1237 2837 1289 vel
2864 1249 2868 1255 ‘
2892 1236 3171 1288 minimum
3207 1236 3482 1287 deﬂectere
3520 1233 3799 1302 piaculum

2246 1330 2584 1389 duceremus,
2613 1343 2734 1380 cum
2767 1327 2904 1388 Ado,
2947 1323 3242 1389 Usuardus,
3292 1323 3572 1389 Notkerus,
3621 1323 3801 1376 tribus
3851 1338 3855 1341 ·

2246 1418 2363 1473 istis
2389 1417 2686 1486 Hippolytis
2715 1432 2776 1470 ea
2807 1416 3084 1484 perSpicue
3119 1417 3372 1479 tribuant,
3402 1429 3520 1482 qua:
3548 1429 3645 1468 suo
3677 1422 3805 1465 tan—

2246 1517 2357 1562 tum
2388 1507 2670 1577 Hippolyto
2698 1505 2985 1559 vindicavit
3014 1506 3354 1560 Prudentius.
3391 1504 3540 1558 lllum
3569 1506 3707 1558 enim
3737 1511 3806 1556 et

2247 1600 2636 1668 presbyterum,
2694 1597 2986 1650 Novatiano
3031 1598 3155 1650 olim
3199 1595 3470 1651 schismati
3525 1595 3803 1647 addictum

2247 1686 2392 1748 facit,
2437 1697 2489 1740 et
2525 1688 2863 1756 postmodum
2898 1687 3063 1755 plebis
3101 1686 3412 1739 Portuensis
3437 1695 3608 1752 caput,
3642 1699 3703 1738 ac
3735 1685 3807 1738 in

2248 1778 2411 1831 Portu
2443 1779 2685 1830 Romano
2724 1778 2875 1845 equis
2904 1778 3225 1845 discerptum
3261 1784 3544 1845 martyrem
3575 1773 3806 1840 abiisse,

2251 1883 2512 1935 sacraque
2542 1869 2708 1935 ipsius
2735 1869 2954 1936 pignora
2980 1868 3030 1918 in
3054 1867 3235 1919 urbem
3271 1868 3546 1928 translata,
3581 1866 3632 1917 in
3664 1880 3808 1931 agro

593 1950 849 2006 Rabanus
877 1953 1009 2021 (25),
1035 1962 1088 2006 ct
1120 1952 1386 2007 Notkerus
1421 1954 1530 2022 (26)
1567 1971 1619 2008 iv
1655 1955 1831 2008 Nonas
1871 1933 2145 2030 Februarii
2180 1933 2221 1986 Β
2253 1933 2461 2010 Verane
2489 1962 2518 2009 a
2555 1933 3036 2024 fidelibus‘condita
3058 1957 3597 2010 scribitGhi-istianus
3618 1946 3805 2022 poeta.

589 2044 862 2098 exhibent.
895 2043 1133 2113 Septimo
1157 2044 1420 2100 Kalendas
1452 2045 1572 2099 Maii
1601 2065 1619 2095 ‹
1652 2047 1705 2100 in
1731 2046 1910 2101 Africa
1939 2047 2147 2100 Grisco—

594 2136 696 2202 nis,
728 2135 985 2200 Zenonis,
1013 2136 1328 2201 lminandri,
1357 2138 1650 2194 Carmiaui.
1689 2138 1928 2201 Arionis,
1990 2130 2144 2206 lppo-

589 2225 706 2296 lyti,
734 2225 958 2281 Diuduri
996 2246 1013 2296 i
1045 2218 1364 2280 mentionem
1405 2229 1596 2280 habent
1619 2226 1992 2297 Martyrologia
2029 2227 2146 2281 Flo-

590 2316 788 2370 rentini
837 2326 891 2370 et
942 2317 1207 2370 Daeberii.
1263 2317 1583 2371 Gellonense
1638 2319 1844 2372 nullum
1910 2318 2011 2371 bac
2062 2319 2147 2371 die

593 2405 935 2475 Hippolytum
969 2406 1152 2470 refert,
1193 2407 1422 2460 fortasse
1448 2409 1572 2476 quia
1613 2409 1782 2476 ipsius
1829 2409 2144 2461 memoriam

593 2511 648 2548 IV
669 2493 848 2548 Nonas
869 2493 1169 2556 Februarii,
1208 2507 1261 2548 ut
1297 2497 1553 2558 diximus,
1591 2501 1878 2552 recensuit.
1920 2515 2016 2552 xui
2047 2500 2147 2553 Kac

594 2583 783 2639 lendas
829 2584 979 2649 Julii,
1035 2604 1054 2636 ι
1109 2585 1293 2640 Romae
1345 2587 1601 2656 Yppoliti,
1635 2587 1879 2654 Honorii,
1936 2590 2146 2654 Evodii,

593 2673 737 2728 Petri
781 2693 800 2726 ι
848 2676 898 2733 in
940 2675 1098 2731 dictis
1141 2678 1312 2731 tribus
1347 2677 1740 2748 Martyrologiis
1779 2680 2025 2748 leguntur
2054 2699 2150 2736 no-

593 2766 762 2820 mina.
789 2765 1225 2838 Martyrologium
1255 2778 1438 2822 tamen
1481 2773 1910 2838 manuscriptum
1955 2773 2150 2839 reginze

593 2851 819 2916 Sueciaa,
848 2853 1159 2908 Florentino
1192 2856 1301 2924 (27)
1342 2865 1497 2920 teste,
1534 2874 1639 2910 non
1668 2858 2030 2928 Hippolytum,
2056 2861 2147 2914 sed

594 2962 618 2994 ε
654 2945 706 2997 in
738 2943 1004 3015 Hippolyti
1032 2951 1341 3000 cmmeterio
1388 2967 1405 2998 ι
1437 2950 1735 3002 natalitium
1775 2951 2148 3017 prie-dictorum

593 3046 891 3105 martyrum
931 3037 1070 3091 diem
1103 3039 1428 3092 celebratum
1467 3040 1713 3094 affirmat.
1745 3042 1916 3107 Quam
1959 3043 2147 3113 optimi

593 3126 801 3180 codicis
829 3127 1109 3180 lectionem
1138 3128 1329 3182 merito
1359 3130 1551 3195 probat
1580 3133 1663 3183 vir
1690 3132 2055 3196 doctissimus,
2083 3151 2148 3188 ex

592 3231 702 3286 qua
723 3231 839 3269 eam
867 3215 1093 3269 fortasse
1114 3217 1396 3285 descripsit
1418 3208 1720 3286 Stephanus
1747 3223 1792 3276 lc
1810 3223 2143 3294 Moyne(28).
2173 3242 2218 3301 ε

596 3304 800 3357 Octavo
826 3303 951 3358 ldus
977 3306 1203 3373 Augusti
1235 3323 1251 3354 ι
1292 3306 1473 3359 Romae
1513 3307 1565 3358 in
1611 3316 1916 3366 cmmcterio
1956 3313 2150 3369 Calixti

596 3394 684 3447 via
734 3395 901 3463 Appia
959 3397 1153 3449 natalis
1199 3394 1340 3449 Xisti
1381 3397 1639 3466 episcopi,
1673 3409 1800 3464 etc.,
1853 3402 2148 3476 Laurentii,

595 3483 848 3553 Eppoliti,
879 3498 934 3539 et
956 3488 1184 3540 militum
1217 3487 1337 3551 165,
1387 3505 1405 3537 ι
1463 3504 1528 3541 ex
1578 3489 1845 3555 praedictis
1882 3493 2148 3565 Martyro-

597 3577 758 3649 logiis
814 3580 1131 3632 memoriam
1181 3580 1452 3642 eruimus,
1519 3589 1743 3647 excepto
1787 3586 2151 3641 vetustissimo

592 3668 973 3739 Martyro’logio
995 3670 1051 3725 S.
1087 3669 1388 3736 Villihrodi,
1418 3680 1471 3725 et
1497 3673 1666 3749 altero
1694 3673 1892 3742 regina:
1927 3673 2147 3743 Suecite,

593 3775 736 3828 quae,
770 3760 1191 3816 utFlorentinus
1223 3773 1392 3828 notat,
1436 3761 1783 3832 Hippolytum
1821 3765 1923 3820 hac
1949 3767 2036 3822 die
2072 3785 2153 3823 re-

597 3849 781 3912 ticent,
834 3845 1060 3919 ideoque
1114 3852 1257 3906 hunc
1298 3854 1366 3907 ab
1415 3851 1723 3924 Hippolyto,
1772 3869 1931 3922 quem
1973 3856 2152 3913 Idibus

595 3939 824 4007 Augusti
851 3950 1034 3995 sancta
1058 3953 1342 3999 veneratur
1377 3943 1616 4000 Ecclesia
1638 3986 1652 4009 ,
1696 3947 1836 4000 haud
1879 3946 2152 4001 diversum

593 4038 780 4084 censet
807 4031 872 4084 ad
905 4030 1104 4086 dictum
1136 4035 1275 4088 diem
1309 4037 1538 4104 ipsemet
1569 4038 1935 4093 Florentinus.

667 4116 724 4172 In
757 4128 908 4174 tanto
939 4122 1102 4192 igitur
1148 4125 1556 4199 Hippolytorum
1597 4116 1846 4198 nurnero,
1879 4147 2016 4202 quos
2061 4148 2153 4186 sa-

672 4387 783 4452 (22)
823 4387 952 4468 Vide
975 4391 1172 4468 pridie__
1193 4393 1309 4448 Kal.
1337 4395 1509 4468 Febr.
1558 4411 1681 4466 pag.
1727 4395 1852 4458 291,
1900 4395 1991 4450 ubi
2046 4394 2150 4468 legi

599 4459 1084 4531 possuntejus‘dem
1116 4461 1409 4517 Florentini
1436 4459 1761 4519 nota—tio'nes.

995 4527 1193 4622 Lucam
1216 4533 1480 4587 d'Acherii
1507 4544 1636 4587 tom.
1669 4533 1712 4587 ll
1737 4535 2025 4614 Spicilegii,
2052 4535 2143 4590 cit.
2178 4568 2220 4622 υ

594 4600 847 4655 editionis
881 4614 997 4667 pag.
1040 4599 1090 4651 5.
1738 4663 1739 4667 η

666 4670 779 4739 (24)
818 4669 970 4735 Apud
996 4669 1180 4789 ipsum.
1208 4668 1421 4723 Acberii
1450 4678 1582 4724 tom.
1616 4671 1762 4735 eod.,
1796 4687 1918 4789 paig.
1945 4671 2036 4727 27.

667 4739 780 4789 (25)
819 4738 971 4789 Aoud
1045 4737 1310 4789 lenricum
1351 4739 1628 4789 Canisium
1675 4750 1803 4789 tom.
1841 4741 1859 4789 l
1891 4783 1903 4789 -
1928 4749 2036 4789 narl

667 4737 780 4810 (25)
819 4738 971 4806 Apud
1025 4737 1310 4810 llenricum
1351 4739 1628 4810 Canisium
1675 4737 1812 4792 tomf
1841 4737 1903 4803 ll,
1928 4749 2085 4810 parte
2107 4758 2144 4797 ιι

597 4808 776 4879 Antiq.
822 4810 967 4870 lect.,
1019 4808 1272 4879 editionis
1329 4809 1504 4864 citatas
1548 4826 1666 4876 pag.
1714 4810 1816 4863 M9
1850 4826 1861 4860 :
1899 4828 1917 4858 ι
1965 4808 2147 4865 Romae

598 4877 1040 4948 Foroscmprouii
1063 4880 1148 4931 via
1194 4877 1454 4930 Flaminia
1493 4879 1744 4948 milliario
1783 4879 1847 4948 ab
1870 4880 1999 4932 urbe
2026 4881 2146 4943 174,

601 4946 896 5012 Laurentii,
926 4957 979 5002 ct
1003 4947 1292 5017 Hippolyti,
1328 4957 1381 5000 ct
1411 4948 1663 5001 nativitas
1691 4947 1746 5000 S.
1783 4946 2084 5002 Fortunati.
2113 4969 2143 5017 ν»

672 5018 783 5089 (26)
836 5020 987 5087 Apud
1025 5016 1290 5089 retundem
1333 5017 1640 5089 CanisiuuL
1670 5028 1802 5072 tom.
1851 5018 2036 5069 eodem
2085 5016 2148 5089 ll,

599 5097 738 5156 part.
763 5087 843 5151 ιιι,
869 5104 986 5156 pag.
1013 5088 1079 5142 98
1111 5107 1122 5141 :
1154 5107 1171 5139 ε
1217 5087 1342 5140 ιιιιηι
1388 5087 1569 5140 Horme
1603 5087 2034 5156 Forosemprouii
2067 5088 2152 5140 via

600 5151 1141 5226 Flaminia—milliario
1190 5159 1256 5210 ab
1285 5156 1428 5210 Urbe
1462 5159 1582 5220 165,
1611 5151 1912 5222 Laurentii,
1953 5154 2153 5226 Hippo-

599 5222 715 5292 lyti,
745 5235 799 5276 et
826 5228 1076 5280 nativitas
1107 5227 1163 5281 S.
1192 5227 1488 5292 Fortunati.
1522 5247 1540 5279 ι

675 5292 786 5362 (27)
825 5313 847 5366 _t
910 5294 1099 5366 Plures
1139 5296 1408 5366 Hippolyti
1457 5299 1676 5354 nomine
1715 5296 1941 5361 caelites,
1975 5295 2158 5366 inquit

601 5359 945 5439 Flerentinus
974 5365 1026 5418 in
1049 5369 1191 5439 notis
1210 5359 1287 5420 'a-d
1329 5359 1465 5439 hanc
1495 5369 1635 5422 diem
1670 5385 1789 5439 pag.
1817 5359 1943 5439 693,
1973 5359 2158 5419 Romae

600 5431 822 5503 fuerunt
854 5435 1090 5503 venerati
1124 5453 1137 5487 :
1186 5451 1306 5488 cum
1340 5435 1574 5491 Honorio
1611 5431 1811 5503 tame'n,
1849 5431 2055 5491 Evodio
2107 5445 2160 5487 et

602 5499 970 5570 Petr0_sociis,
995 5503 1118 5554 alibi
1143 5518 1246 5558 non
1268 5508 1563 5561 succurrit.
1585 5507 1689 5562 Eos
1713 5499 1941 5570 tantum,
1970 5515 2023 5559 et
2052 5521 2157 5557 non

603 5570 742 5624 alios
771 5565 956 5621 Romae
989 5585 1084 5621 xm
1125 5571 1241 5624 Kal.
1274 5577 1325 5626 in
1357 5579 1459 5628 line
1490 5580 1677 5630 recolit
1706 5579 1866 5631 etiam
1895 5565 2029 5630 mss.
2072 5590 2160 5631 re-

644 5642 745 5693 ina:
773 5637 999 5717 Sueciaa,
1031 5640 1131 5717 hac
1167 5651 1340 5695 tamen
1373 5645 1689 5717 differentia,
1729 5655 1787 5699 ut
1823 5663 1933 5717 non
1965 5645 2161 5717 Ηὶιτρθ·

632 5723 799 5781 ylum,
830 5709 920 5761 sed
953 5709 1024 5781 in_
1042 5709 1159 5781 ejus
1186 5718 1493 5781 emineterio
1520 5709 1843 5781 Honorium,
1896 5709 2160 5768 Evodium

605 5777 1515 5852 etPetrumyreddat,quammagis
1550 5787 1722 5852 placet
1766 5804 1776 5836 :
1819 5777 1839 5835 ἑ
1891 5786 2076 5838 Romae
2106 5784 2158 5835 in

609 5869 630 5903 ‹
654 5850 959 5907 εωιηεεθι-ιο
981 5846 1240 5918 Hippolyti
1273 5846 1368 5901 SS.
1405 5846 1645 5916 Honorii,
1677 5853 1857 5907 Evodii
1881 5854 2106 5912 etPetri,
2145 5874 2162 5905 ι

2249 2047 2450 2100 Horum
2483 2048 2696 2115 quidem
2744 2049 2951 2116 singula
2983 2050 3207 2116 singulis
3252 2043 3491 2101 veterum
3538 2046 3806 2116 Martyro-

2248 2138 2509 2206 logiorum
2558 2135 2853 2207 Hippolytis
2897 2140 3181 2192 convenire
3217 2153 3406 2192 omnes
3449 2136 3647 2190 vident.
3704 2134 3811 2187 Et-

2246 2229 2387 2278 enim
2433 2227 2799 2295 presbyterum
2845 2225 3194 2279 Novatiannm
3239 2226 3534 2280 Antiochiae
3576 2239 3809 2292 passum

2247 2317 2331 2370 his
2393 2315 2504 2370 fere
2545 2319 2720 2370 verbis
2767 2332 2952 2370 omnes
2980 2332 3100 2370 cum
3154 2315 3386 2368 Notkero
3430 2315 3741 2368 describunt
3791 2329 3808 2363 :

2253 2424 2270 2454 ε
2326 2408 2478 2474 Apud
2530 2406 2868 2459 Antiochiam
2932 2405 3110 2474 passio
3161 2405 3333 2458 sancti
3384 2402 3669 2471 Hippolyti,
3701 2401 3808 2468 qui

2248 2495 2435 2548 Novati
2475 2498 2762 2550 schismate
2805 2496 3191 2563 aliquantulum
3228 2495 3502 2562 deceptus,
3543 2500 3811 2559 cperante

2248 2585 2415 2652 gratia
2440 2585 2640 2638 Christi
2672 2594 2994 2645 correctus,
3053 2583 3117 2636 ad
3179 2583 3493 2641 charitatem
3546 2579 3810 2634 Ecclesiae

2250 2678 2425 2739 rediit,
2459 2690 2554 2743 pro
2579 2691 2705 2743 qua,
2739 2686 2792 2728 et
2822 2676 2873 2726 in
2916 2690 3019 2740 qua
3067 2674 3273 2727 illustre
3314 2674 3624 2742 martyrium
3669 2686 3810 2725 con-

2250 2769 2535 2819 summavit
2565 2765 2695 2833 (29).
2739 2782 2759 2813 ι
2786 2762 3127 2830 Hippolytum
3159 2762 3378 2813 militem
3414 2761 3567 2828 equis
3593 2760 3809 2812 discer-

2250 2866 2396 2924 ptum
2445 2856 2582 2908 Beda
2635 2869 2755 2906 cum
2809 2867 2934 2904 mox
2980 2852 3258 2904 recensitis
3303 2850 3696 2920 Martyrologiis
3748 2866 3809 2912 et

2249 2946 2519 2998 Breviario
2543 2943 2827 2995 Mozarabo
2850 2941 2961 3010 (50)
2997 2949 3224 2994 testatur
3263 2940 3366 2994 hoc
3404 2949 3559 3009 pacto
3587 2957 3602 2993 :
3636 2959 3653 2991 ι
3687 2939 3810 2994 R0-

2249 3048 2350 3085 ma
2379 3031 2434 3084 S.
2475 3031 2762 3100 Hippolyti,
2798 3031 2890 3098 qui
2932 3039 3168 3097 tempore
3215 3027 3356 3082 Decii
3404 3030 3594 3098 ligatus
3638 3018 3809 3097 pedes

2250 3123 2316 3176 ad
2349 3124 2484 3176 colla
2533 3123 2914 3186 indomitorum
2969 3137 3255 3190 equorum,
3315 3122 3392 3175 sic
3435 3137 3529 3190 per
3567 3122 3809 3175 carduos

2251 3216 2582 3282 tribulosque
2613 3223 2815 3267 tractus
2851 3215 3029 3269 emisit
3067 3215 3312 3283 spiritum
3343 3213 3471 3283 (51).
3513 3232 3532 3263 ι
3570 3212 3798 3281 Episco-

2255 3323 2378 3375 pum
2417 3322 2539 3359 vero
2587 3317 2792 3360 veteres
2837 3306 2926 3359 isti
2964 3306 3447 3360 ecclesiasticarum
3497 3305 3809 3358 tabularu

2253 3398 2542 3466 sei-iptores
2571 3399 2688 3451 solo
2713 3397 2946 3466 episcopi
2979 3397 3262 3465 designant
3302 3395 3536 3448 nomine.
3576 3393 3631 3446 ln
3657 3393 3810 3446 Mar-

2207 3511 2210 3513 »
2251 3489 2512 3559 tyrologio
2545 3496 2723 3540 tamen
2759 3485 3019 3549 Remane,
3072 3488 3175 3539 hoc
3217 3501 3283 3540 ex
3325 3486 3472 3539 Actis
3513 3487 3569 3538 S.
3611 3485 3811 3539 Aurea:

2252 3581 2576 3647 descriptum
2614 3578 2808 3646 legitur
2841 3577 3011 3644 ipsius
3035 3576 3265 3644 elogium
3300 3576 3410 3644 (3‘2)
3442 3595 3454 3627 :
3491 3595 3507 3625 I
3552 3576 3606 3627 ln
3639 3575 3808 3627 Portu

2254 3670 2499 3724 Romano
2539 3666 2807 3736 Hippolyti
2857 3666 3093 3733 episcopi
3152 3665 3451 3716 eruditione
3496 3664 3808 3724 clarissimi,

2247 3746 2346 3830 Iqui
2376 3761 2476 3814 sub
2515 3757 2821 3811 Alexandro
2862 3755 3204 3822 imperatore,
3238 3753 3308 3805 ob
3342 3753 3646 3819 prreclaram
3684 3755 3809 3807 fidei

2252 3851 2648 3904 confessionem
2679 3846 2929 3899 manibus
2962 3843 3294 3912 pedibusque
3337 3843 3513 3913 ligatis
3547 3845 3597 3895 iu
3643 3845 3808 3897 altam

2253 3940 2463 3993 foveam
2512 3940 2667 4006 aquis
2702 3939 2914 4004 plenam
2962 3937 3343 4004 praecipitatus,
3404 3936 3644 4003 martyrii
3694 3940 3812 4004 pal—

2253 4045 2395 4082 mam
2441 4029 2684 4096 accepit;
2741 4021 2912 4094 cujus
2952 4041 3148 4094 corpus
3199 4042 3229 4080 a
3281 4026 3604 4080 Christianis
3664 4029 3812 4094 apud

2252 4123 2499 4176 eumdem
2536 4122 2713 4176 locum
2747 4121 3015 4188 sepultum
3058 4120 3178 4173 fuit.
3220 4137 3237 4170 ι
3286 4118 3388 4189 ,Ηίε
3422 4119 3602 4186 itaque
3647 4134 3815 4190 argu-

2256 4389 2669 4456 totidemque‘et
2699 4383 2883 4438 iisdem
2919 4383 3228 4456 nominibus
3265 4389 3529 4456 martyres
3569 4382 3620 4436 in
3653 4394 3814 4439 vetu-

2253 4451 2924 4521 srissimo'Antuerpiensi,
2967 4451 3301 4514 Corbeicusi,
3349 4460 3404 4504 et
3438 4462 3621 4504 nostro
3663 4470 3815 4508 mar-

2255 4529 2520 4597 tyrologio
2583 4525 2767 4594 scripti
2825 4533 2970 4597 sunt.
3005 4521 3348 4597 Emendanda
3391 4529 3714 4597 quapropter
3755 4527 3814 4577 iu

2249 4588 2536 4672 postremis
2559 4588 3147 4672 lacui'ia,etlegk_a_ndum
3179 4608 3249 4672 ξ’(
3280 4588 3532 4672 Romae
3557 4588 3818 4671 cipmete—

2249 4661 2265 4722 ἓ
2282 4673 2359 4724 rio
2376 4667 2706 4739 llyppolytig
2719 4665 2842 4739 lirat
2858 4661 2941 4716 DC
2955 4661 3215 4739 Hippolyti
3235 4663 3595 4739 cmmeterium
3615 4662 3817 4732 inagro

2245 4729 2908 4799 Veraiio'via'Tiburtina,
2947 4733 3028 4785 vel
3062 4729 3222 4787 idem,
3267 4729 3348 4782 vel
3397 4744 3560 4799 prope
3607 4729 3813 4785 θερείης-

2249 4812 2439 4863 tcrium
2469 4807 2526 4858 Β.
2566 4801 3002 4876 0)-τίιιαιξμιιιιοι1
3036 4800 3107 4852 ita
3126 4799 3379 4876 designat
3409 4799 3540 4853 liber
3579 4799 3812 4876 Pontili-

2247 4881 2378 4932 calis
2409 4879 2458 4929 in
2491 4867 2708 4930 Adriani
2765 4875 2781 4925 l
2824 4867 2940 4927 Vita
2984 4888 2995 4921 :
3049 4887 3065 4918 ι
3124 4867 3293 4920 Simul
3337 4878 3390 4921 et
3440 4873 3812 4924 coemeterium

2256 4967 2273 4998 ι
2307 4950 2367 5002 Β.
2404 4947 2670 5016 Hippolyti
2699 4945 2850 5012 juxta
2869 4941 2937 5016 __S.
2971 4937 3517 5016 Laurentium,_quod
3546 4955 3578 5016 a
3614 4940 3814 5016 priscis

2256 5036 2273 5067 ι
2309 5008 2614 5071 niaredérat
2659 5008 3084 5081 tc‘niporibusua
3126 5021 3264 5081 novo
3309 5010 3583 5081 renovan
3629 5051 3640 5061 .
3677 5008 3812 5081 pari

2257 5105 2274 5135 ι
2312 5090 2468 5140 modo
2515 5095 2568 5138 et
2607 5074 2886 5138 ecclesiam
2924 5074 3219 5130 BuChristi
3248 5078 3498 5148 martyris
3537 5074 3811 5148 _Stephaui

2260 5174 2277 5204 ι
2317 5159 2472 5210 sitam
2499 5155 2650 5222 juxta
2677 5152 2991 5222 prmdictum
3022 5146 3400 5200 cmmeterium
3438 5146 3494 5200 S.
3536 5146 3812 5216 Hippolyti

2262 5243 2279 5274 ‹
2321 5219 2567 5277 similiter
2596 5219 2940 5276 restauravit.
2984 5234 3002 5265 ι

2327 5293 2435 5360 (28)
2474 5292 2773 5360 Prolegom.
2812 5288 2899 5360 ad_
2922 5284 3040 5360 V_ar.
3060 5301 3231 5360 βαίη,
3271 5283 3361 5360 fol.
3391 5285 3459 5338 52
3484 5293 3535 5338 et
3562 5299 3716 5360 seqq.

2327 5353 2437 5427 (29)
2478 5353 2818 5428 δυηιῖμδὶυε
2856 5355 3072 5408 Notkeri
3120 5363 3278 5407 verba
3326 5356 3379 5406 in
3408 5353 3810 5423 jnostris’uotis

2261 5433 2507 5498 superius
2533 5431 2772 5498 recitata.

2333 5493 2443 5569 (50)
2481 5499 2592 5550 Fol.
2619 5499 2722 5569 :59?)
2745 5494 3002 5569 Breviarii
3027 5493 3316 5569 Mozarabi.

2335 5561 2446 5638 (51)
2499 5570 2571 5620 lta
2619 5567 2797 5638 idibus
2835 5565 3060 5638 Augusti
3111 5565 3289 5630 passio
3326 5561 3380 5615 S.
3417 5561 3690 5638 Hippolyti
3708 5563 3805 5638 de-

2263 5632 2513 5695 scribitur
2545 5635 3002 5704 in'Martyrologio
3025 5633 3176 5684 Berlin
3203 5647 3323 5684 cum
3358 5632 3808 5704 Auctario‘Flori.

2263 5725 2314 5763 et
2339 5711 2565 5761 aliorum
2600 5706 2652 5758 in
2697 5701 2827 5756 tom.
2871 5701 2912 5752 ll
2959 5702 3072 5755 Act.
3110 5712 3418 5755 sanctorum
3451 5705 3652 5758 mensis
3677 5702 3812 5754 Har-

2265 5782 2320 5834 tii
2349 5782 2496 5830 'edito
2527 5791 2642 5843 pag.
2684 5774 2752 5825 26
2775 5771 2900 5826 edit.
2935 5770 3149 5826 Venclte
3174 5788 3296 5825 antu
3336 5772 3491 5828 1755.

2336 5850 2444 5917 (52)
2488 5846 2578 5901 Die
2609 5859 2717 5898 xxn
2751 5843 2990 5910 Augusti.
