  <div class='ocr_page' id='page_1' title='image "/cluster/home/n/w/nwhite01/storage/ocr_20150623/10/pst.000005711901/219.png"; bbox 0 0 4078 6348; ppageno 0'>
   <div class='ocr_carea' id='block_1_1' title="bbox 671 421 780 477">
    <p class='ocr_par' dir='ltr' id='par_1_1' title="bbox 671 421 780 477">
     <span class='ocr_line' id='line_1_1' title="bbox 671 421 780 477; baseline 0.018 -2"><span class='ocrx_word' id='word_1_1' title='bbox 671 421 780 477; x_wconf 76' lang='grc'><strong>415</strong></span> 
     </span>
    </p>
   </div>
   <div class='ocr_carea' id='block_1_2' title="bbox 1470 413 3081 477">
    <p class='ocr_par' dir='ltr' id='par_1_2' title="bbox 1470 413 3081 477">
     <span class='ocr_line' id='line_1_2' title="bbox 1470 413 3081 477; baseline -0.006 0"><span class='ocrx_word' id='word_1_2' title='bbox 1470 421 1558 477; x_wconf 81' lang='lat' dir='ltr'><strong>DE</strong></span> <span class='ocrx_word' id='word_1_3' title='bbox 1597 414 1988 477; x_wconf 76' lang='lat' dir='ltr'><strong>PORTUENSI</strong></span> <span class='ocrx_word' id='word_1_4' title='bbox 2024 420 2083 475; x_wconf 91' lang='lat' dir='ltr'><strong>S.</strong></span> <span class='ocrx_word' id='word_1_5' title='bbox 2122 415 2481 475; x_wconf 75' lang='lat' dir='ltr'><strong>HlPPOLYTl</strong></span> <span class='ocrx_word' id='word_1_6' title='bbox 2514 414 2704 472; x_wconf 77' lang='lat' dir='ltr'><strong>SEDE.</strong></span> <span class='ocrx_word' id='word_1_7' title='bbox 2738 444 2806 454; x_wconf 91' lang='lat'><strong>-—</strong></span> <span class='ocrx_word' id='word_1_8' title='bbox 2830 413 3011 473; x_wconf 72' lang='lat' dir='ltr'><strong>PARS</strong></span> <span class='ocrx_word' id='word_1_9' title='bbox 3040 415 3081 473; x_wconf 82' lang='grc'><strong>1.</strong></span> 
     </span>
    </p>
   </div>
   <div class='ocr_carea' id='block_1_3' title="bbox 3776 418 3886 477">
    <p class='ocr_par' dir='ltr' id='par_1_3' title="bbox 3776 418 3886 477">
     <span class='ocr_line' id='line_1_3' title="bbox 3776 418 3886 477; baseline 0.018 -2"><span class='ocrx_word' id='word_1_10' title='bbox 3776 418 3886 477; x_wconf 69' lang='lat' dir='ltr'><strong><em>MO</em></strong></span> 
     </span>
    </p>
   </div>
   <div class='ocr_carea' id='block_1_4' title="bbox 668 536 3885 612">
    <p class='ocr_par' dir='ltr' id='par_1_4' title="bbox 668 536 3885 612">
     <span class='ocr_line' id='line_1_4' title="bbox 668 536 3885 612; baseline 0 -17"><span class='ocrx_word' id='word_1_11' title='bbox 668 542 737 597; x_wconf 89' lang='lat' dir='ltr'><strong>lis</strong></span> <span class='ocrx_word' id='word_1_12' title='bbox 767 542 881 597; x_wconf 89' lang='lat' dir='ltr'><strong>suis</strong></span> <span class='ocrx_word' id='word_1_13' title='bbox 903 541 1187 612; x_wconf 85' lang='lat' dir='ltr'><strong>scjunctim</strong></span> <span class='ocrx_word' id='word_1_14' title='bbox 1212 558 1449 612; x_wconf 72' lang='lat' dir='ltr'><strong>pmssc</strong></span> <span class='ocrx_word' id='word_1_15' title='bbox 1476 544 1754 607; x_wconf 79' lang='lat' dir='ltr'><strong>videmus;</strong></span> <span class='ocrx_word' id='word_1_16' title='bbox 1783 542 2038 612; x_wconf 85' lang='lat' dir='ltr'><strong>quodque</strong></span> <span class='ocrx_word' id='word_1_17' title='bbox 2060 543 2223 596; x_wconf 87' lang='lat' dir='ltr'><strong>etiam</strong></span> <span class='ocrx_word' id='word_1_18' title='bbox 2256 551 2300 606; x_wconf 76' lang='grc' dir='ltr'>Α</span> <span class='ocrx_word' id='word_1_19' title='bbox 2332 542 2542 596; x_wconf 89' lang='lat' dir='ltr'><strong>sionem</strong></span> <span class='ocrx_word' id='word_1_20' title='bbox 2579 540 2780 607; x_wconf 84' lang='lat' dir='ltr'><strong>hymno</strong></span> <span class='ocrx_word' id='word_1_21' title='bbox 2828 536 3122 603; x_wconf 80' lang='lat' dir='ltr'><strong>prolixiore</strong></span> <span class='ocrx_word' id='word_1_22' title='bbox 3169 544 3489 605; x_wconf 80' lang='lat' dir='ltr'><strong>prosecutus</strong></span> <span class='ocrx_word' id='word_1_23' title='bbox 3525 545 3610 592; x_wconf 86' lang='lat' dir='ltr'><strong>est</strong></span> <span class='ocrx_word' id='word_1_24' title='bbox 3639 536 3885 596; x_wconf 75' lang='lat' dir='ltr'><strong>Pruden-</strong></span> 
     </span>
    </p>
   </div>
   <div class='ocr_carea' id='block_1_5' title="bbox 668 632 2228 704">
    <p class='ocr_par' dir='ltr' id='par_1_5' title="bbox 668 632 2228 704">
     <span class='ocr_line' id='line_1_5' title="bbox 668 632 2228 704; baseline 0.001 -19"><span class='ocrx_word' id='word_1_25' title='bbox 668 632 924 687; x_wconf 75' lang='lat' dir='ltr'><strong>Romanze</strong></span> <span class='ocrx_word' id='word_1_26' title='bbox 976 633 1231 688; x_wconf 76' lang='lat' dir='ltr'><strong>Ecclesia:</strong></span> <span class='ocrx_word' id='word_1_27' title='bbox 1287 634 1534 703; x_wconf 80' lang='lat' dir='ltr'><strong>exemplo</strong></span> <span class='ocrx_word' id='word_1_28' title='bbox 1588 633 1775 688; x_wconf 89' lang='lat' dir='ltr'><strong>fulcire</strong></span> <span class='ocrx_word' id='word_1_29' title='bbox 1828 632 2055 696; x_wconf 90' lang='lat' dir='ltr'><strong>nititur,</strong></span> <span class='ocrx_word' id='word_1_30' title='bbox 2107 650 2228 704; x_wconf 71' lang='lat' dir='ltr'><strong>qua:</strong></span> 
     </span>
    </p>
   </div>
   <div class='ocr_carea' id='block_1_6' title="bbox 663 723 2223 791">
    <p class='ocr_par' dir='ltr' id='par_1_6' title="bbox 663 723 2223 791">
     <span class='ocr_line' id='line_1_6' title="bbox 663 723 2223 791; baseline -0.001 -13"><span class='ocrx_word' id='word_1_31' title='bbox 663 724 913 778; x_wconf 88' lang='lat' dir='ltr'><strong>eumdem</strong></span> <span class='ocrx_word' id='word_1_32' title='bbox 949 725 1106 791; x_wconf 87' lang='lat' dir='ltr'><strong>plane</strong></span> <span class='ocrx_word' id='word_1_33' title='bbox 1145 739 1348 778; x_wconf 88' lang='lat' dir='ltr'><strong>morem</strong></span> <span class='ocrx_word' id='word_1_34' title='bbox 1380 740 1443 777; x_wconf 88' lang='lat' dir='ltr'><strong>ac</strong></span> <span class='ocrx_word' id='word_1_35' title='bbox 1471 723 1916 779; x_wconf 78' lang='lat' dir='ltr'><strong>consuetudinem</strong></span> <span class='ocrx_word' id='word_1_36' title='bbox 1956 725 2223 790; x_wconf 78' lang='lat' dir='ltr'><strong>servavit,</strong></span> 
     </span>
    </p>
   </div>
   <div class='ocr_carea' id='block_1_7' title="bbox 664 814 2235 887">
    <p class='ocr_par' dir='ltr' id='par_1_7' title="bbox 664 814 2235 887">
     <span class='ocr_line' id='line_1_7' title="bbox 664 814 2235 887; baseline 0 -20"><span class='ocrx_word' id='word_1_37' title='bbox 664 823 725 867; x_wconf 89' lang='lat' dir='ltr'><strong>ut</strong></span> <span class='ocrx_word' id='word_1_38' title='bbox 757 814 989 881; x_wconf 80' lang='lat' dir='ltr'><strong>singulis</strong></span> <span class='ocrx_word' id='word_1_39' title='bbox 1034 814 1203 869; x_wconf 85' lang='lat' dir='ltr'><strong>titulis</strong></span> <span class='ocrx_word' id='word_1_40' title='bbox 1233 815 1433 882; x_wconf 79' lang='lat' dir='ltr'><strong>singuli</strong></span> <span class='ocrx_word' id='word_1_41' title='bbox 1463 814 1867 882; x_wconf 72' lang='lat' dir='ltr'><strong>prtelicercntur</strong></span> <span class='ocrx_word' id='word_1_42' title='bbox 1897 815 2235 887; x_wconf 70' lang='lat' dir='ltr'><strong>presbyteri.</strong></span> 
     </span>
    </p>
   </div>
   <div class='ocr_carea' id='block_1_8' title="bbox 665 902 2225 975">
    <p class='ocr_par' dir='ltr' id='par_1_8' title="bbox 665 902 2225 975">
     <span class='ocr_line' id='line_1_8' title="bbox 665 902 2225 975; baseline 0.003 -20"><span class='ocrx_word' id='word_1_43' title='bbox 665 902 760 958; x_wconf 82' lang='lat' dir='ltr'><strong>His</strong></span> <span class='ocrx_word' id='word_1_44' title='bbox 791 904 1037 973; x_wconf 84' lang='lat' dir='ltr'><strong>profecto</strong></span> <span class='ocrx_word' id='word_1_45' title='bbox 1067 906 1400 974; x_wconf 81' lang='lat' dir='ltr'><strong>argumentis</strong></span> <span class='ocrx_word' id='word_1_46' title='bbox 1434 907 1516 958; x_wconf 88' lang='lat' dir='ltr'><strong>vir</strong></span> <span class='ocrx_word' id='word_1_47' title='bbox 1542 905 1889 959; x_wconf 84' lang='lat' dir='ltr'><strong>doctissimus</strong></span> <span class='ocrx_word' id='word_1_48' title='bbox 1913 907 2225 975; x_wconf 89' lang='lat' dir='ltr'><strong>hujusmodi</strong></span> 
     </span>
    </p>
   </div>
   <div class='ocr_carea' id='block_1_9' title="bbox 662 995 2222 1065">
    <p class='ocr_par' dir='ltr' id='par_1_9' title="bbox 662 995 2222 1065">
     <span class='ocr_line' id='line_1_9' title="bbox 662 995 2222 1065; baseline 0.001 -18"><span class='ocrx_word' id='word_1_49' title='bbox 662 995 1031 1062; x_wconf 84' lang='lat' dir='ltr'><strong>conjecturam</strong></span> <span class='ocrx_word' id='word_1_50' title='bbox 1064 997 1131 1049; x_wconf 87' lang='lat' dir='ltr'><strong>ab</strong></span> <span class='ocrx_word' id='word_1_51' title='bbox 1165 997 1281 1064; x_wconf 91' lang='lat' dir='ltr'><strong>ipso</strong></span> <span class='ocrx_word' id='word_1_52' title='bbox 1312 996 1546 1064; x_wconf 90' lang='lat' dir='ltr'><strong>primum</strong></span> <span class='ocrx_word' id='word_1_53' title='bbox 1578 996 1937 1065; x_wconf 77' lang='lat' dir='ltr'><strong>excogitatam</strong></span> <span class='ocrx_word' id='word_1_54' title='bbox 1972 998 2222 1061; x_wconf 75' lang='lat' dir='ltr'><strong>munivit,</strong></span> 
     </span>
    </p>
   </div>
   <div class='ocr_carea' id='block_1_10' title="bbox 658 1087 2222 1158">
    <p class='ocr_par' dir='ltr' id='par_1_10' title="bbox 658 1087 2222 1158">
     <span class='ocr_line' id='line_1_10' title="bbox 658 1087 2222 1158; baseline 0.001 -21"><span class='ocrx_word' id='word_1_55' title='bbox 658 1101 887 1154; x_wconf 70' lang='lat' dir='ltr'><strong>quaeque</strong></span> <span class='ocrx_word' id='word_1_56' title='bbox 921 1088 1081 1140; x_wconf 90' lang='lat' dir='ltr'><strong>etiam</strong></span> <span class='ocrx_word' id='word_1_57' title='bbox 1116 1104 1288 1156; x_wconf 84' lang='lat' dir='ltr'><strong>nuper</strong></span> <span class='ocrx_word' id='word_1_58' title='bbox 1316 1088 1561 1158; x_wconf 84' lang='lat' dir='ltr'><strong>egregios</strong></span> <span class='ocrx_word' id='word_1_59' title='bbox 1606 1097 1764 1142; x_wconf 89' lang='lat' dir='ltr'><strong>nacta</strong></span> <span class='ocrx_word' id='word_1_60' title='bbox 1813 1096 1897 1141; x_wconf 91' lang='lat' dir='ltr'><strong>est</strong></span> <span class='ocrx_word' id='word_1_61' title='bbox 1944 1087 2222 1149; x_wconf 78' lang='lat' dir='ltr'><strong>vindices,</strong></span> 
     </span>
    </p>
   </div>
   <div class='ocr_carea' id='block_1_11' title="bbox 658 1174 2224 1245">
    <p class='ocr_par' dir='ltr' id='par_1_11' title="bbox 658 1174 2224 1245">
     <span class='ocr_line' id='line_1_11' title="bbox 658 1174 2224 1245; baseline 0.001 -18"><span class='ocrx_word' id='word_1_62' title='bbox 658 1176 852 1244; x_wconf 82' lang='lat' dir='ltr'><strong>nempe</strong></span> <span class='ocrx_word' id='word_1_63' title='bbox 878 1174 1137 1229; x_wconf 78' lang='lat' dir='ltr'><strong>Joannem</strong></span> <span class='ocrx_word' id='word_1_64' title='bbox 1161 1177 1458 1245; x_wconf 86' lang='lat' dir='ltr'><strong>Baptistam</strong></span> <span class='ocrx_word' id='word_1_65' title='bbox 1488 1176 1757 1229; x_wconf 86' lang='lat' dir='ltr'><strong>Solerium</strong></span> <span class='ocrx_word' id='word_1_66' title='bbox 1781 1176 2109 1229; x_wconf 74' lang='lat' dir='ltr'><strong>etloannem</strong></span> <span class='ocrx_word' id='word_1_67' title='bbox 2136 1174 2224 1228; x_wconf 88' lang='lat' dir='ltr'><strong>Pi-</strong></span> 
     </span>
    </p>
   </div>
   <div class='ocr_carea' id='block_1_12' title="bbox 658 1260 2221 1337">
    <p class='ocr_par' dir='ltr' id='par_1_12' title="bbox 658 1260 2221 1337">
     <span class='ocr_line' id='line_1_12' title="bbox 658 1260 2221 1337; baseline 0.003 -22"><span class='ocrx_word' id='word_1_68' title='bbox 658 1262 831 1328; x_wconf 85' lang='lat' dir='ltr'><strong>nium,</strong></span> <span class='ocrx_word' id='word_1_69' title='bbox 873 1280 1103 1333; x_wconf 90' lang='lat' dir='ltr'><strong>quorum</strong></span> <span class='ocrx_word' id='word_1_70' title='bbox 1142 1268 1277 1319; x_wconf 81' lang='lat' dir='ltr'><strong>alter</strong></span> <span class='ocrx_word' id='word_1_71' title='bbox 1318 1266 1665 1337; x_wconf 74' lang='lat' dir='ltr'><strong>Hippolytum</strong></span> <span class='ocrx_word' id='word_1_72' title='bbox 1710 1282 1738 1319; x_wconf 90' lang='lat' dir='ltr'><strong>a</strong></span> <span class='ocrx_word' id='word_1_73' title='bbox 1786 1260 2077 1321; x_wconf 89' lang='lat' dir='ltr'><strong>Prudentio</strong></span> <span class='ocrx_word' id='word_1_74' title='bbox 2106 1282 2221 1319; x_wconf 90' lang='lat' dir='ltr'><strong>me-</strong></span> 
     </span>
    </p>
   </div>
   <div class='ocr_carea' id='block_1_13' title="bbox 656 1358 2209 1427">
    <p class='ocr_par' dir='ltr' id='par_1_13' title="bbox 656 1358 2209 1427">
     <span class='ocr_line' id='line_1_13' title="bbox 656 1358 2209 1427; baseline 0.003 -21"><span class='ocrx_word' id='word_1_75' title='bbox 656 1364 925 1407; x_wconf 86' lang='lat' dir='ltr'><strong>moratum</strong></span> <span class='ocrx_word' id='word_1_76' title='bbox 967 1358 1217 1411; x_wconf 87' lang='lat' dir='ltr'><strong>eumdem</strong></span> <span class='ocrx_word' id='word_1_77' title='bbox 1256 1374 1377 1413; x_wconf 87' lang='lat' dir='ltr'><strong>esse</strong></span> <span class='ocrx_word' id='word_1_78' title='bbox 1410 1369 1614 1423; x_wconf 85' lang='lat' dir='ltr'><strong>censet,</strong></span> <span class='ocrx_word' id='word_1_79' title='bbox 1650 1374 1809 1427; x_wconf 88' lang='lat' dir='ltr'><strong>quem</strong></span> <span class='ocrx_word' id='word_1_80' title='bbox 1848 1369 2055 1412; x_wconf 88' lang='lat' dir='ltr'><strong>veteres</strong></span> <span class='ocrx_word' id='word_1_81' title='bbox 2078 1358 2209 1411; x_wconf 77' lang='lat' dir='ltr'><strong>Mar-</strong></span> 
     </span>
    </p>
   </div>
   <div class='ocr_carea' id='block_1_14' title="bbox 653 1444 2219 1519">
    <p class='ocr_par' dir='ltr' id='par_1_14' title="bbox 653 1444 2219 1519">
     <span class='ocr_line' id='line_1_14' title="bbox 653 1444 2219 1519; baseline 0.004 -22"><span class='ocrx_word' id='word_1_82' title='bbox 653 1444 880 1513; x_wconf 84' lang='lat' dir='ltr'><strong>tyrologi</strong></span> <span class='ocrx_word' id='word_1_83' title='bbox 911 1446 1215 1502; x_wconf 61' lang='lat' dir='ltr'><strong>Antiochiae</strong></span> <span class='ocrx_word' id='word_1_84' title='bbox 1248 1465 1471 1519; x_wconf 90' lang='lat' dir='ltr'><strong>passum</strong></span> <span class='ocrx_word' id='word_1_85' title='bbox 1508 1450 1748 1511; x_wconf 86' lang='lat' dir='ltr'><strong>tradunt,</strong></span> <span class='ocrx_word' id='word_1_86' title='bbox 1788 1459 1842 1503; x_wconf 90' lang='lat' dir='ltr'><strong>et</strong></span> <span class='ocrx_word' id='word_1_87' title='bbox 1879 1466 2039 1518; x_wconf 91' lang='lat' dir='ltr'><strong>quem</strong></span> <span class='ocrx_word' id='word_1_88' title='bbox 2075 1450 2219 1503; x_wconf 87' lang='lat' dir='ltr'><strong>anti-</strong></span> 
     </span>
    </p>
   </div>
   <div class='ocr_carea' id='block_1_15' title="bbox 652 1535 2223 1611">
    <p class='ocr_par' dir='ltr' id='par_1_15' title="bbox 652 1535 2223 1611">
     <span class='ocr_line' id='line_1_15' title="bbox 652 1535 2223 1611; baseline 0.004 -24"><span class='ocrx_word' id='word_1_89' title='bbox 652 1535 745 1602; x_wconf 90' lang='lat' dir='ltr'><strong>qui</strong></span> <span class='ocrx_word' id='word_1_90' title='bbox 759 1536 1069 1603; x_wconf 85' lang='lat' dir='ltr'><strong>pontificum</strong></span> <span class='ocrx_word' id='word_1_91' title='bbox 1087 1537 1453 1594; x_wconf 77' lang='lat' dir='ltr'><strong>Romanorum</strong></span> <span class='ocrx_word' id='word_1_92' title='bbox 1474 1542 1723 1611; x_wconf 87' lang='lat' dir='ltr'><strong>catalogi,</strong></span> <span class='ocrx_word' id='word_1_93' title='bbox 1741 1540 2109 1595; x_wconf 86' lang='lat' dir='ltr'><strong>Bucherianus</strong></span> <span class='ocrx_word' id='word_1_94' title='bbox 2121 1542 2223 1595; x_wconf 79' lang='lat' dir='ltr'><strong>sci-</strong></span> 
     </span>
    </p>
   </div>
   <div class='ocr_carea' id='block_1_16' title="bbox 643 1625 2222 1702">
    <p class='ocr_par' dir='ltr' id='par_1_16' title="bbox 643 1625 2222 1702">
     <span class='ocr_line' id='line_1_16' title="bbox 643 1625 2222 1702; baseline 0.001 -20"><span class='ocrx_word' id='word_1_95' title='bbox 643 1625 777 1682; x_wconf 80' lang='lat' dir='ltr'><strong>licet</strong></span> <span class='ocrx_word' id='word_1_96' title='bbox 801 1635 855 1680; x_wconf 89' lang='lat' dir='ltr'><strong>et</strong></span> <span class='ocrx_word' id='word_1_97' title='bbox 882 1625 1330 1686; x_wconf 87' lang='lat' dir='ltr'><strong>Hensc&#39;henianus</strong></span> <span class='ocrx_word' id='word_1_98' title='bbox 1351 1633 1599 1702; x_wconf 46' lang='lat' dir='ltr'><strong>(laneum</strong></span> <span class='ocrx_word' id='word_1_99' title='bbox 1622 1632 1678 1686; x_wconf 90' lang='lat' dir='ltr'><strong>S.</strong></span> <span class='ocrx_word' id='word_1_100' title='bbox 1706 1632 1972 1685; x_wconf 88' lang='lat' dir='ltr'><strong>Pontiano</strong></span> <span class='ocrx_word' id='word_1_101' title='bbox 2004 1648 2222 1685; x_wconf 84' lang='lat' dir='ltr'><strong>summo</strong></span> 
     </span>
    </p>
   </div>
   <div class='ocr_carea' id='block_1_17' title="bbox 649 1718 2220 1791">
    <p class='ocr_par' dir='ltr' id='par_1_17' title="bbox 649 1718 2220 1791">
     <span class='ocr_line' id='line_1_17' title="bbox 649 1718 2220 1791; baseline 0.008 -23"><span class='ocrx_word' id='word_1_102' title='bbox 649 1718 901 1785; x_wconf 78' lang='lat' dir='ltr'><strong>pontifice</strong></span> <span class='ocrx_word' id='word_1_103' title='bbox 955 1721 1009 1773; x_wconf 90' lang='lat' dir='ltr'><strong>in</strong></span> <span class='ocrx_word' id='word_1_104' title='bbox 1068 1720 1379 1776; x_wconf 87' lang='lat' dir='ltr'><strong>Sardiniam</strong></span> <span class='ocrx_word' id='word_1_105' title='bbox 1438 1726 1731 1791; x_wconf 78' lang='lat' dir='ltr'><strong>relegatum</strong></span> <span class='ocrx_word' id='word_1_106' title='bbox 1784 1724 2017 1787; x_wconf 86' lang='lat' dir='ltr'><strong>docent;</strong></span> <span class='ocrx_word' id='word_1_107' title='bbox 2072 1723 2220 1791; x_wconf 83' lang='lat' dir='ltr'><strong>quod</strong></span> 
     </span>
    </p>
   </div>
   <div class='ocr_carea' id='block_1_18' title="bbox 647 1809 2221 1883">
    <p class='ocr_par' dir='ltr' id='par_1_18' title="bbox 647 1809 2221 1883">
     <span class='ocr_line' id='line_1_18' title="bbox 647 1809 2221 1883; baseline 0.013 -24"><span class='ocrx_word' id='word_1_108' title='bbox 647 1809 809 1861; x_wconf 91' lang='lat' dir='ltr'><strong>etiam</strong></span> <span class='ocrx_word' id='word_1_109' title='bbox 841 1820 966 1863; x_wconf 85' lang='lat' dir='ltr'><strong>ante</strong></span> <span class='ocrx_word' id='word_1_110' title='bbox 1000 1812 1176 1879; x_wconf 87' lang='lat' dir='ltr'><strong>ipsum</strong></span> <span class='ocrx_word' id='word_1_111' title='bbox 1206 1815 1509 1868; x_wconf 85' lang='lat' dir='ltr'><strong>autumavit</strong></span> <span class='ocrx_word' id='word_1_112' title='bbox 1542 1815 1852 1868; x_wconf 85' lang='lat' dir='ltr'><strong>Dodwellns</strong></span> <span class='ocrx_word' id='word_1_113' title='bbox 1896 1813 2040 1883; x_wconf 65' lang='grc' dir='ltr'><strong>(4ης</strong></span> <span class='ocrx_word' id='word_1_114' title='bbox 2090 1813 2221 1883; x_wconf 67' lang='grc' dir='ltr'><strong>Πίν-</strong></span> 
     </span>
    </p>
   </div>
   <div class='ocr_carea' id='block_1_19' title="bbox 649 1898 2219 1975">
    <p class='ocr_par' dir='ltr' id='par_1_19' title="bbox 649 1898 2219 1975">
     <span class='ocr_line' id='line_1_19' title="bbox 649 1898 2219 1975; baseline 0.007 -27"><span class='ocrx_word' id='word_1_115' title='bbox 649 1898 899 1968; x_wconf 86' lang='lat' dir='ltr'><strong>polytum</strong></span> <span class='ocrx_word' id='word_1_116' title='bbox 935 1916 1063 1955; x_wconf 86' lang='lat' dir='ltr'><strong>vero</strong></span> <span class='ocrx_word' id='word_1_117' title='bbox 1108 1905 1423 1973; x_wconf 83' lang='lat' dir='ltr'><strong>episc0pum</strong></span> <span class='ocrx_word' id='word_1_118' title='bbox 1455 1906 1757 1960; x_wconf 67' lang='lat' dir='ltr'><strong>Antiochiae</strong></span> <span class='ocrx_word' id='word_1_119' title='bbox 1786 1921 2003 1975; x_wconf 90' lang='lat' dir='ltr'><strong>passum</strong></span> <span class='ocrx_word' id='word_1_120' title='bbox 2048 1906 2219 1959; x_wconf 87' lang='lat' dir='ltr'><strong>credit</strong></span> 
     </span>
    </p>
   </div>
   <div class='ocr_carea' id='block_1_20' title="bbox 642 1986 2218 2065">
    <p class='ocr_par' dir='ltr' id='par_1_20' title="bbox 642 1986 2218 2065">
     <span class='ocr_line' id='line_1_20' title="bbox 642 1986 2218 2065; baseline 0.007 -25"><span class='ocrx_word' id='word_1_121' title='bbox 642 1986 800 2058; x_wconf 82' lang='lat' dir='ltr'><strong>juxta</strong></span> <span class='ocrx_word' id='word_1_122' title='bbox 831 1990 1156 2047; x_wconf 89' lang='lat' dir='ltr'><strong>Tillemontii</strong></span> <span class='ocrx_word' id='word_1_123' title='bbox 1185 1996 1550 2063; x_wconf 83' lang='lat' dir='ltr'><strong>conjecturas,</strong></span> <span class='ocrx_word' id='word_1_124' title='bbox 1579 1998 1736 2065; x_wconf 89' lang='lat' dir='ltr'><strong>cujus</strong></span> <span class='ocrx_word' id='word_1_125' title='bbox 1767 2005 2089 2065; x_wconf 87' lang='lat' dir='ltr'><strong>argumenta</strong></span> <span class='ocrx_word' id='word_1_126' title='bbox 2116 1996 2218 2051; x_wconf 85' lang='lat' dir='ltr'><strong>So-</strong></span> 
     </span>
    </p>
   </div>
   <div class='ocr_carea' id='block_1_21' title="bbox 647 2076 2215 2159">
    <p class='ocr_par' dir='ltr' id='par_1_21' title="bbox 647 2076 2215 2159">
     <span class='ocr_line' id='line_1_21' title="bbox 647 2076 2215 2159; baseline 0.006 -27"><span class='ocrx_word' id='word_1_127' title='bbox 647 2076 818 2134; x_wconf 81' lang='lat' dir='ltr'><strong>lerius</strong></span> <span class='ocrx_word' id='word_1_128' title='bbox 854 2083 968 2152; x_wconf 91' lang='lat' dir='ltr'><strong>ipse</strong></span> <span class='ocrx_word' id='word_1_129' title='bbox 1000 2086 1308 2154; x_wconf 82' lang='lat' dir='ltr'><strong>exscripsit,</strong></span> <span class='ocrx_word' id='word_1_130' title='bbox 1354 2087 1519 2142; x_wconf 86' lang='lat' dir='ltr'><strong>tacito</strong></span> <span class='ocrx_word' id='word_1_131' title='bbox 1552 2089 1669 2157; x_wconf 87' lang='lat' dir='ltr'><strong>ejus</strong></span> <span class='ocrx_word' id='word_1_132' title='bbox 1708 2090 1928 2143; x_wconf 89' lang='lat' dir='ltr'><strong>nomine</strong></span> <span class='ocrx_word' id='word_1_133' title='bbox 1958 2088 2092 2159; x_wconf 71' lang='grc'><strong>(48).</strong></span> <span class='ocrx_word' id='word_1_134' title='bbox 2122 2090 2215 2142; x_wconf 83' lang='lat' dir='ltr'><strong>Al-</strong></span> 
     </span>
    </p>
   </div>
   <div class='ocr_carea' id='block_1_22' title="bbox 645 2175 2217 2248">
    <p class='ocr_par' dir='ltr' id='par_1_22' title="bbox 645 2175 2217 2248">
     <span class='ocr_line' id='line_1_22' title="bbox 645 2175 2217 2248; baseline 0.006 -24"><span class='ocrx_word' id='word_1_135' title='bbox 645 2179 733 2225; x_wconf 85' lang='lat' dir='ltr'><strong>ter</strong></span> <span class='ocrx_word' id='word_1_136' title='bbox 777 2187 929 2237; x_wconf 87' lang='lat' dir='ltr'><strong>vero,</strong></span> <span class='ocrx_word' id='word_1_137' title='bbox 981 2191 1171 2243; x_wconf 86' lang='lat' dir='ltr'><strong>nempe</strong></span> <span class='ocrx_word' id='word_1_138' title='bbox 1218 2175 1407 2232; x_wconf 88' lang='lat' dir='ltr'><strong>Pinius</strong></span> <span class='ocrx_word' id='word_1_139' title='bbox 1440 2178 1573 2248; x_wconf 72' lang='grc'><strong>(49),</strong></span> <span class='ocrx_word' id='word_1_140' title='bbox 1623 2178 1891 2233; x_wconf 77' lang='lat' dir='ltr'><strong>Ruinartii</strong></span> <span class='ocrx_word' id='word_1_141' title='bbox 1935 2180 2217 2234; x_wconf 69' lang='lat' dir='ltr'><strong>sententiae</strong></span> 
     </span>
    </p>
   </div>
   <div class='ocr_carea' id='block_1_23' title="bbox 646 2261 2218 2341">
    <p class='ocr_par' dir='ltr' id='par_1_23' title="bbox 646 2261 2218 2341">
     <span class='ocr_line' id='line_1_23' title="bbox 646 2261 2218 2341; baseline 0.004 -28"><span class='ocrx_word' id='word_1_142' title='bbox 646 2261 947 2315; x_wconf 83' lang='lat' dir='ltr'><strong>maximum</strong></span> <span class='ocrx_word' id='word_1_143' title='bbox 982 2278 1040 2317; x_wconf 89' lang='lat' dir='ltr'><strong>se</strong></span> <span class='ocrx_word' id='word_1_144' title='bbox 1082 2266 1353 2321; x_wconf 86' lang='lat' dir='ltr'><strong>addidisse</strong></span> <span class='ocrx_word' id='word_1_145' title='bbox 1388 2277 1717 2322; x_wconf 90' lang='lat' dir='ltr'><strong>momentum</strong></span> <span class='ocrx_word' id='word_1_146' title='bbox 1764 2268 2081 2341; x_wconf 88' lang='lat' dir='ltr'><strong>arbitratur,</strong></span> <span class='ocrx_word' id='word_1_147' title='bbox 2122 2284 2218 2336; x_wconf 86' lang='lat' dir='ltr'><strong>pe-</strong></span> 
     </span>
    </p>
   </div>
   <div class='ocr_carea' id='block_1_24' title="bbox 550 2352 2215 2428">
    <p class='ocr_par' dir='ltr' id='par_1_24' title="bbox 550 2352 2215 2428">
     <span class='ocr_line' id='line_1_24' title="bbox 550 2352 2215 2428; baseline 0.007 -27"><span class='ocrx_word' id='word_1_148' title='bbox 550 2390 553 2393; x_wconf 77' lang='lat'><strong>.</strong></span> <span class='ocrx_word' id='word_1_149' title='bbox 644 2352 836 2405; x_wconf 88' lang='lat' dir='ltr'><strong>culiari</strong></span> <span class='ocrx_word' id='word_1_150' title='bbox 866 2355 1099 2421; x_wconf 84' lang='lat' dir='ltr'><strong>quadam</strong></span> <span class='ocrx_word' id='word_1_151' title='bbox 1146 2356 1458 2425; x_wconf 86' lang='lat' dir='ltr'><strong>conjectura</strong></span> <span class='ocrx_word' id='word_1_152' title='bbox 1507 2359 1560 2411; x_wconf 91' lang='lat' dir='ltr'><strong>in</strong></span> <span class='ocrx_word' id='word_1_153' title='bbox 1607 2359 1844 2411; x_wconf 90' lang='lat' dir='ltr'><strong>medium</strong></span> <span class='ocrx_word' id='word_1_154' title='bbox 1877 2360 2074 2419; x_wconf 84' lang='lat' dir='ltr'><strong>allata,</strong></span> <span class='ocrx_word' id='word_1_155' title='bbox 2108 2374 2215 2428; x_wconf 83' lang='lat' dir='ltr'><strong>qua</strong></span> 
     </span>
    </p>
   </div>
   <div class='ocr_carea' id='block_1_25' title="bbox 645 2441 2217 2518">
    <p class='ocr_par' dir='ltr' id='par_1_25' title="bbox 645 2441 2217 2518">
     <span class='ocr_line' id='line_1_25' title="bbox 645 2441 2217 2518; baseline 0.004 -22"><span class='ocrx_word' id='word_1_156' title='bbox 645 2441 923 2497; x_wconf 89' lang='lat' dir='ltr'><strong>Prudentii</strong></span> <span class='ocrx_word' id='word_1_157' title='bbox 949 2443 1289 2515; x_wconf 86' lang='lat' dir='ltr'><strong>Hippolytum</strong></span> <span class='ocrx_word' id='word_1_158' title='bbox 1313 2463 1417 2499; x_wconf 90' lang='lat' dir='ltr'><strong>non</strong></span> <span class='ocrx_word' id='word_1_159' title='bbox 1446 2449 1499 2505; x_wconf 85' lang='lat' dir='ltr'><strong>in</strong></span> <span class='ocrx_word' id='word_1_160' title='bbox 1531 2463 1662 2518; x_wconf 91' lang='lat' dir='ltr'><strong>agro</strong></span> <span class='ocrx_word' id='word_1_161' title='bbox 1691 2447 1928 2513; x_wconf 79' lang='lat' dir='ltr'><strong>Verano,</strong></span> <span class='ocrx_word' id='word_1_162' title='bbox 1954 2458 2014 2502; x_wconf 91' lang='lat' dir='ltr'><strong>ut</strong></span> <span class='ocrx_word' id='word_1_163' title='bbox 2036 2450 2217 2503; x_wconf 89' lang='lat' dir='ltr'><strong>hacte-</strong></span> 
     </span>
    </p>
   </div>
   <div class='ocr_carea' id='block_1_26' title="bbox 644 2535 2212 2609">
    <p class='ocr_par' dir='ltr' id='par_1_26' title="bbox 644 2535 2212 2609">
     <span class='ocr_line' id='line_1_26' title="bbox 644 2535 2212 2609; baseline 0.004 -22"><span class='ocrx_word' id='word_1_164' title='bbox 644 2549 750 2588; x_wconf 90' lang='lat' dir='ltr'><strong>nus</strong></span> <span class='ocrx_word' id='word_1_165' title='bbox 799 2535 942 2588; x_wconf 90' lang='lat' dir='ltr'><strong>doeti</strong></span> <span class='ocrx_word' id='word_1_166' title='bbox 988 2537 1089 2589; x_wconf 90' lang='lat' dir='ltr'><strong>viri</strong></span> <span class='ocrx_word' id='word_1_167' title='bbox 1138 2539 1502 2601; x_wconf 90' lang='lat' dir='ltr'><strong>crediderunt,</strong></span> <span class='ocrx_word' id='word_1_168' title='bbox 1548 2541 1821 2608; x_wconf 89' lang='lat' dir='ltr'><strong>sepultum</strong></span> <span class='ocrx_word' id='word_1_169' title='bbox 1866 2541 2212 2609; x_wconf 88' lang='lat' dir='ltr'><strong>suspicatur,</strong></span> 
     </span>
    </p>
   </div>
   <div class='ocr_carea' id='block_1_27' title="bbox 644 2624 2212 2700">
    <p class='ocr_par' dir='ltr' id='par_1_27' title="bbox 644 2624 2212 2700">
     <span class='ocr_line' id='line_1_27' title="bbox 644 2624 2212 2700; baseline 0.005 -23"><span class='ocrx_word' id='word_1_170' title='bbox 644 2625 738 2677; x_wconf 84' lang='lat' dir='ltr'><strong>sed</strong></span> <span class='ocrx_word' id='word_1_171' title='bbox 792 2624 845 2678; x_wconf 91' lang='lat' dir='ltr'><strong>in</strong></span> <span class='ocrx_word' id='word_1_172' title='bbox 892 2627 975 2679; x_wconf 86' lang='lat' dir='ltr'><strong>via</strong></span> <span class='ocrx_word' id='word_1_173' title='bbox 1018 2625 1286 2693; x_wconf 85' lang='lat' dir='ltr'><strong>Ostiensi;</strong></span> <span class='ocrx_word' id='word_1_174' title='bbox 1328 2632 1585 2700; x_wconf 84' lang='lat' dir='ltr'><strong>quodque</strong></span> <span class='ocrx_word' id='word_1_175' title='bbox 1618 2647 1684 2685; x_wconf 81' lang='lat' dir='ltr'><strong>ex</strong></span> <span class='ocrx_word' id='word_1_176' title='bbox 1735 2626 2061 2686; x_wconf 82' lang='lat' dir='ltr'><strong>Kalendario</strong></span> <span class='ocrx_word' id='word_1_177' title='bbox 2103 2633 2212 2685; x_wconf 86' lang='lat' dir='ltr'><strong>Bu-</strong></span> 
     </span>
    </p>
   </div>
   <div class='ocr_carea' id='block_1_28' title="bbox 643 2714 2220 2786">
    <p class='ocr_par' dir='ltr' id='par_1_28' title="bbox 643 2714 2220 2786">
     <span class='ocr_line' id='line_1_28' title="bbox 643 2714 2220 2786; baseline 0.009 -22"><span class='ocrx_word' id='word_1_178' title='bbox 643 2714 925 2778; x_wconf 87' lang='lat' dir='ltr'><strong>cheriano,</strong></span> <span class='ocrx_word' id='word_1_179' title='bbox 956 2727 1009 2771; x_wconf 89' lang='lat' dir='ltr'><strong>et</strong></span> <span class='ocrx_word' id='word_1_180' title='bbox 1055 2734 1121 2771; x_wconf 79' lang='lat' dir='ltr'><strong>ex</strong></span> <span class='ocrx_word' id='word_1_181' title='bbox 1162 2720 1515 2786; x_wconf 78' lang='lat' dir='ltr'><strong>sequentibus</strong></span> <span class='ocrx_word' id='word_1_182' title='bbox 1553 2719 1831 2775; x_wconf 86' lang='lat' dir='ltr'><strong>Prudentii</strong></span> <span class='ocrx_word' id='word_1_183' title='bbox 1876 2724 2220 2778; x_wconf 79' lang='lat' dir='ltr'><strong>carminibus</strong></span> 
     </span>
    </p>
   </div>
   <div class='ocr_carea' id='block_1_29' title="bbox 641 2803 1321 2874">
    <p class='ocr_par' dir='ltr' id='par_1_29' title="bbox 641 2803 1321 2874">
     <span class='ocr_line' id='line_1_29' title="bbox 641 2803 1321 2874; baseline 0.009 -17"><span class='ocrx_word' id='word_1_184' title='bbox 641 2803 835 2859; x_wconf 91' lang='lat' dir='ltr'><strong>deduci</strong></span> <span class='ocrx_word' id='word_1_185' title='bbox 862 2821 1021 2874; x_wconf 86' lang='lat' dir='ltr'><strong>posse</strong></span> <span class='ocrx_word' id='word_1_186' title='bbox 1054 2808 1281 2863; x_wconf 81' lang='lat' dir='ltr'><strong>atlirmat</strong></span> <span class='ocrx_word' id='word_1_187' title='bbox 1310 2828 1321 2862; x_wconf 88' lang='lat'>:</span> 
     </span>
    </p>
   </div>
   <div class='ocr_carea' id='block_1_30' title="bbox 715 2913 2007 2993">
    <p class='ocr_par' dir='ltr' id='par_1_30' title="bbox 715 2913 2007 2993">
     <span class='ocr_line' id='line_1_30' title="bbox 715 2913 2007 2993; baseline 0.006 -23"><span class='ocrx_word' id='word_1_188' title='bbox 715 2913 929 2993; x_wconf 68' lang='lat' dir='ltr'><strong>Talibus</strong></span> <span class='ocrx_word' id='word_1_189' title='bbox 967 2917 1238 2993; x_wconf 76' lang='lat' dir='ltr'><strong>Hippolyti</strong></span> <span class='ocrx_word' id='word_1_190' title='bbox 1268 2936 1453 2988; x_wconf 83' lang='lat' dir='ltr'><strong>corpus</strong></span> <span class='ocrx_word' id='word_1_191' title='bbox 1480 2923 1768 2977; x_wconf 73' lang='lat' dir='ltr'><strong>mandatur</strong></span> <span class='ocrx_word' id='word_1_192' title='bbox 1795 2927 2007 2993; x_wconf 77' lang='lat' dir='ltr'><strong>opertis,</strong></span> 
     </span>
    </p>
   </div>
   <div class='ocr_carea' id='block_1_31' title="bbox 786 2985 1964 3057">
    <p class='ocr_par' dir='ltr' id='par_1_31' title="bbox 786 2985 1964 3057">
     <span class='ocr_line' id='line_1_31' title="bbox 786 2985 1964 3057; baseline 0.008 -18"><span class='ocrx_word' id='word_1_193' title='bbox 786 2985 1004 3057; x_wconf 83' lang='lat' dir='ltr'><strong>Propter</strong></span> <span class='ocrx_word' id='word_1_194' title='bbox 1026 2985 1113 3041; x_wconf 82' lang='lat' dir='ltr'><strong>ubi</strong></span> <span class='ocrx_word' id='word_1_195' title='bbox 1138 2985 1376 3057; x_wconf 73' lang='lat' dir='ltr'><strong>apposita</strong></span> <span class='ocrx_word' id='word_1_196' title='bbox 1406 3005 1479 3044; x_wconf 78' lang='lat' dir='ltr'><strong>est</strong></span> <span class='ocrx_word' id='word_1_197' title='bbox 1508 3010 1604 3044; x_wconf 87' lang='lat' dir='ltr'><strong>ara</strong></span> <span class='ocrx_word' id='word_1_198' title='bbox 1629 2994 1805 3047; x_wconf 85' lang='lat' dir='ltr'><strong>dicata</strong></span> <span class='ocrx_word' id='word_1_199' title='bbox 1826 2985 1964 3049; x_wconf 48' lang='lat' dir='ltr'><strong>&#39;Deo.</strong></span> 
     </span>
    </p>
   </div>
   <div class='ocr_carea' id='block_1_32' title="bbox 716 3054 1983 3133">
    <p class='ocr_par' dir='ltr' id='par_1_32' title="bbox 716 3054 1983 3133">
     <span class='ocr_line' id='line_1_32' title="bbox 716 3054 1983 3133; baseline 0.006 -24"><span class='ocrx_word' id='word_1_200' title='bbox 716 3054 826 3133; x_wconf 68' lang='lat' dir='ltr'><strong>Illa</strong></span> <span class='ocrx_word' id='word_1_201' title='bbox 852 3054 1177 3133; x_wconf 62' lang='lat' dir='ltr'><strong>sacramenti</strong></span> <span class='ocrx_word' id='word_1_202' title='bbox 1202 3054 1450 3133; x_wconf 74' lang='lat' dir='ltr'><strong>donatrix</strong></span> <span class='ocrx_word' id='word_1_203' title='bbox 1473 3078 1678 3133; x_wconf 81' lang='lat' dir='ltr'><strong>mensa,</strong></span> <span class='ocrx_word' id='word_1_204' title='bbox 1706 3066 1983 3133; x_wconf 80' lang='lat' dir='ltr'><strong>eademque</strong></span> 
     </span>
    </p>
   </div>
   <div class='ocr_carea' id='block_1_33' title="bbox 787 3126 1775 3197">
    <p class='ocr_par' dir='ltr' id='par_1_33' title="bbox 787 3126 1775 3197">
     <span class='ocr_line' id='line_1_33' title="bbox 787 3126 1775 3197; baseline 0.006 -19"><span class='ocrx_word' id='word_1_205' title='bbox 787 3126 976 3178; x_wconf 84' lang='lat' dir='ltr'><strong>Custos</strong></span> <span class='ocrx_word' id='word_1_206' title='bbox 1006 3128 1112 3193; x_wconf 83' lang='lat' dir='ltr'><strong>ﬁda</strong></span> <span class='ocrx_word' id='word_1_207' title='bbox 1144 3129 1227 3179; x_wconf 83' lang='lat' dir='ltr'><strong>sui</strong></span> <span class='ocrx_word' id='word_1_208' title='bbox 1260 3131 1509 3195; x_wconf 79' lang='lat' dir='ltr'><strong>martyris</strong></span> <span class='ocrx_word' id='word_1_209' title='bbox 1534 3134 1775 3197; x_wconf 85' lang='lat' dir='ltr'><strong>apposita</strong></span> 
     </span>
    </p>
   </div>
   <div class='ocr_carea' id='block_1_34' title="bbox 711 3192 2027 3272">
    <p class='ocr_par' dir='ltr' id='par_1_34' title="bbox 711 3192 2027 3272">
     <span class='ocr_line' id='line_1_34' title="bbox 711 3192 2027 3272; baseline 0.007 -24"><span class='ocrx_word' id='word_1_210' title='bbox 711 3192 896 3272; x_wconf 57' lang='lat'><strong>8613701</strong></span> <span class='ocrx_word' id='word_1_211' title='bbox 926 3192 1205 3272; x_wconf 21' lang='lat' dir='ltr'><strong>adLmterni</strong></span> <span class='ocrx_word' id='word_1_212' title='bbox 1228 3213 1370 3272; x_wconf 79' lang='lat' dir='ltr'><strong>spem</strong></span> <span class='ocrx_word' id='word_1_213' title='bbox 1392 3192 1739 3272; x_wconf 24' lang='lat' dir='ltr'><strong>indicisiossa</strong></span> <span class='ocrx_word' id='word_1_214' title='bbox 1772 3204 2027 3272; x_wconf 76' lang='lat' dir='ltr'><strong>sepulcro,</strong></span> 
     </span>
    </p>
   </div>
   <div class='ocr_carea' id='block_1_35' title="bbox 787 3262 1948 3338">
    <p class='ocr_par' dir='ltr' id='par_1_35' title="bbox 787 3262 1948 3338">
     <span class='ocr_line' id='line_1_35' title="bbox 787 3262 1948 3338; baseline 0.01 -25"><span class='ocrx_word' id='word_1_215' title='bbox 787 3262 971 3338; x_wconf 69' lang='lat' dir='ltr'><strong>Pascit</strong></span> <span class='ocrx_word' id='word_1_216' title='bbox 987 3266 1136 3338; x_wconf 73' lang='lat' dir='ltr'><strong>idem</strong></span> <span class='ocrx_word' id='word_1_217' title='bbox 1163 3262 1359 3318; x_wconf 77' lang='lat' dir='ltr'><strong>sanctis</strong></span> <span class='ocrx_word' id='word_1_218' title='bbox 1392 3262 1684 3329; x_wconf 73' lang='lat' dir='ltr'><strong>Tibricolas</strong></span> <span class='ocrx_word' id='word_1_219' title='bbox 1707 3262 1948 3338; x_wconf 80' lang='lat' dir='ltr'><strong>dapibus.</strong></span> 
     </span>
    </p>
   </div>
   <div class='ocr_carea' id='block_1_36' title="bbox 714 3330 1349 3402">
    <p class='ocr_par' dir='ltr' id='par_1_36' title="bbox 714 3330 1349 3402">
     <span class='ocr_line' id='line_1_36' title="bbox 714 3330 1349 3402; baseline 0.006 -17"><span class='ocrx_word' id='word_1_220' title='bbox 714 3330 856 3385; x_wconf 78' lang='lat' dir='ltr'><strong>Mira</strong></span> <span class='ocrx_word' id='word_1_221' title='bbox 895 3332 996 3385; x_wconf 84' lang='lat' dir='ltr'><strong>loci</strong></span> <span class='ocrx_word' id='word_1_222' title='bbox 1024 3336 1215 3402; x_wconf 85' lang='lat' dir='ltr'><strong>pietas,</strong></span> <span class='ocrx_word' id='word_1_223' title='bbox 1244 3345 1349 3389; x_wconf 86' lang='lat' dir='ltr'><strong>etc.</strong></span> 
     </span>
    </p>
   </div>
   <div class='ocr_carea' id='block_1_37' title="bbox 640 3443 2203 3525">
    <p class='ocr_par' dir='ltr' id='par_1_37' title="bbox 640 3443 2203 3525">
     <span class='ocr_line' id='line_1_37' title="bbox 640 3443 2203 3525; baseline 0.01 -27"><span class='ocrx_word' id='word_1_224' title='bbox 640 3443 843 3501; x_wconf 77' lang='lat' dir='ltr'><strong>Verum</strong></span> <span class='ocrx_word' id='word_1_225' title='bbox 884 3447 1096 3514; x_wconf 91' lang='lat' dir='ltr'><strong>jurene,</strong></span> <span class='ocrx_word' id='word_1_226' title='bbox 1127 3465 1192 3501; x_wconf 91' lang='lat' dir='ltr'><strong>an</strong></span> <span class='ocrx_word' id='word_1_227' title='bbox 1223 3449 1417 3517; x_wconf 89' lang='lat' dir='ltr'><strong>injuria</strong></span> <span class='ocrx_word' id='word_1_228' title='bbox 1455 3450 1569 3504; x_wconf 72' lang='lat' dir='ltr'><strong>htec</strong></span> <span class='ocrx_word' id='word_1_229' title='bbox 1596 3450 1662 3504; x_wconf 85' lang='lat' dir='ltr'><strong>de</strong></span> <span class='ocrx_word' id='word_1_230' title='bbox 1703 3450 1989 3525; x_wconf 88' lang='lat' dir='ltr'><strong>Hippolyto</strong></span> <span class='ocrx_word' id='word_1_231' title='bbox 2017 3470 2203 3515; x_wconf 79' lang='lat' dir='ltr'><strong>nostra</strong></span> 
     </span>
    </p>
   </div>
   <div class='ocr_carea' id='block_1_38' title="bbox 637 3538 2202 3617">
    <p class='ocr_par' dir='ltr' id='par_1_38' title="bbox 637 3538 2202 3617">
     <span class='ocr_line' id='line_1_38' title="bbox 637 3538 2202 3617; baseline 0.008 -25"><span class='ocrx_word' id='word_1_232' title='bbox 637 3538 951 3592; x_wconf 85' lang='lat' dir='ltr'><strong>censuerint</strong></span> <span class='ocrx_word' id='word_1_233' title='bbox 980 3539 1081 3591; x_wconf 87' lang='lat' dir='ltr'><strong>viri</strong></span> <span class='ocrx_word' id='word_1_234' title='bbox 1105 3540 1427 3605; x_wconf 84' lang='lat' dir='ltr'><strong>doctissimi,</strong></span> <span class='ocrx_word' id='word_1_235' title='bbox 1457 3540 1632 3595; x_wconf 81' lang='lat' dir='ltr'><strong>fusius</strong></span> <span class='ocrx_word' id='word_1_236' title='bbox 1661 3559 1761 3595; x_wconf 85' lang='lat' dir='ltr'><strong>suo</strong></span> <span class='ocrx_word' id='word_1_237' title='bbox 1792 3545 1912 3598; x_wconf 90' lang='lat' dir='ltr'><strong>loco</strong></span> <span class='ocrx_word' id='word_1_238' title='bbox 1937 3548 2202 3617; x_wconf 84' lang='lat' dir='ltr'><strong>discepta-</strong></span> 
     </span>
    </p>
   </div>
   <div class='ocr_carea' id='block_1_39' title="bbox 640 3628 842 3683">
    <p class='ocr_par' dir='ltr' id='par_1_39' title="bbox 640 3628 842 3683">
     <span class='ocr_line' id='line_1_39' title="bbox 640 3628 842 3683; baseline -0.015 0"><span class='ocrx_word' id='word_1_239' title='bbox 640 3628 842 3683; x_wconf 88' lang='lat' dir='ltr'><strong>bimus.</strong></span> 
     </span>
    </p>
   </div>
   <div class='ocr_carea' id='block_1_40' title="bbox 638 3734 2202 3817">
    <p class='ocr_par' dir='ltr' id='par_1_40' title="bbox 638 3734 2202 3817">
     <span class='ocr_line' id='line_1_40' title="bbox 638 3734 2202 3817; baseline 0.012 -32"><span class='ocrx_word' id='word_1_240' title='bbox 638 3734 791 3817; x_wconf 58' lang='lat' dir='ltr'><strong>si“.</strong></span> <span class='ocrx_word' id='word_1_241' title='bbox 834 3736 1033 3790; x_wconf 84' lang='lat' dir='ltr'><strong>Fronto</strong></span> <span class='ocrx_word' id='word_1_242' title='bbox 1049 3738 1308 3817; x_wconf 44' lang='lat' dir='ltr'><strong>“Dacicus.</strong></span> <span class='ocrx_word' id='word_1_243' title='bbox 1348 3742 1688 3817; x_wconf 78' lang='lat' dir='ltr'><strong>Hippolytum</strong></span> <span class='ocrx_word' id='word_1_244' title='bbox 1724 3749 2025 3817; x_wconf 80' lang='lat' dir='ltr'><strong>episcopum</strong></span> <span class='ocrx_word' id='word_1_245' title='bbox 2069 3750 2202 3803; x_wconf 83' lang='lat' dir='ltr'><strong>Por-</strong></span> 
     </span>
    </p>
   </div>
   <div class='ocr_carea' id='block_1_41' title="bbox 707 3806 2202 3888">
    <p class='ocr_par' dir='ltr' id='par_1_41' title="bbox 707 3806 2202 3888">
     <span class='ocr_line' id='line_1_41' title="bbox 707 3806 2202 3888; baseline 0.014 -34"><span class='ocrx_word' id='word_1_246' title='bbox 707 3814 936 3883; x_wconf 72' lang='lat' dir='ltr'><strong>tuensem</strong></span> <span class='ocrx_word' id='word_1_247' title='bbox 950 3824 1004 3888; x_wconf 71' lang='lat' dir='ltr'><strong>_a</strong></span> <span class='ocrx_word' id='word_1_248' title='bbox 1040 3806 1326 3888; x_wconf 71' lang='lat' dir='ltr'><strong>Prudentia</strong></span> <span class='ocrx_word' id='word_1_249' title='bbox 1352 3806 1644 3888; x_wconf 65' lang='lat' dir='ltr'><strong>laudatum,</strong></span> <span class='ocrx_word' id='word_1_250' title='bbox 1676 3806 2043 3888; x_wconf 54' lang='lat' dir='ltr'><strong>eumque&#39;ante</strong></span> <span class='ocrx_word' id='word_1_251' title='bbox 2067 3838 2202 3874; x_wconf 89' lang='lat' dir='ltr'><strong>mar-</strong></span> 
     </span>
    </p>
   </div>
   <div class='ocr_carea' id='block_1_42' title="bbox 710 3875 1741 3947">
    <p class='ocr_par' dir='ltr' id='par_1_42' title="bbox 710 3875 1741 3947">
     <span class='ocr_line' id='line_1_42' title="bbox 710 3875 1741 3947; baseline 0.016 -22"><span class='ocrx_word' id='word_1_252' title='bbox 710 3875 905 3942; x_wconf 82' lang='lat' dir='ltr'><strong>tyrium</strong></span> <span class='ocrx_word' id='word_1_253' title='bbox 939 3875 1252 3928; x_wconf 82' lang='lat' dir='ltr'><strong>Novatiauis</strong></span> <span class='ocrx_word' id='word_1_254' title='bbox 1286 3882 1474 3947; x_wconf 68' lang='lat' dir='ltr'><strong>favisse</strong></span> <span class='ocrx_word' id='word_1_255' title='bbox 1500 3875 1741 3941; x_wconf 75' lang='lat' dir='ltr'><strong>credidit.</strong></span> 
     </span>
    </p>
   </div>
   <div class='ocr_carea' id='block_1_43' title="bbox 706 3986 2197 4068">
    <p class='ocr_par' dir='ltr' id='par_1_43' title="bbox 706 3986 2197 4068">
     <span class='ocr_line' id='line_1_43' title="bbox 706 3986 2197 4068; baseline 0.014 -28"><span class='ocrx_word' id='word_1_256' title='bbox 706 3986 995 4043; x_wconf 86' lang='lat' dir='ltr'><strong>Frontonis</strong></span> <span class='ocrx_word' id='word_1_257' title='bbox 1046 3989 1222 4045; x_wconf 68' lang='lat' dir='ltr'><strong>Duczei</strong></span> <span class='ocrx_word' id='word_1_258' title='bbox 1276 3996 1618 4061; x_wconf 87' lang='lat' dir='ltr'><strong>sententiam,</strong></span> <span class='ocrx_word' id='word_1_259' title='bbox 1651 4017 1814 4068; x_wconf 85' lang='lat' dir='ltr'><strong>quam</strong></span> <span class='ocrx_word' id='word_1_260' title='bbox 1863 4006 2023 4059; x_wconf 84' lang='lat' dir='ltr'><strong>tertio</strong></span> <span class='ocrx_word' id='word_1_261' title='bbox 2076 4007 2197 4061; x_wconf 92' lang='lat' dir='ltr'><strong>loco</strong></span> 
     </span>
    </p>
   </div>
   <div class='ocr_carea' id='block_1_44' title="bbox 635 4078 2200 4162">
    <p class='ocr_par' dir='ltr' id='par_1_44' title="bbox 635 4078 2200 4162">
     <span class='ocr_line' id='line_1_44' title="bbox 635 4078 2200 4162; baseline 0.012 -29"><span class='ocrx_word' id='word_1_262' title='bbox 635 4078 887 4146; x_wconf 78' lang='lat' dir='ltr'><strong>Superius</strong></span> <span class='ocrx_word' id='word_1_263' title='bbox 938 4082 1334 4146; x_wconf 89' lang='lat' dir='ltr'><strong>recensuimus,</strong></span> <span class='ocrx_word' id='word_1_264' title='bbox 1390 4093 1467 4137; x_wconf 91' lang='lat' dir='ltr'><strong>tot</strong></span> <span class='ocrx_word' id='word_1_265' title='bbox 1520 4090 1795 4157; x_wconf 89' lang='lat' dir='ltr'><strong>tantisque</strong></span> <span class='ocrx_word' id='word_1_266' title='bbox 1844 4097 2200 4162; x_wconf 86' lang='lat' dir='ltr'><strong>scriptoribus</strong></span> 
     </span>
    </p>
   </div>
   <div class='ocr_carea' id='block_1_45' title="bbox 633 4169 2200 4255">
    <p class='ocr_par' dir='ltr' id='par_1_45' title="bbox 633 4169 2200 4255">
     <span class='ocr_line' id='line_1_45' title="bbox 633 4169 2200 4255; baseline 0.013 -33"><span class='ocrx_word' id='word_1_267' title='bbox 633 4172 729 4240; x_wconf 87' lang='lat' dir='ltr'><strong>qui</strong></span> <span class='ocrx_word' id='word_1_268' title='bbox 763 4172 829 4224; x_wconf 87' lang='lat' dir='ltr'><strong>de</strong></span> <span class='ocrx_word' id='word_1_269' title='bbox 876 4169 1144 4244; x_wconf 81' lang='lat' dir='ltr'><strong>Hippolyti</strong></span> <span class='ocrx_word' id='word_1_270' title='bbox 1189 4176 1359 4229; x_wconf 88' lang='lat' dir='ltr'><strong>nostri</strong></span> <span class='ocrx_word' id='word_1_271' title='bbox 1395 4177 1522 4231; x_wconf 88' lang='lat' dir='ltr'><strong>sede</strong></span> <span class='ocrx_word' id='word_1_272' title='bbox 1562 4180 1777 4233; x_wconf 84' lang='lat' dir='ltr'><strong>curiose</strong></span> <span class='ocrx_word' id='word_1_273' title='bbox 1823 4197 1884 4233; x_wconf 83' lang='lat' dir='ltr'><strong>ac.</strong></span> <span class='ocrx_word' id='word_1_274' title='bbox 1916 4186 2200 4255; x_wconf 70' lang='lat' dir='ltr'><strong>diligenter</strong></span> 
     </span>
    </p>
   </div>
   <div class='ocr_carea' id='block_1_46' title="bbox 635 4261 2199 4341">
    <p class='ocr_par' dir='ltr' id='par_1_46' title="bbox 635 4261 2199 4341">
     <span class='ocr_line' id='line_1_46' title="bbox 635 4261 2199 4341; baseline 0.013 -27"><span class='ocrx_word' id='word_1_275' title='bbox 635 4261 915 4331; x_wconf 89' lang='lat' dir='ltr'><strong>hucusque</strong></span> <span class='ocrx_word' id='word_1_276' title='bbox 946 4265 1311 4333; x_wconf 88' lang='lat' dir='ltr'><strong>disputarunt,</strong></span> <span class='ocrx_word' id='word_1_277' title='bbox 1345 4269 1557 4337; x_wconf 88' lang='lat' dir='ltr'><strong>penitus</strong></span> <span class='ocrx_word' id='word_1_278' title='bbox 1592 4272 1984 4341; x_wconf 88' lang='lat' dir='ltr'><strong>incompertam</strong></span> <span class='ocrx_word' id='word_1_279' title='bbox 2031 4280 2199 4335; x_wconf 86' lang='lat' dir='ltr'><strong>fuisse</strong></span> 
     </span>
    </p>
   </div>
   <div class='ocr_carea' id='block_1_47' title="bbox 633 4350 2197 4433">
    <p class='ocr_par' dir='ltr' id='par_1_47' title="bbox 633 4350 2197 4433">
     <span class='ocr_line' id='line_1_47' title="bbox 633 4350 2197 4433; baseline 0.01 -32"><span class='ocrx_word' id='word_1_280' title='bbox 633 4350 1102 4416; x_wconf 78' lang='lat' dir='ltr'><strong>deprehendimus.</strong></span> <span class='ocrx_word' id='word_1_281' title='bbox 1153 4354 1286 4409; x_wconf 87' lang='lat' dir='ltr'><strong>Eam</strong></span> <span class='ocrx_word' id='word_1_282' title='bbox 1340 4358 1588 4411; x_wconf 90' lang='lat' dir='ltr'><strong>brevibus</strong></span> <span class='ocrx_word' id='word_1_283' title='bbox 1618 4426 1621 4429; x_wconf 94' lang='lat'><em>_</em></span> <span class='ocrx_word' id='word_1_284' title='bbox 1654 4359 1760 4413; x_wconf 91' lang='lat' dir='ltr'><strong>illis</strong></span> <span class='ocrx_word' id='word_1_285' title='bbox 1845 4363 2015 4429; x_wconf 87' lang='lat' dir='ltr'><strong>notis,</strong></span> <span class='ocrx_word' id='word_1_286' title='bbox 2075 4367 2197 4433; x_wconf 91' lang='lat' dir='ltr'><strong>qui-</strong></span> 
     </span>
    </p>
   </div>
   <div class='ocr_carea' id='block_1_48' title="bbox 632 4439 2196 4511">
    <p class='ocr_par' dir='ltr' id='par_1_48' title="bbox 632 4439 2196 4511">
     <span class='ocr_line' id='line_1_48' title="bbox 632 4439 2196 4511; baseline 0.009 -16"><span class='ocrx_word' id='word_1_287' title='bbox 632 4439 737 4495; x_wconf 88' lang='lat' dir='ltr'><strong>bus</strong></span> <span class='ocrx_word' id='word_1_288' title='bbox 821 4440 1106 4511; x_wconf 81' lang='lat' dir='ltr'><strong>Nicepliori</strong></span> <span class='ocrx_word' id='word_1_289' title='bbox 1191 4446 1616 4503; x_wconf 76' lang='lat' dir='ltr'><strong>Ecdesiasticam</strong></span> <span class='ocrx_word' id='word_1_290' title='bbox 1694 4450 1981 4507; x_wconf 85' lang='lat' dir='ltr'><strong>illustravit</strong></span> <span class='ocrx_word' id='word_1_291' title='bbox 2035 4455 2196 4508; x_wconf 79' lang='lat' dir='ltr'><strong>histo-</strong></span> 
     </span>
    </p>
   </div>
   <div class='ocr_carea' id='block_1_49' title="bbox 2330 619 3884 697">
    <p class='ocr_par' dir='ltr' id='par_1_49' title="bbox 2330 619 3884 697">
     <span class='ocr_line' id='line_1_49' title="bbox 2330 619 3884 697; baseline 0.001 -11"><span class='ocrx_word' id='word_1_292' title='bbox 2330 619 2461 686; x_wconf 87' lang='lat' dir='ltr'><strong>tius.</strong></span> <span class='ocrx_word' id='word_1_293' title='bbox 2498 649 2517 682; x_wconf 79' lang='grc' dir='ltr'><strong><em>ι</em></strong></span> <span class='ocrx_word' id='word_1_294' title='bbox 2558 629 2781 683; x_wconf 90' lang='lat' dir='ltr'><strong>Demum</strong></span> <span class='ocrx_word' id='word_1_295' title='bbox 2811 644 2932 681; x_wconf 88' lang='lat' dir='ltr'><strong>cum</strong></span> <span class='ocrx_word' id='word_1_296' title='bbox 2978 628 3071 681; x_wconf 90' lang='lat' dir='ltr'><strong>lib.</strong></span> <span class='ocrx_word' id='word_1_297' title='bbox 3102 642 3176 690; x_wconf 75' lang='lat' dir='ltr'><strong>v1,</strong></span> <span class='ocrx_word' id='word_1_298' title='bbox 3203 643 3321 697; x_wconf 80' lang='lat' dir='ltr'><strong>cap.</strong></span> <span class='ocrx_word' id='word_1_299' title='bbox 3350 628 3383 683; x_wconf 85' lang='lat'><strong>5</strong></span> <span class='ocrx_word' id='word_1_300' title='bbox 3410 628 3522 695; x_wconf 73' lang='lat' dir='ltr'><strong>(5i)</strong></span> <span class='ocrx_word' id='word_1_301' title='bbox 3560 644 3660 683; x_wconf 81' lang='lat' dir='ltr'><strong>nos</strong></span> <span class='ocrx_word' id='word_1_302' title='bbox 3688 630 3884 688; x_wconf 80' lang='lat' dir='ltr'><strong>doceat</strong></span> 
     </span>
    </p>
   </div>
   <div class='ocr_carea' id='block_1_50' title="bbox 2326 715 3879 791">
    <p class='ocr_par' dir='ltr' id='par_1_50' title="bbox 2326 715 3879 791">
     <span class='ocr_line' id='line_1_50' title="bbox 2326 715 3879 791; baseline 0.001 -14"><span class='ocrx_word' id='word_1_303' title='bbox 2326 722 2688 791; x_wconf 74' lang='lat' dir='ltr'><strong>Nicephorus,</strong></span> <span class='ocrx_word' id='word_1_304' title='bbox 2732 715 3005 775; x_wconf 74' lang='lat' dir='ltr'><strong>decretum</strong></span> <span class='ocrx_word' id='word_1_305' title='bbox 3044 720 3212 775; x_wconf 86' lang='lat' dir='ltr'><strong>fuisse</strong></span> <span class='ocrx_word' id='word_1_306' title='bbox 3249 720 3303 773; x_wconf 89' lang='lat' dir='ltr'><strong>in</strong></span> <span class='ocrx_word' id='word_1_307' title='bbox 3354 721 3584 775; x_wconf 89' lang='lat' dir='ltr'><strong>concilio</strong></span> <span class='ocrx_word' id='word_1_308' title='bbox 3616 722 3772 791; x_wconf 87' lang='lat' dir='ltr'><strong>jussu</strong></span> <span class='ocrx_word' id='word_1_309' title='bbox 3814 722 3879 779; x_wconf 88' lang='lat' dir='ltr'><strong>S.</strong></span> 
     </span>
    </p>
   </div>
   <div class='ocr_carea' id='block_1_51' title="bbox 2327 811 3882 885">
    <p class='ocr_par' dir='ltr' id='par_1_51' title="bbox 2327 811 3882 885">
     <span class='ocr_line' id='line_1_51' title="bbox 2327 811 3882 885; baseline 0.001 -17"><span class='ocrx_word' id='word_1_310' title='bbox 2327 814 2565 869; x_wconf 87' lang='lat' dir='ltr'><strong>Cornelii</strong></span> <span class='ocrx_word' id='word_1_311' title='bbox 2620 812 2894 882; x_wconf 77' lang='lat' dir='ltr'><strong>pontificis</strong></span> <span class='ocrx_word' id='word_1_312' title='bbox 2943 811 3187 877; x_wconf 77' lang='lat' dir='ltr'><strong>maximi,</strong></span> <span class='ocrx_word' id='word_1_313' title='bbox 3238 812 3424 867; x_wconf 73' lang='lat' dir='ltr'><strong>Roma:</strong></span> <span class='ocrx_word' id='word_1_314' title='bbox 3468 822 3689 878; x_wconf 88' lang='lat' dir='ltr'><strong>coacto,</strong></span> <span class='ocrx_word' id='word_1_315' title='bbox 3731 817 3882 885; x_wconf 88' lang='lat' dir='ltr'><strong>quod</strong></span> 
     </span>
    </p>
   </div>
   <div class='ocr_carea' id='block_1_52' title="bbox 2326 904 3881 975">
    <p class='ocr_par' dir='ltr' id='par_1_52' title="bbox 2326 904 3881 975">
     <span class='ocr_line' id='line_1_52' title="bbox 2326 904 3881 975; baseline 0.001 -17"><span class='ocrx_word' id='word_1_316' title='bbox 2326 904 2660 959; x_wconf 83' lang='lat' dir='ltr'><strong>Novatianus</strong></span> <span class='ocrx_word' id='word_1_317' title='bbox 2692 918 2815 957; x_wconf 92' lang='lat' dir='ltr'><strong>cum</strong></span> <span class='ocrx_word' id='word_1_318' title='bbox 2849 905 3116 975; x_wconf 89' lang='lat' dir='ltr'><strong>episcopis</strong></span> <span class='ocrx_word' id='word_1_319' title='bbox 3145 904 3252 958; x_wconf 91' lang='lat' dir='ltr'><strong>illis</strong></span> <span class='ocrx_word' id='word_1_320' title='bbox 3280 905 3615 974; x_wconf 71' lang='lat' dir='ltr'><strong>ueterisque,</strong></span> <span class='ocrx_word' id='word_1_321' title='bbox 3657 906 3751 975; x_wconf 91' lang='lat' dir='ltr'><strong>qui</strong></span> <span class='ocrx_word' id='word_1_322' title='bbox 3780 921 3881 960; x_wconf 84' lang='lat' dir='ltr'><strong>ve-</strong></span> 
     </span>
    </p>
   </div>
   <div class='ocr_carea' id='block_1_53' title="bbox 2328 996 3881 1065">
    <p class='ocr_par' dir='ltr' id='par_1_53' title="bbox 2328 996 3881 1065">
     <span class='ocr_line' id='line_1_53' title="bbox 2328 996 3881 1065; baseline 0 -14"><span class='ocrx_word' id='word_1_323' title='bbox 2328 1013 2474 1052; x_wconf 74' lang='lat' dir='ltr'><strong>sana:</strong></span> <span class='ocrx_word' id='word_1_324' title='bbox 2522 997 2669 1051; x_wconf 90' lang='lat' dir='ltr'><strong>illius</strong></span> <span class='ocrx_word' id='word_1_325' title='bbox 2725 996 3009 1051; x_wconf 68' lang='lat' dir='ltr'><strong>dementiae</strong></span> <span class='ocrx_word' id='word_1_326' title='bbox 3057 996 3519 1065; x_wconf 86' lang='lat' dir='ltr'><strong>subscripserant,</strong></span> <span class='ocrx_word' id='word_1_327' title='bbox 3564 1011 3595 1051; x_wconf 85' lang='lat' dir='ltr'><strong>e</strong></span> <span class='ocrx_word' id='word_1_328' title='bbox 3638 996 3881 1051; x_wconf 79' lang='lat' dir='ltr'><strong>ﬁdelium</strong></span> 
     </span>
    </p>
   </div>
   <div class='ocr_carea' id='block_1_54' title="bbox 2326 1087 3887 1156">
    <p class='ocr_par' dir='ltr' id='par_1_54' title="bbox 2326 1087 3887 1156">
     <span class='ocr_line' id='line_1_54' title="bbox 2326 1087 3887 1156; baseline -0.002 -14"><span class='ocrx_word' id='word_1_329' title='bbox 2326 1096 2467 1142; x_wconf 74' lang='lat' dir='ltr'><strong>etetu</strong></span> <span class='ocrx_word' id='word_1_330' title='bbox 2486 1087 2851 1151; x_wconf 86' lang='lat' dir='ltr'><strong>ecclesiastico</strong></span> <span class='ocrx_word' id='word_1_331' title='bbox 2880 1089 3165 1143; x_wconf 88' lang='lat' dir='ltr'><strong>interdicto</strong></span> <span class='ocrx_word' id='word_1_332' title='bbox 3190 1087 3723 1156; x_wconf 85' lang='lat' dir='ltr'><strong>proscriberentur...</strong></span> <span class='ocrx_word' id='word_1_333' title='bbox 3751 1105 3770 1136; x_wconf 73' lang='grc' dir='ltr'>ι</span> <span class='ocrx_word' id='word_1_334' title='bbox 3796 1087 3887 1139; x_wconf 83' lang='lat' dir='ltr'><strong>la-</strong></span> 
     </span>
    </p>
   </div>
   <div class='ocr_carea' id='block_1_55' title="bbox 2325 1174 3881 1248">
    <p class='ocr_par' dir='ltr' id='par_1_55' title="bbox 2325 1174 3881 1248">
     <span class='ocr_line' id='line_1_55' title="bbox 2325 1174 3881 1248; baseline -0.003 -17"><span class='ocrx_word' id='word_1_335' title='bbox 2325 1178 2406 1246; x_wconf 89' lang='lat' dir='ltr'><strong>psi</strong></span> <span class='ocrx_word' id='word_1_336' title='bbox 2437 1193 2565 1231; x_wconf 91' lang='lat' dir='ltr'><strong>vero</strong></span> <span class='ocrx_word' id='word_1_337' title='bbox 2595 1177 2788 1233; x_wconf 83' lang='lat' dir='ltr'><strong>fratres</strong></span> <span class='ocrx_word' id='word_1_338' title='bbox 2816 1190 2868 1233; x_wconf 91' lang='lat' dir='ltr'><strong>et</strong></span> <span class='ocrx_word' id='word_1_339' title='bbox 2899 1180 3276 1248; x_wconf 86' lang='lat' dir='ltr'><strong>resipiscentes</strong></span> <span class='ocrx_word' id='word_1_340' title='bbox 3306 1177 3535 1246; x_wconf 86' lang='lat' dir='ltr'><strong>benigne</strong></span> <span class='ocrx_word' id='word_1_341' title='bbox 3559 1174 3881 1230; x_wconf 80' lang='lat' dir='ltr'><strong>admittendi</strong></span> 
     </span>
    </p>
   </div>
   <div class='ocr_carea' id='block_1_56' title="bbox 2326 1264 3939 1337">
    <p class='ocr_par' dir='ltr' id='par_1_56' title="bbox 2326 1264 3939 1337">
     <span class='ocr_line' id='line_1_56' title="bbox 2326 1264 3939 1337; baseline -0.002 -16"><span class='ocrx_word' id='word_1_342' title='bbox 2326 1269 2742 1337; x_wconf 89' lang='lat' dir='ltr'><strong>humaniterque</strong></span> <span class='ocrx_word' id='word_1_343' title='bbox 2793 1270 3087 1333; x_wconf 84' lang='lat' dir='ltr'><strong>tractandi;</strong></span> <span class='ocrx_word' id='word_1_344' title='bbox 3131 1287 3148 1318; x_wconf 73' lang='grc' dir='ltr'><strong><em>ι</em></strong></span> <span class='ocrx_word' id='word_1_345' title='bbox 3201 1269 3399 1321; x_wconf 81' lang='lat' dir='ltr'><strong>Fronto</strong></span> <span class='ocrx_word' id='word_1_346' title='bbox 3432 1267 3544 1321; x_wconf 65' lang='lat' dir='ltr'><strong>hac</strong></span> <span class='ocrx_word' id='word_1_347' title='bbox 3590 1264 3882 1334; x_wconf 82' lang='lat' dir='ltr'><strong>Nicephori</strong></span> <span class='ocrx_word' id='word_1_348' title='bbox 3934 1270 3939 1275; x_wconf 83' lang='lat'><em>&#39;</em></span> 
     </span>
    </p>
   </div>
   <div class='ocr_carea' id='block_1_57' title="bbox 2325 1354 3961 1437">
    <p class='ocr_par' dir='ltr' id='par_1_57' title="bbox 2325 1354 3961 1437">
     <span class='ocr_line' id='line_1_57' title="bbox 2325 1354 3961 1437; baseline -0.002 -26"><span class='ocrx_word' id='word_1_349' title='bbox 2325 1360 2483 1413; x_wconf 82' lang='lat' dir='ltr'><strong>verba</strong></span> <span class='ocrx_word' id='word_1_350' title='bbox 2514 1361 2578 1414; x_wconf 90' lang='lat' dir='ltr'><strong>ad</strong></span> <span class='ocrx_word' id='word_1_351' title='bbox 2607 1360 2949 1432; x_wconf 79' lang='lat' dir='ltr'><strong>Hippolytum</strong></span> <span class='ocrx_word' id='word_1_352' title='bbox 2988 1361 3301 1428; x_wconf 88' lang='lat' dir='ltr'><strong>episcopum</strong></span> <span class='ocrx_word' id='word_1_353' title='bbox 3336 1357 3538 1423; x_wconf 85' lang='lat' dir='ltr'><strong>retulit,</strong></span> <span class='ocrx_word' id='word_1_354' title='bbox 3571 1371 3731 1426; x_wconf 88' lang='lat' dir='ltr'><strong>quem</strong></span> <span class='ocrx_word' id='word_1_355' title='bbox 3766 1354 3877 1409; x_wconf 77' lang='lat' dir='ltr'><strong>No-</strong></span> <span class='ocrx_word' id='word_1_356' title='bbox 3960 1434 3961 1437; x_wconf 10' lang='grc' dir='ltr'><strong>η</strong></span> 
     </span>
    </p>
   </div>
   <div class='ocr_carea' id='block_1_58' title="bbox 2322 1444 3883 1521">
    <p class='ocr_par' dir='ltr' id='par_1_58' title="bbox 2322 1444 3883 1521">
     <span class='ocr_line' id='line_1_58' title="bbox 2322 1444 3883 1521; baseline -0.001 -20"><span class='ocrx_word' id='word_1_357' title='bbox 2322 1450 2537 1504; x_wconf 87' lang='lat' dir='ltr'><strong>vatiana</strong></span> <span class='ocrx_word' id='word_1_358' title='bbox 2582 1452 2703 1506; x_wconf 86' lang='lat' dir='ltr'><strong>labe</strong></span> <span class='ocrx_word' id='word_1_359' title='bbox 2752 1452 3132 1521; x_wconf 87' lang='lat' dir='ltr'><strong>inquinatum,</strong></span> <span class='ocrx_word' id='word_1_360' title='bbox 3187 1449 3531 1519; x_wconf 84' lang='lat' dir='ltr'><strong>postmodum</strong></span> <span class='ocrx_word' id='word_1_361' title='bbox 3584 1444 3883 1515; x_wconf 86' lang='lat' dir='ltr'><strong>resipuisse</strong></span> 
     </span>
    </p>
   </div>
   <div class='ocr_carea' id='block_1_59' title="bbox 2322 1534 3880 1609">
    <p class='ocr_par' dir='ltr' id='par_1_59' title="bbox 2322 1534 3880 1609">
     <span class='ocr_line' id='line_1_59' title="bbox 2322 1534 3880 1609; baseline -0.004 -16"><span class='ocrx_word' id='word_1_362' title='bbox 2322 1541 2570 1604; x_wconf 86' lang='lat' dir='ltr'><strong>credidit,</strong></span> <span class='ocrx_word' id='word_1_363' title='bbox 2627 1540 2920 1595; x_wconf 82' lang='lat' dir='ltr'><strong>Prudentia</strong></span> <span class='ocrx_word' id='word_1_364' title='bbox 2965 1548 3099 1595; x_wconf 86' lang='lat' dir='ltr'><strong>teste</strong></span> <span class='ocrx_word' id='word_1_365' title='bbox 3147 1559 3159 1593; x_wconf 90' lang='lat'>:</span> <span class='ocrx_word' id='word_1_366' title='bbox 3218 1558 3235 1591; x_wconf 77' lang='grc' dir='ltr'>ι</span> <span class='ocrx_word' id='word_1_367' title='bbox 3268 1538 3607 1609; x_wconf 86' lang='lat' dir='ltr'><strong>Hippolytus,</strong></span> <span class='ocrx_word' id='word_1_368' title='bbox 3665 1534 3880 1603; x_wconf 90' lang='lat' dir='ltr'><strong>inquit,</strong></span> 
     </span>
    </p>
   </div>
   <div class='ocr_carea' id='block_1_60' title="bbox 2322 1626 3882 1703">
    <p class='ocr_par' dir='ltr' id='par_1_60' title="bbox 2322 1626 3882 1703">
     <span class='ocr_line' id='line_1_60' title="bbox 2322 1626 3882 1703; baseline -0.003 -20"><span class='ocrx_word' id='word_1_369' title='bbox 2322 1629 2638 1686; x_wconf 87' lang='lat' dir='ltr'><strong>Portuensis</strong></span> <span class='ocrx_word' id='word_1_370' title='bbox 2671 1634 2958 1701; x_wconf 90' lang='lat' dir='ltr'><strong>episcopus</strong></span> <span class='ocrx_word' id='word_1_371' title='bbox 2982 1640 3035 1685; x_wconf 88' lang='lat' dir='ltr'><strong>et</strong></span> <span class='ocrx_word' id='word_1_372' title='bbox 3057 1641 3282 1703; x_wconf 88' lang='lat' dir='ltr'><strong>martyr,</strong></span> <span class='ocrx_word' id='word_1_373' title='bbox 3303 1646 3427 1685; x_wconf 88' lang='lat' dir='ltr'><strong>cum</strong></span> <span class='ocrx_word' id='word_1_374' title='bbox 3456 1627 3524 1684; x_wconf 86' lang='lat' dir='ltr'><strong>ad</strong></span> <span class='ocrx_word' id='word_1_375' title='bbox 3552 1626 3882 1696; x_wconf 84' lang='lat' dir='ltr'><strong>supplicium</strong></span> 
     </span>
    </p>
   </div>
   <div class='ocr_carea' id='block_1_61' title="bbox 2321 1718 3374 1789">
    <p class='ocr_par' dir='ltr' id='par_1_61' title="bbox 2321 1718 3374 1789">
     <span class='ocr_line' id='line_1_61' title="bbox 2321 1718 3374 1789; baseline 0.003 -21"><span class='ocrx_word' id='word_1_376' title='bbox 2321 1725 2621 1785; x_wconf 85' lang='lat' dir='ltr'><strong>raperetur,</strong></span> <span class='ocrx_word' id='word_1_377' title='bbox 2651 1727 2709 1771; x_wconf 93' lang='lat' dir='ltr'><strong>ut</strong></span> <span class='ocrx_word' id='word_1_378' title='bbox 2728 1729 2811 1773; x_wconf 91' lang='lat' dir='ltr'><strong>est</strong></span> <span class='ocrx_word' id='word_1_379' title='bbox 2843 1721 2982 1789; x_wconf 85' lang='lat' dir='ltr'><strong>apud</strong></span> <span class='ocrx_word' id='word_1_380' title='bbox 3000 1718 3374 1787; x_wconf 86' lang='lat' dir='ltr'><strong>Prudentium,</strong></span> 
     </span>
    </p>
   </div>
   <div class='ocr_carea' id='block_1_62' title="bbox 2393 1820 3834 1899">
    <p class='ocr_par' dir='ltr' id='par_1_62' title="bbox 2393 1820 3834 1899">
     <span class='ocr_line' id='line_1_62' title="bbox 2393 1820 3834 1899; baseline 0.008 -20"><span class='ocrx_word' id='word_1_381' title='bbox 2393 1827 2674 1899; x_wconf 64' lang='lat' dir='ltr'><strong>Respondit</strong></span> <span class='ocrx_word' id='word_1_382' title='bbox 2702 1845 2721 1881; x_wconf 90' lang='lat'><strong><em>:</em></strong></span> <span class='ocrx_word' id='word_1_383' title='bbox 2752 1829 2963 1899; x_wconf 75' lang='lat' dir='ltr'><strong>Fugite,</strong></span> <span class='ocrx_word' id='word_1_384' title='bbox 2989 1836 3019 1884; x_wconf 87' lang='grc' dir='ltr'><em>ο</em></span> <span class='ocrx_word' id='word_1_385' title='bbox 3044 1833 3240 1893; x_wconf 80' lang='lat' dir='ltr'><strong>miseri,</strong></span> <span class='ocrx_word' id='word_1_386' title='bbox 3260 1820 3586 1887; x_wconf 74' lang='lat' dir='ltr'><strong>exsecranda</strong></span> <span class='ocrx_word' id='word_1_387' title='bbox 3612 1827 3834 1891; x_wconf 75' lang='lat' dir='ltr'><strong>Novati.</strong></span> 
     </span>
    </p>
   </div>
   <div class='ocr_carea' id='block_1_63' title="bbox 2460 1896 3697 1969">
    <p class='ocr_par' dir='ltr' id='par_1_63' title="bbox 2460 1896 3697 1969">
     <span class='ocr_line' id='line_1_63' title="bbox 2460 1896 3697 1969; baseline 0.001 -18"><span class='ocrx_word' id='word_1_388' title='bbox 2460 1896 2793 1969; x_wconf 81' lang='lat' dir='ltr'><strong>Schismata;</strong></span> <span class='ocrx_word' id='word_1_389' title='bbox 2822 1896 3096 1953; x_wconf 66' lang='lat' dir='ltr'><strong>catholicis</strong></span> <span class='ocrx_word' id='word_1_390' title='bbox 3129 1901 3325 1953; x_wconf 79' lang='lat' dir='ltr'><strong>reddite</strong></span> <span class='ocrx_word' id='word_1_391' title='bbox 3357 1918 3443 1953; x_wconf 82' lang='lat' dir='ltr'><strong>vos</strong></span> <span class='ocrx_word' id='word_1_392' title='bbox 3470 1900 3697 1969; x_wconf 78' lang='lat' dir='ltr'><strong>populis.</strong></span> 
     </span>
    </p>
   </div>
   <div class='ocr_carea' id='block_1_64' title="bbox 2395 1966 3809 2038">
    <p class='ocr_par' dir='ltr' id='par_1_64' title="bbox 2395 1966 3809 2038">
     <span class='ocr_line' id='line_1_64' title="bbox 2395 1966 3809 2038; baseline 0.002 -19"><span class='ocrx_word' id='word_1_393' title='bbox 2395 1966 2511 2020; x_wconf 83' lang='lat' dir='ltr'><strong>Una</strong></span> <span class='ocrx_word' id='word_1_394' title='bbox 2534 1968 2870 2038; x_wconf 22' lang='lat' dir='ltr'><strong>ﬁdesirigeat,</strong></span> <span class='ocrx_word' id='word_1_395' title='bbox 2899 1973 3072 2037; x_wconf 82' lang='lat' dir='ltr'><strong>prisco</strong></span> <span class='ocrx_word' id='word_1_396' title='bbox 3100 1987 3215 2038; x_wconf 73' lang='lat' dir='ltr'><strong>qua</strong></span> <span class='ocrx_word' id='word_1_397' title='bbox 3242 1970 3452 2023; x_wconf 86' lang='lat' dir='ltr'><strong>condita</strong></span> <span class='ocrx_word' id='word_1_398' title='bbox 3471 1966 3669 2038; x_wconf 71' lang='lat' dir='ltr'><strong>templo</strong></span> <span class='ocrx_word' id='word_1_399' title='bbox 3692 1979 3767 2021; x_wconf 67' lang='lat' dir='ltr'><strong>est</strong></span> <span class='ocrx_word' id='word_1_400' title='bbox 3787 1984 3809 2022; x_wconf 86' lang='lat'><strong>.&#39;</strong></span> 
     </span>
    </p>
   </div>
   <div class='ocr_carea' id='block_1_65' title="bbox 2461 2035 3923 2108">
    <p class='ocr_par' dir='ltr' id='par_1_65' title="bbox 2461 2035 3923 2108">
     <span class='ocr_line' id='line_1_65' title="bbox 2461 2035 3923 2108; baseline 0.001 -19"><span class='ocrx_word' id='word_1_401' title='bbox 2461 2038 2632 2099; x_wconf 84' lang='lat' dir='ltr'><strong>Quam</strong></span> <span class='ocrx_word' id='word_1_402' title='bbox 2660 2035 2857 2091; x_wconf 76' lang='lat' dir='ltr'><strong>Paulus</strong></span> <span class='ocrx_word' id='word_1_403' title='bbox 2884 2035 3087 2099; x_wconf 78' lang='lat' dir='ltr'><strong>retinet,</strong></span> <span class='ocrx_word' id='word_1_404' title='bbox 3113 2035 3332 2108; x_wconf 70' lang='lat' dir='ltr'><strong>quamve</strong></span> <span class='ocrx_word' id='word_1_405' title='bbox 3358 2035 3606 2091; x_wconf 70' lang='lat' dir='ltr'><strong>cathedra</strong></span> <span class='ocrx_word' id='word_1_406' title='bbox 3639 2038 3805 2092; x_wconf 68' lang='lat' dir='ltr'><strong>Petra.</strong></span> <span class='ocrx_word' id='word_1_407' title='bbox 3903 2035 3923 2047; x_wconf 86' lang='grc'><strong>’</strong></span> 
     </span>
    </p>
   </div>
   <div class='ocr_carea' id='block_1_66' title="bbox 2390 2106 3736 2177">
    <p class='ocr_par' dir='ltr' id='par_1_66' title="bbox 2390 2106 3736 2177">
     <span class='ocr_line' id='line_1_66' title="bbox 2390 2106 3736 2177; baseline 0.001 -19"><span class='ocrx_word' id='word_1_408' title='bbox 2390 2106 2522 2171; x_wconf 76' lang='lat' dir='ltr'><strong>Quae</strong></span> <span class='ocrx_word' id='word_1_409' title='bbox 2545 2108 2721 2169; x_wconf 82' lang='lat' dir='ltr'><strong>docui,</strong></span> <span class='ocrx_word' id='word_1_410' title='bbox 2749 2110 2988 2175; x_wconf 77' lang='lat' dir='ltr'><strong>docuisse</strong></span> <span class='ocrx_word' id='word_1_411' title='bbox 3011 2106 3185 2177; x_wconf 75' lang='lat' dir='ltr'><strong>piget;</strong></span> <span class='ocrx_word' id='word_1_412' title='bbox 3221 2109 3506 2160; x_wconf 80' lang='lat' dir='ltr'><strong>venerabile</strong></span> <span class='ocrx_word' id='word_1_413' title='bbox 3534 2119 3736 2177; x_wconf 74' lang='lat' dir='ltr'><strong>martyr</strong></span> 
     </span>
    </p>
   </div>
   <div class='ocr_carea' id='block_1_67' title="bbox 2461 2176 3563 2245">
    <p class='ocr_par' dir='ltr' id='par_1_67' title="bbox 2461 2176 3563 2245">
     <span class='ocr_line' id='line_1_67' title="bbox 2461 2176 3563 2245; baseline 0.004 -17"><span class='ocrx_word' id='word_1_414' title='bbox 2461 2177 2647 2241; x_wconf 83' lang='lat' dir='ltr'><strong>Cerno,</strong></span> <span class='ocrx_word' id='word_1_415' title='bbox 2680 2178 2816 2245; x_wconf 86' lang='lat' dir='ltr'><strong>quod</strong></span> <span class='ocrx_word' id='word_1_416' title='bbox 2848 2194 2881 2229; x_wconf 82' lang='grc' dir='ltr'><em>α</em></span> <span class='ocrx_word' id='word_1_417' title='bbox 2908 2178 3054 2233; x_wconf 61' lang='lat' dir='ltr'><strong>cultu</strong></span> <span class='ocrx_word' id='word_1_418' title='bbox 3079 2176 3228 2229; x_wconf 89' lang='lat' dir='ltr'><strong>rebar</strong></span> <span class='ocrx_word' id='word_1_419' title='bbox 3248 2179 3421 2231; x_wconf 80' lang='lat' dir='ltr'><strong>abesse</strong></span> <span class='ocrx_word' id='word_1_420' title='bbox 3449 2178 3563 2232; x_wconf 85' lang='lat' dir='ltr'><strong>Dei.</strong></span> 
     </span>
    </p>
   </div>
   <div class='ocr_carea' id='block_1_68' title="bbox 2323 2286 3877 2357">
    <p class='ocr_par' dir='ltr' id='par_1_68' title="bbox 2323 2286 3877 2357">
     <span class='ocr_line' id='line_1_68' title="bbox 2323 2286 3877 2357; baseline 0.004 -18"><span class='ocrx_word' id='word_1_421' title='bbox 2323 2306 2341 2339; x_wconf 73' lang='grc' dir='ltr'>ι</span> <span class='ocrx_word' id='word_1_422' title='bbox 2378 2286 2591 2357; x_wconf 83' lang='lat' dir='ltr'><strong>insigne</strong></span> <span class='ocrx_word' id='word_1_423' title='bbox 2642 2289 3063 2353; x_wconf 88' lang='lat' dir='ltr'><strong>retractationis,</strong></span> <span class='ocrx_word' id='word_1_424' title='bbox 3120 2305 3216 2343; x_wconf 87' lang='lat' dir='ltr'><strong>seu</strong></span> <span class='ocrx_word' id='word_1_425' title='bbox 3271 2290 3628 2344; x_wconf 85' lang='lat' dir='ltr'><strong>revocationis</strong></span> <span class='ocrx_word' id='word_1_426' title='bbox 3682 2305 3877 2345; x_wconf 61' lang='lat' dir='ltr'><strong>exeme-</strong></span> 
     </span>
    </p>
   </div>
   <div class='ocr_carea' id='block_1_69' title="bbox 2316 2377 3885 2452">
    <p class='ocr_par' dir='ltr' id='par_1_69' title="bbox 2316 2377 3885 2452">
     <span class='ocr_line' id='line_1_69' title="bbox 2316 2377 3885 2452; baseline 0.003 -22"><span class='ocrx_word' id='word_1_427' title='bbox 2316 2379 2487 2446; x_wconf 87' lang='lat' dir='ltr'><strong>plum.</strong></span> <span class='ocrx_word' id='word_1_428' title='bbox 2527 2399 2545 2429; x_wconf 73' lang='grc' dir='ltr'>ι</span> <span class='ocrx_word' id='word_1_429' title='bbox 2602 2377 2875 2435; x_wconf 87' lang='lat' dir='ltr'><strong>Hactenus</strong></span> <span class='ocrx_word' id='word_1_430' title='bbox 2922 2379 3144 2443; x_wconf 87' lang='lat' dir='ltr'><strong>Fronto,</strong></span> <span class='ocrx_word' id='word_1_431' title='bbox 3186 2382 3343 2450; x_wconf 90' lang='lat' dir='ltr'><strong>cujus</strong></span> <span class='ocrx_word' id='word_1_432' title='bbox 3379 2390 3699 2452; x_wconf 84' lang='lat' dir='ltr'><strong>argumenta</strong></span> <span class='ocrx_word' id='word_1_433' title='bbox 3742 2382 3885 2435; x_wconf 72' lang='lat' dir='ltr'><strong>inte~</strong></span> 
     </span>
    </p>
   </div>
   <div class='ocr_carea' id='block_1_70' title="bbox 2317 2471 3445 2529">
    <p class='ocr_par' dir='ltr' id='par_1_70' title="bbox 2317 2471 3445 2529">
     <span class='ocr_line' id='line_1_70' title="bbox 2317 2471 3445 2529; baseline 0.007 -8"><span class='ocrx_word' id='word_1_434' title='bbox 2317 2471 2431 2526; x_wconf 89' lang='lat' dir='ltr'><strong>rius</strong></span> <span class='ocrx_word' id='word_1_435' title='bbox 2465 2471 2841 2525; x_wconf 86' lang='lat' dir='ltr'><strong>discutiemus.</strong></span> <span class='ocrx_word' id='word_1_436' title='bbox 3444 2526 3445 2529; x_wconf 44' lang='grc' dir='ltr'><strong>η</strong></span> 
     </span>
    </p>
   </div>
   <div class='ocr_carea' id='block_1_71' title="bbox 2576 2564 3610 2633">
    <p class='ocr_par' dir='ltr' id='par_1_71' title="bbox 2576 2564 3610 2633">
     <span class='ocr_line' id='line_1_71' title="bbox 2576 2564 3610 2633; baseline 0.003 -17"><span class='ocrx_word' id='word_1_437' title='bbox 2576 2564 2689 2617; x_wconf 78' lang='lat' dir='ltr'><strong>XII.</strong></span> <span class='ocrx_word' id='word_1_438' title='bbox 2728 2564 2949 2618; x_wconf 86' lang='lat' dir='ltr'><strong>Baronii</strong></span> <span class='ocrx_word' id='word_1_439' title='bbox 2979 2567 3237 2617; x_wconf 81' lang='lat' dir='ltr'><strong>sententia</strong></span> <span class='ocrx_word' id='word_1_440' title='bbox 3276 2566 3610 2633; x_wconf 66' lang='lat' dir='ltr'><strong>expenditur.</strong></span> 
     </span>
    </p>
   </div>
   <div class='ocr_carea' id='block_1_72' title="bbox 2387 2653 3883 2725">
    <p class='ocr_par' dir='ltr' id='par_1_72' title="bbox 2387 2653 3883 2725">
     <span class='ocr_line' id='line_1_72' title="bbox 2387 2653 3883 2725; baseline 0.003 -20"><span class='ocrx_word' id='word_1_441' title='bbox 2387 2653 2615 2710; x_wconf 76' lang='lat' dir='ltr'><strong>Maxima</strong></span> <span class='ocrx_word' id='word_1_442' title='bbox 2648 2656 2811 2725; x_wconf 80' lang='lat' dir='ltr'><strong>igitur</strong></span> <span class='ocrx_word' id='word_1_443' title='bbox 2846 2672 3183 2711; x_wconf 85' lang='lat' dir='ltr'><strong>summorum</strong></span> <span class='ocrx_word' id='word_1_444' title='bbox 3217 2658 3453 2709; x_wconf 86' lang='lat' dir='ltr'><strong>virorum</strong></span> <span class='ocrx_word' id='word_1_445' title='bbox 3499 2654 3883 2711; x_wconf 64' lang='lat' dir='ltr'><strong>de‘Prudelnii</strong></span> 
     </span>
    </p>
   </div>
   <div class='ocr_carea' id='block_1_73' title="bbox 2315 2737 3885 2815">
    <p class='ocr_par' dir='ltr' id='par_1_73' title="bbox 2315 2737 3885 2815">
     <span class='ocr_line' id='line_1_73' title="bbox 2315 2737 3885 2815; baseline 0.004 -22"><span class='ocrx_word' id='word_1_446' title='bbox 2315 2741 2602 2815; x_wconf 78' lang='lat' dir='ltr'><strong>Hippolyto</strong></span> <span class='ocrx_word' id='word_1_447' title='bbox 2640 2746 2863 2800; x_wconf 89' lang='lat' dir='ltr'><strong>dissidia</strong></span> <span class='ocrx_word' id='word_1_448' title='bbox 2910 2762 3017 2798; x_wconf 92' lang='lat' dir='ltr'><strong>non</strong></span> <span class='ocrx_word' id='word_1_449' title='bbox 3068 2737 3237 2798; x_wconf 81' lang='lat' dir='ltr'><strong>levem</strong></span> <span class='ocrx_word' id='word_1_450' title='bbox 3283 2762 3427 2799; x_wconf 90' lang='lat' dir='ltr'><strong>nunc</strong></span> <span class='ocrx_word' id='word_1_451' title='bbox 3475 2746 3633 2799; x_wconf 88' lang='lat' dir='ltr'><strong>nobis</strong></span> <span class='ocrx_word' id='word_1_452' title='bbox 3677 2746 3885 2799; x_wconf 88' lang='lat' dir='ltr'><strong>dubio-</strong></span> 
     </span>
    </p>
   </div>
   <div class='ocr_carea' id='block_1_74' title="bbox 2314 2832 3885 2902">
    <p class='ocr_par' dir='ltr' id='par_1_74' title="bbox 2314 2832 3885 2902">
     <span class='ocr_line' id='line_1_74' title="bbox 2314 2832 3885 2902; baseline 0.004 -21"><span class='ocrx_word' id='word_1_453' title='bbox 2314 2846 2433 2882; x_wconf 84' lang='lat' dir='ltr'><strong>rum</strong></span> <span class='ocrx_word' id='word_1_454' title='bbox 2466 2841 2699 2899; x_wconf 84' lang='lat' dir='ltr'><strong>segetem</strong></span> <span class='ocrx_word' id='word_1_455' title='bbox 2730 2832 2988 2899; x_wconf 57' lang='lat' dir='ltr'><strong>praebent,</strong></span> <span class='ocrx_word' id='word_1_456' title='bbox 3018 2834 3218 2899; x_wconf 89' lang='lat' dir='ltr'><strong>quibus</strong></span> <span class='ocrx_word' id='word_1_457' title='bbox 3247 2834 3326 2887; x_wconf 85' lang='lat' dir='ltr'><strong>rei</strong></span> <span class='ocrx_word' id='word_1_458' title='bbox 3354 2835 3576 2897; x_wconf 85' lang='lat' dir='ltr'><strong>veritas,</strong></span> <span class='ocrx_word' id='word_1_459' title='bbox 3606 2849 3771 2902; x_wconf 75' lang='lat' dir='ltr'><strong>quam</strong></span> <span class='ocrx_word' id='word_1_460' title='bbox 3801 2842 3885 2887; x_wconf 88' lang='lat' dir='ltr'><strong>to-</strong></span> 
     </span>
    </p>
   </div>
   <div class='ocr_carea' id='block_1_75' title="bbox 2311 2922 3880 2994">
    <p class='ocr_par' dir='ltr' id='par_1_75' title="bbox 2311 2922 3880 2994">
     <span class='ocr_line' id='line_1_75' title="bbox 2311 2922 3880 2994; baseline 0.004 -21"><span class='ocrx_word' id='word_1_461' title='bbox 2311 2923 2385 2974; x_wconf 85' lang='lat' dir='ltr'><strong>tis</strong></span> <span class='ocrx_word' id='word_1_462' title='bbox 2414 2923 2621 2977; x_wconf 87' lang='lat' dir='ltr'><strong>viribus</strong></span> <span class='ocrx_word' id='word_1_463' title='bbox 2668 2922 2884 2991; x_wconf 90' lang='lat' dir='ltr'><strong>assequi</strong></span> <span class='ocrx_word' id='word_1_464' title='bbox 2928 2938 3212 2989; x_wconf 89' lang='lat' dir='ltr'><strong>conamur,</strong></span> <span class='ocrx_word' id='word_1_465' title='bbox 3261 2926 3434 2979; x_wconf 88' lang='lat' dir='ltr'><strong>denso</strong></span> <span class='ocrx_word' id='word_1_466' title='bbox 3468 2926 3717 2994; x_wconf 87' lang='lat' dir='ltr'><strong>caliginis</strong></span> <span class='ocrx_word' id='word_1_467' title='bbox 3754 2927 3880 2980; x_wconf 78' lang='lat' dir='ltr'><strong>velo</strong></span> 
     </span>
    </p>
   </div>
   <div class='ocr_carea' id='block_1_76' title="bbox 2312 3012 3880 3085">
    <p class='ocr_par' dir='ltr' id='par_1_76' title="bbox 2312 3012 3880 3085">
     <span class='ocr_line' id='line_1_76' title="bbox 2312 3012 3880 3085; baseline 0.004 -20"><span class='ocrx_word' id='word_1_468' title='bbox 2312 3013 2628 3068; x_wconf 83' lang='lat' dir='ltr'><strong>olfunditur.</strong></span> <span class='ocrx_word' id='word_1_469' title='bbox 2665 3012 2888 3077; x_wconf 81' lang='lat' dir='ltr'><strong>Verum,</strong></span> <span class='ocrx_word' id='word_1_470' title='bbox 2920 3025 2975 3067; x_wconf 91' lang='lat' dir='ltr'><strong>ut</strong></span> <span class='ocrx_word' id='word_1_471' title='bbox 3011 3026 3195 3068; x_wconf 89' lang='lat' dir='ltr'><strong>nostra</strong></span> <span class='ocrx_word' id='word_1_472' title='bbox 3232 3014 3337 3075; x_wconf 86' lang='lat' dir='ltr'><strong>fert</strong></span> <span class='ocrx_word' id='word_1_473' title='bbox 3361 3016 3566 3085; x_wconf 90' lang='lat' dir='ltr'><strong>opinio,</strong></span> <span class='ocrx_word' id='word_1_474' title='bbox 3597 3033 3710 3069; x_wconf 90' lang='lat' dir='ltr'><strong>rem</strong></span> <span class='ocrx_word' id='word_1_475' title='bbox 3736 3017 3880 3072; x_wconf 82' lang='lat' dir='ltr'><strong>hanc</strong></span> 
     </span>
    </p>
   </div>
   <div class='ocr_carea' id='block_1_77' title="bbox 2314 3103 3883 3179">
    <p class='ocr_par' dir='ltr' id='par_1_77' title="bbox 2314 3103 3883 3179">
     <span class='ocr_line' id='line_1_77' title="bbox 2314 3103 3883 3179; baseline 0.004 -24"><span class='ocrx_word' id='word_1_476' title='bbox 2314 3103 2477 3156; x_wconf 88' lang='lat' dir='ltr'><strong>tantis</strong></span> <span class='ocrx_word' id='word_1_477' title='bbox 2508 3105 2911 3158; x_wconf 75' lang='lat' dir='ltr'><strong>difﬁcultatibus</strong></span> <span class='ocrx_word' id='word_1_478' title='bbox 2947 3107 3225 3173; x_wconf 84' lang='lat' dir='ltr'><strong>obseptam</strong></span> <span class='ocrx_word' id='word_1_479' title='bbox 3262 3107 3419 3179; x_wconf 84' lang='lat' dir='ltr'><strong>haud</strong></span> <span class='ocrx_word' id='word_1_480' title='bbox 3448 3122 3568 3160; x_wconf 84' lang='lat' dir='ltr'><strong>esse</strong></span> <span class='ocrx_word' id='word_1_481' title='bbox 3604 3108 3883 3177; x_wconf 84' lang='lat' dir='ltr'><strong>comperi-</strong></span> 
     </span>
    </p>
   </div>
   <div class='ocr_carea' id='block_1_78' title="bbox 2235 3194 3879 3264">
    <p class='ocr_par' dir='ltr' id='par_1_78' title="bbox 2235 3194 3879 3264">
     <span class='ocr_line' id='line_1_78' title="bbox 2235 3194 3879 3264; baseline 0.009 -22"><span class='ocrx_word' id='word_1_482' title='bbox 2235 3200 2277 3255; x_wconf 68' lang='grc' dir='ltr'><strong>(ζ</strong></span> <span class='ocrx_word' id='word_1_483' title='bbox 2313 3208 2455 3257; x_wconf 89' lang='lat' dir='ltr'><strong>mus,</strong></span> <span class='ocrx_word' id='word_1_484' title='bbox 2487 3194 2639 3261; x_wconf 91' lang='lat' dir='ltr'><strong>quin,</strong></span> <span class='ocrx_word' id='word_1_485' title='bbox 2675 3210 2730 3246; x_wconf 90' lang='lat' dir='ltr'><strong>re</strong></span> <span class='ocrx_word' id='word_1_486' title='bbox 2760 3194 2950 3251; x_wconf 85' lang='lat' dir='ltr'><strong>sedulo</strong></span> <span class='ocrx_word' id='word_1_487' title='bbox 2979 3212 3270 3264; x_wconf 85' lang='lat' dir='ltr'><strong>perpensa,</strong></span> <span class='ocrx_word' id='word_1_488' title='bbox 3311 3197 3674 3255; x_wconf 77' lang='lat' dir='ltr'><strong>clarissimam</strong></span> <span class='ocrx_word' id='word_1_489' title='bbox 3714 3200 3879 3256; x_wconf 71' lang='lat' dir='ltr'><strong>nobis</strong></span> 
     </span>
    </p>
   </div>
   <div class='ocr_carea' id='block_1_79' title="bbox 2308 3283 3876 3358">
    <p class='ocr_par' dir='ltr' id='par_1_79' title="bbox 2308 3283 3876 3358">
     <span class='ocr_line' id='line_1_79' title="bbox 2308 3283 3876 3358; baseline 0.005 -23"><span class='ocrx_word' id='word_1_490' title='bbox 2308 3283 2504 3347; x_wconf 88' lang='lat' dir='ltr'><strong>lucem,</strong></span> <span class='ocrx_word' id='word_1_491' title='bbox 2538 3286 2591 3337; x_wconf 92' lang='lat' dir='ltr'><strong>in</strong></span> <span class='ocrx_word' id='word_1_492' title='bbox 2617 3286 3006 3342; x_wconf 88' lang='lat' dir='ltr'><strong>obscurissima</strong></span> <span class='ocrx_word' id='word_1_493' title='bbox 3031 3288 3159 3342; x_wconf 82' lang='lat' dir='ltr'><strong>licet</strong></span> <span class='ocrx_word' id='word_1_494' title='bbox 3181 3289 3481 3358; x_wconf 66' lang='lat' dir='ltr'><strong>quaestione</strong></span> <span class='ocrx_word' id='word_1_495' title='bbox 3505 3289 3876 3357; x_wconf 83' lang='lat' dir='ltr'><strong>versantibus,</strong></span> 
     </span>
    </p>
   </div>
   <div class='ocr_carea' id='block_1_80' title="bbox 2305 3370 3876 3447">
    <p class='ocr_par' dir='ltr' id='par_1_80' title="bbox 2305 3370 3876 3447">
     <span class='ocr_line' id='line_1_80' title="bbox 2305 3370 3876 3447; baseline 0.005 -20"><span class='ocrx_word' id='word_1_496' title='bbox 2305 3370 2559 3443; x_wconf 83' lang='lat' dir='ltr'><strong>protinus</strong></span> <span class='ocrx_word' id='word_1_497' title='bbox 2604 3378 2857 3447; x_wconf 76' lang='lat' dir='ltr'><strong>adulgere</strong></span> <span class='ocrx_word' id='word_1_498' title='bbox 2904 3380 3327 3447; x_wconf 88' lang='lat' dir='ltr'><strong>conspiciamus.</strong></span> <span class='ocrx_word' id='word_1_499' title='bbox 3380 3378 3582 3434; x_wconf 92' lang='lat' dir='ltr'><strong>Omnes</strong></span> <span class='ocrx_word' id='word_1_500' title='bbox 3623 3380 3770 3434; x_wconf 88' lang='lat' dir='ltr'><strong>enim</strong></span> <span class='ocrx_word' id='word_1_501' title='bbox 3806 3395 3876 3435; x_wconf 78' lang='lat' dir='ltr'><strong>ex</strong></span> 
     </span>
    </p>
   </div>
   <div class='ocr_carea' id='block_1_81' title="bbox 2303 3468 3876 3539">
    <p class='ocr_par' dir='ltr' id='par_1_81' title="bbox 2303 3468 3876 3539">
     <span class='ocr_line' id='line_1_81' title="bbox 2303 3468 3876 3539; baseline 0.005 -20"><span class='ocrx_word' id='word_1_502' title='bbox 2303 3468 2477 3523; x_wconf 90' lang='lat' dir='ltr'><strong>doctis</strong></span> <span class='ocrx_word' id='word_1_503' title='bbox 2510 3470 2658 3534; x_wconf 82' lang='lat' dir='ltr'><strong>viris,</strong></span> <span class='ocrx_word' id='word_1_504' title='bbox 2685 3486 2918 3539; x_wconf 89' lang='lat' dir='ltr'><strong>quorum</strong></span> <span class='ocrx_word' id='word_1_505' title='bbox 2954 3472 3237 3524; x_wconf 74' lang='lat' dir='ltr'><strong>sententia:</strong></span> <span class='ocrx_word' id='word_1_506' title='bbox 3270 3488 3377 3525; x_wconf 91' lang='lat' dir='ltr'><strong>non</strong></span> <span class='ocrx_word' id='word_1_507' title='bbox 3406 3472 3686 3525; x_wconf 89' lang='lat' dir='ltr'><strong>minimum</strong></span> <span class='ocrx_word' id='word_1_508' title='bbox 3713 3472 3876 3527; x_wconf 82' lang='lat' dir='ltr'><strong>nobis</strong></span> 
     </span>
    </p>
   </div>
   <div class='ocr_carea' id='block_1_82' title="bbox 2304 3561 3875 3633">
    <p class='ocr_par' dir='ltr' id='par_1_82' title="bbox 2304 3561 3875 3633">
     <span class='ocr_line' id='line_1_82' title="bbox 2304 3561 3875 3633; baseline 0.003 -20"><span class='ocrx_word' id='word_1_509' title='bbox 2304 3561 2355 3613; x_wconf 91' lang='lat' dir='ltr'><strong>in</strong></span> <span class='ocrx_word' id='word_1_510' title='bbox 2389 3563 2487 3615; x_wconf 90' lang='lat' dir='ltr'><strong>hac</strong></span> <span class='ocrx_word' id='word_1_511' title='bbox 2517 3578 2573 3615; x_wconf 90' lang='lat' dir='ltr'><strong>re</strong></span> <span class='ocrx_word' id='word_1_512' title='bbox 2622 3564 2824 3633; x_wconf 83' lang='lat' dir='ltr'><strong>negotii</strong></span> <span class='ocrx_word' id='word_1_513' title='bbox 2874 3562 3144 3616; x_wconf 81' lang='lat' dir='ltr'><strong>facessere</strong></span> <span class='ocrx_word' id='word_1_514' title='bbox 3183 3571 3425 3630; x_wconf 82' lang='lat' dir='ltr'><strong>possent,</strong></span> <span class='ocrx_word' id='word_1_515' title='bbox 3481 3578 3594 3615; x_wconf 90' lang='lat' dir='ltr'><strong>rem</strong></span> <span class='ocrx_word' id='word_1_516' title='bbox 3640 3564 3875 3617; x_wconf 77' lang='lat' dir='ltr'><strong>summis</strong></span> 
     </span>
    </p>
   </div>
   <div class='ocr_carea' id='block_1_83' title="bbox 2301 3654 3872 3720">
    <p class='ocr_par' dir='ltr' id='par_1_83' title="bbox 2301 3654 3872 3720">
     <span class='ocr_line' id='line_1_83' title="bbox 2301 3654 3872 3720; baseline 0.001 -17"><span class='ocrx_word' id='word_1_517' title='bbox 2301 3660 2511 3705; x_wconf 83' lang='lat' dir='ltr'><strong>tantum</strong></span> <span class='ocrx_word' id='word_1_518' title='bbox 2546 3654 2701 3707; x_wconf 91' lang='lat' dir='ltr'><strong>labiis</strong></span> <span class='ocrx_word' id='word_1_519' title='bbox 2736 3655 3005 3707; x_wconf 89' lang='lat' dir='ltr'><strong>delibasse</strong></span> <span class='ocrx_word' id='word_1_520' title='bbox 3033 3660 3270 3712; x_wconf 86' lang='lat' dir='ltr'><strong>constat,</strong></span> <span class='ocrx_word' id='word_1_521' title='bbox 3322 3666 3419 3704; x_wconf 91' lang='lat' dir='ltr'><strong>nec</strong></span> <span class='ocrx_word' id='word_1_522' title='bbox 3450 3662 3647 3720; x_wconf 69' lang='lat' dir='ltr'><strong>praeter</strong></span> <span class='ocrx_word' id='word_1_523' title='bbox 3674 3668 3740 3705; x_wconf 83' lang='lat' dir='ltr'><strong>ea</strong></span> <span class='ocrx_word' id='word_1_524' title='bbox 3782 3668 3872 3705; x_wconf 87' lang='lat' dir='ltr'><strong>ra-</strong></span> 
     </span>
    </p>
   </div>
   <div class='ocr_carea' id='block_1_84' title="bbox 2301 3742 3873 3817">
    <p class='ocr_par' dir='ltr' id='par_1_84' title="bbox 2301 3742 3873 3817">
     <span class='ocr_line' id='line_1_84' title="bbox 2301 3742 3873 3817; baseline 0.002 -23"><span class='ocrx_word' id='word_1_525' title='bbox 2301 3743 2468 3795; x_wconf 87' lang='lat' dir='ltr'><strong>tionis</strong></span> <span class='ocrx_word' id='word_1_526' title='bbox 2516 3754 2811 3807; x_wconf 89' lang='lat' dir='ltr'><strong>momenta,</strong></span> <span class='ocrx_word' id='word_1_527' title='bbox 2849 3759 2970 3817; x_wconf 71' lang='lat' dir='ltr'><strong>qua:</strong></span> <span class='ocrx_word' id='word_1_528' title='bbox 3005 3742 3248 3795; x_wconf 86' lang='lat' dir='ltr'><strong>omnium</strong></span> <span class='ocrx_word' id='word_1_529' title='bbox 3296 3742 3506 3810; x_wconf 87' lang='lat' dir='ltr'><strong>primus</strong></span> <span class='ocrx_word' id='word_1_530' title='bbox 3542 3743 3873 3811; x_wconf 79' lang='lat' dir='ltr'><strong>excogitavit</strong></span> 
     </span>
    </p>
   </div>
   <div class='ocr_carea' id='block_1_85' title="bbox 2303 3830 3870 3897">
    <p class='ocr_par' dir='ltr' id='par_1_85' title="bbox 2303 3830 3870 3897">
     <span class='ocr_line' id='line_1_85' title="bbox 2303 3830 3870 3897; baseline 0 -8"><span class='ocrx_word' id='word_1_531' title='bbox 2303 3830 2645 3897; x_wconf 77' lang='lat' dir='ltr'><strong>Ruinartius,</strong></span> <span class='ocrx_word' id='word_1_532' title='bbox 2675 3844 2736 3887; x_wconf 90' lang='lat' dir='ltr'><strong>ut</strong></span> <span class='ocrx_word' id='word_1_533' title='bbox 2777 3834 3130 3887; x_wconf 87' lang='lat' dir='ltr'><strong>Prudentium</strong></span> <span class='ocrx_word' id='word_1_534' title='bbox 3166 3831 3506 3889; x_wconf 83' lang='lat' dir='ltr'><strong>conlusionis</strong></span> <span class='ocrx_word' id='word_1_535' title='bbox 3543 3836 3674 3889; x_wconf 91' lang='lat' dir='ltr'><strong>vitio</strong></span> <span class='ocrx_word' id='word_1_536' title='bbox 3714 3836 3870 3889; x_wconf 85' lang='lat' dir='ltr'><strong>labo-</strong></span> 
     </span>
    </p>
   </div>
   <div class='ocr_carea' id='block_1_86' title="bbox 2302 3925 3863 3999">
    <p class='ocr_par' dir='ltr' id='par_1_86' title="bbox 2302 3925 3863 3999">
     <span class='ocr_line' id='line_1_86' title="bbox 2302 3925 3863 3999; baseline 0.001 -23"><span class='ocrx_word' id='word_1_537' title='bbox 2302 3932 2512 3977; x_wconf 86' lang='lat' dir='ltr'><strong>rantem</strong></span> <span class='ocrx_word' id='word_1_538' title='bbox 2550 3934 2810 3989; x_wconf 90' lang='lat' dir='ltr'><strong>tueretur,</strong></span> <span class='ocrx_word' id='word_1_539' title='bbox 2852 3925 2977 3977; x_wconf 89' lang='lat' dir='ltr'><strong>novi</strong></span> <span class='ocrx_word' id='word_1_540' title='bbox 3010 3928 3146 3981; x_wconf 88' lang='lat' dir='ltr'><strong>nihil</strong></span> <span class='ocrx_word' id='word_1_541' title='bbox 3197 3930 3266 3983; x_wconf 88' lang='lat' dir='ltr'><strong>ab</strong></span> <span class='ocrx_word' id='word_1_542' title='bbox 3297 3930 3445 3999; x_wconf 81' lang='lat' dir='ltr'><strong>ipsis</strong></span> <span class='ocrx_word' id='word_1_543' title='bbox 3491 3929 3863 3997; x_wconf 78' lang='lat' dir='ltr'><strong>excogitatum</strong></span> 
     </span>
    </p>
   </div>
   <div class='ocr_carea' id='block_1_87' title="bbox 2301 4017 3862 4090">
    <p class='ocr_par' dir='ltr' id='par_1_87' title="bbox 2301 4017 3862 4090">
     <span class='ocr_line' id='line_1_87' title="bbox 2301 4017 3862 4090; baseline 0.004 -21"><span class='ocrx_word' id='word_1_544' title='bbox 2301 4017 2805 4079; x_wconf 87' lang='lat' dir='ltr'><strong>animadvertimus,</strong></span> <span class='ocrx_word' id='word_1_545' title='bbox 2860 4034 2970 4090; x_wconf 93' lang='lat' dir='ltr'><strong>quo</strong></span> <span class='ocrx_word' id='word_1_546' title='bbox 3017 4035 3135 4084; x_wconf 91' lang='lat' dir='ltr'><strong>nos,</strong></span> <span class='ocrx_word' id='word_1_547' title='bbox 3187 4021 3314 4075; x_wconf 90' lang='lat' dir='ltr'><strong>licet</strong></span> <span class='ocrx_word' id='word_1_548' title='bbox 3362 4022 3585 4083; x_wconf 88' lang='lat' dir='ltr'><strong>invitos,</strong></span> <span class='ocrx_word' id='word_1_549' title='bbox 3618 4021 3671 4072; x_wconf 93' lang='lat' dir='ltr'><strong>in</strong></span> <span class='ocrx_word' id='word_1_550' title='bbox 3712 4019 3862 4075; x_wconf 85' lang='lat' dir='ltr'><strong>illius</strong></span> 
     </span>
    </p>
   </div>
   <div class='ocr_carea' id='block_1_88' title="bbox 2300 4110 3864 4181">
    <p class='ocr_par' dir='ltr' id='par_1_88' title="bbox 2300 4110 3864 4181">
     <span class='ocr_line' id='line_1_88' title="bbox 2300 4110 3864 4181; baseline 0.002 -20"><span class='ocrx_word' id='word_1_551' title='bbox 2300 4110 2566 4162; x_wconf 87' lang='lat' dir='ltr'><strong>sententia</strong></span> <span class='ocrx_word' id='word_1_552' title='bbox 2604 4125 2863 4179; x_wconf 86' lang='lat' dir='ltr'><strong>perpetuo</strong></span> <span class='ocrx_word' id='word_1_553' title='bbox 2900 4128 3119 4176; x_wconf 78' lang='lat' dir='ltr'><strong>manere</strong></span> <span class='ocrx_word' id='word_1_554' title='bbox 3166 4114 3567 4181; x_wconf 90' lang='lat' dir='ltr'><strong>compellerent.</strong></span> <span class='ocrx_word' id='word_1_555' title='bbox 3614 4110 3864 4178; x_wconf 82' lang='lat' dir='ltr'><strong>Quapro—</strong></span> 
     </span>
    </p>
   </div>
   <div class='ocr_carea' id='block_1_89' title="bbox 2301 4198 3861 4268">
    <p class='ocr_par' dir='ltr' id='par_1_89' title="bbox 2301 4198 3861 4268">
     <span class='ocr_line' id='line_1_89' title="bbox 2301 4198 3861 4268; baseline 0.001 -18"><span class='ocrx_word' id='word_1_556' title='bbox 2301 4208 2417 4268; x_wconf 91' lang='lat' dir='ltr'><strong>pter</strong></span> <span class='ocrx_word' id='word_1_557' title='bbox 2472 4198 2519 4251; x_wconf 90' lang='lat' dir='ltr'><strong>si</strong></span> <span class='ocrx_word' id='word_1_558' title='bbox 2572 4199 2813 4267; x_wconf 84' lang='lat' dir='ltr'><strong>ejusdem</strong></span> <span class='ocrx_word' id='word_1_559' title='bbox 2868 4199 3135 4255; x_wconf 79' lang='lat' dir='ltr'><strong>Ruinartii</strong></span> <span class='ocrx_word' id='word_1_560' title='bbox 3198 4204 3518 4255; x_wconf 88' lang='lat' dir='ltr'><strong>sententiam</strong></span> <span class='ocrx_word' id='word_1_561' title='bbox 3577 4200 3861 4267; x_wconf 83' lang='lat' dir='ltr'><strong>ipsismet,</strong></span> 
     </span>
    </p>
   </div>
   <div class='ocr_carea' id='block_1_90' title="bbox 2298 4291 3865 4358">
    <p class='ocr_par' dir='ltr' id='par_1_90' title="bbox 2298 4291 3865 4358">
     <span class='ocr_line' id='line_1_90' title="bbox 2298 4291 3865 4358; baseline 0.001 -15"><span class='ocrx_word' id='word_1_562' title='bbox 2298 4291 2499 4358; x_wconf 91' lang='lat' dir='ltr'><strong>quibus</strong></span> <span class='ocrx_word' id='word_1_563' title='bbox 2555 4292 2743 4344; x_wconf 89' lang='lat' dir='ltr'><strong>nititur</strong></span> <span class='ocrx_word' id='word_1_564' title='bbox 2794 4302 3033 4345; x_wconf 85' lang='lat' dir='ltr'><strong>veterum</strong></span> <span class='ocrx_word' id='word_1_565' title='bbox 3082 4293 3431 4357; x_wconf 83' lang='lat' dir='ltr'><strong>testimoniis,</strong></span> <span class='ocrx_word' id='word_1_566' title='bbox 3476 4304 3731 4344; x_wconf 88' lang='lat' dir='ltr'><strong>corruere</strong></span> <span class='ocrx_word' id='word_1_567' title='bbox 3765 4292 3865 4345; x_wconf 83' lang='lat' dir='ltr'><strong>de—</strong></span> 
     </span>
    </p>
   </div>
   <div class='ocr_carea' id='block_1_91' title="bbox 2300 4385 3863 4455">
    <p class='ocr_par' dir='ltr' id='par_1_91' title="bbox 2300 4385 3863 4455">
     <span class='ocr_line' id='line_1_91' title="bbox 2300 4385 3863 4455; baseline 0.005 -20"><span class='ocrx_word' id='word_1_568' title='bbox 2300 4385 2745 4451; x_wconf 86' lang='lat' dir='ltr'><strong>monstrabimus,</strong></span> <span class='ocrx_word' id='word_1_569' title='bbox 2787 4388 2858 4440; x_wconf 91' lang='lat' dir='ltr'><strong>nil</strong></span> <span class='ocrx_word' id='word_1_570' title='bbox 2918 4388 3075 4441; x_wconf 88' lang='lat' dir='ltr'><strong>nobis</strong></span> <span class='ocrx_word' id='word_1_571' title='bbox 3127 4388 3233 4441; x_wconf 88' lang='lat' dir='ltr'><strong>erit</strong></span> <span class='ocrx_word' id='word_1_572' title='bbox 3289 4386 3504 4455; x_wconf 80' lang='lat' dir='ltr'><strong>reliqui,</strong></span> <span class='ocrx_word' id='word_1_573' title='bbox 3561 4386 3863 4454; x_wconf 71' lang='lat' dir='ltr'><strong>quominus</strong></span> 
     </span>
    </p>
   </div>
   <div class='ocr_carea' id='block_1_92' title="bbox 2301 4475 3864 4547">
    <p class='ocr_par' dir='ltr' id='par_1_92' title="bbox 2301 4475 3864 4547">
     <span class='ocr_line' id='line_1_92' title="bbox 2301 4475 3864 4547; baseline 0.004 -23"><span class='ocrx_word' id='word_1_574' title='bbox 2301 4490 2551 4543; x_wconf 86' lang='lat' dir='ltr'><strong>magnum</strong></span> <span class='ocrx_word' id='word_1_575' title='bbox 2582 4475 2927 4547; x_wconf 85' lang='lat' dir='ltr'><strong>Hippolytum</strong></span> <span class='ocrx_word' id='word_1_576' title='bbox 2968 4478 3280 4547; x_wconf 89' lang='lat' dir='ltr'><strong>episcopum</strong></span> <span class='ocrx_word' id='word_1_577' title='bbox 3306 4486 3360 4532; x_wconf 91' lang='lat' dir='ltr'><strong>et</strong></span> <span class='ocrx_word' id='word_1_578' title='bbox 3398 4486 3689 4546; x_wconf 83' lang='lat' dir='ltr'><strong>martyrem</strong></span> <span class='ocrx_word' id='word_1_579' title='bbox 3730 4478 3864 4531; x_wconf 86' lang='lat' dir='ltr'><strong>Por-</strong></span> 
     </span>
    </p>
   </div>
   <div class='ocr_carea' id='block_1_93' title="bbox 633 4532 2228 4636">
    <p class='ocr_par' dir='ltr' id='par_1_93' title="bbox 633 4532 2200 4613">
     <span class='ocr_line' id='line_1_93' title="bbox 633 4532 2200 4613; baseline 0.012 -31"><span class='ocrx_word' id='word_1_580' title='bbox 633 4532 793 4597; x_wconf 79' lang='lat' dir='ltr'><strong>riam,</strong></span> <span class='ocrx_word' id='word_1_581' title='bbox 854 4535 1068 4588; x_wconf 89' lang='lat' dir='ltr'><strong>concise</strong></span> <span class='ocrx_word' id='word_1_582' title='bbox 1120 4537 1407 4593; x_wconf 91' lang='lat' dir='ltr'><strong>admodum</strong></span> <span class='ocrx_word' id='word_1_583' title='bbox 1461 4540 1673 4598; x_wconf 90' lang='lat' dir='ltr'><strong>duobus</strong></span> <span class='ocrx_word' id='word_1_584' title='bbox 1704 4544 1756 4598; x_wconf 90' lang='lat' dir='ltr'><strong>in</strong></span> <span class='ocrx_word' id='word_1_585' title='bbox 1792 4545 1923 4598; x_wconf 92' lang='lat' dir='ltr'><strong>locis</strong></span> <span class='ocrx_word' id='word_1_586' title='bbox 1952 4550 2200 4613; x_wconf 80' lang='lat' dir='ltr'><strong>exposuit</strong></span> 
     </span>
    </p>
   </div>
   <div class='ocr_carea' id='block_1_94' title="bbox 2307 4532 3854 4636">
    <p class='ocr_par' dir='ltr' id='par_1_94' title="bbox 2307 4532 3854 4636">
     <span class='ocr_line' id='line_1_94' title="bbox 2307 4532 3854 4636; baseline 0.004 -20"><span class='ocrx_word' id='word_1_587' title='bbox 2307 4566 2483 4619; x_wconf 88' lang='lat' dir='ltr'><strong>luensi</strong></span> <span class='ocrx_word' id='word_1_588' title='bbox 2501 4564 2755 4619; x_wconf 75' lang='lat' dir='ltr'><strong>Ecclesia:</strong></span> <span class='ocrx_word' id='word_1_589' title='bbox 2778 4532 3208 4634; x_wconf 65' lang='lat' dir='ltr'><strong>adjudicandum</strong></span> <span class='ocrx_word' id='word_1_590' title='bbox 3254 4584 3321 4623; x_wconf 76' lang='lat' dir='ltr'><strong>ex</strong></span> <span class='ocrx_word' id='word_1_591' title='bbox 3360 4568 3531 4636; x_wconf 89' lang='lat' dir='ltr'><strong>ipsius</strong></span> <span class='ocrx_word' id='word_1_592' title='bbox 3577 4566 3854 4622; x_wconf 86' lang='lat' dir='ltr'><strong>Prudentii</strong></span> 
     </span>
    </p>
   </div>
   <div class='ocr_carea' id='block_1_95' title="bbox 632 4624 2195 4707">
    <p class='ocr_par' dir='ltr' id='par_1_95' title="bbox 632 4624 2195 4707">
     <span class='ocr_line' id='line_1_95' title="bbox 632 4624 2195 4707; baseline 0.01 -28"><span class='ocrx_word' id='word_1_593' title='bbox 632 4628 715 4679; x_wconf 75' lang='lat' dir='ltr'><strong>vir</strong></span> <span class='ocrx_word' id='word_1_594' title='bbox 752 4624 1106 4685; x_wconf 82' lang='lat' dir='ltr'><strong>clarissimus.</strong></span> <span class='ocrx_word' id='word_1_595' title='bbox 1143 4626 1338 4685; x_wconf 81' lang='lat' dir='ltr'><strong>Narrat</strong></span> <span class='ocrx_word' id='word_1_596' title='bbox 1387 4634 1723 4705; x_wconf 89' lang='lat' dir='ltr'><strong>Nicephorus</strong></span> <span class='ocrx_word' id='word_1_597' title='bbox 1774 4639 1910 4691; x_wconf 90' lang='lat' dir='ltr'><strong>libro</strong></span> <span class='ocrx_word' id='word_1_598' title='bbox 1952 4654 2025 4702; x_wconf 85' lang='lat' dir='ltr'><strong>tv,</strong></span> <span class='ocrx_word' id='word_1_599' title='bbox 2074 4654 2195 4707; x_wconf 92' lang='lat' dir='ltr'><strong>cap.</strong></span> 
     </span>
    </p>
   </div>
   <div class='ocr_carea' id='block_1_96' title="bbox 633 4711 2195 4797">
    <p class='ocr_par' dir='ltr' id='par_1_96' title="bbox 633 4711 2195 4797">
     <span class='ocr_line' id='line_1_96' title="bbox 633 4711 2195 4797; baseline 0.011 -30"><span class='ocrx_word' id='word_1_600' title='bbox 633 4715 695 4768; x_wconf 74' lang='lat' dir='ltr'><strong>3t</strong></span> <span class='ocrx_word' id='word_1_601' title='bbox 743 4713 877 4783; x_wconf 83' lang='lat'><strong>(50),</strong></span> <span class='ocrx_word' id='word_1_602' title='bbox 920 4711 1262 4787; x_wconf 84' lang='lat' dir='ltr'><strong>Hippolytum</strong></span> <span class='ocrx_word' id='word_1_603' title='bbox 1315 4736 1558 4779; x_wconf 91' lang='lat' dir='ltr'><strong>nostrum</strong></span> <span class='ocrx_word' id='word_1_604' title='bbox 1608 4731 1856 4797; x_wconf 57' lang='lat' dir='ltr'><strong>quadam</strong></span> <span class='ocrx_word' id='word_1_605' title='bbox 1909 4730 2195 4797; x_wconf 86' lang='lat' dir='ltr'><strong>scripsisse</strong></span> 
     </span>
    </p>
   </div>
   <div class='ocr_carea' id='block_1_97' title="bbox 634 4807 2193 4889">
    <p class='ocr_par' dir='ltr' id='par_1_97' title="bbox 634 4807 2193 4889">
     <span class='ocr_line' id='line_1_97' title="bbox 634 4807 2193 4889; baseline 0.012 -35"><span class='ocrx_word' id='word_1_606' title='bbox 634 4820 754 4872; x_wconf 64' lang='lat' dir='ltr'><strong>quae</strong></span> <span class='ocrx_word' id='word_1_607' title='bbox 798 4807 1212 4873; x_wconf 84' lang='lat' dir='ltr'><strong>reprehensione</strong></span> <span class='ocrx_word' id='word_1_608' title='bbox 1238 4823 1345 4861; x_wconf 90' lang='lat' dir='ltr'><strong>non</strong></span> <span class='ocrx_word' id='word_1_609' title='bbox 1375 4821 1580 4878; x_wconf 89' lang='lat' dir='ltr'><strong>carent,</strong></span> <span class='ocrx_word' id='word_1_610' title='bbox 1624 4820 1843 4885; x_wconf 88' lang='lat' dir='ltr'><strong>quibus,</strong></span> <span class='ocrx_word' id='word_1_611' title='bbox 1877 4820 2193 4889; x_wconf 82' lang='lat' dir='ltr'><strong>martyrium</strong></span> 
     </span>
    </p>
   </div>
   <div class='ocr_carea' id='block_1_98' title="bbox 634 4898 2193 4976">
    <p class='ocr_par' dir='ltr' id='par_1_98' title="bbox 634 4898 2193 4976">
     <span class='ocr_line' id='line_1_98' title="bbox 634 4898 2193 4976; baseline 0.012 -31"><span class='ocrx_word' id='word_1_612' title='bbox 634 4898 975 4974; x_wconf 77' lang='lat' dir='ltr'><strong>postmodum</strong></span> <span class='ocrx_word' id='word_1_613' title='bbox 1002 4907 1349 4963; x_wconf 87' lang='lat' dir='ltr'><strong>consecutus,</strong></span> <span class='ocrx_word' id='word_1_614' title='bbox 1383 4917 1597 4957; x_wconf 90' lang='lat' dir='ltr'><strong>omnem</strong></span> <span class='ocrx_word' id='word_1_615' title='bbox 1639 4908 1955 4976; x_wconf 77' lang='lat' dir='ltr'><strong>ignorantiae</strong></span> <span class='ocrx_word' id='word_1_616' title='bbox 2007 4926 2193 4963; x_wconf 87' lang='lat' dir='ltr'><strong>macu-</strong></span> 
     </span>
    </p>
   </div>
   <div class='ocr_carea' id='block_1_99' title="bbox 632 4981 2189 5057">
    <p class='ocr_par' dir='ltr' id='par_1_99' title="bbox 632 4981 2189 5057">
     <span class='ocr_line' id='line_1_99' title="bbox 632 4981 2189 5057; baseline 0.01 -22"><span class='ocrx_word' id='word_1_617' title='bbox 632 4981 738 5036; x_wconf 83' lang='lat' dir='ltr'><strong>lam</strong></span> <span class='ocrx_word' id='word_1_618' title='bbox 787 4987 1025 5043; x_wconf 89' lang='lat' dir='ltr'><strong>detersit.</strong></span> <span class='ocrx_word' id='word_1_619' title='bbox 1062 4982 1157 5043; x_wconf 86' lang='lat' dir='ltr'><strong>His</strong></span> <span class='ocrx_word' id='word_1_620' title='bbox 1208 4988 1499 5057; x_wconf 82' lang='lat' dir='ltr'><strong>Nicephori</strong></span> <span class='ocrx_word' id='word_1_621' title='bbox 1533 4998 1709 5051; x_wconf 85' lang='lat' dir='ltr'><strong>verbis</strong></span> <span class='ocrx_word' id='word_1_622' title='bbox 1758 5000 1897 5053; x_wconf 82' lang='lat' dir='ltr'><strong>hanc</strong></span> <span class='ocrx_word' id='word_1_623' title='bbox 1948 5000 2189 5052; x_wconf 89' lang='lat' dir='ltr'><strong>notulam</strong></span> 
     </span>
    </p>
   </div>
   <div class='ocr_carea' id='block_1_100' title="bbox 633 5074 2185 5159">
    <p class='ocr_par' dir='ltr' id='par_1_100' title="bbox 633 5074 2185 5159">
     <span class='ocr_line' id='line_1_100' title="bbox 633 5074 2185 5159; baseline 0.012 -34"><span class='ocrx_word' id='word_1_624' title='bbox 633 5074 863 5142; x_wconf 82' lang='lat' dir='ltr'><strong>subjecit</strong></span> <span class='ocrx_word' id='word_1_625' title='bbox 900 5075 1101 5134; x_wconf 86' lang='lat' dir='ltr'><strong>Fronto</strong></span> <span class='ocrx_word' id='word_1_626' title='bbox 1132 5100 1146 5134; x_wconf 87' lang='lat'><strong>:</strong></span> <span class='ocrx_word' id='word_1_627' title='bbox 1188 5099 1206 5132; x_wconf 78' lang='grc' dir='ltr'>ι</span> <span class='ocrx_word' id='word_1_628' title='bbox 1241 5078 1415 5150; x_wconf 78' lang='lat' dir='ltr'><strong>Hujus</strong></span> <span class='ocrx_word' id='word_1_629' title='bbox 1453 5080 1668 5152; x_wconf 77' lang='lat' dir='ltr'><strong>(nempe</strong></span> <span class='ocrx_word' id='word_1_630' title='bbox 1718 5085 2012 5159; x_wconf 88' lang='lat' dir='ltr'><strong>Hippolyti)</strong></span> <span class='ocrx_word' id='word_1_631' title='bbox 2060 5104 2185 5159; x_wconf 90' lang='lat' dir='ltr'><strong>pas-</strong></span> 
     </span>
    </p>
   </div>
   <div class='ocr_carea' id='block_1_101' title="bbox 705 5290 2184 5379">
    <p class='ocr_par' dir='ltr' id='par_1_101' title="bbox 705 5290 2184 5379">
     <span class='ocr_line' id='line_1_101' title="bbox 705 5290 2184 5379; baseline 0.013 -35"><span class='ocrx_word' id='word_1_632' title='bbox 705 5290 915 5379; x_wconf 47' lang='lat' dir='ltr'><strong>(Altilfn</strong></span> <span class='ocrx_word' id='word_1_633' title='bbox 940 5304 1073 5379; x_wconf 72' lang='lat' dir='ltr'><strong>tom.</strong></span> <span class='ocrx_word' id='word_1_634' title='bbox 1168 5299 1290 5354; x_wconf 82' lang='lat' dir='ltr'><strong>Act.</strong></span> <span class='ocrx_word' id='word_1_635' title='bbox 1313 5302 1983 5379; x_wconf 27' lang='lat' dir='ltr'><strong>_sat_igt.,r_nensissAprilis,</strong></span> <span class='ocrx_word' id='word_1_636' title='bbox 2014 5308 2040 5379; x_wconf 84' lang='lat'><strong>§</strong></span> <span class='ocrx_word' id='word_1_637' title='bbox 2086 5312 2184 5374; x_wconf 79' lang='lat' dir='ltr'><strong>l9,</strong></span> 
     </span>
    </p>
   </div>
   <div class='ocr_carea' id='block_1_102' title="bbox 632 5362 2186 5434">
    <p class='ocr_par' dir='ltr' id='par_1_102' title="bbox 632 5362 2186 5434">
     <span class='ocr_line' id='line_1_102' title="bbox 632 5362 2186 5434; baseline 0.011 -18"><span class='ocrx_word' id='word_1_638' title='bbox 632 5376 686 5434; x_wconf 72' lang='grc' dir='ltr'><strong>ρ.</strong></span> <span class='ocrx_word' id='word_1_639' title='bbox 713 5362 784 5415; x_wconf 69' lang='lat' dir='ltr'><strong>at</strong></span> <span class='ocrx_word' id='word_1_640' title='bbox 812 5364 939 5434; x_wconf 87' lang='lat' dir='ltr'><strong>edit.</strong></span> <span class='ocrx_word' id='word_1_641' title='bbox 972 5365 1180 5421; x_wconf 69' lang='lat' dir='ltr'><strong>Venetze</strong></span> <span class='ocrx_word' id='word_1_642' title='bbox 1200 5372 1325 5422; x_wconf 88' lang='lat' dir='ltr'><strong>anni</strong></span> <span class='ocrx_word' id='word_1_643' title='bbox 1356 5363 1596 5434; x_wconf 52' lang='lat'><strong>1757,11.</strong></span> <span class='ocrx_word' id='word_1_644' title='bbox 1624 5370 1681 5426; x_wconf 85' lang='lat' dir='ltr'><strong>s.</strong></span> <span class='ocrx_word' id='word_1_645' title='bbox 1715 5362 1983 5428; x_wconf 69' lang='grc' dir='ltr'><strong>ροιὲιίηηᾰ</strong></span> <span class='ocrx_word' id='word_1_646' title='bbox 2007 5362 2040 5430; x_wconf 88' lang='lat'><strong>.-&quot;</strong></span> <span class='ocrx_word' id='word_1_647' title='bbox 2063 5399 2080 5428; x_wconf 86' lang='grc'><strong><em>‹</em></strong></span> <span class='ocrx_word' id='word_1_648' title='bbox 2113 5362 2186 5433; x_wconf 73' lang='grc' dir='ltr'>Εὸ</span> 
     </span>
    </p>
   </div>
   <div class='ocr_carea' id='block_1_103' title="bbox 634 5433 2186 5514">
    <p class='ocr_par' dir='ltr' id='par_1_103' title="bbox 634 5433 2186 5514">
     <span class='ocr_line' id='line_1_103' title="bbox 634 5433 2186 5514; baseline 0.014 -32"><span class='ocrx_word' id='word_1_649' title='bbox 634 5433 876 5514; x_wconf 70' lang='lat' dir='ltr'><strong>tempore</strong></span> <span class='ocrx_word' id='word_1_650' title='bbox 919 5433 1215 5514; x_wconf 69' lang='lat' dir='ltr'><strong>Pontianus</strong></span> <span class='ocrx_word' id='word_1_651' title='bbox 1266 5433 1573 5514; x_wconf 79' lang='lat' dir='ltr'><strong>episcopus,</strong></span> <span class='ocrx_word' id='word_1_652' title='bbox 1615 5450 1668 5496; x_wconf 83' lang='lat' dir='ltr'><strong>et</strong></span> <span class='ocrx_word' id='word_1_653' title='bbox 1713 5441 2027 5513; x_wconf 71' lang='lat' dir='ltr'><strong>Hippolytus</strong></span> <span class='ocrx_word' id='word_1_654' title='bbox 2070 5466 2186 5514; x_wconf 84' lang='lat' dir='ltr'><strong>prc-</strong></span> 
     </span>
    </p>
   </div>
   <div class='ocr_carea' id='block_1_104' title="bbox 631 5504 2184 5579">
    <p class='ocr_par' dir='ltr' id='par_1_104' title="bbox 631 5504 2184 5579">
     <span class='ocr_line' id='line_1_104' title="bbox 631 5504 2184 5579; baseline 0.015 -28"><span class='ocrx_word' id='word_1_655' title='bbox 631 5504 1070 5579; x_wconf 56' lang='lat' dir='ltr'><strong>gliyterexsulcs</strong></span> <span class='ocrx_word' id='word_1_656' title='bbox 1115 5516 1243 5560; x_wconf 91' lang='lat' dir='ltr'><strong>sunt</strong></span> <span class='ocrx_word' id='word_1_657' title='bbox 1266 5504 1531 5579; x_wconf 71' lang='lat' dir='ltr'><strong>deportati</strong></span> <span class='ocrx_word' id='word_1_658' title='bbox 1562 5504 1627 5568; x_wconf 27' lang='lat' dir='ltr'><strong>vin</strong></span> <span class='ocrx_word' id='word_1_659' title='bbox 1670 5504 2184 5575; x_wconf 44' lang='lat' dir='ltr'><strong>insui-ain&#39;nocivam</strong></span> 
     </span>
    </p>
   </div>
   <div class='ocr_carea' id='block_1_105' title="bbox 634 5570 1163 5634">
    <p class='ocr_par' dir='ltr' id='par_1_105' title="bbox 634 5570 1163 5634">
     <span class='ocr_line' id='line_1_105' title="bbox 634 5570 1163 5634; baseline 0.011 -13"><span class='ocrx_word' id='word_1_660' title='bbox 634 5570 966 5634; x_wconf 60' lang='lat' dir='ltr'><strong>Sdrdiniam,</strong></span> <span class='ocrx_word' id='word_1_661' title='bbox 1006 5592 1023 5623; x_wconf 72' lang='grc' dir='ltr'><strong><em>ι</em></strong></span> <span class='ocrx_word' id='word_1_662' title='bbox 1062 5585 1163 5627; x_wconf 77' lang='lat' dir='ltr'><strong>etc.</strong></span> 
     </span>
    </p>
   </div>
   <div class='ocr_carea' id='block_1_106' title="bbox 670 5639 2179 5723">
    <p class='ocr_par' dir='ltr' id='par_1_106' title="bbox 670 5639 2179 5723">
     <span class='ocr_line' id='line_1_106' title="bbox 670 5639 2179 5723; baseline 0.012 -32"><span class='ocrx_word' id='word_1_663' title='bbox 670 5639 812 5723; x_wconf 28' lang='lat'><strong>“(47)</strong></span> <span class='ocrx_word' id='word_1_664' title='bbox 836 5640 1202 5699; x_wconf 69' lang='lat' dir='ltr'><strong>Dissecation.</strong></span> <span class='ocrx_word' id='word_1_665' title='bbox 1216 5645 1569 5723; x_wconf 56' lang='lat' dir='ltr'><strong>pyprianica&#39;,</strong></span> <span class='ocrx_word' id='word_1_666' title='bbox 1596 5654 1812 5709; x_wconf 79' lang='lat' dir='ltr'><strong>dissert.</strong></span> <span class='ocrx_word' id='word_1_667' title='bbox 1862 5653 1883 5723; x_wconf 54' lang='grc' dir='ltr'><strong>ἦ</strong></span> <span class='ocrx_word' id='word_1_668' title='bbox 1900 5654 1916 5706; x_wconf 90' lang='lat' dir='ltr'><strong>l</strong></span> <span class='ocrx_word' id='word_1_669' title='bbox 1954 5655 2027 5707; x_wconf 87' lang='lat' dir='ltr'><strong>De</strong></span> <span class='ocrx_word' id='word_1_670' title='bbox 2048 5673 2179 5723; x_wconf 84' lang='lat' dir='ltr'><strong>pan-</strong></span> 
     </span>
    </p>
   </div>
   <div class='ocr_carea' id='block_1_107' title="bbox 629 5718 2177 5796">
    <p class='ocr_par' dir='ltr' id='par_1_107' title="bbox 629 5718 2177 5796">
     <span class='ocr_line' id='line_1_107' title="bbox 629 5718 2177 5796; baseline 0.014 -38"><span class='ocrx_word' id='word_1_671' title='bbox 629 5718 827 5796; x_wconf 41' lang='grc' dir='ltr'><strong>βία-ξς..</strong></span> <span class='ocrx_word' id='word_1_672' title='bbox 850 5726 1159 5796; x_wconf 50' lang='lat' dir='ltr'><strong>martyrum,</strong></span> <span class='ocrx_word' id='word_1_673' title='bbox 1187 5718 1240 5796; x_wconf 34' lang='grc' dir='ltr'><strong>,ᾗ</strong></span> <span class='ocrx_word' id='word_1_674' title='bbox 1270 5719 1372 5796; x_wconf 37' lang='grc' dir='ltr'><strong>49η</strong></span> <span class='ocrx_word' id='word_1_675' title='bbox 1411 5724 1631 5796; x_wconf 40' lang='grc' dir='ltr'><strong>ρηηὸδ</strong></span> <span class='ocrx_word' id='word_1_676' title='bbox 1674 5726 1827 5796; x_wconf 0' lang='grc' dir='ltr'><strong>θεῷ)</strong></span> <span class='ocrx_word' id='word_1_677' title='bbox 1855 5718 2087 5796; x_wconf 86' lang='lat' dir='ltr'><strong>Operum</strong></span> <span class='ocrx_word' id='word_1_678' title='bbox 2121 5729 2177 5781; x_wconf 78' lang='lat' dir='ltr'><strong>S.</strong></span> 
     </span>
    </p>
   </div>
   <div class='ocr_carea' id='block_1_108' title="bbox 630 5778 1861 5861">
    <p class='ocr_par' dir='ltr' id='par_1_108' title="bbox 630 5778 1861 5861">
     <span class='ocr_line' id='line_1_108' title="bbox 630 5778 1861 5861; baseline 0.015 -28"><span class='ocrx_word' id='word_1_679' title='bbox 630 5778 831 5837; x_wconf 63' lang='lat' dir='ltr'><strong>Uadlii</strong></span> <span class='ocrx_word' id='word_1_680' title='bbox 859 5778 1141 5856; x_wconf 41' lang='lat' dir='ltr'><strong>Cypriani;</strong></span> <span class='ocrx_word' id='word_1_681' title='bbox 1172 5778 1555 5846; x_wconf 71' lang='lat' dir='ltr'><strong>Aiustélodaihi</strong></span> <span class='ocrx_word' id='word_1_682' title='bbox 1586 5810 1675 5850; x_wconf 65' lang='lat' dir='ltr'><strong>an.</strong></span> <span class='ocrx_word' id='word_1_683' title='bbox 1704 5791 1861 5861; x_wconf 61' lang='grc' dir='ltr'><strong>ΠΜ),</strong></span> 
     </span>
    </p>
   </div>
   <div class='ocr_carea' id='block_1_109' title="bbox 2297 4654 3857 4729">
    <p class='ocr_par' dir='ltr' id='par_1_109' title="bbox 2297 4654 3857 4729">
     <span class='ocr_line' id='line_1_109' title="bbox 2297 4654 3857 4729; baseline 0.005 -25"><span class='ocrx_word' id='word_1_684' title='bbox 2297 4654 2629 4708; x_wconf 81' lang='lat' dir='ltr'><strong>carminibus</strong></span> <span class='ocrx_word' id='word_1_685' title='bbox 2652 4656 3024 4721; x_wconf 78' lang='lat' dir='ltr'><strong>patentissimo</strong></span> <span class='ocrx_word' id='word_1_686' title='bbox 3060 4659 3483 4729; x_wconf 84' lang='lat' dir='ltr'><strong>conspiciamus.</strong></span> <span class='ocrx_word' id='word_1_687' title='bbox 3527 4655 3682 4721; x_wconf 86' lang='lat' dir='ltr'><strong>Quod</strong></span> <span class='ocrx_word' id='word_1_688' title='bbox 3730 4660 3857 4728; x_wconf 89' lang='lat' dir='ltr'><strong>qui-</strong></span> 
     </span>
    </p>
   </div>
   <div class='ocr_carea' id='block_1_110' title="bbox 2295 4744 3851 4819">
    <p class='ocr_par' dir='ltr' id='par_1_110' title="bbox 2295 4744 3851 4819">
     <span class='ocr_line' id='line_1_110' title="bbox 2295 4744 3851 4819; baseline 0.007 -27"><span class='ocrx_word' id='word_1_689' title='bbox 2295 4744 2415 4794; x_wconf 87' lang='lat' dir='ltr'><strong>dem</strong></span> <span class='ocrx_word' id='word_1_690' title='bbox 2466 4753 2592 4796; x_wconf 89' lang='lat' dir='ltr'><strong>ante</strong></span> <span class='ocrx_word' id='word_1_691' title='bbox 2646 4754 2864 4799; x_wconf 89' lang='lat' dir='ltr'><strong>centum</strong></span> <span class='ocrx_word' id='word_1_692' title='bbox 2914 4749 3305 4819; x_wconf 89' lang='lat' dir='ltr'><strong>quinquaginta</strong></span> <span class='ocrx_word' id='word_1_693' title='bbox 3367 4757 3422 4801; x_wconf 92' lang='lat' dir='ltr'><strong>et</strong></span> <span class='ocrx_word' id='word_1_694' title='bbox 3480 4748 3617 4802; x_wconf 88' lang='lat' dir='ltr'><strong>ultra</strong></span> <span class='ocrx_word' id='word_1_695' title='bbox 3675 4763 3851 4803; x_wconf 81' lang='lat' dir='ltr'><strong>annos</strong></span> 
     </span>
    </p>
   </div>
   <div class='ocr_carea' id='block_1_111' title="bbox 2296 4834 3851 4908">
    <p class='ocr_par' dir='ltr' id='par_1_111' title="bbox 2296 4834 3851 4908">
     <span class='ocr_line' id='line_1_111' title="bbox 2296 4834 3851 4908; baseline 0.006 -25"><span class='ocrx_word' id='word_1_696' title='bbox 2296 4834 2533 4888; x_wconf 82' lang='lat' dir='ltr'><strong>maximo</strong></span> <span class='ocrx_word' id='word_1_697' title='bbox 2567 4836 2853 4891; x_wconf 82' lang='lat' dir='ltr'><strong>Annalium</strong></span> <span class='ocrx_word' id='word_1_698' title='bbox 2885 4840 3155 4894; x_wconf 84' lang='lat' dir='ltr'><strong>conditori</strong></span> <span class='ocrx_word' id='word_1_699' title='bbox 3184 4840 3418 4908; x_wconf 89' lang='lat' dir='ltr'><strong>primum</strong></span> <span class='ocrx_word' id='word_1_700' title='bbox 3443 4839 3753 4894; x_wconf 87' lang='lat' dir='ltr'><strong>suboluisse</strong></span> <span class='ocrx_word' id='word_1_701' title='bbox 3774 4842 3851 4893; x_wconf 85' lang='lat' dir='ltr'><strong>vi-</strong></span> 
     </span>
    </p>
   </div>
   <div class='ocr_carea' id='block_1_112' title="bbox 2293 4926 3852 5000">
    <p class='ocr_par' dir='ltr' id='par_1_112' title="bbox 2293 4926 3852 5000">
     <span class='ocr_line' id='line_1_112' title="bbox 2293 4926 3852 5000; baseline 0.004 -23"><span class='ocrx_word' id='word_1_702' title='bbox 2293 4926 2504 4992; x_wconf 86' lang='lat' dir='ltr'><strong>dimus;</strong></span> <span class='ocrx_word' id='word_1_703' title='bbox 2541 4944 2728 4982; x_wconf 89' lang='lat' dir='ltr'><strong>verum</strong></span> <span class='ocrx_word' id='word_1_704' title='bbox 2754 4946 2876 4985; x_wconf 93' lang='lat' dir='ltr'><strong>cum</strong></span> <span class='ocrx_word' id='word_1_705' title='bbox 2909 4948 3136 5000; x_wconf 86' lang='lat' dir='ltr'><strong>magnus</strong></span> <span class='ocrx_word' id='word_1_706' title='bbox 3168 4931 3250 4984; x_wconf 90' lang='lat' dir='ltr'><strong>vir</strong></span> <span class='ocrx_word' id='word_1_707' title='bbox 3294 4930 3560 4986; x_wconf 87' lang='lat' dir='ltr'><strong>immensa</strong></span> <span class='ocrx_word' id='word_1_708' title='bbox 3590 4933 3852 4985; x_wconf 79' lang='lat' dir='ltr'><strong>ecclesia-</strong></span> 
     </span>
    </p>
   </div>
   <div class='ocr_carea' id='block_1_113' title="bbox 2292 5018 3849 5085">
    <p class='ocr_par' dir='ltr' id='par_1_113' title="bbox 2292 5018 3849 5085">
     <span class='ocr_line' id='line_1_113' title="bbox 2292 5018 3849 5085; baseline 0.004 -16"><span class='ocrx_word' id='word_1_709' title='bbox 2292 5018 2548 5070; x_wconf 66' lang='lat' dir='ltr'><strong>:ticorum</strong></span> <span class='ocrx_word' id='word_1_710' title='bbox 2581 5022 2856 5077; x_wconf 83' lang='lat' dir='ltr'><strong>annalium</strong></span> <span class='ocrx_word' id='word_1_711' title='bbox 2890 5023 3031 5083; x_wconf 89' lang='lat' dir='ltr'><strong>mole</strong></span> <span class='ocrx_word' id='word_1_712' title='bbox 3059 5022 3403 5085; x_wconf 89' lang='lat' dir='ltr'><strong>obrueretur,</strong></span> <span class='ocrx_word' id='word_1_713' title='bbox 3451 5037 3604 5076; x_wconf 88' lang='lat' dir='ltr'><strong>suam</strong></span> <span class='ocrx_word' id='word_1_714' title='bbox 3632 5021 3701 5073; x_wconf 85' lang='lat' dir='ltr'><strong>de</strong></span> <span class='ocrx_word' id='word_1_715' title='bbox 3745 5022 3849 5075; x_wconf 78' lang='lat' dir='ltr'><strong>hac</strong></span> 
     </span>
    </p>
   </div>
   <div class='ocr_carea' id='block_1_114' title="bbox 2290 5110 3844 5181">
    <p class='ocr_par' dir='ltr' id='par_1_114' title="bbox 2290 5110 3844 5181">
     <span class='ocr_line' id='line_1_114' title="bbox 2290 5110 3844 5181; baseline 0.004 -18"><span class='ocrx_word' id='word_1_716' title='bbox 2290 5110 2588 5179; x_wconf 67' lang='lat' dir='ltr'><strong>qutestione</strong></span> <span class='ocrx_word' id='word_1_717' title='bbox 2617 5114 2960 5176; x_wconf 88' lang='lat' dir='ltr'><strong>sententiam,</strong></span> <span class='ocrx_word' id='word_1_718' title='bbox 2992 5128 3055 5167; x_wconf 86' lang='lat' dir='ltr'><strong>ea</strong></span> <span class='ocrx_word' id='word_1_719' title='bbox 3106 5127 3213 5181; x_wconf 89' lang='lat' dir='ltr'><strong>qua</strong></span> <span class='ocrx_word' id='word_1_720' title='bbox 3253 5124 3483 5181; x_wconf 85' lang='lat' dir='ltr'><strong>pcterat,</strong></span> <span class='ocrx_word' id='word_1_721' title='bbox 3521 5114 3844 5169; x_wconf 80' lang='lat' dir='ltr'><strong>selectorum</strong></span> 
     </span>
    </p>
   </div>
   <div class='ocr_carea' id='block_1_115' title="bbox 2359 5309 3839 5383">
    <p class='ocr_par' dir='ltr' id='par_1_115' title="bbox 2359 5309 3839 5383">
     <span class='ocr_line' id='line_1_115' title="bbox 2359 5309 3839 5383; baseline 0.003 -21"><span class='ocrx_word' id='word_1_722' title='bbox 2359 5310 2469 5379; x_wconf 67' lang='grc'><strong>(48)</strong></span> <span class='ocrx_word' id='word_1_723' title='bbox 2505 5309 2559 5364; x_wconf 86' lang='grc' dir='ltr'><strong>1η</strong></span> <span class='ocrx_word' id='word_1_724' title='bbox 2592 5314 2733 5367; x_wconf 91' lang='lat' dir='ltr'><strong>notis</strong></span> <span class='ocrx_word' id='word_1_725' title='bbox 2777 5314 2840 5370; x_wconf 87' lang='lat' dir='ltr'><strong>ad</strong></span> <span class='ocrx_word' id='word_1_726' title='bbox 2874 5312 3313 5383; x_wconf 78' lang='lat' dir='ltr'><strong>Martyrologium</strong></span> <span class='ocrx_word' id='word_1_727' title='bbox 3361 5312 3593 5367; x_wconf 86' lang='lat' dir='ltr'><strong>Usuardi</strong></span> <span class='ocrx_word' id='word_1_728' title='bbox 3642 5313 3732 5383; x_wconf 73' lang='lat' dir='ltr'><strong>die</strong></span> <span class='ocrx_word' id='word_1_729' title='bbox 3767 5314 3839 5367; x_wconf 76' lang='lat'><strong>&#39;50</strong></span> 
     </span>
    </p>
   </div>
   <div class='ocr_carea' id='block_1_116' title="bbox 2285 5380 3837 5502">
    <p class='ocr_par' dir='ltr' id='par_1_116' title="bbox 2285 5380 3837 5502">
     <span class='ocr_line' id='line_1_116' title="bbox 2285 5380 3837 5502; baseline 0.003 -68"><span class='ocrx_word' id='word_1_730' title='bbox 2285 5380 2559 5502; x_wconf 50' lang='lat' dir='ltr'><strong>Jaa.u:t{ili,</strong></span> <span class='ocrx_word' id='word_1_731' title='bbox 2602 5399 2723 5452; x_wconf 78' lang='lat' dir='ltr'><strong>pag.</strong></span> <span class='ocrx_word' id='word_1_732' title='bbox 2778 5384 2844 5435; x_wconf 86' lang='lat'><strong>70</strong></span> <span class='ocrx_word' id='word_1_733' title='bbox 2901 5380 3024 5437; x_wconf 59' lang='grc' dir='ltr'><strong>Λαίς</strong></span> <span class='ocrx_word' id='word_1_734' title='bbox 3084 5391 3321 5436; x_wconf 85' lang='lat' dir='ltr'><strong>sanctor.</strong></span> <span class='ocrx_word' id='word_1_735' title='bbox 3379 5383 3579 5436; x_wconf 89' lang='lat' dir='ltr'><strong>mensis</strong></span> <span class='ocrx_word' id='word_1_736' title='bbox 3643 5380 3837 5446; x_wconf 73' lang='lat' dir='ltr'><strong>Junii,</strong></span> 
     </span>
     <span class='ocr_line' id='line_1_117' title="bbox 2288 5463 2538 5502; baseline 0 0"><span class='ocrx_word' id='word_1_737' title='bbox 2288 5463 2418 5502; x_wconf 75' lang='grc' dir='ltr'><strong>ίυΙΙΙ.</strong></span> <span class='ocrx_word' id='word_1_738' title='bbox 2527 5493 2538 5502; x_wconf 88' lang='grc'>.</span> 
     </span>
    </p>
   </div>
   <div class='ocr_carea' id='block_1_117' title="bbox 2288 5463 2538 5505">
    <p class='ocr_par' dir='ltr' id='par_1_117' title="bbox 2288 5463 2538 5505">
     <span class='ocr_line' id='line_1_118' title="bbox 2288 5463 2538 5505; baseline -0.008 0"><span class='ocrx_word' id='word_1_739' title='bbox 2288 5463 2418 5505; x_wconf 83' lang='lat' dir='ltr'><strong>tum.</strong></span> <span class='ocrx_word' id='word_1_740' title='bbox 2462 5463 2538 5503; x_wconf 73' lang='lat' dir='ltr'><strong>Vl.</strong></span> 
     </span>
    </p>
   </div>
   <div class='ocr_carea' id='block_1_118' title="bbox 2355 5518 3834 5588">
    <p class='ocr_par' dir='ltr' id='par_1_118' title="bbox 2355 5518 3834 5588">
     <span class='ocr_line' id='line_1_119' title="bbox 2355 5518 3834 5588; baseline 0.003 -16"><span class='ocrx_word' id='word_1_741' title='bbox 2355 5522 2603 5588; x_wconf 59' lang='lat' dir='ltr'><strong>(19)Act.</strong></span> <span class='ocrx_word' id='word_1_742' title='bbox 2626 5535 2862 5578; x_wconf 89' lang='lat' dir='ltr'><strong>sanctor.</strong></span> <span class='ocrx_word' id='word_1_743' title='bbox 2880 5526 3080 5577; x_wconf 76' lang='lat' dir='ltr'><strong>mensis</strong></span> <span class='ocrx_word' id='word_1_744' title='bbox 3102 5522 3350 5588; x_wconf 76' lang='lat' dir='ltr'><strong>Augusti,</strong></span> <span class='ocrx_word' id='word_1_745' title='bbox 3366 5528 3495 5573; x_wconf 91' lang='lat' dir='ltr'><strong>tom.</strong></span> <span class='ocrx_word' id='word_1_746' title='bbox 3513 5518 3577 5573; x_wconf 85' lang='lat' dir='ltr'><strong>Ill</strong></span> <span class='ocrx_word' id='word_1_747' title='bbox 3593 5520 3834 5582; x_wconf 76' lang='lat' dir='ltr'><strong>,diexul.</strong></span> 
     </span>
    </p>
   </div>
   <div class='ocr_carea' id='block_1_119' title="bbox 2355 5588 3840 5663">
    <p class='ocr_par' dir='ltr' id='par_1_119' title="bbox 2355 5588 3840 5663">
     <span class='ocr_line' id='line_1_120' title="bbox 2355 5588 3840 5663; baseline 0.003 -19"><span class='ocrx_word' id='word_1_748' title='bbox 2355 5593 2465 5660; x_wconf 76' lang='grc'><strong>(50)</strong></span> <span class='ocrx_word' id='word_1_749' title='bbox 2496 5593 2802 5660; x_wconf 74' lang='lat' dir='ltr'><strong>Ncepltor.,</strong></span> <span class='ocrx_word' id='word_1_750' title='bbox 2839 5611 2956 5663; x_wconf 82' lang='lat' dir='ltr'><strong>pag.</strong></span> <span class='ocrx_word' id='word_1_751' title='bbox 2996 5594 3099 5647; x_wconf 78' lang='grc'><strong>550</strong></span> <span class='ocrx_word' id='word_1_752' title='bbox 3147 5588 3399 5648; x_wconf 85' lang='lat' dir='ltr'><strong>editionis</strong></span> <span class='ocrx_word' id='word_1_753' title='bbox 3434 5588 3655 5646; x_wconf 75' lang='lat' dir='ltr'><strong>Lutetia:</strong></span> <span class='ocrx_word' id='word_1_754' title='bbox 3682 5590 3840 5648; x_wconf 69' lang='grc' dir='ltr'><strong>Ριήρ</strong></span> 
     </span>
    </p>
   </div>
   <div class='ocr_carea' id='block_1_120' title="bbox 2284 5664 2820 5715">
    <p class='ocr_par' dir='ltr' id='par_1_120' title="bbox 2284 5664 2820 5715">
     <span class='ocr_line' id='line_1_121' title="bbox 2284 5664 2820 5715; baseline 0 0"><span class='ocrx_word' id='word_1_755' title='bbox 2284 5664 2487 5715; x_wconf 85' lang='lat' dir='ltr'><strong>siorum</strong></span> <span class='ocrx_word' id='word_1_756' title='bbox 2512 5664 2634 5714; x_wconf 89' lang='lat' dir='ltr'><strong>anni</strong></span> <span class='ocrx_word' id='word_1_757' title='bbox 2670 5664 2820 5715; x_wconf 74' lang='grc'><strong>1650.</strong></span> 
     </span>
    </p>
   </div>
   <div class='ocr_carea' id='block_1_121' title="bbox 2353 5733 2986 5805">
    <p class='ocr_par' dir='ltr' id='par_1_121' title="bbox 2353 5733 2986 5805">
     <span class='ocr_line' id='line_1_122' title="bbox 2353 5733 2986 5805; baseline 0 -20"><span class='ocrx_word' id='word_1_758' title='bbox 2353 5733 2465 5803; x_wconf 55' lang='grc' dir='ltr'><strong>κὸι)</strong></span> <span class='ocrx_word' id='word_1_759' title='bbox 2499 5734 2639 5788; x_wconf 81' lang='lat' dir='ltr'><strong>ldem</strong></span> <span class='ocrx_word' id='word_1_760' title='bbox 2660 5775 2675 5801; x_wconf 86' lang='lat'><strong>,</strong></span> <span class='ocrx_word' id='word_1_761' title='bbox 2710 5750 2832 5805; x_wconf 82' lang='lat' dir='ltr'><strong>pag.</strong></span> <span class='ocrx_word' id='word_1_762' title='bbox 2864 5734 2986 5788; x_wconf 74' lang='lat'><strong>595.</strong></span> 
     </span>
    </p>
   </div>
  </div>
