4078 6348
157 444 265 501 ιιι

946 441 1030 496 DE
1074 426 1466 497 pontusxsr
1501 441 1559 495 s.
1600 425 1958 496 HlPPOLYTI
2000 440 2190 496 sane.
2234 471 2302 483 —
2340 439 2519 497 PARS
2555 426 2599 497 t.

3300 445 3359 514 ιι
3372 444 3406 500 8

159 570 610 632 argumentorum
637 560 811 631 copia,
839 561 1050 616 munire
1075 563 1335 633 nequivit,
1362 562 1435 615 ita
1461 572 1518 616 ut
1541 577 1732 617 omnes
1763 570 1805 625 Α
1835 577 1941 633 que
1972 562 2350 616 conventicula
2388 563 2512 627 vici,
2548 564 2661 617 sive
2696 563 2862 618 lauru:
2910 563 2978 619 ab
3017 548 3405 621 Alexandrinis

163 653 452 707 dubitandi
504 654 685 709 aditus
728 652 796 706 iis
828 652 1265 718 occluderentur,
1313 653 1515 722 quibus
1546 652 1600 707 in
1633 668 1729 721 po-

160 754 371 799 sterum
420 742 494 799 de
529 743 719 798 cadent
766 742 979 819 diverse
1018 758 1247 813 prorsus
1273 743 1343 797 ab
1382 744 1502 812 ipso
1528 745 1731 798 sentire

157 836 477 907 placuisset.
510 834 746 901 Etenim,
786 820 1114 907 utingcnue
1158 834 1463 900 fateamur,
1500 852 1633 906 pura
1669 852 1732 891 ac

158 936 292 998 puta
343 939 589 991 veterum
644 926 1151 999 Martyrologiorum
1214 928 1550 993 testimonia,
1611 944 1733 999 qute

159 1019 322 1084 alias,
373 1020 464 1073 ubi
518 1020 586 1074 de
639 1012 846 1075 sanctis
892 1019 1095 1074 Christi
1131 1020 1467 1090 martyribus
1515 1021 1730 1089 agitur,

160 1127 358 1182 magna
392 1111 713 1166 auctoritate
746 1111 948 1181 pollere
979 1128 1084 1185 non
1118 1110 1429 1173 difﬁtemur,
1464 1113 1517 1166 in
1548 1112 1651 1166 hac
1676 1128 1734 1167 re

158 1202 460 1257 Prudentia
525 1202 898 1257 vetttstissimo
947 1202 1418 1271 disertissimoque
1479 1205 1730 1272 scriptori

142 1284 545 1363 anteponenda
596 1309 705 1349 non
746 1308 889 1358 esse,
924 1300 1289 1353 recte,nostro
1322 1293 1540 1363 quidem
1585 1295 1735 1361 judi-

159 1385 268 1449 cio,
305 1383 725 1451 Ruinartiuset
766 1383 1146 1439 Tillemootius
1190 1384 1449 1438 docuere.
1479 1383 1735 1452 Quapro.

159 1486 283 1547 pter
322 1476 431 1529 alia
479 1491 709 1546 prorsus
756 1476 843 1530 via
887 1477 1046 1531 nobis
1094 1474 1453 1531 incedendum
1492 1475 1732 1529 arbitra-

161 1583 309 1632 mur,
346 1581 453 1637 qua
492 1567 910 1622 iutricatissima:
952 1567 1079 1623 huic
1104 1566 1392 1638 quaestioni
1428 1566 1733 1621 clarissima

159 1658 411 1714 veritatis
437 1659 531 1714 lux
561 1674 661 1728 pro
690 1659 898 1713 viribus
930 1657 1207 1719 aﬂ‘eratur.

162 1768 306 1825 XIII.
361 1769 627 1825 Ruinartii
675 1770 1021 1843 conjectura,
1050 1774 1236 1840 quibus
1280 1774 1485 1827 nitatur
1538 1773 1736 1843 {unda-

644 1916 645 1919 η
665 1842 875 1906 mentis,
912 1846 1231 1897 ostenditur.

1834 654 2001 723 vulgo
2037 656 2411 709 nominantur.
2455 675 2473 706 ι
2521 654 2632 709 llas
2661 672 2825 724 porro
2862 656 3129 713 Ecclesiae
3154 656 3411 728 deinceps

1832 755 2117 799 enumerat
2148 744 2485 815 Epiphanius
2531 730 2666 817 (55),
2707 763 2900 816 nempe
2932 747 3173 820 Dionysii
3219 748 3409 805 Eccle—

1833 837 1994 902 siam,
2036 834 2294 898 Theoure.
2332 839 2513 900 Pierii,
2569 838 2908 907 Serapionis,
2948 838 3176 907 Persem,
3226 839 3408 911 Dizye,

1834 928 2112 995 Mendidii,
2140 929 2398 996 Anniani,
2424 929 2697 996 Baucalis,
2726 941 2780 985 et
2802 940 3049 997 ceteras,
3078 948 3309 1002 quarum
3333 943 3412 986 re-

1835 1025 1966 1080 ticet
1993 1024 2237 1078 nomina.

2066 1112 2208 1169 XIV.
2238 1115 2508 1169 Ruinartit’
2538 1125 2847 1186 argumenta
2877 1104 3178 1170 diluuntur.

1913 1204 2039 1261 llatc
2083 1207 2248 1277 igitur
2292 1220 2537 1261 veterum
2585 1208 2897 1263 testimonia
2940 1208 3250 1262 clarissimo
3276 1199 3412 1261 nul--

1837 1301 2011 1354 nartio
2062 1300 2388 1370 conjiciendi
2434 1315 2629 1355 ansam
2680 1302 2993 1370 praebuere,
3049 1299 3411 1355 Portuenscm

1838 1391 2135 1446 Ecclesiam
2178 1392 2243 1446 ad
2290 1392 2465 1445 instar
2490 1392 2896 1457 Alexandrina,
2926 1392 3109 1447 varios
3152 1392 3413 1446 habuisse

1836 1483 2024 1537 titulos
2071 1483 2512 1554 presbyterorum
2561 1499 2709 1537 cura:
2763 1484 3125 1549 commissos,
3176 1486 3412 1553 quorum

1838 1588 2005 1627 unum
2040 1572 2383 1643 Hippolytum
2431 1582 2680 1626 nostrum
2727 1574 3035 1628 obtinuisse
3069 1573 3319 1635 credidit,
3354 1580 3418 1627 ut

1740 1684 1743 1685 ν
1833 1680 1901 1718 ex
1931 1680 2054 1719 mox
2082 1665 2259 1721 allatis
2291 1664 2436 1719 illius
2462 1664 2645 1718 verbis
2682 1663 3130 1719 manifestissime
3170 1672 3407 1719 constat.
3454 1696 3457 1697 ν

1837 1757 2038 1814 Verum
2070 1758 2226 1828 longe
2250 1772 2347 1812 sua
2376 1756 2631 1826 opinione
2661 1754 2866 1810 fallitur
2895 1755 2982 1808 vir
3014 1754 3431 1833 doctissimus;

1840 1866 1964 1904 nam
2000 1850 2315 1920 hujusmodi
2364 1848 2836 1913 consuetudinem,
2878 1861 3043 1917 quam
3073 1845 3418 1901 Alexandria

236 1935 561 1992 Ruinartius
592 1935 797 2004 itaque,
825 1943 885 1988 ut
916 1937 1168 2003 superius
1204 1935 1484 1990 innuimus
1518 1975 1533 1999 ,
1571 1935 1733 1989 nullis
1767 1918 1809 1977 Β
1839 1918 2087 2011 viguisse
2116 1942 2341 1996 tradunt
2362 1937 2701 2009 Epiphanius
2730 1946 2784 1992 et
2814 1938 3175 2000 Sozomenus,
3211 1935 3265 1988 in
3299 1932 3417 1989 ma-

163 2027 287 2082 aliis
330 2036 574 2083 veterum
619 2028 986 2082 monumentis
1028 2028 1359 2095 conjecturae
1391 2043 1504 2081 suae
1538 2027 1734 2081 funda-

163 2130 347 2185 menta
398 2120 548 2190 jecit,
578 2123 954 2191 'prteterquam
1002 2120 1119 2175 solo
1155 2119 1440 2174 Sozomeni
1491 2119 1735 2173 testimo-

161 2214 279 2267 nio.
322 2231 343 2264 ε
376 2210 536 2276 Περ.
586 2212 765 2282 inquit
814 2210 929 2281 (52)
981 2210 1215 2281 (nempe
1262 2225 1422 2279 supra
1470 2210 1733 2265 recensita

162 2302 448 2359 Prudentii
495 2304 815 2373 carmina),
852 2304 949 2358 ..τι
1008 2303 1356 2373 Hippolytum
1416 2302 1733 2371 episcopum

162 2397 445 2460 referunt;
504 2397 598 2449 sed
654 2396 784 2465 quid
836 2404 985 2450 vetat
1048 2395 1418 2465 presbyterum
1489 2394 1730 2463 aliquam

162 2490 343 2560 plebis
374 2496 579 2557 partem
612 2501 727 2541 sua
754 2501 903 2541 curae
934 2486 1283 2540 commissam
1330 2485 1620 2549 habuisse;
1654 2493 1735 2539 ta-

161 2580 244 2633 les
278 2589 409 2633 sunt
443 2579 621 2639 hodie.
651 2593 791 2647 quos
821 2576 1111 2647 parochos,
1142 2593 1238 2632 seu
1273 2578 1529 2632 curiones
1561 2576 1736 2647 appel-

160 2669 367 2725 lamus.
406 2668 589 2724 Refert
621 2668 977 2733 Sozomenus,
1015 2687 1035 2721 ι
1074 2678 1178 2723 etc.
1214 2658 1385 2737 Cujus
1417 2670 1582 2723 verba
1609 2684 1733 2737 mox

160 2766 446 2820 dabimus.
499 2764 701 2827 «idem
746 2763 1118 2835 (prosequitur
1165 2762 1507 2830 Ruinartius)
1550 2761 1738 2818 Romae

160 2856 433 2911 usitatum
462 2856 630 2913 fuisse
660 2856 818 2911 docet
849 2854 1141 2927 Dionysius
1171 2853 1445 2908 Petavius.
1475 2852 1609 2908 Vide
1632 2852 1737 2908 Va-

163 2947 293 3002 lesii
328 2957 486 3002 notas
516 2947 585 3002 ad
616 2948 763 3004 hanc
793 2945 1085 3019 Sozomeui
1121 2948 1325 3013 locum,
1365 2957 1421 3001 et
1446 2946 1738 3002 Commen-

173 3040 385 3093 tarium
414 3041 671 3109 praevium
702 3038 765 3094 D.
796 3039 846 3095 ι.
873 3039 1168 3094 Mabillonii
1200 3041 1253 3094 in
1280 3041 1524 3095 ordinem
1547 3040 1741 3094 Roma-

170 3145 454 3201 numcap.
473 3132 526 3186 5.
553 3150 575 3184 r
598 3131 1005 3201 Verumtamen,
1030 3148 1161 3202 pace
1178 3134 1310 3186 tanti
1341 3133 1462 3195 viri,
1482 3133 1668 3198 multa,
1688 3140 1742 3186 et

1835 2036 1999 2089 ximis
2064 2042 2281 2107 tantum
2326 2032 2556 2086 urbibus
2619 2041 2762 2088 tunc,
2798 2029 3060 2099 temporis
3110 2027 3417 2083 obtinuisse

1833 2126 2027 2179 docent
2060 2123 2357 2194 Dionysius
2383 2123 2660 2186 Petavius,
2695 2133 2748 2177 et
2776 2120 3047 2176 Henricus
3073 2114 3322 2174 Valesius
3354 2119 3411 2173 in

1833 2216 2024 2273 iisdem
2062 2217 2227 2282 notis,
2258 2233 2397 2286 quas
2435 2217 2537 2269 sibi
2578 2214 2757 2269 facere
2790 2212 3021 2268 credidit
3052 2213 3135 2269 vir
3165 2212 3410 2287 clarissi-
3470 2216 3475 2221 ‘

1834 2321 1976 2360 mus.
2040 2303 2127 2369 Et,
2170 2315 2229 2358 ut
2271 2284 2300 2357 ει
2330 2302 2555 2358 Petavio
2609 2303 2957 2372 incipiamus,
3007 2301 3097 2355 hic
3134 2316 3291 2355 suam
3331 2284 3413 2353 [de

1835 2401 1938 2454 hac
1968 2414 2025 2453 re
2057 2397 2381 2452 sententiam
2413 2396 2499 2451 bis
2527 2394 2707 2471 verbis
2734 2394 2990 2465 exposuit
3023 2387 3135 2464 (56)
3164 2410 3177 2446 :
3235 2410 3253 2442 ι
3284 2391 3413 2445 Sin-

1833 2492 2077 2563 gularem
2108 2530 2123 2555 ,
2152 2490 2254 2554 ait,
2316 2498 2447 2542 tunc
2506 2487 2766 2560 temporis
2825 2485 3163 2541 Alexandria:
3206 2493 3411 2540 morem

1834 2585 1982 2638 hunc
2016 2582 2215 2651 fuisse,
2244 2580 2328 2634 Vel
2361 2580 2554 2634 saltem
2581 2578 2771 2649 paucis
2801 2577 2853 2631 in
2887 2576 3145 2631 Ecelesiis
3174 2591 3411 2644 usurpa-

1835 2684 1977 2741 tum,
2003 2690 2071 2728 ex
2098 2689 2163 2728 eo
2192 2672 2476 2743 conjicias,
2502 2672 2644 2741 quod
2674 2679 2783 2724 tam
2814 2666 3071 2743 expresse
3101 2665 3415 2721 istiusmodi

1837 2766 2248 2823 consuetudinis
2289 2774 2549 2833 tanquam
2595 2761 2978 2815 Alexandrinae
3006 2758 3267 2815 Ecclesia:
3314 2772 3413 2828 pec

1837 2859 2082 2924 culiaris,
2110 2856 2357 2911 meminit
2389 2852 2798 2923 (Epiphanius),
2828 2851 2906 2905 uti
2939 2850 3200 2915 nimirum
3227 2850 3413 2919 plures
3476 2864 3499 2919 ᾗ

1838 2954 1892 3007 in
1922 2950 2112 3005 eadem
2148 2946 2282 3002 urbe
2326 2944 2468 2999 tituli
2513 2942 2710 3007 forent,
2751 2943 2951 3013 quibus
2996 2941 3226 3010 singulis
3278 2953 3417 2996 suus

1838 3041 2133 3095 attributus
2188 3040 2334 3090 esset
2364 3033 2669 3104 presbyter,
2711 3033 2804 3102 qui
2850 3031 3248 3087 ecclesiasticas
3290 3027 3419 3083 funo

1839 3132 2050 3185 ctiones
2096 3127 2210 3181 illic
2248 3115 2504 3180 obiretﬁ»
2573 3122 2640 3177 Et
2688 3132 2813 3193 post
2864 3138 3036 3192 pauca
3084 3124 3199 3176 luec
3233 3120 3413 3177 addit:

166 3220 404 3293 quidem
427 3223 683 3289 maxima,
702 3239 802 3277 nos
816 3232 998 3277 vetant
1017 3224 1146 3291 quin
1176 3238 1330 3277 suam
1352 3220 1742 3292 amplectamur
1767 3261 1811 3317 ε
1848 3243 1867 3275 c
1897 3223 2014 3277 Non
2040 3220 2231 3277 dubito
2259 3219 2563 3288 majoribus
2590 3217 2857 3273 duntaxat
2888 3217 2942 3271 in
2978 3216 3205 3271 urbibus
3233 3216 3416 3285 plures

161 3316 526 3370 sententiam.
550 3314 683 3379 lmo,
714 3324 775 3370 ut
790 3316 985 3370 melius
1011 3316 1284 3380 dicamus,
1306 3317 1470 3370 iidem
1487 3314 1741 3370 Petavius

161 3418 220 3461 et
250 3405 521 3472 Valesius,
545 3420 685 3477 quos
711 3415 969 3476 tanquam
1002 3406 1325 3475 conjecturae
1355 3422 1467 3462 suae
1488 3418 1744 3476 patronos

163 3495 415 3566 appellat
435 3495 514 3548 vir
532 3496 892 3562 clarissimus,
920 3511 1020 3551 nos
1037 3495 1248 3555 diversa
1273 3512 1497 3565 prorsus
1529 3498 1598 3551 ab
1626 3496 1744 3566 ipso

164 3585 383 3641 sentire
397 3585 746 3655 compellunt.
764 3585 959 3642 Narrat
977 3586 1317 3643 Sozomeuus
1341 3588 1432 3642 lib.
1455 3605 1494 3654 ι,
1512 3605 1631 3658 cap.
1656 3590 1743 3657 l5,

161 3678 371 3732 Arium
396 3677 603 3749 legatos
625 3662 843 3734 misisse
874 3679 939 3733 ad
962 3678 1251 3733 Paulinum
1278 3678 1427 3750 Tyri,
1451 3675 1745 3735 Eusebium

164 3770 463 3837 Caerete,
494 3779 550 3824 et
578 3771 645 3825 ad
673 3769 1043 3841 Patrophilum
1074 3762 1419 3844 Scythopolis
1442 3774 1746 3843 episcopos,

166 3867 438 3936 ipsosque
495 3880 716 3935 rogasse
745 3876 804 3921 ut
836 3867 941 3921 sibi
974 3867 1086 3936 (55)
1118 3883 1350 3921 unacum
1382 3870 1498 3923 suis
1533 3868 1748 3937 permit-

166 3966 359 4011 terent
400 3954 609 4026 plebem
650 3956 783 4026 ipsis
813 3958 1175 4011 adherentem
1222 3958 1274 4009 in
1305 3956 1545 4012 Ecclesia
1591 3959 1747 4010 colli-

167 4064 328 4121 gere,
360 4048 611 4101 eumdem
642 4063 706 4101 ex
737 4062 846 4116 quo
882 4062 1009 4101 mox
1040 4048 1230 4116 dejecti
1260 4047 1493 4113 fuerant,
1520 4049 1745 4117 gradum

168 4142 577 4196 obtinentibus.
630 4138 753 4193 Mox
808 4139 1010 4193 subdit:
1079 4158 1098 4189 ‹
1149 4140 1419 4209 Autiquus
1470 4142 1615 4194 enim
1666 4149 1750 4195 est

168 4230 525 4286 Alexandria:
552 4229 703 4293 mos,
726 4228 820 4295 qui
863 4236 919 4281 et
953 4228 1118 4282 etiam
1168 4246 1315 4283 nunc
1347 4231 1513 4299 viget,
1552 4241 1609 4284 ut
1646 4232 1749 4285 sub

174 4339 293 4380 uno
322 4311 605 4393 episcopo,
634 4318 727 4390 qui
752 4319 1007 4373 omnibus
1035 4330 1248 4391 praeest,
1281 4324 1577 4395 presbyteri
1601 4338 1750 4377 sem-

173 4430 305 4470 sum
355 4413 619 4469 ecclesias
667 4411 967 4476 obtineant,
1019 4421 1073 4465 et
1122 4412 1177 4465 in
1245 4414 1437 4466 iisdem
1490 4414 1749 4482 populum

175 4516 541 4576 congregem.
582 4523 601 4555 ι
642 4502 839 4558 Eadem
872 4502 1034 4557 etiam
1062 4503 1220 4557 docet
1248 4502 1583 4573 Epiphanius
1611 4504 1746 4569 (54),

1845 3324 1987 3377 inter
2008 3320 2268 3390 pomaaria
2297 3319 2483 3373 titulos
2512 3314 2702 3379 fuisse,
2733 3330 2859 3370 cum
2886 3315 3026 3368 intra
3054 3313 3242 3367 eadem
3265 3321 3425 3381 septa
3455 3340 3461 3346 -

1844 3412 2132 3478 contineri,
2166 3425 2386 3480 unaque
2416 3407 2713 3463 convenire
2745 3421 2853 3460 non
2886 3410 3140 3474 possent;
3174 3402 3418 3472 adeoque

1844 3505 2188 3576 presbyteros
2218 3500 2448 3571 singulis
2478 3498 2736 3553 Ecclesiis
2786 3496 3091 3563 impositos.
3144 3492 3204 3546 ln
3234 3495 3419 3550 mino-

1846 3598 1999 3653 ribus
2048 3609 2227 3651 autem
2260 3607 2324 3647 ac
2354 3591 2533 3644 minus
2578 3588 2954 3656 frequentibus
2992 3584 3205 3654 oppidis
3251 3592 3418 3638 unam

1845 3690 2111 3744 duntaxat
2162 3681 2461 3738 Ecclesiam
2512 3677 2816 3742 exstitisse,
2869 3675 2923 3728 in
2965 3689 3129 3743 quam
3176 3672 3420 3726 universi

1846 3777 2202 3839 conﬂuerent,
2256 3770 2567 3840 cuiusmodi
2602 3768 2766 3839 Cypri
2814 3767 2978 3821 urbes
3009 3774 3187 3819 erant.
3246 3762 3423 3827 Unde,-

1845 3869 1991 3939 quod
2021 3866 2366 3920 Alexandria:
2412 3872 2685 3931 receptum
2721 3869 2861 3925 erat,
2891 3859 3039 3913 velut
3069 3856 3427 3927 pepularibus
3474 3906 3477 3915 ,

1848 3959 1963 4015 suis
2014 3957 2360 4028 peregrinum
2410 3964 2464 4009 et
2504 3954 2824 4007 inusitatum
2879 3948 3156 4015 adnotavit
3186 3946 3423 4016 Epipha-

1846 4052 1991 4104 nius.
2030 4067 2049 4100 ι
2111 4047 2205 4103 His
2236 4053 2547 4112 consonant
2592 4050 2756 4098 etiam
2806 4057 2891 4107 ea,
2928 4056 3049 4110 qua:
3090 4038 3253 4107 paulo
3284 4036 3426 4089 infra
3467 4056 3470 4058 ν

1850 4143 2013 4196 habet
2060 4140 2199 4211 (57),
2247 4140 2375 4193 dum
2420 4138 2487 4190 de
2528 4124 3046 4202 chorepiscoporum
3100 4127 3424 4194 antiquitate

1851 4234 2128 4288 disseruit.
2171 4252 2191 4281 ‹
2221 4232 2398 4301 Atque
2437 4229 2571 4293 htec,
2610 4225 2812 4307 inquit,
2842 4220 3130 4290 Epiphanii
3172 4227 3281 4271 tam
3331 4232 3435 4303 ac-r
3474 4284 3477 4288 Α

1851 4334 2037 4379 curata
2078 4323 2144 4376 de
2170 4317 2551 4373 Alexandrinae
2594 4306 2850 4368 Ecclesiae
2890 4310 3136 4381 pluribus
3178 4306 3426 4364 ecclesiis

1852 4412 2177 4474 observatio,
2212 4425 2323 4462 rem
2369 4421 2467 4461 nec
2509 4404 2637 4458 alibi
2679 4403 2907 4473 passim,
2952 4416 3053 4454 nec
3095 4400 3224 4453 olim
3259 4414 3424 4453 usur-

1851 4512 2033 4573 patam
2086 4517 2149 4556 ac
2184 4507 2452 4568 receptam
2504 4496 2681 4550 fuisse
2722 4494 3075 4548 demonstrat.
3115 4509 3133 4542 ι
3183 4488 3293 4544 Nec
3325 4490 3429 4543 mi-

174 4604 377 4651 contra
400 4595 632 4649 Arianos
664 4592 931 4657 scribens,
965 4591 1095 4646 dum
1123 4594 1311 4645 Arium
1344 4608 1530 4645 eorum
1558 4608 1750 4661 paren-
1784 4631 1826 4684 Β
1856 4611 1975 4648 rum
2021 4593 2067 4646 si
2111 4593 2251 4646 hanc
2286 4585 2659 4643 Alexandrinae
2676 4584 2929 4638 Ecclesiae
2980 4581 3427 4645 consuetudinem
3503 4629 3524 4637 ..

177 4700 295 4741 tem
336 4703 357 4736 ι
395 4699 558 4738 unam
600 4698 666 4737 ex
698 4682 978 4753 pradictis
1016 4684 1279 4743 ceclcsiis,
1312 4698 1501 4749 nempe
1543 4682 1749 4735 Bauca-

179 4760 421 4838 lensem,
490 4771 793 4825 obtinuisse
847 4772 1085 4824 tradidit.
1143 4791 1160 4822 ι
1221 4774 1432 4826 Etenim
1489 4781 1756 4842 quotquot

178 4862 532 4919 Alexandriae
563 4861 846 4915 catholicae
880 4862 1282 4914 communionis
1348 4861 1590 4915 eet-,lesiae
1629 4872 1758 4917 sunt

106 4942 107 4945 η
184 4957 286 5011 uni
318 4951 730 5021 archiepiscopo
764 4936 1037 5020 subjectae,
1064 4966 1194 5005 suus
1220 4950 1416 5019 cuique
1440 4954 1758 5020 prtepositus

185 5058 279 5103 est
334 5063 355 5096 ι
407 5042 712 5114 presbyter,
739 5042 835 5110 qui
859 5041 1219 5095 ecclesiastica
1245 5044 1553 5097 muneraiis
1583 5043 1759 5096 admi-

186 5143 416 5203 nistret,
451 5139 547 5208 qui
594 5136 738 5190 circa
786 5134 1044 5189 ecclesias
1083 5136 1201 5188 illas
1246 5135 1511 5198 habitant,
1539 5151 1759 5189 earum-

260 5252 387 5322 (52)
412 5249 683 5322 Ruinam,
701 5248 836 5300 Acta
864 5255 1149 5322 martyrum
1176 5248 1446 5322 sinceraet
1474 5249 1683 5312 selecto,

185 5314 389 5378 sancto
427 5321 736 5390 Hippolyto,
764 5334 885 5388 pag.
917 5314 1040 5381 N5,
1068 5329 1195 5371 nota
1231 5317 1264 5371 5
1290 5317 1357 5369 ad
1388 5318 1648 5387 hymnum
1697 5318 1758 5369 Η

186 5392 502 5447 Prudentii.

264 5461 388 5598 (53)
418 5461 536 5515 Lib.
572 5478 587 5515 ι
622 5460 766 5514 Hist.
791 5458 941 5528 eccl.,
972 5479 1021 5519 c.
1050 5462 1137 5515 l5.

264 5530 367 5598 (5L
416 5533 629 5585 Advers.
681 5532 865 5587 haeres.
909 5536 1005 5590 lib.
1055 5550 1113 5596 ιι,

264 5528 385 5599 (58)
416 5533 629 5585 Advers.
681 5532 865 5587 haeres.
909 5536 1005 5590 lib.
1055 5550 1113 5596 ιι,
1160 5531 1347 5583 haeres.
1390 5528 1483 5591 69,
1538 5545 1690 5583 num.
1735 5530 1753 5580 l

190 5609 395 5658 contra
422 5601 808 5655 Ariomauitas.
1064 5661 1069 5664 ,

271 5670 394 5744 (55)
422 5668 559 5744 Lee.
582 5673 718 5744 _cit.,i
736 5686 856 5744 pag.
882 5673 1003 5730 728.
1211 5743 1217 5744 ί
1314 5708 1317 5709 ν

269 5739 389 5809 (⁷56)
419 5742 476 5794 lu
507 5739 1067 5799 anituadver'sionibus
1100 5745 1164 5797 ad
1191 5743 1386 5797 dictam
1414 5739 1643 5809 hmresin
1676 5739 1764 5803 69,

194 5829 329 5886 qua:
372 5808 588 5866 exstant
640 5813 841 5886 tom._l_l
872 5813 1104 5885 Operum
1144 5816 1313 5882 ipsius
1372 5810 1429 5865 S.
1459 5808 1763 5878 Epiphauii,

189 5880 335 5942 edit.
364 5887 543 5940 citatas
572 5896 696 5953 pag.
719 5880 848 5936 276.

1857 4697 1967 4739 tam
2015 4693 2269 4751 accurate
2312 4682 2523 4735 notavit
2564 4676 2938 4748 Epiphanius;
2985 4691 3111 4728 nam
3154 4676 3207 4727 in
3252 4672 3425 4727 insula

1855 4778 2053 4845 Cypro,
2087 4775 2141 4826 in
2174 4788 2277 4843 qua
2321 4776 2435 4840 ipse
2464 4770 2834 4837 episcopatum
2868 4764 3124 4825 obtinuit,
3156 4761 3425 4814 interdum

1856 4867 2021 4919 etiam
2063 4864 2193 4925 vici,
2247 4870 2305 4913 ut
2348 4867 2529 4913 narrat
2569 4857 2908 4911 Sozomenus
2959 4854 3090 4924 (58),
3140 4866 3429 4906 consecra-

1858 4966 1945 5008 tos
1996 4968 2109 5007 aevo
2148 4967 2248 5005 suo
2288 4952 2597 5003 habuerunt
2639 4948 2945 5017 episcopos.
2991 4942 3100 4998 Nec
3142 4959 3171 4995 a
3207 4941 3429 4994 Petavio

1858 5046 1941 5099 vel
1999 5044 2281 5096 minimum
2327 5039 2580 5092 dissentit
2618 5036 2865 5090 Valesius
2902 5034 3034 5102 (59).
3088 5030 3201 5085 lmo
3234 5030 3428 5099 hujus-

1860 5136 2003 5191 modi
2048 5147 2251 5187 morem
2290 5130 2426 5183 adeo
2470 5128 2851 5181 Alexandrina:
2879 5124 3135 5201 Ecclesia:
3183 5123 3431 5191 peculia-

1934 5242 2053 5310 (57)
2096 5240 2238 5294 Idem
2268 5238 2520 5310 Petavius
2560 5238 2613 5292 in
2648 5238 2833 5292 eadem
2866 5234 3334 5289 animadversione
3362 5234 3429 5287 ad

1864 5308 2093 5367 haéreSiti
2129 5310 2218 5371 69,
2264 5326 2386 5377 pag.
2421 5308 2546 5363 281.
2756 5338 2760 5341 >

1934 5382 2046 5448 (58)
2088 5380 2205 5433 Lib.
2238 5373 2311 5431 vit
2339 5373 2483 5430 Hist.
2516 5377 2677 5431 εει-[εδ
2709 5415 2723 5435 ,
2757 5390 2873 5448 cap.
2906 5373 3028 5448 597.
3220 5446 3225 5448 _
3338 5442 3366 5448 _
3438 5422 3447 5431 .

1936 5442 2046 5521 (59)
2087 5450 2140 5500 lu
2185 5451 2343 5521 notis
2362 5451 2424 5499 ad
2460 5457 2622 5521 caput
2653 5448 2737 5506 15,
2778 5442 2867 5521 lib.
2900 5462 2911 5494 I
2950 5442 3090 5495 Hist.
3122 5446 3302 5521 (τάξει.
3332 5442 3433 5497 So—

1866 5516 2095 5583 zomeni,
2130 5535 2248 5585 pag.
2280 5520 2369 5579 55,
2417 5520 2506 5571 ubi
2549 5525 2669 5585 post
2702 5517 2941 5574 recitata,
2978 5529 3099 5580 quae
3141 5516 3194 5567 iu
3228 5516 3432 5567 disser-

1865 5594 2067 5647 tatione
2115 5590 2383 5656 descripta
2439 5597 2568 5641 sunt
2608 5587 2791 5647 verba,
2844 5592 2902 5635 ut
2951 5588 3203 5656 probaret
3244 5593 3433 5656 contra

1866 5661 2141 5715 l’ctavium
2193 5674 2257 5710 ex
2297 5652 2687 5710 S.lunocentii
2739 5667 2888 5720 paprc
2934 5653 3159 5719 epistola
3213 5652 3436 5708 minime

1868 5732 2081 5793 deduci,
2112 5727 2294 5780 Romae
2323 5744 2419 5795 per
2453 5727 2636 5779 titulos
2673 5723 2842 5776 fuisse
2877 5725 3219 5795 presbyteros
3248 5723 3432 5795 distri-

1871 5791 2171 5865 butos,'qui
2203 5791 2409 5866 plebem
2443 5795 2735 5866 separatim
2772 5791 3194 5866 regerenyhme
3210 5791 3431 5866 subjunf

1874 5873 1951 5942 git
1978 5890 1990 5923 ;
2014 5859 2139 5922 rA'd
2176 5859 2333 5938 cujus
2368 5866 2443 5921 rei
2484 5859 2855 5933 probationem
2892 5862 3107 5915 adlucit
3138 5859 3434 5929 (Petavius)
