4078 6348
652 423 769 487 423

1446 410 1535 479 ns
1568 402 1963 483 rentum!
2021 421 2079 477 s.
2132 405 2495 477 ttirromt
2533 420 2726 487 sses.
2761 452 2828 463 —
2859 422 3039 478 rans
3069 424 3112 479 ι.

3804 406 3906 482 sil

659 558 785 600 tuus
810 528 1051 600 Joannes
1082 542 1431 601 Habilionius
1465 545 1603 617 (82),
1636 546 1845 616 optimo
1876 544 1934 600 S.
1959 543 2230 601 lnnocen-
2267 551 2314 606 Α
2341 554 2454 614 tur,
2498 545 2680 600 nullus
2710 544 2990 600 dubitandi
3021 545 3175 600 locus
3221 526 3511 615 supercrit,
3554 544 3689 615 quin
3714 544 3903 600 iisdem

660 633 1111 692 tiiltestimonio
1152 628 1409 726 suﬂuitps
1436 676 1454 702 ,
1502 637 1597 707 qui
1640 638 2076 701 cmmeteriorum
2116 653 2241 707 pre-

659 726 908 800 sbyteros
936 744 968 783 a
994 728 1309 784 titularibus
1340 744 1439 783 seu
1488 729 1697 784 urbicis
1725 730 1949 784 omnino
1993 730 2240 784 diversos

658 828 897 875 testatur
924 821 978 875 in
1013 822 1247 892 epistola
1290 823 1357 876 ad
1390 820 1726 876 Decentium.
1763 821 2079 876 Mabilloni‘o
2110 823 2241 876 sub-

659 912 854 967 scribit
893 913 1299 968 eruditissimus
1340 910 1528 983 Lupus
1578 913 1729 985 (82)),
1779 915 1874 983 qui
1922 914 2237 985 bujusmodi

659 1004 921 1059 ecclesias
954 1006 1009 1058 in
1047 1005 1352 1074 majoribus
1395 1006 1560 1059 etiam
1599 1005 1917 1076 civitatibus
1963 1022 2072 1060 non
2116 1016 2241 1075 pre-

659 1095 1001 1169 sbyterorum
1026 1112 1147 1167 ope,
1168 1096 1263 1152 sed
1296 1096 1465 1152 solius
1487 1092 1726 1169 episcopi
1761 1088 2239 1163 curalmoderatas

659 1198 911 1246 testatur.
949 1211 968 1243 ι
997 1188 1191 1246 Plures
1235 1188 1429 1259 fuisse,
1468 1190 1665 1260 inquit,
1699 1190 1958 1245 ecclesias
1986 1190 2149 1245 etiam
2185 1190 2238 1245 in

659 1280 786 1336 aliis
836 1281 1139 1352 majoribus
1180 1281 1517 1345 civitatibus,
1562 1297 1670 1336 non
1721 1290 1805 1336 εει
1852 1282 2235 1336 dubitandum.

664 1369 865 1427 Verum
899 1372 954 1426 in
989 1373 1124 1441 ipsis
1150 1387 1256 1426 non
1283 1372 1609 1442 presbyteri,
1640 1372 1734 1425 sed
1761 1388 1855 1441 per
1900 1374 2082 1428 varios
2111 1389 2238 1428 suc-

659 1463 866 1518 eessive
894 1464 1011 1518 dies
1045 1464 1257 1519 videtur
1298 1464 1449 1519 solus
1473 1463 1601 1517 olim
1640 1462 1950 1533 episcopus,
1975 1472 2071 1518 aut
2102 1478 2237 1517 non-

660 1555 766 1610 nisi
792 1556 914 1625 ipso
942 1561 1217 1625 praesente
1250 1550 1316 1610 ac
1344 1555 1571 1624 jubente
1595 1557 1876 1625 presbyter
1897 1554 2169 1610 docuisse.
2212 1573 2231 1605 ι

666 1642 891 1701 Videtur
916 1647 1068 1703 solus
1095 1648 1386 1717 episcopus
1415 1648 1630 1703 cunctis
1652 1648 1773 1702 istis
1805 1648 2053 1704 ecclesiis
2085 1648 2237 1703 solus

657 1737 969 1795 immediate
1000 1740 1342 1809 praesedisse.
1376 1738 1474 1795 His
1497 1740 1661 1809 igitur
1684 1741 1901 1817 positis,
1931 1740 2235 1795 doctissimi

657 1830 932 1897 Ruinartii
987 1834 1361 1902 conjecturam
1410 1832 1628 1901 penitus
1662 1833 1955 1887 evanuisse
2004 1834 2235 1887 conlidi-

614 1968 617 1969 ν
659 1941 822 1992 mus;
857 1940 983 1981 cum
1030 1925 1178 1978 enim
1212 1924 1486 1979 maximas
1508 1931 1728 1977 tantum
1765 1924 1929 1978 urbes
1965 1922 2020 1978 in
2048 1924 2234 1993 plures

662 2016 852 2072 titulos
909 2016 1351 2089 presbyterorum
1421 2029 1568 2069 curae
1643 2016 1969 2070 commissos
2030 2014 2235 2070 divisas

659 2108 831 2163 fuisse
858 2116 1091 2173 constet,
1122 2107 1365 2162 minores
1413 2121 1544 2161 vero
1580 2120 1755 2183 unam
1789 2115 1998 2160 tantum
2041 2106 2232 2161 titula-

658 2212 797 2267 rem,
833 2207 894 2254 ut
940 2198 1016 2254 ita
1061 2198 1353 2271 dicamus,_
1380 2198 1669 2253 ecclesiam
1728 2198 1920 2267 primis
1973 2198 2232 2254 habuisse

655 2291 996 2361 temporibus
1028 2289 1261 2345 doceant
1294 2289 1401 2344 viri
1443 2289 1747 2345 doctissimi
1774 2288 2052 2355 Petavius,
2086 2289 2231 2344 Tho-

656 2383 957 2445 massinus,
985 2380 1193 2451 Lupus,
1222 2390 1278 2435 et
1305 2381 1537 2451 ipsemet
1567 2381 1948 2435 Tillemontius
1978 2378 2112 2449 (84),
2135 2382 2229 2450 qui

658 2470 931 2539 Ruinartii
963 2471 1286 2525 sententiam
1314 2460 1585 2539 probavit,
1611 2471 1736 2538 quis
1760 2486 2000 2539 unquam
2027 2469 2222 2542 Hippo-

656 2564 827 2636 lytum
876 2569 1124 2617 nostrum
1169 2563 1501 2631 praecipuum
1556 2542 1809 2631 aliquem.
1846 2561 1900 2614 in
1940 2561 2226 2618 Portuensi

659 2653 902 2710 Ecclesia
924 2654 1142 2708 titulum
1169 2652 1474 2708 obtinuisse
1504 2651 1815 2717 contendet,
1849 2666 1974 2706 cum
2003 2654 2228 2711 unicum

659 2747 885 2813 ibidem,
914 2755 1101 2816 utpote
1140 2746 1196 2800 in
1238 2745 1437 2800 minori
1488 2745 1643 2810 urbe,
1676 2744 1894 2799 titulum
1930 2747 2224 2812 exstitisse,

656 2841 913 2917 primaeva
950 2838 1221 2908 majorum
1272 2846 1588 2893 nostrorum
1632 2836 1921 2908 disciplina
1960 2854 2061 2893 nos
2109 2853 2227 2892 rno-

656 2933 817 2990 neat?

724 3021 970 3079 Sublatis
1012 3022 1196 3093 itaque
1235 3031 1316 3076 tot
1342 3023 1618 3093 tantisque
1658 3022 1948 3077 dubiorum
1980 3020 2224 3079 fontibus

654 3128 723 3171 ex
747 3116 862 3170 sola
883 3115 1183 3171 doctissimi
1212 3114 1485 3168 Huinartii
1508 3108 1820 3184 conjeCtura
1851 3114 2219 3182 manantibus,

2344 653 2602 707 magnum
2676 636 3020 708 Hippolytum
3088 636 3447 692 Portuensem
3502 639 3818 707 episcopum
3873 651 3907 692 ι

2341 727 2636 783 Prudentio
2679 730 3023 799 designatum
3068 744 3203 799 cum,
3243 729 3678 784 eminentissimo
3724 722 3907 783 Anna-

2341 820 2476 874 lium
2519 822 2801 875 conditore
2843 821 3221 876 decernamus.
3258 820 3394 886 Quis
3431 821 3577 876 enim
3624 821 3678 874 in
3718 822 3910 893 primis

2340 910 2597 967 Ecclesia:
2626 913 2963 983 temporibus
2986 913 3195 982 plebem
3224 912 3513 983 colligebat
3539 912 3911 981 docebatque?

2341 1002 2476 1067 Quis
2518 1018 2618 1072 pro
2650 1002 2854 1057 Chriin
2888 1003 3125 1057 ﬁdelium
3168 1004 3533 1073 capitevulgo
3567 1003 3911 1057 habebatur?

2340 1092 2477 1169 Quis
2510 1093 2831 1147 venerandis
2863 1093 2968 1147 illis
3002 1092 3234 1147 senioris
3262 1103 3316 1145 et
3347 1093 3645 1147 sacerdotis
3675 1091 3916 1162 nomini;

2340 1184 2444 1238 bus
2502 1185 2571 1237 ab
2623 1184 3021 1253 antiquissimis
3078 1183 3438 1253 scriptoribus
3494 1192 3555 1239 ut
3612 1184 3909 1253 plurimum

2340 1273 2633 1342 insignitus
2661 1273 2803 1327 fuit?
2832 1272 3205 1344 Episcopusne
3237 1291 3304 1329 an
3340 1274 3656 1345 presbyter?
3685 1272 3910 1344 Episco-

2337 1376 2468 1434 pum
2501 1379 2633 1419 sane
2662 1365 3022 1418 sanctissimis
3070 1365 3379 1436 hujusmodi
3428 1365 3749 1419 muneribus
3780 1363 3912 1418 fun-

2337 1464 2511 1517 ctum,
2542 1470 2605 1509 ac
2648 1455 2936 1524 praecipuis
2975 1455 3126 1509 hisee
3168 1456 3485 1510 nominibus
3531 1470 3560 1508 ι
3613 1455 3915 1524 majoribus

2338 1549 2543 1602 nestris
2576 1549 2769 1616 priscis
2796 1548 2902 1601 illis
2937 1546 3273 1616 temporibus
3308 1547 3671 1617 designatum,
3698 1554 3914 1600 veteres

2339 1647 2608 1694 testantur
2637 1636 2847 1703 Patres,
2877 1654 3111 1706 quorum
3152 1638 3350 1708 placita
3386 1638 3438 1691 in
3484 1652 3650 1690 unum
3680 1639 3909 1692 collecta

2338 1746 2481 1799 Siepe
2511 1738 2807 1785 occurrunt
2837 1730 2889 1781 in
2922 1730 3137 1782 eximiis
3162 1742 3484 1798 magnorum
3514 1730 3755 1789 virorum
3792 1728 3910 1799 (85)

2339 1822 2614 1892 operibus,
2657 1822 2859 1891 quibus
2890 1820 2959 1873 ab
2993 1821 3184 1876 insana
3236 1821 3770 1891 presbyterianorum
3820 1836 3913 1889 pe-

2268 1886 2307 1940 B
2339 1886 2567 1964 tulantia
2599 1886 2969 1979 episcopalem
2999 1886 3339 1978 dignitatem,
3366 1886 3419 1963 ni
3449 1910 3580 1979 ipsis
3610 1913 3772 1964 etiam
3796 1886 3913 1964 Lu—

2336 2004 2574 2067 tbetanaa
2633 2001 2926 2069 impietatis
2980 2001 3243 2067 exordiis,
3288 2017 3505 2057 summa
3563 2017 3688 2056 cum
3746 2003 3913 2056 laude

2334 2091 2698 2148 vindicarunt.
2729 2090 2955 2147 Monstri
2988 2093 3133 2145 enim
3158 2092 3337 2147 simile
3361 2101 3528 2157 esset,
3560 2094 3606 2147 si
3640 2089 3684 2144 H
3708 2093 3915 2163 ppoly—

2334 2192 2446 2255 tum
2479 2182 2852 2253 presbyterum
2894 2200 2913 2232 ι
2972 2182 3144 2250 plebis
3185 2181 3503 2237 Portuensis
3542 2183 3707 2251 caput
3742 2183 3916 2236 exsti‘

2332 2284 2461 2328 tisse
2492 2272 2871 2338 crederemus;
2910 2288 3035 2328 cum
3074 2274 3193 2327 sine
3221 2274 3502 2343 episcopo,
3538 2288 3639 2328 nec
3686 2274 3912 2339 oﬂ'erre,

2331 2378 2507 2432 neque
2554 2362 2883 2418 sacriﬁcium
2932 2365 3236 2430 immolare,
3287 2374 3465 2435 neque
3513 2366 3713 2420 missas
3755 2366 3915 2419 cele-

2330 2455 2489 2511 brare
2528 2455 2870 2527 presbyteros
2911 2456 3174 2525 potuisse,
3204 2457 3344 2511 miro
3372 2456 3607 2538 doceant
3637 2472 3913 2511 consensu

2328 2549 2697 2604 vetustissima
2726 2548 2947 2613 Patrum
2970 2559 3024 2603 et
3045 2549 3425 2609 Conciliorum
3455 2562 3807 2606 monumenta
3834 2570 3849 2613 ;
3891 2566 3909 2601 t

2326 2638 2597 2710 pracipue
2629 2654 2759 2693 vero
2777 2638 2835 2691 S.
2865 2637 3103 2708 lgnatius
3120 2650 3323 2711 martyr
3340 2639 3475 2711 (86),
3500 2641 3599 2709 qui
3618 2640 3803 2694 divino
3823 2639 3913 2695 af-

2327 2726 2486 2782 ﬂatus
2506 2728 2713 2799 Spiritu
2743 2731 2943 2800 ubique
2966 2733 3146 2787 ﬁdeles
3162 2743 3363 2797 monet,
3387 2748 3406 2783 ί
3428 2748 3495 2787 ne
3520 2732 3638 2786 sine
3651 2735 3916 2804 episcopo

2328 2820 2535 2888 aliquid
2563 2820 2787 2883 faciant,
2813 2824 2904 2877 sed
2938 2824 3089 2877 illum
3124 2826 3429 2891 sequantur
3461 2834 3522 2877 ut
3543 2834 3771 2893 patrem.
3814 2845 3834 2875 ι

2286 2953 2288 2955 μ
2380 2910 2467 2971 ,At
2524 2912 2668 2965 dicet
2717 2913 2919 2983 aliquis
2973 2914 3326 2984 presbyteros
3369 2914 3583 2984 plebem
3630 2916 3916 2999 docuisse,

2325 3002 2535 3073 plebem
2562 3003 2863 3073 collegisse,
2887 3014 2938 3058 et
2964 3005 3255 3059 sacerdotis
3292 3010 3347 3059 et
3386 3006 3607 3061 senioris
3627 3007 3790 3060 etiam
3809 3020 3913 3061 no—

2327 3095 2568 3149 minibus
2598 3094 2702 3149 hoc
2736 3111 2850 3150 aevo
2881 3095 3050 3151 fuisse
3074 3097 3351 3152 interdum
3382 3097 3715 3168 designatos.
3742 3097 3909 3155 Fate-

660 3207 738 3262 ιιἰί
772 3206 936 3281 nobis
964 3220 1255 3276 superesse
1297 3205 1652 3269 arbitramur,
1686 3206 1980 3275 quominus
2023 3204 2222 3276 llippo-

2328 3199 2453 3241 mur
2476 3189 2588 3242 inec
2612 3191 2795 3243 omnia
2820 3189 3038 3246 licuisse
3057 3190 3220 3254 etiam
3244 3190 3599 3262 presbyteris,
3626 3192 3909 3263 permissu

658 3300 828 3372 lytum
858 3298 1009 3353 illum
1048 3297 1425 3363 Portueusem,
1453 3312 1615 3366 quem
1652 3297 1983 3353 Prudentius
2010 3299 2227 3369 elegan-

656 3391 877 3448 tissimo
898 3390 1141 3446 laudavit
1167 3378 1433 3453 carmine,
1463 3404 1573 3443 non
1606 3391 1753 3445 illius
1775 3393 1928 3448 urbis
1948 3395 2224 3449 titularem

657 3484 1059 3558 presbyterum,
1087 3483 1180 3539 sed
1228 3484 1541 3554 episcopum
1584 3484 1865 3538 exstitisse
1918 3488 2222 3541 credamus.

659 3576 727 3633 Et
754 3593 885 3633 sane
906 3574 1229 3647 pientissimi
1256 3584 1430 3646 poeta:
1456 3575 1723 3641 carmina,
1754 3584 1814 3630 ut
1837 3577 1948 3646 jam
1981 3579 2227 3632 animad-

658 3670 821 3725 vertit
845 3668 1137 3735 Baronius,
1172 3667 1535 3739 episc0palem
1590 3666 1864 3740 Hippolyti
1905 3669 2225 3739 dignitatem

660 3762 1102 3834 gi-apbice‘nobis
1133 3761 1204 3816 ob
1228 3762 1420 3817 oculos
1452 3770 1662 3833 ponunt
1692 3781 1706 3816 ε
1737 3818 1740 3822 ν

736 3875 871 3945 Cum
889 3876 1006 3945 jam
1048 3888 1245 3930 vesano
1280 3877 1445 3930 victor
1486 3885 1755 3945 raperetur
1795 3879 1859 3930 ab
1900 3878 2045 3933 hoste

805 3944 1120 3999 Exsultante
1143 3947 1346 4009 anima,
1372 3944 1633 3998 victor’ad
1667 3948 1887 3999 exitium

734 4014 913 4071 Plebis
939 4032 1117 4069 amore
1144 4028 1254 4069 sum
1286 4015 1463 4068 multis
1490 4016 1863 4068 comitantibus
1900 4016 2012 4068 ibat

803 4084 1108 4153 Consultus,
1130 4102 1369 4156 quamam
1394 4095 1537 4139 secta
1562 4085 1696 4152 [oret
1730 4085 1932 4138 melior.

660 4194 729 4258 Et
755 4202 1008 4272 deinceps
1038 4219 1051 4253 :

597 4314 601 4319 ’
732 4315 861 4371 Ηωσ
883 4315 1219 4378 persultanti,
1251 4313 1447 4367 celsum
1472 4315 1649 4369 subito
1680 4324 1801 4367 ante
1850 4314 2081 4367 tribunal

682 4393 687 4395 ’
806 4384 1043 4452 ΟΙΪετιιιν
1073 4386 1248 4438 senior
1283 4384 1499 4438 nexibus
1529 4386 1634 4452 imp
1657 4386 1834 4438 icitus.

734 4453 930 4519 Stipati
959 4456 1157 4523 circum
1178 4453 1392 4523 juvenes
1422 4453 1651 4507 clamore
1673 4455 1982 4523 fremebant,

801 4523 981 4591 Ipsum
1013 4522 1342 4577 Christicolis
1371 4538 1480 4575 esse
1501 4535 1655 4591 caput
1674 4522 1911 4593 populis.
1994 4590 1997 4591 ν

664 4643 789 4699 Haec
814 4644 1031 4713 quidem
1070 4643 1352 4699 Prudentii
1393 4641 1581 4707 verba,
1612 4644 1657 4696 si
1703 4660 1828 4697 cum
1874 4646 2093 4713 antiqua
2130 4645 2221 4702 illa

661 4736 885 4793 Patrum
928 4744 1237 4791 nostrorum
1288 4736 1576 4805 disciplina
1610 4750 1896 4803 parumper
1938 4736 2223 4792 conteran-

734 4871 873 4943 (82)Δ
898 4869 1255 4943 Commentar.
1303 4872 1363 4943 in
1393 4870 1645 4943 Ordinem
1702 4869 2117 4937 Romanum,,c.
2165 4873 2218 4938 5,

661 4939 901 5011 pagJG,
931 4948 1065 5011 tom.
1098 4939 1141 4992 ll
1176 4939 1364 4993 Musaei
1390 4942 1589 4994 Italici.
1782 5009 1791 5011 _
2103 4969 2106 4971 λ

732 5008 844 5079 (85)
879 5011 941 5079 in
988 5009 1206 5063 dissert.
1251 5012 1575 5078 prooemiali,
1616 5025 1735 5078 cap.
1770 5009 1824 5075 6,
1858 5025 1979 5079 pag.
2011 5010 2080 5066 32
2125 5013 2217 5065 cit.

662 5077 794 5134 tom.
822 5077 839 5133 l
866 5077 1123 5134 Onerum.

694 5146 1061 5220 Δ(84)]Γωιι.
1118 5146 1189 5220 Χ,
1243 5150 1303 5220 in
1341 5148 1519 5220 ,Saint
1575 5148 1855 5220 inuocem,
1915 5165 2038 5220 pag.
2094 5150 2216 5213 665,

661 5216 931 5281 art’ic.'l3,
985 5216 1072 5270 Du
1120 5219 1287 5271 levain
1315 5219 1613 5287 dontparle
1645 5216 2032 5285 Innocent,_ubi
2078 5234 2219 5275 recte

663 5298 967 5359 sermonem
1002 5287 1290 5359 _babet_de
1336 5288 1600 5359 termento
1650 5291 1737 5344 die
1788 5290 2071 5345 Dominico
2124 5307 2219 5359 per

622 5408 627 5415 ,
661 5356 899 5431 acolytos
942 5356 1087 5431 mitti
1130 5356 1312 5431 solito,
1344 5358 1953 5431 de_quo_lnnocentium
2001 5356 2221 5431 poni—iti-

661 5427 1170 5501 cemjnterrogabat
1216 5426 1503 5501 Decentius
1532 5426 1863 5501 :Eugubinus
1907 5426 2215 5501 episcopus.

731 5495 844 5567 (εξ)
865 5492 992 5567 Hoc
1013 5492 1400 5567 argumentum
1436 5492 1663 5552 miriﬁce
1688 5492 1985 5554 tractarunt
2011 5492 2217 5553 Rober-

661 5563 749 5639 gis
790 5563 1148 5639 Bellarminus
1188 5568 1265 5624 De
1306 5571 1669 5623 controversiis
1714 5570 2028 5625 Christiana:
2060 5571 2215 5639 ﬁdei,

661 5635 898 5710 Operum
945 5643 1076 5689 tom.
1110 5636 1170 5703 ll,
1194 5641 1297 5710 lib.
1336 5656 1373 5705 ι,
1403 5654 1523 5708 cap.
1563 5639 1711 5710 u_et
1746 5655 1921 5709 seqq.,
1965 5635 2087 5710 pag.
2118 5641 2211 5710 151

660 5703 793 5762 edit.
820 5703 1037 5759 Veneta!
1067 5722 1153 5759 an.
1185 5708 1343 5763 1721.
1365 5703 1605 5764 Videndi
1636 5703 1837 5761 Thom:
1856 5703 1993 5764 Mor'.
2026 5703 2078 5763 ἱῖι
2113 5709 2217 5761 Lu-

664 5776 796 5827 ther.
833 5790 973 5848 pag.
1026 5775 1163 5842 114ς
1211 5777 1449 5833 Joannes
1500 5782 1651 5837 card.
1707 5778 1944 5834 Rotl‘ens.
2004 5780 2213 5848 bﬁefens.

602 5869 609 5878 ·
658 5845 943 5912 socordem,
980 5860 1255 5918 congress.
1301 5851 1353 5913 1,
1389 5865 1442 5919 p.
1491 5850 1656 5925 1234‘;
1694 5850 1945 5907 Albertus
1989 5845 2215 5922 Pighius

2328 3289 2508 3335 tamen
2539 3281 2803 3351 episcopi,
2838 3297 3001 3351 quem
3044 3282 3217 3351 plebis
3258 3283 3365 3336 sibi
3393 3283 3703 3337 commissae
3740 3286 3911 3353 prin-

2327 3373 2500 3441 cipem
2548 3389 2614 3427 ac
2658 3374 3053 3435 moderatorem
3084 3374 3336 3429 Christus
3372 3373 3639 3429 Dominus
3668 3377 3911 3431 consti-

2327 3466 2449 3519 tuit.
2482 3464 2740 3520 Fatemur
2759 3467 2980 3519 senioris
3013 3474 3069 3520 et
3094 3455 3381 3520 sacerdotis
3415 3468 3638 3525 nomina
3664 3451 3773 3522 ilﬁs
3798 3467 3913 3524 hoc
3954 3536 3957 3539 ,

2326 3572 2442 3609 aevo
2470 3559 2801 3625 quandoque
2830 3559 3055 3621 tributa,
3085 3558 3544 3629 quemadmodum
3590 3569 3646 3613 et
3685 3574 3909 3628 pr¢po~

2338 3646 2431 3698 siti
2454 3660 2651 3700 nomen
2685 3647 2815 3721 ipsis
2841 3649 3231 3717 episcOpis,,ab
3256 3650 3492 3719 antiquis
3521 3665 3646 3705 cum
3670 3649 3908 3713 (ἐνεοῖς.

2328 3745 2441 3790 tum
2496 3736 2705 3793 Latinis
2751 3737 3008 3793 Patribus
3056 3754 3165 3793 non
3201 3740 3368 3795 sem‘el
3410 3732 3684 3810 impertita
3728 3737 3910 3797 fuisse

2326 3839 2551 3884 constat
2586 3830 2746 3901 (86‘).
2777 3829 2889 3885 Nec
2924 3830 3135 3886 inﬁcias
3164 3831 3305 3886 imus
3349 3833 3691 3901 presbyteros
3734 3833 3906 3887 etiam

2324 3923 2537 3992 publice
2560 3922 2770 3991 plebem
2796 3922 3069 3990 docuisse,
3099 3924 3191 3978 sed
3214 3925 3588 3979 consentiente
3612 3925 3903 3996 episeopo,

2326 4016 2436 4070 imo
2464 4025 2517 4070 et
2544 4016 2711 4069 laicos
2734 4031 2970 4085 quoque,
3000 4016 3094 4084 qui
3125 4016 3192 4070 ab
3221 4016 3323 4070 hoc
3358 4025 3615 4071 arcentur
3644 4031 3903 4082 munere,

2324 4106 2513 4158 eodem
2572 4105 2897 4175 quandoque
2944 4105 3180 4173 functos,
3237 4116 3478 4183 veterum
3538 4118 3905 4162 monumenta

2327 4204 2617 4261 testantur;
2649 4198 2793 4264 quod
2822 4206 2997 4251 tamen
3035 4198 3453 4266 reprehensione
3482 4214 3591 4253 non
3622 4202 3900 4264 caruisse,

2324 4288 2393 4342 iis
2425 4296 2610 4340 notum
2641 4297 2743 4350 est,
2773 4289 2865 4357 qui
2906 4286 3155 4360 Origenis
3186 4306 3274 4345 res
3304 4301 3485 4360 gestas
3526 4291 3733 4360 optime
3775 4292 3900 4345 eal-

2325 4380 2432 4431 lent
2457 4376 2591 4444 (87).
2616 4376 2924 4449 Presbyteri
2951 4381 3114 4449 igitur
3142 4396 3296 4435 sacra
3326 4381 3635 4450 hujusmodi
3662 4397 3900 4437 munera

2324 4470 2590 4538 permissu
2626 4485 2837 4538 semper
2866 4471 3121 4540 episcopi-
3148 4481 3277 4526 tunc
3326 4473 3581 4539 temporis
3625 4487 3903 4543 exseque-

2255 4573 2300 4632 ι)
2330 4561 2543 4625 bantur,
2572 4566 2625 4613 et
2652 4560 2866 4627 quidem
2907 4576 3014 4612 non
3065 4560 3376 4627 promiscue
3410 4574 3632 4625 omnes;
3667 4576 3793 4615 nam
3826 4578 3901 4616 ex

2326 4653 2457 4723 ipsis
2486 4652 2788 4721 praecipuos
2806 4650 2872 4703 ab
2900 4651 3171 4721 episcopis
3199 4661 3405 4705 tantum
3451 4652 3680 4708 selectos
3712 4668 3781 4707 an
3811 4669 3901 4707 m-

2322 4743 2672 4804 advertimus,
2717 4755 2855 4812 quos
2925 4743 2993 4795 ab
3056 4742 3297 4811 injuncto
3360 4741 3585 4799 docendi
3638 4760 3898 4811 munere,

2326 4874 2527 4946 Eccles.
2557 4876 2815 4946 hierarch.
2870 4877 2963 4931 lib.
3002 4894 3083 4941 ιιι,
3115 4893 3234 4946 cap.
3268 4881 3369 4938 l0:
3408 4882 3713 4936 Stanislaus
3735 4884 3893 4938 card.

2324 4944 2525 5016 Hosius
2551 4947 2601 5016 in
2636 4945 2849 5000 Iudicio
2873 4958 2918 4999 et
2947 4965 3165 5001 censura
3183 4944 3260 5001 de
3291 4951 3564 5003 adoranda
3600 4950 3895 5016 Trinitate,

2322 5032 2376 5085 p.
2408 5014 2508 5068 l56
2540 5015 2667 5086 edit.
2696 5017 3004 5086 Antucrpiae
3022 5019 3147 5069 anni
3174 5018 3298 5072 1671
3321 5039 3335 5083 ;
3362 5020 3632 5081 Petavius,
3654 5014 3891 5078 Dissert.

2321 5087 2518 5157 eccles:
2544 5085 2636 5157 lib.
2666 5087 2714 5151 l,
2740 5104 2859 5156 cap.
2901 5085 2916 5139 ι
2946 5096 2999 5140 et
3034 5102 3218 5157 seqq.;
3251 5088 3519 5145 Baronius
3558 5093 3635 5142 ad
3676 5105 3893 5147 annum

2321 5156 2412 5231 58,
2434 5153 2605 5231 δίη-4
2627 5165 2679 5231 et
2712 5153 2893 5231 seq—(1.,
2923 5153 3125 5231 Annal:
3148 5153 3277 5212 iom.
3308 5162 3345 5223 l,
3370 5176 3505 5231 pagi
3520 5160 3615 5213 491
3639 5168 3708 5231 et
3724 5176 3890 5231 seqq.

2396 5223 2508 5297 (.56)
2540 5223 2804 5297 lnEpistI
2829 5223 2894 5297 ad
2931 5227 3255 5292 Trallianos,
3294 5223 3533 5291 nuinfb,
3566 5244 3616 5297 p.
3648 5229 3737 5282 64.

2390 5292 2527 5365 (86')
2564 5292 2653 5349 Sic
2676 5292 2818 5364 apud
2868 5296 3159 5352 Eusebibm
3220 5299 3313 5353 lib.
3359 5315 3390 5352 ν
3437 5292 3582 5351 Hist:
3628 5300 3893 5353 ecclesia-

2319 5368 2487 5423 sticaz.
2530 5368 2648 5432 cap.
2674 5366 2765 5432 ‘24,
2796 5383 2917 5436 pag.
2948 5368 3073 5427 218,
3121 5370 3281 5421 etiam
3314 5365 3542 5437 Romani
3591 5370 3891 5436 pontiﬁces

2319 5436 2613 5505 presbyteri
2643 5438 3011 5505 nominantur.
3032 5436 3449 5505 Prmpositorum
3472 5440 3687 5491 nomine
3711 5442 3889 5493 etiam

2318 5506 2603 5577 episcopos
2632 5505 2879 5577 intelligit
2903 5504 2959 5577 Sy.
2984 5505 3594 5577 Cypriauusiepistljii,
3620 5524 3743 5577 pag.
3772 5510 3887 5563 190

2318 5574 2445 5647 edit.
2477 5574 3064 5647 citataabmstelodami
3100 5578 3224 5647 anni
3268 5574 3424 5647 1100.
3459 5574 3591 5647 Yide
3621 5574 3887 5647 Ducange

2317 5643 2482 5713 verbo
2530 5642 2838 5713 Presbyter,
2874 5653 2926 5696 ct
2971 5646 3140 5700 Macri
3188 5644 3241 5699 in
3294 5644 3660 5712 Hieroleatico,
3712 5642 3891 5704 Verbo

2308 5710 2596 5780 Presbyter
2626 5725 2679 5767 et
2696 5710 2908 5767 'Senior.

2334 5852 2335 5857 γ
2390 5778 2624 5857 (δη-,υς
2668 5784 2917 5857 U_rigenis
2966 5785 3130 5854 gestis
3174 5784 3432 5854 legendus
3475 5783 3891 5857 Til‘lernontins,

2318 5852 2449 5905 tom.
2484 5848 2568 5906 Ill.
2604 5854 2653 5906 in
2690 5848 2928 5921 Origene,
2958 5848 3007 5909 et
3040 5848 3359 5923 praesertim,
3387 5870 3507 5926 pag.
3549 5855 3675 5911 523.
