4078 6348
181 426 276 482 ηδ

946 426 1032 481 DE
1067 425 1452 483 PORTUENSI
1491 427 1546 480 S.
1592 426 1951 488 lliPPOLYTl
1991 427 2179 483 SEDE.
2221 458 2288 474 -τ
2329 426 2507 482 PARS
2541 427 2582 482 Ι.

3276 415 3378 482 ιειθ

189 549 408 619 majores
430 549 607 604 nostri
633 548 979 611 διδασκάλους
1004 564 1097 603 seu
1128 549 1375 603 ductores
1401 549 1580 603 dixere
1606 548 1736 618 (88).
1770 554 1812 609 Α
1842 565 2003 618 gnere
2025 550 2228 619 liceret,
2262 523 2602 621 Hippolytum
2634 557 2875 604 nostrum
2926 547 3112 604 eodem
3137 546 3258 618 jure
3279 564 3384 615 quo

188 641 319 697 Cum
369 641 557 710 itaque
605 641 870 717 delegato,
922 650 981 693 ut
1027 640 1098 694 ita
1141 640 1405 705 dicamus,
1437 641 1554 709 jure
1601 641 1733 704 haec,

189 748 300 801 qus.-
324 749 446 786 mox
476 734 841 797 narravimus,
866 747 1086 785 munera
1116 731 1302 801 primis
1330 732 1581 787 Ecclesiae
1603 743 1735 786 tem-

190 824 404 893 poribus
433 823 770 878 obtinuerint
802 824 1287 894 presbyteri,yquis
1331 841 1568 894 unquam
1615 825 1737 894 Ilip-

189 914 418 983 polytum
479 912 890 983 presbyterum,
956 905 1114 979 quem
1175 915 1430 983 populum
1487 916 1735 970 docuisse

186 1005 307 1058 dicit
332 1003 685 1070 Prudentius,
712 1003 1024 1058 Portuensis
1063 1004 1236 1073 plebis
1277 1016 1438 1076 caput
1466 1007 1734 1062 exstitisse

129 1122 135 1126 -
187 1094 510 1150 contendet?

242 1184 448 1242 ,Verutn
482 1183 679 1252 aliquis
735 1183 1066 1240 existimabit
1101 1186 1443 1259 Hippolytum
1491 1196 1732 1242 nostrum

186 1291 287 1328 non
308 1278 374 1330 ea
410 1284 590 1330 mente
623 1276 870 1343 specioso
899 1278 1081 1344 capitis
1109 1277 1270 1346 plebis
1298 1279 1514 1332 nomine
1542 1294 1571 1332 a
1600 1277 1735 1332 Pru-

186 1367 364 1421 dentio
402 1366 684 1432 donatum,
726 1373 785 1418 ut
818 1365 1076 1422 indicaret
1125 1369 1299 1437 ipsum
1335 1369 1414 1421 vel
1443 1369 1733 1432 titularem,

185 1461 263 1516 vel
301 1460 601 1530 simplicem
649 1462 700 1515 in
747 1460 1033 1516 Portuensi
1065 1461 1303 1516 Ecclesia
1361 1463 1732 1533 presbyterum

189 1553 376 1616 luisse,
412 1553 503 1608 sed
539 1562 593 1606 ut
626 1552 796 1615 illum,
824 1561 1010 1620 utpote
1060 1552 1113 1606 in
1147 1552 1344 1606 minori
1380 1554 1512 1607 urbe
1535 1554 1734 1624 degen-

182 1653 307 1709 tem,
366 1658 488 1713 quae
537 1642 726 1712 primis
774 1641 1030 1698 Ecclesia:
1093 1642 1425 1713 temporibus
1473 1644 1729 1713 episcopo

188 1735 372 1790 forsan
408 1749 593 1806 carere
614 1733 809 1802 potuit,
843 1742 1104 1803 potestate
1129 1734 1229 1789 sibi
1253 1721 1392 1788 facta
1429 1751 1458 1788 a
1490 1734 1734 1788 Romano

186 1821 455 1892 pontiﬁce,
491 1819 842 1875 Portuensem
874 1820 1172 1877 Ecclesiam
1219 1823 1455 1892 episcopi
1503 1825 1621 1878 loco
1649 1825 1736 1877 ad-

1835 640 2131 709 presbyteri
2194 640 2265 693 illi
2325 639 2452 695 suas
2505 651 2632 695 tunc
2673 641 2925 708 temporis
2972 641 3386 695 moderabantur

1836 730 2128 793 Ecclesias,
2163 730 2448 785 Portuensi
2483 730 2783 802 pra-fuisse,
2805 733 2888 786 vel
2919 731 3098 786 forsan
3131 741 3189 786 ut
3221 733 3387 787 ebor-

1834 825 2169 892 episcopum,
2214 840 2372 891 quem
2405 824 2457 876 in
2489 826 2666 892 parvis
2698 823 3028 886 civitatibus,
3052 825 3201 893 pagis
3223 823 3385 877 etiam

1834 927 1888 969 et.
1918 914 2049 970 vicis
2079 915 2335 968 constitui
2378 909 2604 968 Solitum
2663 913 2830 969 fuisse
2875 924 3080 968 veteres
3133 913 3386 968 Ecclesia:

1834 1021 2071 1059 canones
2099 1014 2388 1071 testantur,
2419 1006 2662 1060 eamdem
2691 1005 3042 1060 Portuensem
3089 1003 3380 1060 Ecclesiam

1834 1097 2262 1152 administrasse.
2299 1095 2394 1150 llis
2423 1097 2686 1167 siquidem
2732 1089 2943 1166 positis,
2975 1105 3027 1150 et
3069 1094 3388 1152 Prudentius

1835 1186 1902 1239 ab
1935 1184 2081 1240 omni
2130 1184 2470 1239 confusionis
2521 1192 2648 1244 nota
2697 1193 2841 1240 esset
2896 1183 3173 1248 immunis,
3208 1192 3261 1247 et
3293 1184 3388 1237 do-

1834 1275 2060 1330 ctissimi
2094 1273 2366 1330 Ruinartii
2403 1273 2713 1343 conjectura
2742 1283 2887 1328 sarta
2927 1283 3170 1343 tectaque
3207 1288 3391 1328 mane-

1835 1374 1939 1420 ret.
1972 1364 2292 1435 Hujusmodi
2329 1373 2506 1418 tamen
2560 1363 2893 1432 argumentis
2920 1372 3072 1417 tanta
3129 1363 3265 1417 baud
3307 1364 3387 1418 vis

1837 1455 1996 1519 inest,
2031 1462 2093 1508 ut
2134 1453 2386 1508 facillime
2442 1453 2686 1507 enervari
2744 1469 2846 1505 non
2907 1454 3098 1522 possit.
3156 1438 3385 1509 Omissis

1834 1546 1981 1600 enim
2007 1546 2075 1600 iis
2117 1560 2236 1615 quae
2261 1545 2327 1598 de
2358 1541 2666 1613 bujusmodi
2692 1544 3126 1614 presbyterorum
3155 1551 3208 1596 et
3229 1544 3384 1598 chor-

1832 1637 2210 1706 episcOporum
2234 1625 2237 1628 ’
2259 1637 2382 1704 jure
2417 1636 2610 1688 acriter
2639 1634 2775 1687 inter
2816 1650 2875 1690 se
2915 1635 3256 1702 disputarunt
3288 1635 3384 1688 do-

1833 1728 1909 1782 cti
1940 1728 2040 1781 viri
2060 1726 2313 1782 Petavius
2347 1727 2481 1796 (9t),
2526 1725 2918 1780 Thomassinus
2954 1723 3086 1795 (99.),
3121 1725 3386 1783 Christia-

1836 1832 1938 1871 nus
1966 1816 2152 1886 Lupus
2184 1815 2678 1886 (95),.Bcveregius
2713 1815 2843 1886 (9-1),
2889 1815 3210 1883 ceterique;
3254 1813 3382 1871 illud
3468 1830 3470 1834 '

186 1883 522 1966 ministrasse
552 1911 900 1990 signiﬁcaret.
947 1912 1098 1977 Quod
1124 1883 1339 1981 egregio
1362 1913 1416 1964 S.
1451 1914 1730 1984 Epiplianii
1764 1883 1805 1936 Β
1835 1906 2111 1960 monuisse
2142 1906 2395 1966 suﬂiciat,
2426 1907 2568 1960 baud
2605 1899 2874 1960 immerito
2910 1905 2966 1958 in
3021 1905 3242 1959 dubium
3286 1921 3386 1981 voc

161 2001 491 2067 testimonio
523 2002 722 2055 firmari
768 2012 968 2074 posset,
1007 2005 1097 2072 qui
1128 2012 1314 2057 contra
1348 2003 1576 2058 Arianos
1601 2005 1733 2058 scri-

186 2091 312 2146 bens
339 2090 876 2161 Presbyterianorum
908 2096 1076 2147 nostri
1108 2095 1203 2148 aevi
1229 2098 1444 2158 'atavos,
1482 2110 1588 2148 non
1616 2109 1733 2147 om-

185 2183 340 2237 nibus
373 2183 596 2236 urbibus
619 2183 680 2238 .in
707 2185 794 2258 illa
831 2183 1130 2254 primorum
1173 2199 1474 2254 temporum
1507 2185 1732 2255 penuria

181 2275 463 2343 episcopos
491 2274 649 2330 datos
694 2275 863 2331 fuisse
911 2286 1114 2340 monet,
1165 2277 1258 2330 sed
1309 2277 1646 2346 presbyteros
1678 2277 1732 2329 in

183 2366 377 2420 iisdem
403 2368 777 2438 episcoporum
829 2371 945 2424 vice
973 2369 1245 2423 suﬂ‘ectos.
1297 2370 1355 2422 In
1404 2369 1525 2424 aliis
1583 2385 1731 2435 vero,

183 2471 298 2510 cum
329 2469 554 2514 econtra
581 2461 827 2515 deessent
857 2461 1174 2530 presbyteri,
1211 2459 1359 2513 solus
1398 2443 1499 2514 fuit
1529 2462 1735 2516 consti-

184 2553 326 2599 tutus
386 2547 689 2617 episcopus,
740 2549 1250 2619 qui,‘ministrante
1277 2550 1523 2614 diacono,
1581 2552 1734 2606 Chri—

185 2637 374 2691 stianae
403 2626 540 2707 plebi
567 2649 823 2708 pra-esset
874 2639 1005 2711 (89).
1045 2640 1139 2696 His
1166 2643 1327 2696 etiam
1358 2641 1480 2696 addi
1512 2655 1735 2713 possent

181 2731 460 2785 notissima
514 2731 604 2786 illa
666 2733 722 2788 S.
781 2734 1063 2802 Athanasii
1119 2735 1425 2790 testimonia
1481 2737 1548 2790 de
1585 2738 1733 2806 pagis

177 2820 510 2888 lareotidis,
542 2824 656 2893 qui,
693 2840 817 2880 cum
877 2827 1053 2880 nullos
1108 2827 1370 2880 baberent
1428 2827 1731 2896 episcopos,

179 2912 291 2966 sola
317 2915 758 2984 presbyterorum
791 2929 892 2986 ope
916 2916 1260 2985 regebantur,
1286 2917 1481 2984 quibus
1505 2917 1734 2970 Alexan—

179 3005 370 3060 drinus
399 3006 697 3076 imperabat
747 3007 1034 3076 episcopus
1086 3007 1219 3077 (90).
1256 3006 1392 3063 Hine
1437 3007 1595 3061 nobis
1645 3022 1734 3060 ar—

245 3177 364 3260 (8_8)
393 3175 474 3260 De
521 3179 848 3260 presbyteris
900 3177 1241 3260 doctoribus:
1295 3179 1403 3260 qui.
1438 3162 1733 3249 smpissime
1760 3205 1800 3260 ρ

179 3237 318 3316 apud
344 3237 620 3312 'antiqitos
647 3237 831 3302 Patres
869 3256 1193 3316 occurrunt,
1221 3237 1439 3316 legenda
1479 3237 1621 3304 certe
1649 3264 1732 3306 est

177 3315 489 3388 dissertatio
518 3315 550 3388 6
576 3316 895 3388 Cyprianica
932 3315 1145 3388 llenrici
1177 3315 1452 3388 Dodwelli,
1488 3334 1607 3388 pag.
1635 3323 1724 3386 51,

175 3385 269 3438 ubi
293 3386 462 3439 multa
518 3386 825 3452 ltujusinodi
870 3386 1122 3440 dictionis
1168 3387 1413 3454 exempla
1448 3385 1732 3444 inveniun-

173 3463 314 3518 tur;
333 3455 614 3508 adeundus
638 3466 718 3509 est
741 3457 900 3508 etiam
930 3455 1237 3509 llolstenius
1264 3458 1316 3508 in
1348 3459 1490 3513 notis
1508 3460 1572 3512 ad
1599 3461 1728 3514 Acta

180 3523 592 3595 SS.APerpetu:e
622 3534 674 3578 et
696 3525 1012 3587 Felicitatis,
1047 3540 1169 3595 pag.
1224 3526 1496 3582 Mﬂedit.
1551 3527 1733 3582 Roma:

174 3593 302 3665 anni
334 3593 493 3658 1665,
527 3595 614 3648 ubi
650 3596 763 3665 agit
785 3595 848 3648 de
877 3595 1104 3662 Aspasﬂo
1126 3593 1460 3665 'presbytero
1486 3599 1727 3664 doctore,

171 3664 332 3732 Cujus
360 3668 413 3732 in
450 3661 719 3731 praedictis
741 3663 887 3717 Actis
911 3661 1110 3717 mentio
1139 3661 1242 3716 est.

242 3731 359 3798 (89)
386 3731 443 3788 S.
478 3731 808 3800 Epiphanius
832 3734 922 3786 lib.
956 3733 1310 3800 ιιιᾼάυενδιιι
1341 3733 1580 3795 haereses,
1612 3734 1725 3788 ba:-

173 3802 281 3857 resi
320 3799 596 3862 77,,num.
621 3802 674 3866 5,
710 3816 826 3868 pag.
852 3801 974 3862 908,
1007 3799 1168 3868 Oper.
1219 3810 1349 3852 tom.
1403 3803 1417 3853 l
1473 3805 1600 3855 edit.
1627 3801 1727 3856 Pa-

173 3871 270 3922 ris.
294 3869 436 3922 1622
454 3887 466 3921 :
482 3868 685 3932 aQuare
702 3869 788 3922 ubi
808 3871 1042 3922 nondum
1064 3869 1404 3936 episcopatus
1425 3872 1618 3938 dignus
1634 3873 1728 3924 ali-

172 3940 294 4007 quis
312 3949 647 3999 occurrerat,
669 3937 847 4008 nullus
871 3939 918 3990 ei
950 3938 1067 4005 loco
1086 3938 1406 4008 praepositus
1425 3937 1506 3993 est
1523 3941 1729 4008 episco-

171 4024 292 4077 pus.
313 4009 384 4060 Αι
406 4008 497 4060 ubi
525 4016 576 4077 et
601 4007 892 4060 necessitas
922 4007 1246 4077 postulabat,
1270 4021 1367 4061 nec
1396 4007 1604 4073 eorum,
1636 4013 1724 4077 qui

170 4075 491 4148 episcopatu
516 4075 660 4148 digni
709 4085 892 4148 erant,
931 4077 1084 4143 cepia
1135 4076 1337 4148 deerat.
1373 4075 1723 4148 ibiepiscopi

170 4145 478 4200 constituti.
512 4147 582 4199 At
607 4150 727 4198 cum
756 4145 894 4197 haud
925 4146 1429 4213 magnamultitudo
1458 4145 1612 4208 foret,
1645 4145 1728 4203 re-

169 4217 335 4282 periri
372 4215 506 4268 nulli
537 4223 853 4284 potuerunt,
898 4215 1328 4284 quipresbyteri
1369 4228 1723 4273 crearentur:

172 4285 318 4336 unde
342 4285 465 4336 solo
507 4287 758 4352 cpi5t20po
785 4283 1021 4336 contenti
1057 4283 1289 4337 fuerunt.
1317 4304 1335 4335 ι

238 4354 355 4422 (90)
419 4355 671 4421 Apologia
706 4363 884 4422 contra
931 4353 1181 4416 Arianos,
1230 4368 1382 4422 num.
1433 4354 1519 4416 17,
1553 4353 1713 4422 Oper.

169 4429 301 4474 tom.
331 4421 375 4487 I,
403 4437 527 4492 pag.
571 4421 670 4475 157
705 4423 829 4475 edit.
866 4421 1036 4475 Paris.
1069 4423 1195 4474 anni
1236 4421 1724 4492 1698:-Quodiau-

166 4497 274 4541 tem
310 4493 432 4544 haec
466 4496 571 4543 non
595 4507 738 4559 mera
771 4494 930 4559 verba
963 4493 1089 4552 sint,
1115 4492 1205 4542 sed
1235 4503 1317 4542 res
1341 4502 1518 4559 gesta),
1560 4501 1722 4546 testes

168 4568 298 4630 sunt
342 4574 540 4612 omnes
591 4558 842 4614 Mareotaa
891 4539 1204 4630 presbyteri,
1253 4539 1370 4630 quia
1402 4539 1720 4630 episcopum
1755 4539 1796 4594 ί)

164 4628 598 4681 circumeuntem
617 4643 828 4696 semper
843 4629 1188 4682 comitantur.
1219 4646 1237 4677 ι
1257 4627 1320 4680 Et
1347 4643 1495 4681 num.
1516 4627 1605 4692 28,
1629 4648 1722 4683 ea-

164 4699 287 4750 dem
322 4696 602 4765 Apologia,
631 4713 750 4765 pag.
783 4697 918 4750 M7:
945 4715 963 4747 ι
987 4698 1122 4749 Cum
1174 4697 1515 4750 advenissent
1545 4710 1723 4754 autem

165 4766 470 4836 presbyteri
503 4764 1189 4836 dial-equiti,allirtnarunt
1236 4781 1406 4834 neque
1448 4769 1723 4836 lsebyram

163 4827 284 4905 esse
327 4827 652 4890 catholica}.
684 4827 936 4905 ECclesize
964 4827 1358 4905 presbyterum,
1397 4827 1588 4904 neque.
1621 4841 1726 4892 tale

165 4903 387 5028 facinbus
420 4913 760 4973 perpetrasse
819 4903 1145 4968 Macarium,
1203 4905 1363 4973 quale
1404 4906 1447 4958 is
1486 4903 1576 4959 illi
1621 4910 1723 4961 im-

165 4985 290 5028 outa
333 4984 412 5028 at.
455 4993 473 5025 ι

200 4984 412 5029 utabat.
455 4993 473 5025 ι
757 5027 761 5030 .

165 4991 412 5043 putabat.
455 4993 473 5025 ι
757 5027 761 5030 .

233 5047 348 5114 (91)
391 5044 449 5097 ln
475 5038 809 5114 notis__ad‘_S.
837 5038 1195 5114 Epiphaniutn
1238 5044 1428 5097 lueresi
1475 5045 1541 5098 69
1573 5047 1725 5100 Aria-

164 5108 384 5178 norum,
411 5129 543 5184 pag.
566 5111 692 5184 278,
727 5108 889 5184 Oper.
933 5108 1061 5184 tom.
1100 5111 1164 5184 ΙΙ,
1218 5115 1307 5166 ubi
1341 5130 1570 5178 summa,
1617 5133 1719 5184 qun

160 5184 328 5261 pollet
369 5177 697 5238 eruditione
721 5219 737 5244 ,
778 5177 877 5232 'de
937 5177 1446 5250 chorepiseoporutn
1517 5177 1723 5255 origine

145 5263 287 5304 amt.
1405 5295 1407 5297 .

373 5312 530 5394 Ρ³¹Ῐι⁶
551 5336 592 5394 ἲν
624 5320 714 5394 ω)-
741 5331 802 5380 ¹¹ν
831 5329 953 5394 9³Ρ·
983 5314 1087 5394 μιθί
1113 5314 1166 5379 ἓν
1193 5331 1316 5386 Ρθῧ·
1343 5295 1447 5373 Ἧθ
1470 5332 1517 5376 et
1540 5337 1719 5394 _S_cqq.,

160 5388 248 5467 ubi
279 5387 512 5512 dissegt
542 5391 609 5444 de
630 5387 1027 5456 cborepiscopis
1056 5398 1150 5453 per
1179 5397 1300 5442 octo
1325 5393 1505 5455 priora
1536 5387 1722 5446 suae;

160 5473 250 5510 sne
274 5472 428 5512 seco
494 5497 509 5511 .
820 5488 823 5490 »
998 5499 1005 5503 .
1340 5510 1343 5512 _

159 5473 250 5510 διε
274 5472 509 5515 muta.
820 5488 823 5490 ’
998 5499 1005 5503 -
1340 5510 1343 5514 ν

213 5528 345 5597 (95)
382 5526 448 5580 ιιι
477 5541 685 5597 canone
708 5527 742 5580 6
769 5526 983 5582 concilii
1022 5522 1362 5597 Sardicensis
1401 5526 1454 5579 in
1505 5539 1636 5582 tom.
1700 5529 1720 5582 l

159 5593 422 5665 operum,
455 5593 725 5663 pag..279
774 5609 826 5651 et
855 5612 1005 5666 seqq.
1041 5594 1289 5649 editionis
1328 5595 1537 5649 Veneta:
1593 5604 1718 5651 anni

159 5667 318 5727 16-21.
345 5679 407 5721 et
438 5666 567 5718 alibi
593 5667 805 5733 saepius.
952 5717 954 5720 ,
1159 5709 1163 5714 .
1628 5691 1629 5694 η

120 5739 127 5744 ⁷
227 5735 342 5804 (94)
396 5733 723 5804 Guilielmus
769 5736 1108 5804 Beveregius,
1148 5735 1420 5789 Pandente
1462 5750 1719 5788 canonum

156 5803 254 5861 SS.
289 5803 660 5876 apostolorum
686 5813 732 5854 et
758 5803 1114 5874 comitiorum,
1152 5808 1202 5859 in
1243 5819 1474 5861 canones
1499 5808 1717 5861 concilii

483 5899 756 5987 Ρλτιιοι.
802 5900 916 5959 GR.
963 5901 1043 5967 Χ..

1832 1996 1944 2051 cari
1985 2011 2166 2065 posse,
2197 2011 2328 2050 num
2358 1997 2550 2051 iisdem
2580 1994 2978 2063 cborepiscopis
3005 2010 3066 2047 ea
3095 2005 3237 2048 recte
3285 1997 3382 2062 tri-
3445 2065 3450 2070 _

1834 2087 1924 2140 bui
1952 2096 2173 2155 queant,
2207 2101 2327 2156 qu:e
2354 2085 2421 2148 de
2471 2085 2755 2155 Hippolyto
2798 2086 2993 2139 cecinit
3038 2084 3383 2153 Prudentius,

1833 2180 2133 2246 przesertim‘
2158 2193 2294 2233 vero.
2325 2195 2454 2233 num
2484 2178 2582 2244 ipsi
2631 2179 2682 2232 in
2719 2178 2967 2251 primaeva
3013 2175 3232 2238 Patrum
3279 2177 3384 2233 litt-

1783 2302 1790 2309 υ
1833 2287 1936 2341 gua
1957 2270 2278 2326 Christiana:
2305 2269 2473 2339 plebis
2505 2269 2679 2338 capita
2710 2268 2980 2324 exstitisse
3008 2268 3213 2323 dicendi
3239 2269 3381 2332 sint,

1833 2362 2040 2416 cumin
2075 2362 2329 2417 omnibus
2362 2361 2550 2415 vicime
2589 2361 2738 2414 urbis
2780 2363 3028 2430 episcopo
3057 2376 3149 2416 eos
3197 2361 3380 2430 subje-

1833 2463 1950 2509 ctos
1997 2469 2116 2510 esse
2168 2454 2431 2521 jusserint
2483 2451 2837 2506 vetustissimi
2898 2450 3150 2506 Ecclesice
3210 2468 3377 2506 cano-

1834 2561 1932 2600 nes
1963 2545 2100 2616 (95).
2138 2544 2254 2609 llis,
2289 2545 2466 2598 denuo
2513 2543 2828 2610 repetimus,
2864 2543 3105 2607 omissis,
3151 2543 3254 2597 alia
3284 2559 3381 2598 no-

1835 2638 1917 2692 bis
1947 2638 2177 2706 suppetit
2205 2637 2484 2706 potissima
2519 2636 2677 2700 ratio,
2731 2649 2836 2703 qua
2890 2635 3195 2703 bujusmodi
3224 2634 3382 2706 argué

1836 2739 2071 2782 mentum
2103 2727 2156 2779 in
2194 2741 2252 2780 re
2295 2734 2475 2780 nostra
2508 2725 2719 2792 penitus
2755 2722 3045 2780 evanescit.
3101 2723 3248 2782 Hanc
3285 2745 3381 2781 no-

1834 2818 1918 2872 bis
1950 2815 2251 2885 suppeditat
2279 2815 2645 2892 vetustissima
2673 2815 3062 2871 suburbicariaa
3095 2820 3382 2887 provinciae

1833 2892 2201 2960 ecclesiastica
2230 2905 2436 2974 politia,
2466 2905 2518 2957 in
2553 2920 2678 2974 qua,
2711 2915 2769 2958 ut
2799 2906 2996 2961 diserte
3045 2917 3226 2962 monet
3277 2908 3377 2962 do-
3410 2958 3412 2961 .

1834 2997 2106 3052 etissimus
2136 2997 2448 3052 Dominicus
2478 2995 2668 3067 Georgi
2697 2998 2828 3069 (96),
2855 2999 3316 3080 ‘episeopipassim
3345 3015 3377 3054 α

1834 3178 2174 3238 Antioclteni,
2231 3188 2359 3233 tom.
2394 3176 2436 3239 l,
2475 3193 2594 3246 pag.
2652 3175 2775 3244 410,
2827 3177 2954 3231 edit.
3012 3175 3205 3231 Oxonii
3251 3181 3393 3233 anni'

1836 3247 2244 3311 1672;1tecuon
2275 3247 2724 3301 Adnotationibus
2775 3247 2827 3300 in
2879 3262 3114 3301 canones
3163 3249 3374 3302 concilii

1832 3317 2128 3388 Ancyram,
2188 3317 2435 3388 canall’i,
2489 3325 2619 3370 tom.
2669 3315 2732 3377 ll,
2779 3327 2916 3388 part.
2953 3331 3010 3388 ιι,
3075 3331 3194 3384 pag.
3253 3318 3374 3380 175,

1833 3386 1968 3452 H6;
2005 3389 2058 3439 in
2085 3386 2454 3440 notationibus
2484 3401 2604 3439 ean.
2641 3387 2854 3438 concilii
2885 3387 3224 3450 Antioclteni,
3250 3402 3373 3442 can.

1833 3455 1918 3517 10,
1954 3472 2074 3524 pag.
2109 3455 2231 3518 190,
2257 3464 2389 3508 tom.
2421 3455 2608 3507 eodem
2641 3452 2702 3513 ll,
2731 3461 2958 3524 part._tt.

1904 3525 2013 3594 (95)
2031 3522 2277 3592 Legendi
2309 3533 2434 3594 sunt
2462 3535 2695 3575 canones
2721 3522 3072 3575 conciliorum
3107 3522 3374 3592 Ancyrani

1832 3595 1918 3654 l5,
1951 3593 2003 3646 et
2028 3593 2344 3645 Antioclteni
2388 3593 2471 3644 10.
2951 3617 2953 3620 ‹

1899 3663 2011 3729 (96)
2061 3660 2328 3729 Ηὲειονία’
2363 3658 2701 3729 ςίὶριοηιᾳεὶεα
2761 3659 3020 3712 cathedra:
3063 3661 3372 3728 episcopalis

1829 3727 2058 3783 civitatis
2087 3728 2245 3782 Setia:
2269 3730 2323 3780 in
2353 3728 2525 3788 Latio,
2555 3727 2581 3796 ἓ
2613 3729 2665 3790 5,
2706 3743 2826 3797 pag.
2859 3731 2890 3780 6
2934 3727 3159 3782 edition.
3191 3730 3374 3786 Roma:

1828 3800 1955 3852 anni
1979 3799 2137 3861 1751,
2168 3799 2256 3851 ubi
2286 3799 2351 3852 ad
2391 3813 2548 3868 suum
2579 3807 2954 3868 argumentum
2997 3799 3371 3861 stabiliendum

1830 3869 2120 3921 multarum
2169 3868 2379 3922 erudite
2426 3865 2787 3922 Ecclesiarum
2843 3870 3226 3922 cathedralium
3274 3886 3372 3923 no-

1830 3940 1972 3990 mina
1996 3947 2184 3992 auctor
2213 3938 2486 4005 producit;
2530 3939 2661 4006 binc
2686 3937 3370 4006 episc0pirMinturnenses,
3454 3947 3468 3961 ‘

1829 4007 2121 4073 Formiani,
2155 4006 2490 4063 Laurentini.
2525 4005 2882 4074 Privernates,
2919 4005 3104 4058 Trium
3119 4006 3372 4074 taberna-

1830 4093 1972 4140 rttm,
2022 4079 2357 4147 Aquinates,_
2399 4074 2731 4147 Gabienses,
2783 4074 3059 4138 Labicani,
3117 4073 3367 4147 'I_‘t‘ebani,

1831 4141 2254 4216 Subaugu'stani,
2315 4143 2654 4216 Nomentani,
2704 4141 2990 4206 Lurenses,
3024 4153 3091 4216 _e_t
3130 4143 3393 4216 For-onor

1830 4218 1973 4279 vani,
2008 4213 2058 4268 iii
2088 4215 2241 4267 Latio
2272 4226 2325 4268 et
2359 4213 2573 4266 Sabinis
2626 4227 2690 4263 ex
2741 4221 2977 4264 veterum
3024 4213 3366 4267 historiarum

1826 4293 1878 4352 et
1907 4286 2257 4352 conciliorum
2282 4279 2643 4352 monumentis
2663 4281 2730 4332 ab
2756 4283 2938 4352 eodem
2974 4292 3213 4346 auctore,
3243 4296 3366 4352 pag.

1827 4351 1859 4403 6
1901 4356 1964 4405 ad
2011 4353 2100 4415 56,
2153 4351 2398 4404 adductis
2454 4351 2778 4402 referuntur.
2812 4349 2966 4414 Quod
2998 4367 3125 4406 vero
3157 4354 3220 4405 ad
3244 4349 3367 4406 rein

1828 4429 2068 4473 nostram
2123 4423 2357 4472 maxime
2423 4419 2569 4481 facit,
2623 4420 2675 4472 in
2740 4417 2934 4474 Tuscia
2997 4423 3367 4476 subttrbicaria

1826 4489 2252 4557 quamplurimos
2275 4488 2615 4556 episcopatus
2644 4490 2914 4544 exstitisse
2937 4501 3140 4544 certum
3173 4500 3272 4544 est.
3309 4488 3365 4544 In

1825 4574 1888 4611 ea
1940 4561 2085 4611 enim
2146 4558 2303 4611 Silv.e
2334 4559 2587 4611 Candida:
2621 4560 2960 4627 episcopatus
3000 4561 3221 4619 exstitit,
3249 4559 3364 4613 Ca:-

1825 4629 2540 4690 rensis,,Centumcellensis,
2569 4627 2970 4690 Graviscarum,
3012 4629 3368 4697 Tarquinien-

1825 4699 1922 4762 sis,
1947 4697 2328 4762 Tuscancnsis,
2360 4697 2721 4761 Bulcentinus,
2747 4701 2830 4750 cui
2862 4701 3097 4752 succedit
3116 4699 3370 4752 Castren-

1825 4771 1922 4830 sis,
1970 4767 2314 4830 Valentanus,
2378 4765 2737 4829 Volliniensis,
2782 4768 3000 4820 Castelli
3034 4766 3364 4830 Felicitatis,

1825 4835 2166 4898 Ferentinas,
2199 4835 2657 4902 Polymartieusis,
2689 4835 3044 4900 Falcritauus,
3083 4835 3367 4902 Balneorc-

1826 4905 2048 4968 giensis,
2105 4904 2472 4963 Gallesiensis,
2521 4903 2852 4967 Blenranus,
2917 4903 3364 4966 Marturanensis.

1754 5029 1756 5031 ,
1825 4974 2312 5036 Foroclaudiensis,
2347 4973 2761 5042 Aquaevirensis,
2794 4972 3040 5032 Fidenas,
3085 4983 3138 5026 et
3183 4976 3364 5028 forsan

1824 5045 1983 5096 etiam
2019 5043 2270 5097 Lorensis
2290 5059 2305 5106 ;
2329 5056 2562 5110 quorum
2588 5043 2959 5110 episcoporum
2985 5045 3201 5097 nomina
3225 5044 3361 5097 idem

1825 5113 2084 5181 Georgius
2115 5119 2355 5164 veterum
2383 5112 2559 5165 allatis
2607 5113 2945 5165 documentis
2979 5112 3186 5174 recitat,
3228 5129 3367 5180 pra:-
3419 5132 3421 5134 ·

1825 5193 1906 5236 ter
1929 5180 2270 5250 episcopatus
2309 5181 2403 5250 qui
2448 5180 2903 5250 nunc_temporis
2928 5180 3102 5234 adhuc
3127 5189 3358 5250 exstant.

1825 5248 2560 5320 Quaproptchidem'auctor,
2593 5248 2729 5319 §48,
2757 5249 3026 5320 concludit
3059 5267 3072 5302 :
3111 5269 3127 5300 I
3154 5249 3363 5320 Episco-

1824 5317 1970 5388 pales
1994 5317 2278 5372 cathedras
2332 5317 2632 5373 nonmodo
2673 5321 2725 5370 in
2782 5317 2940 5388 claris
2975 5318 3110 5374 Latii
3149 5317 3212 5373 ρι’
3255 5317 3361 5371 Tn-

1825 5387 1949 5443 scne
1979 5390 2365 5442 suburbicariee
2421 5390 2641 5442 urbibus
2690 5387 2927 5456 antiquis
2960 5390 3290 5458 temporibus
3330 5403 3359 5437 a

1828 5458 2083 5511 Romanis
2108 5461 2452 5525 pontiﬁcibus
2509 5459 2803 5523 institutas,
2854 5471 3014 5528 atque
3061 5463 3129 5513 ita
3159 5459 3360 5528 spissas

1825 5527 2057 5595 (fuisse),
2089 5534 2153 5597 ut_
2176 5529 2335 5581 veluti
2362 5530 2500 5585 inter
2523 5542 2639 5585 sese
2667 5527 3050 5597 contingerent,
3084 5530 3173 5582 sed
3200 5527 3359 5597 etiam

1826 5599 1879 5649 in
1907 5597 2105 5649 nullius
2134 5595 2301 5667 ferme
2331 5597 2605 5667 dignitatis
2644 5595 2870 5665 oppidis
2898 5600 3180 5667 episcopos
3208 5595 3361 5646 uesti-

1825 5677 1978 5719 natos
2011 5705 2023 5718 .
2059 5706 2072 5718 .
2109 5704 2123 5718 .
2156 5665 2460 5721 fortasse—ii
2506 5667 2863 5730 mirabuntur,
2914 5665 3110 5736 quibus
3157 5666 3360 5736 incom-

1824 5747 1970 5803 perta
1998 5745 2080 5789 est
2136 5737 2355 5804 antiqua
2385 5736 2635 5789 Ecclesia:
2688 5734 2967 5804 disciplina
2995 5737 3061 5788 de
3098 5734 3363 5804 episcopis

1802 5802 1878 5859 "in
1914 5804 2138 5876 singulis
2189 5802 2414 5861 urbibus
2464 5802 2871 5871 constituendis,
2913 5820 3049 5875 qtta},
3101 5817 3233 5870 paco
3264 5802 3363 5857 lue-

3061 5901 3133 5958 ιι
