4078 6348
189 455 291 510 ιὸἸ

950 459 1036 513 DE
1075 457 1457 515 PORTUENSI
1495 460 1551 514 8.
1591 457 1942 514 IIIPPOLYTI
1984 456 2173 512 SEDE.
2207 487 2273 498 —
2312 457 2487 511 PARS
2525 456 2563 510 ἰ.
2623 464 2627 467 “

3262 457 3389 533 438;

178 581 385 625 tantum
420 572 485 625 ad
517 571 927 635 Centumcellas,
957 574 1133 628 locum
1164 575 1573 644 periucundum,
1595 576 1720 628 dor-
1750 580 1794 633 Α
1823 572 2025 651 fuerat;
2080 574 2305 642 ideoque
2355 590 2385 626 a
2427 580 2598 642 morte
2634 571 2775 627 Decii
2822 572 2885 627 ad
2920 570 3187 641 Hippolyti
3225 560 3389 624 mar-'

180 659 454 713 tuitionem
488 660 757 726 accepisse
789 659 947 713 dicat.
971 658 1246 715 Pearsonii
1277 662 1594 717 sententiam
1616 672 1723 717 sta-

182 749 277 801 tim
312 748 590 816 amplexus
620 757 699 801 est
720 747 914 816 Pagius
935 748 1065 819 (6|),
1097 754 1150 804 et
1172 753 1422 821 deinceps
1446 752 1724 808 Tillemono

176 835 286 889 tius
322 834 430 903 (6‘2)
458 875 473 899 ,
522 844 575 886 et
605 833 798 908 Pagius
829 832 1016 888 Junior
1044 835 1185 903 (65);
1215 836 1514 892 Ceillier-ius
1546 846 1723 892 tamen

178 922 240 979 8.
302 925 609 979 Cornelium
665 934 949 994 martyrem
990 926 1191 980 obiisse
1238 929 1364 995 solo
1420 927 1723 998 Hieronymi

176 1015 484 1069 testimonio
518 1014 745 1069 credidit
768 1015 899 1083 (64).
934 1015 1289 1084 Quapropter,
1327 1027 1384 1070 ut
1413 1018 1478 1070 ad
1517 1033 1723 1088 anony-

173 1120 323 1157 mum
353 1112 603 1158 nostrum
635 1112 985 1170 revertamur,
1029 1105 1223 1158 mirum
1248 1121 1377 1163 sane
1401 1107 1565 1160 videri
1592 1122 1725 1176 pos-

169 1200 260 1247 set
285 1192 596 1245 Africanum
650 1194 965 1262 scriptorem
1010 1204 1117 1249 tam
1152 1204 1400 1249 accurate
1433 1197 1723 1264 exquisite-

167 1296 279 1349 que
307 1283 475 1334 sancti
502 1280 734 1336 Cornelii
757 1284 981 1353 ejusque
1004 1286 1272 1339 sociorum
1294 1286 1632 1360 martyrium,
1661 1303 1723 1341 ac

168 1372 459 1438 ipsammet
497 1370 633 1424 Galli
666 1374 1091 1439 persecutionem
1123 1374 1394 1436 laudasse,
1434 1390 1573 1442 qum,
1622 1374 1722 1429 Pa-

166 1459 259 1527 gio
279 1458 391 1527 (65)
414 1468 567 1522 teste,
604 1459 883 1515 Africanos
904 1462 1086 1515 tideles
1110 1463 1247 1515 haud
1270 1463 1471 1517 afﬂixit.
1497 1463 1604 1519 Nec
1623 1468 1720 1519 mi—

166 1563 288 1600 rum
313 1549 456 1616 quod
503 1550 775 1603 Romanus
799 1551 1023 1618 scriptOr
1051 1550 1360 1605 Felicissimi
1395 1554 1718 1610 schismatici

164 1638 480 1691 meminisse
507 1639 774 1705 videatur;
802 1654 925 1692 nam
950 1638 1005 1692 S.
1028 1640 1325 1710 Cyprianus
1344 1642 1452 1711 (66)
1474 1645 1721 1711 perditis-

162 1727 291 1779 simi
318 1727 551 1803 hominis
570 1728 784 1783 fraudes
806 1742 899 1797 per
923 1730 1175 1798 epistolas
1198 1746 1340 1786 anno
1370 1735 1635 1801 superiori
1660 1738 1715 1788 S-.

159 1814 419 1871 Cornelio
440 1825 600 1885 atque
633 1817 799 1886 ipsius
826 1819 971 1873 clero
997 1821 1106 1889 jam
1129 1822 1481 1889 patefecerat;
1510 1826 1714 1895 ipsum-

1824 664 2021 733 tyrium
2066 677 2258 717 novem
2293 677 2506 717 menses
2539 663 2973 717 intercesserunt.
3017 659 3197 729 Neque
3226 676 3366 714 anno

1822 750 2107 819 superiori,
2155 749 2314 805 Decio
2357 750 2532 803 adhuc
2571 750 2801 811 vivente,
2837 748 3090 817 martyrio
3120 751 3366 802 coronari

1823 838 1995 907 potuit
2022 837 2335 909 Hippolytus
2368 839 2488 904 iste,
2524 853 2681 907 quem
2715 854 2880 893 unum
2911 853 2975 891 ex
3003 838 3236 905 quinque
3262 837 3367 890 illis

1828 929 2175 999 presbyteris,
2214 928 2307 996 qui
2336 928 2632 982 Novatiano
2660 943 2718 982 se
2749 929 3044 991 sociarant,
3076 926 3240 981 fuisse
3269 942 3364 980 su-

1824 1022 2125 1089 spicantur;
2171 1019 2510 1087 presbyteros
2544 1018 2685 1071 enim
2710 1017 2845 1085 ,illos
2872 1033 3053 1071 mense
3081 1015 3364 1070 Novembri

1822 1110 2061 1178 ejusdem
2099 1108 2225 1161 anni
2256 1107 2308 1159 in
2347 1107 2634 1161 schismate
2665 1106 2840 1160 adhuc
2876 1108 3230 1175 permansisse
3253 1106 3365 1173 epi-

1823 1198 1955 1251 stola
2009 1196 2065 1250 S.
2115 1196 2347 1250 Cornelii
2382 1196 2446 1249 ad
2500 1184 2725 1257 Fabium
2758 1196 3151 1248 Antiochenam
3188 1204 3366 1264 aperte

1823 1304 1922 1341 nos
1950 1297 2163 1349 monet;
2202 1287 2501 1354 quominus-
2518 1300 2647 1339 vero
2686 1287 2857 1354 ipsum
2897 1286 3235 1356 Hippolytum
3266 1286 3366 1339 sub
3426 1289 3428 1291 ’

1820 1376 1970 1429 Gallo
2015 1390 2228 1443 passum
2271 1376 2574 1439 credamus,
2622 1376 2972 1430 disertissima
3012 1378 3067 1429 S.
3114 1374 3366 1445 Cypriani

1817 1473 1873 1517 et
1918 1463 2261 1517 vetustissimi
2303 1464 2554 1531 anonyrni
2588 1464 2886 1517 testimonia
2923 1479 3023 1519 nos
3059 1464 3361 1532 prohibent,

1817 1568 1881 1605 ex
1912 1553 2109 1621 quibus
2145 1552 2201 1604 in
2234 1551 2534 1607 Catholicos
2581 1561 2784 1604 tantum
2822 1553 3243 1619 persecutionem
3270 1566 3363 1603 ex-

1818 1641 2035 1694 citatam
2077 1640 2243 1695 l'uisse
2274 1648 2520 1722 apparet;
2575 1638 2717 1707 quod
2748 1653 2867 1692 cum
2903 1637 3377 1691 animadvertisset"

1818 1730 2188 1785 Tillemontius
2210 1731 2351 1801 (70),
2394 1730 2728 1798 Hippolytum
2753 1768 2767 1792 ,
2802 1737 2858 1780 ut
2887 1726 3076 1795 inquit,
3112 1725 3363 1780 Romana:

1819 1818 2473 1889 Eccleslze'preshyterum
2506 1860 2522 1883 ,
2578 1819 2678 1871 hac
2728 1814 2963 1886 quidem
2994 1815 3363 1884 persecutione

140 1906 269 1971 que
305 1907 469 1960 etiam
500 1907 569 1961 de
593 1907 727 1963 facie
757 1908 894 1961 idem
916 1910 1147 1978 scriptor
1174 1926 1393 1966 noscere
1419 1889 1609 1982 potuit,
1643 1932 1709 1968 ex
1745 1889 1784 1946 Β
1815 1922 2056 1977 passum,
2088 1908 2179 1961 sed
2214 1908 2450 1961 schisma
2486 1908 2552 1961 al)
2581 1907 2697 1975 ipso
2729 1908 2989 1974 superiori
3021 1921 3162 1959 anno
3183 1907 3363 1974 ejura-

157 2008 227 2047 eo
251 1996 400 2063 quod
434 2011 617 2052 mense
647 1996 809 2052 iunio
840 1999 1000 2068 hujus
1030 2001 1156 2053 anni
1189 2000 1246 2053 8.
1281 2002 1565 2059 Cornelius
1601 2004 1710 2073 (67)

162 2102 183 2134 ι
222 2098 351 2139 cum
380 2084 607 2140 Romam
637 2088 1013 2144 schismaticus
1044 2092 1206 2145 homo
1232 2093 1466 2147 venisset
1485 2095 1711 2162 stipatus

156 2181 399 2239 caterva,
459 2186 513 2229 et
564 2176 794 2231 factione
847 2179 1281 2249 desperatorum,
1330 2184 1477 2237 illum
1536 2186 1711 2253 vigore

156 2264 321 2331 pleno
357 2262 425 2316 de
467 2262 706 2320 Ecclesia
748 2269 968 2337 pepulit.
1020 2290 1040 2321 ›
1092 2272 1161 2327 At
1193 2288 1314 2329 cum
1345 2275 1711 2343 superioribus

155 2354 320 2407 annis
388 2354 735 2411 doctissimus
803 2362 1100 2416 monachus
1161 2363 1483 2418 Prudentius
1539 2364 1710 2419 Mara-

154 2456 260 2495 nus
284 2433 435 2513 ’(68),
465 2444 556 2511 qui
593 2443 647 2498 S.
684 2445 934 2514 Cypriani
955 2448 1127 2504 Vitam
1153 2453 1456 2522 descripsit,
1485 2470 1709 2525 eamque

154 2530 330 2598 ipsius
359 2531 626 2600 Operibus
674 2533 1067 2594 Baluzii'curis
1125 2545 1416 2612 recognitis
1460 2546 1706 2612 praeﬁxit,

154 2622 298 2676 hanc
327 2623 465 2677 Galli
496 2626 922 2692 persecutionem
956 2630 1007 2682 in
1034 2628 1313 2686 Africanas
1335 2636 1494 2688 etiam
1532 2635 1707 2691 Eccle-

152 2710 265 2762 sias
295 2722 598 2779 grassatam
625 2729 744 2767 esse
764 2716 1163 2771 evidentissime
1188 2721 1498 2788 ostendi-rit,
1522 2741 1584 2778 ac
1614 2727 1710 2779 do-

150 2799 398 2853 etissimo
440 2799 675 2857 Pamelio
719 2803 834 2859 haec
866 2812 1119 2877 anonymi
1145 2809 1325 2873 verba,
1378 2829 1395 2862 ι
1438 2822 1489 2865 et
1530 2829 1708 2869 sacra-

151 2897 396 2941 mentum
424 2889 801 2961 Baptismatis,
833 2898 976 2964 qUod
1012 2898 1063 2950 in
1102 2899 1328 2953 salutem
1362 2905 1571 2971 generis
1609 2906 1707 2958 hu-

150 2981 299 3033 mani
326 2984 626 3052 provisum,
651 2996 702 3039 et
734 2987 833 3040 soli
860 2986 1110 3044 Ecclesiae
1140 2993 1343 3047 caelesti
1383 2997 1589 3050 ratione
1622 3013 1706 3051 ce-

150 3067 364 3129 lebrare
404 3087 501 3141 per
528 3088 593 3129 os
624 3090 782 3129 suum
809 3081 1149 3145 pmostendit
1178 3082 1308 3151 (69),
1344 3102 1362 3135 ι
1402 3085 1703 3139 Africanam

1788 2006 1923 2073 ‘tum
1974 1997 2233 2061 credidit;
2286 1998 2425 2064 quod
2478 2006 2657 2049 tamen
2711 1996 2911 2063 duplici
2968 1996 3189 2049 rationis
3242 2011 3360 2047 mo-

1812 2097 1993 2142 mento
2041 2087 2235 2140 falsum
2284 2102 2405 2140 esse
2448 2096 2624 2154 patet;
2678 2087 2852 2152 primo
2882 2086 3004 2153 quia
3040 2085 3360 2140 Prudentius

1812 2192 1920 2230 uno
1956 2178 2254 2244 eodemque
2298 2186 2539 2244 tempore
2572 2174 2914 2244 Hippolytum
2963 2176 3197 2229 schisma
3240 2176 3357 2243 eju-

1812 2283 1959 2321 rasse
1994 2277 2047 2321 et
2094 2262 2407 2336 martyrium
2465 2267 2697 2321 subiisse
2746 2266 2922 2329 dicit;
2976 2256 3231 2329 secundo,
3290 2280 3357 2318 ex

1810 2358 2031 2426 epistola
2091 2356 2147 2411 8.
2189 2356 2443 2417 Cornelii,
2493 2371 2613 2423 qua:
2651 2356 2751 2409 sub
2772 2356 2937 2411 linem
2965 2356 3201 2423 ejusdem
3232 2355 3357 2407 anni

1811 2447 2114 2515 conscripta
2161 2445 2281 2509 fuit,
2341 2446 2934 2521 apertissimexconslat
2974 2448 3208 2513 quinque
3240 2445 3356 2497 illos

1811 2540 2168 2607 presbyteros,
2217 2539 2309 2606 qui
2346 2538 2654 2603 adversum.
2674 2538 2846 2605 ipsum
2893 2553 3012 2590 cum
3063 2536 3357 2591 Novatiano

1808 2628 2043 2683 schisma
2084 2626 2466 2691 conﬂaverant,
2510 2627 2743 2681 nondum
2778 2629 3081 2695 resipuisse.
3116 2628 3359 2697 Quapro-

1808 2726 1925 2785 pter
1970 2715 2305 2786 Hippolytus,
2344 2718 2387 2769 si
2421 2732 2560 2769 unus
2587 2731 2652 2769 ex
2687 2716 2791 2769 illis
2818 2716 2939 2783 fuit,
2981 2719 3034 2769 in
3068 2720 3356 2773 schismate

1809 2814 1919 2859 toto
1950 2804 2052 2858 hoc
2081 2818 2223 2857 anno
2242 2804 2604 2871 permansisse
2625 2803 2883 2858 dicendas
2905 2815 3006 2858 est.

1910 2891 2046 2945 XVI.
2092 2891 2372 2946 Frontonis
2422 2892 2601 2946 Παίςιεὶ
2646 2895 2902 2945 sententia
2932 2894 3247 2961 exploditur.

1878 2980 2107 3050 Rejectis
2122 2982 2280 3049 igitur
2304 2981 2572 3035 fiuinartii
2593 2990 2646 3035 et
2668 2980 2990 3036 Tillemontii
3008 2984 3349 3052 conjecturis.

1806 3070 1882 3122 nil
1913 3072 2067 3123 nobis
2093 3080 2331 3139 superest
2365 3074 2653 3141 quominus
2678 3071 3016 3141 Hippolytum
3045 3074 3191 3125 illum
3218 3072 3352 3125 Pru-

148 3156 216 3210 de
237 3156 515 3226 Baptismo
546 3163 844 3217 doctrinam
874 3182 1061 3234 sapere
1090 3170 1203 3224 visa
1225 3174 1351 3237 sint,
1384 3188 1410 3224 a
1440 3190 1543 3241 qua
1566 3191 1698 3229 sem-
1730 3197 1773 3258 ο
1807 3163 1972 3215 dentii
2015 3164 2345 3217 carminibus
2379 3164 2801 3229 celeberrimum,
2830 3164 3199 3217 vetustissima:
3222 3160 3350 3215 Por-

149 3261 248 3315 per
282 3246 523 3303 Romana
551 3252 830 3308 abhorruit
856 3255 1123 3323 Ecclesia;
1147 3260 1429 3317 Africanus
1459 3264 1576 3317 ideo
1605 3267 1703 3319 hu-

146 3336 306 3405 jusce
330 3341 577 3407 opusculi
606 3353 795 3397 auctor
826 3345 1081 3402 dicendus
1102 3350 1223 3403 erit.
1258 3349 1360 3405 Sed
1390 3353 1471 3406 his
1502 3355 1701 3420 missis,

148 3427 218 3481 ad
254 3426 597 3500 Hippolytum
640 3442 883 3488 nostrum
914 3437 1105 3491 iterum
1131 3454 1187 3493 se
1210 3452 1483 3496 convertat
1510 3447 1700 3506 oratio,

149 3530 313 3583 quem
346 3533 477 3572 sane
500 3532 564 3573 ex
595 3520 699 3584 bis,
733 3538 851 3591 qua:
875 3524 1153 3595 hucusque
1173 3527 1586 3597 disputavimus,
1608 3549 1704 3587 nec

151 3602 321 3668 Decii,
382 3622 484 3661 nec
542 3608 676 3664 Galli
732 3615 1103 3680 persecutione
1155 3620 1468 3688 martyrium
1524 3623 1703 3676 subire

149 3694 411 3761 potuisse,
461 3706 519 3750 ut
566 3698 829 3755 hactenus
878 3702 1018 3756 docti
1055 3705 1153 3757 viri
1187 3708 1545 3776 crediderunt,
1595 3726 1699 3764 non

66 3776 73 3781 ’
146 3781 379 3837 obscure
432 3800 531 3839 nos
592 3789 849 3856 probasse
919 3793 1261 3848 arbitramur.
1328 3797 1580 3853 Bailettus
1647 3812 1695 3853 et

147 3865 451 3926 Ceillierins
480 3872 654 3940 ipsum
700 3872 880 3930 Idibus
936 3877 1158 3947 Augusti
1193 3894 1334 3934 anno
1372 3882 1569 3939 Christi
1594 3883 1701 3936 252

149 3973 370 4028 passum
417 3960 520 4014 sub
554 3962 713 4018 Decio
758 3967 974 4034 dicunt;
1010 3970 1100 4022 sed
1142 3971 1250 4039 jam
1297 3971 1490 4027 Decius
1516 3989 1699 4029 mense

148 4047 437 4104 Novembri
462 4051 589 4103 anni
630 4058 943 4125 superioris,
969 4070 1026 4112 ut
1058 4060 1314 4127 diximus,
1345 4062 1696 4132 interemptus

148 4198 576 4283 Papebrqchigm
608 4200 780 4283 indct.
810 4218 1115 4283 concipi-unt
1137 4214 1336 4268 mensis
1367 4214 1563 4283 Aprilis
1592 4226 1629 4270 t.
1655 4218 1692 4281 Ι,

147 4284 201 4387 8.
230 4264 306 4322 '25
334 4269 463 4322 edit.
485 4264 696 4349 _Venetae
724 4286 810 4326 an.
845 4275 1006 4357 17.37.:
1031 4296 1048 4327 α
1079 4264 1565 4351 eat-.iéiiiisiifbé'si
1593 4264 1695 4341 ilo}:

193 4338 528 4389 entumcelhs
572 4342 862 4389 exnulsus-
920 4346 989 4389 iln
1036 4362 1155 4389 mum
1204 4351 1364 4389 alnrin
1404 4354 1688 4389 ιίηιιιηίιίη-

227 4338 528 4419 ntumcellis
572 4342 862 4409 expulsus,
920 4345 991 4398 ibi
1036 4362 1157 4400 cum
1203 4351 1367 4418 gloria
1404 4338 1689 4408 dormitio:

148 4420 269 4475 nem
299 4417 526 4475 accepit.
564 4426 583 4458 ι

146 4543 494 4613 tom_.__HlAcit.
526 4583 541 4607 ,
571 4561 623 4613 p.
659 4546 743 4599 l7.

219 4608 466 4691 (ϐῆ-(3η.
481 4608 610 4691 torri.
626 4614 718 4691 Ill,
737 4632 789 4685 p.
811 4616 931 4691 7M,
951 4616 1116 4691 Nptes
1134 4636 1225 4675 sur
1248 4623 1386 4676 saint
1401 4624 1683 4691 Corneille,

146 4680 393 4764 pote,
440 4695 535 4764 sur
570 4685 652 4764 les
692 4680 849 4740 Actes
878 4680 944 4741 de
980 4687 1035 4742 S.
1063 4691 1345 4759 Corneille,
1380 4695 1427 4747 le
1461 4694 1604 4764 jour,
1640 4680 1685 4750 le

147 4747 252 4800 lieu
277 4758 326 4801 et
354 4750 400 4800 le
430 4763 590 4815 genre
613 4752 677 4805 de
702 4768 759 4806 sa
794 4768 950 4810 IIIOI‘L
1332 4747 1344 4759 '
1461 4747 1505 4764 σί
1545 4765 1557 4793 ,
1592 4747 1604 4759 ι
1638 4764 1643 4767 ν

124 4870 135 4881 ,
215 4816 326 4894 (65)
359 4815 678 4894 Franciscus
712 4820 837 4894 Pagi
873 4826 926 4878 in
954 4825 1222 4879 Breviario
1266 4830 1685 4885 historico-chro-

147 4885 592 4970 nologtfo—critico
620 4885 935 4970 pentifcnnr
960 4895 1333 4970 Romanorum,
1369 4911 1407 4953 t.
1442 4900 1481 4970 ι,
1517 4918 1568 4970 p.
1594 4903 1681 4965 27,

145 4953 277 5036 edit.
325 4952 821 5036 “31729:
853 4979 871 5010 ι
905 4963 1139 5036 Sanetus
1186 4966 1273 5021 hic
1295 4952 1681 5036 pontifexrsﬁub

145 5019 297 5093 Gallo
320 5032 367 5075 et
400 5021 691 5093 Volusiano
716 5026 1097 5086 Centumcellis
1128 5035 1180 5086 in
1211 5019 1685 5093 essrilio—obiit'die

145 5101 231 5174 ΗΥ
251 5088 854 5174 γδρμξρωιιιιξεβιιεᾴςηη
885 5114 974 5152 an.
998 5101 1125 5174 252,
1161 5088 1684 5174 ροειᾷυέηι-ἆιίἧιιῶ,

144 5168 353 5231 menses
376 5168 485 5231 t_res
505 5170 559 5231 et
580 5160 691 5215 dies
714 5163 916 5231 aliquot
948 5160 1193 5225 sedissef.
1238 5190 1255 5223 ι

212 5222 345 5307 (⁸64)-
377 5228 584 5297 Saepius
640 5232 731 5285 cit.
800 5222 932 5286 tom.
975 5236 1038 5297 II,
1240 5222 1392 5305 7585,
1440 5252 1563 5297 nota
1598 5244 1626 5296 ι)
1667 5265 1678 5297 ;

150 5307 170 5340 ι
213 5292 724 5372 Quelquesauteurs
750 5309 967 5372 ont_eru
993 5292 1101 5372 que.
1120 5292 1682 5366 sairitszneilleﬁnv‘a;

145 5366 390 5452 Sallyas
420 5366 509 5452 fini
542 5384 601 5423 sa
626 5370 709 5449 vie
740 5384 831 5452 par
857 5366 1208 5452 le._s_upplice_;_
1248 5381 1383 5452 mais
1413 5384 1553 5434 saiut
1592 5381 1679 5435 Jé-

144 5431 294 5482 reme
319 5432 395 5485 dit
410 5431 813 5508 cupressémént
838 5440 967 5507 qu’il
995 5431 1237 5508 repandit
1269 5431 1680 5503 heureusement

146 5510 252 5578 sorr
279 5514 406 5578 sang
437 5503 692 5569 a’Rome,
722 5519 774 5560 et
810 5503 912 5562 non
949 5508 977 5561 ὲ
1020 5503 1468 5578 Civita-Vecchia,
1510 5519 1578 5571 ou
1610 5534 1677 5571 on

144 5568 535 5650 prétettfl'que‘
566 5590 627 5629 ce
678 5578 817 5650 saiut
867 5579 1012 5650 avait
1064 5580 1147 5634 été
1190 5584 1390 5650 envoye
1436 5568 1677 5649 en'exil,

144 5637 392 5754 $3?qu
419 5640 571 5707 aprés
622 5646 755 5713 qu‘il
800 5657 888 5701 cut
931 5647 1108 5703 refuse
1164 5655 1228 5703 de
1289 5637 1528 5707 sacrilier
1559 5637 1679 5737 aut

145 5719 312 5755 lUOICS
324 5741 338 5750 -
376 5722 392 5753 1
1658 5726 1668 5737 ι

209 5772 329 5839 (65)
358 5774 651 5834 Addictum
674 5797 760 5836 an.
780 5784 900 5850 255,
927 5801 1072 5841 num.
1108 5787 1193 5855 l8,
1222 5804 1270 5859 p.
1304 5788 1372 5841 20
1394 5799 1445 5845 et
1466 5792 1523 5843 2|
1542 5835 1554 5857 ,
1573 5795 1675 5846 loc.

1810 3254 2016 3306 tuensis
2060 3254 2201 3308 sedis
2250 3255 2540 3309 antistitem
2584 3253 2752 3308 fuisse
2798 3255 3087 3309 credimus.
3140 3254 3194 3308 ld
3222 3269 3349 3307 sane

1806 3354 1926 3411 post
1949 3342 2235 3397 Baronium
2266 3354 2406 3399 recte
2439 3354 2623 3399 nostro
2656 3346 2868 3412 quidem
2900 3345 3102 3413 judicio
3123 3344 3350 3414 conjecit

1804 3432 2006 3487 Fronto
2036 3421 2262 3489 Ducizeus
2289 3435 2419 3503 (Ἠ).
2455 3437 2511 3487 ln
2543 3450 2606 3487 eo
2640 3445 2817 3507 tamen
2852 3445 3034 3501 peccat
3062 3436 3346 3489 clarissimi

1805 3523 1903 3575 viri
1932 3524 2228 3585 sententia.
2276 3524 2416 3592 quod
2454 3538 2480 3576 a
2516 3522 2802 3576 Prudentio
2836 3523 3053 3575 unicum
3086 3520 3341 3590 Hippoly-

1802 3620 1916 3664 tum
1941 3612 2214 3665 laudatum
2233 3612 2520 3671 censuerit,
2549 3624 2796 3677 magnum
2822 3622 3009 3678 nempe
3031 3604 3361 3677 episcopum

1800 3710 1853 3753 et
1883 3711 2189 3768 martyrem,
2218 3713 2450 3766 eumque
2488 3698 2688 3751 idcirco
2729 3696 3026 3752 Novatiano
3054 3699 3339 3769 schismate

1802 3788 2163 3855 inquinatum,
2197 3797 2308 3841 tota
2342 3788 2466 3842 licet
2500 3789 2823 3842 reclamante
2863 3789 3198 3857 antiquitate,
3244 3772 3339 3843 au-

1800 3876 2039 3929 tumarit.
2072 3874 2330 3930 Frontoni
2369 3877 2421 3930 in
2448 3877 2547 3933 hac
2576 3892 2632 3931 re
2656 3876 3079 3946 facem‘prartulit
3106 3876 3338 3931 Joannes

1798 3964 2015 4035 Langus
2072 3965 2183 4036 (72)
2229 3966 2594 4033 Erfurdensis,
2648 3968 2854 4035 primus
2906 3964 3155 4043 Historia:
3186 3966 3335 4021 Nice-

1797 4058 1950 4127 phori
1974 4058 2166 4120 editdr,
2197 4059 2311 4127 qui,
2347 4073 2467 4113 cum
2500 4058 2712 4113 notulas
2734 4058 2851 4111 illas
2884 4057 2949 4109 ad
2974 4071 3095 4109 mox
3123 4056 3332 4109 laudata

1795 4218 1911 4279 cit.,
1964 4224 2017 4268 et
2066 4178 2215 4267 num.
2262 4215 2325 4267 19
2379 4232 2391 4265 :
2450 4232 2468 4262 ι
2512 4211 2616 4265 Sed
2656 4225 2754 4264 nec
2796 4224 2856 4261 ea
2902 4184 3242 4277 (persecutio)
3278 4210 3330 4262 in

1793 4284 1972 4337 Africa
2007 4293 2265 4351 grassata.
2306 4300 2324 4331 ι

1862 4345 2082 4430 (66))(1
2139 4352 2312 4419 ipsum
2358 4356 2583 4403 testatur
2630 4345 2688 4399 S.
2740 4346 3047 4466 Cyprianus
3077 4347 3230 4414 epist.
3264 4347 3332 4401 45

1862 4421 2039 4466 ινηίξιιο
2062 4434 2209 4466 naua:
2235 4420 2357 4466 data
2388 4432 2438 4466 n.
2474 4415 2577 4466 232
2612 4433 2624 4466 :
2655 4434 2673 4465 ι
2707 4413 2787 4466 Me
2813 4431 2894 4466 Ius
2921 4428 3121 4466 autem.
3147 4416 3327 4466 frater.

1790 4413 2039 4472 Cornelio
2062 4413 2209 4487 papa:
2235 4420 2358 4471 data
2388 4432 2438 4485 p.
2462 4415 2577 4487 232
2612 4433 2624 4468 :
2655 4434 2673 4465 ι
2707 4413 2894 4469 Melius
2921 4413 3132 4487 autem,
3147 4416 3328 4487 frater,

220 4473 349 4593 (61LI
376 4473 458 4552 Ad
493 4491 583 4529 an.
616 4476 820 4532 Christi
859 4477 983 4546 255,
1010 4497 1156 4535 num.
1196 4483 1260 4536 l3
1290 4486 1482 4542 Annal.
1506 4491 1682 4543 eccles.
1721 4513 1761 4565 υ
1791 4490 1948 4548 scies,
1984 4490 2027 4540 si
2064 4473 2227 4542 etiam
2268 4473 2506 4554 exempla
2550 4485 2868 4563 litteraruin,
2908 4500 3043 4553 quas
3073 4473 3142 4564 ad.
3175 4495 3223 4537 te
3253 4473 3327 4536 ιυέ
3400 4550 3401 4553 η

220 4556 279 4593 τι.
355 4540 373 4593 1
401 4551 494 4593 Cll.
526 4583 541 4593 .
571 4561 623 4593 ῐ)-
659 4546 743 4593 l7-
1790 4557 1986 4593 ημιηΙαιο
2014 4572 2110 4593 m-n
2132 4556 2412 4593 .lilnnlinnu
2450 4568 2719 4593 nnmmnm
2764 4569 2855 4593 mu-
2887 4552 3237 4593 Clmlilnnmm
3278 4563 3329 4593 nt

1789 4557 1988 4622 gelidas
2014 4572 2110 4625 pro
2131 4552 2721 4611 dilectione’connnuni
2763 4569 2855 4621 per
2887 4552 3237 4625 Chaldonium
3278 4563 3330 4603 et
3365 4621 3368 4624 ῃ

1787 4623 2138 4680 Fortunatum
2203 4626 2433 4694 collegas
2489 4634 2698 4694 nostros
2760 4623 3000 4690 proxime
3056 4623 3327 4694 miseram,

1786 4711 1907 4762 quae
1934 4696 1998 4749 de
2019 4697 2205 4750 eodem
2236 4689 2568 4748 Felicissimo
2589 4701 2642 4745 et
2659 4691 2724 4762 de
2756 4689 3324 4762 presbyteroejusdem

1788 4759 1855 4816 ad
1894 4766 2095 4818 clerum
2136 4766 2257 4818 istic
2288 4773 2533 4816 nostrum
2566 4771 2619 4815 et
2649 4761 2713 4812 ad
2741 4759 2944 4830 plebem
2966 4759 3321 4830 scripseram,

1787 4834 1885 4905 legi
1924 4835 2028 4886 illic
2066 4834 2324 4905 fratribus
2351 4832 2543 4905 iubeas
2565 4871 2580 4893 ,
2624 4827 2754 4898 quae
2770 4838 2824 4883 et
2859 4827 3246 4905 ordinationem
3274 4834 3328 4876 et

1785 4904 2047 4954 rationem
2077 4901 2154 4953 rei
2194 4911 2354 4969 gesta:
2402 4902 2690 4969 loquantur
2718 4937 2733 4959 ,
2777 4909 2839 4951 ut-
2865 4908 2970 4969 tam
3000 4901 3119 4946 istic
3164 4909 3323 4961 quam

1788 4971 1894 5023 illic
1938 4971 2078 5023 circa
2126 4965 2309 5021 omnia
2348 4982 2439 5034 per
2474 4965 2577 5021 'nos
2610 4968 2913 5037 fraternitas
2942 4965 3320 5037 i_n_s_tnruatur_.___i

1877 5039 1965 5103 67)
2002 5037 2132 5091 Vide
2156 5037 2222 5089 de
2256 5031 2362 5091 hac
2386 5038 2613 5105 recpist.
2637 5038 2692 5091 8.
2722 5032 2971 5104 Cypriani
2999 5031 3088 5096 59,
3113 5046 3166 5098 p.
3198 5031 3353 5095 “259.,

1877 5107 1963 5157 68)
1998 5104 2125 5157 Patr.
2172 5104 2260 5157 66.
2700 5139 2705 5143 -

1875 5108 1963 5160 68)
1998 5108 2125 5160 Patr.
2172 5108 2260 5157 66.
2700 5139 2705 5143 -

1876 5107 1963 5176 68)
1998 5107 2125 5173 Pag.
2172 5107 2260 5157 66.
2700 5139 2705 5143 -
2947 5168 2956 5177 _
3015 5166 3025 5178 .
3153 5167 3157 5175 Ι

1876 5177 1965 5243 69)
2001 5174 2137 5227 Sunt
2164 5175 2325 5227 verba
2358 5175 2522 5243 ipsius
2546 5173 2731 5227 incerti
2760 5179 3067 5243 auctorisin
3094 5176 3322 5221 tractatu

1784 5236 1870 5296 Ad
1918 5236 2271 5295 Novatianum
2316 5236 2609 5296 hréreticum
2663 5240 2931 5307 superius
2962 5236 3144 5302 citato,
3208 5253 3326 5303 qua:

1785 5321 1999 5378 exstant
2040 5328 2091 5378 p.
2128 5312 2192 5363 16
2229 5313 2319 5365 cit.
2357 5314 2482 5365 edit.
2527 5309 2761 5378 Videnda
2794 5322 2912 5370 quae
2950 5307 3014 5378 ad
3046 5308 3212 5378 hunc
3252 5308 3325 5355 lo-

1785 5395 1904 5433 cum
1934 5375 2202 5435 Pamelius
2244 5381 2297 5434 in
2332 5396 2428 5434 sua
2452 5380 2679 5446 Operum
2715 5376 2770 5428 S.
2808 5375 3058 5444 Cypriani
3092 5376 3324 5447 editione

1785 5451 2073 5502 adnotavit.
3244 5482 3250 5487 κ

1853 5516 1962 5588 (ῙΟ)
1991 5515 2046 5588 In
2077 5517 2240 5571 citato
2267 5526 2395 5570 tom.
2431 5514 2513 5575 lll,
2543 5528 2661 5588 pag.
2696 5513 2816 5588 i6_8_.
2927 5583 2936 5588 _
3029 5584 3037 5588 _
3286 5578 3292 5585 ι

1854 5580 1963 5653 (71⁷)
2016 5585 2072 5638 lu
2117 5588 2204 5640 cit.
2261 5589 2379 5640 libr.
2439 5600 2487 5635 vi
2536 5580 2690 5642 Hist.
2759 5582 3041 5651 Nicephori
3096 5580 3329 5649 Callisti,

1823 5694 1835 5708 .
1867 5654 1988 5706 593.
2501 5652 2506 5658 ’

1784 5671 1835 5722 p.
1867 5671 1988 5706 uno.
3255 5714 3262 5722 .

1853 5723 1960 5790 (72)
1986 5724 2038 5775 In
2063 5725 2255 5787 ιίιων,
2287 5738 2401 5790 cap.
2431 5719 2519 5790 51,
2548 5720 2687 5787 quod
2716 5719 3054 5790 inscribitur_:
3095 5717 3165 5790 De
3194 5712 3324 5775 "ip-

1781 5788 1952 5860 polgto
2003 5794 2190 5847 Portus
2231 5788 2452 5847 civitatis
2499 5788 2672 5844 llontce
2721 5800 2764 5842 et
2821 5793 2879 5841 de
2932 5788 3134 5852 scriptis
3191 5798 3323 5842 ejus.-
