4078 6348
184 450 296 505 Ιιὸ
988 450 1074 503 DE
1113 449 1496 506 PORTUENSI
1536 450 1590 503 S.
1634 446 1747 503 HIPI

1841 445 1984 500 LYTI
2026 444 2212 498 SEDE.
2253 476 2322 486 —-
2358 441 2535 498 PARS
2564 441 2604 495 Ι.
3262 440 3364 495 446

186 579 336 627 nam,
394 564 496 618 hac
519 565 744 633 epistola
776 566 844 621 ab
869 564 1150 639 Hippolyto
1172 567 1542 636 compellatam
1577 566 1730 620 dicti-
1759 570 1803 626 Α
1832 571 1919 616 tus
1957 576 2154 629 nimius
2178 560 2420 614 relictum
2446 557 2582 624 fuit;
2611 566 2933 627 quapropter
2958 555 3264 625 episcopum
3300 555 3365 607 il-

190 654 346 717 tavit,
397 654 548 708 nullo
573 656 788 724 quidem
814 658 972 721 teSte,
1021 657 1130 711 imo
1155 666 1338 713 contra
1377 657 1733 725 antiquissimi
1834 656 1965 716 lum,
1995 667 2152 721 quem
2193 650 2261 704 ad
2298 649 2558 704 unitatem
2597 647 2847 703 Ecclesia:
2887 646 3108 702 rediisse
3150 645 3277 699 dicit
3307 643 3366 698 S.

191 742 433 809 laterculi
466 744 645 810 ﬁdem,
688 760 845 813 quem
890 748 1003 815 ipse
1037 746 1091 815 in
1122 747 1461 803 secernendis
1486 747 1733 815 genuinis

192 830 465 903 Hippolyti
491 834 761 901 operibus,
788 836 950 898 veluti
972 837 1292 890 tutissimam
1321 852 1584 898 normam,
1616 851 1735 904 per-

193 928 357 988 petuo
410 923 563 991 sequi
604 924 738 978 velle
778 933 1025 980 testatur.
1050 924 1389 996 Hippolytus
1417 929 1596 994 itaque
1634 923 1735 978 No—

195 1009 538 1063 vatianorum
566 1014 895 1081 temporibus
944 1029 1221 1084 superesse
1246 1018 1439 1085 potuit.
1494 1014 1737 1069 Novatia-

197 1099 285 1152 nis
316 1108 495 1154 tamen
523 1100 724 1158 favisse
748 1118 859 1158 non
886 1105 1111 1159 obscure
1159 1104 1417 1160 indicaret
1443 1105 1499 1161 S.
1531 1104 1735 1159 Corne-

196 1189 305 1242 lius
337 1189 485 1260 (21),
540 1191 595 1271 in
618 1193 841 1262 epistola
868 1195 932 1249 ad
968 1193 1189 1249 Fabium
1224 1196 1636 1259 Antiochenum,
1683 1199 1738 1250 in

199 1290 308 1345 qua
355 1287 466 1333 tres
504 1278 785 1350 episcopos
824 1281 1175 1337 Novatianum
1225 1286 1503 1340 ordinasse
1534 1294 1737 1351 narrat,

196 1380 435 1432 quorum
482 1382 650 1422 unum
700 1369 909 1437 ejurato
955 1373 1293 1439 postmodum
1341 1374 1628 1429 schismate
1672 1376 1738 1427 ad

200 1457 641 1511 communionem
693 1458 1012 1513 catholicam
1057 1463 1280 1518 rediisse
1319 1464 1738 1534 scribit,quem-

198 1560 305 1611 que
334 1542 672 1615 Hippolytum
706 1558 949 1603 nostrum
974 1550 1161 1617 fuisse,
1189 1567 1292 1606 non
1322 1553 1490 1619 levem
1510 1552 1740 1609 fortasse

200 1634 473 1702 quispiam
522 1638 878 1706 suspicionem
923 1640 1119 1696 habere
1168 1652 1364 1711 posset.
1410 1642 1657 1698 Sedcum
1681 1643 1737 1697 S.

199 1719 503 1801 Cornelius
530 1727 804 1794 episc0pos
850 1727 970 1782 illos
997 1732 1185 1798 exigua
1211 1741 1264 1785 et
1286 1733 1537 1791 vilissima
1567 1731 1763 1790 Italia

196 1818 373 1875 parte,
425 1820 586 1882 atque
628 1829 691 1869 ex
740 1816 1020 1873 vilioribus
1062 1821 1270 1889 oppidis
1324 1820 1741 1880 Novatianorum

200 1907 483 1961 molitione
513 1909 713 1964 accitos
738 1910 897 1979 dicat,
926 1927 1129 1983 eosque
1166 1912 1393 1971 homines
1418 1918 1570 1987 plane
1590 1929 1742 1976 rudes

198 2011 264 2047 ac
289 1998 556 2066 simplices
582 2001 844 2067 nominat,
876 2003 1056 2059 nullus
1080 2005 1198 2059 ideo
1224 2005 1533 2075 huiusmodi
1562 2011 1744 2081 conje-

200 2095 377 2141 ctura:
404 2088 553 2142 locus
577 2103 699 2143 esse
726 2091 902 2156 debet,
944 2109 1066 2148 cum
1110 2094 1222 2150 ιιωο
1246 2095 1528 2169 Hippolyto
1560 2111 1744 2157 nostro

203 2169 523 2243 neutiquam
570 2180 855 2236 convenire
898 2182 1124 2250 possint.
1171 2183 1484 2255 Hippolytus
1514 2189 1654 2242 enim
1686 2189 1742 2242 in

188 2263 557 2341 nobilissima:
588 2264 753 2322 Italiae
794 2271 1068 2336 provincia
1119 2274 1504 2345 notissimaque
1528 2276 1583 2329 in
1612 2277 1745 2331 urbe

200 2356 574 2423 episcopatum
623 2356 871 2424 obtinuit,
919 2377 1149 2431 eumque
1193 2373 1338 2420 tanta
1380 2366 1634 2421 doctrina:
1681 2383 1745 2423 ac

202 2442 482 2510 sapientia:
523 2444 680 2501 laude
725 2446 973 2504 ﬂoruisse
995 2453 1206 2521 egregia
1243 2455 1414 2524 ipsius
1436 2457 1636 2525 scripta
1666 2466 1746 2513 te-

200 2542 439 2598 stantur,
469 2544 527 2588 ut
549 2535 917 2594 Theodoretus
952 2541 1063 2612 (22)
1102 2540 1441 2615 Hippolytum
1474 2548 1612 2603 inter
1640 2540 1747 2620 ipi-

201 2624 427 2676 riiualcs
477 2627 805 2681 recensuerit
855 2629 1043 2697 fontes,
1095 2647 1162 2687 ex
1205 2636 1400 2703 quibus
1429 2641 1747 2709 evangelica:

199 2710 447 2766 veritatis
490 2714 579 2765 lux
630 2715 897 2771 uberrime
924 2722 1176 2776 manavit.
1229 2722 1450 2779 Domum
1486 2728 1532 2781 si
1574 2726 1747 2783 Nova-

200 2802 373 2856 tianis
415 2819 651 2872 unquam
678 2804 899 2861 favisset
937 2807 1279 2882 Hippolytus,
1309 2830 1372 2869 ac
1395 2798 1585 2885 postea
1612 2820 1749 2874 resi-

200 2891 437 2960 puisset,
460 2895 751 2963 episcopali
778 2898 957 2951 statim
980 2900 1168 2967 ordine
1188 2902 1444 2972 deiectus,
1475 2907 1608 2961 laica
1635 2918 1749 2962 tan-

199 2989 324 3032 tum
350 2984 727 3038 communione
754 2996 1008 3055 exceptus
1041 2976 1251 3057 fuiSset,
1302 2993 1455 3061 juxta
1481 2997 1746 3065 rigidissi-

200 3086 353 3124 mam
387 3072 531 3133 illius
560 3075 656 3127 aevi
687 3075 1049 3146 disciplinam,
1095 3097 1257 3149 quam
1288 3084 1441 3137 nobis
1468 3086 1537 3139 ob
1560 3086 1745 3141 oculos

1831 742 2134 803 Cornelius,
2168 741 2237 795 ab
2283 738 2565 809 Hippolyto
2606 746 2789 792 nostro
2831 751 3053 806 prorsus
3100 736 3367 789 diversum

1832 830 2002 886 fuisse
2022 830 2341 884 lirmandum
2368 838 2469 884 est.
2495 828 2569 883 De
2594 844 2660 883 eo
2688 837 2887 890 tamen,
2915 826 3162 896 quisnam
3190 823 3369 885 fuerit,

1833 936 1941 976 non
1987 937 2096 975 una
2138 930 2221 975 est
2267 919 2598 973 eruditorum
2628 918 2906 972 sententia.
2935 915 3195 971 Henricus
3222 914 3373 967 Vale-

1794 1060 1795 1063 η
1834 1010 1949 1065 sius
1977 1009 2087 1080 (26)
2116 1008 2464 1077 TrOphimum
2515 1007 2683 1062 fuisse
2730 1007 2979 1075 coniecit.
3012 1004 3222 1059 V-alesio
3265 1018 3375 1057 non

1836 1102 2181 1158 subscribunt
2225 1098 2595 1154 Tillemontius
2629 1097 2741 1166 (27)
2789 1105 2843 1150 et
2880 1095 3070 1149 Petrus
3110 1094 3374 1147 Constan-

1836 1195 1944 1249 tius
1971 1192 2101 1263 (28),
2132 1206 2197 1245 eo
2224 1191 2349 1260 quia
2366 1189 2693 1258 "l‘rophimus
2717 1188 2785 1241 ob
2811 1185 3122 1241 idololatriae
3150 1183 3374 1245 crimen,

1838 1299 1942 1338 non
1962 1283 2103 1351 quod
2132 1280 2445 1335 Novatianis
2472 1279 2776 1341 adhaeserit,
2803 1291 2867 1330 ex
2891 1275 3178 1345 episcopali
3207 1274 3392 1341 gradu,

1836 1374 2112 1443 depulsus,
2141 1371 2275 1425 laira
2310 1379 2517 1424 tantum
2545 1367 2920 1423 communione
2951 1374 3231 1435 susceptus
3258 1363 3375 1417 fuit.

1836 1468 1988 1531 Acta,
2012 1478 2133 1534 qua:
2157 1461 2516 1517 confessionis
2542 1458 2818 1514 Novatiani
2853 1457 3065 1512 titulum
3093 1455 3380 1525 praeferunt

1838 1556 1976 1625 apud
2004 1554 2253 1608 Pbotium
2287 1552 2420 1621 (29),
2450 1550 2756 1603 Marcellum
2799 1556 2854 1602 et
2877 1548 3236 1601 Alexandrum
3265 1547 3379 1619 epi-
3420 1605 3427 1608 ν

1839 1660 2031 1714 scopos
2060 1643 2449 1713 Aquileienses,
2479 1652 2532 1695 et
2558 1640 3009 1709 Agamemnonem
3041 1636 3378 1691 Tiburtinum

1838 1736 2146 1805 episcopum
2171 1747 2293 1787 cum
2320 1729 2618 1784 Novatiano
2648 1729 2716 1783 ab
2758 1728 2890 1797 ipsis
2915 1727 3160 1782 ordinato
3188 1728 3242 1778 in
3277 1719 3381 1778 una

1841 1825 2116 1891 eaquue
2146 1821 2368 1877 radicula
2395 1822 2458 1875 ab
2483 1822 2611 1889 ipsis
2632 1829 2931 1874 constructa
2961 1806 3280 1872 conabitassc
3306 1815 3383 1883 [e-

1843 1924 1984 1970 runt.
2013 1912 2391 1969 Tillemontius
2443 1921 2621 1967 tamen
2667 1909 2858 1965 merito
2905 1909 3097 1963 borum
3125 1908 3382 1961 Actorum

1840 2006 1997 2060 ﬁdem
2047 2012 2351 2073 suspectam
2399 2002 2559 2056 habet
2585 2000 2697 2071 (50)
2730 2019 2745 2053 :
2778 2000 2973 2069 primo,
3017 1999 3149 2068 quia
3184 1999 3238 2052 in
3278 2011 3385 2051 una
3442 2053 3447 2059 ,

1839 2097 2131 2164 eademque
2173 2097 2306 2149 urbe
2355 2092 2490 2149 duos
2530 2094 2809 2161 episcopos
2839 2089 3107 2159 exstitisse
3132 2097 3387 2167 repugnet

1841 2184 2069 2248 rationi;
2111 2183 2368 2247 secundo,
2391 2183 2516 2251 quia
2546 2181 2603 2235 S.
2634 2180 2917 2234 Cornelius
2949 2180 3232 2248 episcopos
3264 2179 3385 2231 illos

1839 2288 1906 2329 ex
1935 2288 2041 2327 una
2074 2274 2386 2341 eademque,
2418 2276 2587 2341 eaque
2616 2270 3017 2334 obscurissima,
3045 2268 3209 2323 Italiae
3237 2268 3388 2338 parte

1841 2365 2042 2420 accitos
2084 2365 2236 2429 dicit,
2266 2376 2386 2432 quae
2428 2363 2496 2418 de
2532 2362 2857 2441 Aquileiensi
2886 2371 2941 2416 et
2966 2359 3244 2416 Tiburtino
3275 2360 3384 2427 epi-

1843 2455 2021 2523 scopis
2051 2462 2202 2509 tanto
2242 2462 2507 2525 terrarum
2536 2451 2816 2508 intervallo
2845 2453 2982 2507 inter
3008 2467 3066 2507 se
3092 2451 3297 2505 dissitis
3324 2465 3386 2504 ac

1844 2542 2155 2597 notissimas
2195 2540 2357 2595 Italiae
2399 2541 2551 2596 sedes
2581 2539 2960 2606 obtinentibus,
2995 2553 3151 2593 nemo
3180 2540 3416 2607 uspiam.

1845 2632 2119 2701 intelliget.
2142 2630 2216 2683 De
2248 2631 2348 2685 hac
2371 2645 2429 2684 re
2452 2629 2813 2685 consulendus
2840 2636 2922 2682 est
2946 2629 3109 2682 etiam
3137 2628 3217 2682 vir
3238 2643 3387 2682 sum-

1845 2739 1966 2777 mus
1980 2721 2213 2777 Joannes
2236 2720 2537 2774 Bernartius
2563 2720 2628 2773 de
2653 2718 2853 2771 Ruheis
2869 2718 2977 2788 (31)
3002 2719 3056 2771 in
3087 2718 3388 2771 Monumen-

1847 2815 1913 2866 lis
1947 2812 2191 2866 Ecclesia:
2222 2811 2584 2880 Aquileiensis,
2602 2809 2653 2861 in
2685 2808 2881 2877 quibus
2909 2805 3123 2863 iictitios
3150 2810 3248 2864 hos
3274 2811 3390 2878 epi-

1847 2918 2037 2972 scopos
2063 2919 2094 2955 e
2120 2902 2289 2956 sacris
2328 2901 2703 2955 vetustissima:
2745 2892 2890 2955 illius
2916 2897 3169 2954 Ecclesiae
3211 2903 3387 2967 dipty—

1846 2993 1965 3047 chis
1998 2992 2188 3045 merito
2214 2991 2426 3045 delevit.
2458 2990 2567 3059 Nec
2592 2990 2882 3059 quidquam
2911 2988 3195 3044 Frontonis
3230 2982 3389 3057 prod-

1846 3096 1964 3136 esse
2001 3089 2229 3150 possunt
2273 3081 2548 3135 sententia:
2596 3080 2708 3133 haec
2758 3076 3041 3147 Nicephorl
3069 3074 3179 3147 (52)
3204 3078 3386 3140 verba,

198 3164 359 3232 ponit
390 3163 447 3217 S.
478 3162 763 3221 Cornelius'
785 3168 916 3235 (25),
952 3172 1043 3239 qui
1074 3172 1129 3225 in
1157 3174 1382 3243 epistola
1407 3177 1590 3230 eadem
1636 3178 1749 3245 epi-
1774 3195 1816 3251 ο
1847 3174 2044 3242 quibus
2092 3172 2382 3226 secundam
2432 3172 2545 3240 ipse
2586 3172 2779 3239 adjecit
2832 3178 3013 3224 notam
3044 3188 3055 3222 :
3093 3188 3111 3219 ι
3134 3168 3387 3233 Quaedam

198 3266 431 3318 smputn
468 3254 640 3319 illum,
670 3256 761 3323 qui
785 3254 1137 3312 Novatianum
1170 3262 1400 3325 inunxit,
1429 3264 1606 3331 populi
1631 3281 1746 3334 pre-

195 3344 353 3397 cibus
384 3354 582 3408 motus,
613 3345 751 3400 laico
779 3353 984 3401 tantum
1011 3352 1365 3405 communione
1390 3354 1645 3407 donatum
1672 3363 1749 3409 te-

196 3443 403 3497 statur,
439 3437 526 3490 cui
552 3439 711 3491 etiam
753 3441 1043 3494 assentitur
1073 3439 1129 3495 S.
1162 3441 1460 3511 Cyprianus
1490 3445 1622 3515 (24),
1654 3447 1746 3515 qui

195 3525 545 3594 presbyteros
615 3528 795 3596 lapsos
850 3544 914 3584 ac
958 3533 1296 3600 postmodum
1373 3535 1748 3604 resipiscentes

196 3614 346 3669 laiea
391 3624 594 3671 tantum
638 3620 1017 3676 communione
1066 3624 1322 3693 suscepit.
1395 3623 1745 3682 Severissima

194 3718 390 3763 tamen
434 3707 595 3777 hujus
639 3712 737 3763 arvi
780 3710 1058 3780 disciplina
1106 3712 1331 3767 nimium
1376 3713 1561 3769 forsan
1600 3716 1744 3783 rigo-

160 3786 323 3851 ~rem
378 3812 567 3867 sapere
617 3800 733 3853 visa
795 3810 877 3854 est
927 3799 1157 3855 Nicanis
1205 3798 1491 3867 Patribus;
1550 3804 1745 3855 etenim

197 3890 381 3957 ipsam
405 3888 793 3957 aliquantisper
811 3889 1056 3959 mitigare
1080 3891 1400 3944 studuerunt
1426 3892 1569 3947 edito
1589 3907 1749 3946 cano-

198 3994 278 4032 ne
308 3978 445 4048 (25),
474 3979 531 4031 in
556 3994 664 4047 quo
685 3980 948 4048 episcopis
974 3996 1038 4035 ex
1062 3979 1354 4035 Novatiana
1379 3993 1523 4037 secta
1552 3984 1619 4037 ad
1648 3981 1747 4037 Ec—

197 4072 433 4128 clesiam
467 4070 835 4134 redeuntibus,
862 4071 1179 4142 presbyterii
1206 4073 1289 4127 vel
1335 4074 1763 4145 chorepiscopa-'

281 4205 397 4275 (21)
462 4200 525 4275 In
572 4202 741 4275 Epist.
790 4203 1024 4275 _Roman.
1108 4207 1294 4275 pontii.
1381 4222 1411 4261 a
1463 4207 1745 4263 Constant.

204 4292 265 4344 p.
291 4271 398 4327 H7
418 4315 434 4336 ,
469 4273 572 4344 cit.
620 4273 749 4344 edit:
790 4271 961 4327 Paris.
1015 4275 1148 4344 1721
1175 4314 1190 4338 ,
1225 4271 1345 4344 qua:
1370 4286 1453 4331 est
1477 4279 1534 4330 in
1562 4278 1750 4332 ordine

200 4339 381 4414 epist.
398 4344 433 4396 9
453 4341 690 4414 Cornelii
716 4339 870 4414 Papae
894 4360 915 4414 _:
951 4360 971 4393 ι
1008 4343 1150 4414 Duos
1176 4339 1277 4397 sibi
1308 4346 1484 4399 socios
1505 4347 1749 4414 deplora-

202 4408 496 4481 tzesalutis
521 4412 677 4481 elegit
699 4408 1069 4479 (No‘vatianus)
1092 4427 1227 4478 quos
1250 4414 1305 4465 in
1322 4408 1748 4481 exiguam—atque

198 4479 525 4533 vilissimam
569 4479 732 4534 Italiae
778 4488 980 4548 partem
1015 4481 1323 4543 destinaret,
1368 4479 1435 4535 ut
1464 4482 1584 4535 inde
1608 4479 1749 4535 acci-

1847 3278 2006 3331 porro
2029 3262 2226 3331 scripta
2250 3262 2367 3330 ejus
2397 3264 2607 3330 (nempe
2634 3260 2920 3330 Hippolyti)
2944 3272 3070 3314 cum
3096 3259 3389 3327 reprehen-

1847 3354 1999 3407 sione
2024 3368 2134 3407 non
2162 3361 2403 3417 careant,
2434 3352 2689 3422 martyrio
2720 3360 2902 3419 postea
2928 3364 3025 3418 pro
3051 3347 3249 3405 Christi
3290 3362 3392 3401 no-

1847 3444 1991 3498 mine
2018 3444 2262 3498 absoluto
2292 3442 2605 3512 ignorantia:
2626 3441 2742 3509 ejus
2770 3439 3033 3493 maculam
3065 3438 3278 3492 detrivit
3305 3448 3390 3490 at—

1845 3550 1952 3604 que
1993 3534 2273 3589 detersit.»
2301 3532 2509 3587 Etenim
2562 3543 2789 3593 errores,
2830 3543 2968 3597 quos
3018 3527 3073 3581 in
3120 3527 3389 3596 Hippolyti
3452 3548 3453 3551 η

1848 3627 2061 3693 scriptis
2118 3632 2269 3678 notat
2316 3621 2562 3686 Photius,
2620 3621 2755 3675 nihil
2805 3635 2927 3675 cum
2973 3616 3387 3674 Novatianorum

1846 3715 2070 3770 somniis
2110 3714 2307 3767 habent
2351 3726 2655 3775 commune,
2704 3711 2795 3766 sed
2842 3719 3081 3766 veterum
3134 3719 3409 3778 quorum-‘

1844 3807 1966 3863 dam
2010 3805 2230 3860 Patrum
2266 3807 2480 3877 genium
2514 3806 2735 3862 omnino
2765 3806 2997 3875 sapiunt,
3026 3818 3163 3873 quos
3196 3801 3391 3856 similia
3464 3826 3469 3829 Α

1843 3896 2166 3967 quandoque
2190 3896 2484 3955 dictitasse.
2514 3896 2744 3953 eruditis
2772 3897 3022 3951 omnibus
3052 3897 3389 3950 notissimum

1844 3994 1926 4040 est
1952 3985 2082 4053 (35).
2109 3984 2427 4054 Huiusmodi
2457 3999 2668 4039 errores
2690 3986 2743 4038 in
2774 3986 2911 4039 libro
2943 3983 3138 4040 Contra
3176 3985 3391 4039 hereses

1844 4078 2117 4133 exstitisse
2143 4076 2333 4132 scribit
2368 4077 2505 4130 idem
2543 4075 2766 4131 Photius
2790 4076 2921 4145 (54),
2951 4092 3109 4145 quem
3151 4076 3217 4130 ad
3250 4074 3388 4140 Noe-

1848 4212 2178 4291 nianodata,
2205 4209 2437 4279 Operum
2465 4224 2584 4279 pag.
2615 4209 2711 4261 241
2750 4217 2803 4263 et
2837 4223 2987 4277 seqq.
3038 4210 3231 4276 sacpius
3256 4210 3389 4263 cita-

1847 4291 1915 4335 tze
1940 4282 2213 4335 editionis.

1918 4347 2031 4417 (25)
2069 4347 2253 4402 Canon
2291 4346 2597 4417 hujustnodi
2628 4355 2711 4400 est
2741 4345 2865 4417 A8i_n
2892 4355 3020 4417 tom.
3051 4344 3094 4399 ll
3128 4344 3388 4400 Concilio-

1849 4433 1967 4469 rum
2000 4415 2121 4485 pag.
2150 4418 2218 4485 55
2245 4418 2373 4470 edit.
2396 4415 2605 4469 Veneta).
2628 4415 2753 4485 anni
2782 4415 2936 4471 1728.
3106 4434 3109 4435 ⁷

1920 4484 2029 4553 (26)
2068 4484 2124 4538 In
2150 4484 2295 4539 notis
2323 4486 2393 4539 ad
2420 4492 2580 4553 caput
2603 4485 2673 4536 45
2699 4484 2789 4537 lib.
2822 4500 2874 4538 vr
2905 4485 3045 4540 Hist.
3071 4486 3194 4539 εδει.
3227 4485 3389 4539 Euse~

199 4520 758 4616 ιοςῖρὶςξοιῇοεᾜῖὲξ.
780 4520 1431 4617 'hoEix.es”SiaTTé°F6dE§
1779 4520 1825 4578 υ
1851 4520 2132 4624 ΜῙΣᾞἌῘΞ
2149 4520 3198 4621 bin
3227 4520 3390 4609 mi»—

200 4631 321 4676 ees,
374 4614 709 4672 fraudulenta
756 4617 986 4676 quadam
1032 4619 1305 4672 molitione
1341 4619 1608 4676 deciperet
1631 4660 1645 4674 .
1683 4658 1699 4674 .
1733 4661 1746 4673 .
1852 4627 1965 4676 rius
2007 4627 2167 4676 citata
2215 4627 2371 4676 enist.
2398 4624 2466 4676 55
2502 4622 2557 4676 S.
2588 4621 2839 4676 Cvnriani
2874 4625 2956 4676 his
2992 4626 3209 4676 verbis:
3244 4643 3260 4673 ι
3298 4572 3387 4676 git:

3340 4640 3387 4676 lC

200 4631 321 4687 aes,
354 4614 709 4687 fraudulenta
756 4617 986 4687 quadam
1032 4614 1305 4672 m'olitione
1341 4614 1699 4687 deciperet
1733 4661 1746 4673 .

84 4718 99 4722 -
203 4685 304 4756 qui
325 4698 461 4756 cum
494 4685 831 4756 advenissent
861 4688 1197 4747 homines.ut
1219 4688 1331 4756 jam
1352 4685 1602 4752 diximus,
1622 4688 1752 4743 sim-

205 4751 457 4825 plicioris
502 4753 698 4824 ingenii
736 4795 751 4811 .
782 4795 795 4808 .
831 4798 843 4810 .
873 4758 1004 4811 hora
1049 4751 1255 4810 decima
1300 4758 1649 4823 temulentos,
1699 4768 1753 4813 et

206 4822 446 4900 crapula
465 4822 749 4900 oppressos
779 4825 1090 4900 imaginaria
1114 4828 1362 4900 quadam,
1400 4837 1453 4881 et
1476 4844 1609 4900 vana
1636 4822 1751 4881 ina-

206 4905 384 4967 nnum
433 4891 807 4967 impositione,
847 4891 1209 4967 episcopatum
1256 4891 1357 4950 sibi
1407 4899 1614 4950 tradere
1660 4914 1753 4965 per

202 4965 323 5015 vim
353 4961 562 5033 coegit;
583 4996 598 5011 .
631 4998 648 5033 _.
683 4961 849 5033 ._Nec
883 4961 1058 5017 multo
1098 4974 1216 5033 post
1255 4982 1395 5020 unus
1420 4981 1483 5018 ex
1514 4967 1616 5019 illis
1642 4961 1753 5033 epi-

205 5030 395 5097 scopis
425 5030 489 5080 ad
523 5027 814 5083 Ecclesium
847 5034 1022 5097 rediit,
1047 5027 1180 5089 cum.
1198 5036 1447 5090 lamentis
1468 5044 1522 5091 et
1542 5027 1753 5088 fletibus

207 5108 502 5175 peccatum
522 5112 693 5175 suum
708 5100 987 5175 conﬁtens.
1024 5121 1042 5153 ι

446 5164 572 5247 Vide
592 5166 936 5249 dialogum},
974 5186 1092 5241 pag.
1128 5171 1246 5249 ηιξ,
1280 5184 1407 5225 tom.
1437 5170 1501 5224 Π
1521 5213 1535 5235 ,
1568 5173 1659 5249 ubi
1688 5188 1749 5249 ex

212 5253 234 5286 ι
274 5234 638 5291 Ecclesiarum
670 5234 1002 5303 doctoribus}
1029 5234 1082 5292 et
1112 5242 1259 5295 orbis
1307 5234 1566 5294 terrarum
1595 5242 1756 5294 lumi-

211 5305 400 5374 nibus,
436 5324 459 5357 ι
490 5304 634 5374 quod
670 5305 783 5372 ipse
803 5306 932 5359 dicit
954 5309 1249 5369 et'scribit,
1299 5324 1357 5361 se
1390 5311 1631 5363 hausisse
1677 5311 1755 5363 af—

213 5373 421 5445 firmat,
472 5373 609 5429 inter
640 5388 790 5445 quos
833 5383 977 5445 certe
1008 5374 1320 5445 Hippolytus
1359 5391 1540 5432 noster
1574 5394 1755 5432 recen-

212 5442 433 5512 sendos
456 5451 563 5512 est,
617 5444 773 5510 cujus
816 5442 1017 5512 profert
1060 5442 1378 5498 teStiinonia.
1439 5448 1565 5502 Vide
1595 5450 1754 5503 etiam

212 5510 494 5578 pagJS‘,
523 5513 626 5567 loc.
655 5515 746 5565 cit.

280 5576 404 5655 (.23)
444 5579 611 5647 Epist.
639 5581 672 5635 9
698 5583 854 5655 citata
876 5597 995 5651 pag.
1032 5582 1131 5635 l50
1163 5602 1175 5634 :
1214 5602 1230 5633 t
1261 5583 1429 5647 Quem
1469 5585 1586 5649 nos,
1630 5603 1755 5641 cum

214 5652 509 5721 universus
550 5652 780 5721 populus
831 5667 1063 5719 praesens
1103 5655 1416 5720 deprecatus
1458 5667 1630 5721 esset,
1692 5658 1758 5711 ad
1798 5702 1808 5712 .

215 5716 653 5790 cogmunionem
684 5716 870 5773 laicain
904 5716 1251 5790 suscepimus.
1286 5743 1302 5772 ι

289 5780 399 5851 (24)
440 5780 689 5856 Legenda
722 5798 831 5844 tota
856 5780 1078 5862 epistolzi
1110 5792 1196 5861 55,
1225 5793 1278 5846 ὃ.
1312 5793 1559 5869 Cypriani
1588 5794 1749 5849 Anto-

1851 4621 1973 4679 rius'
2007 4627 2167 4681 citata
2215 4627 2371 4694 epist.
2398 4624 2466 4677 55
2502 4622 2557 4694 ξ.
2588 4621 2839 4694 Cypriani
2874 4625 2956 4679 his
2992 4626 3209 4679 verbis:
3244 4643 3260 4673 ι

1856 4714 1874 4745 ι
1904 4704 2079 4749 tamen
2107 4692 2374 4749 admissus
2395 4703 2477 4747 est
2506 4692 2850 4760 Trophimus,
2872 4703 2929 4747 ut
2957 4694 3125 4748 laicus
3141 4708 3386 4746 commu-

1858 4785 1875 4816 ι
1907 4767 2063 4827 nicet,
2100 4780 2206 4817 non
2240 4764 2392 4831 quasi
2414 4764 2607 4831 locum
2644 4764 2936 4817 sacerdotis
2962 4772 3196 4828 usurpet.
3224 4780 3241 4809 ι

1922 4834 2030 4902 (27)
2071 4832 2235 4885 Tmne
2269 4832 2353 4894 lll,
2379 4830 2540 4902 Notes
2572 4847 2665 4885 sur
2692 4831 3141 4902 saint_Corncille,
3180 4838 3301 4885 note
3330 4831 3384 4895 6,

1853 4898 2281 4977 Qti'en'l‘rophime
2312 4902 2453 4977 avait
2482 4898 2725 4977 idolatré,
2754 4915 2805 4977 ρ.
2842 4898 2961 4951 740.

1922 4970 2029 5037 (28)
2072 4970 2125 5021 lu
2174 4970 2313 5037 notis
2344 4968 2408 5037 ad
2438 4970 2687 5037 superius
2719 4968 2931 5020 citatam
2969 4968 3120 5035 epist.
3156 4968 3187 5020 9
3216 4973 3384 5022 sancti

1851 5038 2080 5094 Cornelii
2120 5039 2187 5096 ad
2229 5036 2474 5101 Fabium,
2503 5052 2622 5105 pag.
2662 5036 2781 5101 H9,
2818 5039 2927 5089 not;
2957 5055 3008 5101 α,
3036 5046 3087 5090 et
3113 5054 3229 5107 pag.
3272 5040 3383 5102 lb‘ii,

1842 5122 2041 5241 “0:293.
2072 5176 2129 5226 ln
2165 5174 2503 5238 Bibliotheca,
2536 5176 2653 5229 cod.
2687 5190 2923 5237 cnxxxn,
2958 5190 3011 5241 p.
3038 5173 3158 5228 414.

1945 5246 2031 5302 50)
2073 5243 2237 5297 Tome
2266 5244 2351 5305 lll,
2371 5244 2529 5299 Notos
2564 5261 2657 5298 sur
2688 5246 2827 5297 saint
2855 5243 3139 5309 Corncille,
3164 5253 3275 5298 not.
3299 5245 3381 5305 l0,

1855 5311 1946 5365 sur
1976 5315 2048 5365 les
2082 5313 2418 5367 ordinatenrs
2448 5315 2512 5367 de
2547 5314 2821 5374 Novatien,
2854 5328 2903 5379 p.
2937 5311 3059 5365 742.

1923 5382 2200 5461 (ξιξ-(ξφ.
2237 5382 2291 5447 4,
2330 5382 2357 5453 §
2390 5385 2438 5447 7,
2485 5400 2535 5451 p.
2577 5384 2644 5434 44
2676 5389 2726 5434 et
2752 5397 2898 5449 seqq.
2930 5382 3054 5434 edit.
3085 5382 3384 5452 Argentius:

1856 5451 2323 5587 anig‘iylﬁstoriw
2370 5518 2723 5573 ecclesiastij
2756 5519 2843 5571 lib.
2880 5536 2950 5579 iv,
2998 5536 3044 5572 c.
3076 5520 3160 5581 3|,
3196 5532 3246 5584 p.
3282 5517 3382 5567 550

1856 5588 2027 5640 citata).
2051 5589 2317 5642 editionis.
2668 5590 2681 5594 ”

1925 5656 2033 5723 (55)
2077 5656 2203 5711 Vide
2227 5658 2455 5715 Buliuin,
2494 5653 2692 5721 Defens.
2739 5658 2859 5723 ﬁdei
2888 5656 3131 5715 Nicwna’,
3153 5662 3376 5709 svrtnn,

1857 5741 1900 5777 ο·
1927 5724 2045 5865 δέ
2166 5786 2504 5858 Bibliotheca,
2554 5794 2671 5848 cod.
2708 5809 2850 5856 cui,
2902 5810 2949 5863 p.
2984 5791 3121 5846 502:
3206 5788 3383 5842 Refert
