4078 6348
693 463 794 517 417

1381 458 1384 459 ί
1478 444 1582 512 ne
1607 458 2002 516 PURTUENSI
2038 460 2094 514 s.
2136 425 2494 513 inprourt
2530 457 2720 522 sane.
2760 487 2825 496 —
2866 455 3042 524 mas
3079 456 3118 511 ι.

3756 424 3767 434 ’
3802 462 3906 515 tis

689 582 868 636 tianos
915 585 1124 633 tantum
1175 576 1496 646 productum
1547 586 1790 633 testatur.
1827 579 1944 634 Alia
1992 581 2152 635 etiam
2183 581 2251 634 ab
2284 589 2324 640 Α
2357 579 2531 633 tuensi
2563 577 2798 632 Ecclesia
2851 578 3026 632 locum
3081 573 3277 632 habere
3325 579 3561 648 potuisse
3605 592 3788 649 aperte
3814 583 3906 636 de-

689 675 804 739 ipso
849 670 1135 739 Hippolyto
1165 670 1344 723 minus
1395 678 1540 723 recte
1581 672 1827 740 exposita
1873 673 2249 726 animadvertit

685 763 880 831 sapius
929 763 1127 817 citatus
1181 769 1368 814 auctor
1408 760 1648 828 Photius,
1699 763 1751 816 in
1805 764 2246 831 interpretatione

684 844 942 918 Danielis,
977 861 1030 920 et
1075 851 1342 920 praeeipue
1390 853 1705 905 Antichristi
1739 853 2048 918 adventant,
2083 869 2275 924 quem,

685 943 741 998 S.
778 944 1065 1012 episcopus
1113 944 1545 1020 quingentesimo
1595 952 1716 1012 post
1768 943 2044 998 Christum
2101 959 2244 998 anno

680 1047 991 1100 venturum,
1024 1047 1077 1092 et
1108 1030 1718 1110 quamplurimos'reges
1757 1041 2241 1095 exterminaturum

677 1129 974 1195 dictitavit;
1015 1130 1160 1183 hunc
1186 1131 1362 1199 ipsum
1393 1131 1556 1184 etiam
1591 1131 1872 1200 scopulum
1904 1132 2244 1185 offenderunt

680 1216 737 1271 S.
769 1217 1020 1282 Irenzeus,
1050 1217 1384 1282 Victorinus,
1416 1218 1749 1284 Lactantius,
1782 1221 1980 1288 aliique
2006 1237 2070 1274 ex
2102 1223 2242 1276 auti-
2285 1210 2290 1216 “

675 1309 956 1376 quissimis
1007 1307 1295 1374 Patribus,
1339 1327 1477 1379 quos
1530 1311 1711 1364 laudat
1762 1311 2052 1368 Anselmus
2104 1313 2238 1368 Tut-

673 1386 954 1470 teusl(55)',
997 1402 1440 1457 accuratissimus
1467 1403 1698 1471 Operum
1731 1403 1787 1456 S.
1827 1403 2011 1473 Cyrilli
2043 1405 2235 1459 lliero—

673 1491 980 1562 solymitani
1002 1490 1193 1543 editor.
1223 1490 1356 1544 Cum
1383 1492 1546 1561 igitur
1570 1493 1730 1557 hanc,
1769 1510 1930 1562 quam
1977 1495 2044 1549 de
2090 1497 2239 1550 illius

671 1585 886 1654 scriptis
909 1583 1228 1638 sententiam
1253 1581 1352 1635 fert
1375 1581 1729 1652 Nicephorus,
1756 1601 1858 1638 non
1885 1587 2099 1641 aliunde
2127 1589 2232 1654 ille,

671 1685 727 1754 ut
785 1669 1144 1744 Suspicamur,
1199 1691 1361 1745 quam
1414 1692 1477 1729 ex
1525 1674 1700 1750 Photii
1755 1676 2100 1742 Bibliotheca,
2137 1680 2232 1733 dc-

667 1767 1019 1837 prompserit;
1043 1777 1224 1836 aperte
1255 1767 1560 1836 colligimus
1591 1768 1791 1820 nullam
1824 1769 1981 1822 nobis
2009 1786 2038 1822 a
2074 1769 2245 1824 Niee-'

664 1860 837 1926 phoro
864 1858 1183 1927 conjiciendi
1223 1859 1488 1913 rationem
1523 1859 1871 1927 suppeditari,
1895 1875 2002 1929 qua
2031 1859 2231 1930 Hippo-

2350 679 2672 724 monstrent.
2725 668 2925 723 Eodem
2978 669 3144 723 etiam
3186 678 3345 739 pacto
3388 671 3727 739 rejicicndam
3785 689 3905 728 esse

2345 767 2584 820 diximus
2613 765 2936 834 peculiarem
2964 765 3105 842 illam
3136 762 3358 819 Joannis
3388 763 3554 835 Langi
3577 782 3640 822 ac
3668 765 3902 821 Fronto-

2345 857 2432 910 nis
2482 855 2660 911 Ducrei
2711 842 2776 910 de
2830 854 3111 925 Hippolyto
3144 855 3535 923 conjecturam,
3567 872 3672 926 qna
3728 857 3902 911 diser-

2344 946 2614 1002 tissimum
2650 947 3162 1015 sanetissimumque
3191 932 3441 1001 Ecclesia:
3464 945 3673 1002 Patrem
3702 948 3756 1000 in
3793 944 3901 1000 No-

2344 1043 2682 1093 vatianorum
2727 1041 2921 1093 castris
2972 1039 3229 1092 militasse
3259 1038 3482 1104 dicunt;
3533 1050 3724 1106 praeter
3753 1042 3898 1094 enim

2340 1140 2579 1184 veterum
2607 1131 2847 1186 omnium
2893 1130 3214 1198 scriptorum
3245 1114 3314 1192 Vde
3349 1128 3613 1205 Hippolyti
3647 1129 3902 1185 Novatia—

2340 1223 2519 1276 nismo
2572 1222 2879 1286 silentium,
2925 1220 3094 1291 ipsius
3142 1230 3273 1274 aetas
3311 1236 3435 1275 cum
3480 1220 3898 1276 Novatianorum

2340 1312 2675 1380 temporibus
2698 1311 2840 1364 haud
2869 1312 3120 1379 conjungi
3149 1321 3344 1378 potest.
3381 1309 3566 1379 Neque
3593 1312 3770 1379 ipsius
3798 1313 3898 1364 do-

2338 1403 2510 1456 ctrina
2544 1403 2841 1472 quidquam
2883 1413 3006 1456 cum
3039 1402 3505 1456 schismaticornm
3539 1403 3767 1456 somniis
3802 1403 3898 1454 ha-

2337 1494 2452 1547 buit
2482 1509 2790 1548 commune.
2819 1493 3154 1562 QuaprOptt-r
3191 1510 3313 1548 cum
3342 1491 3667 1547 Prudentius
3701 1494 3901 1563 hymno

2337 1600 2439 1638 suo
2474 1583 2816 1654 Hippolytum
2868 1586 3235 1656 presbyterum
3289 1582 3641 1638 Novatianum
3693 1583 3896 1646 laudet,

2336 1687 2497 1744 atque
2525 1678 2602 1731 illi
2630 1677 2869 1746 episcopi
2893 1687 2946 1732 et
2973 1677 3270 1748 presbyteri
3311 1680 3630 1746 partes‘uno
3677 1674 3899 1729 eodem-

2334 1785 2437 1837 que
2477 1777 2716 1838 tempore
2765 1769 3048 1839 perspicue
3098 1769 3327 1832 tribuat;
3377 1781 3540 1820 nemo
3587 1775 3696 1819 non
3754 1766 3901 1818 videt

2334 1875 2587 1928 magnum
2635 1859 2926 1914 Baronium
2971 1860 3112 1930 haud
3158 1851 3397 1928 iniquam
3426 1859 3494 1914 de
3522 1858 3640 1926 ipso
3679 1865 3900 1910 senten-

666 1948 835 2017 lytum
884 1946 1303 2000 Novatianorum
1338 1957 1641 2002 commenta
1691 1964 1927 2017 unquam
1973 1951 2232 2017 probasse
2264 1933 2458 2004 Btiam
2514 1953 2721 2018 tulisse,
2757 1944 2912 2007 dum'
2941 1960 3051 2007 tres
3103 1951 3419 2022 Hippolytos
3472 1950 3525 2003 in
3579 1951 3900 2003 unum-hec

663 2039 968 2095 credamus.
1002 2039 1239 2094 Tandem
1289 2039 1335 2094 si
1382 2037 1650 2109 Hippolyti
1703 2048 1756 2092 et
1804 2038 2226 2096 Novatianorum

663 2140 904 2200 tempora
955 2141 1206 2185 accurate
1257 2146 1546 2199 parumper
1587 2131 1998 2199 expendantur,
2046 2135 2228 2188 nullus

661 2233 847 2276 nostro
893 2221 1110 2292 quidem
1157 2223 1362 2296 judicio
1413 2223 1693 2277 dubitandi
1738 2222 1890 2279 locus
1936 2228 2222 2293 supererit,

658 2315 790 2382 quin
821 2314 1219 2368 sanctissimum
1254 2313 1508 2368 Ecclesiae
1538 2313 1749 2369 Patrem
1775 2315 1843 2368 ab
1869 2317 2017 2369 omni
2048 2315 2226 2392 Nova-

562 2395 570 2405 ’
659 2395 1091 2460 tiamne-haeresis
1143 2389 1454 2472 suspicione
1498 2414 1616 2458 tuto
1653 2393 1776 2459 cum
1811 2407 2082 2461 Ceillierio
2111 2387 2221 2477 (56)
2268 2469 2276 2476 _

659 2495 932 2549 vindicare
965 2495 1258 2563 possimus,
1288 2488 1378 2562 qui
1411 2502 1665 2562 praeterea
1703 2496 1770 2548 ab
1798 2495 1942 2548 omni
1968 2493 2222 2550 Novatia-

656 2586 819 2640 nismi
853 2586 1159 2654 suspicione
1195 2583 1538 2654 Hippolytum
1574 2594 1816 2638 nostrum
1846 2586 2008 2638 etiam
2038 2602 2103 2640 eo
2129 2603 2223 2656 po-

656 2676 924 2731 tissimum
949 2675 1188 2731 vindicat
1209 2684 1546 2744 argumento,
1571 2675 1735 2744 quod,
1765 2676 1806 2730 si
1839 2676 1953 2745 ipse
1980 2693 2220 2747 unquam

654 2766 971 2823 Novatianis
1004 2769 1338 2834 adhaesisset,
1371 2769 1422 2822 id
1467 2766 1706 2837 profecto
1737 2783 1841 2822 non
1879 2771 2222 2827 reticuissent

656 2860 1021 2924 schismatici;
1054 2861 1300 2929 quinimo
1343 2869 1550 2914 tantum
1586 2860 1763 2914 virum
1798 2871 1956 2917 secta:
1986 2879 2097 2918 suae
2128 2881 2220 2934 pa-

657 2960 871 3004 tronum
907 2951 1201 3007 Catholicis
1235 2962 1620 3007 ostentasseut.

653 3059 815 3116 XVII.
859 3061 1207 3116 Prudentium
1239 3073 1340 3116 tres
1363 3066 1414 3116 in
1439 3081 1600 3185 puum
1630 3065 1942 3136 Hippolytos
1965 3069 2218 3136 conﬂasse

1278 3143 1439 3185 ostcnt
1462 3137 1589 3185 itur.

1278 3137 1589 3188 ostenditur.

723 3221 996 3278 Hactenus
1031 3225 1330 3294 przecipuas
1377 3242 1696 3296 magnorum
1727 3229 1962 3283 virorum
1999 3241 2215 3286 scnten-
2246 3263 2287 3318 ο

611 3302 780 3377 κίεις,
811 3313 1007 3380 quibus
1058 3312 1400 3383 Hippolytum
1452 3330 1482 3368 a
1539 3315 1833 3370 Prudentio
1896 3319 2212 3388 laudatum,

653 3401 969 3458 Portuensis
1008 3403 1093 3457 vel
1123 3403 1380 3458 Romamn
1412 3404 1666 3460 Ecclesia:
1686 3409 2018 3479 presbyterio
2049 3411 2218 3464 ascri—

652 3497 802 3559 bere,
833 3507 996 3565 atque
1020 3511 1050 3549 e
1081 3511 1236 3551 sacro
1264 3495 1645 3552 Portuensium
1679 3491 2056 3569 episcoporum
2095 3504 2218 3556 albo

548 3641 554 3646 .
649 3580 833 3644 delere
854 3590 1032 3644 conati
1056 3597 1200 3650 sunt,
1234 3590 1287 3643 ni
1321 3585 1642 3647 nostra'nos
1670 3591 1806 3646 fallit
1830 3593 2033 3661 Opinio,
2064 3596 2217 3663 peni-

649 3692 738 3736 tus
772 3681 1076 3735 concidisse
1101 3681 1356 3746 vidimus,
1386 3699 1507 3736 cum
1542 3693 1596 3738 et
1639 3693 1940 3753 temporum
1978 3685 2136 3749 ratio,
2166 3696 2219 3739 et

651 3775 992 3828 sanctissima
1021 3775 1284 3841 majorum
1312 3789 1619 3828 nostrorum
1650 3777 1934 3843 disi-iplina
1965 3775 2217 3848 Hippoly-
2250 3847 2253 3849 ἓ

654 3874 766 3918 tum
789 3864 933 3917 hunc
963 3865 1356 3933 presbyterum,
1384 3880 1478 3917 nec
1503 3865 1554 3916 in
1582 3864 1827 3918 Romana
1880 3883 1977 3920 nee
2003 3868 2055 3919 in
2083 3867 2215 3921 Por-

652 4049 832 4092 autem
866 4052 990 4090 cum
1025 4037 1128 4090 alia
1179 4052 1285 4090 non
1312 4039 1534 4106 omnino
1560 4036 1748 4104 praha,
1773 4046 1887 4090 tum
1921 4037 2215 4106 Epistolam

652 4108 719 4165 ad
756 4108 1009 4163 Hebraeos
1040 4123 1146 4161 non
1181 4123 1300 4162 esse
1331 4104 1481 4159 Pauli
1512 4108 1760 4173 apostoli,
1795 4127 1811 4157 ι
1849 4118 1955 4162 etc.

722 4178 835 4246 (55)
877 4180 932 4231 ln
965 4177 1110 4246 notis
1141 4177 1204 4230 ad
1230 4176 1508 4231 Cateches.
1541 4177 1628 4240 15,
1666 4193 1716 4244 p.
1747 4177 1871 4238 251,
1903 4188 2014 4234 ιιοι.
2045 4180 2110 4234 A.

722 4245 833 4317 (56)
877 4246 1026 4302 Saint
1052 4245 1357 4317 Hippolyte,
1389 4248 1574 4316 éréque
1623 4257 1669 4300 ct
1727 4257 1948 4317 martyr,
1996 4252 2082 4305 ch.
2121 4250 2210 4311 9.7,

651 4315 784 4373 tom.
805 4319 868 4380 ll,
899 4333 950 4384 p.
983 4318 1104 4379 519,
1136 4318 1161 4386 §
1192 4318 1223 4370 5
1241 4315 1295 4370 ί(
1316 4315 1664 4380 Νοιτῡςτιὶιιι,
1687 4334 1754 4370 au
1775 4315 2066 4384 contraire,
2087 4320 2216 4375 était

654 4389 720 4444 né
747 4388 882 4458 dans
916 4389 964 4458 la
997 4386 1183 4458 Grece,
1217 4388 1254 4458 il
1281 4387 1412 4440 était
1445 4386 1669 4455 évéque,
1701 4398 1754 4440 et
1784 4405 1848 4440 ne
1882 4393 1988 4457 prit
2015 4392 2213 4458 jamais

652 4463 700 4513 le
739 4457 875 4526 parti
906 4457 1016 4526 des?
1041 4454 1367 4521 Novatiens;
1421 4454 1726 4526 autremcnt
1771 4474 1859 4511 ces
1885 4454 2214 4514 'schi'smatit-

651 4525 786 4598 ques
815 4525 1116 4598 n‘auraient
1152 4541 1255 4598 _pas_
1295 4525 1528 4595 manqué
1555 4528 1622 4582 de
1655 4528 1764 4580 s'en
1799 4529 1932 4581 faire
1963 4532 2214 4582 honnenr

650 4593 702 4653 et
732 4599 797 4651 de
845 4609 904 4648 se
935 4593 1196 4660 prévaloir
1227 4596 1295 4647 de
1337 4611 1398 4648 ee
1430 4593 1596 4663 qu’un
1650 4597 1865 4649 homme
1913 4600 1957 4651 si
2004 4599 2213 4652 celebre
2247 4595 2291 4650 ι)

652 4686 749 4738 par
783 4680 841 4720 sa
880 4665 1165 4736 science-et
1189 4679 1286 4731 par
1317 4679 1375 4717 sa
1406 4675 1557 4717 vertu
1589 4666 1765 4718 aurait
1789 4667 2065 4721 embrassé
2098 4669 2212 4720 Ieur

687 4749 811 4792 arti.
845 4754 863 4785 ι

652 4756 1085 4876 pagi)nyan
1113 4802 1167 4868 4,
1206 4818 1256 4855 v.
1297 4801 1382 4868 17,
1415 4818 1534 4871 pag.
1571 4803 1695 4866 121,
1730 4803 1857 4857 edit.
1893 4804 2214 4874 Autwt-rpizt-

656 4875 784 4932 anni
814 4875 951 4929 1661
991 4915 1002 4925 .

861 4946 993 5010 Afra
1027 4941 1289 5010 Carthago
1324 4951 1413 4992 tua
1442 4951 1639 5008 promet
1670 4958 1811 5008 ossa,

863 5009 965 5066 Ore
996 5012 1222 5080 facundo
1254 5009 1513 5080 Cypriane
1542 5012 1762 5069 doctor;

862 5066 1105 5136 Cord'uba
1139 5066 1403 5134 Acisclum
1433 5081 1602 5142 dabit,
1627 5093 1674 5133 ct
1698 5066 1936 5136 loc/lum

933 5151 1156 5222 Tresque
1191 5167 1432 5222 coronas.

655 5218 848 5293 Utrum
897 5221 980 5293 his
1025 5218 1202 5293 verbis
1251 5218 1574 5293 Prudentius
1601 5220 1737 5293 duos
1769 5223 1887 5276 illos
1917 5225 2214 5293 Cyprianos

651 5289 976 5361 confuderit,
1010 5292 1134 5347 aliis
1179 5290 1547 5361 judicandum_
1579 5289 2213 5361 relinquimus.-tiypt'ia-

654 5374 786 5428 num
817 5355 1210 5413 Antiochenum
1259 5375 1475 5428 magum
1526 5358 1689 5428 fuisse
1722 5355 2086 5416 certissimum
2135 5374 2213 5416 est

653 5439 708 5482 et
755 5427 1035 5501 doctorem
1087 5427 1480 5498 nuncupatum,
1513 5430 1604 5497 qui
1640 5427 1906 5483 Justitiam
1947 5434 2210 5501 virginem

657 5501 710 5551 in
739 5495 951 5568 Agladii
982 5511 1214 5568 amorem
1245 5495 1468 5568 magicis
1498 5495 1702 5552 artibus
1752 5502 1985 5555 excitare
2033 5495 2215 5557 ἷυιιιιιο

654 5564 946 5638 verat'._De
989 5564 1157 5638 ipsius
1197 5564 1547 5622 conversione
1578 5580 1637 5622 et
1667 5573 1922 5638 martyrio
1957 5574 2216 5626 videndus

657 5638 773 5710 Ado
812 5635 897 5689 die
928 5648 1053 5710 xx.“
1092 5633 1438 5710 Septembtjs,
1473 5648 1526 5691 et
1563 5650 1704 5693 notae
1738 5633 1997 5694 Do‘tuinici
2035 5642 2214 5710 Giorgi

659 5710 722 5778 aizl
756 5704 1097 5778 ipsam_t_lie_m
1135 5718 1252 5771 pag.
1281 5706 1402 5770 497,
1450 5711 1537 5775 qui
1585 5711 1836 5763 observat
1881 5712 1947 5762 ab
1991 5704 2215 5778 ipsoiucl

659 5772 917 5845 Gregorio
933 5772 1268 5845 Nazianzeno
1286 5772 1627 5832 commistum
1652 5779 1839 5842 luisse,
1863 5772 2104 5834 oratione
2130 5785 2211 5840 18,

661 5843 986 5916 Cyprianum
1032 5843 1509 5914 (iarthaginensem
1562 5865 1684 5903 cum
1731 5851 1997 5921 Cypriano
2025 5853 2214 5906 Antio-

2329 2042 2567 2095 carmiue
2600 2042 2668 2094 ab
2697 2029 2886 2096 eodem
2922 2041 3180 2095 confusos
3209 2038 3604 2093 anim-advertit.
3636 2035 3901 2104 Quamvis

2326 2134 2470 2185 enim
2522 2133 2847 2201 exquisitam
2879 2131 3201 2201 pientissimi
3255 2139 3425 2200 poeta:
3449 2130 3783 2199 diligentiam
3816 2146 3901 2184 ve-

2326 2233 2466 2278 teres
2503 2239 2567 2278 ac
2615 2224 2945 2277 recentiores
2991 2224 3282 2290 scriptores
3327 2237 3436 2276 uno
3477 2237 3570 2275 ore
3619 2229 3901 2275 commen-

2325 2315 2471 2379 dent,
2500 2323 2680 2368 tamen
2711 2329 2834 2370 cum
2862 2313 3172 2387 hujusmodi
3204 2313 3371 2368 naevis
3402 2313 3506 2366 alia
3528 2311 3690 2366 etiam
3724 2312 3902 2379 ipsius

2324 2407 2564 2458 carmina
2625 2420 2875 2474 respersa
2931 2420 3051 2459 esse
3110 2414 3358 2469 constet,
3417 2403 3669 2472 colligere
3721 2403 3899 2471 juvat,

2324 2491 2525 2559 ipsum,
2566 2493 2694 2546 dum
2747 2491 3016 2564 Hippolyti
3062 2493 3143 2548 sui
3195 2493 3380 2547 laudes
3423 2492 3642 2633 cecini?
3687 2491 3900 2560 aliquid

2324 2582 2545 2633 humani
2570 2600 2789 2633 nassum
2822 2582 2989 2633 fuisse
3017 2600 3081 2633 ac
3107 2584 3318 2633 eodem.
3357 2598 3470 2633 auo
3494 2583 3547 2633 in
3584 2597 3612 2633 a
3639 2583 3690 2633 io
3725 2582 3900 2633 ipsius

2323 2582 2545 2637 immani
2570 2600 2789 2653 passum
2822 2582 2989 2639 fuisse
3017 2600 3081 2637 ac
3107 2584 3318 2648 eodem,
3357 2598 3470 2652 quo
3494 2583 3547 2636 in
3584 2582 3690 2634 alio
3725 2582 3903 2650 ipsius

2323 2672 2545 2742 hymno,
2581 2675 2920 2730 confusionis
2965 2675 3095 2728 vitio
3148 2664 3446 2738 laborasse,
3481 2673 3534 2726 in
3561 2687 3670 2741 quo
3698 2672 3757 2724 S.
3793 2669 3900 2740 Cy-

2320 2765 2593 2833 prianum,
2623 2767 3035 2838 celeberrimum
3057 2765 3206 2818 illum
3237 2779 3300 2818 ac
3335 2763 3680 2816 notissimum
3711 2759 3903 2814 Eccle-

2269 2845 2272 2848 ’
2321 2856 2417 2908 sia:
2443 2854 2658 2909 Patrem
2686 2855 2821 2926 (57),
2865 2870 2987 2907 cum
3029 2853 3299 2922 Cypriano
3332 2850 3669 2904 Antiocheno
3700 2847 3904 2901 confu-

2320 2946 2418 3010 dit,
2452 2962 2614 3014 quem
2645 2961 2863 3014 magum
2898 2944 3068 2998 luissc
3096 2942 3379 3011 perhibent
3407 2940 3545 3002 Ado,
3587 2937 3900 3003 Usuardus,

2320 3036 2606 3102 Notkerus,
2651 3037 2954 3104 cieterique,
2984 3044 3037 3088 et
3081 3033 3238 3101 Cujus
3273 3033 3394 3086 lidei
3427 3030 3702 3086 confessio
3750 3032 3899 3084 edita

2317 3129 2637 3196 plerumque
2688 3127 2882 3193 legitur
2929 3126 2996 3179 ad
3047 3126 3247 3178 calcem
3298 3120 3532 3191 Operum
3582 3119 3640 3174 S.
3675 3120 3904 3190 Cypria-

2321 3219 2376 3271 ni
2410 3218 2546 3286 (58),
2585 3219 2951 3288 atque-ipsius
2983 3217 3112 3270 Acta
3162 3216 3433 3285 aliquibus
3480 3215 3679 3267 abhinc
3730 3216 3898 3268 annis

2320 3310 2559 3379 vulgavit
2610 3309 2962 3362 doctissimus
3011 3307 3310 3360 monachus
3341 3304 3658 3358 Edmundus
3693 3303 3901 3358 Marte-

2319 3415 2387 3452 ne
2419 3400 2553 3468 (59).
2585 3393 2642 3452 S.
2677 3399 2886 3452 Sixtum
2918 3396 3222 3450 Romanum
3271 3395 3578 3465 pontiﬁcem
3630 3396 3784 3449 cruci
3814 3395 3902 3448 af-

2320 3492 2483 3542 lixum
2522 3491 2663 3543 idem
2689 3487 3014 3541 Prudentius
3047 3485 3186 3540 dixit
3216 3485 3350 3557 (40),
3384 3501 3543 3555 quem
3574 3485 3900 3541 luculentis.

2319 3579 2459 3634 Simo
2501 3577 2554 3630 S.
2588 3578 2843 3648 Cypriani
2873 3578 2985 3648 (41)
3037 3577 3368 3640 testimonio,
3419 3576 3596 3644 gladio
3642 3576 3900 3628 animad-

2319 3685 2521 3722 versum
2551 3670 2774 3723 scimus.
2803 3667 2898 3721 llis
2921 3667 3082 3737 igitur
3106 3666 3422 3734 praemissis,
3446 3665 3519 3716 nil
3548 3664 3749 3716 mirum
3782 3664 3904 3717 cui-

2319 3762 2459 3831 piam
2489 3776 2608 3816 esse
2634 3763 2809 3825 debet,
2835 3764 2977 3830 quod
3013 3758 3284 3810 maximus
3315 3755 3703 3808 Ecclesiasticm
3732 3757 3903 3807 histo-

2320 3858 2412 3907 ritz
2442 3870 2636 3921 parens
2667 3852 3039 3907 vetustissimo
3085 3849 3211 3901 licet
3253 3862 3316 3899 ac
3366 3846 3726 3900 disertissimo
3757 3848 3900 3900 scri-

2318 4049 2511 4121 cheno,
2540 4048 2691 4121 juxta
2717 4047 2944 4121 _l_3aroni_i_
2976 4047 3320 4121 sententiam.
3354 4045 3900 4121 Adeundusldsuar-

2317 4120 2420 4170 dus
2459 4119 2647 4168 eadem
2695 4117 2801 4175 die,
2834 4127 2883 4169 et
2915 4117 3153 4169 Solet-ius
3184 4120 3236 4169 in
3269 4119 3409 4172 notis
3445 4117 3576 4172 tom.
3617 4119 3705 4171 VII
3737 4137 3900 4173 men-

2318 4187 2395 4240 sis
2424 4184 2591 4256 Juuii,
2643 4202 2693 4253 p.
2725 4186 2847 4249 558,
2877 4183 3144 4239 Notkerus
3183 4188 3366 4240 eadem
3418 4188 3504 4240 die
3543 4189 3686 4256 apud
3720 4189 3897 4243 Cani-

2318 4259 2456 4309 sium
2486 4255 2747 4308 Thesauro
2774 4267 3221 4326 monumentorum
3247 4255 3740 4319 ecclesiasticarum,
3768 4268 3810 4311 t.
3833 4259 3899 4326 ll,

2318 4336 2454 4395 part.
2517 4342 2597 4392 ιιι,
2644 4342 2766 4395 pag.
2820 4327 2952 4391 176;
2993 4325 3424 4392 Wandelbertus,
3457 4327 3549 4395 qui
3583 4326 3699 4380 haec
3729 4329 3802 4382 dc
3834 4347 3902 4384 eo

2317 4396 2536 4451 scribsit
2568 4415 2580 4447 :
3114 4397 3122 4405 ’

2467 4414 2510 4447 si
2568 4415 2580 4447 :

2431 4413 2616 4519 1350;th
2644 4477 2844 4534 martyr
2869 4475 2983 4518 orat
3009 4465 3328 4534 Cyprianus,
3353 4465 3497 4531 virgo
3524 4463 3679 4516 beata

2459 4538 2620 4598 Quem
2649 4536 2863 4587 Justina
2899 4537 2990 4587 Dei
3019 4537 3137 4603 fecit
3160 4550 3460 4603 cognoscere
3485 4549 3718 4599 regnum,

2457 4607 2672 4658 Artibus
2699 4607 2897 4658 insanis
2929 4608 3139 4675 tandem
3169 4605 3425 4671 furiisque
3452 4603 3670 4656 relictis.

2313 4697 2463 4763 Apud
2525 4696 2771 4749 Dacherii
2817 4696 3062 4762 Spiciley.
3117 4701 3248 4747 tom.
3288 4691 3353 4759 11,
3402 4709 3455 4762 p.
3491 4693 3581 4759 55,
3609 4695 3702 4750 cit.
3744 4698 3886 4751 edit.

2315 4767 2488 4817 Paris.
2525 4767 2652 4817 anni
2685 4765 2842 4815 i725.
2991 4797 2993 4799 ι

2387 4836 2499 4895 (53)
2540 4833 2668 4900 Pag.
2707 4834 2776 4885 5-1
2805 4833 2935 4885 edit.
2967 4829 3184 4886 Oxouii.

2385 4903 2496 4972 (59)
2539 4901 2801 4972 Thesauro
2830 4919 2956 4954 novo
2978 4901 3368 4972 anccdotorum,
3393 4910 3519 4955 tom.
3539 4901 3626 4968 lli,
3653 4921 3705 4972 p.
3730 4905 3899 4966 162:2,

2314 4973 2443 5024 edit.
2479 4971 2702 5023 Lutetite
2749 4971 3082 5024 Parisiorum
3126 4971 3250 5024 anni
3290 4971 3444 5036 1717,
3480 4971 3704 5041 legenda
3760 4986 3901 5028 sunt

2315 5058 2374 5095 ea
2401 5057 2519 5109 quae
2545 5041 2701 5093 docte
2728 5041 2944 5111 quidem
2973 5041 3026 5093 in
3060 5042 3427 5096 admonitione
3455 5047 3658 5111 praevia
3691 5045 3763 5095 ad
3801 5060 3901 5096 ca-

2315 5113 2433 5164 dem
2459 5113 2582 5162 Acta
2603 5110 2998 5165 eruditissimus
3019 5113 3317 5166 monachus
3335 5110 3635 5174 adnatavit,
3654 5127 3706 5178 p.
3723 5112 3896 5170 1618.

2317 5181 2404 5233 ubi
2434 5182 2600 5234 multa
2629 5181 2696 5234 de
2728 5180 2783 5234 S.
2815 5181 3087 5253 Cypriano
3116 5183 3368 5252 illiusque
3398 5182 3515 5235 lidei
3541 5183 3900 5239 confessione

2318 5253 2606 5303 habentur.

2725 5322 2780 5383 Ξ,
2811 5323 2876 5376 de
2907 5321 2963 5375 S.
3002 5321 3316 5387 Laurentio,
3344 5299 3395 5375 vi.
3426 5320 3515 5383 21,
3555 5334 3608 5388 p.
3638 5318 3706 5372 99
3737 5338 3752 5374 :
3829 5349 3832 5351 λ

2565 5410 2694 5464 Fore
2724 5413 2831 5464 Itwc
2862 5412 3104 5464 sacerdos
3134 5413 3344 5464 dixerat

2557 5479 2680 5530 Jum
2715 5481 2902 5533 Xistus
2932 5482 3116 5548 afﬁxus
3147 5483 3313 5543 cruci,

2559 5548 2903 5603 Laurentium
2931 5552 3139 5618 ﬂentem
3166 5551 3346 5602 videns

2563 5619 2744 5672 Crucis
2780 5621 2872 5672 sub
2900 5622 3012 5688 ipso
3039 5622 3235 5687 stipite.

2393 5707 2499 5776 (11)
2530 5708 2695 5775 Epist.
2715 5710 2818 5773 .80,
2849 5712 3113 5765 Successo
3143 5709 3456 5776 fratrt,pag.
3483 5709 3586 5764 355
3610 5711 3698 5764 cit.
3723 5712 3896 5767 edit.:

2326 5799 2343 5830 ‹
2387 5778 2596 5840 Χίδίιιιιι
2631 5789 2807 5831 autem
2846 5782 2896 5831 in
2929 5779 3235 5833 ccemeterio
3268 5778 3702 5834 animadversum
3735 5781 3896 5838 scia-

2324 5851 2390 5903 tis
2426 5863 2614 5901 outavo
2649 5847 2835 5902 Iduum
2871 5851 3230 5918 Augustarum
3260 5847 3365 5901 die.
3399 5868 3417 5898 ι
