4078 6348
762 399 863 453 ιῦῡ

1509 399 1589 452 DE
1629 360 2108 455 I‘ORTUENSIS.
2152 397 2513 452 IIIPPOLYTI
2558 399 2744 452 SEDE.
2792 431 2852 437 -——
2887 395 3069 454 PARS
3111 396 3152 453 ἶ.
3853 395 3947 449 ‘64-

759 532 969 586 quoquc
1017 527 1303 586 martyiem
1359 531 1500 570 anno
1548 518 1685 570 1650
1731 520 2007 573 Cameraci
2057 536 2120 572 ex
2170 521 2299 575 urbe
2332 529 2372 582 Α
2402 522 2686 589 supercilio
2723 521 2878 573 nobis
2929 518 3165 584 objieiat.
3214 506 3466 569 Fatemm'
3512 515 3761 584 equidem
3824 516 3952 569 cele-

760 608 1073 661 translatum
1108 616 1336 662 testatur
1358 606 1441 661 ιο.
1473 608 1762 663 Bollaudus
1793 612 1901 678 (2t)
1922 655 1934 675 ,
1967 611 2303 679 aliorumque

758 695 1161 766 Hippolytorum
1220 699 1437 752 nomina
1491 709 1698 753 vetusta
1756 702 1910 755 nobis
1966 702 2307 770 suppeditant

758 796 1107 841 monumenta
1154 786 1336 842 Roma:
1363 804 1483 842 cum
1516 806 1701 845 eorum
1735 792 2009 846 cineribus
2057 792 2266 845 iuventa
2289 833 2303 854 ,

760 890 917 944 atque
940 877 1007 930 ab
1021 876 1424 947 Aringhio(22),
1451 878 1690 933 Boldctto
1713 880 1823 947 (ἓό)
1850 890 1903 933 ct
1926 880 2171 950 V'ignoiio
2196 881 2305 949 (24)

759 972 930 1035 edita,
962 988 1183 1039 tiu-.eqne
1211 973 1298 1025 hic
1329 973 1506 1026 denuo
1534 974 1791 1028 lectorum
1830 974 2003 1029 oculis
2044 975 2307 1043 subjicere

760 1077 931 1130 opera:
963 1065 1187 1131 pretium
1224 1078 1340 1117 esse
1369 1063 1625 1118 duximus
1669 1081 1681 1115 :

1094 1153 1479 1208 ltEFRIGERI.
1521 1154 1652 1208 TIBI
1693 1154 1973 1209 DOMNUS

1296 1244 1608 1299 IPOLITUS
1648 1244 1772 1298 SID.

936 1332 1273 1389 YPOLITUS
1311 1334 1524 1389 ANIMA
1560 1333 1809 1390 DULCIS
1848 1334 1913 1387 IN
1951 1331 2126 1387 PACE

1439 1426 1499 1480 D.
1542 1426 1609 1480 Μ.

1168 1514 1496 1570 YPOLITUS
1532 1515 1595 1581 Q.
1640 1514 1704 1570 V.
1744 1514 1903 1568 ANN.

1316 1605 1450 1659 XIII.
1496 1606 1562 1659 Μ.
1614 1604 1743 1659 VIII.

1208 1691 1267 1744 D.
1307 1691 1365 1745 Ρ.
1410 1677 1472 1745 v.
1512 1692 1666 1747 ΚΑΙ».
1712 1693 1858 1748 ssc.

762 1782 1057 1851 Hippolytae
1102 1783 1261 1835 etiam
1318 1782 1639 1837 Christiana:
1688 1785 1931 1841 mulieris
1981 1784 2311 1855 epitaphium

764 1874 1001 1940 vulgavit
1027 1870 1341 1939 Aringhius.

997 1958 1398 2013 merome.
1442 1960 1571 2016 ine.
1612 1946 1889 2017 POSITA.
1919 1962 2071 2016 EST.
2104 2016 2111 2022 ,

1092 2049 1157 2115 ρ.
1200 2049 1263 2105 V.
1305 2052 1365 2105 Α.
1409 2052 1540 2105 LIII.
1582 2054 1669 2107 ET
1714 2054 1868 2108 DIES
1908 2054 1969 2107 V.

763 2142 1003 2195 Veterem
1025 2155 1239 2210 quoque
1263 2140 1361 2197 SS.
1392 2142 1658 2214 Hippolyti
1686 2155 1739 2200 et
1767 2144 1963 2199 Jiistini
2002 2147 2303 2215 inscriptio-

761 2248 905 2295 nem,
937 2246 1045 2284 una
1072 2246 1195 2284 cum
1228 2233 1400 2287 sacris
1450 2249 1638 2289 eorum
1681 2236 1891 2290 exuviis
1948 2236 2315 2305 Septcmpedm

763 2326 818 2377 in
851 2322 1071 2389 Piceno,
1086 2324 1141 2378 in
1163 2324 1399 2379 ecclesia
1423 2341 1530 2379 non
1563 2327 1813 2395 ignobilis
1841 2328 1969 2381 olim
1998 2329 2312 2382 monasterii

764 2416 819 2467 ὃ.
864 2412 1139 2470 Laurentii
1176 2416 1243 2469 de
1272 2415 1482 2469 Doliolo
1510 2418 1779 2470 inventam
1804 2458 1818 2481 ,
1847 2418 2003 2473 nobis
2034 2418 2315 2471 liunianis-

762 2506 896 2560 sime
934 2507 1351 2561 communicavit
1405 2508 1650 2562 eruditus
1684 2508 2008 2563 Octavianus
2049 2508 2311 2563 Gentilius

762 2597 1021 2651 Patricius
1078 2597 1573 2667 Septeinpedanus,
1626 2600 1720 2667 qui
1760 2613 1879 2653 eam
1928 2614 1993 2653 ex
2060 2600 2311 2669 plumbeo

762 2690 1092 2758 autngrapho
1143 2690 1551 2759 diligentissime
1609 2690 2012 2758 exprimendam
2072 2693 2309 2753 curavit,

760 2794 987 2848 eamque
1012 2779 1097 2832 liic
1123 2780 1325 2833 lectoru
1338 2794 1381 2831 ai
1418 2780 1591 2833 oculis
1622 2779 1956 2848 subjicimus.

1394 2867 1503 2921 HIC
1542 2868 1679 2933 REQ

1436 2958 1634 3013 .V'IESC

1410 3050 1544 3103 VNT
1580 3051 1667 3106 (ΞΟ

1386 3140 1611 3193 RPOIiA
1643 3141 1680 3194 S

1390 3216 1623 3282 CURVM
1664 3228 1683 3281 Ι

1369 3317 1615 3373 POLYTI
1653 3318 1683 3371 Ε

1380 3407 1423 3461 Τ
1462 3407 1688 3463 IVSTIN

768 3590 847 3645 Ex
875 3588 960 3643 liis
986 3597 1063 3643 tot
1085 3589 1353 3659 tantisque
1384 3601 1622 3643 veterum
1650 3589 1974 3656 scriptorum
1998 3586 2318 3642 testimoniis

771 3696 833 3735 ac
877 3681 1249 3735 remotissimae
1295 3681 1632 3749 antiquitatis
1672 3680 2073 3746 monumentis,
2113 3680 2317 3747 Hippo-

772 3756 937 3835 Iytum
962 3766 1179 3819 militem
1205 3766 1480 3819 Laurcn‘tii
1514 3770 1719 3821 socium
1745 3770 2038 3833 exstitisse,
2059 3784 2321 3836 sacraque

771 3858 941 3925 ipsius
970 3859 1189 3925 pignora
1229 3858 1282 3910 in
1322 3855 1466 3912 Urbe
1494 3862 1755 3913 asservari
1788 3862 1944 3930 plane
1985 3877 2047 3915 ac
2072 3859 2322 3913 distincte

773 3965 869 4001 nos
924 3948 1182 4017 probasse
1226 3948 1569 4003 confidimus.
1623 3950 1814 4005 Verum
1852 3960 2023 4021 pauca
2076 3952 2321 4021 quaedam

771 4041 947 4095 adhuc
976 4041 1310 4094 discutienda
1351 4052 1638 4109 supersunt
1664 4086 1677 4107 ,
1730 4054 1787 4096 ut
1816 4057 2006 4097 omnes
2037 4044 2320 4097 dubitandi

772 4134 1005 4185 rationes
1039 4133 1296 4185 radicitus
1328 4132 1691 4185 convellamus
1713 4173 1727 4195 ,
1781 4150 1847 4185 ne
1890 4134 2027 4188 forte
2062 4150 2312 4189 morosus

762 4224 1035 4289 quispiam
1068 4232 1320 4292 exsurgat
1369 4223 1611 4286 criticus,
1639 4224 1731 4291 qui
1766 4225 2019 4292 neglectis
2050 4236 2127 4279 tot
2160 4242 2321 4296 argu—

774 4314 986 4377 mentis,
1004 4314 1197 4379 quibus
1225 4316 1470 4368 lectorem
1498 4311 1663 4367 ferme
1688 4312 2051 4379 oneravimus,
2080 4324 2319 4367 veterum

2405 610 2669 663 berrimos
2698 607 2945 661 Ecclesia:
2971 606 3179 668 Patres,
3214 604 3559 657 Ambrosium
3594 605 3706 673 (25)
3741 619 3945 673 nempe,

2404 701 2765 770 Augustinum
2797 696 2945 766 (26),
2974 694 3327 750 Prudentium
3361 694 3507 763 (27),
3542 693 3763 748 Petrum
3792 694 3955 765 Chry-

2404 794 2648 861 sologum
2682 790 2827 859 (28),
2876 790 3109 843 Leonem
3147 787 3291 857 (29),
3327 787 3617 843 Maximum
3661 786 3954 844 Taurinen-

2404 900 2515 938 sem
2554 884 2685 953 (50),
2716 884 2807 951 qui
2841 880 3189 934 Laurentium
3228 892 3514 949 martyrem
3561 880 3779 933 eximiis
3803 895 3957 933 orna-

2406 983 2531 1027 runt
2563 972 2854 1034 encomiis,
2904 987 2967 1024 ac
3002 971 3294 1039 gloriosum
3341 970 3484 1023 illius
3527 962 3800 1023 certamen
3844 984 3955 1037 gra-

2407 1067 2562 1134 pliice
2600 1058 3035 1133 descripserunt,
3094 1061 3295 1115 nullam
3345 1061 3411 1114 de
3466 1060 3752 1130 Hippolyto
3798 1060 3960 1113 milite

2408 1158 2553 1211 illius
2600 1157 2749 1210 socio
2793 1156 3119 1209 mentionem
3155 1153 3365 1207 fecisse.
3416 1149 3736 1220 Huiusmodi
3786 1159 3958 1204 tamen

2407 1248 2701 1310 silentium,
2731 1262 2854 1300 cum
2886 1246 3057 1300 solam
3084 1257 3231 1299 mere
3252 1243 3497 1312 negantis
3531 1242 3834 1311 argumenti
3860 1243 3960 1294 vim

2409 1337 2685 1401 obtineat,
2733 1332 3050 1390 Venerandis
3096 1334 3203 1399 illis
3237 1346 3409 1389 sacra:
3450 1333 3729 1386 vetustatis
3772 1348 3962 1384 moun-

2410 1428 2629 1491 mentis,
2669 1442 2789 1495 qua:
2820 1426 3078 1479 hactenus
3113 1424 3506 1495 recensuimus,
3540 1437 3700 1475 nemo
3730 1422 3962 1490 prudens

2411 1518 2847 1587 anteponendum
2879 1516 3136 1571 censebit.
3171 1514 3236 1569 Et
3279 1530 3409 1571 sane
3453 1513 3498 1568 si
3541 1522 3690 1567 tanta
3720 1512 3849 1566 huic
3883 1528 3964 1565 ar-

2412 1596 2664 1678 gumento
2692 1608 2893 1662 inesset
2920 1607 3242 1669 auctoritas,
3267 1616 3326 1658 ut
3352 1604 3675 1673 posthabitis
3710 1611 3789 1656 tot
3818 1617 3967 1670 egre—

2414 1701 2515 1769 giis
2550 1710 2784 1754 veterum
2815 1698 3160 1763 testimoniis,
3190 1696 3301 1751 sola
3337 1696 3507 1765 ipsius
3531 1696 3732 1748 virtute
3764 1692 3962 1761 Hippo-

2416 1792 2557 1863 lytus
2612 1789 2886 1844 Laurentii
2935 1788 3116 1844 socius
3179 1802 3212 1841 e
3289 1802 3445 1863 sacro
3497 1795 3794 1855 martyrum
3850 1783 3970 1835 albo

2344 1879 2385 1933 Il
2415 1860 2673 1935 delendus
2717 1887 2892 1943 esset,
2949 1876 3191 1946 profecto
3244 1886 3298 1929 et
3325 1860 3393 1930 S.
3429 1876 3781 1939 Laurentium
3831 1874 3973 1928 illius

2419 1973 2734 2040 magistrum
2775 1972 2829 2024 in
2875 1970 3015 2023 idem
3066 1969 3179 2022 tere
3223 1967 3513 2021 discrimen
3555 1966 3967 2020 adduceremus.

2414 2063 2624 2119 Etenim
2657 2061 2715 2115 S.
2743 2060 3046 2130 Cyprianus
3081 2058 3222 2129 (3t),
3254 2058 3377 2126 qui,
3416 2067 3473 2111 ut
3513 2050 3969 2115 onmes'norunt,

2414 2154 2713 2209 beatissimi
2761 2138 3032 2221 pontiﬁcis
3077 2148 3217 2203 Xisti
3274 2149 3591 2218 martyrium
3644 2146 3968 2215 descripsit,

2414 2247 2592 2313 ipsum
2623 2258 2746 2297 cum
2777 2240 2894 2293 solo
2917 2238 3118 2302 Quarto
3148 2239 3200 2291 in
3224 2239 3513 2291 cmmeteri‘o
3544 2237 3970 2290 animadversum

2414 2331 2638 2393 scribit,
2692 2343 2792 2383 nec
2845 2327 3232 2391 Laurentium,
3282 2326 3665 2395 Hippolytum,
3729 2326 3974 2392 aliosque

2413 2431 2677 2490 martyres
2722 2418 2994 2479 nominat,
3026 2430 3164 2486 quos
3218 2413 3971 2483 sanctissimuiii-pontilieem

2413 2512 2466 2566 in
2495 2510 2738 2581 martyrii
2767 2508 3059 2563 certamine
3095 2507 3418 2561 subsecutos
3450 2506 3723 2561 novimus.
3765 2503 3965 2559 Verum

2412 2604 2467 2657 in
2502 2612 2652 2656 tanta
2686 2601 2994 2655 criticorum
3046 2598 3204 2652 turba
3228 2638 3243 2663 ,
3283 2612 3423 2665 quos
3469 2606 3653 2650 nostra
3696 2611 3763 2649 ac
3816 2610 3974 2664 supe-

2412 2695 2523 2746 rior
2557 2692 2677 2746 tulit
2719 2701 2880 2753 aetas,
2925 2687 3191 2741 neminem
3232 2686 3530 2755 reperimus
3566 2682 3659 2750 qui
3696 2682 3974 2736 levissimo

2410 2782 2515 2835 hoc
2580 2777 2882 2847 argumenti
2950 2790 3145 2845 genere
3223 2775 3287 2828 de
3352 2772 3711 2826 celeberrimo
3773 2771 3975 2825 Christi

2410 2881 2646 2940 martyre
2679 2870 2929 2925 dubitare
2956 2882 3122 2921 ausus
3147 2866 3236 2933 sit,
3266 2873 3459 2934 printer
3484 2861 3567 2917 ιο.
3594 2863 3809 2916 Tellum
3842 2863 3972 2932 (52),

2409 2963 2500 3031 qui
2554 2974 2695 3014 caeco
2750 2958 2983 3027 quodam
3038 2956 3218 3009 furore
3281 2956 3535 3024 abreptus
3576 2970 3676 3018 ea,
3739 2970 3867 3023 qua:
3913 2956 3974 3007 de

2411 3051 2469 3106 S.
2528 3050 2803 3104 Laurentii
2864 3063 2927 3102 ac
2983 3046 3251 3115 Hippolyti
3314 3048 3570 3117 martyrio
3644 3057 3979 3120 narrantur,

2416 3145 2469 3195 in
2528 3142 2749 3197 dubium
2791 3154 2984 3193 vocare
3040 3138 3183 3191 baud
3236 3149 3321 3192 est.
3380 3141 3604 3203 veritus,
3658 3139 3822 3207 quasi
3865 3139 3974 3207 ipsa

2344 3213 2385 3269 ο
2420 3245 2686 3287 auctorem
2739 3232 2965 3301 aliquem
3017 3230 3407 3300 Martyrologiis
3467 3231 3691 3300 vulgatis
3754 3232 3865 3299 ﬁde
3898 3232 3980 3283 di-

2415 3321 2644 3388 gniorem
2665 3322 2977 3379 desiderent.
3048 3321 3246 3375 Eadem
3277 3322 3475 3383 etiam,
3510 3336 3571 3375 ac
3595 3320 3807 3375 Tellum
3831 3360 3847 3384 ,
3896 3320 3976 3372 in-

2422 3417 2571 3469 sauia
2624 3414 2912 3469 Henricum
2968 3414 3295 3467 Dodwelliiin
3342 3414 3454 3480 (3’5)
3495 3412 3750 3482 ﬂagrasse
3801 3411 3980 3479 suspi-

2422 3518 2638 3568 camur;
2664 3504 2788 3557 dum
2820 3503 2963 3556 enim
2994 3510 3257 3571 martyres
3298 3500 3400 3554 sub
3455 3498 3744 3553 Valeriano
3784 3513 3978 3569 passos

2425 3604 2694 3656 numerat,
2728 3592 2941 3645 Xistum
2969 3592 3232 3653 nominat,
3270 3606 3332 3644 ac
3367 3589 3719 3659 Laurentium
3751 3592 3976 3645 omnino

2426 3685 2634 3737 reticet.
2662 3684 2731 3736 At
2772 3682 2982 3735 Tellum
3034 3697 3213 3736 meras
3259 3696 3429 3749 nugas
3472 3674 3647 3749 egisse
3675 3696 3843 3747 nemo
3890 3682 3979 3734 ibit

2428 3775 2655 3828 inﬁcias.
2703 3773 2837 3838 Quis
2874 3772 3016 3826 enim
3061 3770 3391 3824 celeberrimi
3414 3771 3665 3840 martyris
3690 3785 3779 3825 res
3806 3780 3981 3841 gestas

2429 3868 2544 3925 solo
2573 3865 2775 3919 Adonis
2798 3863 3134 3931 aliorumque
3156 3862 3636 3931 martyrologorum
3672 3862 3982 3917 testimonio

2430 3958 2526 4011 niti
2551 3953 2893 4010 autumabit?
2939 3952 3126 4008 Nonne
3172 3952 3381 4022 egregia
3421 3952 3511 4005 illa
3564 3949 3813 4018 Patrum,
3866 3968 3980 4021 quae

2431 4049 2679 4118 superius
2712 4046 3073 4110 laudavimus,
3111 4042 3441 4107 testimonia,
3490 4041 3753 4097 illustrem
3781 4042 3979 4096 Christi

2428 4141 2642 4191 heroem
2671 4138 2739 4191 ab
2770 4136 2976 4190 insanis
3018 4133 3154 4189 Telli
3214 4132 3540 4187 commentis
3586 4131 3979 4208 vindicabunt?

2434 4228 2805 4284 Vetustissima
2835 4239 3049 4295 quoque
3097 4226 3339 4278 omnium
3389 4223 3627 4293 gentium
3670 4221 3979 4293 Martyrolo-

2429 4320 2533 4388 gia,
2574 4336 2690 4388 quae
2714 4319 2958 4372 Adonem
2986 4318 3145 4387 longo
3168 4318 3486 4370 szeculorum
3543 4317 3826 4371 intervallo
3847 4332 3979 4385 pne-

772 4408 1126 4470 quorumdam
1179 4404 1394 4458 Patrum
1424 4407 1490 4459 de
1530 4404 1815 4474 Hippolyto
1851 4404 2120 4456 silentium
2176 4406 2319 4471 gravi
2358 4407 2400 4461 D
2428 4417 2729 4473 cesserunt,
2766 4423 2945 4461 nonne
2987 4402 3350 4460 Oxonicnsem
3401 4405 3648 4460 criticum
3688 4408 3977 4477 praecipitis

846 4581 953 4647 (2i)
979 4581 1093 4633 Act.
1123 4580 1219 4633 SS.
1251 4580 1335 4647 die
1364 4596 1436 4632 aii
1466 4581 1791 4642 Febr..tom.
1826 4579 1865 4633 II
1902 4580 2105 4634 mensis
2132 4580 2315 4642 Febr.,

772 4638 891 4718 pag.
928 4638 1029 4703 ὅδὲ
1063 4652 1189 4703 edit.
1229 4638 1436 4702 Vt’iictze
1472 4665 1558 4701 aii.
1594 4638 1749 4703 1755.

841 4723 949 4841 (ἐξ)
980 4722 1130 4841 Apes
1158 4722 1378 4787 Ariugli.
1410 4720 1557 4770 Rom.
1585 4721 1901 4783 saburram,
1920 4730 2055 4773 tom.
2081 4718 2143 4782 II,
2178 4719 2214 4772 I.
2245 4736 2317 4782 iv,

926 4828 940 4841 .
976 4806 1025 4841 υ.
1135 4830 1147 4841 .

775 4790 940 4849 «5.18.
976 4806 1025 4849 p.
1060 4794 1147 4842 b'U.

846 4806 957 4926 (1255.)
976 4806 1147 4926 ΡᾸρἺιυιί
1194 4857 1416 4912 Boldetti
1453 4857 1810 4913 Osservationi'
1856 4873 2009 4924 sopra
2046 4857 2062 4907 ἱ
2094 4857 2319 4909 cimiten

776 4924 1181 4996 ιιι-Βζηιαὶνιινί,
1207 4930 1299 4985 lib.
1337 4946 1393 4989 ιι,
1430 4947 1477 4982 e.
1516 4931 1599 4985 18.
1632 4944 1683 4996 p.
1722 4927 1826 4980 554
1858 4929 1985 4978 edit.
2016 4927 2107 4976 cit.

845 4994 956 5064 (24)
990 4998 1141 5063 Αρυά
1172 4996 1403 5063 VigtmL.
1441 4994 1687 5064 Inscript.
1719 4996 1919 5051 ιείεει..
1954 5010 2076 5061 pag.
2107 4994 2228 5044 3'29.

846 5062 956 5133 (25)
997 5062 1113 5117 Lib.
1147 5082 1161 5118 ι
1210 5062 1281 5117 De
1309 5069 1483 5133 ofﬁciis
1517 5062 1898 5129 iniiii'atrorum,
1931 5084 1977 5117 e.
2009 5064 2159 5133 41,γῇ
2193 5064 2317 5117 2N.

816 5170 827 5182 .
866 5131 969 5191 54,
1015 5142 1141 5185 tom.
1189 5135 1233 5185 II
1274 5131 1432 5194 Uber.
1484 5138 1611 5189 edit.
1673 5136 1862 5189 Paris.
1913 5152 2005 5187 an.
2054 5132 2219 5194 1690,
2268 5146 2320 5185 et

797 5200 868 5251 ib.
904 5215 960 5261 ii,
988 5214 1040 5266 p.
1076 5203 1195 5265 105,
1229 5221 1276 5256 c.
1310 5200 1396 5256 28.

845 5267 1170 5342 (96)_Sertn.
1207 5274 1307 5326 30:).
1334 5284 1385 5325 et
1412 5289 1589 5341 seqq.,
1620 5289 1741 5342 pag.
1771 5273 1893 5338 855,
1927 5284 2057 5326 tom.
2090 5271 2128 5321 γ
2158 5272 2315 5339 Oper.

773 5338 1027 5409 edit.__cit.
1064 5339 1449 5409 Antwerpiens.

846 5406 956 5474 (27)
994 5409 1131 5485 ῌερὶ
1167 5406 1494 5477 ores—parur,
1544 5413 1688 5479 Itym.
1734 5411 1797 5474 2,
1834 5427 1884 5477 p.
1933 5412 1999 5463 9‘.)
2029 5411 2156 5463 edit.
2210 5414 2317 5461 Ati—

772 5484 963 5529 twern.
980 5484 1070 5528 cit.

843 5492 963 5549 ‘ei'p.
980 5492 1070 5528 eit.

843 5547 954 5615 (28)
1000 5548 1174 5599 Serm.
1204 5546 1323 5607 I55,

848 5614 957 5685 (39)
1000 5619 1172 5669 Serm.
1210 5617 1298 5676 85,
1330 5614 1379 5683 μί.
1411 5620 1532 5681 557,
1564 5629 1691 5669 toni.
1722 5617 1737 5667 I
1774 5616 1932 5683 Oper.
1963 5620 2087 5670 edit.
2124 5618 2309 5669 Venet.

777 5684 911 5738 1755
926 5684 945 5748 ,ί
965 5686 1277 5739 curantibus
1309 5686 1466 5740 Petro
1490 5700 1541 5741 et
1576 5690 1901 5753 Hieronymo
1933 5687 2183 5742 fratribus
2209 5688 2310 5739 15a-

777 5756 975 5819 leiinis,
1000 5758 1149 5823 juxta
1179 5757 1445 5820 Quesnclli
1477 5761 1605 5814 edit.
1639 5774 1802 5811 serui.
1838 5757 1923 5809 ὃὸ.

1356 5564 1406 5615 p.
1436 5549 1535 5603 198
1561 5549 1687 5601 edit.
1720 5546 1897 5601 Venet.
1928 5566 2013 5602 au.
2051 5548 2205 5602 1750.

2494 4582 2605 4651 (30)
2645 4580 2842 4660 Homil.
2874 4581 2939 4634 de
2969 4581 3188 4660 sanctis,
3232 4590 3363 4634 tom.
3390 4580 3433 4663 Il
3457 4623 3471 4645 ,
3506 4581 3605 4647 Ill,
3633 4597 3757 4702 pag.
3788 4581 3889 4659 25]
3923 4589 3973 4632 et

2494 4669 2575 4702 ](ι.
2630 4652 2759 4702 edit.
2810 4649 3086 4702 Ravnaudi
3113 4688 3127 4702 .
3168 4668 3288 4702 dum
3314 4661 3513 4702 pariter
3542 4662 3668 4702 sunt
3730 4658 3973 4702 eseriotai

2423 4649 2595 4731 seqq.
2630 4652 2759 4729 edit.
2810 4649 3086 4730 Ilaynaudi
3113 4688 3127 4711 ,
3168 4668 3288 4732 qua;
3314 4654 3513 4719 pariter
3542 4649 3668 4732 sunt
3694 4649 3976 4725 descriptas

2422 4738 2473 4773 iii
2507 4723 2641 4774 libro
2672 4735 2759 4774 cui
2788 4723 2973 4772 titulus
3008 4737 3020 4770 :
3056 4718 3302 4773 Memoria
3329 4722 3469 4775 della
3514 4731 3640 4782 vita,
3671 4719 3756 4771 del
3789 4728 3972 4769 murti-

2422 4792 2521 4855 ri'o,
2553 4790 2905 4854 de'miracoli',
2929 4788 3011 4840 del
3044 4790 3198 4852 collo,
3228 4800 3355 4852 etc.,
3391 4793 3447 4844 di
3476 4790 3531 4844 S.
3560 4788 3796 4841 Lorenzo
3832 4802 3970 4838 imir-

2420 4866 2520 4913 ti‘re
2547 4860 2827 4943 ἐξέξαάὶηο
2867 4858 3131 4925 Romanu,
3177 4875 3232 4927 p.
3280 4859 3346 4912 70
3376 4870 3429 4915 et
3469 4874 3620 4927 seqq.
3650 4858 3781 4911 edit.
3814 4855 3969 4909 Rom.

2421 4929 2736 5067 “(gifgp
2771 4996 2841 5050 80
2872 4996 3137 5051 Successo
3172 4996 3346 5061 fratri,
3383 5013 3437 5067 p.
3466 4990 3571 5050 553
3602 4994 3729 5047 edit.
3758 4998 3969 5050 Δωδω-

2421 5068 2618 5203 ιοιέέὲ)
2652 5077 2874 5188 ῗιιιιήινι.
2926 5135 2992 5187 ad
3023 5134 3263 5189 eamdem
3312 5133 3407 5203 Ep.
3445 5148 3500 5202 p.
3539 5132 3663 5195 555,
3712 5132 3804 5185 ubi
3860 5134 3969 5188 hac

2422 5207 2609 5257 scribit
2650 5220 2798 5255 num.
2850 5205 2917 5257 5:
2951 5224 2967 5254 ι
3001 5206 3131 5267 Quae
3182 5207 3247 5257 de
3278 5204 3441 5261 Felici
3469 5203 3728 5269 Agasseto
3750 5244 3764 5263 ,
3800 5204 3993 5257 Dona-'

2422 5286 2599 5337 tiano,
2655 5274 2945 5337 Faustino,
2990 5276 3279 5337 Quatrato,
3329 5272 3659 5334 Laurentio,
3717 5271 3963 5340 Epolito,

2421 5346 2548 5395 Al'ra
2576 5382 2590 5404 ,
2620 5351 2671 5394 et
2719 5344 2976 5397 militibus
3008 5343 3109 5395 165
3144 5343 3267 5394 addi
3317 5342 3525 5401 solent,
3564 5352 3843 5393 auctorem
3876 5341 3969 5394 ali-

2407 5428 2578 5481 quem
2628 5412 3019 5482 \lartyrologiis
3069 5412 3293 5479 vulgatis
3338 5410 3440 5463 ﬁde
3494 5410 3795 5476 dignioseiii
3831 5412 3969 5463 desi-

2424 5491 2867 5625 Jciggidlissert.
2900 5550 3253 5625 Cypriaiiicze,
3286 5546 3419 5625 diss.
3464 5548 3551 5625 II,
3588 5550 3667 5625 ρε
3708 5558 3969 5625 paulula.

2422 5614 2729 5744 gizarlyruitilt,
2819 5622 2907 5684 60,
2946 5614 3011 5672 ad
3039 5619 3239 5673 calcem
3281 5614 3437 5686 Oper.
3477 5616 3537 5672 ὃ.
3590 5614 3870 5689 Cypriani,
3917 5632 3967 5685 p.

2444 5694 2449 5707 '
2514 5702 2601 5746 Cit.
2637 5708 2665 5743 θ
2708 5701 2761 5743 ιι.
