4078 6348
778 476 886 535 463

1541 476 1635 536 DE
1666 476 2056 537 POHTUENSI
2095 480 2151 535 S.
2194 480 2549 540 HIPPOLYTI
2588 480 2779 538 SEDE.
2802 503 2889 523 '-—
2926 481 3105 536 PARS
3142 481 3182 535 I.

3874 484 3962 538 661

778 607 875 649 cas
906 593 1357 664 Dacber'ius"(‘5i),
1386 591 1713 650 Edmundus
1732 594 1978 650 .Martene
2006 597 2143 667 (55),
2164 607 2326 667 atque
2355 601 2399 657 Α
2427 597 2613 666 gister,
2641 596 2798 665 cujus
2829 596 3035 665 glossas
3070 595 3236 650 edidit
3257 595 3519 649 Weilzius
3561 595 3694 665 (58).
3729 594 3965 651 Secundo

778 685 1023 740 omnium
1055 686 1499 741 accuratissimus
1533 685 1618 741 Io.
1653 685 1808 755 Bapt.
1836 687 2078 742 Solerius
2107 688 2241 757 (56),
2276 689 2328 741 in

779 774 1093 846 pretatione
1109 776 1175 830 ad
1204 791 1398 830 novam
1421 775 1799 847 .Hartyrologii
1828 775 2118 834 Usuardiui
2146 778 2332 833 editio;

780 882 926 932 nem,
956 866 1176 936 aliique.
1210 865 1367 923 Hunc
1389 866 1729 939 Hippolytum
1762 867 2113 923 Antiochena
2143 868 2327 923 Eccle-

777 958 873 1013 sia:
909 958 1277 1028 presbyterum
1308 957 1475 1013 fuisse
1504 967 1663 1028 atque
1691 956 1985 1012 Horatiana
2012 958 2132 1013 labe
2153 959 2330 1029 inqui-

775 1060 985 1113 natum,
1008 1065 1183 1118 eaque
1235 1049 1574 1119 postmodum
1625 1049 1855 1118 ejurata.
1905 1049 2329 1119 gloriosumpro

772 1140 995 1195 Christo
1020 1140 1333 1210 martyrium
1389 1151 1797 1194 consummasse
1821 1139 2017 1194 docent
2040 1138 2328 1206 Notkerus,
2384 1156 2387 1159 ‘

774 1232 912 1295 Ado,
940 1230 1242 1293 Usuardus,
1268 1245 1500 1301 quorum
1526 1230 1829 1286 testimonia
1858 1229 2109 1301 superius
2136 1233 2328 1287 recita-

774 1325 972 1377 vimus.
1025 1321 1354 1376 Tillemontii
1396 1336 1461 1375 ac
1498 1318 1693 1375 Solerii
1738 1319 2098 1390 conjecturas,
2131 1323 2327 1391 quibus

774 1413 1117 1485 Hippolytum
1149 1414 1315 1477 hunc,
1356 1420 1417 1472 ut
1444 1411 1651 1477 dicunt,
1699 1413 2067 1483 presbyterum
2119 1428 2185 1467 ex
2214 1414 2324 1467 Au-

773 1507 1023 1560 tioehena
1052 1504 1290 1559 Ecclesia
1345 1503 1397 1556 in
1452 1503 1749 1558 Romanam
1807 1502 2105 1582 transferre
2145 1505 2327 1559 volue-

772 1608 919 1661 runt,
943 1596 1052 1664 jam
1097 1596 1346 1666 superius
1395 1611 1547 1649 num.
1608 1596 1675 1650 15
1750 1610 1851 1649 nos
1887 1595 2110 1651 diluisse
2156 1598 2328 1651 conli-

772 1688 971 1743 dimus.

770 1797 956 1853 XVIII.
996 1794 1219 1850 Joannis
1279 1795 1424 1849 Pinii
1472 1797 1534 1849 de
1572 1794 1865 1867 Hippolyti
1909 1794 2112 1849 luntqu
2155 1798 2327 1867 conje-

1317 1877 1467 1918 ctura
1498 1865 1779 1933 refellitur.
2226 1874 2227 1881 ‘

840 1981 1181 2051 Hippolytum
1234 1979 1547 2047 episcopum
1607 1984 1662 2033 et
1694 1966 1985 2049 martyrem
2024 1980 2319 2045 exstitisse,

769 2086 929 2125 nemo
960 2081 1043 2125 est
1065 2070 1157 2139 qui
1183 2068 1407 2135 nesciat,
1434 2084 1667 2137 eumque
1712 2064 2015 2126 Prudentia
2042 2070 2317 2124 laudatum

766 2178 834 2217 ex
860 2163 947 2227 iis,
981 2177 1100 2231 qua».
1132 2162 1389 2214 hactenus
1432 2160 1690 2223 diximus,
1722 2160 1854 2215 satis
1888 2170 2138 2214 constare
2164 2169 2318 2230 puta-

773 2273 914 2311 unus.
942 2255 1282 2325 Quapropter
1337 2255 1841 2325 prastantissimum
1902 2265 2136 2323 poetam,
2188 2252 2317 2306 dum

769 2349 919 2401 illius
939 2348 1143 2401 cecinit
1167 2356 1338 2417 gesta,
1370 2346 1574 2413 aliquid
1620 2345 1841 2399 humani
1894 2359 2116 2419 passum
2152 2341 2320 2396 fuisse

673 2456 683 2467 κ
766 2440 952 2514 docuit
980 2437 1264 2498 Baronius,
1288 2436 1790 2504 cujus'senteutiam
1824 2444 1901 2488 tot
1923 2442 2208 2501 tantosque
2238 2432 2318 2484 vi-

766 2546 859 2584 ros
886 2530 1143 2598 probasse
1197 2528 1450 2595 superius
1503 2527 1841 2578 monuimus.
1892 2522 2077 2593 Neque
2138 2538 2236 2577 nos
2266 2524 2318 2576 in

767 2621 1094 2676 contrariam
1130 2619 1278 2673 abite
1315 2635 1550 2687 unquam
1591 2618 1828 2687 impellet
1873 2614 2181 2686 nuperrima
2230 2612 2313 2667 lo.

769 2710 904 2765 Pinii
950 2711 1424 2783 (57)conjectura.
1472 2710 1588 2778 qui,
1644 2717 1931 2778 postquam
1974 2705 2313 2776 Hippolytum

766 2804 988 2858 militem
1023 2802 1536 2870 Laurentiisocium
1570 2800 1781 2870 egregie
1821 2798 2133 2863 vindicavit,
2182 2795 2318 2849 Prn-

763 2898 929 2951 dentii
961 2897 1123 2949 etiam
1155 2893 1520 2963 patrocinium
1569 2892 1827 2959 suscepit,
1856 2890 2141 2958 ipsumque
2170 2890 2317 2942 omni

763 2987 1101 3042 confusionis
1133 2985 1267 3038 vitio
1322 2984 1616 3036 immunem
1650 2981 1902 3036 asseruit.
1938 2980 2149 3035 Etenim
2182 2984 2318 3034 duos

762 3088 816 3131 ct
842 3080 956 3145 ipsc
988 3076 1300 3145 Hippolytos
1328 3088 1651 3143 agnoscens,
1674 3071 1897 3125 militem
1924 3069 2195 3124 Laurentii
2228 3084 2319 3123 so-

763 3176 907 3229 elnm
946 3174 1001 3226 in
1036 3187 1170 3241 agro
1193 3169 1411 3224 Verane
1445 3167 1715 3241 sepultum
1750 3166 1914 3229 dicit;
1942 3165 2314 3235 presbyterum

764 3278 894 3318 vero
918 3278 948 3315 a
968 3259 1263 3314 Prudentia
1289 3257 1565 3312 laudatum
1592 3256 1658 3311 ad
1687 3255 2001 3311 Tiberinum
2030 3256 2181 3309 urbis
2207 3262 2318 3308 tra-
2345 3284 2388 3342 ο

763 3362 934 3414 etum,
959 3366 1056 3407 seu
1098 3350 1182 3403 via
1208 3344 1465 3427 Ostiensi.
1528 3364 1549 3399 ι
1572 3345 1752 3401 Locus
1796 3361 1948 3416 ergo,
2002 3346 2196 3416 inquit,
2228 3356 2315 3400 seé

760 3444 993 3516 pulturze
1027 3440 1084 3494 S.
1139 3439 1407 3511 Hippolyti
1448 3439 1623 3494 nostri
1652 3439 1860 3493 videtur
1886 3450 2007 3491 esse
2046 3438 2204 3507 longe
2232 3438 2313 3491 di-

760 3549 956 3590 versus
981 3548 1013 3588 a
1040 3532 1157 3587 loco
1186 3540 1402 3602 cryptae,
1462 3531 1516 3584 in
1556 3544 1717 3601 quam
1776 3529 2075 3583 translatus
2110 3541 2313 3598 martyr

760 3638 1096 3697 synonymus
1115 3623 1315 3678 dicitur
1347 3622 1486 3691 apud
1514 3621 1884 3684 Prudentium,
1916 3620 2074 3687 cujus
2104 3618 2207 3673 loci
2235 3619 2312 3671 si-

759 3716 1260 3794 tumindividuum.
1294 3715 1500 3768 etiamsi
1550 3713 1622 3767 ab
1669 3713 1761 3773 illo
1811 3712 2150 3781 designatum
2204 3723 2311 3775 non

762 3797 1182 3877 legimus,un
1232 3817 1413 3860 tamen
1439 3806 1504 3871 ad
1546 3803 1857 3859 Tiberinum
1898 3803 2050 3857 urbis
2079 3809 2310 3855 tractum

763 3898 811 3951 is
866 3896 1064 3951 alicubi
1113 3895 1400 3974 exstiterit,
1452 3897 1791 3964 suspicamur
1819 3908 1885 3948 ex
1930 3894 2015 3949 bis
2067 3892 2309 3961 ejusdem

759 3996 935 4059 poeta:
961 3987 1139 4042 verbis
1164 4004 1177 4040 :

831 4101 1047 4156 Talibus
1080 4100 1351 4170 Hippolyti
1367 4114 1551 4169 corpus
1582 4097 1867 4170 mandatur
1889 4097 2100 4170 opertis,

900 4172 1121 4241 Propter
1152 4166 1241 4223 ubi
1268 4166 1507 4241 apposita
1530 4178 1604 4221 est
1631 4184 1725 4219 ara
1746 4167 1921 4241 dicata
1955 4166 2078 4219 Deo.

830 4240 938 4295 Illa
963 4238 1278 4293 sacramenti
1301 4238 1551 4292 danatrix
1577 4253 1770 4299 mensa,
1805 4238 2084 4305 eademque

896 4310 1222 4387 Custosﬁda
1244 4312 1329 4387 sui
1354 4308 1601 4386 martyris
1627 4307 1891 4387 apposita,

826 4377 1010 4433 Servat
1039 4374 1121 4432 ω’
1149 4380 1329 4433 merui
1356 4374 1512 4446 sperni
1541 4376 1737 4442 iudicis
1783 4392 1899 4446 ossa
1946 4374 2201 4445 sepulcro,

898 4448 1080 4504 Pascit
1106 4450 1239 4501 idem
1261 4445 1457 4502 sanctis
1486 4445 1777 4500 Tibricolas
1798 4445 2039 4513 dapibus.
2198 4468 2202 4473 λ

757 4565 827 4617 At
860 4564 1013 4627 longe
1044 4574 1141 4616 sua
1174 4562 1425 4631 opinione
1450 4559 1653 4613 fallitur
1679 4559 1761 4612 vir
1792 4557 2159 4611 doctissimus.
2191 4554 2309 4609 Pri-

2436 701 2558 740 mox
2591 686 2753 741 allata
2803 685 3076 741 Prudentii
3122 687 3361 741 carmina
3410 687 3721 741 interiorem
3767 687 3965 755 quidem

2433 778 2729 834 cameterii
2755 777 3059 844 ediculam,
3092 791 3529 847 aramquesuper
3557 776 3833 849 Hippolyti
3860 793 3967 831 cor-

2434 884 2536 937 pus
2558 878 2887 924 exstructam
2944 868 3275 930 describunt,
3317 868 3631 935 neutiquam
3665 884 3795 931 vero
3846 868 3969 924 illius

2434 962 2730 1015 ctenmterii
2758 962 2944 1025 situm,
2992 976 3153 1026 quem
3182 974 3313 1015 sane
3358 959 3707 1029 sequentibus
3733 960 3971 1015 camini-

2435 1052 2537 1105 bus
2565 1048 3251 1121 Prudentiumdesignasse
3282 1059 3527 1107 constat:

2508 1142 2665 1195 Haud
2699 1143 2883 1212 procul
2906 1154 3137 1197 extremo
3166 1142 3310 1197 culta
3338 1144 3407 1195 ad
3435 1143 3681 1209 pomaria
3708 1142 3853 1197 uallo

2575 1212 2758 1265 Mensa
2789 1213 3059 1266 latebrosis
3080 1224 3263 1282 crypta
3294 1222 3435 1282 patet
3457 1213 3639 1282 foveis.

2432 1300 2501 1356 Et
2541 1306 2728 1373 paucis
2752 1304 3051 1373 interjectis
3077 1322 3091 1357 :

2506 1414 2803 1479 Quamlibet
2830 1415 3081 1487 ancipites
3112 1423 3299 1487 terunt
3320 1414 3446 1467 hinc
3463 1413 3599 1487 inde
3623 1428 3856 1466 recessus

2574 1488 2733 1538 Arcta
2761 1492 2855 1538 sub
2890 1484 3147 1537 umbrosis
3167 1485 3306 1536 atria
3333 1484 3655 1551 porticibus;

2502 1554 2748 1607 Attamen
2771 1556 2935 1607 excisi
2954 1554 3129 1606 subter
3153 1570 3278 1611 cava
3305 1556 3503 1607 riscera
3536 1554 3730 1605 montis

2575 1623 2769 1678 Crebra
2801 1624 3056 1677 terebrato
3091 1624 3289 1691 fornice
3317 1621 3408 1675 lus:
3428 1632 3681 1691 penetrat.

2506 1693 2595 1748 Sic
2622 1693 2782 1745 datur
2813 1694 3039 1746 absentis
3072 1708 3163 1761 per
3183 1693 3520 1745 subterranea
3547 1692 3673 1744 salis

2572 1762 2792 1819 Cernere
2819 1763 3072 1832 fulgorem
3102 1761 3637 1829 luminibusque‘frui.

2433 1852 2529 1909 His
2557 1853 2774 1924 quidem
2804 1820 3140 1907 carminibus
3166 1820 3439 1904 Veratrum
3573 1820 3854 1919 Hippolyti
3881 1862 3984 1902 ca:-

2358 1944 2402 1999 B
2432 1946 2712 2000 meterium
2736 1960 2763 1998 a
2789 1942 3082 1999 Prudentio
3109 1942 3439 2010 descriptum
3472 1943 3719 1995 omnium
3749 1939 3983 2009 primum

2425 2035 2607 2088 docuit
2626 2032 2823 2101 Georg.
2857 2032 3137 2087 Fabricius
3168 2031 3437 2100 (59),dum
3470 2029 3684 2098 inquit:
3745 2046 3765 2079 ι
3790 2026 3985 2082 Intelli-

2426 2127 2503 2194 git
2530 2135 2769 2196 cryptam
2818 2123 3105 2179 Veraniam
3140 2124 3195 2177 in
3220 2124 3307 2176 via
3354 2121 3657 2185 Tiburtina,
3688 2136 3860 2192 quam
3897 2120 3987 2173 de-

2425 2218 2665 2273 scribit.»
2693 2216 3001 2271 Fabricium
3049 2214 3219 2270 secuti
3270 2222 3398 2267 sunt
3440 2212 3747 2268 doctissimi
3773 2213 3985 2275 viri,ac

2425 2323 2705 2362 sacrarum
2750 2306 2925 2364 Urbis
2949 2306 3332 2375 antiquitatum
3372 2304 3688 2373 peritissimi
3717 2302 3991 2357 Bai-anius

2427 2397 2562 2466 (60),
2596 2396 2790 2453 Bosius
2832 2396 2965 2465 (61),
3020 2395 3327 2450 Severanus
3356 2395 3491 2465 (62),
3525 2395 3829 2465 Aringbius
3853 2394 3987 2465 (63),

2425 2480 2680 2537 Boldetus
2724 2482 2862 2552 (64),
2895 2482 2989 2550 qui
3031 2483 3144 2537 hec
3174 2483 3359 2536 cadent
3418 2483 3646 2537 recitant
3702 2480 3991 2538 Prudentii

2424 2573 2683 2637 carmina,
2711 2574 2838 2627 dum
2868 2572 3140 2629 Y‘eranum
3189 2572 3251 2626 B.
3307 2573 3579 2646 Hippolyti
3606 2559 3989 2629 cmmeterium

2423 2664 2754 2718 describunt.
2784 2662 2850 2717 Et
2872 2678 3002 2719 sane
3030 2680 3153 2718 cum
3200 2663 3527 2721 Prudentius
3554 2665 3686 2719 illud
3714 2680 3833 2719 non
3875 2678 3990 2734 pro-

2423 2754 2512 2809 cul
2544 2755 2613 2808 ab
2636 2755 2785 2809 urbis
2807 2756 3110 2823 pomoeriis,
3135 2770 3200 2810 ac
3243 2756 3296 2809 in
3331 2765 3514 2810 monte
3542 2756 3705 2811 situm
3734 2756 3989 2820 afﬁrmet,

2426 2847 2538 2901 haec
2562 2848 2744 2901 omnia
2775 2863 2907 2919 agro
2937 2847 3152 2903 Verano
3187 2851 3431 2919 apprime
3482 2852 3861 2906 conveniunt:
3890 2848 3990 2905 Ve-

2423 2952 2591 2991 ratius
2617 2938 2883 3006 siquidem
2915 2952 3040 3007 ager
3062 2954 3169 2992 non
3199 2941 3387 3008 procul
3417 2941 3487 2995 ab
3505 2943 3654 2997 urbis
3679 2943 3992 3012 parnasi-iis,

2424 3043 2489 3083 ac
2517 3028 2570 3081 in
2596 3018 2779 3082 monte
2806 3030 2948 3083 situs
2966 3040 3071 3104 est,
3094 3037 3155 3083 ut
3190 3044 3378 3085 omnes
3406 3040 3623 3085 norunt.
3657 3030 3989 3099 Neutiquam

2422 3134 2552 3172 vero
2576 3118 2665 3174 ille
2688 3117 2923 3175 Ostiensi
2951 3121 3051 3174 vite
3083 3121 3392 3190 contiguus,
3439 3122 3532 3191 qui
3573 3122 3760 3191 potius
3784 3124 3843 3176 in
3875 3123 3993 3192 ριξ-

2424 3211 2609 3265 nitiem
2642 3212 2832 3282 vergit.
2858 3210 3198 3281 Quapropter
3226 3216 3278 3266 in
3302 3215 3675 3269 vetustissimo
3707 3215 3991 3284 epigram-

2421 3312 2586 3370 mate,
2608 3304 2751 3372 quod
2812 3305 2939 3357 olim
2973 3303 3124 3358 Galla
3170 3303 3406 3360 Placidia
3439 3305 3503 3362 B.
3555 3304 3844 3360 Laurentii
3900 3318 3990 3359 tu-

2420 3395 2569 3448 mulo
2598 3409 2627 3448 a
2657 3410 2714 3449 se
2738 3396 3041 3451 instaurata
3062 3397 3369 3466 inscripsit,
3403 3398 3519 3451 haec
3560 3397 3822 3467 leguntur
3846 3396 3994 3465 apud

2419 3485 2710 3539 Craterum
2742 3486 2877 3556 (65),
2898 3488 2993 3555 qui
3024 3488 3158 3542 illud
3207 3502 3272 3542 ex
3304 3473 3530 3557 antiquo
3553 3488 3744 3542 codice
3797 3488 3994 3543 biblio-

2420 3576 2593 3629 thecas
2620 3573 2881 3631 Palatina:
2904 3578 3142 3646 primum
3167 3578 3405 3648 vulgavit
3430 3596 3443 3631 :
3540 3640 3543 3645 η
3610 3576 3643 3599 ³

2492 3666 2661 3719 Eruta
2683 3668 2925 3735 planities
2952 3669 3124 3735 patuit
3151 3670 3245 3722 sub
3275 3680 3445 3722 monte
3474 3672 3660 3735 recisa,

2560 3735 2757 3805 Estque
2783 3746 2982 3791 remota
3009 3739 3155 3807 graui
3186 3739 3319 3792 mole
3346 3740 3501 3791 ruina
3531 3741 3734 3793 mittas.

2419 3820 2658 3880 Tandem
2692 3825 3019 3881 Prudentius
3046 3827 3392 3896 magniﬁcum
3418 3827 3687 3896 quoddam
3717 3828 3995 3900 templum

2420 3911 2690 3987 Hippolyti
2710 3918 3023 3972 cmmeterio
3071 3919 3432 3987 propinquum
3468 3920 3522 3971 in
3547 3919 3736 4004 eodem
3779 3919 3999 3989 hymno

2420 4005 2505 4059 his
2525 4008 2859 4061 carminibus
2882 4009 3137 4064 describit
3158 4027 3175 4064 :

2419 4118 2537 4189 Stat
2567 4118 2656 4172 sed
2668 4119 2826 4187 juxta
2860 4117 3027 4189 aliud,
3060 4117 3199 4189 quod
3223 4126 3375 4189 tanta
3403 4115 3693 4186 frequentia
3722 4117 3993 4186 templum

2496 4187 2638 4241 Tunc
2666 4190 2829 4240 adeat.
2849 4188 2992 4239 cultu
3021 4187 3193 4241 utibile
3226 4188 3433 4255 regiﬁco
3494 4198 3501 4199 '
3654 4254 3659 4255 ί
3708 4210 3711 4213 ·

2419 4256 2714 4310 Parietibus
2745 4256 2939 4310 celsum
2972 4254 3459 4325 sublimibus’atque
3487 4254 3722 4323 superbis

2490 4325 2770 4393 Majestate
2794 4337 2972 4395 potens
3006 4326 3401 4394 muneribusque
3424 4326 3657 4392 opulens.

2420 4394 2565 4465 Ordo
2600 4394 2959 4448 columnarum
2992 4397 3224 4465 geminus
3244 4396 3513 4465 laquearia
3545 4396 3666 4449 tecti

2486 4461 2743 4525 Sustinet,
2772 4466 2974 4518 auratis
2993 4461 3291 4533 suppositus
3312 4461 3567 4527 trabibus,
3586 4474 3692 4519 etc.
3782 4476 3785 4477 '

2418 4551 2513 4608 His
2548 4568 2680 4608 sane
2709 4555 3044 4609 carminibus
3086 4552 3350 4608 Veranam
3380 4553 3449 4608 S.
3474 4552 3754 4609 Laurentii
3788 4553 3995 4608 basili-

759 4670 909 4709 mum
950 4652 1215 4722 siquidem
1239 4668 1340 4705 vox
1374 4652 1463 4705 illa
1512 4649 1824 4713 Tibricolas,
1856 4663 1923 4701 ex
1973 4661 2079 4715 qua
2136 4649 2315 4715 conje-
2348 4625 2393 4683 θ
2418 4661 2535 4699 cam
2564 4644 2916 4699 Prudentium
2970 4641 3221 4703 laudasse
3273 4645 3671 4709 existimamus,
3701 4658 3813 4697 nam
3847 4657 4001 4697 vero

760 4758 927 4799 cturaa
954 4759 1065 4798 sua:
1093 4752 1201 4795 tota
1230 4744 1308 4796 vis
1335 4742 1549 4812 pendet,
1579 4742 1860 4794 universos
1889 4738 2060 4803 urbis,
2086 4753 2194 4791 non
2216 4755 2311 4791 au-

762 4846 866 4889 tem
900 4834 1157 4889 Tiberina:
1185 4835 1407 4903 regionis
1441 4834 1646 4887 incolas
1674 4832 1942 4900 designat,
1969 4838 2028 4883 ut
2052 4840 2190 4883 recte
2215 4844 2312 4882 nos

762 4924 945 4982 docuit
1000 4924 1410 4995 antiquissimus
1456 4924 1731 4979 Prudentii
1775 4923 2038 4991 interpres
2076 4921 2161 4975 Iso
2207 4935 2314 4974 ma-

832 5113 944 5188 (5i)
974 5120 1034 5171 lu
1072 5118 1275 5188 monito
1308 5117 1372 5169 ad
1410 5114 1682 5188 Murtyrcl.
1714 5113 2125 5188 S>._|lieronymi,
2166 5111 2313 5181 quod

761 5185 931 5243 edidit;
964 5198 1094 5240 tom.
1137 5187 1180 5239 II
1230 5186 1522 5255 Spicilegii,
1558 5202 1609 5253 p.
1642 5187 1669 5255 1
1700 5185 1955 5255 θιιίιηςίι.

838 5256 950 5322 (55)
993 5255 1195 5324 Voyaqe
1222 5252 1500 5318 littéruire,
1541 5252 1581 5307 ι.
1615 5252 1679 5315 II,
1712 5269 1763 5321 p.
1792 5252 1912 5306 198.
2037 5312 2050 5324 _,

836 5320 948 5393 (56)
974 5320 1099 5404 tiri.
1132 5320 1322 5445 (.52,
1360 5341 1410 5394 p.
1445 5325 1509 5377 15
1534 5336 1593 5401 _et
1626 5339 1803 5390 seqq,
1852 5326 1971 5375 Act.
2029 5320 2128 5375 SS.
2162 5337 2313 5375 men—

836 5392 1163 5445 LJIlnIIlOHI.
1249 5395 1285 5445 I.
1317 5412 1366 5445 ι).
1403 5396 1425 5445 1
1461 5393 1589 5445 edit.
1630 5390 1841 5445 Veneta:
1870 5406 1959 5445 an.
1993 5392 2149 5445 1745.

764 5390 1008 5449 εἰδᾌΙιιιιίἰ
1030 5390 1285 5463 toan)“,
1311 5390 1375 5463 pf
1403 5396 1425 5447 1
1461 5393 1589 5447 edit.
1630 5390 1841 5463 νυιιυιξε
1870 5406 1959 5445 an.
1993 5392 2149 5463 1745.

836 5463 949 5531 (57)
975 5463 1095 5516 Act.
1127 5459 1455 5519 SS..ménsis
1485 5466 1713 5531 August.
1743 5462 1826 5513 die
1856 5477 1971 5523 xm,
1996 5464 2075 5531 de,
2098 5462 2153 5531 S.
2182 5459 2313 5527 Hip-

764 5530 966 5653 polyto,
997 5532 1322 5612 Concordia,
1372 5545 1500 5596 cte.,
1532 5531 1829 5653 ΜΜηξειε.
1885 5531 1939 5594 8,
1971 5539 2011 5584 t.
2064 5530 2134 5586 Ill
2179 5530 2309 5585 edit.

811 5616 978 5653 cinctae
1006 5618 1131 5653 anni
1160 5601 1312 5653 i752.
1346 5600 1371 5653 Ε
1402 5602 1458 5653 2.
1487 5617 1636 5653 nunt.
1667 5602 1699 5653 2
1742 5639 1754 5653 .

811 5600 978 5655 cinctae
1006 5603 1131 5655 anni
1160 5601 1312 5661 I752.
1346 5600 1372 5671 ᾗ
1402 5602 1458 5667 2,
1487 5617 1636 5655 nunt.
1667 5600 1754 5654 29.

977 5671 1105 5742 Pag.
1138 5670 1262 5735 593,
1296 5670 1434 5725 vers.
1472 5672 1592 5725 170.

836 5740 947 5809 (59)
978 5740 1237 5809 i’l'lt'esaur.
1272 5749 1410 5803 poet.
1443 5742 1655 5805 Cirrata,
1686 5756 1741 5809 p.
1769 5740 1856 5793 69.

835 5808 1028 5874 (61))ln
1078 5822 1188 5863 not.
1245 5812 1309 5863 ad
1369 5810 1637 5881 Martyrol.
1687 5808 1772 5865 die
1830 5824 1923 5863 λιιι
1980 5810 2137 5882 Aug.
2190 5826 2307 5880 pag.

764 5876 870 5931 340
904 5880 997 5931 cit.
1018 5881 1142 5931 edit.

802 5880 870 5932 40
904 5880 997 5933 cit.
1018 5881 1142 5934 edit.

2414 4738 2693 4806 ipsiusmet
2730 4734 2998 4806 Hippolyti
3052 4733 3357 4800 ecclesiam,
3404 4734 3873 4803 quemadmodum
3909 4734 3995 4785 \ir

2412 4831 2479 4879 de
2510 4828 2680 4882 sacris
2706 4826 2900 4881 litteris
2925 4825 3125 4895 optime
3158 4825 3384 4879 meritus
3414 4825 3681 4887 Henricus
3714 4821 3991 4877 Valesius

2414 4916 2524 4984 (66)
2545 4907 2958 4971 crcdidit.’Hanc
2981 4916 3245 4984 siquidem
3276 4929 3381 4967 non
3400 4914 3574 4983 juxta,
3598 4914 3690 4971 sed
3710 4928 3888 4983 supra
3904 4946 3909 4949 ς
3925 4914 3994 4966 il-

2483 5114 2768 5184 (61)Rom.
2824 5123 3168 5178 sotterranea,
3216 5112 3310 5168 lib.
3361 5130 3444 5177 ιιι,
3480 5126 3600 5181 cap.
3634 5111 3818 5182 39,1).
3869 5114 3998 5168 399

2413 5187 2539 5240 edit.
2575 5184 2732 5238 Boni.
2764 5199 2855 5237 an.
2889 5185 3069 5239 1632..

2484 5253 2595 5324 (62)
2648 5253 2894 5324 Memoris
2929 5271 3075 5307 sacra
3104 5246 3237 5307 delle
3290 5262 3416 5306 sette
3452 5249 3636 5324 these
3671 5249 3728 5301 di
3754 5248 3990 5324 _Rt_msa,

2414 5317 2619 5443 totum},
2648 5339 2703 5391 p.
2736 5323 2860 5387 645,
2913 5325 3003 5376 ubi
3048 5324 3413 5378 caemeterium
3464 5318 3519 5371 S.
3566 5317 3851 5389 Hippolyti
3880 5322 4011 5373 tie—-

2414 5410 2516 5443 SC“
2606 5431 2618 5443 .
3504 5442 3508 5443 ,

2414 5395 2618 5448 scribit.
3504 5442 3509 5445 ,

2412 5461 2591 5590 3i(63)
2626 5459 2791 5581 Regia
2814 5458 3169 5523 subterranea,
3206 5458 3301 5512 Iib.
3347 5471 3424 5521 tv,
3473 5469 3592 5525 cap.
3623 5454 3712 5521 16,
3738 5464 3780 5511 t.
3817 5454 3891 5521 Il,
3921 5472 3987 5526 ρ.

2488 5574 2502 5590 ,
2529 5546 2681 5583 num.
2749 5567 2763 5581 .
3474 5545 3479 5549 η

2452 5533 2502 5594 1,
2529 5546 2681 5583 num.
2710 5533 2763 5581 5.
3474 5545 3479 5549 ’

2629 5598 2993 5681 Osservasioiti
3026 5596 3246 5681 sopran
3295 5595 3518 5681 cimiteri
3538 5597 3625 5662 de,
3648 5596 3791 5654 sorti
3818 5610 3989 5647 mar-

2415 5665 2523 5731 tiri,
2560 5665 2651 5721 lib.
2685 5684 2743 5734 ιι,
2774 5683 2893 5735 cap.
2928 5667 3017 5729 18,
3049 5682 3101 5734 p.
3135 5665 3236 5719 568
3267 5666 3394 5718 edit.
3418 5676 3509 5719 cit.

2484 5738 2596 5805 (65)
2630 5736 3000 5805 Inscriptiones
3032 5737 3278 5803 antiq'utz,
3312 5750 3451 5805 pag:
3478 5735 3636 5789 1173.
3726 5786 3731 5793 .

2482 5801 2591 5875 (66)
2617 5810 2670 5860 In
2702 5801 2814 5859 not.
2838 5806 2903 5857 ad
2922 5804 3127 5875 Euseb.
3154 5801 3235 5875 pe
3280 5801 3769 5866 vita—Constantini,
3799 5801 3837 5857 I.
3875 5812 3989 5875 tu,

2414 5896 2464 5931 ς.
2492 5873 2581 5943 '58,
2614 5893 2664 5945 p.
2699 5877 2801 5929 599
2851 5874 2978 5927 edit.
3017 5875 3107 5931 cit.
3140 5873 3496 5944 Cantabrigaa,
3525 5877 3617 5929 ubi
3672 5876 3787 5929 hsce
3839 5873 3936 5925 ait
3967 5890 3987 5925 :
