4078 6348
633 436 744 498 (79

1404 422 1920 503 υεῬοιιτιιΕΝδι
1960 449 2019 502 s.
2062 442 2419 501 HlPPOLYTl
2456 405 2653 498 sane.
2684 474 2753 485 -
2789 442 2969 498 psus
3006 440 3075 498 ιι.

3737 434 3853 491 ιω

632 559 739 615 est,
764 550 1042 621 epistolam
1084 553 1150 605 74
1182 551 1537 620 ejusdemmct
1590 552 1647 606 S.
1696 553 1880 608 Basilii
1932 556 2187 623 scriptam
2219 562 2259 616 Α
2292 544 2546 621 Eusebio,
2575 554 2632 609 S.
2666 553 3010 625 Hieronymo,
3043 554 3271 626 aliisque
3300 553 3537 623 antiquis
3570 553 3855 622 scriptori-

636 643 1032 708 tantummodo,
1069 657 1174 696 non
1208 658 1334 695 vero
1383 644 1602 698 missam
1652 641 1820 698 fuisse
1862 646 1993 711 (5i).
2042 644 2192 699 Peni-

636 734 901 790 tissimam
934 734 1075 788 hanc
1132 734 1376 789 notitiam
1426 733 1661 789 Jacobus
1692 735 2049 791 Contheltsius
2080 737 2190 807 ('52)

631 831 700 880 ex
733 823 1046 895 huiusmodi
1092 827 1236 880 n’otis
1265 825 1509 891 deduxit,
1546 840 1682 895 quas
1713 828 1765 880 in
1798 827 2037 897 antiquis
2072 829 2215 899 qnig

631 913 863 970 busdam
893 914 1169 971 codicibus
1216 925 1405 972 nactus
1446 927 1549 982 est,
1592 932 1793 987 easque
1838 918 1892 972 in
1944 919 2189 988 publicos

598 1048 601 1053 λ
628 1006 967 1061 eruditorum
1000 1023 1132 1063 usus
1161 1008 1419 1079 vulgavit.

634 1116 722 1173 Ill.
762 1109 935 1173 Variis
961 1137 1132 1174 rerum
1163 1121 1412 1243 exempli:
1442 1108 1745 1189 hujusmodi
1766 1124 2021 1177 sententia
2048 1116 2191 1177 robo-

1331 1207 1388 1243 ra
1418 1208 1502 1243 ur.

1331 1207 1502 1243 ratur.

697 1277 961 1345 Quisnam
989 1296 1055 1334 ex
1087 1280 1360 1335 veteribus
1388 1281 1574 1335 docuit
1608 1282 2056 1351 praestantissima
2092 1282 2188 1340 Se-

518 1382 521 1385 ‘
623 1369 760 1424 dulii
802 1380 1072 1440 poemata,
1108 1387 1229 1439 quae
1254 1372 1459 1427 diutius
1490 1372 1629 1427 inter
1654 1374 1883 1447 schedas
1917 1376 2189 1445 incompo-

625 1461 729 1515 sita
747 1462 1057 1531 iacuerunt,
1078 1479 1107 1517 a
1130 1463 1494 1518 TurcioRul‘o
1520 1465 1733 1519 Asterio
1762 1466 1971 1519 meliori
1997 1466 2188 1522 ordine

622 1550 795 1609 fuisse
826 1554 1035 1623 digesta
1084 1564 1138 1610 et
1186 1556 1240 1609 in
1286 1556 1459 1610 lucem
1497 1557 1739 1611 emissa?
1776 1556 2024 1613 Proiecto
2072 1560 2187 1613 hiBC

620 1644 756 1701 viris
783 1646 1115 1715 doctissimis
1161 1649 1480 1703 abscondita
1528 1648 1777 1711 fuissent,
1812 1652 1915 1705 nisi
1964 1652 2187 1719 antiqua

609 1723 773 1803 ’nota,
802 1752 923 1807 quae
954 1740 1007 1792 in
1041 1740 1214 1795 tribus
1243 1742 1641 1811 antiquissimis
1671 1741 1877 1799 Sedulii
1908 1741 2187 1797 codicibus

550 1816 555 1817 ί
619 1836 835 1898 reperta
863 1838 967 1887 est.
1004 1832 1330 1898 peculiarem
1359 1841 1414 1887 et
1463 1832 1799 1899 reconditam
1854 1828 1994 1886 hanc
2039 1833 2185 1887 noti-

519 1941 523 1945 υ
619 1920 753 1974 tiam
794 1918 1159 1989 patefecisset.
1199 1921 1346 1976 Illam
1396 1924 1645 1977 omnium
1678 1924 1890 1993 primus
1913 1925 2185 1994 evulgavit
2215 1900 2256 1954 Β

617 2008 853 2065 Jacobus
892 2009 1215 2066 Sirmondus
1244 2028 1310 2067 ex
1343 2014 1531 2068 codice
1584 2014 1894 2079 Rhemensi,
1929 2017 2184 2085 deinceps

617 2099 854 2157 Iacobus
885 2099 1135 2171 Usserius
1168 2119 1234 2158 ex
1263 2104 1449 2161 codice
1474 2106 1771 2176 Anglicano
1802 2106 1936 2176 (55),
1964 2108 2180 2163 demum

616 2189 935 2258 nosmetipsi
983 2190 1402 2247 emendatiorem
1471 2194 1717 2247 eamdem
1771 2197 2073 2265 reperimus
2126 2199 2181 2252 in

614 2278 997 2349 antiquissimo
1060 2278 1266 2334 Sedulii
1316 2282 1503 2337 codice
1559 2283 1897 2340 bibiiOlileGB
1951 2284 2182 2340 Ottobo-

615 2370 792 2424 niante
824 2384 971 2425 nono
1018 2371 1234 2425 circiter
1267 2374 1469 2427 smculo
1506 2384 1749 2440 exarato,
1786 2376 1839 2429 in
1883 2392 2013 2445 quo,
2062 2388 2185 2446 post

612 2462 901 2528 epistolam
936 2462 1002 2515 ad
1036 2460 1439 2541 Macedoniam,
1474 2481 1637 2535 quam
1687 2466 1949 2534 integram
2000 2483 2185 2521 etneu-
2226 2522 2227 2525 η

614 2553 904 2624 datamque
933 2556 1175 2624 vulgavit
1202 2560 1390 2625 paucis
1419 2559 1617 2613 abhinc
1646 2562 1804 2615 annis
1826 2562 2184 2633 Christopho—

614 2659 712 2699 Ius
756 2643 1021 2701 Cellarius
1048 2648 1101 2700 in
1133 2648 1262 2702 edit.
1296 2649 1597 2713 Prudentii,
1645 2652 1759 2705 haec
1806 2654 2134 2709 adnotanlur
2164 2674 2178 2711 :

619 2754 642 2789 s
704 2734 816 2793 Hoc
861 2753 997 2807 opus
1047 2738 1297 2795 Sedulius
1343 2743 1485 2796 inter
1545 2743 1823 2797 chartulas
1867 2746 2170 2815 dispersum
2215 2806 2217 2811 Α

612 2830 853 2900 reliquit,
902 2832 1044 2901 quod
1100 2833 1469 2898 recollectam,
1524 2844 1842 2899 atlunatum,
1893 2845 2055 2906 atque
2109 2838 2177 2892 ad

613 2937 831 2977 omnem
858 2924 1182 2992 elegantiam
1214 2924 1544 2994 divulgatum
1579 2943 1606 2979 a
1630 2926 1825 2982 Turcio
1850 2926 1991 2983 ilufo
2025 2930 2181 2983 Aste-

612 3014 699 3067 rio
741 3014 931 3080 quinto
963 3014 1167 3067 vicario
1210 3016 1435 3068 consule
1484 3016 1782 3080 ordinario,
1812 3028 1973 3087 atque
2007 3021 2179 3087 patri-

614 3103 703 3159 cio
729 3104 841 3173 (δι)
866 3122 879 3169 ;
921 3124 938 3155 ι
969 3121 1091 3159 mox
1119 3106 1363 3175 sequitur
1389 3107 1752 3176 epigramma:

688 3215 900 3289 Summe
927 3219 1324 3289 sacer_meritis,
1363 3222 1559 3272 veracis
1591 3222 1732 3273 dicta
1764 3234 1927 3289 poene

758 3284 888 3349 Qua:
913 3288 1022 3338 sine
1062 3287 1295 3355 figmenti
1322 3289 1531 3341 condita
1562 3301 1683 3341 sunt
1714 3284 1859 3347 vitio.

686 3353 802 3428 Quo
829 3366 969 3407 caret
1011 3353 1153 3428 alnia
1190 3357 1337 3425 ﬁdes,
1365 3374 1465 3427 quo
1496 3362 1667 3428 sancti
1702 3364 1876 3428 gratia
1908 3362 2106 3417 Christi

757 3424 860 3476 Per
889 3441 1045 3493 quant
1071 3424 1251 3492 justus
1282 3429 1355 3479 ait
1376 3424 1513 3480 talia
1540 3424 1803 3493 Sedulius,

682 3492 980 3567 Asteriique
1011 3498 1086 3548 tui
1112 3513 1309 3565 semper
1335 3500 1629 3551 meminisse
1656 3501 1858 3567 jubeto,

758 3562 924 3631 Cujus
968 3582 1065 3637 ope
1087 3580 1134 3619 et
1164 3562 1291 3619 cura
1317 3568 1458 3620 edita
1490 3578 1607 3620 sunt
1636 3562 1863 3637 populis.

684 3631 834 3710 Quae.
862 3636 1095 3702 quamvis
1128 3638 1318 3710 summi
1353 3637 1605 3710 celebrent
1631 3631 1721 3707 per
1751 3641 1945 3693 swcula
1983 3642 2175 3710 fastus,

758 3702 904 3757 Ριιιδ·
927 3716 1100 3756 tamen
1135 3708 1201 3757 ad
1240 3708 1481 3758 meritum
1516 3702 1693 3772 εει,ὶί
1716 3711 1848 3779 viget
1872 3728 1958 3763 ore
1983 3702 2102 3764 'tuo.

614 3812 697 3866 Ad
735 3814 935 3867 calcem
967 3817 1231 3881 poematis
1263 3818 1373 3869 haec
1408 3817 1696 3881 habentur,
1730 3837 1850 3888 qua:
1880 3824 2039 3876 etiam
2064 3823 2177 3877 Ma-

615 3903 874 3959 billonius
900 3904 1138 3972 vulgavit
1170 3906 1281 3972 (55)
1317 3924 1330 3959 :
1362 3926 1378 3956 ι
1412 3907 1605 3977 Incipit
1635 3925 1725 3963 ars
1750 3912 1951 3965 Sedulii
1983 3926 2173 3981 poetae,

615 3995 711 4065 qui
767 3994 947 4064 primo
977 3995 1149 4049 laicus
1196 3996 1250 4049 in
1305 3996 1454 4051 Italia
1501 4000 1911 4069 philosophiam
1966 4005 2174 4071 didicit,

612 4080 805 4157 postea
828 4101 950 4140 cum
978 4086 1097 4141 aliis
1126 4096 1421 4141 metrorum
1452 4090 1738 4157 generibus
1761 4092 2036 4145 heroicum
2061 4110 2174 4146 me-

612 4184 760 4229 trum
785 4174 1101 4230 Macedonio
1128 4178 1444 4232 consulente
1470 4178 1673 4242 docuit,
1702 4179 1754 4232 in
1785 4180 1986 4234 Achaia
2010 4182 2177 4237 libros

613 4281 746 4321 suos
768 4266 983 4334 scripsit
1002 4276 1240 4335 tempore
1270 4269 1652 4338 imperatorum
1676 4269 1904 4325 minoris
1930 4270 2178 4326 Theodo-

615 4358 684 4413 sii
717 4357 810 4411 lilii
842 4358 1147 4423 Arcadii,et
1163 4358 1516 4415 Valentiniani
1540 4361 1634 4414 ﬁlii
1656 4361 1982 4417 Constantii.
2006 4363 2169 4418 Ριιιι.»

614 4466 1080 4539 lV.__Tillemontii
1126 4484 1488 4539 argumentum
1537 4492 1601 4529 ea;
1647 4474 1861 4529 Eusebii
1898 4487 1949 4529 et
2004 4480 2176 4532 sancti

2292 645 2394 701 bus
2444 648 2659 715 penitus
2706 647 3051 716 incomperta:
3102 646 3356 712 fuerunt;
3409 648 3632 715 ideoque
3681 660 3852 700 nemo

2291 751 2400 789 non
2431 736 2573 789 videt
2594 752 2755 805 quam
2786 737 3147 805 periculosum
3176 737 3502 807 quandoque
3528 738 3599 791 sit
3628 736 3731 793 hoc
3751 752 3852 790 ar-

2289 824 2529 894 gumenti
2558 840 2762 894 genus:
2791 822 3056 881 Eusebius
3081 835 3135 880 et
3157 825 3215 881 S.
3251 825 3606 896 Hieronymus
3633 826 3850 880 nescie-

2291 921 2421 967 runt
2446 915 2664 968 ubinam
2692 912 2937 985 gentium
2966 914 3023 971 S.
3063 913 3378 987 Hippolytus
3399 920 3688 986 episcOpus
3717 913 3847 969 fue-

2288 1007 2389 1071 rit;
2421 1022 2549 1076 ergo
2588 1006 2866 1075 Leontius,
2908 1008 3253 1074 Anastasius,
3285 1008 3482 1077 aliique
3514 1008 3845 1078 posteriores

2289 1096 2434 1152 illius
2462 1098 2819 1169 episcopalem
2849 1098 3197 1154 sedem'scire
3220 1113 3326 1152 non
3350 1105 3659 1167 potuerunt.
3681 1094 3847 1163 Quod

2287 1187 2506 1256 quidem
2555 1190 2875 1258 argumenti
2910 1204 3101 1261 genus,
3139 1189 3185 1244 si
3236 1187 3559 1251 rectioribus
3604 1187 3849 1243 sanioris

2287 1277 2485 1333 critica!
2530 1279 2732 1349 regulis
2780 1280 3178 1335 accensendum
3220 1287 3387 1345 esset,
3420 1277 3655 1355 Henrico
3696 1276 3849 1331 Dod-
3900 1324 3905 1331 .

2285 1371 2442 1425 wello
2469 1347 3009 1441 '(56)_inl‘ensis’simo
3038 1378 3353 1426 sanctorum
3392 1347 3593 1425 Christi
3636 1376 3849 1438 marty-

2286 1478 2408 1516 rum
2442 1460 2584 1516 hosti
2616 1472 2813 1515 manus
2840 1460 3006 1516 victas
3037 1459 3280 1529 profecto
3322 1475 3423 1515 nos
3448 1461 3578 1541 dare
3608 1466 3849 1528 reporte-

2288 1561 2389 1615 ret,
2416 1552 2504 1605 cui
2529 1550 2864 1613 Tertulliani,
2893 1548 3130 1614 Eusebii,
3158 1548 3464 1620 Epiphanii,
3492 1546 3847 1611 Theodoreti,

2287 1642 2625 1711 aliorumque
2667 1652 2910 1696 veterum
2960 1640 3284 1711 scriptorum
3339 1639 3613 1696 silentium
3662 1636 3843 1691 maxi-

2290 1748 2463 1795 mum,
2509 1740 2570 1786 ut
2602 1734 2719 1801 ipse
2765 1731 3014 1797 credidit,
3062 1732 3288 1786 rationis
3324 1728 3683 1799 suppeditavit
3715 1740 3843 1779 mo-

2290 1834 2555 1890 mentum,
2586 1833 2644 1878 ut
2682 1823 2741 1878 S.
2782 1822 3042 1893 Irenaeum
3077 1823 3483 1879 celeberrimum
3514 1818 3846 1890 Lugdunen-

2284 1916 2425 1969 sium
2474 1916 2793 1981 antistitem,
2840 1914 3114 1986 Hippolyti
3158 1913 3332 1969 nostri
3384 1912 3726 1981 magistrum,
3767 1924 3846 1965 ex

2284 2007 2481 2063 illustri
2511 2019 2809 2080 martyrum
2851 2008 2975 2061 albo
3010 2007 3229 2076 impune
3265 2005 3485 2059 deleret.
3515 2002 3584 2055 At
3616 2002 3845 2055 nimiam

2283 2102 2424 2155 hanc
2462 2100 2719 2155 Dodvvelli
2762 2099 3166 2163 conlidentiam,
3196 2112 3265 2151 ne
3289 2096 3534 2149 dicamus
3567 2092 3848 2148 temerita-

2284 2199 2411 2256 tem,
2437 2191 2762 2245 firmissimis
2789 2188 3216 2257 certissimisque
3238 2185 3573 2256 argumentis
3599 2182 3849 2237 coercuit

2281 2283 2632 2337 doctissimus
2691 2280 2994 2336 monachus
3048 2277 3286 2332 [leuatus
3342 2274 3647 2331 Massuetus
3702 2272 3846 2343 (57),

2282 2375 2439 2443 cujus
2465 2375 2647 2437 verba,
2672 2380 2858 2443 utpote
2888 2389 2999 2427 rem
3036 2380 3278 2425 nostram
3315 2370 3541 2423 mirilice
3564 2368 3850 2421 illustran-

2282 2466 2377 2531 tia,
2409 2464 2495 2519 hic
2536 2465 2844 2520 exscribere
2887 2478 2991 2518 non
3028 2462 3392 2532 gravabimur.
3431 2480 3449 2512 ι
3496 2458 3720 2524 Verum,
3752 2457 3850 2511 in-

2281 2557 2418 2622 quit,
2456 2566 2515 2610 ut
2543 2556 2610 2609 ad
2644 2555 3060 2620 Tertullianum,
3095 2553 3409 2618 Eusebium,
3454 2549 3845 2619 Epiphanius»,

2283 2641 2700 2707 Theodoretum,
2735 2652 2789 2697 et
2819 2644 2978 2707 alios,
3012 2658 3151 2713 quos
3181 2644 3237 2695 in
3277 2655 3456 2696 causae
3500 2652 3613 2693 suae
3652 2636 3849 2691 delen—

2282 2733 2489 2786 sioncm
2522 2735 2653 2787 citat
2680 2733 3006 2797 Dodwellus,
3034 2733 3220 2801 pedem
3251 2730 3580 2794 referamus;
3609 2728 3687 2781 illi
3713 2728 3847 2797 qui-

2281 2826 2403 2879 dem
2456 2826 2715 2880 lrenzeum
2766 2839 3033 2894 nusquam
3081 2824 3353 2892 appellant
3399 2829 3713 2891 martyrem,
3745 2818 3849 2873 sed

2280 2916 2414 2969 nihil
2449 2916 2594 2969 aliud
2634 2916 2700 2969 ad
2747 2930 3021 2969 summum
3054 2929 3116 2968 ex
3160 2928 3348 2967 eorum
3394 2910 3610 2965 silentio
3654 2908 3844 2978 colligi

2280 3017 2475 3074 potest,
2507 3007 2609 3059 nisi
2642 3006 2787 3075 quod
2821 3005 2886 3058 ad
2932 3020 3119 3060 eorum
3152 3004 3395 3059 notitiam
3425 3003 3558 3056 Acta
3591 3000 3844 3070 martyrii

2280 3110 2389 3155 non
2438 3096 2797 3185 pervenerint,
2829 3105 2922 3150 aut
2964 3106 3253 3167 martyrem
3303 3093 3473 3149 fuisse
3521 3092 3843 3146 nescierint.

2201 3220 2243 3275 ο
2284 3185 2359 3238 Ex
2383 3201 2448 3240 eo
2478 3201 2607 3239 vero
2634 3182 2778 3257 quod
2803 3188 2867 3241 ad
2898 3186 3235 3248 Tertulliani,
3261 3184 3499 3251 Eusebii,
3523 3182 3843 3253 Epiphanii,

2277 3288 2329 3331 et
2363 3279 2596 3332 aliorum
2619 3281 2975 3347 quorumdam
3003 3276 3360 3333 Orientalium
3392 3278 3718 3345 scriptorum
3743 3289 3847 3328 no-

2280 3369 2452 3421 titiam
2495 3370 2748 3441 martyris
2773 3370 3004 3439 alicujus
3034 3369 3391 3423 Occidentalis
3414 3372 3545 3421 Acta
3582 3381 3687 3420 non
3715 3380 3848 3435 per-

2277 3461 2542 3527 venerint,
2600 3472 2887 3531 martyrem
2946 3461 3113 3516 fuisse
3158 3460 3486 3515 conﬁdenter
3536 3474 3735 3528 negare
3806 3471 3844 3515 a

2276 3552 2486 3604 ratione
2519 3566 2742 3619 prorsus
2771 3552 3010 3607 alienum
3040 3552 3270 3606 videtur.
3307 3569 3325 3599 ι
3359 3550 3421 3604 Ει
3450 3550 3636 3619 paucis
3661 3550 3841 3604 inter-

2271 3642 2480 3711 jectis:
2536 3660 2555 3693 t
2604 3640 2708 3696 Sed
2760 3652 2819 3697 ut
2862 3657 3041 3697 causa:
3091 3640 3340 3711 jugulum
3390 3641 3612 3708 propius
3658 3639 3845 3694 adhuc

2277 3740 2478 3799 petam,
2519 3730 2807 3796 Eusebius,
2832 3732 2990 3799 cujus
3022 3729 3296 3784 silentium
3328 3728 3460 3781 adeo
3493 3734 3646 3794 urget
3690 3724 3844 3779 Dod-

2277 3822 2483 3885 vvcllus,
2535 3819 2803 3891 Hippolyti
2852 3836 2959 3873 non
3004 3820 3169 3873 semel
3220 3818 3487 3881 meminit,
3530 3817 3840 3886 catalogum

2275 3912 2393 3978 ejus
2418 3926 2640 3979 cperunt
2669 3912 2817 3969 texit,
2837 3914 3151 3979 episcopum
3177 3908 3347 3963 fuisse
3369 3908 3521 3974 dicit,
3541 3917 3839 3979 martyrem

2276 4001 2547 4069 nuspiam.
2582 3998 2841 4071 Martyrio
2883 4001 3048 4053 vitam
3092 4000 3277 4055 [inisse
3316 4000 3679 4055 certissimum
3714 4014 3845 4056 esse

2276 4088 2435 4140 debet
2482 4088 2568 4140 vel
2617 4089 2718 4155 ipsi
2768 4086 3078 4153 Dodwello;
3131 4103 3259 4141 nam"
3305 4088 3359 4141 in
3407 4088 3475 4142 iis
3519 4088 3651 4157 ipsis
3712 4101 3841 4155 qua

2276 4177 2485 4246 profert
2543 4176 2868 4231 Theodoreti
2918 4178 3206 4232 adversum
3268 4178 3457 4233 lrenaei
3512 4179 3840 4248 martyrium

2276 4266 2412 4321 locis
2452 4276 2658 4337 martyr
2694 4267 3014 4337 appellatur.
3056 4286 3075 4319 ›
3117 4268 3173 4321 Si
3204 4268 3368 4336 igitur
3410 4266 3626 4321 Eusebii
3670 4265 3841 4319 silen-

2278 4361 2433 4421 tium,
2468 4360 2613 4429 quod
2649 4361 2806 4414 nobis
2835 4355 3099 4429 objiciunt
3131 4360 3171 4413 Τ
3180 4360 3508 4414 illemontius
3537 4366 3591 4409 et
3618 4353 3841 4411 Ceillie—

2276 4454 2412 4517 rius,
2454 4450 2795 4522 Hippolytum
2845 4464 3088 4507 nostrum
3140 4450 3448 4505 venerando
3483 4448 3738 4519 martyris
3769 4450 3837 4503 ti-

689 4536 997 4611 Hierongmi
1025 4536 1228 4611 silentio
1256 4543 1585 4608 desumptum
1619 4558 1804 4597 contra
1830 4546 2169 4601 Portuensem
2201 4549 2243 4602 D
2275 4547 2387 4600 tulo
2424 4560 2621 4600 exuere
2654 4545 2876 4599 minime
2914 4546 3074 4607 valet,
3124 4558 3223 4597 nec
3256 4541 3568 4595 Portuensis
3613 4542 3835 4611 quidem

684 4609 854 4661 sancti
892 4606 1163 4676 Hippolyti
1194 4612 1361 4661 sedem
1400 4606 1748 4681 nequidquam
1780 4616 2066 4669 concludit.

690 4720 767 4775 E‘n
800 4721 963 4791 igitur
1001 4737 1109 4789 quo
1130 4730 1285 4790 pacto
1316 4723 1585 4789 sequioris
1625 4724 1720 4776 τενί
1754 4724 2049 4791 scriptores
2082 4741 2173 4793 pe-

617 4800 849 4871 culiares
890 4814 1151 4885 quasdam
1194 4828 1376 4867 rerum
1410 4814 1633 4868 notitias
1682 4816 1823 4868 nacti
1873 4827 2019 4881 sunt,
2055 4833 2176 4885 quae

689 4972 799 5049 (ξι)
830 4972 1122 5049 adeundus
1145 4971 1653 5049 Lironus_loc_.__cit.,
1681 4986 1802 5040 pag.
1844 4971 1991 5049 l35._

691 5040 802 5110 (52)
830 5041 1018 5096 Editus
1062 5045 1128 5097 ab
1172 5060 1235 5097 eo
1260 5054 1343 5096 est
1374 5043 1606 5095 Basilius
1653 5051 1945 5105 restitutus,
1979 5040 2031 5091 in
2067 5056 2175 5108 quo

619 5111 942 5191 ejusdemS.
970 5112 1411 5191 Patris__(_)perum_
1453 5112 1763 5191 excptimis
1800 5126 1933 5165 mss.
1963 5117 2169 5191 textum

618 5182 920 5242 castigavit,
951 5184 1119 5243 auxit,
1152 5184 1460 5249 illustravit,
1490 5190 1539 5236 et
1564 5182 1841 5235 versiones
1873 5182 2167 5235 recensuit.

622 5248 795 5279 ι“.1;ι1ἰι
822 5249 921 5279 Iun.
947 5267 1076 5279 ,νη-ιν
1110 5252 1324 5279 ο,...;..;;..
1357 5269 1421 5279 η..
1478 5250 1613 5279 ΙΩἾΠ
1665 5252 1697 5279 0
1722 5252 1805 5279 ..ΑΙ
1868 5250 1920 5279 ς..
1956 5250 2011 5279 Qo

622 5249 801 5305 Edidit
822 5249 923 5303 hoc
946 5267 1079 5319 opus
1107 5252 1328 5306 Parisiis
1356 5269 1445 5306 an.
1478 5250 1633 5316 1679,
1665 5252 1699 5304 2
1722 5252 1828 5304 vol.
1868 5250 2031 5303 iii-8°.

534 5388 535 5391 η
693 5315 976 5401 lim-ﬂat}.
999 5322 1063 5374 de
1092 5322 1434 5401 relegendus
1456 5331 1555 5401 est_
1568 5320 1996 5401 Fontaniuusﬁi‘u‘
2015 5319 2173 5373 Anti-

619 5386 908 5468 quitatibus
933 5386 1133 5452 Home,
1161 5386 1254 5445 lib:
1288 5407 1345 5456 ιι,
1379 5408 1500 5471 cap.
1527 5392 1578 5456 5,
1609 5392 1635 5462 §
1659 5393 1713 5453 5,
1747 5406 1865 5460 pag.
1894 5391 1997 5445 225
2020 5406 2171 5470 seqq.

620 5458 753 5532 idtt.
790 5454 972 5532 Romae
999 5472 1139 5511 anno
1170 5462 1326 5532 l7_08,
1360 5464 1449 5515 ubi
1478 5462 1541 5514 ad
1577 5472 1815 5532 nostram
1852 5470 2173 5515 sententiam

620 5528 922 5596 institujtur
944 5529 1447 5585 sermo.Atleuudus
1470 5532 1632 5585 etiam
1665 5530 1898 5585 Lironus
1920 5532 2023 5586 loc.
2053 5532 2169 5596 cit.,

622 5614 743 5669 pag.
770 5594 889 5648 tsi.
2156 5594 2165 5596 ‘

693 5665 806 5739 (ξιξ)
1003 5660 1363 5739 Fontaniuum
1401 5668 1507 5725 loc.
1542 5669 1657 5733 cit.,
1685 5668 1943 5739 pag.'226
1968 5678 2021 5739 et
2044 5668 2166 5723 227.

692 5730 806 5805 (3h)
828 5802 843 5805 _
866 5730 1044 5805 Vetera
1093 5732 1507 5805 Analertlpag.
1534 5730 1654 5800 387'
1687 5730 1789 5793 ἐἰῇ
1832 5740 1963 5793 edit.
1997 5738 2167 5793 Paris.

626 5803 785 5884 i723.
824 5802 1105 5874 Legendus
1144 5804 1303 5858 etiam
1338 5802 1672 5864 Polataninus
1710 5809 1808 5863 loc.
1840 5810 1927 5863 cit.
1964 5824 2016 5877 p.
2042 5810 2170 5873 230,

2280 4638 2451 4705 ipsius
2482 4636 2660 4699 sedes,
2694 4643 2773 4688 tot
2800 4636 3029 4705 egregiis
3058 4642 3301 4687 veterum
3327 4632 3653 4701 scriptorum
3675 4634 3837 4687 testi-

2280 4726 2477 4779 moniis
2511 4727 2783 4791 roborata,
2811 4727 2998 4780 eodem
3029 4725 3154 4778 licet
3185 4724 3377 4778 silente
3409 4716 3664 4788 Eusebio,
3703 4740 3838 4778 nus-

2280 4816 2423 4881 piam
2453 4815 2697 4883 profecto
2726 4823 3030 4869 evanescat.
3061 4814 3164 4869 Sed
3196 4813 3326 4883 quid
3367 4813 3701 4870 Massuetum
3732 4829 3831 4883 ap-

2218 4977 2222 4982 '
2282 4969 2372 5023 ubi
2397 4969 2509 5024 haec
2536 4968 2655 5025 fuse
2691 4979 3001 5025 narrantur.

2350 5040 2462 5111 (‘56)
2489 5039 2715 5095 Dissert.
2741 5040 2775 5093 5
2808 5040 2861 5093 in
2894 5042 3177 5098 lrenaaum.
3202 5040 3476 5096 Videndus
3497 5040 3660 5111 etiam
3685 5039 3830 5095 Cave

2282 5110 2334 5163 in
2387 5108 2702 5179 scriptorum
2739 5112 3203 5166 ecclesiasticarum
3253 5111 3493 5164 Historia
3522 5108 3829 5179 litterario,

2282 5189 2410 5233 tom.
2448 5178 2501 5248 l,
2532 5197 2585 5250 p.
2620 5181 2707 5243 67,
2749 5181 2948 5235 saeculo
2993 5180 3269 5246 Gnostico,
3304 5180 3397 5250 qui
3438 5178 3624 5232 eodem
3668 5195 3833 5249 argu-

2280 5251 2471 5321 menti“
2500 5266 2738 5321 genere,
2796 5252 3117 5307 saeculorum
3174 5252 3486 5321 sequiogum
3510 5316 3524 5321 _
3555 5262 3832 5321 commen-

2281 5327 2393 5370 ιιιιιι
2443 5316 3284 5397 Sflrenzei_martyrium_dicit'z
3314 5316 3537 5397 χρυσᾶ.
3562 5333 3689 5372 vero
3719 5317 3831 5373 lre-
3904 5318 3907 5325 “

2279 5404 2426 5462 tuens
2452 5398 2653 5462 martyr
2680 5390 2849 5445 fuisse
2877 5387 3035 5462 vulgo
3057 5392 3288 5447 dicatur,
3312 5387 3362 5439 id
3374 5387 3700 5462 aequiorum
3727 5404 3819 5458 po-

2280 5459 2389 5533 tius
2411 5454 2729 5533 seculorum
2758 5454 3125 5533 commentum
3157 5454 3485 5533 censendum
3515 5460 3617 5511 erit
3635 5454 3829 5533 ;_cérto

2280 5526 2555 5593 ignorasse
2592 5524 3190 5584 videntur'vetustiores
3233 5524 3620 5594 Tertullianus,
3655 5527 3825 5583 Euse-

2278 5594 2438 5678 Ιιιιιὲι
2447 5598 2803 5678 Augustinus,
2844 5598 3235 5678 Theodoretus:
3272 5614 3297 5678 ε

2348 5666 2463 5740 (Ξῖ)
2494 5662 2713 5724 Dissert.
2752 5662 2915 5737 prrev.
2952 5668 3006 5721 in
3054 5665 3237 5720 lrcutei
3270 5662 3392 5730 lib.,
3421 5663 3513 5733 90,
3542 5665 3633 5734 9i,
3669 5662 3703 5740 ι
3734 5664 3828 5737 3i,

2212 5744 2215 5745 '
2278 5734 2365 5801 52,
2399 5736 2501 5796 5⁵5..
