4078 6348
681 441 788 498 se;

1453 445 1542 500 DE
1581 424 1973 502 ron'ruiausr
2015 445 2070 499 s.
2111 444 2479 501 IIIPPOLYTI
2514 445 2705 500 suos.
2744 474 2815 486 —
2846 445 3022 500 rans
3056 445 3117 500 ll.

3794 441 3895 497 505

682 571 818 616 teste
859 561 1058 618 clarius
1104 564 1389 632 elucescit;
1433 582 1558 620 nam
1618 583 1779 636 Opera
1826 566 2076 620 Antiochi
2121 567 2236 636 epi-
2263 572 2310 624 Λ
2335 567 2394 620 S.
2425 565 2773 636 Fulgentius,
2805 566 2897 635 qui
2934 567 3122 636 paucis
3164 573 3286 635 post
3314 563 3585 620 Gelasium
3623 561 3785 616 annis
3808 559 3896 616 llo-

677 653 828 721 scepi
862 653 972 720 (18)
1022 663 1207 708 contra
1237 656 1518 710 avaritiam
1543 698 1558 722 ,
1595 665 1649 711 et
1677 655 1958 726 Theophili
2003 657 2236 710 Alexan-

673 744 822 800 drini
862 745 970 815 (I9)
1004 755 1189 800 contra
1214 746 1497 817 Origenem
1527 749 1722 819 grande
1763 750 1996 802 volumen
2027 750 2093 802 ab
2119 750 2236 818 ipso

677 837 1042 903 appellantur.
1079 837 1258 893 Severi
1292 850 1470 895 autem
1509 841 1724 911 Sulpitii
1756 841 1866 912 (20)
1903 841 2192 895 Historiam
2217 883 2233 908 ,

678 942 802 978 cum
855 929 1064 982 caeteris
1096 929 1336 997 ejusdem
1372 932 1658 999 operibus,
1696 933 1930 1001 opusculi
1963 933 2115 986 titulo
2149 935 2233 987 in-

675 1017 927 1086 signivit;
982 1036 1102 1090 quae
1150 1023 1367 1091 quidem
1402 1024 1627 1077 historia
1683 1024 1840 1094 triplo
1870 1025 2043 1092 major
2072 1041 2232 1093 supra

678 1108 894 1163 laudato
926 1109 1104 1166 libello
1124 1127 1244 1166 esse
1273 1112 1490 1166 cuilibet
1515 1096 1760 1167 eamdem
1797 1113 2049 1166 lustranti
2079 1112 2234 1166 facile

675 1203 879 1274 patebit
910 1203 1041 1274 (2|).
1070 1203 1166 1258 His
1201 1205 1428 1264 accedit,
1458 1203 1601 1274 quod
1632 1203 1892 1258 Gennadii
1926 1202 1992 1257 de
2019 1202 2236 1256 Gelasio

677 1295 1047 1348 testimonium
1108 1295 1444 1349 desideratur
1503 1296 1557 1348 in
1622 1295 2000 1364 antiquissimo
2048 1297 2234 1349 codice

678 1381 980 1460 Vaticano,
1031 1401 1190 1453 quem
1240 1385 1511 1440 Vaticana:
1561 1386 1898 1441 bibliothecae
1948 1387 2236 1455 acquisivit

670 1476 1071 1531 eruditissimus
1113 1478 1351 1545 ejuslem
1404 1478 1688 1547 praefectus
1737 1478 2065 1534 Laurentius
2101 1479 2233 1534 Zac-

671 1582 896 1635 cagnus.
931 1566 1083 1624 llunc
1115 1571 1354 1624 codicem
1384 1569 1623 1624 laudavit
1670 1571 1751 1623 vir
1798 1572 2233 1640 sapientissimus

670 1655 848 1714 Lucas
887 1658 1214 1726 llolstenius,
1250 1661 1341 1731 qui
1371 1663 1619 1716 eumdem
1647 1662 1778 1716 vidit
1829 1663 1880 1715 in
1909 1661 2232 1718 bibliotheca

668 1753 990 1805 clericorum
1021 1753 1352 1822 regularium
1397 1752 1454 1807 S.
1484 1753 1714 1807 Andreas
1737 1753 1806 1807 de
1837 1753 2014 1820 Valle,
2044 1755 2231 1809 illum-

668 1857 776 1908 que
807 1843 998 1896 merito
1050 1844 1487 1911 antiquissimum
1522 1854 1711 1910 vocat;
1759 1845 1833 1899 ibi
1875 1848 2020 1900 enim
2065 1862 2258 1917 quon-7

668 1935 792 1986 dam
824 1934 1102 2002 quadratis
1151 1944 1204 1989 et
1248 1953 1372 1990 vere
1419 1937 1678 1991 Romanis
1730 1937 1920 1991 litteris
1948 1938 2228 1997 Ciceronis

664 2024 944 2080 orationes
991 2028 1047 2079 in
1121 2026 1328 2080 Verrem
1385 2027 1671 2097 descripta:
1726 2027 1975 2093 fuerunt,
2029 2030 2224 2098 quibus

667 2123 851 2181 postea
877 2116 1065 2170 deletis
1093 2133 1153 2171 ac
1181 2120 1438 2197 corrasis,
1461 2117 1520 2174 S.
1544 2118 1854 2188 Ilieronymi
1879 2130 1932 2173 et
1958 2119 2224 2175 Gennadii
2257 2124 2260 2125 ⁷

665 2203 950 2278 Catalogus
983 2211 1287 2265 uncialibus
1318 2212 1537 2276 iterum,
1573 2213 1665 2266 sed
1692 2213 2084 2266 recentioribus
2133 2213 2223 2266 Iit»

662 2299 795 2352 teris
830 2303 1227 2370 superscriptns
1256 2303 1376 2356 fuit.
1405 2305 1654 2358 Secundo
1700 2318 2020 2374 argumento
2067 2305 2226 2360 Baro-

663 2390 790 2443 nius
823 2391 934 2458 (22)
965 2393 1157 2459 probat
1183 2395 1348 2447 multa
1379 2395 1432 2447 in
1464 2396 1566 2448 hoc
1597 2395 1776 2449 libello
1807 2395 2069 2461 inveniri,
2104 2412 2225 2464 qua:

587 2521 589 2525 .
662 2497 695 2534 a
733 2481 790 2534 S.
827 2481 1039 2537 Gelasio
1072 2500 1206 2552 papa
1263 2495 1481 2539 exarata
1533 2502 1654 2541 esse
1705 2503 1839 2556 pene
1888 2488 2222 2556 impossibile

609 2582 612 2585 “
660 2583 747 2628 est
770 2617 783 2638 ,
835 2585 892 2650 et,
917 2574 1209 2630 Eusebium
1244 2576 1633 2631 Caesariensem
1669 2578 1848 2632 multis
1879 2579 2135 2633 observat
2167 2578 2221 2630 in

658 2668 848 2721 eodem
876 2667 1053 2722 libello
1076 2670 1342 2722 cncomiis
1367 2671 1573 2730 ornari,
1594 2685 1752 2737 quem
1769 2670 2029 2723 Arianum
2055 2670 2222 2723 fuisse

661 2766 869 2811 certum
904 2768 1005 2822 est,
1034 2758 1192 2827 cujus
1222 2774 1384 2827 opera
1424 2758 1562 2811 inter
1595 2758 1853 2830 librorum
1883 2759 2221 2828 apocrypha-

659 2863 782 2904 rum
827 2866 1113 2903 numerum
1162 2851 1228 2904 ab
1274 2851 1462 2905 eodem
1524 2850 1738 2905 Gelasio
1786 2850 2125 2917 rejiciuntur.
2171 2857 2222 2903 et

657 2937 875 2994 Graecos
906 2940 1092 2994 Patres
1144 2949 1354 2995 tantum
1401 2941 1650 3004 laudari,
1698 2957 1796 2994 nec
1846 2957 1953 2994 non
1992 2941 2221 2994 Ambro-

657 3029 824 3097 sium,
854 3030 1258 3101 Hieronymum,
1291 3041 1624 3100 Caeterosque
1657 3048 1722 3086 ex
1757 3032 1965 3086 Latinis
2007 3030 2221 3085 silentio

659 3121 942 3186 prmteriri.
980 3118 1178 3174 Verum
1225 3120 1459 3173 Jacobus
1492 3121 1814 3176 Sirmondus
1841 3120 1977 3188 (25),
2015 3120 2220 3189 Philip-

2338 659 2466 721 ruit,
2493 674 2558 711 ex
2596 658 2699 711 hoc
2753 657 2931 712 libello
2963 666 3216 726 tanquam
3252 655 3446 710 Gelasii
3480 669 3628 723 papa:
3661 653 3766 706 tria
3807 653 3895 705 de—

2337 748 2570 817 sumpsit
2593 749 2930 813 testimonia,
2967 765 3086 817 qua:
3119 749 3169 800 in
3203 748 3398 801 librum
3434 745 3504 799 De
3535 745 3567 797 5
3591 742 3897 814 quwstioni-

2337 841 2429 892 bus
2461 841 2602 908 apud
2637 839 2966 894 Ferrandum
2999 841 3284 893 diaconum
3312 881 3326 902 ,
3374 855 3493 907 cap.
3524 837 3622 901 I8,
3673 836 3890 901 retulit;

2319 922 2520 984 verum
2561 931 2724 984 etiam
2772 931 2894 1000 quia
2943 932 3194 986 laudatur
3242 948 3270 984 a
3317 929 3523 985 Joanne
3572 928 3611 979 II
3660 942 3800 998 papa
3842 927 3891 979 in

2335 1022 2558 1089 epistola
2579 1021 2646 1073 ad
2659 1022 2906 1076 Avieuum
2925 1022 3036 1092 (26)
3051 1030 3361 1092 cwterosque
3383 1030 3662 1072 senatores.
3682 1016 3793 1070 Sed
3817 1016 3890 1068 his

2337 1110 2608 1164 Sirmondi
2639 1112 2973 1177 argumentis
2998 1128 3224 1180 magnus
3254 1111 3518 1164 Baronius
3543 1109 3763 1164 videtur
3793 1121 3889 1159 non

2335 1204 2565 1256 obscure
2601 1202 2962 1269 satisfecisse;
3023 1204 3271 1272 quamvis
3303 1203 3416 1271 ipse
3446 1200 3703 1254 Ferrandi
3743 1197 3892 1253 testi-

2336 1294 2574 1346 monium
2595 1294 2773 1348 videre
2798 1277 2908 1349 non
2920 1296 3173 1364 potuerit,
3193 1293 3352 1363 cujus
3371 1292 3544 1361 Opera
3565 1290 3889 1346 Franciscus

2333 1382 2613 1438 Chilletius
2641 1384 2826 1439 multis
2849 1394 2969 1454 post
3000 1385 3215 1439 Baronii
3248 1395 3475 1439 mortem
3511 1384 3669 1436 annis
3700 1381 3888 1435 edidit.

2333 1472 2593 1528 Observat
2637 1478 2818 1544 itaque
2866 1475 3328 1530 eminentissimus
3384 1474 3708 1536 cardinalis,
3764 1486 3892 1525 non-

2334 1566 2479 1620 nulla
2513 1569 2579 1622 ab
2624 1568 3010 1635 iinposloribus
3051 1568 3108 1622 S.
3159 1569 3372 1623 Gelasio
3406 1582 3555 1637 papze
3603 1566 3796 1618 eodem
3837 1578 3886 1618 vt

2333 1659 2552 1722 seculo,
2584 1659 2637 1712 in
2668 1675 2775 1729 quo
2803 1659 2916 1727 ipse
2943 1659 3076 1712 obiit
3106 1667 3158 1712 et
3189 1659 3503 1727 Fulgentius
3527 1655 3731 1719 floruit,
3766 1669 3881 1722 sup-

2332 1750 2507 1818 posita
2549 1749 2736 1804 fuisse.
2766 1748 3043 1819 Optimum
3076 1751 3355 1804 sententia:
3387 1764 3499 1803 suae
3533 1755 3725 1800 testem
3773 1744 3882 1797 Iau-

2332 1840 2841 1905 datCassimlorum,
2863 1843 2957 1910 qui
2979 1841 3178 1896 diserte
3208 1841 3396 1897 scribit
3425 1840 3481 1894 S.
3506 1839 3724 1895 Gelasio
3747 1852 3884 1907 papa
3937 1861 3944 1869 -

2331 1933 2639 1999 suppositas
2667 1933 2830 1986 fuisse
2863 1922 3243 1986 adnotationes
3266 1934 3528 2002 quasdam
3558 1931 3610 1984 in
3634 1929 3880 1998 epistolas

2326 2020 2389 2074 D.
2447 2021 2636 2086 Pauli,
2690 2023 2740 2075 in
2792 2018 2990 2091 quibus
3039 2012 3629 2098 Pelagianidogmatis
3663 2021 3884 2090 vestigia

2327 2122 2644 2180 supererant
2671 2113 2808 2180 (27).
2863 2134 2880 2166 ι
2915 2115 2974 2166 In
3021 2113 3322 2183 Epistolas,
3353 2115 3559 2186 inquit,
3603 2113 3883 2169 tresdecim

2327 2204 2384 2258 S.
2436 2204 2588 2259 Pauli
2643 2207 3018 2262 adnotationes
3057 2208 3394 2277 conscriptas
3447 2210 3500 2262 in
3555 2210 3676 2278 ipso
3733 2205 3883 2261 initio

2325 2315 2459 2352 mete
2493 2299 2742 2352 lectionis
2774 2300 2990 2364 inveni,
3024 2315 3144 2368 qua:
3189 2300 3241 2354 in
3285 2310 3606 2357 cunctorum
3638 2299 3885 2354 manibus

2323 2389 2395 2442 ita
2425 2390 2666 2444 celebres
2717 2390 3088 2455 habebantur,
3137 2399 3196 2444 ut
3241 2407 3334 2445 eas
3374 2408 3405 2446 a
3454 2400 3639 2446 sancto
3670 2390 3885 2446 Gelasio

2322 2497 2457 2550 papa
2490 2482 2637 2537 urbis
2665 2480 2882 2547 Romze,
2925 2482 3223 2538 doctissimi
3254 2483 3354 2536 viri
3410 2484 3587 2538 studio
3642 2482 3887 2536 dicerent

2324 2572 2493 2626 fuisse
2526 2573 2895 2642 conscriptas,
2951 2573 3096 2642 quod
3143 2575 3319 2627 solent
3348 2571 3526 2628 facere
3557 2572 3646 2642 qui
3685 2583 3773 2624 res
3803 2568 3885 2623 vi-

2323 2666 2490 2718 tiosas
2523 2665 2748 2732 cupiunt
2794 2665 3014 2734 gloriosi
3049 2665 3288 2720 nominis
3323 2665 3645 2719 auctoritate
3695 2659 3884 2716 defen-

2321 2755 2466 2810 dere.
2505 2756 2608 2810 Sed
2647 2757 2804 2810 nobis
2834 2773 2899 2811 ex
2935 2758 3362 2827 praecedentibus
3394 2755 3720 2811 lectionibus
3765 2752 3882 2806 dili-

2322 2846 2466 2915 genti
2495 2847 2877 2899 retractatione
2908 2855 3218 2915 patuerunl,
3247 2847 3632 2902 subtilissimas
3663 2843 3875 2913 quidem

2319 2953 2440 2992 esse
2471 2952 2535 2992 ac
2567 2937 2914 2991 brevissimus
2939 2938 3225 3002 dictiones,
3261 2939 3352 2992 sed
3380 2937 3653 3006 Pelagiani
3681 2937 3877 2990 erroris

2321 3044 2522 3083 venena
2552 3028 2659 3082 illic
2693 3043 2813 3081 esse
2846 3031 3132 3085 seminata.
3162 3048 3179 3079 ι
3208 3024 3520 3082 (ἷθεέἰοᾱοτί
3553 3028 3719 3096 igitur
3743 3042 3876 3093 aevo,

2320 3121 2410 3189 qui
2437 3122 2580 3192 circa
2610 3135 2812 3173 annum
2841 3119 2944 3172 556
2973 3121 3085 3176 haec
3121 3121 3339 3189 scripsit
3365 3121 3510 3190 (28),
3537 3122 3878 3191 supposititia

660 3226 762 3280 pus
809 3210 1054 3264 Labbeus
1102 3212 1246 3280 (24),
1298 3211 1565 3267 Antonius
1615 3213 1806 3283 Pagius
1851 3213 1961 3282 (25)
2012 3213 2214 3277 senior,
2244 3231 2288 3292 ρ
2321 3210 2523 3266 Gelasii
2573 3227 2726 3282 papae
2783 3226 2948 3279 opera
2995 3213 3331 3269 circumferri
3375 3214 3485 3282 jam
3531 3214 3707 3268 multo
3759 3226 3879 3270 ante

661 3307 719 3356 ὃ.
761 3303 1037 3358 Gelasium
1091 3304 1404 3372 hujusmodi
1450 3303 1612 3356 libelli
1647 3313 1920 3357 auctorem
1954 3303 2217 3367 credunt,

659 3413 766 3450 non
804 3397 977 3451 solum
1010 3398 1134 3466 quia
1167 3398 1220 3450 in
1268 3396 1665 3466 antiquissimis
1695 3395 1970 3452 codicibus
2016 3396 2220 3451 descri-

661 3500 784 3558 ptus
833 3491 921 3545 ille
969 3501 1052 3546 est
1102 3491 1241 3547 inter
1283 3490 1617 3546 indubitatas
1668 3489 1787 3559 ejus
1835 3488 2119 3557 epistolas,
2166 3496 2220 3541 et

727 3625 839 3698 (I8)
879 3624 1009 3695 Cap.
1032 3626 1121 3687 20.
1151 3643 1271 3698 pag.
1305 3629 1410 3683 962
1439 3629 1617 3682 citata:
1643 3626 1773 3679 edit.
1813 3642 1824 3675 :
1869 3646 1886 3673 ι
1919 3625 2218 3680 Antiochus

657 3696 946 3763 episcopus
1010 3696 1242 3764 scripsit
1295 3700 1554 3753 adversus
1607 3697 1887 3752 avaritiam
1947 3711 2112 3748 unum
2165 3707 2218 3750 et

661 3764 876 3827 longum
909 3766 1177 3819 volumen.
1219 3786 1238 3818 ι

733 3834 838 3899 (19)
880 3834 1009 3900 Cap.
1045 3837 1131 3896 53,
1167 3853 1285 3903 pag.
1321 3836 1425 3889 966
1453 3837 1608 3890 dicta:
1636 3838 1804 3891 edit.:
1843 3856 1859 3886 ι
1882 3835 2217 3905 Theophilus

659 3902 1035 3957 Alexandrina:
1078 3902 1310 3958 civitatis
1360 3906 1646 3972 episcopus
1693 3908 1909 3974 scripsit
1956 3902 2216 3963 adversus

661 3974 940 4041 (Jrigenem
999 3990 1162 4025 unum
1204 3984 1257 4025 et
1305 3977 1504 4041 grande
1552 3977 1835 4037 volumen,
1881 3993 1988 4043 quo
2033 3979 2215 4032 omnia

657 4057 791 4111 pene
814 4044 933 4110 ejus
959 4046 1099 4098 dicta
1127 4052 1180 4097 et
1211 4045 1382 4112 ipsum
1419 4045 1614 4113 pariter
1651 4046 1900 4107 damnat,
1932 4047 2091 4099 simul
2120 4048 2217 4100 do-

655 4128 784 4166 oens
810 4130 912 4167 non
949 4131 976 4168 a
1013 4130 1069 4168 se
1100 4115 1334 4183 primum
1364 4131 1511 4171 eum.
1549 4114 1641 4167 sed
1675 4114 1742 4167 ab
1765 4116 2002 4181 antiquis
2037 4114 2217 4168 Patri-

657 4183 757 4237 bus
809 4194 861 4237 et
914 4186 1147 4238 maxime
1196 4183 1419 4240 Heracla
1480 4184 1644 4240 fuisse
1693 4191 1748 4238 et
1799 4200 1830 4236 a
1886 4184 2217 4253 presbyterio

656 4254 921 4321 ejectum,
949 4256 1091 4310 etde
1122 4255 1360 4311 Ecclesia
1394 4256 1608 4325 pulsum
1630 4297 1644 4318 ,
1694 4263 1747 4307 et
1774 4254 1840 4308 de
1883 4254 2097 4308 civitate
2134 4255 2216 4309 fu.-

675 4334 861 4377 l'dllllll.
897 4346 914 4375 υ

657 4343 861 4392 gutum.
897 4346 914 4375 υ

729 4394 838 4466 (26)
879 4395 1010 4464 Cap.
1061 4396 1126 4450 19
1157 4440 1171 4460 ,
1225 4413 1346 4466 pag.
1387 4397 1488 4466 796I
1549 4397 1640 4452 cit,
1693 4394 1822 4448 edit.
1862 4413 1878 4447 ε

658 4464 956 4530 presbyter,
988 4464 1343 4534 cognomento
1375 4465 1639 4532 Sulpitius
1664 4465 1968 4532 Aquitania:
1998 4466 2217 4532 provin-

656 4536 774 4595 ciae,
798 4538 879 4585 vir
907 4549 1099 4601 genere
1132 4547 1184 4590 et
1213 4539 1403 4591 litteris
1439 4536 1652 4597 nobilis,
1683 4546 1737 4587 et
1769 4536 2097 4601 paupertatis
2129 4545 2213 4589 at—

1928 4411 1946 4444 (
1983 4391 2216 4450 Severus

2321 3313 2493 3370 coepta
2525 3312 2698 3366 erant,
2742 3319 2863 3372 quae
2894 3320 2922 3356 a
2958 3305 3332 3361 disertissimis
3364 3305 3490 3362 viris
3526 3322 3626 3376 pro
3654 3309 3794 3362 veris
3823 3321 3874 3362 et

2320 3397 2568 3465 genuinis
2623 3397 2993 3461 habebantur;
3069 3397 3300 3467 ideoque
3354 3412 3462 3452 non
3523 3398 3872 3466 improbabile

2320 3488 2643 3558 quibusdam
2685 3489 2952 3544 videbitur
2996 3488 3050 3542 S.
3101 3490 3440 3560 Fulgentium
3491 3491 3736 3562 aliosque
3789 3505 3878 3561 ge-

2321 3626 2514 3696 tjrmet,
2534 3634 2707 3680 tamen
2745 3629 2885 3682 inter
2906 3627 3088 3696 plures
3115 3637 3423 3681 sanctorum
3449 3628 3877 3682 orthodoxorum

2318 3694 2538 3765 Patrum
2562 3699 2890 3751 assertiones
2910 3694 3066 3765 ponit
3091 3706 3208 3765 post
3230 3696 3481 3764 Magnum
3495 3696 3876 3765 Athanasium,

2318 3774 2444 3819 ante
2466 3764 2781 3834 Gregorium
2809 3764 3230 3829 Nazianzenum,
3259 3765 3547 3818 Eusebium
3581 3764 3878 3819 Cassari'en-

2319 3851 2432 3889 sem
2462 3874 2476 3897 ,
2527 3837 2918 3892 conclamatum
2966 3837 3074 3906 jam
3133 3851 3272 3902 saepe
3321 3837 3388 3887 ab
3423 3834 3675 3906 omnibus
3726 3843 3880 3906 ante-

2319 3907 2601 3973 signanum
2633 3904 3217 3973 Arianorum,ejusque
3240 3915 3346 3958 tres
3378 3905 3671 3958 sententias
3701 3919 3766 3957 ex
3791 3904 3877 3956 di-

2320 3976 2494 4027 versis
2537 3976 2670 4045 locis
2697 3987 2945 4045 acceptas
2978 3974 3140 4028 refert
3170 3992 3183 4027 :
3219 3990 3337 4043 qua:
3361 3976 3577 4044 quidem
3605 3991 3766 4044 quam
3799 3977 3878 4026 in-

2318 4045 2478 4113 digna
2513 4045 2618 4098 sint
2643 4043 2855 4100 Gelasio
2894 4062 3027 4114 papa
3054 4087 3068 4108 .
3097 4060 3254 4097 nemo
3278 4043 3578 4114 nonvidet:
3606 4043 3875 4113 quamque

2319 4117 2528 4169 alienus
2571 4115 2641 4166 sit
2677 4126 2866 4170 auctor
2896 4113 2984 4170 ille
3013 4117 3078 4168 ab
3123 4116 3304 4182 aliquo
3337 4113 3532 4168 Latino
3575 4117 3866 4182 scriptore;

2318 4202 2442 4238 cum
2476 4186 2527 4237 in
2558 4200 2612 4238 re
2643 4193 2789 4238 tanta
2827 4188 3029 4240 nitatur
3056 4184 3364 4237 Graecorum
3396 4185 3662 4236 duntaxat
3688 4192 3862 4234 aucto-

2322 4257 2478 4308 ritate
2501 4295 2515 4317 ,
2562 4256 2646 4306 vix
2691 4253 2903 4309 duobus
2942 4254 3147 4309 Latinis
3177 4271 3239 4308 ex
3272 4254 3516 4322 plurimis
3547 4254 3598 4304 in
3635 4253 3870 4305 testimo-

2320 4327 2466 4376 nium
2515 4325 2778 4377 adductis.
2828 4326 2999 4390 Quam
3051 4340 3177 4376 vero
3217 4333 3436 4376 econtra
3480 4336 3540 4373 ea
3593 4322 3875 4374 conveniat.

2317 4393 2534 4449 Gelasio
2562 4394 2633 4445 illi
2670 4411 2697 4445 a
2735 4394 2922 4447 Photio
2951 4394 3217 4448 recensit'o
3237 4434 3249 4455 ,
3277 4405 3541 4459 cognosce
3561 4433 3575 4453 ,
3603 4392 3728 4443 dum
3760 4392 3873 4458 ipse

2318 4464 2370 4516 in
2389 4466 2534 4516 dicto
2560 4478 2720 4530 opere
2746 4464 2811 4517 de
2828 4464 3039 4518 Niczeno
3065 4465 3294 4516 concilio
3317 4461 3561 4514 eumdem
3583 4460 3872 4513 Eusebium

2318 4535 2702 4589 thsariensem
2736 4534 3024 4602 plurimum
3057 4532 3261 4596 laudat,
3289 4542 3342 4583 et
3370 4531 3539 4602 titulis
3568 4532 3872 4583 orthodoxa

656 4619 761 4672 que
807 4596 1127 4659 humilitatis
1172 4604 1357 4660 amore
1411 4596 1738 4670 conspicuus
1758 4596 1782 4660 ,’
1825 4596 2004 4655 clarus
2049 4606 2210 4658 etiam
2249 4596 2289 4649 Β
2319 4617 2516 4671 magno
2540 4604 2654 4656 viro
2698 4596 2873 4671 dignis
2897 4608 3350 4671 exornat,atque
3383 4601 3452 4654 ab
3477 4602 3624 4654 omni
3659 4602 3873 4672 Arianae

657 4683 967 4728 Sanctorum
1002 4677 1239 4728 virorum
1274 4675 1487 4727 Martini
1523 4673 1857 4726 Turonensis
1883 4674 2123 4741 episcopi
2159 4685 2213 4728 et

659 4745 865 4796 Paulini
897 4741 1155 4798 Nolensis‘
1180 4745 1370 4798 notitia
1390 4783 1404 4807 ,
1437 4743 1655 4813 scripsit
1689 4757 1794 4796 non
1821 4745 2211 4798 contemnenda

656 4815 934 4881 opuscula.
972 4833 990 4865 ι

728 4885 836 4950 (2|)
879 4884 1160 4954 Legendus
1203 4882 1562 4954 Baroniusﬁad
1600 4883 1802 4937 dictum
1839 4898 2039 4937 annum
2087 4881 2210 4945 496,

659 4956 876 5019 ηιιιημι,
919 4951 1036 5025 pag.
1063 4953 1189 5016 596,
1227 4962 1357 5006 tom.
1397 4951 1504 5005 VIII
1541 4955 1631 5006 cit.
1667 4955 1820 5014 edit.,
1859 4956 1945 5006 ubi
1977 4956 2090 5025 haec
2114 4968 2211 5005 nos

656 5025 813 5075 etiam
842 5024 1036 5080 docet:
1080 5045 1098 5078 ‹
1131 5025 1328 5078 Verum
1360 5039 1465 5075 non
1500 5040 1664 5076 unum
1691 5025 1955 5077 duntaxat
1978 5024 2207 5085 librum;

658 5093 747 5166 sed
784 5097 924 5160 quod
953 5097 1155 5166 grande
1183 5104 1238 5150 et
1268 5093 1584 5166 prgeclarum
1613 5109 1748 5162 opus
1773 5093 2086 5166 Gennadius
2113 5109 2210 5144 no-

659 5165 854 5235 minat,
899 5163 1240 5235 in'quiuqne
1287 5163 1456 5235 libros
1508 5163 1673 5235 [uisse
1712 5167 1996 5235 partitum
2023 5163 2208 5235 liquet.

659 5231 826 5284 Habet
865 5235 915 5287 id
954 5231 1098 5289 enim
1141 5231 1461 5289 Anastasius
1509 5231 1954 5289 Bibliothecarius
1985 5233 2037 5285 in
2075 5231 2212 5284 libro

662 5304 731 5355 Ue
764 5302 1012 5358 Romanis
1044 5307 1408 5375 ponti/icilius,
1444 5318 1578 5375 cuni
1598 5303 1825 5375 allii-inut
1855 5306 2118 5375 quinque
2147 5301 2212 5353 liv

660 5375 782 5426 bros
814 5369 1073 5429 adversus
1105 5369 1414 5431 Nestorium
1444 5382 1497 5426 et
1537 5369 1886 5441 Entycheteni
1930 5369 2209 5426 ab’eodent

653 5445 867 5515 Gelasio
920 5444 1087 5500 fuisse
1112 5456 1443 5515 corner-ptes
1466 5485 1477 5502 .
1509 5458 1632 5515 cum
1665 5449 1838 5494 tamen
1856 5443 2208 5515 _0pusculum,

653 5516 793 5584 quod
821 5514 1018 5568 Gelasii
1055 5521 1269 5571 nomine
1300 5513 1478 5570 exstat
1507 5513 1732 5575 editum,
1775 5513 1937 5568 unius
1967 5513 2086 5567 libri
2115 5527 2209 5580 pe.

657 5586 808 5638 riodo
839 5586 1176 5638 terininelur.
1214 5607 1231 5636 ι

725 5657 836 5722 (2'2)
880 5654 954 5707 Ad
984 5656 1184 5707 dictum
1217 5672 1415 5708 annum
1448 5654 1579 5718 496,
1615 5669 1669 5705 n.
1702 5649 1732 5700 7
1756 5692 1770 5713 ,
1796 5666 1847 5718 p.
1880 5651 2022 5705 596:
2062 5671 2079 5702 ‹
2108 5651 2209 5716 Qui

653 5727 900 5779 GCidSiU.‘
928 5727 996 5778 De
1021 5725 1221 5776 duabus
1251 5729 1450 5778 naturis
1476 5723 1795 5793 opusculum
1826 5723 1952 5774 illud
1973 5724 2208 5790 scripsit.

656 5815 772 5850 cum
808 5800 857 5850 in
891 5800 993 5849 line
1029 5798 1310 5864 prolitetur
1352 5813 1406 5848 se
1452 5795 1862 5853 catholicorum,
1887 5803 1945 5843 ut
1973 5794 2066 5855 ait,
2106 5810 2212 5846 ma-

661 5880 942 5925 .nstrorum
974 5863 1277 5922 testimonia
1304 5865 1513 5932 afferre,
1541 5865 1739 5937 quibus
1769 5881 1796 5917 a
1820 5879 1876 5916 se
1909 5863 2047 5916 dicta
2076 5879 2206 5918 con-

2315 4668 2535 4726 leci-esis
2593 4668 2901 4742 suspicione
2953 4673 3066 4726 vult
3113 4668 3463 4742 eXeiitptum,
3502 4672 3627 4723 dum
3694 4670 3871 4742 ipsum

2314 4759 2588 4811 nunquam
2636 4738 2765 4796 Ario
2817 4743 3162 4811 consensisse
3215 4754 3320 4811 no_n
3369 4741 3440 4793 sit
3482 4742 3687 4811 veritus
3737 4738 3875 4811 alitr-

2315 4808 2479 4891 mare.
2515 4832 2533 4863 ι
2571 4811 2850 4893 Legendus
2873 4808 3872 4893 Bellarminaspexerim.ecclesiasti-

2313 4883 2407 4945 cis,
2446 4882 2496 4932 in
2530 4883 2589 4934 S.
2626 4877 2834 4937 Gelasio
2869 4897 3006 4950 papa
3037 4890 3167 4934 toni.
3198 4877 3287 4932 VII
3315 4878 3476 4949 Oper.
3505 4881 3684 4933 citata:
3717 4879 3866 4942 edit.,

2313 4963 2432 5016 pag.
2479 4951 2593 5005 I87.

2384 4967 2690 5088 ῗὲὖῖδλῇυά
2725 5020 2899 5087 ipsum
2933 5017 3203 5072 Labbenm
3261 5022 3554 5074 ειῑαηιίηηι.

2385 5089 2496 5156 (2.4)
2539 5089 2762 5142 Dissert.
2803 5089 3056 5143 historica
3084 5089 3149 5139 ad
3181 5090 3273 5142 lib.
3311 5089 3388 5142 De
3416 5088 3594 5154 script.
3633 5089 3870 5141 ecclesia-

2311 5162 2456 5214 sticis
2488 5157 2794 5212 Bellarmini
2815 5199 2829 5222 ,
2863 5174 2985 5228 pag.
3017 5157 3138 5213 I88.

2384 5229 2519 5300 (25),
2540 5231 2616 5300 Aid
2647 5244 2856 5300 annum
2881 5226 3082 5300 dictum
3120 5229 3256 5295 496,
3288 5243 3440 5300 num.
3470 5226 3542 5300 ὅ,
3577 5242 3702 5298 pag.
3731 5228 3864 5294 538,

2313 5295 2442 5355 tom.
2477 5295 2590 5352 VIII
2621 5302 2809 5351 Annal.
2845 5299 3062 5354 Baronii
3092 5301 3240 5353 citat.
3277 5298 3549 5351 editionis.

2384 5372 2494 5441 (26)
2539 5370 2660 5423 ΙΙκο
2703 5379 2827 5424 sunt
2865 5373 3132 5441 rationum
3177 5369 3709 5441 inemen‘latquibus
3753 5367 3865 5421 Sir-

2314 5435 2545 5494 mundus
2585 5451 2636 5492 et
2674 5457 2738 5492 ex
2783 5455 2844 5493 eo
2881 5440 3030 5493 citati
3076 5451 3324 5490 auctores
3377 5435 3434 5488 S.
3475 5436 3689 5492 Gelasio
3729 5454 3864 5506 opus

2312 5511 2620 5574 hujusmodi
2652 5511 3027 5562 ascribendum
3063 5524 3182 5559 esse
3224 5518 3576 5574 prOpugnant.
3614 5508 3705 5562 His
3736 5509 3863 5561 Stib-

2312 5582 2499 5635 scribit
2535 5581 2694 5633 etiam
2739 5581 2881 5631 Cave
2925 5581 3121 5644 Script.
3181 5575 3358 5629 eccies.
3415 5578 3537 5630 hist.
3569 5580 3860 5640 litterario,

2313 5661 2442 5704 tom.
2474 5649 2513 5710 I,
2548 5665 2665 5716 pag.
2698 5650 2820 5700 465.

2383 5722 2492 5789 (‘27)
2539 5721 2609 5770 De
2626 5715 3277 5789 institutionedirinorunt
3306 5717 3624 5778 litterarum,
3655 5735 3770 5786 cap.
3803 5715 3860 5783 8,

2316 5787 2439 5847 toni.
2478 5789 2790 5856 llOperum,
2813 5802 2928 5856 pag.
2951 5787 3073 5851 545,
3100 5790 3225 5840 edit.
3252 5788 3567 5857 Rothomagi
3596 5789 3860 5847 an.16?9.
3907 5837 3922 5848 .

2385 5863 2495 5936 (28)
2539 5860 2818 5929 Legendus
2843 5859 2982 5917 Gave
3013 5872 3141 5915 tom.
3177 5861 3192 5914 Ι
3229 5863 3413 5926 citato,
3447 5878 3570 5932 pag.
3599 5860 3716 5916 501.
