4078 6348
184 450 285 510 505

960 462 1048 520 DE
1077 462 1467 522 PORTUENSI
1508 467 1564 523 S.
1600 467 1960 525 BIPPOLYTI
1994 472 2184 528 δεῦε.
2224 505 2294 514 -
2328 476 2509 531 PARS
2541 477 2604 532 ll.

3284 486 3389 542 506

184 572 413 626 auinam
443 572 505 627 S.
540 574 739 629 Gelasii
777 590 927 644 papa:
950 592 1085 646 opus
1113 593 1221 631 non
1252 580 1449 635 vidisse
1483 582 1613 651 (29),
1646 584 1740 639 sed
1770 592 1816 645 Α
1840 588 2066 641 omnino
2099 600 2291 659 negat,
2338 591 2397 647 S.
2428 591 2771 665 Hippolytum
2814 594 3096 653 Portuensi
3138 597 3391 657 Ecclesia

185 665 287 717 hoc
329 665 695 732 opusculum,
741 666 868 719 dum
923 669 1222 734 scriberet,
1276 671 1327 723 in
1362 682 1607 740 promptu
1651 674 1741 727 ha-

185 754 391 809 buisse.
430 757 537 810 Alii
563 772 712 821 vero,
736 759 829 827 qui
862 759 1169 824 hujusmodi
1198 763 1361 817 libelli
1393 764 1739 817 S.Gelasium

186 856 377 909 papam
412 852 691 896 auctorem
730 859 849 899 esse
881 846 1247 913 contendunt,
1282 851 1394 905 haec
1423 852 1489 904 de
1521 852 1575 905 S.
1611 852 1740 905 Ful-

186 932 365 998 gentio
393 946 501 983 non
534 933 651 985 sine
678 932 873 1001 injuria
910 936 1259 1006 scribi/posse
1296 939 1577 1007 judicant;
1617 956 1740 994 cum

184 1009 398 1074 difﬁcile
442 1022 575 1089 ipsis
622 1023 866 1078 videatur
914 1034 1120 1079 tantum
1166 1028 1338 1082 virum
1399 1030 1469 1082 ita
1517 1032 1745 1099 turpiter

186 1109 357 1165 fuisse
388 1112 781 1168 hallucinatum
807 1155 825 1182 ,
872 1124 930 1170 ut
976 1118 1267 1186 genuinum
1310 1119 1506 1174 Gelasii
1550 1137 1684 1188 opus
1711 1138 1742 1176 a

187 1202 532 1271 supposititio
558 1220 837 1260 secernere
866 1208 1170 1273 nesciverit,
1206 1209 1333 1263 dum
1359 1212 1457 1263 tria
1501 1212 1743 1265 luculen-

192 1292 402 1346 tissima
429 1294 736 1347 testimonia
776 1310 841 1347 ex
876 1295 993 1360 ipso
1023 1296 1305 1364 desumpta
1335 1298 1389 1349 in
1428 1298 1642 1351 laudato
1678 1300 1745 1351 li-

200 1383 298 1437 bro
325 1385 578 1438 recitavit.
621 1384 729 1439 Nec
780 1387 997 1447 mirum.
1045 1388 1329 1455 inquiunt,
1366 1388 1585 1441 cuilibet
1624 1372 1744 1443 esse

202 1472 369 1533 debet,
404 1474 448 1524 si
482 1470 538 1524 S.
571 1473 822 1528 Gelasius
853 1491 985 1543 papa
1026 1476 1191 1529 multa
1222 1491 1287 1530 ex
1318 1476 1531 1530 Eusebii
1565 1477 1744 1533 Caesa—

204 1562 388 1615 riensis
417 1562 674 1630 operibus
712 1565 1016 1618 testimonia
1049 1565 1447 1635 desumpserit,
1494 1584 1615 1636 qua:
1660 1577 1743 1621 ta-

193 1671 312 1709 men
361 1656 416 1709 in
470 1655 685 1709 decreto
715 1658 781 1709 de
815 1658 966 1711 libris
1012 1659 1331 1727 recipiendis
1371 1668 1424 1712 et
1454 1676 1573 1713 non
1605 1660 1745 1714 reci-

191 1747 401 1816 piendis
453 1746 591 1800 inter
627 1748 968 1817 apocrypbos
1002 1750 1115 1816 ipse
1156 1750 1446 1817 rejecerat;
1480 1767 1601 1804 nam
1624 1789 1639 1813 ,
1688 1760 1747 1806 ut

190 1837 375 1893 docuit
419 1838 818 1890 eruditissimus
851 1840 1043 1905 priesul
1085 1837 1273 1892 Justus
1319 1839 1655 1897 Fontaninus
1688 1843 1741 1895 in

1842 677 2149 744 praefuisse,
2197 682 2323 734 dum
2384 698 2415 734 v
2476 685 2673 737 saeculo
2722 684 2999 741 desinente
3054 688 3155 743 hoc
3203 687 3392 746 Roma:

1841 783 2066 835 prorsus
2093 771 2329 841 ignotum
2356 772 2549 838 fuerit;
2594 790 2779 829 verum
2821 794 2943 830 eum
2974 778 3200 847 hujusce
3229 782 3389 836 libelli

1844 856 1899 911 S.
1923 856 2194 913 Gelasium
2227 878 2415 931 papam
2441 876 2714 918 auctorem
2738 869 3011 922 exstitisse
3042 879 3153 923 tuto
3183 870 3389 926 ﬁrmari

1842 965 1946 1003 non
2004 953 2204 1019 possit,
2256 936 2511 1007 Romana:
2567 954 2819 1010 Ecclesia:
2871 958 2939 1011 de
3001 956 3063 1013 'S.
3126 959 3392 1032 Hippolyti

1842 1041 1967 1093 sede
1997 1042 2340 1097 traditionem
2376 1044 2429 1097 in
2460 1044 2561 1098 hoc
2605 1046 2793 1101 eodem
2840 1049 3021 1104 libello
3064 1050 3262 1107 frustra
3307 1068 3393 1107 re-

1841 1134 2128 1203 quit-imus.

1842 1245 1982 1299 XIV.
2016 1246 2336 1301 Hcterodoxi
2359 1249 2523 1310 libelli
2559 1250 2619 1302 de
2637 1251 2838 1310 duabus
2864 1252 3067 1307 naturis
3099 1256 3395 1309 testimonio

1911 1333 2178 1384 perperam
2234 1320 2836 1373 traimubstautiationis
2888 1325 3191 1391 mysterium
3232 1341 3395 1394 oppu-

1914 1403 2075 1455 gnare
2104 1397 2379 1441 conantur.

1915 1474 2272 1539 Quamobrem
2327 1477 2488 1530 etiam
2543 1478 2806 1531 miramur
2855 1480 3119 1548 quosdam
3184 1479 3394 1535 hetero-

1842 1566 2035 1629 doxos,
2068 1568 2157 1635 qui
2186 1582 2342 1620 veras
2375 1568 2599 1632 criticte,
2624 1578 2681 1621 ut
2714 1570 2898 1633 aiunt,
2940 1571 3153 1637 regulas
3178 1572 3391 1637 callent,

1844 1656 2101 1723 neglectis
2145 1662 2222 1708 tot
2264 1657 2610 1723 antiquorum
2644 1655 2862 1709 Patrum
2916 1659 3272 1721 testimoniis,
3328 1668 3423 1712 ex'

1846 1746 1949 1800 hoc
1983 1746 2155 1799 dubiae
2182 1746 2301 1799 tidei
2338 1747 2537 1814 scripto
2580 1747 2845 1800 deducere
2874 1749 3098 1814 conari,
3146 1748 3202 1803 S.
3236 1749 3397 1804 Gela-

1847 1836 1987 1889 sium
2039 1852 2230 1904 papam
2266 1838 2634 1906 augustissimi
2674 1837 3027 1892 Eucharistize
3074 1840 3395 1895 sacramenti

192 1942 353 1997 Opere
384 1929 459 1981 De
484 1929 884 1997 antiquitatibus
917 1928 1061 1983 Orta:
1086 1930 1218 1999 (30),
1240 1930 1391 1985 libris
1419 1932 1522 1983 illis
1551 1931 1607 1985 S.
1639 1932 1744 1988 Ge-
1773 1912 1815 1965 Β
1844 1929 2499 1983 transsubstantiationem
2553 1945 2809 1998 negasse;
2860 1944 2981 1982 cum
3033 1930 3087 1983 in
3127 1929 3396 1998 genuinis,
3430 2002 3433 2005 _

194 2022 363 2075 Iasius
415 2036 521 2073 non
568 2034 633 2073 eo
677 2018 781 2073 line
829 2021 1119 2089 apocryphi
1170 2030 1349 2074 notam
1404 2022 1638 2088 inussit,
1687 2033 1748 2078 ut

200 2119 436 2165 moneret
469 2109 763 2163 catholicos
786 2110 931 2164 viros
966 2125 1031 2163 ne
1058 2109 1187 2178 ipsis
1216 2112 1376 2164 ullam
1431 2112 1748 2166 adhiberent

200 2203 379 2264 tidem,
425 2217 491 2253 eo
531 2200 675 2270 quod
721 2201 1016 2256 haeresibus
1071 2210 1370 2267 scaterent,
1402 2204 1494 2256 sed
1526 2212 1583 2255 ut
1615 2203 1747 2271 ipsis

194 2291 509 2346 canonicam
549 2298 759 2343 tantum
792 2291 1167 2344 auctoritatem
1196 2292 1539 2359 denegarem.
1576 2292 1747 2345 Anto-

194 2382 315 2435 nius
340 2380 614 2433 Arnaldus
652 2380 705 2433 in
740 2379 942 2432 eximio
974 2380 1066 2432 illo
1096 2395 1257 2448 opere
1296 2381 1554 2434 adversus
1582 2380 1745 2435 Clau-

192 2469 337 2523 dium
372 2469 867 2523 Charentonensem
899 2480 1229 2538 canet-osque
1264 2470 1614 2526 Calvinianos
1645 2488 1744 2541 pro

192 2570 539 2617 sacrosancto
562 2558 916 2613 Eucharistim
940 2570 1279 2614 sacramento
1305 2571 1413 2614 tam
1448 2562 1747 2617 luculenter

199 2653 524 2720 «inscripto,
548 2650 779 2703 mediam
813 2651 1092 2718 proﬁtetur
1121 2652 1465 2714 sententiam,
1499 2653 1747 2707 videlicet

199 2742 294 2797 hoc
324 2744 669 2811 opusculum,
693 2742 834 2810 quod
867 2757 1007 2795 nunc
1035 2750 1297 2809 superest,
1318 2757 1436 2795 esse
1476 2742 1746 2811 fragmen-

192 2843 303 2887 tum
336 2832 514 2901 magni
543 2819 724 2900 operis
756 2828 813 2884 S.
846 2830 1044 2884 Gelasii
1087 2846 1236 2899 papae
1290 2832 1550 2887 adversus
1582 2831 1745 2903 Euty-

186 2925 401 2978 chetem
438 2923 570 2990 (3|).
613 2920 810 2976 Verum
870 2924 1356 2991 quomodocunque
1386 2938 1504 2976 sese
1536 2939 1621 2977 res
1656 2926 1747 2976 ha-

182 3014 337 3077 beat,
396 3013 532 3065 hauc
576 3011 938 3081 quaestionem
993 3013 1124 3065 viris
1175 3013 1513 3067 doctioribus
1563 3014 1743 3066 discu-

183 3103 428 3158 tiendam
477 3101 847 3170 relinquimus.
880 3100 1045 3155 Nobis
1096 3104 1470 3156 tantummodo
1514 3104 1744 3159 sulliciat

180 3193 450 3261 probasse
504 3191 768 3244 incertum
828 3192 1003 3243 adhuc
1045 3205 1163 3242 esse
1208 3207 1333 3243 num
1382 3192 1438 3242 S.
1496 3190 1743 3247 Gelasius

186 3298 323 3351 papa
356 3284 516 3351 hujus
545 3283 707 3336 libelli
740 3292 929 3336 auctor
957 3283 1245 3345 exstiterit,
1274 3284 1566 3351 quominus
1604 3299 1743 3352 opus

188 3374 315 3426 illud
343 3382 602 3441 tanquam
649 3375 939 3441 genuinum
982 3383 1030 3426 et
1066 3374 1259 3442 grande
1300 3375 1469 3442 ipsius
1507 3374 1741 3428 volumen

194 3474 369 3520 contra
399 3465 757 3536 Eutychetem
790 3467 852 3520 de
898 3470 1101 3520 duabus
1132 3468 1335 3521 naturis
1377 3468 1430 3519 iu
1456 3467 1663 3521 Christo
1711 3485 1743 3523 a

193 3558 341 3611 nobis
374 3559 584 3626 suscipi
627 3559 832 3613 debeat.
885 3560 1221 3629 Quapropter
1253 3560 1550 3613 doctissimi
1584 3560 1746 3614 Tille-

188 3650 375 3702 montii
423 3649 537 3717 (39.)
575 3660 955 3719 argumentum
1007 3651 1217 3720 penitus
1251 3653 1517 3715 concidit,
1551 3654 1640 3721 qui
1676 3669 1738 3707 ex

118 3809 127 3816 κ
185 3739 287 3793 hac
313 3739 513 3793 Gelasii
546 3756 728 3808 papae,
763 3751 819 3794 ut
849 3743 962 3811 ipse
995 3741 1219 3797 credidit
1240 3782 1254 3805 ,
1287 3742 1354 3796 de
1387 3742 1443 3796 S.
1473 3742 1741 3813 llippolyti

181 3832 313 3891 sede
340 3832 629 3895 sententia,
654 3834 865 3887 etiamsi
890 3833 979 3886 illa
1008 3830 1321 3901 longissime
1350 3850 1380 3887 a
1414 3850 1538 3888 vero
1559 3836 1740 3898 distet,

253 3988 364 4058 (29)
389 3987 558 4042 Recte
582 3988 632 4039 in
656 3989 794 4041 hanc
818 4003 930 4058 rem
954 3986 1066 4040 hrec.
1084 3987 1633 4058 scribitBaroninsad
1655 3986 1741 4058 dif

181 4055 493 4114 ctum'ann.
523 4058 645 4118 496,
667 4075 719 4113 η.
746 4059 778 4111 Ξ)
800 4076 812 4111 :
837 4075 853 4105 ι
885 4057 937 4108 Si
970 4066 1207 4123 tempore
1222 4055 1740 4111 CassiodoriGelasii

183 4130 433 4195 aqualis,
461 4128 574 4180 sive
603 4128 720 4196 ipso
747 4128 956 4180 Gelasio
977 4127 1207 4187 vivente,
1241 4129 1351 4180 sive
1382 4126 1557 4192 potius
1582 4125 1742 4192 paulo

182 4209 304 4269 post
333 4201 457 4267 ejus
500 4197 705 4269 obitum
734 4236 749 4255 .
796 4205 1001 4256 tantum
1046 4197 1198 4269 nefas
1227 4196 1441 4269 aggredi
1472 4211 1613 4269 _ausa
1661 4205 1744 4247 est

183 4263 378 4321 auilax'
417 4268 792 4320 haereticorum
849 4266 1229 4331 praesumptio,
1268 4263 1343 4317 ut
1399 4263 1740 4334 Pclagianum

185 4352 319 4403 opus
344 4336 550 4389 Gelasii
586 4338 802 4389 nomine
823 4335 1169 4401 praenatarit;
1202 4336 1329 4402 quid
1363 4333 1496 4386 adeo
1540 4336 1744 4385 miran-

178 4402 306 4458 dum
356 4407 407 4461 si
453 4404 934 4459 commentariolus
981 4402 1100 4463 ille,
1150 4406 1215 4457 de
1243 4420 1349 4472 quo
1382 4412 1462 4455 est
1494 4404 1739 4470 quaestio,

176 4476 425 4542 ejusdem
480 4475 699 4528 nomine
744 4473 1049 4526 inveniatur
1089 4475 1296 4542 eodem
1330 4483 1567 4540 tempore
1622 4488 1741 4525 esse

175 4541 474 4612 vulgatus?
504 4564 522 4594 ι
569 4543 633 4597 Et
661 4558 813 4598 num.
838 4542 889 4604 7,
923 4542 1013 4595 ubi
1046 4543 1155 4610 agit
1182 4545 1246 4595 de
1270 4541 1478 4595 Joanne
1508 4558 1641 4611 papa
1675 4542 1737 4601 11,

1845 2034 1966 2087 quae
2007 2030 2325 2087 supersunt,
2366 2020 2631 2089 epistolis,
2678 2022 2862 2075 eadem
2900 2021 3000 2075 SS.
3060 2019 3298 2089 pontifex
3332 2022 3399 2076 de

1846 2109 2448 2163 transsubstantiatione
2476 2110 2753 2172 docuerit,
2780 2125 2900 2177 quae
2930 2109 3264 2163 tradiderunt
3295 2124 3399 2163 an-

1846 2197 2134 2265 tiquissimi
2183 2198 2370 2253 Patres
2418 2196 2708 2267 Origenes,
2755 2198 3023 2259 lremeus.
3054 2200 3398 2271 Cyprianus,

1844 2287 2043 2355 aliique
2074 2288 2183 2358 ('53)
2205 2328 2219 2351 ,
2249 2304 2479 2353 quorum
2509 2289 2933 2343 luculentissima
2958 2290 3268 2344 testimonia
3291 2306 3398 2344 non

1845 2395 1954 2433 uno
1984 2381 2035 2433 in
2064 2381 2182 2433 loco
2223 2382 2409 2433 recitat
2437 2382 2503 2435 cl.
2533 2382 2834 2435 monachus
2863 2382 3137 2450 Remigius
3181 2381 3399 2435 Ceillie-

1845 2467 1959 2523 rius
2000 2468 2133 2539 (54).
2184 2467 2442 2535 Quinimo
2490 2484 2554 2524 ex
2607 2471 2851 2541 ipsismet
2896 2470 3097 2525 laudati
3153 2466 3397 2539 opusculi

1844 2559 2061 2624 verbis,
2114 2576 2235 2628 quae
2285 2561 2438 2614 nobis
2487 2577 2681 2630 magno
2710 2561 2947 2614 clamore
2983 2562 3218 2615 th-retici
3262 2560 3398 2628 obji-

1844 2647 2032 2713 ciunt,
2071 2649 2205 2701 nihil
2239 2652 2429 2704 deduci
2470 2660 2643 2719 potest
2686 2654 2827 2721 quod
2864 2653 3145 2707 sententia:
3187 2650 3403 2707 hetero?

1845 2740 2111 2794 doxorum
2162 2741 2368 2806 faveat;
2404 2744 2561 2795 verba
2593 2744 2735 2796 enim
2781 2744 2869 2796 illa
2900 2760 2914 2797 :
2956 2762 2974 2794 ι
3003 2744 3159 2798 Certa
3211 2757 3397 2799 sacra-

1846 2840 2047 2895 menta,
2077 2848 2197 2899 qua:
2222 2832 2508 2892 sumimus.
2540 2832 2784 2900 corporis
2809 2845 2863 2887 et
2892 2834 3174 2901 sanguinis
3194 2832 3397 2891 Christi

1844 2922 2022 2974 divina
2054 2937 2139 2974 res
2169 2931 2250 2975 est
2274 2963 2289 2984 .
2322 2932 2541 2990 propter
2565 2924 2729 2991 quod,
2765 2931 2819 2977 et
2850 2939 2943 2992 per
2970 2925 3155 2976 eadem
3200 2924 3398 2981 divina:

1842 3012 2102 3065 etlicimur
2132 3022 2411 3067 consortes
2441 3023 2680 3077 naturae,
2712 3024 2765 3068 et
2795 3024 2973 3069 tamen
3006 3030 3127 3069 esse
3164 3031 3269 3070 non
3301 3019 3419 3071 de-i

1845 3102 1972 3155 sinit
2010 3102 2312 3155 substantia
2339 3143 2354 3165 ,
2398 3103 2479 3156 vel
2512 3115 2702 3159 natura
2750 3106 2905 3174 panis
2951 3113 3006 3159 et
3046 3105 3154 3158 viui
3200 3105 3340 3176 (35);
3370 3123 3395 3159 ι

1844 3211 1949 3248 non
1975 3206 2100 3249 sunt
2127 3197 2455 3265 accipienda,
2480 3201 2934 3268 quemadmodum
2957 3199 3209 3253 Albertus
3231 3198 3397 3265 Clau-

1842 3288 1962 3341 dius
1996 3287 2141 3354 (56),
2186 3297 2238 3342 et
2271 3306 2439 3358 nuper
2473 3290 2793 3345 Guilielmus
2828 3291 2970 3344 Cave
3002 3290 3146 3358 ‘37),
3198 3291 3398 3359 aliique

1844 3379 2190 3445 heterodoxi,
2239 3381 2769 3449 quisacrameutarii
2818 3383 3103 3447 dicuntur,
3133 3381 3396 3449 interpre-

1842 3480 2044 3536 tantur,
2074 3472 2231 3541 quasi
2258 3472 2529 3537 Gelasius,
2561 3487 2652 3524 seu
2682 3472 2929 3539 quisquis
2973 3473 3045 3525 sit
3071 3471 3232 3539 hujus
3260 3485 3395 3539 opu-

1842 3565 1975 3619 sculi
2004 3573 2211 3629 auctor,
2233 3565 2284 3617 in
2313 3563 2654 3617 sanctissimo
2680 3560 3030 3616 Eucharistiae
3056 3572 3394 3618 sacramento
3411 3626 3423 3637 ,

1844 3668 1965 3727 post
1994 3655 2452 3712 consecrationem
2497 3670 2677 3707 veram
2717 3654 2873 3722 panis
2921 3654 3275 3707 substantiam
3307 3669 3393 3707 re-

1844 3764 2058 3802 manere
2112 3747 2414 3801 crediderit.
2477 3744 2643 3798 Voces
2720 3745 2865 3797 enim
2924 3744 3027 3797 illa;
3080 3743 3263 3807 οὐσίας
3338 3751 3391 3807 et

1842 3840 2053 3907 φύσεως
2102 3836 2242 3906 apud
2283 3836 2499 3891 Grtecos
2520 3877 2535 3901 ,
2562 3816 2893 3888 substantia:
2921 3842 2975 3888 et
3004 3846 3207 3887 natura
3250 3834 3393 3905 apud

1840 3994 1905 4047 de
1940 4000 2090 4045 textu
2119 4006 2185 4045 ex
2222 3991 2403 4045 libello
2436 3992 2493 4045 S.
2523 3991 2720 4045 Gelasii
2754 3991 3039 4056 desumpta
3067 4003 3080 4037 :
3125 4007 3143 4039 ι
3180 3986 3254 4040 Le
3278 4002 3387 4055 pre-

1841 4068 1976 4136 mier
2019 4065 2084 4114 dc
2118 4077 2205 4136 ces
2240 4071 2457 4136 ante-_urs
2497 4074 2580 4136 est
2616 4063 2662 4136 le
2686 4075 2842 4136 _pape
2890 4060 3111 4118 Gélase,
3152 4061 3280 4136 deut
3314 4058 3393 4113 les

1841 4132 2118 4185 ministres
2161 4134 2227 4184 de
2280 4132 2403 4184 llale
2435 4144 2528 4183 ont
2559 4130 2654 4181 [ait
2686 4130 2959 4194 imprimer
2992 4144 3059 4179 un
3097 4130 3286 4194 traite,
3315 4142 3389 4180 ou

1843 4204 2015 4271 plntdt
2047 4218 2115 4252 un
2151 4201 2415 4271 fragment
2440 4209 2625 4271 cxintre
2650 4192 2988 4271 Ies‘hérésies
3014 4196 3078 4246 de
3109 4192 3389 4271 Nestorius

1840 4263 1893 4326 et
1925 4263 2269 4339 tl‘Eutyelies,
2301 4270 2390 4337 qui
2422 4277 2514 4339 est,
2539 4264 2988 4339 trésodél'ectuenx
3031 4272 3083 4339 et
3109 4263 3386 4339 tres-plent

1839 4344 1905 4395 de
1939 4333 2145 4402 iantes,
2180 4333 2388 4391 comme
2417 4336 2676 4389 Aubertin
2713 4338 2887 4387 mente
2928 4342 3012 4386 est
3034 4333 3209 4403 obligé
3241 4335 3307 4388 de
3338 4334 3389 4388 lo

1841 4411 2202 4464 reeunnaitre.
2252 4426 2269 4456 ι

1911 4478 2033 4549 (52)
2063 4476 2267 4549 Szepius
2300 4476 2465 4549 citato
2510 4482 2643 4549 tom.
2692 4472 2794 4549 lll_,
2838 4488 2959 4549 pag.
2993 4471 3279 4549 6733.,notc
3317 4468 3384 4549 2,

1839 4541 1934 4603 sur
1960 4541 2101 4599 saint
2130 4544 2453 4615 Hippolyte;
2493 4563 2509 4615 ᾳ
2542 4541 2709 4607 Mais,
2746 4545 2811 4615 de
2843 4541 2969 4612 plus
2992 4583 3006 4605 ,
3039 4541 3244 4615 _s‘il_est
3268 4541 3383 4615 vrai

172 4608 443 4681 qui-citat
494 4614 803 4679 liujusmodi
845 4627 981 4679 Opus
1029 4608 1321 4685 iii—epistol.
1372 4614 1438 4663 ad
1487 4608 1735 4685 Arienum
1768 4608 1810 4661 D
1839 4632 1942 4685 quc
1970 4616 2016 4666 le
2043 4626 2174 4683 pape
2196 4608 2385 4668 'G'éIaSe
2421 4614 2530 4666 l’ait
2563 4629 2657 4666 cru
2695 4608 3088 4685 metropolitani
3113 4608 3382 4685 d’Aranie,

171 4684 417 4750 aliosque
450 4693 737 4741 senatores,
787 4698 905 4750 quae
934 4688 1014 4732 est
1047 4698 1196 4735 num.
1228 4683 1367 4750 3,»et
1396 4683 1648 4749 repetitur
1687 4681 1736 4730 in

172 4748 387 4807 tomav
425 4750 642 4805 Collect.
677 4748 1015 4805 conciliorum
1037 4792 1049 4813 ,
1086 4766 1204 4818 pag.
1235 4748 1337 4804 896
1366 4748 1494 4804 edit.
1532 4750 1739 4802 Veneta:

167 4839 300 4878 ann.
342 4820 512 4883 1728,
542 4822 618 4876 ait
642 4823 795 4875 citari
824 4824 1037 4889 quidem
1064 4820 1365 4889 Gelasium,
1413 4822 1503 4874 sed
1535 4822 1739 4889 absque

167 4893 284 4946 ullo
321 4891 553 4944 Romani
584 4887 853 4957 pontiﬁcis
880 4890 1053 4944 titulo.
1084 4887 1350 4949 Incertum
1378 4900 1459 4941 est
1491 4888 1733 4953 p.oinde,

166 4978 235 5015 an
274 4961 556 5015 Gelasium
592 4975 781 5028 papam
817 4958 1052 5013 Joannes
1095 4960 1446 5013 intellexerit;
1477 4975 1540 5009 eu
1575 4958 1735 5009 verba

166 5034 355 5100 ipsius
397 5028 623 5100 Joannis
668 5045 785 5096 pag.
822 5028 925 5100 898
958 5045 1027 5100 ενι
1060 5030 1304 5083 Gelasius
1347 5044 1412 5082 ex
1459 5028 1597 5079 libro
1637 5028 1735 5079 ad-

169 5099 373 5155 versus
410 5099 707 5153 Nestorium
733 5109 786 5151 et
822 5099 1133 5167 Eutychen),
1173 5118 1192 5149 ι

238 5173 363 5241 (5d)
408 5169 525 5224 Lib.
564 5183 635 5230 ιι,
667 5182 786 5244 cap,
813 5168 873 5229 5,
906 5165 939 5238 ς
962 5169 1027 5229 5,
1058 5184 1176 5244 pag,
1209 5165 1313 5244 217
1339 5174 1391 5217 et
1422 5180 1569 5244 seqq.
1592 5166 1735 5244 ,_ubi

166 5236 420 5310 quonam
452 5253 612 5310 sensu
646 5241 867 5310 verbum
905 5236 1196 5310 apocrypha
1246 5236 1319 5287 sit
1364 5236 1732 5310 accipiendum

166 5307 381 5364 diserte
444 5309 629 5362 multis
687 5308 860 5359 allatis
931 5309 1295 5359 eruditionum
1368 5307 1735 5359 monumentis

166 5380 437 5435 ostendit.
471 5377 677 5431 Decreti
708 5375 977 5430 Gelasiani
1008 5379 1119 5427 haec
1152 5384 1277 5427 sunt
1304 5378 1494 5428 verba:
1526 5376 1736 5429 cllisto-

167 5451 249 5503 ria
296 5448 527 5503 Eusebii
580 5447 842 5515 Pamphili
890 5446 1215 5515 apocrypha.
1252 5463 1267 5491 ι
1308 5442 1437 5515 Vide
1484 5446 1735 5513 l‘rolego-

166 5534 333 5575 rnena
408 5521 476 5572 ad
546 5512 1069 5584 Vitas—pontificum
1129 5512 1344 5577 Josephi
1422 5512 1731 5578 lllanchini,

204 5606 291 5655 ag.
350 5588 456 5648 (i7,
504 5599 633 5642 tom.
693 5586 753 5641 IV
804 5588 930 5639 edit.
982 5585 1163 5637 Romae
1210 5584 1377 5645 1735,
1419 5586 1506 5637 ubi
1556 5589 1731 5653 ipsum

188 5660 224 5711 5.
252 5658 461 5713 Gelasii
493 5659 767 5711 decretum
798 5666 1135 5709 cincnnatum
1173 5656 1416 5707 habetur.

240 5728 360 5794 (3|)
396 5729 472 5779 La
504 5728 788 5795 perpétuité
814 5730 873 5779 de
907 5726 957 5777 la
995 5727 1067 5793 fui
1102 5727 1164 5776 de
1195 5724 1409 5791 l‘Eglise
1443 5724 1731 5789 cat/talique

169 5800 431 5855 tout'hant
480 5796 850 5849 l’Euc/aart'stt'e
892 5797 1174 5860 defendite,
1224 5797 1312 5846 lin.
1354 5811 1412 5852 ν,
1465 5810 1580 5858 cap.
1634 5796 1726 5854 10,

172 5886 308 5928 tum.
350 5866 415 5919 lLl
439 5908 452 5933 ,
490 5882 611 5935 pag.
648 5868 752 5924 228
784 5866 910 5919 edit.
946 5866 1113 5919 Paris.
1150 5882 1272 5919 ann.
1314 5864 1465 5925 170$,
1499 5864 1583 5915 ubi
1620 5866 1726 5931 agit

1838 4678 2248 4756 quand'meme
2296 4686 2331 4737 il
2379 4699 2436 4737 se
2486 4686 2649 4737 serait
2692 4678 2901 4756 trompe
2939 4697 3010 4756 en
3059 4683 3205 4740 cela,
3254 4678 3385 4756 c'est

1840 4753 2154 4809 neanmoins
2202 4771 2306 4809 une
2356 4770 2552 4826 prenve
2604 4753 3182 4826 manifest_e_qu'ou_u_e
3216 4753 3385 4826 savait

1838 4826 1988 4893 point
2021 4826 2051 4878 ἐι
2082 4826 2278 4888 Home,
2315 4815 2370 4878 s'
2394 4825 2440 4875 la
2486 4826 2554 4875 tiu
2587 4824 2655 4873 du
2690 4830 2742 4872 ν·
2790 4815 3385 4893 ξὶἐςιὲηρυη1χὺξιὲιό

1837 4882 2037 4958 ἓνέεμιε
2076 4896 2125 4946 ni
2160 4896 2186 4948 ii
2223 4882 2400 4953 Porto,
2429 4893 2479 4943 ni
2515 4908 2579 4943 en
2607 4907 2781 4943 aucun
2802 4883 2970 4943 Ἔμεινε
2996 4882 3096 4940 lieu
3124 4882 3378 4938 d’ltalie.»

1907 4966 2018 5031 (55)
2082 4965 2154 5017 De
2200 4962 2585 5032 augustissimo
2636 4960 2986 5032 Eucharistim
3042 4964 3384 5031 sacramento

1837 5038 2003 5088 multa
2049 5031 2516 5103 scripsit’citatus
2548 5031 2817 5103 Arnaldus
2848 5032 2917 5103 _iu
2948 5038 3161 5103 egregio
3196 5039 3379 5103 opere,

1836 5108 1994 5173 cujus
2039 5096 2285 5170 superius
2321 5100 2646 5174 mentignem
2702 5098 3017 5174 habuimus,
3045 5096 3151 5174 subi
3195 5096 3379 5173 multis

1837 5162 1920 5227 in'
1944 5174 2075 5225 locis
2105 5162 2428 5223 sanctorum
2482 5166 2701 5222 Patrum
2731 5163 3010 5222 sententia
3037 5173 3089 5216 et
3121 5162 3379 5217 doctrina

1837 5243 2197 5312 reperiuntur.

1908 5304 2017 5380 (5t)
2058 5308 2359 5380 Praesertim
2394 5318 2527 5364 tom.
2554 5306 2574 5359 1
2603 5306 2744 5359 Hist.
2765 5304 3146 5380 _générale_dcs_
3168 5313 3377 5380 autcum

1835 5371 2010 5435 sacres
2042 5388 2090 5429 et
2127 5378 2569 5450 ecclesiastiques,
2598 5393 2716 5441 cap.
2756 5371 2849 5450 ll,
2882 5384 2984 5428 art.
3015 5376 3067 5450 ξ,
3097 5374 3183 5450 ubi
3210 5371 3377 5450 refer-

1836 5460 1923 5503 tur
1975 5449 2219 5501 doctrina
2265 5452 2321 5502 ὃ.
2373 5443 2557 5517 lgiiatii
2604 5447 2854 5514 martyris
2900 5449 2965 5501 de
3013 5443 3371 5507 Eueharistia,

1834 5535 1982 5571 num.
2017 5519 2067 5579 ii,
2102 5534 2217 5585 pag.
2254 5520 2374 5572 660.

1904 5586 2012 5655 (55)
2058 5578 2221 5655 Α’ριίῖ]
2274 5584 2671 5655 Baconiumhad
2720 5585 2918 5639 dictum
2973 5597 3172 5637 annum
3226 5578 3367 5644 ‘96,

1834 5652 1981 5711 nuin.
2016 5658 2066 5713 1),
2109 5652 2223 5725 pug.
2257 5658 2378 5713 597.
2409 5665 2535 5705 tom.
2573 5652 2680 5706 Vill
2711 5657 2799 5708 cit.
2837 5659 2964 5709 edit.

1902 5729 2009 5797 (56p
2059 5718 2331 5795 Lege-intus
2356 5724 2625 5778 Arnaidus
2661 5729 2818 5779 citaio
2852 5741 2985 5779 tum.
3019 5720 3105 5783 lli,
3132 5732 3249 5789 cap.
3279 5718 3383 5786 10,”

1831 5799 2356 5869 pas-,B'IZNSWI-
2654 5864 2743 5869 _-_
3022 5859 3051 5869 ..
3177 5858 3190 5869 .
3254 5858 3264 5869 .

1901 5858 2012 5931 {V37}
2055 5867 2206 5921 Tom.
2247 5858 2457 5927 Ιὶίιεη.ν
2494 5881 2609 5929 pag.
2644 5864 2763 5929 463,
2800 5861 2885 5917 ubi
2917 5859 3147 5915 libellum
3177 5858 3363 5927 hujus-
