4078 6348
670 429 776 499 507

1435 400 1527 496 ne
1558 432 1945 497 comesum
1986 441 2041 493 s.
2068 412 2435 520 uincor.th
2482 435 2671 490 suos.
2707 464 2775 475 —
2809 434 2984 489 psus
3014 436 3081 489 ιι.

3734 432 3849 488 59.8

664 552 1255 624 Latinos‘promiscue,
1292 571 1391 626 pro
1421 547 1681 626 speciebus
1708 570 1802 612 seu
1835 557 2202 623 accidentibus,
2234 564 2280 619 Α
2306 571 2429 611 cum
2469 557 2616 609 nulla
2647 569 2711 610 ex
2742 558 2824 610 sui
2871 566 3022 629 parte
3066 555 3132 608 iis
3153 597 3167 621 ,
3210 569 3328 623 quas
3362 553 3427 607 de
3472 551 3591 620 ipso
3631 550 3850 620 antiqui

667 655 956 714 usurpatas
984 644 1149 700 fuisse
1194 648 1398 701 centies
1437 648 1736 701 docuerunt
1769 649 1943 716 magni
1971 648 2069 701 viri
2098 646 2203 701 Ba-

667 736 855 799 tonius
895 735 1038 803 (38),
1083 734 1352 809 Aronaldus
1402 736 1542 806 (39),
1580 737 1939 812 Bellarminus
1976 737 2106 805 (40),
2152 747 2204 792 et

667 826 958 881 novissime
1002 824 1351 903 Orientalium
1419 827 1745 896 linguarum,
1774 828 2203 903 consultiSSimus

664 912 889 969 Michael
930 902 1229 985 Loquienus
1259 915 1368 986 (41)
1398 922 1515 971 ord.
1549 916 1771 972 Praedie.
1814 919 2091 987 thenIOgus
2122 920 2204 972 in-

664 1010 852 1080 signis.
896 1011 1103 1064 Etenim
1129 1052 1145 1076 ,
1175 1021 1243 1065 ut
1290 994 1717 1065 scite'ohservat
1761 1024 1988 1079 magnus
2024 1014 2201 1065 Anna-

661 1101 795 1153 lium
822 1102 1285 1155 ecclesiasticarum
1328 1117 1540 1170 parens,
1560 1102 1776 1175 ‘antiqui
1804 1100 1989 1165 Patres
2018 1101 2204 1170 hujus-

662 1192 808 1245 modi
845 1192 1067 1246 vocibus
1118 1192 1256 1246 bona
1303 1192 1403 1246 fide
1444 1202 1572 1246 tunc
1613 1193 1870 1261 temporis
1900 1193 2203 1260 promiscue

606 1320 609 1323 λ
661 1283 745 1337 usi
772 1294 933 1345 sunt;
961 1282 1222 1337 haereticis
1253 1284 1395 1337 enim
1451 1285 1687 1338 nondum
1730 1286 1932 1338 exortis
1966 1287 2202 1338 securior

661 1373 1376 1443 simplicitas‘loquebatur;
1421 1390 1606 1428 verum
1653 1389 1772 1429 cum
1821 1374 2200 1443 superveniens

658 1464 1033 1519 haereticorum
1060 1465 1261 1518 malitia
1311 1465 1597 1519 subtilibus
1620 1464 2050 1519 cavillationibus
2072 1464 2203 1518 sim-

656 1552 936 1624 pliciorum
968 1556 1161 1610 animis
1188 1556 1365 1610 fucum
1396 1555 1573 1611 facere
1602 1566 1909 1622 conaretur,
1941 1572 2076 1627 opus
2100 1554 2202 1609 fuit

632 1647 961 1714 ,excogitare
981 1646 1224 1714 quendam
1267 1647 1560 1710 vocabula,
1604 1647 1951 1700 accidentium
1997 1647 2201 1701 scilicet

653 1749 747 1788 seu
779 1736 1092 1802 specierum,
1122 1751 1243 1805 qua":
1270 1738 1609 1805 apertissime
1643 1737 2018 1794 haereticorum
2050 1738 2200 1807 quis-

650 1824 848 1893 quilias
899 1835 955 1879 et
1006 1828 1372 1881 cavillationes
1421 1829 1851 1899 pessumdarent.
1925 1829 2196 1883 Immerito

2306 645 2596 712 scriptores
2618 646 2967 710 tradiderunt,
2995 645 3333 711 respondeat.
3354 641 3547 695 Verum
3570 641 3614 696 si
3644 640 3850 708 aliquis

2305 736 2537 789 Antonio
2561 735 2795 787 Arualdo
2821 720 3067 788 assentiri
3096 734 3376 798 maluerit,
3418 734 3535 795 hoc,
3567 731 3710 800 quod
3736 730 3844 807 ha-

2302 825 2492 879 bemus
2515 866 2530 887 ,
2558 839 2675 879 esse
2705 823 2972 878 Gelasiani
3003 825 3179 893 operis
3206 825 3447 877 mutilum
3480 822 3851 891 fragmentum

2300 915 2551 969 libentius
2595 915 3036 979 concederemus;
3096 914 3189 968 sed
3239 912 3366 981 quid
3422 922 3625 965 natura
3672 911 3851 963 verba

2303 1004 2440 1072 apud
2486 1004 2660 1071 ipsum
2710 1003 2766 1057 S.
2800 1003 3069 1057 Gelasium
3118 1003 3449 1071 signiﬁcent,
3488 1002 3712 1070 ipsemet
3772 998 3840 1052 S.

2300 1089 2534 1159 pontifex
2566 1090 2755 1154 docet,
2791 1092 2915 1144 dum
2948 1091 3305 1161 Eutychianos
3354 1091 3592 1145 stultitiae
3622 1089 3851 1158 arguit,

2300 1181 2443 1249 quod
2474 1180 2841 1233 inliciarentur
2874 1162 3029 1235 .duas'
3058 1182 3139 1233 vel
3180 1192 3285 1233 tres
3323 1191 3541 1234 naturas
3576 1196 3694 1235 esse
3727 1194 3851 1234 non

2299 1284 2475 1338 posse.
2508 1288 2527 1320 ‹
2560 1269 2696 1333 Quid
2731 1270 2877 1337 quod
2908 1270 3005 1337 ipsi
3033 1271 3196 1323 etiam
3230 1286 3390 1323 unum
3424 1271 3646 1324 dicendo
3677 1280 3852 1323 natu-
3912 1310 3913 1313 η

2299 1376 2413 1413 ram
2443 1361 2494 1412 in
2516 1359 2748 1413 Domino
2778 1358 2904 1413 Jesu
2932 1361 3167 1424 Christo,
3200 1372 3403 1415 naturae
3431 1372 3603 1415 tamen
3635 1376 3848 1414 nomen

2299 1450 2693 1523 convincuntur
2738 1464 3012 1513 asserere,
3047 1466 3111 1502 an
3159 1466 3318 1503 unam
3360 1450 3516 1504 liceat
3555 1451 3849 1503 nominare

2299 1550 2565 1604 naturam,
2598 1546 2651 1592 et
2677 1532 2834 1599 duas,
2870 1539 2950 1592 vel
2982 1540 3158 1606 plures
3194 1556 3371 1594 rerum
3400 1550 3710 1595 eaaterarum
3741 1553 3847 1608 ap-

2298 1632 2491 1698 pellare
2522 1628 2599 1684 fas
2634 1618 2737 1683 non
2765 1630 2910 1683 erit?
2939 1629 3069 1694 Quis
3105 1632 3204 1685 ista
3248 1647 3351 1684 non
3399 1632 3600 1693 rideat,
3632 1639 3685 1681 et
3718 1639 3841 1682 tan.

2296 1734 2455 1787 quam
2509 1719 2732 1787 puerilia
2789 1720 3134 1773 deliramenta
3202 1722 3458 1789 despiciat
3507 1719 3657 1790 (ΗΠ
3691 1738 3711 1770 ι
3777 1718 3838 1771 Si

2298 1809 2459 1877 igitur
2490 1810 2666 1877 plures
2697 1810 2855 1864 unius
2899 1811 2974 1869 rei
3012 1821 3227 1866 naturas
3269 1828 3387 1867 esse
3420 1827 3576 1881 posse
3610 1810 3845 1865 credidit

647 1916 849 1984 pariter
879 1916 1188 1973 heterodoxi
1234 1895 1590 1982 recentiores,
1636 1920 1891 1989 neglectis
1935 1920 2195 1989 antiquis—
2222 1895 2265 1949 Β
2295 1895 2351 1951 S'
2396 1898 2668 1963 θυιθδίυδν
2719 1916 2874 1954 nemo
2917 1900 3020 1957 "0"
3070 1903 3209 1956 Vide"
3251 1920 3345 1971 pro
3382 1913 3589 1965 “dum”
3639 1903 3840 1973 ⁸Ρ⁶⁶ίτ⁸

650 2005 804 2059 simis
859 2003 1144 2073 Patribus,
1201 2024 1231 2062 a
1288 2009 1485 2076 quibus
1536 2010 2191 2067 sacrosanctaEuchari-

647 2093 750 2147 stia
793 2110 915 2146 caro
965 2094 1112 2149 Verbi
1158 2096 1280 2159 Dei,
1341 2114 1524 2166 corpus
1576 2098 1785 2152 Domini
1839 2100 2191 2156 disertissime

644 2184 960 2251 appellatur,
990 2188 1142 2243 nobis
1177 2190 1413 2256 epistol-.e
1436 2190 1504 2242 ad
1530 2188 1819 2244 Cwsarium
1856 2192 2184 2254 monachum,

648 2271 706 2325 S.
736 2272 927 2327 Joanni
965 2275 1346 2353 Chrysostomo
1371 2279 1670 2344 attributze,
1718 2291 1771 2334 et
1792 2282 1962 2335 sancti
1992 2281 2187 2335 Gelasii

637 2366 712 2419 de
760 2365 971 2418 duabus
1020 2369 1228 2419 naturis
1280 2367 1491 2423 inlirma
1539 2372 1846 2426 testimonia
1893 2373 2183 2439 objiciunt,

644 2469 767 2508 cum
814 2462 892 2506 tot
922 2455 1260 2510 disertissimi
1309 2458 1574 2524 primmvze
1615 2458 1865 2514 Ecclesia:
1885 2501 1899 2525 ,
1930 2472 1983 2513 et
2007 2471 2185 2528 poste-

642 2546 845 2600 riorum
882 2556 1180 2615 temporum
1215 2547 1401 2603 Patres
1431 2565 1609 2624 veram
1652 2552 1998 2606 ecclesiastici
2033 2555 2185 2621 panis

642 2637 1296 2693 transsubstantiationem
1327 2642 1676 2709 agnoverint,
1711 2651 1763 2697 et
1790 2644 1856 2698 de
1884 2645 2066 2698 eadem
2102 2646 2185 2698 in—

641 2729 880 2783 numeris
923 2728 1033 2783 ferc
1076 2731 1206 2784 locis
1236 2732 1571 2800 apertissime
1600 2732 1765 2786 locuti
1814 2734 1955 2801 sint;
1987 2737 2183 2806 quibus

638 2817 852 2887 putidas
886 2819 1048 2874 hasce
1078 2822 1398 2889 scriptorum
1442 2823 1666 2879 lacinias
1718 2828 1923 2895 magnis
1955 2826 2183 2899 Chryso-

637 2910 797 2961 atomi
846 2918 899 2962 et
952 2908 1148 2965 Gelasii
1206 2914 1513 2969 nominibus
1571 2916 1851 2985 insignitas
1909 2919 2177 2986 objicere,

636 2998 989 3062 rectioribus,
1028 3016 1162 3069 quas
1188 3003 1419 3066 docent,
1454 3006 1651 3059 critica:
1682 3008 1878 3077 regulis
1928 3009 2178 3074 patentis-

634 3088 770 3145 sime
819 3104 1114 3157 repugnare
1155 3107 1312 3145 nemo
1354 3110 1458 3147 non
1509 3096 1667 3149 videt.
1706 3096 1839 3165 Quis
1888 3100 2027 3151 enim
2075 3100 2176 3153 sibi

633 3178 950 3247 persuadeat
974 3176 1438 3249 Chrysostomum,
1468 3186 1559 3251 qui
1592 3195 1669 3239 tot
1699 3188 1964 3256 tantisque
1993 3190 2045 3243 in
2089 3191 2173 3243 lo-

636 3268 715 3322 cis
758 3268 1100 3324 eucharistici
1151 3271 1305 3339 panis
1352 3273 1727 3327 miraculosam
1778 3281 2175 3333 transsubstan-

632 3360 909 3414 tiationem
940 3361 1168 3431 ingenue
1197 3362 1375 3417 fassus
1397 3372 1497 3426 est,
1526 3375 1725 3419 mutata
1751 3382 1891 3421 nunc
1913 3372 2172 3424 sententia

629 3449 1077 3513 hcterodoxorum
1108 3455 1331 3508 somniis
1363 3454 1538 3509 favere
1559 3448 1715 3533 (l2);
1738 3466 1797 3510 et
1822 3460 1876 3513 S.
1905 3459 2173 3517 Gelasium

634 3542 931 3597 Romanum
964 3544 1301 3612 pontiﬁcem,
1331 3546 1420 3617 qui
1466 3542 1519 3599 in
1549 3547 1775 3615 epistola
1813 3549 1881 3599 ad
1916 3551 2173 3619 episcopos

628 3630 935 3697 Dardania,
972 3643 1029 3689 ut
1057 3646 1237 3689 monet
1264 3635 1526 3705 Baronius
1556 3638 1687 3709 (45),
1732 3639 2172 3707 augustissimum

562 3794 568 3800 η
626 3717 977 3778 Ευοιιπὶδῑίω
993 3737 1409 3787 sacramentum,
1429 3744 1614 3796 panem
1629 3729 1719 3798 qui
1738 3730 1801 3781 de
1823 3730 1945 3783 ccelo
1970 3730 2175 3785 descen-

624 3809 724 3872 dit,
757 3822 937 3877 vocat,
966 3830 1108 3867 nunc
1142 3816 1355 3870 sibimet
1382 3820 1750 3874 contradicere
1775 3860 1790 3883 ,
1824 3830 1875 3875 et
1909 3823 1960 3874 in
1991 3837 2172 3877 saera-

624 3897 836 3949 tissimo
862 3901 1104 3967 corporis
1148 3902 1345 3957 Christi
1381 3908 1635 3980 mysterio
1676 3910 1971 3963 naturalem
2018 3911 2171 3978 panis

622 3984 981 4040 substantiam
1030 3998 1151 4056 post
1201 3996 1626 4052 consecrationis
1671 4000 1832 4053 verba
1872 4016 2166 4067 remanere,
2214 4040 2216 4043 ι

620 4078 907 4147 scripsisse
935 4077 1037 4135 sibi
1067 4087 1261 4151 poterit
1284 4086 1603 4159 imaginari?
1632 4090 1863 4163 lngenue
1894 4095 2055 4165 igitur
2088 4095 2169 4149 fa-

616 4170 717 4224 teri
756 4181 963 4239 oportet
1014 4189 1136 4229 cum
1176 4178 1490 4237 doctissimo
1518 4181 1825 4253 Lequieno,
1874 4186 2164 4257 Epistolam

614 4262 686 4316 ad
709 4261 1001 4318 Cesarium
1028 4271 1337 4325 monachum
1359 4278 1649 4343 genuinum
1679 4281 1819 4335 haud
1845 4296 1964 4337 esse
1985 4284 2165 4353 magni

613 4354 981 4427 Cbrysostomi
1016 4358 1217 4429 fetum,
1260 4367 1351 4421 sed
1394 4370 1639 4437 putidum
1695 4374 2003 4443 figmentum
2044 4387 2165 4445 post

610 4458 853 4503 exortam
878 4447 1110 4511 Nestorii
1143 4454 1411 4524 haeresim,
1442 4461 1551 4516 imo
1580 4474 1702 4532 post
1729 4464 2164 4523 Chalcedoneuse

2294 2005 2389 2058 seu
2451 1991 2738 2043 accidentia
2788 1991 3143 2055 intellexisse;
3196 1994 3431 2061 alioquin
3483 1993 3527 2046 si
3588 1992 3655 2045 de
3711 1991 3844 2045 sub-

2294 2078 2490 2131 stantia
2520 2079 2729 2133 locutus
2757 2089 2933 2143 esset,
2968 2096 3076 2134 non
3109 2082 3285 2148 plures
3306 2123 3318 2144 ,
3351 2083 3440 2136 sed
3469 2082 3681 2135 unicam
3713 2095 3842 2133 esse

2293 2181 2469 2219 rerum
2494 2178 2737 2219 naturam
2769 2156 3103 2222 aﬂirmasset.
3125 2170 3380 2239 Corporis
3406 2172 3546 2224 enim
3579 2171 3839 2224 substan-

2292 2257 2386 2322 tia,
2411 2257 2561 2325 juxta
2607 2259 2844 2328 egregios
2874 2260 3241 2328 philosophos,
3273 2263 3429 2315 unica
3459 2273 3559 2328 est,
3591 2262 3839 2316 acciden—

2291 2350 2361 2400 tia
2391 2363 2521 2401 vero
2546 2352 2870 2418 seuspccics
2902 2352 3323 2419 quamplurimaa.

2357 2459 2469 2515 XV.
2511 2461 2759 2530 Ejusdem
2790 2464 2951 2517 libelli
2976 2467 3159 2517 incerti
3189 2468 3414 2518 auctoris
3445 2467 3507 2519 de
3538 2468 3760 2520 Arabica

2494 2529 2561 2584 S.’
2586 2533 2848 2602 Hippolyti
2877 2534 2990 2587 sede
3019 2538 3271 2588 sententia
3298 2536 3617 2604 expenditur.

2358 2619 2460 2673 Sed
2507 2620 2570 2675 de
2606 2624 2688 2676 his
2740 2625 3027 2690 hactenus;
3082 2641 3223 2679 nunc
3274 2628 3336 2679 ad
3385 2626 3441 2680 S.
3489 2626 3834 2698 Hippolytum

2290 2722 2653 2777 revertamur,
2684 2731 2840 2783 quem
2886 2717 3186 2785 Stephanus
3214 2716 3481 2788 Lemoyne
3504 2720 3634 2789 (45),
3670 2720 3839 2789 hujus

2286 2804 2528 2871 opusculi
2574 2807 2877 2859 testimonio
2938 2808 3191 2870 innixus,
3245 2808 3470 2863 Arabem
3521 2813 3834 2879 episcopum

2284 2891 2450 2971 fuisse
2500 2895 2733 2962 conjicit.
2782 2894 2856 2947 En
2892 2897 3171 2964 ipsiusmet
3218 2902 3422 2970 antiqui
3453 2902 3730 2970 scriptoris
3776 2902 3831 2955 in

2281 2984 2502 3053 praefato
2528 2987 2786 3054 Opusculo
2827 2991 3016 3042 verba:
3060 3010 3077 3040 ι
3117 2990 3171 3045 S.
3216 2992 3477 3064 Hippolyti
3509 2994 3744 3062 episcopi
3780 3003 3837 3048 et

2282 3078 2531 3146 martyris
2560 3078 3127 3150 Arabumlmelropolis
3150 3086 3201 3135 in
3230 3084 3477 3136 lllemoria
3498 3086 3771 3136 hwresum.
3808 3104 3827 3135 ι

2282 3166 2578 3236 Perpendat
2612 3168 2771 3237 igitur
2817 3171 2981 3224 lector
3027 3189 3153 3226 num
3189 3176 3289 3228 huc
3336 3176 3733 3241 testimonium,
3775 3178 3833 3230 in

2280 3273 2407 3326 quo,
2438 3268 2491 3310 ut
2522 3270 2662 3313 recte
2684 3259 3051 3318 Tillemontius
3079 3266 3187 3333 (46)
3214 3265 3439 3328 monuit,
3468 3269 3834 3332 grammaticae

2276 3351 2415 3419 leges
2465 3351 2873 3420 desiderantur,
2943 3366 3021 3410 tot
3087 3357 3455 3413 disertissimis
3506 3357 3869 3430 Prudentiit

2228 3462 2231 3464 ν
2275 3443 2512 3508 Leontii,
2556 3444 2859 3515 Anastasii,
2902 3449 3234 3515 aliorumque
3271 3451 3587 3504 testimoniis
3621 3452 3831 3508 antefe-

2274 3530 2495 3587 rendum
2529 3538 2614 3599 sit,
2646 3538 2735 3607 qui
2767 3555 2859 3607 per
2904 3539 3048 3592 mille
3080 3547 3131 3591 et
3169 3540 3485 3607 quingentos
3516 3542 3623 3597 fere
3650 3560 3831 3599 annos

2275 3622 2331 3678 S.
2369 3623 3038 3697 llippolytumRomanum
3080 3630 3161 3682 vel
3204 3630 3397 3686 Portus
3438 3632 3666 3689 Romani
3704 3639 3830 3705 epi-

2272 3728 2491 3782 scopum
2522 3716 2685 3773 fuisse
2724 3719 3159 3773 constantissime
3204 3722 3558 3786 tradiderunt,
3600 3740 3831 3781 omnes-

2272 3805 2377 3875 que
2406 3807 2504 3860 hos
2532 3808 2872 3866 doctissimos
2903 3812 3043 3866 viros
3077 3814 3297 3880 turpiter
3346 3815 3701 3873 hallucinatos
3754 3821 3830 3875 sit

2271 3898 2627 3965 credendum,
2683 3912 2735 3955 et
2786 3905 3281 3963 solumauctorem
3334 3908 3491 3960 toties
3538 3912 3827 3965 memorati

2270 3988 2434 4042 libelli
2480 3993 2729 4045 omnibus
2770 3996 2915 4072 hisce
2963 3996 3250 4049 beatiorem
3308 4006 3360 4048 et
3412 3995 3825 4055 fortunatiorem

2268 4081 2558 4143 exstitisse,
2612 4094 2789 4151 utpote
2840 4087 2924 4139 eui
2975 4087 3074 4141 soli
3123 4087 3307 4155 datum,
3347 4086 3504 4140 fuerit
3545 4104 3727 4143 veram
3763 4091 3822 4145 S.

2268 4168 2534 4242 Hippolyti
2564 4174 2740 4228 sedem
2778 4177 2895 4230 aliis
2931 4179 3166 4247 ignotam
3202 4180 3459 4233 nancisci.
3490 4177 3591 4231 Sed
3625 4196 3655 4233 a
3693 4182 3819 4236 viris

2266 4264 2491 4318 eruditis
2526 4266 2638 4334 qui,
2679 4268 2933 4337 neglectis
2977 4279 3053 4324 tot
3098 4272 3441 4338 antiquorum
3471 4271 3819 4339 testimoniis,

2267 4356 2392 4416 huic
2445 4360 2704 4427 apuscnlo
2756 4362 3013 4431 integram
3059 4362 3212 4415 fidem
3262 4364 3532 4431 praabent,
3588 4366 3823 4433 petimus

2266 4449 2520 4517 quidnam
2550 4452 2651 4506 sibi
2681 4453 2807 4506 velit
2834 4454 2944 4506 haec
2977 4452 3185 4506 dicendi
3214 4453 3381 4505 ratio:
3428 4472 3447 4503 ‹
3483 4452 3728 4527 Episcopi
3765 4467 3823 4513 et

609 4540 931 4604 concilium,
964 4542 1036 4595 ab
1066 4542 1315 4612 imperito
1362 4551 1627 4607 nebulone
1655 4542 2072 4622 concinnatum;
2110 4571 2163 4615 et
2194 4563 2199 4616 1

2287 4544 2520 4613 narlyris
2560 4544 2797 4596 Arabum
2831 4544 3157 4611 metropolis.
3204 4562 3222 4593 ι
3274 4542 3473 4599 Forsan
3505 4550 3644 4616 quod
3682 4548 3820 4620 Hip-

608 4635 931 4698 Opusculum
964 4624 1269 4690 Deuduabu:
1305 4644 1512 4695 naturis
1544 4644 1682 4697 inter
1712 4646 1930 4699 indubia
1967 4648 2022 4700 S.
2060 4648 2161 4703 Ge.

611 4719 730 4776 lasii
775 4740 924 4794 papa:
973 4741 1136 4795 opera
1185 4744 1525 4801 nequaquam
1570 4749 1689 4788 esse
1735 4739 2160 4805 numerandum,

614 4946 765 5021 modi
794 4949 849 5003 S.
889 4950 1105 5006 .Gelasio
1135 4966 1286 5021 papae
1326 4951 1667 5006 tribuendum
1703 4970 1821 5008 esse
1868 4959 2157 5013 contendit.

684 5016 908 5098 (382nad
949 5016 1153 5077 dictum
1196 5016 1396 5078 annum
1432 5022 1571 5087 496,
1608 5039 1757 5079 num.
1807 5026 1873 5077 12
1904 5041 1955 5081 et
1984 5044 2157 5098 seqq.,

612 5097 733 5161 pag;
744 5086 865 5161 A59§
879 5100 943 5161 Δ(ιι
974 5107 1121 5161 seqq.

681 5154 988 5286 laniat.
1016 5154 1147 5217 tum.
1175 5162 1258 5243 ill,
1279 5163 1630 5286 Egimet
1659 5180 1812 5233 seqq.

940 5247 1134 5285 acram.
1166 5231 1275 5286 huc
1350 5247 1490 5286 ηει..
1530 5236 1625 5286 lib.
1655 5251 1715 5286 ll.
1740 5250 1789 5286 c.

704 5223 883 5284 lmine
912 5246 1134 5285 sacrant.
1166 5223 1490 5300 Eun/utris!”
1530 5236 1625 5290 lib.
1655 5251 1715 5301 tt,
1738 5223 1789 5289 Ic:
1817 5232 2061 5295 Quom.
2094 5234 2159 5290 ΙΙΙ

610 5292 868 5378 οιξςηιξιιε·
910 5311 1033 5378 P38:
1054 5301 1165 5378 259
1192 5306 1321 5378 edit.
1358 5292 1573 5378 Venetae
1602 5292 1731 5360 ann.
1762 5292 1918 5378 i121.

682 5362 794 5436 (ιι)
835 5366 888 5436 [ιι
930 5362 1078 5421 notis
1102 5371 1167 5424 ad
1210 5373 1301 5427 lib.
1346 5392 1395 5429 tv
1438 5378 1497 5429 ὃ.
1546 5375 1771 5430 Joannis
1811 5374 2155 5436 Damasceni,

610 5426 745 5515 toti}.
774 5426 808 5515 ξ
830 5430 1084 5513 Ορίςτυηῃ,
1112 5456 1238 5515 ρειρ.Δ
1254 5426 1359 5515 ιδ(
1376 5426 1468 5498 οἱ
1480 5426 1937 5510 semitae};
1952 5426 2032 5515 ",3:
2048 5426 2158 5499 étd

608 5501 1092 5579 odiuj‘arisiensis
1116 5501 1241 5579 ati'ni
1278 5501 1433 5579 1712,
1467 5501 1595 5569 nota
1628 5517 1681 5569 2.

681 5572 796 5653 (42)
825 5570 1071 5655 Legenda
1096 5570 1405 5655 dissertatio
1420 5570 1586 5639 'tertia
1609 5587 1850 5655 ejusdem
1881 5585 2156 5642 Michaelis

609 5641 845 5727 ifequien
880 5643 945 5722 de
990 5644 1213 5727 epistola
1254 5650 1321 5700 ad
1350 5641 2001 5727 Casariuni'monuchum,
2035 5674 2157 5727 qua:

613 5716 671 5765 δ.
705 5712 950 5792 Joannis
996 5713 1363 5792 Lht'ysostomi
1407 5727 1622 5779 nomine
1671 5727 1923 5792 insignita
1953 5712 2067 5783 est:
2096 5729 2154 5783 lu

606 5800 718 5855 qua
768 5786 827 5841 ει,
886 5783 1149 5843 Joannem
1216 5786 1658 5863 .Cbrysostomum
1714 5783 1874 5869 hujus
1914 5800 2154 5872 epistolae

2264 4632 2440 4701 polyto
2467 4635 2776 4700 metropolis
2807 4634 3031 4686 'Arabiaa
3064 4635 3233 4703 patria
3276 4634 3468 4691 fuerit?
3501 4638 3557 4693 Si
3594 4641 3705 4695 haec
3736 4641 3823 4694 in-

2265 4723 2452 4792 telligit
2478 4731 2696 4789 auctor,
2730 4724 2981 4779 libentius
3011 4728 3320 4794 credemus;
3360 4734 3603 4800 quamvis
3635 4734 3821 4791 nullus

2264 4972 2537 5039 auctorem
2571 4968 2789 5020 minime
2818 4982 2938 5021 esse
2966 4970 3189 5024 mirifice
3219 4976 3482 5039 ostendit,
3513 4983 3565 5029 et
3592 4986 3816 5032 senten-

2265 5033 2365 5110 tias
2418 5035 2481 5110 _in
2543 5052 2605 5110 ea
2658 5040 2876 5106 reperiri
2929 5054 3048 5110 quae
3102 5043 3169 5094 ab
3218 5033 3479 5110 ejusdem,
3518 5045 3575 5099 S.
3639 5046 3818 5104 Patris

2259 5104 2503 5157 doctrina
2535 5104 2881 5161 dissentiunt.
2931 5107 3118 5164 Exstat
3164 5104 3399 5169 incitat.
3434 5125 3563 5171 tum.
3606 5114 3623 5168 l
3675 5116 3818 5187 Ope-

2259 5187 2411 5230 rum.
2453 5190 2572 5230 uae.
2609 5178 2696 5230 48.
2798 5186 2803 5189 ‘

2259 5187 2411 5233 rum,
2453 5190 2572 5242 pag.
2609 5180 2696 5230 48.
2798 5186 2803 5189 ‘

2332 5193 2411 5233 In,
2453 5193 2572 5245 pag.
2609 5193 2696 5230 ιιδ.

2331 5243 2556 5323 (4?)de
2586 5248 2785 5323 dictum
2814 5263 3011 5323 annum
3036 5249 3159 5323 49d.
3187 5268 3362 5323 gnum.
3396 5254 3459 5308 l5
3484 5296 3498 5317 ,
3532 5272 3651 5323 pag.
3687 5258 3814 5320 598.

2259 5314 2534 5391 10111.Vll|
2565 5318 2727 5391 citato
2751 5360 2763 5380 ,
2787 5320 2902 5391 gum
2938 5321 3059 5391 lucc
3107 5320 3299 5373 Geiusii
3335 5314 3495 5377 terra
3533 5314 3809 5391 ἰυςξίηιυεὲ

2265 5396 2288 5462 ξ
2323 5378 2388 5433 Ut
2432 5386 2694 5462 salutaris
2730 5378 2984 5462 alimonia
3031 5392 3184 5456 panis
3227 5392 3402 5462 illius,
3449 5397 3541 5462 qui
3570 5378 3815 5452 decimo

2258 5448 2555 5570 gezcendit,
2579 5457 2758 5511 ﬁdeles
2795 5459 2937 5512 hunc
2960 5448 3235 5512 sumentes
3264 5461 3328 5515 ad
3354 5448 3517 5517 vitain
3549 5448 3815 5537 perducat

2361 5537 2534 5570 rnam.
2573 5544 2590 5570 ι

2257 5533 2510 5575 aeternam
2523 5562 2535 5576 .
2573 5544 2590 5574 ι

2478 5590 2635 5671 ίΓοιιι.
2673 5593 2736 5671 I\_l_
2766 5595 3299 5671 Bibli_ollt_.__Patrum,
3332 5618 3383 5671 p.
3410 5604 3533 5660 563.

2477 5663 2533 5745 in
2563 5665 2787 5745 diatriba
2815 5670 2878 5719 de
2901 5666 2957 5745 S_.
2993 5667 3269 5745 Hippolyto
3289 5663 3414 5727 loco
3439 5678 3692 5745 superius
3721 5680 3813 5732 cit.

2327 5669 2438 5809 (ὣς
2477 5669 2533 5742 In
2563 5669 2787 5719 diatriba
2815 5670 2878 5719 de
2901 5669 2957 5718 ὃ.
2993 5669 3269 5747 Hippolyto
3298 5669 3414 5727 loco
3439 5678 3692 5745 superius
3721 5680 3813 5732 cit,

2255 5734 2414 5860 67gb
2478 5732 2609 5805 bpte
2639 5735 2701 5800 9.,
2747 5751 2839 5790 sur
2872 5738 3013 5794 saint
3048 5739 3348 5815 Hippolyte,
3394 5752 3523 5803 tom.
3568 5746 3655 5815 lli,
3689 5763 3814 5821 pag.

2302 5821 2379 5862 12.
