4078 6348
673 438 786 503 519

1457 441 1546 497 DE
1579 441 1963 498 PORTUENSI
1999 441 2054 495 S.
2095 438 2450 494 lllPPOLYTl
2486 437 2675 493 SEDE.
2718 468 2785 479 ——
2828 435 3005 492 PARS
3038 437 3103 491 ll.

3776 435 3880 490 5‘20

671 566 1010 636 tuperatione
1036 573 1201 629 atque
1236 564 1579 619 accusatione
1622 564 2006 618 catholicorum
2039 561 2168 630 (9|).
2208 580 2226 613 i
2261 567 2303 622 Α
2336 561 2663 613 mteritarum
2751 558 2970 626 regione
3022 557 3267 640 primum
3338 555 3581 609 excitata:
3654 552 3877 611 fuerint.

670 658 921 717 Photiurn
947 676 1071 713 vero
1104 661 1347 728 iniquam
1372 659 1436 711 de
1463 656 1804 724 Philostorgii
1834 655 2072 708 Historia
2101 671 2223 709 sen-

670 752 891 806 tentiain
928 750 1112 803 tulisse
1137 764 1293 802 nemo
1319 747 1579 807 censebit,
1632 762 1753 799 cum
1787 748 1897 799 Inec
1926 747 2059 813 ipsa,
2105 761 2224 814 qua:

669 842 736 898 de
764 840 1042 910 Theophili
1094 839 1206 893 linli
1256 840 1522 908 legatione
1556 838 1947 906 Philostorgius
1994 838 2222 905 posteris

668 933 908 991 tradidit.
948 931 1242 984 mendaciis
1275 940 1481 983 scatere
1522 929 1826 981 vidcantur.
1880 927 2059 979 l’rinio
2080 928 2220 979 enim

668 1039 828 1079 nemo
857 1038 919 1077 ex
952 1022 1191 1092 probatis
1238 1020 1486 1075 llistoriae
1514 1018 1893 1072 ecclesiastica:
1944 1016 2222 1085 scriptori-

668 1113 791 1177 bus,
843 1130 1035 1184 przeier
1072 1113 1431 1181 Nicephorum
1478 1113 1571 1180 qui
1610 1111 1720 1163 hinc
1758 1125 1945 1178 parum
1980 1119 2135 1162 caule
2158 1124 2223 1161 ex

665 1202 1031 1275 Philostorgio
1075 1214 1353 1258 mutuatus
1388 1212 1489 1265 est,
1541 1202 1607 1255 de
1649 1198 1944 1270 Theophila
1993 1200 2215 1253 Ariano-

664 1311 787 1350 rum
818 1297 1102 1364 coryplneo
1149 1295 1348 1349 similia
1384 1294 1629 1361 nuspiam
1677 1293 1914 1345 narravit
1943 1292 2073 1362 (92).
2128 1290 2222 1345 Se-

665 1386 866 1450 cundo,
916 1384 1199 1454 Theophili
1250 1386 1444 1453 legatio
1470 1384 1535 1436 ad
1567 1382 1890 1436 Auxumitas
1935 1382 2056 1435 falsi
2091 1382 2222 1433 vitio

664 1490 1007 1544 summopere
1038 1476 1274 1539 laborat;
1323 1491 1445 1528 nam
1478 1475 1783 1539 Auxuniitge
1816 1475 1915 1526 hac
1943 1471 2223 1540 Theophili

664 1567 1045 1637 praedicatione.
1071 1582 1179 1620 non
1209 1568 1456 1636 egebant,
1496 1567 1619 1634 quia
1644 1581 1843 1634 paucos
1876 1573 1997 1617 ante
2030 1579 2221 1629 annos,

665 1658 871 1711 scilicet
922 1658 1063 1709 circa
1096 1673 1297 1711 annum
1331 1656 1468 1721 527,
1520 1655 1863 1708 Fruiiientiiis
1895 1666 1946 1707 et
1971 1654 2224 1709 Edesius

665 1746 995 1799 sanctissimi
1039 1744 1235 1799 fratres
1265 1748 1479 1799 eosdem
1512 1746 1576 1797 ad
1608 1746 1719 1797 veri
1753 1743 1842 1798 Dei
1876 1747 2075 1799 cultum
2110 1754 2222 1797 tra-

664 1838 933 1892 duxerunt
976 1836 1108 1906 (95),
1157 1837 1299 1904 quod
1335 1835 1563 1888 inliciari
1592 1852 1696 1888 non
1734 1844 1937 1905 potest;
1993 1837 2222 1904 optimos

2323 651 2583 704 incertum
2659 653 2814 718 plane
2858 658 2959 703 est.
3057 647 3397 701 Probabilius
3474 656 3653 701 tamen
3725 647 3879 701 vide-

2323 753 2407 797 tur
2478 756 2571 795 cas
2628 755 2749 793 sero
2813 739 3100 792 admodum
3180 740 3375 792 ibidem
3452 738 3761 799 institutas.
3823 744 3881 791 et

2322 830 2467 899 quod
2526 845 2865 897 sumnmpere
2914 830 3222 893 dolendum,
3267 832 3480 884 easdem
3535 832 3730 899 exiguo
3780 844 3879 885 an-

2323 936 2513 973 norum
2552 921 2830 973 intervallo
2864 920 3053 972 iterum
3090 925 3307 989 penitus
3331 922 3630 975 evanuisse.
3661 920 3718 974 S.
3744 919 3879 975 Gre-

2322 1013 2532 1081 gentius
2562 1011 2694 1079 (95),
2745 1012 2837 1081 qui
2871 1020 3023 1065 sexto
3068 1014 3263 1064 Sierulo
3292 1012 3496 1074 floruit,
3542 1013 3595 1065 in
3626 1012 3876 1080 disputa-

2321 1105 2467 1156 tione
2501 1104 2729 1171 quadam
2758 1117 2880 1155 cum
2912 1100 3117 1164 Judieo,
3149 1118 3309 1171 quam
3347 1106 3600 1158 mendose
3630 1106 3877 1173 aliquan-

2321 1195 2487 1262 tisper
2511 1194 2673 1247 edidit
2696 1194 2979 1254 Gulonius.
3003 1204 3056 1246 et
3082 1195 3421 1248 einenilatior
3446 1208 3619 1250 exstat
3648 1196 3702 1249 in
3734 1196 3876 1250 diio-

2322 1285 2423 1338 bus
2465 1285 2758 1348 codicibus,
2808 1302 2916 1339 uno
2944 1274 3279 1343 bibliotheca!
3311 1285 3711 1352 Ottobonianm,
3742 1292 3879 1343 alte-

2323 1388 2384 1426 ro
2415 1374 2752 1427 bibliotheca:
2798 1373 3053 1427 Caesarea:
3080 1372 3513 1427 Vindohonensis
3535 1377 3672 1443 apud
3712 1375 3875 1429 Lam-

2330 1466 2540 1520 becium
2587 1464 2730 1534 (96),
2801 1464 2995 1517 dicitur
3037 1451 3319 1532 episcopus
3379 1464 3524 1518 urbis
3574 1464 3881 1533 Tapliaren-

2329 1558 2465 1610 sium
2486 1555 2614 1625 (97),
2631 1568 2768 1620 qum,
2786 1550 3039 1605 Pliilosim
3054 1550 3137 1621 gio
3160 1562 3309 1616 teste,
3334 1551 3742 1606 Homarritariim
3764 1571 3881 1609 me-

2321 1648 2547 1716 tr0po|is
2564 1647 2678 1698 fuit.
2699 1646 2888 1697 Verum
2912 1645 3466 1711 liancdisputationem
3487 1645 3677 1697 merito
3690 1662 3883 1714 suspe-

2320 1748 2466 1792 ctam
2490 1739 2640 1791 habet
2662 1737 3004 1789 doctissimus
3017 1733 3210 1804 Pagius
3228 1735 3356 1805 (98).
3378 1734 3698 1789 Menteorum
3713 1737 3880 1790 etiam

2324 1831 2456 1883 lldes
2480 1828 2638 1883 dubia
2668 1837 2768 1881 est.
2822 1827 3106 1894 Gregentio
3137 1828 3458 1880 substitutus
3478 1838 3561 1880 est
3590 1828 3729 1881 alius
3758 1827 3879 1895 epi-

670 1932 814 1985 cnim
850 1904 1111 1984 habemus
1160 1939 1321 1983 testes
1367 1928 1423 1982 S.
1455 1904 1805 1983 Athanasium
1836 1927 1944 1996 (9-1)
1982 1937 2034 1980 et
2075 1926 2222 1979 Riili-
2255 1904 2293 1957 Β
2325 1936 2540 1989 scopus,
2574 1928 2704 1972 teste
2730 1917 2934 1972 Joanne
2974 1918 3113 1970 Asia:
3142 1918 3279 1986 apud
3308 1918 3705 1971 Assemanniim
3739 1918 3878 1987 (99).

666 2036 796 2077 num
820 2039 833 2085 ;
867 2022 1093 2090 ideoque
1124 2021 1205 2073 his
1228 2020 1501 2083 omnibus,
1530 2036 1651 2088 quae
1676 2020 1741 2073 de
1763 2014 2064 2086 Theophilo
2092 2017 2221 2070 ludo

664 2122 852 2166 narrat
882 2110 990 2164 Deo
1023 2112 1219 2164 invisus
1252 2109 1646 2180 Pliilosiorgius
1667 2152 1681 2175 ,
1726 2118 1882 2165 caute
1931 2110 2218 2162 admodum

662 2202 800 2257 ﬁdes
823 2201 1122 2253 adhibenda
1147 2211 1247 2255 est.

659 2310 782 2367 XX.
816 2312 931 2387 Quo
965 2324 1195 2387 tempore
1212 2312 1869 2387 episcopalesrsedesapud
1905 2312 2218 2367 Ilomwritas

1070 2384 1480 2443 instituta-sint,
1533 2385 1837 2451 inquiritur.

750 2471 869 2539 Quo
920 2488 1046 2529 vero
1094 2483 1335 2543 tempore
1384 2476 1714 2543 episcopales
1779 2475 1933 2527 sedes
1996 2474 2047 2527 in
2114 2473 2217 2527 Ho-

738 2626 848 2696 (91)
886 2625 997 2681 Nec
1024 2628 1256 2691 mirum;
1298 2627 1350 2679 in
1381 2626 1608 2697 gratiam
1631 2626 1763 2691 Arii,
1788 2626 1937 2697 Aetii,
1955 2637 2005 2679 et
2040 2624 2219 2680 Euno—

660 2698 757 2754 mii
789 2702 1045 2751 adversus
1064 2696 1701 2751 Catholicos'llistoriam
1733 2713 1883 2750 suain
1921 2696 2215 2751 Philostor-

701 2769 783 2820 ius
837 2768 1197 2821 concinnavit.
1268 2768 1440 2834 Ipsius
1500 2772 1795 2819 auctoritas
1848 2768 2007 2818 etiam
2072 2767 2211 2834 apud

701 2784 783 2820 ius
837 2783 1197 2821 concinnam.
1268 2783 1440 2834 ipsius
1500 2783 1795 2819 aucioriias
1848 2783 2007 2818 etiam
2072 2783 2211 2834 apuu

660 2783 1112 2905 ﬁiSlllllPhOllUlu
1164 2842 1309 2902 parvi
1351 2837 1451 2889 fuit
1479 2855 1490 2888 :
1520 2837 1709 2890 scribit
1734 2837 1874 2888 enim
1937 2836 2119 2888 codice
2150 2851 2213 2888 xr.

662 2910 829 2959 citato
868 2924 880 2957 :
921 2929 937 2955 ι
975 2908 1093 2974 Ipse
1127 2905 1556 2973 (PhilostorgiiiS)
1588 2908 1817 2973 scriptor
1853 2908 2079 2959 mendax
2112 2916 2213 2970 est,

660 2985 716 3027 et
748 2976 939 3047 fabulis
975 2975 1517 3047 lllillillleélhsllllells,
1567 2980 1926 3043 pnedicatque
1955 2976 2216 3047 doctrinae

663 3046 896 3097 maxime
925 3061 1087 3097 causa
1123 3042 1332 3097 Aetium
1359 3055 1411 3097 et
1437 3042 1782 3105 Eunoniiiiiii,
1820 3047 1973 3111 quasi
2001 3046 2099 3097 so.i
2134 3060 2217 3096 re-

662 3122 983 3183 piirgassciit
1008 3118 1219 3180 pietatis
1246 3114 1517 3181 dogmata,
1558 3124 1794 3181 tempore
1823 3115 2212 3175 contaminata,

662 3184 963 3251 prodigiose
996 3185 1095 3234 hnc
1132 3183 1304 3249 ipsum
1332 3185 1987 3251 mentiendo;signoruni
2032 3197 2209 3235 autem

660 3250 717 3305 et
742 3254 861 3305 vita:
894 3253 1061 3320 gratia
1111 3252 1285 3302 laudat
1325 3250 1611 3303 Eusebium
1653 3250 1973 3320 Niconngdie
2002 3269 2212 3318 cpisco-

704 3337 814 3387 uin,
836 3318 994 3389 qu'i'in
1028 3323 1187 3372 etiam
1215 3320 1460 3386 Magnum
1500 3321 1761 3381 nominat,
1783 3331 1834 3373 et
1857 3318 2210 3387 Theophilum

726 3392 877 3455 dum,
916 3392 1159 3458 aliosque
1189 3393 1509 3458 complures.
1548 3410 1567 3439 ο

733 3481 844 3551 (92)
882 3482 1173 3551 Aptissime
1207 3481 1257 3535 iii
1289 3497 1396 3534 rem
1434 3478 1837 3551 nostrainhhaac
1889 3480 2074 3551 scribit
2106 3478 2210 3532 Ba-

658 3549 847 3607 tonius
880 3549 945 3605 ad
972 3553 1171 3607 dictum
1204 3569 1291 3604 an.
1322 3551 1443 3615 334,
1473 3567 1621 3604 num.
1652 3549 1737 3613 15,
1770 3566 1886 3619 pag.
1919 3550 2040 3613 527,
2079 3560 2209 3604 toni.

660 3620 769 3675 1V:
808 3640 824 3672 i
863 3622 985 3676 Haec
1011 3624 1191 3689 iisque
1221 3622 1487 3675 voluimus
1530 3621 1822 3678 addidisse.
1863 3630 1915 3673 ut
1952 3622 2205 3672 lectorem

659 3693 1075 3745 admoneremus
1123 3692 1547 3759 cauteglegeiiila
1592 3705 1712 3743 esse
1762 3705 1882 3758 quae
1934 3706 1998 3742 ex
2036 3692 2212 3743 lutoso

664 3762 1038 3833 haereticorum
1097 3765 1238 3833 loute
1262 3758 1774 3833 ANieepholusade‘o
1824 3762 2213 3833 inconsiderate

662 3831 890 3891 deriiat,
919 3844 1145 3895 quaeque
1178 3826 1372 3881 Suidas
1402 3845 1467 3879 ex
1495 3826 1747 3879 Tnalasio
1771 3831 1945 3894 prodit
1970 3831 2207 3894 ejusdem

664 3900 850 3950 farina:
879 3900 1092 3950 homine
1125 3936 1137 3948 .
1173 3936 1186 3948 .
1224 3936 1237 3949 .
1275 3897 1605 3965 [\icepborus
1630 3912 1694 3947 ex
1729 3900 1945 3963 scriptis
1976 3898 2211 3951 haeretici

663 3967 898 4020 hominis
949 3966 1294 4035 Piiiloslorgii
1348 3984 1408 4019 ea
1458 3967 1642 4035 edidit.
1702 3981 1824 4031 qua:
1876 3968 2212 4033 antiquiores

661 4035 831 4091 Graeci
870 4038 1108 4091 historici
1139 4034 1539 4098 Tiieodoretus,
1578 4034 1829 4088 Socrates
1858 4050 1910 4087 et
1947 4036 2209 4088 Sozoine-

662 4122 787 4167 nus.
810 4116 864 4160 et
888 4110 932 4161 si
952 4110 1042 4175 qui
1068 4110 1156 4159 alii
1185 4109 1373 4159 horum
1404 4112 1747 4159 successores
1766 4104 1933 4169 fuere,
1971 4116 2095 4157 sunt
2127 4123 2215 4172 pe-

662 4180 807 4230 Iiitus
854 4184 1107 4241 aversati,
1167 4188 1345 4244 utpote
1395 4177 1585 4231 icl‘erta
1622 4176 1933 4238 mendaciis,
1968 4186 2020 4228 et
2063 4176 2210 4227 oiniii

664 4261 887 4314 prorsus
930 4250 1031 4300 tide
1077 4251 1350 4309 carentia;
1399 4259 1560 4314 atque
1588 4254 1721 4297 adeo
1747 4256 2210 4313 contempserunt,

665 4324 725 4366 ut
756 4318 938 4368 nullus
987 4332 1208 4383 prorsus
1245 4318 1455 4369 illorum
1506 4316 1667 4383 hujus
1697 4314 1978 4383 Theophili
2025 4318 2213 4367 memi-

666 4388 813 4453 nisse
842 4388 924 4437 vel
955 4386 1139 4437 leviter
1166 4390 1352 4436 saltem
1379 4400 1674 4453 reperiatur
1706 4402 1719 4437 :
1748 4401 1869 4436 iiaiii
1896 4390 2067 4451 ipsum
2092 4384 2213 4436 Plii-

663 4452 904 4519 lostorgii
961 4455 1041 4505 vel
1083 4462 1286 4505 tantum
1338 4452 1530 4505 nomen
1580 4458 1658 4509 sic
1689 4458 2105 4515 exhorruerunt,
2153 4465 2213 4506 ut

663 4534 856 4575 cuncta
887 4524 954 4575 ab
985 4539 1052 4575 eo
1082 4524 1279 4589 scripta
1318 4527 1646 4574 exsecranda
1674 4525 1945 4584 duxerint,
1975 4533 2029 4575 et
2051 4526 2209 4591 digiia

664 4607 785 4660 qua:
812 4601 1067 4660 perpetuo
1092 4595 1305 4645 Sileiitio
1332 4594 1739 4645 damnarentur.
1773 4609 1791 4641 ι

737 4682 845 4751 (95)
886 4682 1174 4735 Adeiindns
1204 4678 1500 4751 ABaronius
1527 4678 1861 4751 iat_l__dictuin
1912 4693 2040 4731 ann.
2087 4677 2209 4745 554,

667 4745 939 4815 ιιυὲυξη,
969 4766 1087 4820 pag.
1121 4749 1245 4810 526,
1275 4761 1408 4803 tom.
1441 4750 1559 4801 eod.
1589 4745 1677 4811 IV,
1712 4749 1802 4801 ubi
1833 4750 2055 4817 legenda
2086 4761 2213 4801 sunt

665 4835 727 4875 ea
752 4836 871 4888 quae
888 4836 918 4874 a
940 4819 1102 4889 Pagio
1146 4836 1295 4873 num.
1333 4820 1360 4872 7
1378 4830 1432 4873 et
1452 4835 1603 4888 seqq.
1625 4819 1834 4872 erudite
1861 4827 2208 4871 adnotantur.

736 4912 844 4984 (91)
884 4911 1087 4966 Horum
1128 4911 1437 4984 testimonia
1485 4912 1713 4984 legimus
1741 4909 1882 4978 apud
1917 4910 2208 4984 Baronium

669 4984 735 5035 ad
762 4981 850 5036 an.
883 4981 1250 5049 Clll'isll75‘27,
1296 4997 1446 5033 num.
1488 4982 1523 5035 8
1565 4992 1617 5033 et
1645 4996 1820 5048 seqq.,
1872 4995 1993 5049 pag.
2030 4981 2128 5033 197
2158 4987 2212 5033 et

670 5064 843 5119 seqq.,
877 5062 1008 5106 tom.
1043 5048 1132 5113 IV,
1165 5052 1256 5104 ubi
1292 5049 1483 5117 Pagiiis
1517 5053 1683 5105 multa
1712 5064 1861 5103 num.
1896 5048 1924 5099 7
1952 5048 2026 5119 βι
2058 5065 2207 5117 seqq.

670 5123 735 5173 de
760 5118 1008 5175 Indorum
1034 5121 1403 5183 conversione,
1430 5122 1494 5174 de
1521 5120 1852 5181 Frumentio,
1880 5119 1945 5171 de
1967 5118 2111 5170 ludia
2142 5135 2212 5171 ci-

671 5192 878 5255 teriori,
904 5208 997 5246 seu
1021 5190 1298 5258 Ethiopia
1325 5204 1389 5240 ac
1416 5188 1561 5243 ludia
1587 5192 1854 5255 orientali,
1886 5188 2111 5255 aliisque
2132 5203 2212 5241 re-

672 5262 774 5315 bus
824 5264 888 5313 ad
937 5273 1174 5315 nostram
1228 5261 1544 5312 sententiain
1595 5260 1959 5328 spectauimus
2003 5259 2211 5328 erudite

672 5331 959 5393 disseiuit,
1014 5342 1068 5385 et
1107 5330 1395 5387 nonnullos
1445 5334 1542 5383 hac
1570 5327 1635 5381 de
1664 5346 1719 5381 re
1743 5344 1952 5383 errores
2000 5327 2210 5380 exami-

672 5402 838 5456 iiaiit.
894 5399 1017 5453 Haec
1039 5402 1218 5453 omnia
1249 5400 1388 5468 apud
1416 5399 1589 5467 ipsum
1613 5397 1833 5467 Pagium
1867 5400 2086 5467 legenda
2116 5413 2211 5465 pa-

671 5481 806 5530 tent,
839 5487 903 5523 ex
933 5472 1130 5538 quibus
1153 5476 1523 5531 continuatur,
1556 5482 1747 5537 quarto
1774 5480 1977 5523 tantum
2013 5470 2209 5521 seculo

670 5540 989 5595 lloiineritas
1016 5540 1374 5593 ωιτίδιιωιυιη
1407 5543 1562 5592 tidem
1586 5541 1751 5591 fuisse
1787 5542 2079 5607 amplexos.
2112 5538 2210 5590 Mi-

669 5615 821 5666 chael
849 5612 1085 5679 Lequieii
1115 5620 1263 5679 tonio
1286 5612 1519 5664 secundo
1544 5610 1743 5663 Oriettt.
1768 5610 2052 5662 Christian.
2085 5624 2206 5677 pag.

668 5682 792 5745 309,
846 5678 963 5734 fuse
996 5683 1105 5748 agit
1136 5680 1202 5731 de
1226 5678 1526 5749 Aithiopca
1568 5680 1802 5733 Ecclesia
1847 5680 2209 5732 Alexandrino

666 5755 987 5823 patriarcha:
1019 5751 1279 5817 subjecta,
1329 5767 1392 5802 ac
1423 5756 1487 5803 de
1516 5762 1755 5823 tempore
1808 5764 1917 5816 quo
1948 5752 2210 5823 Uri-istia—

669 5819 793 5875 iiaiii
826 5825 1143 5891 religionem
1193 5830 1486 5889 receperit,
1521 5836 1679 5889 quem
1732 5819 1896 5875 lector
1930 5820 2210 5875 consulere
2260 5876 2261 5879 η

2327 2010 2710 2078 Metaphrastes
2761 2010 2813 2061 in
2847 2008 2992 2062 Actis
3023 2009 3079 2062 S.
3112 2010 3296 2064 Art-ta:
3329 2011 3581 2079 martyris
3628 2011 3820 2062 scribit
3848 2024 3880 2063 a

2327 2103 2629 2171 patriarcha
2662 2101 3022 2154 Alexandrino
3069 2103 3375 2169 episcopum
3402 2104 3613 2171 (nempe
3636 2101 3881 2171 Gregen-

2324 2194 2501 2261 tium).
2539 2202 2593 2244 ut
2624 2190 2940 2245 Lambecius
2970 2192 3160 2254 credit,
3204 2192 3368 2245 fuisse
3391 2194 3696 2245 ordinatum
3720 2209 3879 2245 euin-

2322 2302 2427 2353 que
2451 2283 2755 2337 llomzeritis
2803 2284 3025 2337 missum
3056 2283 3153 2350 (1).
3212 2282 3619 2352 Nagranitariini
3664 2284 3880 2352 episco-

2319 2392 2446 2445 pum
2491 2375 2712 2429 Paulum
2757 2375 3042 2443 quemdam
3090 2374 3270 2427 laudat
3318 2375 3454 2427 idem
3487 2373 3879 2442 Metaphrastes

2323 2458 2462 2536 apud
2496 2468 2892 2520 Asseiiiannum
2926 2465 3038 2535 (‘2);
3092 2465 3189 2517 sed
3224 2464 3384 2532 hujus
3409 2466 3684 2533 scriptoris
3719 2467 3880 2521 testi-

2325 2625 2552 2692 potcrit;
2588 2624 2841 2692 legendus
2872 2626 3029 2677 etiam
3080 2623 3218 2676 idem
3250 2623 3506 2693 Leqiiien.
3534 2640 3649 2691 pag.
3678 2625 3787 2679 662
3818 2635 3879 2681 et

2322 2710 2493 2761 seqq.,
2525 2705 2654 2745 toni.
2680 2700 2863 2746 eodem
2894 2694 2953 2759 ll,
2983 2696 3070 2747 ubi
3100 2699 3165 2747 de
3195 2693 3431 2747 Ecclesia
3455 2694 3875 2749 Hoiiiaaritaruin

2321 2777 2618 2815 sermonem
2658 2764 2829 2815 habet.

2392 2832 2502 2897 (95)
2537 2829 2819 2899 Legendus
2864 2832 3180 2885 Guilielmus
3228 2831 3367 2885 Cave
3420 2832 3471 2884 in
3517 2847 3659 2899 saepe
3703 2833 3867 2888 citato

2321 2910 2451 2952 toni.
2490 2902 2530 2963 1,
2564 2918 2612 2967 p.
2646 2902 2767 2961 521,
2817 2903 2905 2953 ubi
2937 2902 3099 2952 multa
3139 2905 3204 2954 de
3237 2903 3423 2954 eodem
3456 2902 3747 2970 Grcgentio
3780 2918 3865 2957 re-

2320 2973 2439 3031 fert,
2493 2970 2581 3039 qui
2637 2987 2778 3022 anno
2809 2971 2913 3023 540
2943 2971 3139 3031 floruit,
3177 2983 3229 3023 et
3260 2973 3367 3037 agit
3404 2972 3469 3024 ile
3512 2973 3772 3039 operibus
3804 2973 3869 3028 ab

2321 3042 2504 3091 eodem
2531 3041 2706 3097 editis.
2760 3041 2913 3107 cujus
2943 3044 3077 3092 ’Λεία
3114 3042 3481 3106 disputationis
3515 3056 3632 3091 eum
3673 3040 3873 3095 Herba-

2320 3126 2383 3161 no
2428 3108 2611 3163 Judan
2657 3112 2848 3162 habita:
2897 3120 3103 3163 esstant
3159 3109 3561 3163 Graeco-Latine
3589 3125 3619 3161 a
3652 3109 3876 3166 Nicolao

2318 3178 2547 3232 Gulonio
2580 3196 2701 3232 cuni
2735 3180 2952 3233 sclioliis
2990 3180 3273 3234 breviculis
3308 3180 3449 3232 edita
3482 3179 3706 3233 Parisiis
3731 3197 3873 3233 anno

2317 3248 2475 3312 1586,
2530 3252 2579 3300 in
2602 3253 2644 3302 ηδ
2674 3260 2725 3301 et
2749 3251 2940 3302 exinde
2971 3250 3021 3301 in
3051 3250 3301 3302 Auctario
3351 3249 3618 3304 Ducmaiio
3644 3249 3874 3305 Parisiis

2314 3334 2459 3391 anno
2484 3318 2647 3391 71924,
2678 3330 2805 3371 toiii.
2840 3320 2855 3371 l
2888 3335 3092 3391 recusa.

2385 3389 2496 3456 (915)
2534 3387 2648 3441 Lib.
2700 3405 2753 3451 v,
2798 3405 2916 3457 pag.
2952 3386 3077 3452 151,
3143 3388 3229 3441 iihi
3267 3386 3429 3442 refert
3452 3388 3503 3441 in
3540 3388 3872 3445 bibliotheca

2314 3455 2556 3509 Ctesarca
2588 3455 2808 3510 exstare
2833 3455 2961 3512 mss.
2997 3461 3253 3510 hactenus
3299 3474 3404 3509 non
3441 3460 3663 3521 editum,
3716 3462 3874 3526 cujus

2315 3528 2502 3577 titulus
2550 3528 2600 3577 in
2649 3529 2881 3592 Lugiiani
2938 3527 3182 3578 Latinam
3230 3542 3417 3580 versus
3452 3539 3651 3581 sonat;
3688 3527 3877 3582 Sancti

2315 3592 2577 3663 (ἐντρεηηὶ
2599 3598 2971 3663 archiepiscopi
2999 3594 3346 3661 Top/infensis
3373 3598 3630 3663 legislatiu
3646 3599 3744 3649 sub
3776 3616 3874 3651 tio-

2314 3666 2450 3717 mine
2484 3666 2721 3717 Abramii
2752 3668 2882 3732 regis
2909 3666 3317 3717 Momwritnriim
3340 3681 3357 3717 :
3386 3680 3498 3718 sive
3525 3668 3768 3720 Abramii
3794 3684 3879 3721 rc-

2312 3736 2391 3803 gis
2430 3734 2835 3806 llopiwi'itarniii
2867 3735 2999 3803 leges
3025 3753 3055 3787 a
3089 3746 3268 3806 sancto
3302 3734 3573 3806 Cregentio
3607 3739 3879 3806 archiepi-

2312 3820 2463 3872 scopo
2502 3803 2817 3873 Taplinrensi
2859 3806 3175 3873 compositw.
3226 3804 3516 3858 Adcundus
3553 3805 3752 3869 l’agius
3792 3803 3871 3860 ad

2312 3888 2524 3947 annum
2548 3872 2743 3947 Christi
2779 3876 2901 3940 525,
2947 3872 3094 3947 num.
3132 3876 3216 3940 10,
3254 3886 3383 3927 tom.
3413 3873 3484 3925 lX
3514 3876 3715 3927 Annal.
3743 3892 3871 3947 pag.

2311 3942 2408 3995 551
2445 3946 2571 3996 edit.
2606 3943 2762 3997 Luca:
2786 3946 2913 3997 aiiiii
2952 3945 3103 3996 1741.

2382 4013 2493 4084 (97)
2523 4014 3143 4084 ADispulatiouistitulus
3176 4013 3262 4084 hic
3305 4020 3385 4064 est
3414 4031 3425 4065 :
3460 4009 3647 4084 Sancti
3682 4011 3871 4068 Patris

2311 4082 2481 4134 nostri
2507 4082 2765 4150 Gregentii
2798 4083 3167 4148 archiepiscopi
3200 4082 3542 4146 Tapharensis
3572 4083 3869 4147 disputatio

2311 4166 2427 4201 cum
2464 4152 2667 4202 Erbano
2689 4152 2895 4203 Judwa.
2923 4153 3587 4217 LegendusAsseiiianniis
3609 4151 3862 4208 Biblioth.

2316 4220 2596 4282 Oriental.,
2630 4232 2756 4273 tom.
2796 4222 2835 4278 Ι,
2873 4237 2924 4287 p.
2957 4221 3060 4271 585
3088 4222 3214 4272 edit.
3247 4219 3429 4271 limine
3462 4220 3619 4273 1719.

2381 4291 2490 4358 (98)
2532 4292 2607 4341 Ad
2636 4291 2835 4355 dictum
2866 4306 2955 4342 aii.
2985 4290 3108 4351 525,
3129 4291 3228 4343 Inc.
3255 4301 3345 4342 (‘ll.
3376 4306 3523 4341 iiuni.
3553 4290 3638 4350 12,
3660 4307 3714 4359 p.
3739 4292 3869 4349 352.

2380 4361 2489 4428 (99)
2531 4359 2684 4411 Tum.
2725 4360 2938 4413 lcitatae
2972 4360 3221 4411 Bibliotli.
3263 4360 3548 4423 0riental.,
3582 4377 3632 4429 p.
3668 4363 3797 4416 585.

2344 4429 2455 4509 ⁸(1)
2499 4430 2572 4482 Ita
2623 4430 2859 4509 leg-intus
2904 4436 3041 4509 apiid
3094 4430 3719 4509 illaalll.‘ASSClllallllum
3760 4437 3871 4488 loc.

2308 4500 2426 4569 cit_.,
2476 4516 2596 4568 pag.
2646 4500 2767 4551 582.
2826 4500 2899 4553 Eii
2947 4500 3343 4569 Meiaphrastis.
3374 4504 3531 4559 verba
3562 4515 3685 4569 pug.
3723 4504 3870 4559 9‘5:

2239 4571 2283 4624 D
2319 4588 2336 4619 i
2374 4567 2684 4622 Patriarclia
2709 4578 2885 4623 autem
2919 4568 3256 4622 Alexandria:
3303 4567 3610 4625 ordinatum
3638 4567 3874 4637 episeo-

2317 4654 2443 4707 pum
2480 4639 2625 4692 misit
2650 4642 2715 4693 ad
2745 4639 3079 4693 Homaerilas.
3112 4639 3233 4701 Qui,
3264 4653 3385 4689 cum
3414 4638 3520 4707 illis
3547 4654 3873 4697 consecras-

2316 4705 2397 4760 Set
2427 4711 2678 4775 templum
2719 4710 2860 4775 quod
2896 4709 3067 4760 fuerat
3099 4708 3443 4777 aediﬁcatum,
3487 4705 3726 4777 baptiz_i_it
3749 4712 3875 4777 qvi-

2315 4779 2434 4828 dem
2468 4774 2654 4829 onines
2679 4774 2767 4844 qui
2804 4786 2956 4830 erant
2987 4778 3038 4827 iii
3065 4776 3370 4844 civitatibus
3394 4784 3447 4828 et
3473 4790 3623 4843 pagis
3649 4774 3873 4833 Homic-

2316 4846 2541 4897 ritarum
2565 4846 2615 4897 iii
2644 4842 2857 4899 nomine
2879 4857 3076 4899 sancta:
3108 4842 3408 4897 Trinitatis.
3455 4842 3531 4895 Ex
3554 4842 3646 4897 eis
3676 4858 3867 4902 autem

2317 4916 2529 4966 ordinat
2573 4916 2830 4973 diaconos
2870 4925 2925 4967 et
2949 4916 3308 4983 presbyteros,
3350 4923 3405 4966 et
3429 4913 3703 4986 Ecclesiis,
3738 4934 3870 4986 qua:

2314 4995 2467 5037 erant
2512 4988 2563 5036 iii
2609 4987 2845 5052 regione,
2891 4986 3063 5037 reddit
3102 4993 3301 5037 statum
3350 4999 3508 5037 suum
3552 4983 3791 5052 solitarii.
3837 5006 3860 5039 ι

2314 5052 2511 5107 Eadem
2574 5051 2879 5106 referuntur
2932 5056 2985 5106 in
3034 5069 3137 5108 ms.
3190 5053 3491 5121 Menologio
3545 5051 3863 5113 Grecorum

2319 5126 2459 5191 apud
2492 5121 2857 5185 Lambecium,
2883 5124 2976 5177 lib.
3008 5139 3060 5187 ν,
3092 5138 3212 5193 pag.
3242 5123 3363 5193 155.

2384 5194 2459 5262 (2)
2499 5194 2575 5264 1ηΔ
2602 5193 2974 5247 dissertatione
2993 5196 3077 5264 gde
3118 5191 3267 5264 syris
3312 5191 3646 5247 Nestorianis
3676 5194 3728 5247 in
3757 5193 3862 5248 Bi-

2314 5260 2494 5337 niam.
2540 5260 2794 5337 grientol.
2831 5273 2967 5337 tom.
2991 5262 3079 5337 lll,
3116 5260 3279 5337 (parte
3320 5264 3669 5337 secmida,_c.
3708 5264 3797 5328 10,
3832 5265 3866 5337 ς

2312 5331 2364 5394 5,
2391 5348 2511 5400 pag.
2541 5333 2661 5390 593.
2702 5334 2788 5384 ubi
2820 5334 3000 5386 multis
3028 5334 3270 5387 deductis
3306 5333 3639 5400 antiquitatis
3667 5331 3867 5387 manu:

2313 5412 2509 5472 mentis
2534 5407 2599 5453 de
2628 5402 2948 5457 Christiana:
2987 5404 3257 5472 religionis
3296 5402 3451 5453 initio
3486 5410 3861 5472 etprogessu

2315 5470 2368 5540 iii
2392 5472 2587 5524 Arabia
2632 5474 2993 5525 eruditissime
3021 5470 3145 5540 agit.
3201 5470 3330 5535 Quae
3372 5473 3424 5523 in
3455 5486 3517 5523 ea
3544 5470 3859 5538 uariantur,

2314 5537 2538 5609 quicque
2581 5552 2821 5594 nostram
2876 5537 3193 5595 sententiam
3227 5542 3291 5592 de
3320 5542 3523 5609 origine
3577 5537 3863 5595 catholicae

2313 5611 2433 5662 fidei
2452 5608 2599 5678 apud
2630 5608 2943 5665 Honiteritas
2968 5615 3305 5670 coiiliriuaiit,
3330 5608 3467 5663 lectu
3491 5615 3647 5679 digna
3678 5613 3863 5662 omni-

2315 5692 2384 5731 no
2414 5690 2568 5744 suiit;
2600 5683 2793 5733 merito
2809 5686 3037 5747 denique
3062 5680 3485 5750 c.«ncludit,~pag.
3514 5681 3638 5741 602,
3665 5680 3718 5731 in
3744 5679 3864 5732 Ho-

2314 5751 2635 5802 nueritai'uui
2685 5759 2846 5818 regno
2884 5760 3113 5818 quatuor
3148 5750 3486 5818 episcopatus
3518 5754 3705 5814 fuisse,
3736 5751 3862 5817 pri-

2314 5768 2635 5802 ιυδξηωιυυω
2685 5768 2739 5802 re
2759 5768 2846 5801 '00
2884 5768 3113 5818 quatuor
3148 5768 3486 5818 episcopatus
3518 5768 3705 5814 tuisse,
3736 5768 3860 5817 ριί-

2313 5833 2463 5873 mum
2486 5822 2539 5873 iii
2570 5822 2700 5877 urbe
2730 5768 2960 5889 'fapbaif,
3013 5822 3240 5874 alterum
3267 5821 3323 5874 in
3346 5822 3521 5887 adeo,
3552 5822 3770 5875 tertium
3793 5819 3860 5873 in
