4078 6348
145 448 224 507 set
894 445 979 500 DE
1017 443 1403 502 PORTUENSI
1444 447 1499 501 S.
1542 444 1900 500 HIPPOLYTI
1941 444 2129 498 SEDE.
2166 476 2234 484 —
2270 443 2448 498 PARS
2481 443 2544 498 ll.

3210 449 3315 504 592

144 567 298 623 monia
327 568 472 636 parvi
506 566 713 622 faciunt
752 568 933 637 magni
961 568 1086 621 viri.
1139 567 1436 637 Procopius
1465 567 1539 636 (5)
1577 581 1667 620 ve—
1695 571 1741 625 Α
1767 563 1909 618 XXI.
1943 564 2132 637 Portus
2162 563 2426 617 Romanus
2450 573 2498 616 et
2532 560 2835 637 Emporium
2863 561 3151 637 Romanum
3180 567 3316 618 inter

143 673 194 711 ro
216 657 387 712 scribit
406 655 638 710 Paulum
669 672 762 713 seu
789 655 1412 728 Zoylum,ortbodoxum
1435 659 1664 711 Alexan-

141 748 251 803 driae
269 746 649 818 patriarcham,
679 751 988 817 episcopum
1035 749 1319 817 quemdam
1362 748 1665 804 Homaeritis

143 838 418 898 ordinasse.
472 853 634 907 quem
679 839 781 908 ipsi
808 837 1126 894 Nestoriana
1151 840 1340 894 haeresi
1371 841 1552 894 infecti
1581 856 1664 894 re-

141 928 293 997 cipere
319 927 630 988 noluerunt,
677 927 905 995 ideoque
932 927 1019 981 ille
1040 928 1378 982 Alexandria:
1420 937 1665 982 mortuus

141 1027 224 1072 est.
269 1017 437 1085 Atque
466 1017 583 1071 hazc
617 1017 1000 1086 episcopalium
1044 1017 1252 1071 sedium
1281 1019 1420 1087 apud
1453 1016 1663 1071 Homo:-

140 1109 254 1162 ritas
277 1105 458 1160 infelix
495 1121 616 1160 sors
651 1105 771 1172 fuit,
821 1123 960 1176 quas,
1011 1123 1134 1162 sero
1159 1109 1357 1163 ibidem
1387 1109 1661 1173 institutae,

123 1183 230 1252 cito
247 1212 359 1251 esse
384 1197 684 1252 desierunt.
732 1195 952 1252 Invidus
992 1199 1216 1253 humani
1254 1201 1461 1269 generis
1495 1201 1665 1256 hostis

139 1286 513 1344 infelicissimos
556 1289 782 1358 populos
825 1290 1014 1357 patriis
1062 1289 1387 1346 Sabaeorum
1419 1299 1471 1344 et
1493 1291 1666 1348 Κονθ-

139 1376 405 1431 schitarum
459 1377 935 1447 superstitionibus
975 1378 1204 1449 decepit,
1236 1396 1371 1449 quas
1398 1381 1554 1450 longe
1582 1383 1663 1436 la-

137 1477 292 1538 teque,
336 1482 399 1523 ac
451 1469 544 1522 diu
588 1484 683 1538 per
730 1478 894 1522 totam
943 1470 1054 1524 fere
1093 1472 1347 1525 Arabiam
1393 1480 1666 1541 grassatas

135 1574 256 1622 esse,
287 1574 349 1613 ex
369 1559 614 1614 Arabum
646 1560 970 1629 scriptorum
1004 1563 1368 1617 monumentis
1400 1563 1663 1631 probavit,

135 1657 184 1702 ut
209 1649 572 1704 Abrahamum
606 1649 982 1707 Ecehelensem
1013 1663 1066 1708 et
1087 1653 1343 1709 Joannem
1375 1653 1664 1709 llenricum

135 1733 487 1807 llottingerum
519 1747 920 1809 praetereamus,
954 1742 1149 1810 smpius
1176 1744 1371 1797 citatus
1399 1742 1666 1813 Josephus

136 1834 390 1891 Simonius
415 1838 788 1893 Assemanuus
817 1837 914 1906 (4).
969 1837 1175 1890 Idcirco
1206 1834 1446 1889 infelices
1466 1834 1666 1889 Christi

133 1924 344 1980 fidelium
396 1928 658 1997 reliquiae,
703 1928 750 1980 si
791 1905 1028 1996 unquam
1075 1925 1215 1994 apud
1257 1925 1403 1993 ipsos
1438 1932 1560 1993 post
1589 1931 1668 1978 tot
1699 1905 1741 1963 Β

132 2016 292 2077 clades
319 2018 664 2081 exstiterunt,
696 2017 750 2070 in
786 2017 1236 2071 heterodoxorum
1271 2031 1480 2070 errores
1508 2016 1669 2068 mise-

131 2122 180 2160 re
205 2107 358 2175 lapsa:
390 2114 542 2161 sunt.
585 2107 821 2161 Tandem
847 2107 1371 2176 impudentissimum
1395 2105 1668 2158 Mahume-

132 2206 248 2259 tum,
276 2205 566 2266 antequam
601 2197 934 2252 miserrimas
961 2209 1145 2267 gentes
1169 2197 1349 2251 stultis
1377 2205 1536 2252 secta:
1557 2211 1670 2250 suae

132 2286 380 2340 blanditiis
434 2282 772 2355 decepisset,
848 2286 1164 2340 idololatriae
1213 2299 1408 2338 nomen
1453 2284 1668 2339 dedisse

131 2385 315 2430 eertum
342 2385 447 2447 est,
500 2379 866 2446 templumque
910 2377 1040 2430 illud
1071 2375 1264 2429 Meccae
1293 2366 1434 2444 apud
1462 2374 1666 2429 Musul-

131 2481 339 2519 mannos
382 2466 800 2521 celeberrimum
836 2466 1072 2536 gentium
1101 2464 1204 2518 diis
1230 2463 1462 2527 dicasse,
1494 2467 1668 2518 omni-

131 2555 219 2610 bus
251 2566 330 2611 est
355 2557 732 2622 notissimum;
765 2558 909 2626 quod
936 2557 1152 2624 quidem
1181 2559 1337 2612 nobis
1362 2558 1668 2612 infelicissi-

129 2663 258 2701 mum
284 2657 411 2702 tunc
439 2649 602 2703 etiam
641 2649 903 2716 temporis
926 2649 1356 2704 Christianorum
1387 2659 1584 2704 statum
1614 2650 1666 2703 in

129 2738 305 2792 Arabia
351 2739 532 2793 Felice
559 2740 629 2793 ob
653 2742 840 2795 oculos
883 2741 1051 2809 ponit.
1100 2739 1298 2795 Verum
1341 2741 1386 2796 si
1423 2741 1666 2814 Moyuius

125 2827 228 2884 haec
261 2829 448 2885 sedulo
474 2830 957 2894 animadvertisset,
987 2839 1272 2900 antequam
1301 2847 1492 2886 novam
1521 2832 1666 2885 illam

126 2920 185 2974 de
240 2920 296 2974 S.
361 2920 634 2992 Hippolyti
694 2922 821 2976 sede
876 2907 1215 2990 exposuisset
1277 2922 1665 2992 conjecturam,

125 3011 378 3078 eamdem,
426 3021 616 3066 nostro
667 3013 882 3081 quidem
928 3013 1154 3080 judicio,
1215 3029 1488 3082 nunquam
1539 3028 1664 3081 pro-

127 3100 322 3168 basset;
370 3103 624 3171 superius
648 3103 791 3157 enim
820 3111 1098 3158 ostensum
1134 3115 1215 3159 est
1239 3104 1557 3158 Christiana:
1580 3119 1666 3156 re-

125 3191 329 3262 ligionis
383 3194 538 3247 initia
591 3193 731 3262 apud
782 3191 1127 3259 llomaeritas,
1179 3195 1278 3249 etsi
1323 3209 1353 3248 a
1410 3194 1466 3248 S.
1521 3195 1666 3248 Tho-
1695 3229 1737 3283 α

126 3299 203 3336 ma
227 3284 398 3352 repeti
425 3284 824 3354 quodammodo
851 3285 1078 3353 possint,
1107 3302 1266 3356 quem
1307 3286 1448 3341 Indis
1470 3287 1669 3343 Christi

127 3370 463 3441 Evangelium
495 3373 844 3428 auuuntiasse
872 3374 1072 3429 scimus
1113 3376 1222 3444 (5),
1257 3377 1549 3431 maximum
1586 3387 1668 3432 ta-

125 3476 237 3514 men
288 3461 415 3515 tidei
467 3465 862 3518 incrementum
909 3473 962 3519 et
1018 3481 1211 3519 novam
1255 3465 1668 3521 Homzeritarum

123 3551 550 3615 conversionem,
602 3552 647 3607 si
697 3552 1054 3624 Pbilostorgio
1099 3554 1248 3619 tides,
1300 3557 1506 3626 integro
1552 3567 1673 3626 post

124 3641 176 3695 S.
214 3642 568 3714 Hippolytum
626 3647 859 3710 saeculo,
915 3647 1175 3702 accidisse
1225 3663 1385 3702 nemo
1434 3651 1667 3719 negabit.

123 3729 363 3801 Episcopi
398 3749 529 3788 vero
568 3735 700 3788 nulli
732 3736 817 3790 his
848 3738 1184 3805 temporibus
1227 3739 1368 3805 apud
1407 3738 1669 3793 llomaari-

119 3828 196 3875 tas
227 3834 544 3889 occurrunt,
581 3824 674 3893 qui
710 3834 887 3881 tamen
930 3830 1280 3895 sequentibus
1324 3829 1537 3882 saeculis
1579 3843 1670 3881 cx-

121 3913 315 3967 stitisse
351 3927 761 3981 memorantur;
787 3928 852 3970 ut-
871 3918 937 3970 de
966 3919 1072 3971 illis
1095 3917 1360 3991 episcopis
1381 3918 1666 3981 Sileamus,

119 4017 247 4072 quos
270 3995 560 4058 enumerat
582 4005 971 4074 Metaphrastes
997 4007 1050 4059 iu
1073 4007 1219 4060 Actis
1237 4016 1546 4061 sanctorum
1569 4009 1668 4076 (6),

118 4091 267 4158 cujus
313 4097 500 4144 tamen
542 4091 672 4146 tides
720 4095 858 4162 apud
912 4094 1151 4148 eruditos
1188 4110 1527 4166 summopere
1568 4097 1669 4151 du-

117 4178 198 4234 bia
229 4190 334 4236 est.
407 4228 413 4234 .

119 4333 468 4411 [Emporioad
499 4337 697 4391 ostium
754 4339 919 4394 maris
971 4338 1193 4411 Persici,
1255 4358 1371 4411 quae
1431 4342 1669 4397 ilormuz

116 4404 278 4459 fuisse
300 4405 613 4482 v_idetur,_et
642 4417 890 4482 quartum
911 4411 964 4482 in
985 4404 1193 4482 Nagran
1220 4404 1368 4466 urbe.
1391 4411 1668 4482 Legendus

117 4475 502 4545 saepecitatus
550 4477 781 4544 Lequien
826 4477 1024 4532 Orieut.
1064 4475 1382 4545 Christiano,
1439 4475 1568 4535 tom.
1604 4481 1664 4542 ll,

1835 651 1890 703 se
1938 634 2300 701 distinguunt,
2349 633 2596 702 quamvis
2651 647 2743 700 pro
2799 648 2898 684 uno
2951 633 3226 703 eodemque
3282 653 3315 687 a
3379 636 3382 638 ’

1837 701 2048 771 Hoynio
2079 701 2423 770 accipiantur.
2538 735 2541 738 -
3120 727 3123 730 ·

1835 838 1991 892 Aliud
2029 845 2192 900 restat
2237 837 2492 907 Stephani
2525 837 2574 892 le
2605 836 2796 909 Moyne
2837 838 2911 910 (7)
2942 845 3314 909 argumentum

1765 942 1830 982 ex
1859 928 2045 982 eodem
2091 927 2452 998 Philostorgio
2495 928 2803 991 deductum,
2831 945 2894 984 ex
2924 947 3034 1000 quo
3073 946 3180 984 non
3205 947 3315 985 me-

1763 1019 1963 1072 diocris
1996 1018 2267 1088 opinionis
2290 1035 2400 1073 sua:
2431 1019 2511 1073 vis
2541 1020 2754 1088 pendet.
2791 1020 2989 1075 Scribit
3017 1020 3314 1076 Philostoro

1764 1112 1884 1179 gius
1932 1126 2092 1164 unam
2139 1125 2204 1164 ex
2252 1108 2665 1164 Homzeritarum
2716 1111 2941 1164 urbibus
2993 1111 3045 1165 in
3099 1111 3316 1180 regione

1763 1201 1984 1255 Adanen
2019 1200 2208 1267 sitam,
2255 1199 2620 1254 Romanorum
2664 1200 2971 1270 Emporium
3018 1201 3313 1256 exstitisse.

1765 1289 2124 1356 Quamobrem
2167 1291 2224 1344 S.
2259 1288 2600 1360 Hippolytum
2649 1290 2872 1359 hujusce
2904 1289 3054 1344 urbis
3076 1331 3090 1352 ,
3125 1289 3179 1342 in
3206 1305 3315 1360 qua

1764 1381 2075 1451 Emporium
2101 1381 2404 1434 Romanum
2435 1380 2556 1446 fuit,
2580 1382 2891 1450 episcopum
2915 1395 3033 1435 esse
3054 1380 3314 1449 potuisse,
3372 1366 3373 1369 V

1763 1479 1815 1526 et
1835 1487 2020 1526 omnes
2043 1470 2258 1526 Graecos
2287 1471 2595 1541 scriptores,
2614 1471 2705 1539 qui
2734 1472 2978 1525 eumdem
3006 1473 3316 1540 episcopum

1754 1562 1959 1632 Portus
1989 1561 2217 1615 Romani
2250 1560 2416 1615 fuisse
2451 1564 2802 1630 scripserunt,
2839 1577 2960 1614 eum
2997 1562 3053 1614 S.
3081 1561 3315 1626 Gelasio,

1765 1653 1857 1720 qui
1890 1651 2174 1705 Arabicam
2217 1651 2294 1704 illi
2341 1651 2521 1705 sedem
2557 1651 2763 1715 tribuit,
2807 1652 2908 1704 hoc
2952 1660 3110 1719 pacto
3133 1650 3316 1721 conci-

1765 1742 1898 1795 liare
1943 1756 2100 1809 posse
2139 1739 2381 1811 Moyuius
2418 1741 2519 1795 sibi
2555 1742 2858 1811 persuadet.
2899 1740 3120 1806 Verum,
3165 1749 3317 1794 aute-

1767 1848 1930 1902 quam
1959 1833 2042 1885 vir
2073 1832 2314 1886 eruditus
2354 1832 2494 1886 hanc
2546 1830 2785 1884 veterhm
2828 1830 3148 1899 scriptorum
3176 1831 3314 1883 inter

1769 1938 1827 1975 se
1857 1922 2210 1991 pugnantium
2260 1921 2418 1974 iniret
2461 1922 2826 1984 concordiam,
2872 1920 3054 1974 lectori
3088 1935 3314 1988 persua-

1767 2010 1893 2063 dere
1922 2011 2222 2079 oportebat,
2255 2010 2396 2063 iuter
2421 2011 2518 2064 has
2542 2025 2696 2064 voces
2713 2051 2726 2074 ,
2753 2008 2943 2062 Portus
2970 2009 3234 2062 Romanus
3263 2019 3316 2063 et

1768 2096 2073 2166 Emporium
2120 2098 2452 2162 Romanum,
2495 2099 2627 2151 nihil
2669 2099 2942 2152 interesse.
2988 2098 3152 2158 Nobis
3187 2115 3315 2154 vero

1766 2189 2240 2257 persuasissimum
2281 2198 2393 2254 est,
2447 2189 2755 2242 earumdem
2806 2204 2996 2243 vocum
3044 2189 3313 2258 disparem

1767 2281 1990 2335 omnino
2038 2296 2159 2336 esse
2213 2281 2506 2345 rationem;
2558 2289 2764 2336 veteres
2830 2281 2973 2335 enim
3024 2282 3316 2351 scriptores

1768 2378 1980 2439 portum
2029 2369 2356 2436 Romanum,
2388 2370 2453 2424 de
2492 2375 2600 2439 quo
2634 2371 2723 2424 hic
2753 2385 2948 2426 sermo.
2975 2381 3075 2435 est,
3108 2372 3314 2424 nullum

1769 2468 1960 2530 praeter
1989 2458 2312 2524 Ostiensem,
2337 2476 2366 2514 a
2397 2460 2620 2514 Claudio
2662 2469 3016 2525 exstructum,
3041 2462 3314 2519 exstitisse

1767 2551 1966 2605 diserte
2015 2559 2311 2614 testantur;
2361 2551 2597 2620 emporia
2634 2565 2762 2604 vero
2805 2549 3170 2607 Romanorum
3195 2558 3314 2627 plu—

1769 2641 1904 2696 rima
1939 2641 1992 2695 in
2039 2642 2168 2696 orbe
2215 2640 2475 2706 Romano,
2525 2651 2577 2694 et
2610 2641 2747 2710 apud
2783 2641 3039 2698 barbaras
3072 2647 3315 2702 nationes

1769 2741 1920 2786 extra
1955 2732 2163 2800 imperii
2195 2732 2422 2785 Romani
2470 2731 2669 2785 limites
2711 2732 2845 2785 sitas
2876 2744 3178 2787 memorant
3219 2751 3313 2792 ve-

1770 2833 1908 2876 teres
1954 2822 2264 2892 geographi.
2295 2820 2486 2874 Portus
2535 2821 2716 2887 itaque
2759 2818 3032 2872 Romanus
3063 2824 3218 2876 toties
3247 2825 3314 2877 ab

1769 2911 2006 2980 antiquis
2033 2912 2391 2980 scriptoribus
2421 2918 2768 2974 memoratus,
2792 2910 3197 2966 celeberrimum
3227 2930 3316 2966 ur-

1769 3000 1851 3054 bis
1880 2999 2066 3054 Roma:
2109 3001 2298 3054 navale
2345 3015 2376 3053 a
2415 2999 2626 3054 Nerone
2674 3003 3028 3056 instauratum
3068 3003 3312 3066 denotat,

1769 3091 1912 3158 quod
1947 3091 2159 3159 ipsimet
2206 3089 2376 3145 Graeci
2423 3090 2611 3144 Latina
2644 3107 2775 3147 voce
2820 3093 3024 3163 Πόρτου
3069 3092 3316 3163 designa-

1770 3189 1915 3244 runt,
1942 3191 2001 3235 ut
2039 3181 2171 3234 Acta
2211 3181 2442 3251 genuina
2473 3180 2528 3235 S.
2557 3181 2744 3250 lgnatii
2781 3183 2878 3253 (8),
2906 3182 3206 3254 Syncellus,
3249 3188 3317 3238 ti-
3370 3223 3378 3228 -

1772 3272 1916 3326 tulus
1971 3272 2171 3326 codicis
2225 3273 2838 3344 Constantinopolitaui,
2909 3289 3068 3342 quem
3135 3274 3319 3329 laudat

1770 3362 2093 3417 Anastasius
2133 3361 2549 3430 Apocrisiarius,
2589 3370 2775 3415 auctor
2812 3357 3058 3416 Chrouiri
3085 3365 3316 3418 Alexan-

1771 3454 1932 3517 drini,
1967 3452 2224 3517 Zonaras,
2255 3453 2452 3524 aliique
2481 3451 2555 3519 (9)
2584 3452 2737 3505 nobis
2773 3455 2903 3507 satis
2934 3468 3199 3522 superque
3236 3455 3316 3506 iu-

1772 3544 1952 3598 dicare
1993 3544 2263 3596 videntur.
2311 3539 2421 3593 lmo
2480 3540 2772 3608 Procopius
2829 3557 3034 3596 vocem‘
3070 3541 3314 3597 Latinam

1771 3633 1970 3688 Graecis
2013 3633 2204 3686 litteris
2246 3639 2520 3683 exaratam
2579 3631 2853 3697 describit,
2903 3642 2954 3685 et
3007 3648 3074 3687 ne
3123 3633 3314 3700 Grzcci,

1770 3721 1946 3776 Latini
1976 3722 2241 3774 sermonis
2271 3720 2449 3774 forsan
2492 3721 2684 3791 ignari,
2722 3724 2995 3791 proprium
3037 3725 3198 3792 hujus
3226 3742 3317 3780 vo-

1770 3808 1849 3862 cis
1877 3821 2095 3861 sensum
2123 3805 2449 3876 ignorarent,
2477 3809 2589 3863 luec
2630 3810 2790 3863 verba
2838 3812 3070 3875 addidit,
3106 3814 3319 3884 λιμένος

1782 3896 2014 3967 Ῥώμης,
2041 3913 2160 3966 quae
2197 3908 2392 3952 sonant
2417 3898 2624 3966 Latine,
2654 3920 2671 3950 ι
2705 3900 2897 3956 Portus
2932 3886 3145 3970 Romae;
3180 3926 3197 3956 ι
3231 3905 3319 3959 τὴν

1771 3988 1982 4058 λιμένα,
2033 3989 2090 4040 ὃν
2141 3988 2203 4058 δὴ
2249 3990 2450 4060 Πόρτον
2489 3991 2741 4068 ⁹ξ’ωμειῖοι
2775 3994 3008 4056 καλοῦσι,
3060 4015 3078 4046 r
3110 3999 3314 4060 navale,

1771 4082 1914 4149 quod
1969 4079 2194 4133 Romani
2240 4079 2456 4133 Portum
2502 4083 2771 4149 appellant
2816 4084 2946 4153 (l0).
2994 4106 3010 4136 ι
3057 4087 3110 4140 1η
3164 4091 3316 4141 titulo

1774 4170 1972 4225 codicis
2034 4171 2323 4238 supradicti
2394 4170 2968 4242 Coustauliuopolitani
3028 4176 3317 4242 ἐπίσκοπος

1771 4345 2180 4399 Homzeritarum
2210 4344 2411 4412 regioni
2446 4344 2613 4400 India:
2647 4362 2839 4402 nomen
2878 4351 3063 4405 tribuit
3085 4353 3318 4411 Joannes

1770 4416 1909 4487 Asia:
1937 4415 1989 4487 in
2023 4413 2261 4487 Historia
2312 4416 2450 4482 apud
2497 4414 2831 4486 Dionysium'
2857 4425 3212 4487 patriam-ham
3263 4429 3314 4478 in

1771 4481 2250 4554 gh_t'pniCO,ACtljl|S
2285 4481 2541 4554 excerpta
2587 4481 2752 4539 edidit
2797 4481 2906 4554 ipse
2952 4491 3318 4545 Assciuauutts

117 4539 231 4611 pag.
256 4543 418 4624 _66_‘2,_
442 4539 720 4624 inqua-de
746 4545 984 4624 Ecclesia
1023 4539 1433 4604 llomzuritaru'm
1464 4539 1669 4624 scr_mo4
1698 4546 1742 4599 D
1770 4539 2330 4624 Bibliot_h.'0riental._
2353 4539 2483 4608 tom'.
2525 4553 2562 4617 l,
2607 4569 2725 4624 pag.
2759 4539 2902 4618 559—,
2925 4539 3312 4622 ubi"i’i."‘£.£;u‘;}

117 4628 232 4688 pem
256 4613 444 4688 habet,
473 4620 527 4664 et
559 4613 702 4688 illius
723 4613 1005 4688 episcopos
1027 4629 1295 4683 recenset;
1323 4636 1510 4688 nempe
1536 4618 1670 4672 Pau-

118 4680 970 4757 lum,JoannemLGregéutium,
1011 4699 1138 4754 etc.,
1171 4690 1236 4743 de
1265 4680 1466 4757 quibus
1499 4690 1668 4742 multa

118 4752 324 4804 erudite
363 4751 640 4804 disseruit.

203 4821 260 4898 β)
304 4819 441 4898 Vide
492 4821 654 4873 etiam
695 4819 930 4892 Lequien
971 4826 1078 4898 loc.
1123 4826 1239 4889 cit.,
1269 4834 1400 4879 tom.
1426 4825 1665 4898 ~ll,_pag.

119 4886 246 4960 Q65,
282 4886 804 4960 etAssemannum'
831 4903 963 4946 tom.
1013 4895 1099 4960 Ill,
1161 4886 1296 4960 part.
1350 4912 1384 4948 ll
1417 4886 1667 4948 Βὶὐιῖοιῆ.

121 4955 406 5034 0riengal.,
434 4974 579 5034 _pag.
630 4958 766 5024 602,
814 4963 1029 5018 dissert.
1058 4955 1123 5018 de
1157 4955 1306 5034 Syris
1339 4963 1671 5019 Nestoriauis

119 5029 371 5093 Luperius
399 5030 550 5082 citat.

183 5095 259 5163 (4)
301 5095 532 5151 Dissert.
556 5095 647 5150 cit.
675 5095 740 5151 de
758 5096 908 5169 Syris
933 5098 1287 5166 Nestorianis,
1307 5118 1424 5172 cap.
1455 5101 1539 5168 l'O,
1571 5103 1668 5174 ἥδ,

183 5179 232 5218 2.
267 5165 369 5218 591
403 5175 456 5218 et
479 5172 655 5218 seaa.‘

118 5177 232 5230 pag.
267 5175 369 5218 591
403 5175 456 5219 et
479 5181 629 5230 seqq.
1111 5223 1113 5225 .

185 5181 232 5216 σ,
267 5181 369 5218 om
403 5181 456 5219 et
616 5205 629 5218 .

185 5205 261 5350 Ξό)
293 5181 708 5303 Legenfﬁgqhac
731 5236 798 5290 de
831 5250 888 5290 re
907 5236 1046 5291 idem
1077 5223 1447 5296 Assemannus
1475 5253 1604 5296 tom.
1632 5241 1672 5295 ll

217 5302 373 5350 liotii.
428 5303 706 5350 0riental--
758 5321 881 5350 mm-
942 5306 1062 5350 387-
1114 5310 1202 5350 nhi
1258 5314 1576 5350 ntllrinrnhm
1622 5321 1672 5350 at

120 5299 399 5380 Bibliothf
419 5303 708 5380 “Orientah,
758 5321 881 5380 pag.
942 5306 1204 5380 587,_ubi
1258 5314 1576 5380 patriarcha:
1622 5321 1675 5364 et

122 5371 383 5444 primates
412 5373 651 5444 Orientis
680 5371 1030 5444 ex'QIironico
1063 5371 1303 5444 Gregorii
1341 5379 1672 5433 Har-Hebraei

122 5441 524 5516 describuntur.
560 5443 622 5516 |u_
645 5459 710 5498 eo
738 5462 757 5495 ι
797 5443 1056 5516 Thomam
1098 5441 1332 5516 Orientis
1372 5451 1672 5516 apostolum

180 5545 199 5561 .
231 5546 252 5584 _.
295 5512 354 5562 in
388 5512 872 5584 vastasiudiarum
918 5515 1163 5584 regiones
1208 5512 1526 5583 profect—um.
1571 5520 1674 5572 Ca-

1770 4636 1919 4674 num.
1951 4621 2002 4686 1,
2026 4622 2274 4675 observat
2302 4620 2552 4674 Indorum
2583 4620 2812 4689 nomine,
2846 4641 2949 4677 non
2978 4627 3131 4680 ludos
3159 4620 3316 4682 nimio

1768 4692 1985 4759 proprie
2030 4692 2203 4765 dictos
2248 4691 2441 4765 fuisse,
2475 4694 2565 4759 qui
2609 4695 2744 4745 citra
2788 4696 2867 4765 vel
2911 4696 3046 4746 ultra
3081 4699 3314 4765 Gangem

1771 4769 1916 4821 sunt,
1966 4759 2059 4813 sed
2089 4762 2249 4813 etiam
2298 4759 2576 4828 {Etliiopes
2609 4770 2767 4826 atque
2801 4760 3116 4818 llouneritas
3163 4759 3318 4821 intel-

1772 4829 1882 4898 ligi,
1928 4838 1984 4882 ut
2015 4830 2183 4897 liquet
2224 4843 2296 4898 ex_
2335 4829 2606 4898 Stephano
2653 4829 2724 4880 De
2757 4832 3004 4896 urbibus,
3048 4846 3099 4886 et
3145 4835 3320 4887 Tltt'u-

1770 4896 2225 4972 phanehad’aun.
2265 4896 2668 4972 incarnationis
2695 4899 2818 4961 565,
2853 4911 2904 4952 et
2933 4918 2996 4954 ex
3036 4903 3321 4972 Thoophy-

1774 4963 1912 5041 iacto
1944 4968 2146 5041 libLlll,
2175 4982 2223 5020 c.
2261 4967 2310 5018 9.
2349 4964 2476 5018 Vide
2506 4963 2725 5035 Pagium
2760 4973 2824 5022 ad
2875 4987 2999 5022 alin.
3043 4972 3165 5035 327,
3189 4963 3316 5041 ΜΞ,

1773 5037 1866 5089 571
1904 5047 1956 5089 et
1986 5036 2108 5090 572.
2740 5061 2743 5063 ’

1845 5106 1921 5172 (6)
1959 5105 2092 5158 Vide
2134 5107 2525 5156 Assemannum
2572 5115 2702 5159 tom.
2747 5105 2766 5156 l
2807 5107 3054 5162 Biblioth.
3091 5111 3314 5172 0t'icnt.,

1772 5189 1893 5244 pag.
1929 5175 2032 5244 5&2
2058 5184 2110 5226 et
2137 5187 2283 5244 seqq.

1845 5241 1921 5312 (7)
1958 5243 2088 5296 Vide
2117 5241 2383 5312 pagJOQ,
2410 5251 2522 5296 not.
2545 5244 2598 5305 5,
2637 5243 2794 5310 hujus
2834 5250 3080 5300 secundae
3115 5250 3315 5301 disser—

1775 5310 1995 5365 tationis
2028 5313 2213 5381 partis,
2245 5310 2296 5361 in
2331 5327 2435 5379 qua
2471 5313 2516 5365 le
2541 5313 2716 5381 Moyut
2750 5314 2907 5367 verba
2937 5319 3233 5371 retulimus.

1845 5383 1919 5450 (8)
1947 5380 2094 5448 Apud
2119 5378 2408 5450 iRuinarL,
2448 5385 2560 5433 Act.
2597 5378 2886 5449 Martyrum
2917 5388 3119 5438 sincera
3149 5401 3192 5438 et
3235 5407 3314 5439 sc-

1775 5449 1926 5512 lecta,
1959 5465 2076 5516 pag.
2109 5449 2195 5510 18,
2234 5466 2384 5502 num.

1847 5521 1919 5589 (9)
1951 5517 2153 5590 Horum
2199 5521 2359 5572 verba
2404 5520 2723 5590 relata_sunt
2775 5520 2827 5571 in
2878 5523 3045 5588 prima
3097 5523 3319 5590 Itujust'c

125 5578 336 5656 lamina:
381 5583 698 5657 martyrium
739 5578 1145 5657 consummasse
1183 5578 1671 5657 {legimusﬁludim

1775 5578 2170 5642 dissertationis
2207 5599 2376 5655 parte,
2411 5603 2537 5657 pag.
2565 5587 2630 5637 70
2656 5599 2708 5639 et
2736 5578 2883 5657 seqtp

127 5649 474 5720 nominckut
499 5652 709 5718 egregie
750 5652 933 5706 docuit
959 5651 1236 5706 Gisbertus
1263 5649 1534 5720 Cuperus,
1571 5655 1676 5709 0b.

127 5725 311 5792 δεῖται.
360 5717 588 5792 lib._tv,_
621 5717 739 5792 cap.
775 5721 838 5792 _7,
878 5736 994 5790 pag.
1020 5723 1168 5792 ΑΗ,
1210 5717 1430 5775 veniunt
1475 5717 1674 5792 Libya,

1847 5659 1955 5723 (10)
1990 5657 2060 5707 De
2083 5656 2456 5727 bellopGothico
2488 5655 2578 5727 lib.
2624 5675 2659 5717 I,
2687 5655 2921 5727 οίιρτξξξϐ,
2951 5674 3065 5727 pag.
3097 5661 3163 5712 48
3189 5664 3313 5714 edit.

1779 5724 2142 5797 Venetazanni
2176 5726 2334 5797 1729,
2365 5725 2451 5778 ubi
2490 5725 2747 5777 describit
2791 5725 2980 5780 Portus
3013 5724 3317 5797 occupatu.-

126 5784 412 5856 Egyptus,
442 5783 738 5854 Ethiopia,
765 5783 982 5853 Arabia',
1014 5783 1320 5857 Palaestina;
1367 5783 1597 5861 ideoque
1625 5783 1678 5846 et
1781 5811 1900 5849 nem
1942 5810 1973 5846 a
2007 5793 2172 5865 Vitige
2214 5783 2431 5858 factam,
2470 5803 2520 5847 ct
2549 5807 2668 5860 pust
2705 5797 2943 5854 recitata,
2973 5812 3091 5863 qure
3125 5783 3175 5852 in
3209 5804 3317 5852 dis-

441 5879 712 5962 Pnjnox"
745 5880 861 5940 Gn.
903 5884 979 5942 Χ.

2965 5895 3034 5947 17
