4078 6348
717 429 816 484 523

1463 433 1549 486 DE
1582 431 1964 488 PORTUENSI
2004 433 2062 488 S.
2102 427 2463 484 HIPPOLYTI
2504 430 2695 485 SEDE.
2734 459 2802 471 --
2836 429 3016 488 PARS
3052 434 3116 489 11.

3792 431 3897 492 526

716 546 953 621 Ιιόρτου,
1006 550 1168 619 ἢγουν
1221 552 1311 605 τοῦ
1355 552 1577 622 λιμένος
1625 553 1836 624 Ῥώμης
1875 571 1938 607 :t
1970 555 2253 625 episcopus

2358 549 2495 603 idem
2527 549 2718 621 Scylax
2745 552 2798 605 in
2831 551 3038 622 Peripto
3065 551 3195 623 (17).
3224 551 3408 609 Certas
3445 553 3699 622 quaedam
3730 552 3897 622 leges,

704 638 926 705 Portus,
954 630 1194 698 videlicet
1236 653 1422 714 portus
1449 643 1653 713 Romae,
1694 665 1713 698 ι
1750 646 1806 700 S.
1836 645 2148 718 Hippolytus
2174 647 2256 701 di-

714 731 873 785 citur.
909 731 1039 786 Acta
1083 735 1311 805 genuina
1361 735 1417 788 S.
1455 735 1645 805 lgnatii
1686 735 1906 791 Portum
1955 737 2255 801 nominant,

715 821 868 889 dum,
885 821 1128 878 eumdem
1168 823 1224 878 S.
1270 824 1530 895 lgnatium
1568 828 1762 882 docent
1803 828 2100 897 proiectum
2139 842 2259 884 esse

715 911 823 964 ἀπὸ
851 912 944 966 τοῦ
974 914 1298 985 καλουμένου
1322 916 1530 987 Πόρτου
1560 918 1691 986 (11),
1726 927 1785 972 ut
1805 917 2030 973 Romam
2066 919 2254 982 adiret,

718 999 807 1054 ubi
838 1001 1054 1070 gloriosi
1091 1004 1399 1058 certaminis
1442 1006 1677 1075 palmam
1723 1007 1983 1076 consequi
2009 1008 2253 1061 debebat.

700 1088 812 1144 ‘His
833 1091 1082 1146 omnibus
1110 1091 1165 1145 in
1206 1092 1306 1146 hac
1348 1108 1413 1147 re
1457 1095 1859 1163 anteponendus
1906 1106 1988 1150 est
2018 1094 2135 1160 Dio,
2164 1095 2255 1164 qui

705 1182 1116 1237 accuratissime
1141 1191 1352 1251 portum
1386 1185 1683 1238 Romanum
1716 1201 1746 1239 a
1787 1186 2012 1242 Claudio
2043 1196 2254 1240 exstru-

713 1280 860 1325 ctum
886 1268 1215 1339 describens,
1249 1287 1405 1342 quem
1447 1275 1562 1342 ipse
1600 1275 1783 1331 Graaca
1814 1291 1946 1331 voce
1972 1277 2132 1348 λιμήν
2161 1293 2256 1346 ap-

714 1361 896 1429 pellat,
922 1361 1119 1416 diserte
1144 1363 1346 1429 scribit,
1381 1365 1520 1432 quod
1551 1379 1580 1417 a
1600 1364 1807 1420 Latinis
1833 1365 2026 1420 Portus
2058 1367 2257 1422 Ostien-

715 1452 809 1516 sis,
843 1467 907 1507 ex
937 1467 1002 1507 eo
1026 1454 1166 1522 quod
1216 1455 1282 1510 ad
1324 1456 1462 1511 ostia
1491 1454 1703 1510 Tiberis
1747 1453 1848 1530 fuit
1892 1466 2254 1524 constructus,

716 1543 1025 1597 nominatur
1051 1543 1183 1615 (12).

785 1631 1120 1704 Quapropter
1150 1637 1253 1690 hoc
1275 1636 1463 1690 eodem
1487 1635 1712 1689 rationis
1740 1644 2009 1690 momento
2029 1636 2256 1690 Carolus

715 1722 787 1775 du
807 1722 1028 1788 Fresne,
1054 1725 1107 1776 in
1132 1723 1440 1805 praefatione
1461 1724 1528 1779 ad
1548 1723 1838 1778 Chronicon
1857 1726 2098 1794 paschale
2123 1728 2254 1796 (15),

2357 650 2416 694 ut
2445 650 2628 694 monet
2657 639 2890 696 Iacobus
2914 642 3270 698 Gothofredus
3295 643 3430 713 (18),
3468 643 3693 697 Romani
3724 643 3897 712 impe-

2358 739 2568 785 ratores
2617 733 3005 787 mercatoribus
3057 734 3172 788 suis
3223 735 3362 803 apud
3405 734 3664 788 barbaras
3713 743 3901 802 gentes

2354 823 2811 876 commorantibus
2837 824 3296 892 praescripserunt,
3320 841 3454 894 quas
3487 824 3761 894 praeterire
3792 823 3903 892 pia-

2356 913 2535 966 culum
2563 921 2696 966 erat.
2727 911 2866 981 Hinc
2892 915 3066 968 evenit
3108 923 3167 968 ut
3211 915 3346 980 loca,
3378 915 3467 969 ubi
3496 915 3649 984 juxta
3679 915 3900 968 easdem

2356 1004 2498 1072 leges
2551 1003 2803 1057 nundinae
2850 1002 3202 1069 habebantur,
3249 1003 3497 1072 Emporia
3545 999 3904 1079 Romanorum

2354 1102 2696 1147 vocarentur.
2728 1092 2917 1147 Exstat
2948 1093 3002 1148 in
3038 1093 3225 1149 Codice
3266 1094 3597 1150 Justinianeo
3626 1095 3816 1149 titulus
3840 1097 3906 1147 de

2353 1185 2674 1237 commerciis
2719 1195 2769 1237 et
2816 1186 3188 1239 mercatoribus
3245 1186 3355 1255 (l9)
3407 1205 3420 1240 :
3471 1187 3527 1242 in
3583 1201 3726 1255 quo,
3785 1185 3905 1254 lege
3967 1197 3969 1199 ’

2351 1283 2566 1342 quarta,
2599 1285 2750 1328 extra
2779 1289 2841 1328 ea
2872 1274 2987 1329 loca
3018 1275 3270 1329 nundinis
3309 1275 3595 1340 destinata,
3630 1291 3750 1345 quae
3774 1290 3905 1344 pro-

2353 1366 2439 1416 cul
2463 1365 2628 1418 dubio
2652 1364 2900 1432 Emporia
2926 1365 3258 1438 dicebantur,
3281 1366 3348 1420 ab
3375 1364 3612 1419 Honorio
3641 1374 3696 1419 et
3723 1363 3906 1419 Theo-

2353 1450 2506 1505 dosio
2541 1452 2954 1521 imperatoribus
2985 1454 3187 1522 aliquid
3217 1453 3373 1508 vendi
3403 1455 3503 1508 hoc
3526 1461 3684 1521 pacto
3711 1451 3902 1522 probi-

2354 1542 2509 1596 betur
2539 1559 2551 1595 :
2586 1561 2604 1593 ι
2639 1541 2960 1598 Mercatores
2993 1551 3100 1596 tam
3125 1526 3347 1612 imperio
3377 1550 3560 1596 nostro
3583 1555 3745 1603 quam
3767 1540 3902 1594 Per-

2355 1647 2538 1687 sarum
2569 1633 2680 1702 regi
2725 1632 3018 1701 subjectos,
3049 1633 3190 1687 ultra
3230 1649 3292 1687 ea
3334 1633 3448 1687 loca
3482 1633 3535 1685 in
3576 1631 3774 1700 quibus
3805 1631 3904 1685 [ω-

2360 1724 2501 1800 deris
2534 1733 2771 1792 tempore
2813 1739 2936 1777 cum
2983 1733 3275 1778 memorata
3323 1725 3541 1777 natione
3580 1723 3736 1776 nobis
3756 1731 3902 1776 ‘con-

716 1812 776 1866 S.
802 1813 1140 1883 Hippolytum
1181 1813 1528 1870 Portuensem
1560 1815 1868 1884 episcopum
1899 1825 2102 1880 censet,
2132 1833 2253 1871 cum
2288 1882 2314 1884 _
2358 1816 2522 1878 venit,
2558 1814 2824 1868 nundinas
2854 1830 3104 1870 exercere
3127 1815 3347 1868 minime
3373 1823 3600 1882 oportet,
3636 1828 3704 1866 ne
3742 1812 3905 1866 alieni

708 1916 746 1954 a
775 1882 1044 1954 nonnullis
1091 1902 1324 1970 antiquis
1358 1882 1708 1972 scriptoribus
1746 1882 2009 1973 episcopus
2044 1904 2254 1969 Portus,
2288 1882 2331 1935 Β
2361 1905 2528 1973 regni,
2558 1904 2700 1972 quod
2740 1918 2846 1957 non
2880 1905 3148 1967 convenit,
3182 1895 3488 1959 scrutentur
3524 1917 3741 1957 arcana.
3773 1902 3908 1957 Nul-

716 1991 862 2045 nullo
900 1991 1149 2060 adjuncto
1185 1993 1465 2057 vocabulo,
1521 1995 1832 2064 appelletur.
1885 1993 2002 2060 Quo
2043 1997 2258 2050 nomine

715 2081 860 2134 nulla
903 2081 1004 2135 alia
1042 2082 1230 2136 civitas
1283 2092 1427 2137 recte
1475 2084 1745 2154 designari
1800 2094 2012 2153 potest,
2071 2095 2258 2154 praeter

714 2170 933 2224 Portum
963 2168 1286 2234 Romanum,
1313 2180 1371 2225 ut
1401 2181 1542 2240 patet
1575 2188 1640 2226 ex
1665 2188 1827 2241 supra
1852 2173 2082 2227 laudatis
2110 2174 2260 2226 testi-

717 2260 944 2322 moniis,
977 2269 1034 2314 et
1065 2273 1130 2313 ex
1177 2259 1369 2328 insigni
1422 2261 1767 2330 inscriptione
1819 2273 1982 2329 quam
2027 2258 2260 2314 Iacobus

717 2345 951 2415 Sponitis
979 2344 1146 2415 Aquis
1176 2344 1370 2401 Sextiis
1403 2347 1457 2408 in
1483 2343 1708 2402 aedibus
1735 2347 2024 2403 Peiresckii
2058 2349 2258 2403 descri-

715 2435 824 2503 psit
850 2441 1008 2503 atque
1037 2436 1268 2505 vulgavit
1304 2436 1436 2507 (14).
1459 2435 1617 2491 'Patet
1643 2438 1804 2507 igitur
1833 2436 2124 2507 Moynium,
2159 2439 2259 2494 hac

716 2539 905 2579 vocum
936 2526 1276 2595 homonymia
1308 2525 1613 2595 deceptum,
1640 2526 1792 2581 irrito
1813 2543 2036 2597 prorsus
2064 2539 2258 2582 conatu

715 2612 776 2667 S.
827 2613 1167 2685 Hippolytum
1215 2615 1523 2671 Hommritis
1555 2616 1693 2672 falso
1727 2617 2086 2687 adjudicassc.
2132 2619 2259 2671 Em-

716 2706 850 2774 porii
872 2706 1012 2760 enim
1045 2704 1206 2762 dictio
1235 2707 1365 2776 (l5),
1395 2717 1456 2760 ut
1485 2722 1670 2763 omnes
1702 2718 1920 2773 norunt,
1946 2709 2079 2761 nihil
2114 2709 2258 2762 aliud

714 2797 931 2851 denotat
955 2813 1114 2867 quam
1135 2798 1308 2853 locum
1351 2800 1400 2852 in
1430 2814 1537 2868 quo
1563 2801 1886 2854 conveniunt
1911 2809 2255 2863 mercatores,

717 2889 806 2941 ubi
835 2897 1046 2944 statutas
1090 2893 1346 2945 mercium
1395 2892 1651 2945 stationes
1683 2892 1965 2957 habentur,
1997 2907 2131 2960 quas
2161 2907 2259 2946 nos

719 2976 836 3030 Itali
889 2979 1061 3030 scalas
1106 2979 1366 3044 dicimus;
1396 2979 1602 3034 Plinius
1625 2994 1757 3042 vero
1794 2979 1965 3046 forum
1998 2969 2258 3031 nundina-

719 3070 856 3120 rium
885 3076 1058 3131 vocat,
1094 3077 1146 3121 et
1173 3067 1363 3138 Scylax
1391 3069 1794 3123 Chariandenus
1825 3068 1972 3138 (16),
2013 3070 2065 3123 in
2111 3068 2261 3122 Peri-

718 3159 824 3227 plo,
874 3159 1154 3224 emporium
1201 3175 1233 3209 a
1279 3169 1434 3226 portu
1488 3159 1652 3226 probe
1699 3158 2009 3228 distinguit,
2045 3159 2172 3213 dum
2205 3160 2257 3211 in

718 3249 904 3321 Cilicia
959 3264 1219 3305 memorat
1261 3249 1516 3319 ἐμπόριον
1567 3250 1788 3317 Ἀ’λάνη,
1823 3250 1915 3301 καὶ
1943 3250 2124 3321 λιμήν,
2154 3267 2260 3303 em-

719 3320 922 3408 porium
954 3341 1137 3407 Alane,
1184 3356 1299 3400 seu,
1339 3350 1396 3394 ut
1433 3337 1694 3393 Salmasio
1729 3341 1945 3408 placuit,
1996 3320 2177 3394 Adone
2205 3351 2259 3406 ,ει

719 3442 916 3500 portus.
946 3430 1258 3499 Emporium
1294 3434 1452 3486 etiam
1489 3431 1773 3502 Hispanica
1814 3433 1942 3486 urbs
1988 3431 2090 3486 fuit
2123 3433 2258 3487 ultra

722 3521 997 3574 columnas
1023 3519 1304 3575 Herculeas
1349 3524 1399 3575 in
1447 3522 1714 3578 lberorum
1745 3526 1959 3593 regione
1992 3526 2113 3588 sita,
2143 3535 2194 3578 ct
2228 3541 2257 3579 a

723 3612 921 3667 Graecis
953 3610 1218 3666 "Massilia:
1266 3613 1470 3666 colonis
1519 3614 1755 3674 condita,
1812 3614 1965 3683 cujus
2014 3616 2260 3668 meminit

730 3790 1012 3843 sertatione
1039 3786 1361 3849 referuntur,
1384 3785 1564 3847 verba,
1590 3786 1701 3839 haec
1727 3787 1884 3854 paulo
1919 3796 2036 3854 post
2066 3789 2211 3842 addit
2241 3787 2256 3843 Ξ

731 3877 750 3907 ‹
800 3858 946 3919 Ultra
991 3859 1130 3912 istud
1178 3871 1240 3909 os
1283 3856 1348 3909 ad
1403 3857 1572 3923 ripam
1612 3854 1860 3922 (Tiberis)
1906 3857 2260 3910 condiderunt

725 3927 911 3980 urbem
939 3928 1062 3979 olim
1091 3926 1336 3989 Romani,
1375 3940 1492 3994 quae
1521 3924 1789 3994 mmnibus
1817 3927 1987 3994 cincta
2020 3933 2099 3977 est
2129 3927 2259 3978 vali-

727 3996 993 4058 dissimis,
1024 3997 1288 4063 ductoque
1332 4010 1361 4048 a
1394 3992 1565 4062 'portu
1605 3992 1865 4046 vocabulo
1905 3992 2096 4046 Portus
2127 3995 2258 4049 dici-

725 4074 832 4117 tur.
872 4082 890 4113 ι

824 4133 911 4199 11)
936 4130 1087 4199 Apud
1132 4130 1303 4199 ipsum
1345 4129 1592 4183 Ruinart.
1624 4130 1728 4183 loc.
1754 4130 1866 4199 cit.,
1898 4145 1950 4197 p.
1977 4130 2066 4195 18,
2099 4147 2152 4185 n.
2179 4133 2210 4185 5
2239 4149 2251 4183 ;

730 4218 751 4253 ‹
779 4198 931 4255 Unde
947 4198 1110 4268 igitur
1138 4198 1322 4268 P_ortu.
1356 4201 1427 4252 ita
1450 4200 1614 4260 dicto,
1645 4198 1866 4268 profecti
1897 4209 2041 4253 sunt.
2060 4220 2076 4249 ι

797 4268 909 4338 (12)
939 4266 1136 4320 Hister.
1158 4266 1406 4338 Edmund:
1431 4269 1521 4320 lib.
1563 4266 1833 4338 Lx,_n_um.
1867 4270 2172 4338 undecimo,
2204 4270 2258 4323 in

724 4333 1136 4406 Claudio,tom.
1158 4333 1475 4406 ll_0perum,
1510 4352 1646 4406 pag.
1670 4336 1771 4389 949
1807 4337 1932 4388 edit.
1967 4335 2255 4406 Hamburgi

725 4409 852 4460 anni
902 4405 1072 4467 1752,
1125 4403 1290 4470 ipsius
1335 4403 1722 4457 verba’Latlne
1765 4406 1972 4456 reddita
2017 4403 2252 4461 damus":

733 4494 751 4526 ι
783 4474 1040 4529 Claudius
1077 4472 1306 4543 instituit
1334 4483 1544 4538 portum
1573 4473 1643 4543 ibi
1679 4472 1839 4536 (circa
1864 4473 2005 4543 ostia
2029 4471 2255 4543 Tiberis)

727 4543 978 4597 fabricari
1014 4582 1041 4595 ..
1083 4579 1098 4593 .
1142 4580 1156 4592 .

728 4612 922 4680 spatio,
960 4611 1332 4680 ambitumque
1347 4623 1556 4661 omnem
1596 4609 2133 4680 crepidinelapidum
2161 4609 2259 4662 “lir-

730 4677 915 4743 niavit,
960 4694 1026 4730 ac
1055 4679 1107 4729 in
1150 4693 1271 4729 eum
1322 4678 1493 4730 locum
1531 4691 1674 4728 mare
1712 4677 1942 4744 accepit;
1981 4678 2169 4730 deinde
2195 4693 2259 4730 ex

732 4759 957 4816 utraque
994 4746 1276 4812 bujusloci
1315 4756 1723 4816 .parteaggeresi
1758 4748 1809 4798 in
1841 4746 2120 4816 ipsorniari
2145 4762 2259 4798 ma-

731 4815 1052 4884 gnos’jecit,
1107 4816 1434 4884 multumque
1479 4815 1544 4868 iis
1596 4815 1757 4867 maris
1807 4815 2114 4882 complexus
2157 4823 2256 4875 est,

734 4882 860 4950 quin
892 4882 961 4936 ibi
1001 4882 1226 4934 insulam
1257 4882 1457 4945 eﬂ'ccit,
1492 4884 1736 4950 imposita
1768 4885 1901 4936 turri
1931 4886 2070 4936 unde
2101 4893 2258 4935 noctu

735 4950 881 5016 ignes
911 4953 1196 5005 emicantes
1231 4951 1437 5020 signum
1468 4953 1642 5020 nautis
1667 4953 1872 5004 darent.
1897 4951 2051 5020 Isque
2075 4960 2260 5019 portus

733 5021 801 5072 ab
824 5035 885 5072 eo
917 5027 1219 5073 exstructus
1248 5018 1493 5071 Ostiensis
1527 5019 1727 5073 Latinis
1751 5018 2014 5074 dicitur.)

806 5087 913 5154 (l3)
945 5088 1099 5144 Num.
1133 5088 1203 5141 ΞΟ
1242 5097 1294 5140 et
1326 5102 1497 5155 scqq.,
1531 5104 1649 5156 pag.
1690 5089 1756 5156 14
1801 5105 1910 5156 seq.
1937 5087 2068 5140 Vide
2101 5087 2257 5156 etiam

737 5154 838 5227 loc.
874 5160 982 5227 cit.,
1027 5173 1143 5227 pag.
1194 5157 1280 5220 1⁸5,
1319 5158 1405 5207 ubi
1439 5154 1695 5227 'obs’crvat
1720 5154 2001 5209 Portu'ensi
2041 5158 2096 5208 S.
2137 5155 2260 5222 Hip-

775 5224 896 5291 olyti
942 5224 1264 5294 episcopatui
1321 5228 1450 5276 nihil
1496 5224 1936 5294 ofﬁcerepossc,
1976 5227 2116 5294 quod
2151 5228 2262 5291 ipse

660 5354 662 5356 _
736 5293 998 5372 _Roman_tts
1036 5293 1408 5361 nuncupatur:
1447 5312 1461 5343 ι
1495 5293 1742 5372 Legimus
1783 5303 2018 5370 nostruni
2067 5293 2264 5372 llipp0«

735 5363 902 5430 lytum
931 5361 1212 5413 Romanum
1247 5363 1582 5417 solummodo
1614 5371 1975 5426 nuncupatum
2010 5363 2061 5412 in
2106 5361 2264 5411 Cata-

732 5434 850 5498 Joga
899 5431 1263 5495 imperatorum
1312 5430 2004 5498 Constantinopolimnorum
2048 5430 2189 5480 edito
2234 5443 2261 5480 a

737 5497 1054 5551 Leunclavio
1087 5499 1173 5550 lib.
1201 5514 1234 5550 ll
1257 5498 1400 5551 luris
1431 5499 1879 5553 Gnaeo-Humani.
1905 5497 2053 5561 Quod
2089 5507 2262 5548 tamen

737 5578 931 5621 nostra:
967 5567 1237 5620 sentcntiae
1281 5570 1498 5622 minimc
1530 5569 1853 5622 contrarium
1887 5579 1986 5628 est,
2039 5591 2084 5615 ι..
2130 5566 2263 5619 alias

735 5637 1152 5688 observavimus.
1188 5654 1204 5683 ι

809 5705 918 5773 (14)
962 5705 1294 5774 Misceilanea
1335 5706 1547 5758 eruditae
1596 5707 1953 5774 antiquitatis,
2000 5713 2135 5760 sect.
2191 5721 2260 5766 ι,

736 5772 1004 5841 num.'20,
1027 5789 1148 5844 pag.
1187 5772 1289 5828 329
1327 5775 1454 5829 edit.
1486 5772 1730 5844 Lugduni
1765 5776 1917 5844 1685,
1944 5775 2032 5829 ubi
2066 5776 2261 5829 mentio

1207 4538 1386 4592 cﬂ'odit
1448 4540 1804 4611 continentem
1864 4539 2037 4611 baud_
2065 4538 2256 4611 exiguo
2289 4539 2334 4596 D
2361 4557 2472 4600 tum
2503 4538 2528 4597 a

2360 1993 2443 2046 lus
2494 1993 2653 2062 igitur
2698 1993 2922 2060 posthac
2968 1993 3194 2061 imperio
3234 2002 3420 2048 nostro
3460 1994 3731 2063 subjectus
3763 1994 3904 2047 ultra

2358 2083 2588 2147 Nisibin,
2618 2081 2932 2137 Callinicum
2963 2092 3017 2136 et
3045 2084 3352 2158 Artaxatam
3384 2085 3594 2137 emendi
3637 2099 3738 2138 seu-
3774 2099 3906 2138 ven-

2359 2174 2517 2227 dendi
2552 2172 2757 2240 species
2807 2172 2969 2225 cansa
3014 2173 3279 2240 proﬁcisci
3330 2173 3555 2239 audeat,
3584 2188 3683 2228 nec
3710 2183 3904 2243 prater

2359 2276 2686 2320 memoratas
2731 2263 3144 2318 civitatescum
3191 2260 3356 2317 Persa
3404 2277 3608 2318 merces
3636 2262 3906 2335 existimet

2317 2391 2321 2395 -
2359 2355 2786 2418 commutandas,
2832 2354 3034 2407 sciente
3086 2362 3343 2422 utroque,
3392 2355 3484 2422 qui
3520 2353 3819 2417 contrahit,
3853 2361 3908 2406 et

2360 2440 2585 2513 species,
2629 2458 2748 2512 quae
2795 2453 2986 2512 praeter
3029 2443 3140 2497 haec
3178 2445 3292 2497 loca
3333 2443 3530 2499 fuerint
3568 2443 3902 2507 venundata.

2331 2535 2443 2590 vel
2486 2543 2809 2603 comparata:
2826 2545 2852 2600 ,‘
2888 2535 3280 2589 sacro'mrario
3318 2542 3503 2588 nostro
3529 2533 3903 2596 vindicandas,

2359 2634 2412 2678 et
2448 2633 2638 2693 prmter
2668 2639 2852 2678 earum
2885 2640 3063 2678 rerum
3090 2639 3152 2677 ac
3179 2623 3334 2692 pretii
3360 2623 3723 2685 amissionem,
3760 2623 3907 2691 quod

2360 2713 2518 2768 fuerit
2542 2723 2882 2767 numeratum
2905 2714 2989 2768 vel
3017 2721 3427 2775 commutatum,
3448 2711 3623 2766 exsilii
3652 2726 3710 2765 se
3732 2702 3907 2776 pinum

2359 2804 2695 2872 sempiternae
2722 2803 3075 2857 subdendum.
3103 2821 3120 2852 ι
3144 2801 3199 2854 Si
3227 2802 3349 2868 quis
3382 2801 3520 2854 scire
3551 2800 3732 2869 cupiat
3759 2814 3907 2870 qum-

2360 2907 2482 2945 nam
2524 2891 2577 2942 in
2611 2887 2826 2943 Oriente
2857 2888 3056 2942 fuerint
3091 2890 3327 2957 emporia
3357 2887 3597 2942 Romana
3629 2897 3684 2941 et
3709 2888 3906 2941 barba-

2359 2981 2490 3044 rica,
2513 2981 2652 3050 legat
2679 2980 2890 3033 Arriani
2919 2979 3182 3047 Periplum
3210 2980 3368 3031 maris
3386 2976 3566 3040 Rubri,
3592 2977 3905 3047 quod-nunc

2360 3072 2584 3126 habetur
2609 3081 2737 3125 tom.
2771 3071 2790 3124 1
2817 3070 3232 3139 Geographorum
3255 3071 3531 3134 minorum,
3566 3084 3704 3139 quos
3734 3069 3906 3124 edidit

2359 3162 2591 3238 Joannes
2633 3164 2919 3216 lludsonus
2967 3161 3186 3215 Oxoniae
3233 3176 3374 3215 anno
3418 3159 3573 3215 1698.
3619 3159 3758 3215 Urbs
3790 3161 3901 3226 illa,

2360 3270 2478 3323 quae
2503 3252 2814 3322 Emporium
2842 3251 3143 3306 Romanum
3172 3253 3224 3304 in
3247 3250 3656 3305 Homeritarum
3687 3253 3908 3324 regione

2359 3346 2517 3398 situm
2565 3344 2862 3407 constituit,
2908 3343 2975 3395 ab
3017 3342 3251 3409 antiquis
3294 3350 3345 3394 et
3388 3341 3655 3395 accuratis
3683 3355 3908 3410 geogra-

2358 3435 2498 3503 phis,
2530 3432 2818 3488 Ptolemaeo
2845 3441 2898 3485 et
2926 3432 3174 3492 A‘rriano,
3202 3430 3395 3481 Arabia
3418 3430 3728 3495 vocabatur,
3757 3429 3905 3498 quod

2358 3527 2422 3580 ad
2460 3525 2754 3594 marginem
2803 3519 3077 3576 Ptolemaei
3106 3517 3424 3586 jampridem
3461 3517 3738 3573 adnotavit
3764 3521 3907 3573 antio

2360 3631 2477 3685 quae
2501 3613 2834 3684 geographiae
2857 3608 3212 3678 peritissimus
3233 3605 3414 3686 Lucas
3430 3605 3737 3663 Holstenius
3759 3608 3904 3679 (20);

2358 3798 2440 3842 est
2479 3787 2642 3841 Marci
2689 3785 2887 3840 Aurelii
2944 3783 3174 3840 Heronis
3219 3785 3397 3839 mditui
3429 3783 3558 3839 indis
3604 3783 3903 3853 Serapidis,

2359 3872 2476 3925 quae
2511 3866 2613 3925 est,
2639 3857 2717 3925 ini
2742 3856 2902 3907 Portu
3069 3854 3406 3925 ΑΥΡῌΛΙΟΣ
3648 3855 3907 3925 ΝΕΩΚΟσ

2356 3923 2484 3977 ΡΟΣ
2516 3924 2649 3976 ΤΟΥ
2680 3924 2770 3977 ΕΝ
2816 3924 3038 3992 ΠΟΡΤΩ
3087 3923 3471 3977 ΣΕΡἈΠΙΔΟΣ.
3509 3923 3606 3977 Ubi
3650 3938 3753 3977 vox
3787 3924 3902 3987 illa,

2358 3995 2411 4045 in
2439 3992 2734 4061 Portutnil
2766 3995 2907 4046 aliud
2955 3993 3218 4061 signiﬁcat
3251 4009 3410 4061 quam
3452 3992 3796 4061 Portuensem
3825 3994 3904 4047 ci-

2357 4064 2598 4116 vitatem.
2631 4060 2760 4116 Vide
2780 4064 2938 4115 etiam
2962 4060 3029 4115 du
3055 4060 3274 4125 Fresne,
3311 4078 3428 4130 pag.
3466 4060 3550 4120 14,
3578 4061 3680 4130 loc.
3705 4061 3795 4114 cit.

2426 4133 2537 4202 (l5)
2567 4130 3160 4202 liobcrtusStephanus
3194 4131 3244 4182 in
3289 4127 3545 4202 Thesauro
3578 4129 3768 4202 lingua
3793 4127 3903 4182 La-

2358 4199 2480 4257 tium
2514 4199 2717 4264 scribit,
2750 4201 2896 4253 verb.
2936 4199 3239 4266 Emporium
3268 4215 3285 4250 :
3315 4217 3333 4249 ι
3363 4199 3559 4258 Locus.
3585 4199 3638 4251 in
3673 4213 3777 4266 quo
3810 4214 3902 4252 res

2357 4273 2569 4326 venales
2591 4279 2947 4336 exponuntur,
2979 4269 3044 4319 ab
3073 4268 3340 4337 ἐμπρρέω,
3372 4267 3561 4328 lucror,
3587 4277 3833 4337 negotior.
3870 4285 3893 4318 ι

2427 4340 2536 4407 (16)
2574 4335 2704 4407 Υἱάε
2742 4339 2794 4389 in
2821 4337 3130 4407 Hengraphis
3162 4335 3441 4407 lludsonii,
3471 4344 3600 4388 tom.
3631 4336 3674 4407 l.

2452 4403 2534 4475 l7)
2573 4405 2704 4458 Vide
2729 4407 2887 4458 etiam
2921 4403 3585 4475 Robertum__Stcpbanum
3628 4406 3730 4460 loc.
3755 4408 3849 4462 cit.
3878 4426 3895 4465 :

2365 4497 2381 4528 ‹
2415 4471 2725 4544 Emporium
2760 4475 3117 4544 oppidumest
3152 4489 3179 4525 a
3208 4471 3628 4544 Massiliensibus
3660 4478 3900 4532 aediﬁca-

2560 4540 3121 4612 Pyrenaeis’montibus
3161 4543 3296 4612 stad.
3332 4540 3467 4594 1004
3505 4544 3804 4609 intervallo,
3841 4555 3899 4599 et

2361 4610 2629 4681 Hispaniae
2658 4613 2850 4664 linibus
2875 4613 2939 4665 ad
2967 4610 3189 4663 Galliam
3217 4611 3419 4682 distans
3451 4627 3462 4660 :
3497 4627 3526 4664 a
3559 4627 3666 4680 quo
3685 4612 3899 4682 ᾼΕιιιρο-

2361 4678 2576 4800 1-1ειὶδβῗ)
2591 4682 2766 4747 populi
2799 4682 2924 4734 dicti
2947 4688 3091 4740 sunt,
3119 4686 3175 4730 ut
3198 4678 3373 4732 videre
3397 4689 3480 4734 est
3508 4678 3648 4749 apud
3681 4678 3899 4735 Strabo-

2362 4766 2478 4800 nem
2527 4765 2538 4799 ι
2584 4764 2709 4800 .ιιι.

2362 4766 2478 4803 nem
2507 4764 2595 4800 HD.
2630 4764 2709 4802 111.

2430 4818 2536 4884 (18)
2563 4817 2778 4870 Dissert.
2814 4817 2878 4868 de
2900 4813 3242 4884 Pbilostorg.,
3273 4828 3326 4884 p.
3361 4814 3479 4870 108.
3897 4852 3900 4853 ν

2430 4883 2538 4954 (19)
2578 4885 2690 4939 Lib.
2718 4901 2788 4948 1v,
2823 4885 2902 4935 tit.
2929 4883 3018 4954 05,
3050 4890 3189 4954 tom.
3223 4883 3260 4934 ll
3293 4883 3489 4950 Corpus
3530 4885 3674 4953 juris
3722 4886 3894 4941 ciuilis

2361 4948 2600 5016 Romani,
2630 4971 2746 5022 pag.
2777 4954 2868 5004 191
2896 4952 3022 5003 edit.
3053 4948 3241 5022 Lipsiae
3266 4948 3404 5005 anni
3426 4948 3578 5006 ΗΠ).

2431 5024 2537 5092 (20)
2762 5019 3408 5095 Ptolemaei:nr‘tileograph.
3457 5023 3547 5095 lib.
3579 5039 3653 5095 vi,
3686 5039 3802 5095 c_ap.
3838 5026 3895 5095 7,

2361 5087 2479 5159 pag.
2519 5087 2629 5144 ’115
2649 5089 3022 5163 edit._l_lasilea:
3062 5087 3332 5163 1540,'ubi
3366 5111 3391 5163 :7
3421 5109 3437 5140 ι
3474 5092 3668 5145 Arabia
3699 5087 3896 5163 Efnpo-Z

2365 5156 2533 5232 riu'in;
2574 5181 2614 5232 »ν
2641 5159 2794 5232 etad
2826 5160 2964 5232 hunc
2992 5156 3164 5232 locum
3199 5161 3308 5232 haec
3333 5162 3577 5211 adnotata
3620 5156 3840 5232 legimus
3873 5184 3889 5222 :

2369 5248 2386 5277 ι
2432 5230 2575 5281 Aden
2608 5229 2784 5288 hodie,
2820 5226 3174 5295 munitissima
3207 5229 3442 5295 urbs,_e_t
3476 5226 3776 5295 emporium
3809 5233 3894 5286 fa-

2365 5300 2674 5362 migeratum
2710 5315 2724 5344 ι
2765 5297 2853 5346 lib.
2889 5309 2945 5352 ll,
2973 5308 3087 5361 cap.
3124 5294 3174 5346 4.
3203 5294 3332 5347 Lun.
3384 5293 3892 5354 Vanroitaa.Ptole-

2364 5369 2479 5440 magi
2524 5367 2738 5440 Graecus
2779 5372 3056 5440 contextus
3096 5363 3258 5440 babet
3285 5362 3577 5440 _'Apat6£ot_g_
3610 5371 3892 5440 ὲμςπόριον.

2366 5433 2667 5506 Holstenius
2714 5442 2883 5506 tamen
2927 5431 3204 5506 legendum
3235 5432 3477 5506 advertit,
3539 5431 3779 5506 ’ApaiGia',
3830 5450 3895 5492 ut

2364 5498 2621 5576 Arrianus
2644 5502 2833 5576 habet;
2868 5502 3150 5576 etquidem
3187 5502 3238 5576 in
3268 5499 3447 5553 Latina
3483 5498 3725 5576 versione
3753 5498 3895 5576 ὀρεί-

2364 5587 2447 5624 me
2479 5573 2668 5638 legitur
2708 5569 2950 5639 t_Arabia
2989 5568 3313 5639 Emporium,
3359 5587 3375 5618 ι
3421 5585 3576 5639 quam
3606 5568 3891 5629 lectionem

2363 5635 2578 5693 secutus
2607 5647 2688 5690 est
2727 5636 2955 5691 Joannes
2988 5635 3274 5707 Hudsonus
3310 5641 3360 5689 in
3388 5635 3589 5695 edenda
3617 5643 3892 5707 Ptolemaei

2365 5708 2713 5781 {tescriptione
2738 5707 2965 5781 Arabiae,
3015 5713 3066 5781 et
3088 5702 3312 5781 ‘Tabula
3339 5708 3539 5781 urbium
3583 5702 3887 5781 insignium.

2365 5773 2615 5834 Mendesa
2647 5786 2726 5832 est
2753 5777 2906 5830 lectio
2933 5773 3129 5840 codicis
3158 5773 3485 5848 Coisliuiani,
3513 5781 3603 5850 qui
3628 5773 3728 5852 ρι-ἱ,
3754 5785 3892 5834 Am-
