4078 6348
241 444 345 501 833

999 444 1087 498 DE
1124 442 1507 501 PORTUENSI
1544 444 1599 499 8.
1643 440 1998 499 HIPPOLYTI
2034 442 2219 498 SEDE.
2261 473 2329 485 —-
2367 442 2545 498 PARS
2582 441 2642 497 11.

3318 444 3419 496 534

240 568 353 614 tum
388 572 494 614 non
523 560 576 614 in
604 561 889 633 Portuensi
938 562 1183 625 ecclesia,
1210 565 1295 617 cui
1330 564 1442 630 ipse
1474 563 1783 630 praeluit,ab
1812 567 1855 621 Δ
1883 562 1939 616 8.
1968 561 2307 632 Hippolytum
2336 563 2418 617 vel
2438 560 2730 615 Tiburtinis
2754 562 3019 614 immerito
3044 558 3295 624 tribuere,
3314 563 3416 626 vel,

240 650 391 703 illius
435 650 735 705 cultoribus
774 652 1006 719 positum
1039 667 1102 705 ac
1127 654 1446 707 collocatum
1478 652 1653 713 fuerit.
1694 654 1785 706 sed

239 755 370 807 agro
402 736 633 795 Verane.
664 741 900 810 Hujusce
921 743 997 796 rei
1031 742 1073 796 si
1105 742 1281 810 aliqua
1319 743 1604 795 haberetur
1630 743 1784 807 ratio,

241 828 585 902 Hippolytus,
610 846 716 886 non
750 832 1082 897 Portuensis,
1119 832 1210 887 sed
1241 832 1556 886 Tiburtinus
1580 833 1786 901 episco-

239 937 368 991 pus,
388 938 508 976 cum
536 922 805 993 Scaligero
827 924 1084 979 dicendus
1112 922 1599 978 esset.Verumtam
1632 924 1801 991 longe

239 1016 416 1079 abest,
455 1022 513 1067 ut
541 1014 848 1082 bujusmodi
876 1023 1247 1082 argumentum
1280 1030 1391 1068 rem
1420 1024 1657 1069 nostram
1709 1013 1789 1066 in-

237 1101 477 1172 fringere
506 1103 588 1157 vel
619 1104 896 1157 minimum
924 1105 1116 1169 valeat,
1147 1106 1389 1175 quinimo
1417 1116 1643 1159 veterem
1676 1104 1782 1158 Ro-

236 1208 417 1249 mana:
450 1192 701 1248 Ecclesiae
727 1195 1068 1249 traditionem
1097 1195 1162 1248 de
1190 1194 1470 1248 Portuensi
1512 1194 1569 1247 8.
1596 1194 1788 1262 Hippo.

237 1282 339 1352 lyti
375 1284 499 1337 sede
526 1299 686 1351 quam
734 1285 964 1337 maxime
991 1284 1291 1337 conﬁrmet.
1325 1283 1534 1337 Etenim
1584 1285 1789 1351 insigne

237 1373 373 1425 illud
420 1373 554 1425 tanti
603 1374 853 1442 martyris
886 1382 1292 1426 monumentum
1327 1374 1380 1426 in
1414 1387 1541 1441 agro
1577 1371 1788 1425 Verane

236 1462 474 1532 positum
505 1472 556 1516 et
582 1472 848 1531 repertum
881 1460 1002 1526 fuit,
1043 1464 1167 1531 quia
1215 1462 1408 1515 ibidem
1446 1460 1502 1514 S.
1541 1461 1787 1530 martyris

238 1555 502 1623 reliquiae,
530 1564 586 1607 ut
614 1553 933 1607 Prudentius
968 1570 1066 1607 nos
1094 1553 1303 1616 docuit,
1332 1570 1360 1605 a
1390 1554 1707 1607 Christianis
1735 1554 1786 1605 in

237 1645 551 1700 caemeterio
583 1644 807 1698 conditas
842 1643 1077 1706 luerunt,
1106 1644 1247 1711 quod
1301 1652 1482 1713 postea
1534 1657 1638 1696 una
1667 1658 1786 1696 cum

237 1736 465 1789 aedicula
494 1733 550 1788 S.
581 1733 845 1803 Hippolyti
877 1735 1093 1788 nomine
1124 1733 1233 1788 Deo
1266 1734 1365 1786 fuit
1391 1735 1622 1787 dicatum
1658 1733 1786 1803 (45);

239 1839 357 1893 quo
384 1824 436 1877 in
463 1825 578 1879 loco
606 1839 727 1879 cum
753 1823 892 1877 Deus
920 1832 1029 1893 opt.
1052 1838 1199 1877 max.
1227 1824 1360 1877 tanti
1386 1823 1633 1893 martyris
1664 1837 1782 1891 pre-

237 1904 400 1967 cibus
462 1914 856 1983 quamplurima
934 1914 1193 1967 miracula
1268 1912 1475 1982 operari
1532 1912 1781 1979 dignare-

239 2012 335 2057 tur
369 2004 496 2073 (46),
544 2003 773 2057 Romani
823 2005 1099 2072 exterique
1150 2019 1343 2072 magna
1393 2000 1689 2070 frequentia
1727 2004 1784 2057 S.

237 2093 498 2160 martyris
526 2091 789 2145 tumulum
824 2093 1243 2154 venerabantur;
1276 2092 1414 2145 unde
1448 2089 1785 2156 Prudentius,

238 2180 336 2248 qui
371 2181 553 2235 Roma
580 2180 682 2235 fuit
712 2189 761 2234 et
790 2182 1104 2249 populorum
1134 2181 1521 2234 multitudinem
1556 2194 1788 2247 praesens

200 2260 203 2261 ν
239 2270 545 2337 conspexit,
575 2272 688 2324 haec
718 2271 903 2325 scribit
931 2270 1043 2339 (17)
1072 2288 1084 2322 :

350 2380 506 2433 Mane
531 2381 823 2433 salutatum
852 2377 1195 2446 concurritur,
1231 2384 1394 2433 omnis
1428 2382 1613 2433 adorat

418 2450 600 2513 Pubis,
625 2461 764 2511 eunt,
799 2451 1008 2501 redeunt
1032 2452 1155 2503 solis
1182 2452 1249 2503 ad
1281 2466 1437 2518 usque
1465 2451 1680 2501 obitum.

348 2516 632 2587 Conglobat
657 2520 709 2569 in
733 2535 947 2569 cuneum
970 2518 1150 2570 Latios
1172 2516 1418 2582 simul,et
1445 2522 1734 2587 peregrinos

418 2586 717 2639 Permistim
751 2588 963 2654 populos
1000 2587 1261 2656 religionis
1294 2604 1460 2639 amor.

240 2697 307 2751 Et
341 2698 529 2767 paucis
566 2697 857 2766 interjectis
897 2698 1067 2753 sancti
1108 2697 1375 2769 Hippolyti
1407 2699 1546 2753 diem
1593 2700 1785 2753 festum

238 2787 426 2843 Idibus
480 2786 706 2855 Augusti
758 2788 1013 2843 celebrari
1066 2789 1283 2843 solitum
1336 2788 1667 2856 describens,
1718 2793 1790 2844 in-

239 2876 365 2945 quit
394 2874 505 2943 (ts)
540 2893 553 2927 ι

352 2989 485 3061 Urbs
510 2998 727 3058 augusta
751 3004 868 3061 suos
890 2989 1044 3061 vomit
1067 2989 1381 3061 effunditque
1400 2992 1631 3061 quirites,

424 3058 538 3111 Una
560 3070 607 3111 et
629 3060 874 3123 patricios
900 3058 1176 3111 ambitione
1203 3058 1340 3125 pari,

356 3126 644 3194 Confundit
666 3127 860 3193 plebeia
883 3124 1111 3191 phalanx
1134 3124 1434 3180 umbonibus
1455 3130 1611 3195 requis

419 3195 705 3247 Discrimen
724 3210 1009 3260 procerum,
1032 3197 1385 3261 praecipitante
1403 3198 1502 3263 ﬁde
1515 3212 1533 3257 ,'

351 3262 463 3316 Nec
485 3266 655 3315 minus
678 3263 891 3315 Albanis
920 3263 1055 3313 acies
1078 3280 1129 3314 se
1148 3264 1371 3315 candida
1394 3262 1554 3329 portis

426 3331 691 3399 Erplicat,
712 3342 760 3383 et
786 3331 951 3399 longis
972 3330 1181 3382 ducitur
1203 3333 1487 3384 ordinibus.

426 3348 469 3383 ιε.
545 3348 691 3393 ttcat,
712 3348 760 3383 et
786 3348 951 3399 longis
972 3348 1181 3382 ducitur
1203 3348 1487 3384 oraimous.

347 3348 632 3454 Exstillant
653 3402 886 3469 fremitus
909 3400 1171 3451 variarum
1192 3402 1306 3469 hinc
1328 3402 1444 3453 inde
1466 3403 1680 3463 viarum,

419 3468 693 3538 Indigena,
718 3478 763 3521 et
791 3470 990 3530 Picens,
1014 3469 1154 3536 plebs
1176 3482 1222 3521 et
1250 3468 1472 3522 Etrusca
1494 3475 1646 3525 venit.

348 3537 597 3593 Convenit
621 3538 875 3591 Samnitis
899 3548 1049 3589 atrox
1070 3539 1351 3601 habitator,
1374 3549 1419 3591 et
1444 3540 1563 3593 alta:

419 3606 715 3673 Campanus
743 3606 954 3673 Capuaz,
976 3607 1189 3674 jamque
1214 3607 1450 3661 Nolanus
1473 3611 1634 3663 adest.

350 3674 578 3744 Quisque
597 3692 690 3727 sua
714 3675 861 3728 lartus
882 3693 993 3727 cum
1016 3679 1250 3744 conjuge,
1272 3678 1506 3729 dulcibus
1529 3690 1575 3730 et
1604 3696 1717 3729 cum

426 3744 737 3813 Pignoribus
762 3746 1000 3812 rapidum
1022 3760 1227 3813 carpere
1252 3746 1399 3813 gestit
1424 3748 1551 3808 iter;

360 3811 465 3881 Via
481 3811 691 3879 capiunt
713 3811 877 3875 patuli
899 3811 1203 3881 populorum
1226 3811 1415 3881 gaudia
1436 3815 1637 3881 campi;

424 3880 600 3933 ﬂleret
622 3890 671 3932 et
694 3882 745 3932 in
767 3883 1145 3962 magnis‘densa
1167 3880 1345 3934 cohors
1369 3880 1571 3961 spatiis.
1703 3880 1709 3893 '

351 3956 643 4018 Angustum
668 3951 824 4018 tantis
852 3950 981 4001 illud
1004 3968 1180 4018 specus
1204 3968 1310 4004 esse
1339 3952 1550 4003 catervis

477 4018 579 4070 aud
610 4017 822 4069 dubium
854 4028 952 4083 est,
977 4017 1153 4087 ampla
1176 4022 1325 4089 fauce
1348 4022 1465 4074 licet
1486 4030 1680 4089 pateat.

229 4134 381 4187 Cum
413 4130 571 4199 igitur
605 4140 902 4180 marmorea
938 4126 995 4182 8.
1032 4128 1297 4201 Hippolyti
1348 4133 1599 4187 cathedra
1650 4134 1785 4187 inter

234 4221 475 4288 hujusce
518 4218 806 4272 cosmeterii
833 4217 1025 4271 rudera
1066 4219 1257 4274 eﬁ‘ossa
1293 4221 1472 4284 fuerit,
1505 4226 1660 4275 nemo
1688 4239 1788 4275 non

232 4312 390 4363 videt
420 4307 746 4378 Scaligerum
768 4306 1008 4375 aliosque
1032 4305 1169 4360 futili
1193 4310 1499 4364 coniectura
1519 4312 1787 4378 deceptos,

318 4483 433 4552 (45)
473 4482 527 4536 1η
566 4484 728 4539 citato
776 4483 973 4554 hymno
1022 4480 1084 4554 S._
1103 4480 1375 4554 Hippolyti
1425 4488 1785 4540 cmmeterium
1820 4489 1861 4542 ι)

234 4555 422 4625 ipsith
450 4554 519 4625 ita
547 4552 826 4625 describit,
847 4566 989 4606 vers.
1023 4552 1117 4625 151
1148 4569 1160 4604 :

356 4620 513 4688 Haud
542 4622 719 4686 procul
745 4632 969 4675 extremo
994 4621 1136 4673 culta
1159 4620 1226 4672 ad
1250 4623 1495 4688 pomaria
1520 4623 1654 4676 vallo

427 4687 599 4759 Mersa
628 4691 899 4744 latebrosis
929 4700 1109 4759 crypta
1137 4687 1273 4758 patet
1305 4691 1478 4758 foveis.

361 4756 529 4829 Hujus
555 4759 607 4808 in
639 4759 895 4829 occultum
920 4756 1163 4829 gradibus
1186 4759 1267 4811 via
1294 4756 1455 4826 prona
1486 4762 1685 4829 reflexis

460 4841 513 4877 re
540 4840 630 4893 per
661 4827 929 4893 anfractus
958 4829 1069 4881 luce
1099 4828 1290 4880 latente
1317 4829 1482 4883 docet.

357 4894 969 4975 Primasnamquefores
998 4913 1197 4975 summa
1225 4908 1372 4975 tenu-s
1394 4899 1558 4950 intrat
1587 4900 1754 4964 hiatu,

429 4961 765 5029 Illustratque
791 4961 898 5016 dies
926 4965 1109 5017 limina
1137 4966 1393 5020 vestibuli.

353 5032 483 5102 Inde
510 5031 594 5083 ubi
618 5044 891 5102 progressu
920 5034 1065 5102 facili
1096 5036 1376 5102 nigrescere
1404 5036 1513 5089 visa
1545 5048 1616 5089 est

428 5099 549 5153 N03
579 5099 814 5172 obscura,
841 5099 941 5172 loci
965 5117 1055 5167 per
1080 5099 1256 5172 specus
1287 5104 1617 5172 ambiguum,-

356 5170 650 5223 Occurrunt
684 5166 1114 5237 celsisimmensa
1138 5171 1399 5237 foramina
1426 5166 1569 5227 lectis

429 5237 780 5306 Quiejaciunt
808 5235 975 5306 claros
1001 5235 1153 5288 antra
1183 5256 1333 5306 super
1363 5244 1557 5294 radios.

353 5305 651 5369 Quamlﬂtet
682 5305 929 5373 ancipites
960 5312 1133 5357 texant
1162 5305 1279 5358 hinc
1312 5310 1430 5363 inde
1461 5328 1683 5365 recessus

425 5376 588 5427 Arcta
613 5374 705 5428 sub
739 5373 990 5426 umbrosis
1018 5375 1155 5425 atria
1176 5378 1456 5441 porticibus
1480 5398 1496 5431 :

355 5441 598 5497 Attamen
623 5444 783 5497 excisi
810 5446 983 5495 subter
1014 5458 1137 5493 cava
1164 5444 1355 5496 viscera
1379 5452 1566 5503 montis

428 5509 621 5566 Crebra
644 5513 897 5566 terebrato
924 5512 1115 5578 fornice
1142 5510 1233 5561 lux
1265 5523 1513 5577 penetrat.

358 5574 449 5629 Sic
479 5580 638 5633 datur
666 5581 891 5634 absentis
920 5574 1007 5648 per
1035 5574 1367 5633 subterranea
1392 5584 1513 5634 solis

427 5648 643 5719 ρατιονε
670 5650 941 5719 fulgorem,
964 5648 1339 5719 luminibusque
1367 5650 1513 5716 frui..
1548 5688 1557 5695 .

244 5712 315 5771 Et
342 5713 503 5784 pgulo
529 5712 680 5784 post,
701 5712 841 5773 vers.
873 5712 1075 5772 scilicet
1100 5717 1201 5771 170
1226 5734 1240 5771 :

358 5781 401 5836 Τ
402 5781 571 5844 alibus
597 5782 869 5855 Hippolyti
892 5803 1071 5855 corpus
1101 5785 1377 5841 mandatur
1398 5788 1588 5856 opertis
1672 5828 1677 5833 .

1886 652 2028 721 quod
2076 654 2228 721 pejus
2258 662 2360 718 est,
2396 667 2495 705 nec
2525 654 2576 705 in
2604 650 2901 713 Portuensi,
2932 666 3028 706 nec
3061 652 3114 703 in
3150 651 3253 704 alia
3287 666 3419 720 qua-

1885 743 1967 796 vis
2003 740 2306 797 Occidentis
2350 742 2580 796 Ecclesia
2620 742 2819 795 sedisse
2858 755 2978 793 cum
3022 738 3235 809 Moynio
3268 751 3421 793 ciete-

1886 834 2065 901 risque
2094 848 2368 901 perperam
2397 847 2611 901 negare.
2647 833 2859 899 Antiqui
2892 846 3018 899 ergo
3049 831 3247 885 Christi
3290 830 3420 883 ﬁde-

1888 923 1962 973 les
1998 928 2230 973 statuam
2266 919 2321 973 S.
2356 918 2623 989 Hippolyti
2655 919 2867 973 nomine
2908 919 3168 987 insignem
3203 920 3256 971 in
3293 933 3419 988 agro

1888 1007 2097 1063 Verane
2146 1009 2243 1062 viae
2291 1008 2581 1062 Tiburtina:
2621 1010 2869 1078 contiguo
2913 1010 3265 1071 collocarunt,
3313 1024 3419 1061 non

1887 1100 2027 1168 quod
2054 1099 2164 1167 ipse
2184 1098 2495 1152 Tiburtinus
2524 1098 2684 1151 fuerit
2710 1098 3010 1166 episcopus,
3040 1098 3131 1152 sed
3156 1097 3280 1166 quia
3302 1111 3419 1165 pre-

1888 1188 2189 1241 tiosissima‘
2212 1186 2343 1239 tanti
2383 1185 2633 1254 martyris
2660 1184 2900 1251 pignora,
2928 1198 2958 1236 a
2986 1182 3147 1235 Portu
3180 1182 3419 1235 Romano

1887 1274 2374 1341 translata,libidem
2405 1271 2618 1325 fuerunt
2650 1271 2872 1339 sepulta.
2907 1271 3256 1339 Quapropter,
3285 1284 3421 1337 pra:-

1887 1374 1968 1417 ter
2028 1364 2129 1417 hoc
2174 1362 2566 1417 nobilissimum
2599 1362 2766 1431 ipsius
2797 1370 3221 1426 monumentum,
3249 1360 3422 1412 mino,

1887 1468 1972 1505 res
1997 1454 2157 1506 etiam
2186 1452 2536 1520 imagunculae
2566 1451 2896 1522 anaglypbici
2926 1451 3102 1518 operis
3124 1451 3315 1503 ibidem
3338 1450 3425 1504 de-

1888 1549 2036 1594 tecta!
2069 1550 2281 1609 patrum
2316 1550 2618 1595 nostrorum
2643 1541 2897 1594 memoria
2928 1539 3161 1604 fuerunt,
3191 1554 3420 1607 quarum

1886 1640 2092 1699 ectypa,
2149 1638 2207 1683 ut
2265 1630 2396 1684 alias
2444 1630 2865 1691 observavimus,
2916 1630 3070 1683 nobis
3125 1629 3424 1698 suppeditat

1887 1722 2191 1791 Aringhius.
2220 1720 2277 1775 S.
2308 1720 2574 1791 Hippolyti
2598 1721 2757 1791 igitur
2777 1728 3182 1775 monumentum
3214 1722 3267 1774 in
3295 1736 3424 1792 agro

1888 1812 2101 1867 Verane
2134 1822 2401 1881 repertum
2437 1828 2711 1882 nunquam
2754 1822 2831 1867 tot
2856 1813 3174 1881 scriptorum
3201 1814 3267 1867 de
3295 1811 3427 1866 Por-

1887 1904 2061 1956 tuensi
2110 1903 2236 1957 sede
2284 1904 2451 1973 ipsius
2506 1904 2823 1957 sententiam
2880 1902 3149 1958 inﬁrmare
3197 1904 3422 1973 poterit;

1888 1992 1996 2045 imo
2021 1994 2138 2060 ipsa
2167 2008 2230 2046 ex
2267 1994 2367 2047 hoc
2399 1994 2533 2045 miro
2558 1991 2775 2046 fulcitur
2798 1993 3123 2053 testimonio,
3152 1980 3274 2046 cum
3304 2008 3424 2046 mo-

1887 2089 2199 2132 numentum
2229 2078 2378 2141 illud,
2402 2078 2542 2145 quod
2568 2079 2625 2131 S.
2652 2077 2918 2147 Hippolyti
2946 2079 3179 2145 episcopi
3200 2088 3253 2151 et
3281 2070 3423 2131 mar-

1890 2165 2020 2235 tyris
2064 2180 2183 2218 esse
2230 2180 2386 2221 nemo
2431 2180 2664 2232 unquam
2702 2180 2896 2234 negare
2936 2180 3100 2218 ausus
3128 2174 3230 2230 est,
3262 2180 3423 2232 prope

1886 2256 2249 2309 cmmeterium
2284 2254 2538 2308 eﬁossum
2575 2255 2663 2317 sit,
2699 2255 2790 2309 ubi
2824 2263 2967 2309 certo
2983 2256 3181 2308 scimus
3207 2253 3262 2307 S.
3293 2254 3420 2323 Hip—

1887 2345 2049 2413 polyti
2112 2343 2389 2411 reliquias,
2435 2358 2501 2397 ex
2549 2342 2710 2397 Portu
2767 2343 3007 2398 Romano
3064 2344 3421 2409 translatas,a

1888 2435 2087 2489 Christi
2110 2434 2355 2489 ﬁdelibus
2387 2432 2555 2490 fuisse
2582 2436 2864 2503 repositas.

1889 2548 2049 2601 XXV.
2094 2547 2334 2617 Moynius
2372 2547 2665 2603 Portuensis
2695 2548 2939 2601 Ecclesiae
2969 2549 3331 2616 antiquitatem
3363 2545 3419 2602 S.

2042 2617 2313 2687 Hippolyti
2344 2634 2449 2671 sevo
2481 2619 2731 2686 a’qualem
2757 2634 3021 2683 perperam
3050 2618 3267 2684 negavit.

1956 2706 2106 2761 Nunc
2138 2708 2400 2776 reliquum
2427 2717 2528 2770 est,
2560 2717 2612 2759 ut
2643 2707 2817 2772 aliqua
2866 2707 2930 2758 de
2979 2704 3289 2760 Portuensis
3327 2705 3425 2760 Ee-

1888 2799 2061 2853 clesias
2088 2799 2405 2865 antiquitate
2434 2795 2633 2848 cursim
2676 2795 2985 2857 delibcmus,
3020 2810 3085 2847 ne
3122 2795 3242 2862 quis
3272 2796 3427 2851 nobis

1886 2889 2104 2955 objiciat
2135 2902 2254 2938 cum
2287 2884 2517 2954 Moynio,
2548 2883 2602 2935 8.
2639 2883 2975 2952 Hippolytum
3008 2884 3242 2951 ejusdem
3283 2883 3425 2937 Sedis

1886 2975 2192 3041 episcopum
2228 2987 2343 3026 esse
2372 2988 2476 3025 non
2510 2972 2769 3040 potuisse,
2798 2987 2862 3024 eo
2890 2974 3032 3038 quod
3066 2972 3299 3039 sequiori
3331 2986 3424 3040 po-

1889 3064 1996 3116 tius
2036 3077 2167 3125 asvo,
2197 3076 2358 3127 quam
2385 3060 2772 3127 antiquissimis
2804 3059 2859 3111 S.
2888 3060 3134 3128 martyris
3162 3061 3416 3128 tempori-

1888 3156 1987 3207 bus
2018 3151 2169 3205 sedes
2195 3149 2505 3203 Portuensis
2534 3148 2773 3203 instituta
2803 3164 2921 3204 esse
2950 3148 3361 3215 videatur.Quod
3379 3152 3426 3205 si

1886 3242 2237 3296 Purtuensem
2304 3237 2598 3291 Ecclesium
2657 3238 3045 3305 antiquissimis
3103 3239 3425 3306 temporibus

1887 3346 2014 3384 suos
2046 3322 2329 3398 episcopos
2366 3329 2619 3382 habuisse
2667 3328 2820 3382 nobis
2856 3328 3079 3395 probare
3124 3328 3424 3397 contigerit,

1889 3424 2112 3491 ipsemet
2152 3421 2397 3491 Moynius
2443 3436 2633 3474 manus
2663 3422 2828 3473 victas
2862 3420 3026 3482 dabit,
3056 3429 3106 3472 et
3142 3419 3197 3471 S.
3229 3419 3427 3487 Hippo-

1888 3514 2077 3581 lytum,
2123 3526 2280 3579 quem
2328 3510 2528 3563 dudum
2577 3507 2877 3560 Homasritis
2925 3508 3156 3559 tribuere
3200 3518 3424 3561 conatus

1887 3613 1989 3666 est,
2052 3601 2332 3663 Portuensi
2392 3598 2643 3651 Ecclesia:
2702 3596 2961 3649 restituet.
3017 3595 3093 3648 En
3146 3596 3423 3664 ipsiusmet

1887 3693 2084 3761 Μογηῆ
2113 3692 2272 3745 verba
2303 3689 2411 3756 (49)
2447 3706 2457 3740 :
2497 3706 2513 3737 ι
2545 3689 2775 3755 lngenue
2822 3696 2997 3739 tamen
3042 3685 3311 3754 proﬁteor,
3340 3702 3426 3742 me

1887 3798 2006 3834 cum
2035 3781 2214 3834 multis
2243 3780 2396 3833 facile
2437 3779 2820 3843 admissurum,
2856 3775 3192 3845 Hippolytum
3216 3776 3425 3831 dictum

1887 3872 2193 3939 episcopum
2233 3868 2553 3932 Romanum,
2578 3869 2699 3937 quia
2728 3868 2917 3922 Portus
2950 3868 3001 3919 iu
3030 3866 3268 3919 Romana
3292 3869 3424 3921 dias-

1890 3961 1996 4013 cesi
2026 3969 2140 4013 erat
2170 3961 2473 4029 episcopus,
2505 3962 2549 4013 si
2580 3966 2848 4012 constaret
2876 3957 3089 4011 Portum
3117 3957 3281 4011 fuisse
3306 3958 3422 4024 epi-

1890 4062 2165 4120 scopatum
2200 4060 2433 4119 tempore
2460 4049 2745 4118 Hippolyti,
2777 4061 2829 4102 et
2860 4050 3110 4116 episcopo
3142 4048 3420 4102 Portuensi

1890 4140 2070 4191 eadem
2105 4140 2385 4205 permissa,
2417 4153 2534 4204 quae
2568 4137 2951 4204 posterioribus
2990 4135 3313 4200 temporibus
3344 4134 3420 4186 illi

1890 4228 2148 4294 permissa
2178 4236 2301 4279 sunt
2328 4228 2378 4277 in
2403 4225 2586 4277 ordine
2616 4223 2985 4287 cardinalium,
3016 4224 3066 4275 in
3092 4223 3422 4277 ordinatione

1888 4325 1941 4368 et
1968 4316 2365 4371 consecratione
2398 4313 2660 4381 pontiﬁcis
2691 4311 2935 4373 Romani,
2966 4322 3019 4366 et
3040 4314 3090 4365 in
3114 4314 3279 4368 sacris
3300 4315 3423 4383 qui-

2063 4486 2283 4555 Propter
2310 4485 2395 4538 ubi
2422 4487 2657 4554 apposita
2686 4494 2761 4537 est
2786 4502 2880 4538 ara
2908 4488 3083 4539 dicata
3110 4488 3231 4539 Deo.

1995 4554 2099 4609 Illa
2128 4554 2440 4609 sacramenti
2467 4555 2711 4606 donatrix
2739 4572 2932 4618 mensa,
2969 4556 3239 4624 eademque

2062 4625 2246 4679 Custos
2274 4624 2381 4693 ﬁda
2413 4624 2494 4676 sui
2527 4625 2771 4692 martyris
2803 4628 3059 4692 apposita,

1994 4695 2172 4749 Servat
2197 4702 2263 4746 ad
2296 4694 2476 4747 teterni
2506 4694 2854 4763 spemy'udicis
2883 4710 2997 4745 ossa
3018 4694 3277 4763 sepulcro,

2061 4763 2241 4815 Pascit
2267 4764 2391 4815 item
2420 4764 2613 4816 sanctis
2648 4763 2928 4815 Tibricolas
2957 4764 3191 4829 dapibus.

1958 4854 2067 4919 (46)
2109 4854 2299 4924 lnger
2350 4854 2730 4906 miraculorum
2782 4854 2931 4919 copia
2972 4852 3122 4924 ad‘S.
3151 4850 3432 4924 Hippolyti.

1890 4918 2150 4975 tumulum
2172 4918 2213 4972 ᾖ
2246 4920 2352 4974 Deo
2376 4931 2726 4989 patratorum,
2763 4918 2921 4974 etiam
2944 4921 3020 4972 ‘ab
3041 4920 3155 4987 ipso
3182 4918 3417 4975 Pruden-

1888 4994 1961 5044 tio
1998 4989 2317 5045 describitur
2341 4990 2441 5043 loc.
2475 4994 2564 5043 cit.
2594 5005 2733 5045 vers.
2762 4991 2861 5043 175
2887 5010 2899 5042 :

1992 5080 2130 5149 Mira
2151 5078 2250 5149 loci
2271 5080 2456 5145 pietas,
2478 5090 2527 5132 et
2547 5091 2783 5149 prompta
2804 5077 3123 5149 precantibus
3145 5096 3234 5131 ara

2060 5147 2186 5215 Spes
2208 5148 2467 5201 hominum
2488 5146 2703 5217 placida
2717 5146 3048 5217 prosperitate
3060 5146 3229 5213 juvat.

1991 5214 2038 5271 11
2044 5218 2091 5285 ic
2104 5214 2411 5284 'corruptelis
2436 5214 2694 5285 animique
2712 5214 2761 5269 et
2780 5217 3003 5280 corporis
3027 5231 3187 5285 (eger,

2058 5284 2217 5337 Oravi
2238 5288 2432 5353 quoties
2454 5284 2666 5348 stratus,
2690 5299 2833 5351 apem
2852 5286 3036 5337 merui.

1988 5350 2136 5473 thd
2156 5350 2301 5406 lictor
2324 5358 2513 5419 reditu,
2536 5356 2669 5423 quod
2696 5362 2759 5415 te,
2782 5354 3061 5407 venerande
3083 5357 3335 5419 sacerdos,

2096 5422 2331 5473 amplecti
2354 5425 2665 5473 licitum'est.
2687 5419 2852 5473 scribo
2876 5423 3008 5473 auod
3032 5424 3137 5473 hinc
3154 5425 3335 5473 eadem.

2096 5422 2331 5490 amplecti
2354 5419 2665 5485 licitum‘est,
2687 5419 2852 5491 scribo
2876 5423 3008 5490 quod
3032 5424 3137 5476 htec
3154 5425 3348 5491 eadem,

1988 5488 2037 5543 Η
2043 5488 2267 5613 ἱβροιῂιο
2292 5495 2394 5572 scio
2418 5508 2494 5543 me
2513 5492 2691 5569 debere
2712 5506 2728 5541 :
2755 5488 2896 5542 Deus
2909 5496 2991 5543 cui
3014 5492 3247 5545 Christus

2105 5576 2215 5613 osse
2239 5563 2397 5613 dedit.
2419 5560 2552 5613 auod
2573 5576 2685 5613 auis
2706 5563 2921 5613 postulet
2968 5577 3208 5613 annuere.

2105 5576 2215 5614 osse
2239 5563 2397 5628 dedit,
2419 5560 2552 5629 quod
2573 5561 2685 5627 quis
2706 5563 2921 5627 postulet
2968 5577 3208 5614 annuere.

1962 5649 2071 5717 (47)
2108 5649 2236 5705 hoc.
2270 5652 2361 5705 cit.
2398 5664 2537 5703 vers.
2574 5648 2695 5703 190.

1954 5718 2063 5784 (t8)
2103 5718 2233 5773 Loc.
2267 5722 2355 5777 cit.
2392 5734 2531 5772 vers.
2564 5717 2685 5772 200.

1955 5788 2065 5857 (£9)
2105 5788 2175 5845 De
2202 5790 2257 5845 8.
2288 5788 2567 5861 Hippolyto
2597 5788 2840 5875 diatriba,
2868 5805 2919 5859 p.
2954 5790 3043 5854 29,
3077 5796 3204 5855 terg.
