4078 6348
676 454 781 509 535

1453 444 1548 498 DE-
1572 439 1959 496 PORTUENSI
1997 439 2052 493 S.
2092 438 2464 494 illPPOLYTl
2503 438 2691 493 SEDE.
2727 467 2794 477 —
2826 434 3005 492 PARS
3044 435 3106 488 ll.

3777 423 3883 481 556

674 571 899 640 busdam
926 565 1189 622 obeundis
1210 565 1264 618 in
1280 564 1443 618 variis
1469 561 1652 617 Roma:
1669 561 1878 618 sacellis
1900 571 1954 616 et
1971 560 2228 614 basilicis.
2265 567 2302 617 Α
2334 558 2532 614 nemini
2561 559 2781 612 dubium
2808 557 2929 609 erit.
2967 554 3213 625 Moynius
3244 551 3407 604 nimis
3436 549 3788 606 conﬁdenter,
3821 560 3892 598 ne

676 661 778 715 Sed
810 661 910 714 ista
943 665 1068 711 sunt
1100 655 1367 724 sequioris
1400 653 1516 719 aevi,
1543 668 1641 707 nec
1671 652 1867 705 Portus
1893 652 2234 719 episcopatus

674 759 822 804 tanta
856 764 911 802 se
944 754 1120 816 potest
1146 753 1414 800 vetustate
1448 743 1848 798 commendare.
1874 760 1892 792 ι
1921 741 2235 794 Portuensis

673 840 1016 909 episcopatus
1056 835 1430 904 antiquitatem
1464 817 1708 902 illoynins
1734 831 1878 886 facili
1911 831 2124 901 negotio
2154 831 2236 882 in-

677 932 882 998 spicere
901 938 1132 998 poterat,
1148 927 1192 982 si
1219 926 1560 980 notissimum
1589 924 1926 994 Geographie:
1948 938 2204 978 καίνωνιό
2222 952 2236 962 -
2265 926 2273 932 '

678 1023 854 1075 lumen
871 1035 900 1073 a
928 1019 1124 1072 Carolo
1146 1033 1176 1070 a
1205 1015 1407 1071 Sancto
1429 1005 1597 1068 Paulo
1619 1015 1950 1069 elaboratum
1975 1014 2238 1083 tantisper

648 1113 1058 1176 consuluisset,
1111 1126 1210 1165 nec
1255 1111 1368 1165 solo
1409 1108 1619 1179 Ugbelli
1660 1107 1976 1161 testimonio
2023 1105 2240 1175 acquie—

680 1220 829 1260 scere
876 1203 1173 1268 maluisset,
1229 1200 1321 1271 qui
1374 1207 1552 1252 tamen
1594 1185 1712 1252 non
1766 1198 2057 1252 admodum
2115 1214 2240 1253 sero

680 1295 1062 1350 Portuensium
1109 1294 1488 1362 episc0porum
1542 1292 1736 1345 seriem
1783 1291 2057 1345 inchoavit
2101 1290 2234 1361 (50).

680 1387 908 1442 Carolus
937 1402 976 1440 a,
1002 1384 1058 1440 S.
1086 1385 1254 1438 Paulo
1273 1384 1384 1455 (51)
1408 1383 1724 1452 Gregorium
1752 1383 1960 1447 laudat,
1985 1383 2077 1452 qui
2107 1398 2238 1437 con-

681 1479 808 1534 cilio
837 1476 1137 1531 Arelatensi
1171 1475 1350 1546 primo
1382 1475 1624 1528 interfuit
1652 1483 1706 1529 et
1741 1474 2063 1544 subscripsit
2089 1473 2234 1543 (52};

680 1566 940 1638 Ughellus
991 1566 1296 1620 Romanum
1353 1564 1659 1635 subjungit,
1714 1565 1806 1634 qui
1830 1565 1974 1619 circa
2031 1579 2235 1617 annum

686 1659 898 1714 Domini
932 1659 1036 1714 570
1066 1659 1219 1718 vixit,
1251 1665 1305 1712 et
1333 1657 1586 1725 deinceps
1632 1665 1896 1725 utrosque
1934 1665 2237 1726 sequuntur

660 1749 897 1816 Petrus,
925 1748 1142 1810 Castus,
1170 1749 1388 1817 aliique.
1431 1749 1473 1806 Α
1520 1747 1806 1802 Portuensi
1836 1748 2089 1816 episcopo
2124 1745 2237 1799 Ro-

682 1857 902 1898 manum
935 1841 1244 1911 pontificem
1277 1840 1607 1902 consecrari,
1632 1854 1719 1892 res
1748 1853 1855 1891 non
1887 1838 2021 1891 adeo
2048 1853 2240 1913 recens,

680 1945 799 1999 est;
832 1949 956 1987 nam
992 1946 1055 1985 ex
1087 1931 1289 1985 Diurnu
1333 1929 1687 1982 Romanorum
1724 1929 2050 1998 pontiﬁcum,
2078 1943 2236 1997 quem

681 2025 962 2080 collectum
996 2031 1118 2091 post
1151 2037 1350 2076 annum
1375 2020 1478 2074 685
1513 2019 1701 2074 scribit
1727 2020 1846 2089 ejus
1877 2020 2050 2094 editor
2079 2017 2244 2072 Joan-

613 2169 617 2171 λ
682 2124 777 2163 nes
815 2107 1139 2171 Garnerius,
1195 2116 1408 2163 constat
1449 2109 1560 2177 jam
1617 2115 1753 2161 tunc
1791 2108 2050 2177 temporis
2098 2108 2243 2162 hunc

683 2215 884 2254 morem
925 2199 1235 2264 invaluisse,
1266 2208 1326 2253 ut
1365 2201 1650 2269 episcopus
1690 2199 2005 2253 Portuensis
2048 2205 2239 2252 conse-

684 2291 910 2346 crationi
957 2278 1505 2359 Romani‘pontiticis
1550 2292 1835 2345 interesset
1870 2290 2006 2358 (55).
2072 2288 2142 2342 At
2195 2290 2244 2343 si

685 2381 872 2438 sedulo
902 2396 1013 2434 rem
1051 2381 1220 2449 ipsam
1246 2369 1632 2449 inspiciamus,
1677 2379 1908 2447 hujusce
1950 2379 2089 2433 ritus
2131 2379 2242 2446 pri-

685 2473 892 2529 mordia
919 2473 971 2525 in
1001 2471 1244 2526 Romana
1283 2469 1521 2525 Ecclesia
1547 2470 1918 2526 vetustissima
1946 2484 2065 2524 esse
2088 2483 2244 2523 nemo

685 2563 980 2628 dubitabit,
1018 2577 1141 2616 cum
1176 2561 1235 2616 S.
1278 2560 1564 2615 Cornelius
1601 2575 1737 2629 papa
1776 2561 1919 2630 apud
1951 2559 2244 2614 Eusebium

693 2672 713 2704 ι
732 2653 1102 2708 adumbratam
1130 2645 1276 2706 inani
1303 2651 1535 2722 quadam
1556 2668 1826 2711 manuum
1853 2650 2196 2722 impositione
2221 2670 2239 2702 ι

686 2741 970 2796 Novatiani
997 2744 1394 2798 ordinationem
1446 2743 1674 2812 appellet
1705 2742 1839 2812 (54),
1882 2758 1948 2797 eo
1989 2743 2153 2812 quod,
2187 2753 2246 2797 ut

691 2835 866 2903 inquit
899 2832 1164 2888 Henricus
1198 2833 1446 2888 Valesius
1469 2872 1484 2898 ,
1539 2834 1683 2887 facta
1732 2843 1877 2888 esset
1912 2834 1979 2887 ab
2025 2835 2244 2909 alterius

689 2926 981 2996 provinciae
1027 2927 1328 2994 episcopis,
1373 2941 1481 2979 non
1506 2926 1575 2979 ab
1626 2925 1694 2979 iis
1750 2925 1843 2993 qui
1892 2928 2243 2981 consecrandi

690 3018 956 3088 pontificis
989 3017 1221 3072 Romani
1259 3018 1350 3086 jus
1380 3017 1650 3071 habebant
1692 3019 1825 3089 (55).
1856 3017 1990 3073 llinc
2029 3031 2245 3087 apparet

691 3126 851 3178 quam
886 3100 1151 3165 immenso
1187 3110 1472 3166 vetustatis
1514 3110 1794 3165 intervallo
1835 3109 2241 3165 llomzeritarum

693 3201 959 3255 Eeelesias
985 3199 1300 3254 Portucnsis
1330 3200 1644 3264 antecellat;
1676 3201 1878 3256 idcirco
1906 3203 2075 3271 ipsam
2104 3201 2243 3273 inter

695 3291 1102 3362 antiquissimas
1127 3290 1294 3352 totius
1327 3286 1491 3345 Italiae
1523 3291 1678 3347 sedes
1709 3295 2091 3348 recensendam
2124 3307 2242 3347 esse

769 3554 878 3626 (50)
919 3554 1402 3626 Ιιαιιεαενελιοηι,
1434 3552 1477 3618 1,
1505 3568 1628 3626 pag.
1664 3552 1698 3607 '5
1735 3552 1866 3609 edit.
1903 3552 2117 3626 Veneta:
2146 3571 2245 3609 an-

698 3630 750 3682 ni
779 3625 938 3682 ΗΠ.
969 3633 1089 3694 post
1120 3626 1176 3679 S.
1208 3625 1547 3694 Hippolytum
1592 3625 1896 3694 Bomanum
1938 3625 2246 3694 episcopum

699 3711 840 3750 anno
879 3692 985 3750 370
1012 3697 1299 3766 recensuit,
1329 3692 1578 3764 quamvis
1603 3693 1897 3750 Lucentius
1927 3692 2245 3764 Gregorium

702 3766 891 3818 deinde
915 3764 1268 3832 produxerit.
1577 3773 1582 3776 ’

771 3834 881 3904 (Eii)
919 3832 1211 3904 Geogruplt.
1236 3850 1373 3887 sacr.
1412 3832 1608 3904 Italia,
1633 3848 1687 3904 p.
1711 3834 1801 3888 47.

795 3902 882 3968 52)
920 3901 1118 3967 Mansi,
1155 3901 1359 3956 Concil.
1399 3912 1438 3956 t.
1469 3903 1508 3956 Ι.

795 3904 882 3968 52)
920 3904 1118 3967 Mansi,
1155 3904 1359 3956 Concil.
1399 3912 1438 3956 t.
1469 3904 1508 3956 Ι.

771 3904 883 4039 i555)
922 3971 980 4041 In
1004 3970 1142 4041 libro
1170 3969 1366 4026 Diuma
1386 3971 1737 4041 Romanorum
1767 3973 2091 4041 pontiﬁcum,
2115 3989 2162 4027 c.
2189 3972 2245 4041 2,

703 4041 915 4097 articul.
943 4040 1004 4103 8,
1050 4040 1188 4094 ritus
1231 4042 1510 4102 ordinandi
1560 4039 1866 4109 pontificis:
1909 4039 2104 4094 (Tunc
2134 4039 2249 4110 epi-l

705 4127 900 4180 scepus
931 4110 1250 4180 Albanensis
1293 4112 1386 4166 dat
1431 4111 1729 4165 orationem
1763 4110 2020 4178 primam;
2055 4110 2250 4180 deinde

704 4177 988 4250 episcopus
1045 4177 1361 4250 Portuensis
1409 4182 1501 4237 dat
1559 4177 1861 4235 orationem
1911 4178 2242 4250 secundam;

705 4248 1042 4319 postmodum
1073 4249 1411 4306 adducuntur
1443 4251 1748 4319 Evangelia.
1781 4259 1834 4304 et
1861 4248 2174 4318 aperiuntur
2198 4258 2251 4305 et

706 4328 963 4390 tenentur;
973 4335 1134 4390 super
1166 4329 1326 4390 caput
1352 4322 1507 4376 electi
1540 4339 1569 4375 a
1595 4320 1937 4378 diaconibns,
1966 4339 1985 4370 ι

777 4388 888 4456 (54)
927 4387 1006 4441 En
1028 4389 1190 4445 verba
1214 4387 1428 4446 Eusebii
1452 4391 1640 4444 Latine
1668 4391 1872 4444 reddita
1905 4390 1997 4443 lib.
2021 4405 2075 4441 vt
2104 4387 2246 4444 Hist.

706 4457 1020 4531 ecc_fesiu_ist.,
1050 4474 1165 4531 cap.
1198 4462 1302 4526 45,
1330 4477 1452 4531 pag.
1484 4461 1580 4514 5-H
1607 4479 1618 4513 :
1664 4479 1682 4511 ι
1712 4459 1818 4531 Eos
1858 4461 2183 4531 (episcopos)
2218 4476 2248 4513 ιι

708 4527 1028 4596 quibusdam
1064 4529 1148 4580 sui
1185 4527 1474 4594 similibus,
1508 4544 1644 4599 quos
1689 4531 1752 4582 ad
1789 4530 1842 4582 id
1867 4527 2248 4599 '(Novatianus)

2333 650 2579 704 dicamus
2634 658 2861 713 temere,
2911 647 3079 716 ipsius
3128 641 3500 711 antiquitatem
3558 640 3610 692 in
3661 638 3890 692 dubium

2334 756 2586 795 revocare
2637 749 2805 792 ausUs
2848 747 2948 807 est,
2994 746 3046 790 et
3091 751 3213 790 eum
3247 734 3535 802 Gregorius
3573 731 3744 799 ipsius
3774 729 3894 797 epi-

2337 848 2532 901 Scnpus
2547 832 2778 885 concilio
2795 829 3093 882 Arelatensi
3127 827 3456 888 interfuerit,
3475 823 3662 892 paucis
3684 821 3895 876 scilicet

2337 922 2492 977 annis
2549 930 2669 989 post
2723 918 2987 972 redditam
3036 915 3316 970 catholicre
3363 914 3616 969 Ecclesiae
3662 926 3892 982 pacem,

2340 1011 2546 1063 nullum
2575 1007 2877 1078 ambigendi
2905 1007 3082 1058 locant
3110 1017 3391 1072 superesse
3424 1016 3727 1064 censemus,
3755 998 3894 1068 quin

2340 1101 2653 1155 Portuensis
2709 1100 3054 1168 episcopatus
3121 1093 3417 1164 primordia
3482 1094 3549 1147 ab
3605 1091 3898 1162 Hippolyto

2339 1193 2627 1262 repetenda
2689 1206 2809 1245 esse
2869 1190 3195 1250 credamus,
3238 1187 3483 1255 aliosque
3537 1193 3657 1254 post
3712 1184 3895 1251 ipsum

2339 1289 2623 1356 episcOpos
2653 1283 3002 1338 Portuensem
3045 1281 3339 1336 Ecelesiam
3369 1293 3540 1346 usque
3579 1276 3647 1331 ad
3686 1276 3897 1344 Grego-
3962 1343 3967 1346 Ι

2339 1378 2480 1431 rium
2537 1376 2870 1439 obtinuisse,
2924 1375 3316 1445 quinquaginta
3365 1371 3570 1426 scilicet
3627 1380 3900 1421 annorum

2338 1468 2640 1523 intervallo.
2666 1480 2900 1537 quorum
2947 1466 3166 1521 nomina
3208 1476 3507 1534 temporum
3550 1460 3748 1529 injuria
3769 1472 3902 1529 per-

2339 1562 2516 1613 ierunt
2542 1558 2676 1627 (56).

2345 1649 2537 1704 XXVI.
2583 1649 2787 1719 Mcynii
2817 1648 3072 1701 divinatio
3101 1649 3162 1701 de
3193 1650 3408 1718 antiqua
3441 1647 3636 1712 Portus
3673 1641 3901 1698 Romani

2708 1720 2844 1772 aeris
2876 1719 3241 1772 insalubritate
3262 1719 3517 1787 reﬁcitur.

2409 1824 2517 1879 Nee
2554 1804 2797 1893 insurgat
2831 1824 3078 1895 Moynius
3109 1824 3211 1877 loc.
3257 1821 3503 1892 proxime
3544 1817 3709 1870 citato
3757 1811 3903 1881 obji-

2343 1917 2534 1971 ciendo
2549 1916 2766 1970 Portum
2791 1914 3229 1979 Romanum,aeri
3253 1909 3557 1966 inclementi
3577 1905 3902 1966 obnoxium,

2345 2010 2703 2079 paucissimos
2727 2022 2937 2075 semper
2963 2005 3165 2060 aluisse
3193 2005 3535 2058 habitatores.
3570 2018 3588 2050 ι
3613 1997 3742 2050 Erat
3767 1995 3903 2048 Por-

2346 2111 2433 2154 tus
2463 2098 2728 2154 Ostiensis
2755 2115 2784 2152 a
2823 2097 3046 2152 Claudio
3073 2103 3447 2158 constructus,
3484 2107 3512 2144 a
3548 2089 3783 2157 'l’rajano
3815 2099 3903 2139 re-

2347 2201 2587 2260 paratus,
2621 2191 2772 2261 gravi
2800 2200 2853 2245 et
2893 2188 3201 2242 inclementi
3229 2186 3337 2239 aeri
3383 2182 3672 2246 obnoxius,
3721 2188 3778 2234 et
3807 2175 3902 2248 qui

2346 2285 2726 2352 paucissimos
2753 2299 2964 2352 semper
3007 2281 3140 2335 aluit
3191 2280 3490 2349 indigenas
3517 2285 3570 2330 et
3618 2274 3847 2330 incolas.
3879 2291 3900 2323 ι

2345 2376 2499 2430 Aeris
2528 2375 2672 2429 enim
2709 2374 3067 2437 inelementia,
3099 2386 3219 2441 qua
3259 2385 3402 2424 nunc
3441 2385 3535 2438 per
3563 2382 3754 2438 agrum
3786 2363 3903 2417 Bo-

2346 2482 2564 2521 manum
2592 2468 2661 2522 ob
2691 2467 2985 2535 neglectam
3024 2466 3194 2533 ipsius
3216 2465 3484 2518 culturam
3509 2461 3666 2529 longe
3685 2460 3904 2526 lateque

2351 2568 2677 2627 grassatur,
2715 2557 2769 2614 S.
2819 2557 3084 2628 Hippolyti
3142 2571 3256 2610 aevo
3305 2552 3565 2607 Romanis
3594 2549 3902 2616 exterisque

2346 2651 2584 2706 inaudita
2620 2652 2739 2706 fuit.
2772 2651 3028 2704 Minutius
3071 2648 3217 2704 Felix
3245 2648 3302 2702 S.
3340 2643 3607 2714 Hippolyti
3637 2639 3884 2710 synchro

2345 2760 2449 2797 nus
2497 2745 2889 2797 vindemiarum
2945 2752 3183 2810 tempore
3229 2755 3322 2810 per
3352 2740 3528 2793 otium
3567 2731 3772 2787 Ostiam
3817 2742 3886 2783 se

2341 2819 2508 2890 cessit
2533 2852 2653 2890 cum
2685 2833 2909 2888 Octavio
2938 2850 3001 2888 ac
3030 2832 3247 2886 Caecilio
3285 2828 3482 2891 Natali,
3515 2827 3802 2896 ipsamque
3830 2822 3901 2875 ob

2348 2926 2487 2978 aeris
2530 2925 2896 2978 salubritatem
2946 2933 3106 2992 atque
3147 2920 3484 2976 clementiam
3519 2917 3716 2971 eximie
3746 2927 3899 2968 eom-

2350 3015 2585 3069 mendat.
2616 3014 2694 3068 En
2741 3015 2874 3069 tanti
2927 3013 3204 3083 scriptoris
3233 3011 3394 3065 verba
3438 3008 3584 3079 (57):
3629 3026 3648 3059 ‹
3692 3005 3902 3060 Placuit

2349 3108 2553 3162 Ostiam
2589 3116 2786 3176 petere,
2815 3106 3223 3159 amoenissimam
3258 3103 3545 3163 civitatem,
3581 3098 3728 3168 quod
3760 3104 3902 3152 esset

2350 3202 2561 3271 corpori
2590 3216 2710 3254 meo
2739 3199 3008 3254 siccandis
3037 3198 3352 3258 humoribus
3388 3197 3458 3250 de
3491 3193 3721 3247 marinis
3755 3191 3888 3243 lava-

2347 3294 2452 3348 cris
2484 3293 2680 3348 blanda
2711 3303 2763 3347 et
2806 3291 3053 3363 apposita
3083 3290 3330 3353 curatio;
3360 3307 3377 3338 »
3412 3294 3464 3341 et
3508 3283 3695 3355 paucis
3735 3282 3890 3336 inter-

2346 3556 2532 3610 scrihit
2577 3531 2774 3610 citatus
2807 3552 3076 3618 Valesius,
3118 3550 3304 3604 nullibi
3337 3550 3492 3605 nobis
3537 3551 3778 3622 reperire.
3809 3551 3904 3604 da-

2346 3635 2882 3761 mi'iét‘ifti’ortucnsis
2906 3689 3158 3745 Eetzlesite
3188 3689 3484 3758 antiquitas
3513 3690 3592 3761 vel
3634 3691 3803 3746 etiam
3836 3689 3906 3744 ab

2346 3779 2411 3818 eo
2446 3760 2848 3832 comprobatur,
2878 3761 3020 3832 quod
3066 3761 3461 3832 antiquissimis
3497 3760 3659 3832 etiam
3694 3771 3905 3830 tempo-

2304 3855 2306 3857 >
2346 3835 2497 3888 ribus
2529 3829 2820 3885 Christiani
2853 3829 2908 3883 in
2941 3831 3099 3884 Portu
3135 3829 3379 3884 Romano
3405 3830 3733 3894 exstiterint,
3767 3829 3905 3899 quo-

2345 3918 2466 3958 rum
2510 3902 2766 3972 nonnulli
2791 3901 3032 3972 martyrii
3069 3902 3316 3972 palmam
3343 3908 3471 3972 sunt
3507 3899 3902 3972 assecuti,_qui

2347 3974 2402 4028 in
2429 3971 2808 4042 Martyrologio
2844 3968 3088 4042 Romano
3117 3980 3243 4024 sunt
3289 3970 3564 4038 descripti.
3617 3968 3902 4042 διώ-Τη-

2342 4045 2472 4112 jano
2521 4039 2845 4112 imperatore
2879 4039 3244 4112 Hyacinthum
3298 4049 3587 4112 martyrem
3633 4039 3898 4112 inuPortn

2351 4108 2835 4166 Romano'obiisse
2875 4108 2949 4163 in'
2975 4108 3357 4178 Martyrologio
3409 4108 3656 4178 Romano
3693 4109 3782 4162 die
3826 4109 3901 4178 26

2349 4181 2472 4234 Julii
2505 4181 2754 4248 legimus,
2797 4180 2863 4248 de
2893 4194 3002 4247 quo
3047 4177 3209 4232 etiam
3254 4179 3365 4247 agit
3411 4177 3898 4248 USttardus,_Ado,

2351 4246 2790 4316 Martyrologium
2815 4246 3101 4316 Fultlense,
3125 4255 3188 4316 et
3212 4246 3311 4300 alii
3328 4251 3673 4304 recentiores.
3702 4246 3900 4304 Viden-

2349 4309 2672 4388 tlusiGim-gi
2700 4319 2752 4372 in
2798 4321 2942 4388 notis
2985 4318 3049 4370 ad
3085 4315 3522 4388 Martyrologium
3568 4317 3777 4388 Adonis
3813 4319 3898 4373 die

2350 4389 2418 4441 26
2450 4387 2599 4446 Julii.
2632 4403 2684 4457 p.
2716 4390 2839 4452 555,
2879 4386 3256 4457 Tilletnontius
3292 4386 3422 4441 toni.
3471 4387 3562 4457 ll,
3585 4400 3638 4453 p.
3671 4387 3815 4454 575,
3844 4398 3899 4443 et

2351 4455 2683 4512 Bollandiaiti
2735 4459 2864 4512 socii
2915 4458 3000 4508 die
3047 4456 3116 4508 26
3179 4456 3312 4522 Jul.,
3357 4457 3476 4509 Aet.
3536 4455 3635 4510 SS.
3694 4459 3898 4514 mensis

2350 4527 2500 4588 Julii,
2538 4542 2671 4582 tom.
2714 4527 2797 4590 Vl,
2826 4542 2944 4594 pag.
2998 4525 3100 4579 5υό
3137 4528 3268 4582 edit.
3319 4525 3530 4579 Venetae
3570 4527 3698 4580 anni
3735 4529 3893 4584 1749.

708 4595 1138 4678 comparaverat,
1172 4599 1433 4678 inclusos_
1452 4595 1583 4678 hora
1629 4595 1897 4678 decima,
1927 4598 2248 4678 temulentos
2285 4597 2321 4646 lt
2349 4598 2746 4678 Quinquaginta
2779 4595 2974 4678 milites
3004 4607 3266 4677 martyres
3295 4597 3347 4649 in
3377 4598 3756 4678 persecutione
3784 4597 3896 4678 .Va-

707 4677 762 4722 et
783 4666 1012 4736 crapula
1038 4681 1343 4733 oppressos,
1372 4669 1690 4721 adumbrata
1725 4667 1977 4734 quadam,
2010 4674 2063 4718 et
2102 4667 2248 4720 inani

710 4734 965 4806 manuum
1002 4734 1361 4806 impositione,
1398 4737 1766 4804 episcopatum
1791 4737 1894 4791 sibi
1921 4736 2132 4789 tradere
2160 4752 2251 4804 per

711 4805 926 4873 fraudes
942 4813 1104 4874 atque
1132 4805 1353 4859 insidias
1377 4806 1659 4858 vindicat.»

780 4878 892 4947 (55)
931 4874 1176 4947 lnnotis
1191 4876 1258 4929 ad
1296 4876 1439 4947 hunc
1469 4876 1642 4947 locum
1658 4893 1683 4947 _:
1725 4894 1743 4925 ‹
1773 4875 2158 4947 Adumbratam
2199 4882 2254 4926 et

713 4944 922 5000 caSsam
953 4946 1097 5000 illam
1130 4944 1412 4998 Novatiani
1441 4945 1830 4999 ordinationem
1869 4955 2026 4999 vocat
2050 4945 2252 4998 Corne-

714 5014 837 5079 lius,
868 5016 1012 5082 quod
1043 5014 1181 5068 facta
1209 5024 1350 5068 esset
1379 5015 1446 5066 ab
1473 5015 1692 5068 alterius
1721 5016 2008 5082 provinciae
2037 5015 2250 5082 episeo—

714 5084 955 5154 pis,itmn
984 5085 1051 5138 ab
1083 5085 1148 5140 iis
1187 5085 1278 5152 qui
1317 5085 1667 5154 consecrandi
1710 5085 1950 5154 Romani
1982 5082 2251 5154 pontificis

712 5151 801 5220 jus'
826 5151 1413 5224 habebant;ejustnodi
1443 5162 1559 5206 erat
1591 5151 1876 5224 Ostiensis,
1912 5151 2244 5224 Tiburtinus,

716 5231 768 5293 et
800 5222 915 5293 alii,
941 5241 958 5273 ι
987 5233 1090 5278 etc.
1116 5222 1189 5279 ne
1217 5227 1322 5279 ritu
1353 5224 1700 5293 consecrandi
1727 5222 1955 5277 Romani
1984 5222 2252 5293 pontiticis

716 5290 785 5362 ab
837 5291 1136 5361 episcopis,
1181 5297 1318 5349 inter
1363 5308 1501 5362 quos
1546 5291 1859 5348 Portuensis
1911 5290 2248 5355 numeratur,

717 5361 972 5430 legendus
997 5364 1336 5433 Christianus
1362 5361 1543 5432 Lupus
1571 5363 1730 5430 Oper.
1758 5373 1898 5433 tom.
1937 5362 2025 5429 Vl,
2055 5379 2111 5433 p.
2147 5362 2250 5433 515

640 5465 644 5469 -
714 5437 771 5500 et
798 5444 971 5498 seqq.,
997 5431 1088 5500 ubi
1116 5435 1222 5500 agit
1251 5436 1318 5489 de
1363 5431 1718 5490 conciliabulo
1757 5431 2086 5498 Brixinensi,
2119 5432 2246 5487 edit.

716 5497 930 5553 Veneta:
956 5499 1082 5552 anni
1112 5497 1269 5565 479.5,
1310 5515 1363 5557 et
1389 5505 1676 5559 Catalanus
1716 5503 1770 5556 in
1811 5497 2164 5557 Commentar.
2196 5502 2252 5554 in

715 5585 920 5625 carem.
950 5575 1147 5643 sanctae
1170 5571 1414 5643 Bomanaz
1441 5574 1708 5638 Ecclesiw,
1735 5572 1826 5626 lib.
1859 5590 1895 5637 ι,
1919 5573 2045 5643 §i5,
2070 5590 2123 5643 p.
2148 5572 2251 5643 109

714 5651 768 5695 et
793 5653 966 5713 seq_q_.,
1006 5640 1132 5693 edit.
1175 5639 1357 5713 Romae
1387 5645 1514 5697 anni
1544 5644 1700 5708 1750,
1737 5639 1940 5711 aliique
1975 5639 2247 5713 permulti,

716 5725 854 5780 quos
878 5709 1104 5788 libenter
1127 5711 1483 5788 praeterimus,
1506 5715 1606 5788 qui
1623 5715 1689 5767 de
1719 5729 1777 5767 re
1807 5709 1938 5788 satis
1979 5709 2107 5767 nota
2139 5726 2251 5788 ser-

716 5795 932 5852 nionem
980 5779 1346 5852 instituerunt.
1407 5779 1744 5838 Tiburtinum
1798 5784 2111 5852 episcopum
2159 5782 2250 5850 jus

719 5851 971 5907 habuisse
1019 5849 1074 5905 in
1124 5852 1524 5906 consecratione
1576 5853 1804 5909 Romani
1835 5849 2140 5931 'pontiticis,
2193 5859 2252 5904 ut

2352 4663 2537 4722 let-iani
2574 4668 2626 4717 in
2655 4666 2815 4730 l’nr‘u
2859 4663 3101 4718 Romano
3135 4663 3347 4719 occisos
3385 4664 3549 4718 refert
3583 4667 3723 4722 idem
3754 4667 3897 4722 Mar-

2349 4736 2674 4809 tyrologium
2717 4734 3134 4809 Romanutnﬁdie
3172 4735 3205 4788 8
3243 4734 3394 4798 Julii,
3438 4745 3491 4809 et
3521 4737 3606 4791 die
3644 4739 3710 4791 15
3753 4740 3896 4809 ejus-

2350 4801 2470 4860 dem
2501 4801 2553 4857 ill
2577 4805 2765 4857 endem
2811 4804 2975 4859 Portu
3033 4801 3277 4859 llomano
3329 4806 3526 4860 nat-alis
3580 4801 3892 4861 sanctorum

2351 4882 2647 4942 martyrum
2679 4872 2954 4944 Eutt'Opii,
3010 4874 3239 4929 Zositntc
3273 4884 3325 4927 et
3377 4873 3605 4930 Bouosm
3643 4892 3894 4932 sororum

2351 4944 2690 4998 describitur.
2755 4945 2884 4998 Item
2942 4946 3014 4998 9.2
3067 4944 3296 5011 Augusti
3356 4944 3409 4997 in
3483 4946 3672 5000 eodem
3729 4946 3891 5001 Pot-tu

2352 5014 2594 5085 [imitatio
2624 5016 2881 5085 memoria
2908 5025 3216 5085 sanctorum
3269 5024 3563 5085 martyrum
3610 5016 3889 5080 Martialis,

2355 5083 2650 5144 Saturnini.
2679 5083 2936 5154 Epicteti,
2970 5083 3209 5154 Maprilis
3238 5096 3291 5137 et
3341 5083 3534 5138 Felicis
3571 5102 3697 5141 cum
3731 5089 3890 5141 sociis

2351 5169 2560 5216 eorum,
2594 5151 2840 5209 habetur.
2873 5155 3118 5208 Secunda
3147 5151 3323 5219 Martii
3358 5155 3411 5208 ιιι
3452 5155 3614 5210 Portu
3644 5154 3891 5210 Romano

2351 5233 2564 5296 sanctos
2591 5233 2852 5296 martyres
2884 5224 3131 5296 Paulum,
3164 5221 3492 5296 Heracliutn,
3525 5223 3887 5296 Secundiliam

2351 5301 2404 5345 et
2455 5291 2768 5348 Januarium
2818 5304 3030 5347 notatos
3093 5293 3444 5358 invenimus;
3502 5296 3588 5349 die
3632 5298 3705 5348 ΞΔ»
3764 5294 3888 5350 Haii

2353 5360 2769 5435 _S._Vincentium
2796 5375 3100 5435 martyrem,
3119 5371 3172 5416 et
3191 5366 3378 5433 quinta
3396 5365 3627 5432 denique
3649 5366 3890 5435 Septem-

2350 5432 2460 5486 bris
2485 5445 2755 5506 usanetum
2793 5432 3530 5506 fllereulanum4martyrem.
3565 5437 3648 5506 De
3694 5432 3888 5506 quibus

2350 5503 2600 5559 omnibus
2623 5505 2827 5583 legendi
2847 5512 2973 5584 sunt
2998 5501 3158 5583 Beda,
3181 5501 3636 5588 Usuarduszdo,
3665 5501 3885 5626 abitus.

2351 5587 2449 5625 nec
2487 5590 2594 5626 non
2629 5575 2894 5626 Barontus
2920 5590 2974 5626 ιιι
3016 5585 3158 5626 ιιοιιε
3191 5573 3257 5625 ad
3288 5572 3750 5626 Martvrolomum.
3863 5598 3885 5610 ο

2351 5587 2449 5644 nec
2487 5590 2594 5627 non
2629 5572 2894 5628 Baronius
2920 5575 2974 5626 in
3016 5576 3158 5627 notis
3191 5573 3257 5644 ad
3288 5572 3750 5644 Martyrologium.
3776 5572 3888 5626 Do-

2351 5588 2449 5625 nec
2487 5590 2594 5627 non
2629 5588 2894 5628 uaronnts
2920 5590 2974 5626 ιιι
3016 5588 3158 5627 nous
3191 5588 3257 5625 au
3288 5588 3750 5698 martK‘rotogtunt,
3785 5588 3885 5626 uo-

2349 5643 2580 5717 niinicus
2608 5645 2799 5717 Giorgi
2828 5644 2883 5696 in
2928 5644 3040 5717 suis
3071 5644 3138 5717 ad
3182 5643 3385 5717 Adonis
3476 5647 3885 5717 artyrologium,

2353 5709 2610 5782 Sullerius
2644 5717 2708 5767 ad
2745 5709 3184 5782 Martyrologium
3233 5712 3460 5770 Usuardi
3499 5709 3886 5777 natationibus,

2349 5791 2400 5835 ct
2437 5781 2770 5841 Bollandiani’
2802 5781 2934 5837 socii
2963 5784 3015 5835 in
3045 5781 3291 5850 Superius
3325 5785 3606 5840 recensitis
3639 5786 3849 5838 diebus.

2419 5853 2530 5924 (57)
2573 5854 2601 5923 ς
2628 5855 2682 5919 ‘2,
2713 5870 2832 5921 pag.
2860 5853 2926 5907 Η
2949 5853 3072 5909 edit.
3103 5854 3456 5923 Cautahrigiae
3482 5871 3572 5910 an.
3605 5854 3735 5909 1707
