4078 6348
182 406 289 461 537

985 411 1074 466 DE
1111 411 1499 469 PORTUENSI
1535 413 1592 469 S.
1632 413 1995 470 IIIPPOLYTI
2033 415 2222 471 SEDE.
2254 447 2323 457 —
2354 414 2536 470 PARS
2571 415 2633 470 ll.

3295 416 3398 471 538

178 526 346 593 jectis
372 545 387 581 :
423 544 444 577 ι
473 526 802 598 ltaquecum
833 530 1071 587 diluculo
1090 533 1158 588 ad
1190 548 1337 589 mare
1356 534 1740 590 inambulando
1769 539 1813 596 Δ
1839 552 1959 606 qua:
1986 536 2396 607 dehujusmodi
2423 536 2773 607 antiquorum
2796 535 3037 605 collegiis
3064 500 3164 593 viri
3192 536 3398 591 doctis-

184 618 369 672 littore
396 634 762 689 pergeremus,
786 633 845 677 ut
866 633 918 677 et
939 639 1070 677 aura
1093 625 1342 693 aspirans
1360 625 1546 680 leniter
1566 642 1741 681 mem-

184 710 283 763 bra
319 720 607 780 vegetaret,
633 724 834 767 etcum
861 715 1057 770 eximia
1090 717 1360 785 voluptate
1395 718 1544 772 molli
1578 720 1741 774 vesti-

186 802 277 870 gio
327 804 528 857 cedens
553 818 712 858 arena
760 806 1142 862 subsisteret...
1171 826 1193 858 ι
1244 806 1530 877 Perpensis
1577 809 1742 879 igitur

185 892 407 946 eximiis
446 894 593 948 hisce
625 893 834 949 Minutii
860 898 1055 962 verbis,
1087 900 1208 967 quis
1241 915 1478 968 unquam
1501 901 1567 953 de
1595 902 1745 955 salu-

187 983 385 1036 britate
416 982 609 1040 Portus
632 983 859 1061 Romani
892 986 1055 1043 Ostia:
1083 990 1292 1042 ﬁnitimi
1324 1000 1465 1044 recte
1497 991 1745 1047 dubitare

184 1076 433 1141 poterit?
466 1074 799 1147 Quapropter
824 1080 947 1147 jure
994 1095 1057 1133 ac
1096 1082 1290 1135 merito
1326 1080 1563 1136 Jacobus
1601 1077 1743 1138 Gro-

186 1167 387 1218 novius
430 1169 863 1243 patentissimnm
910 1169 1108 1241 Moynii
1159 1171 1367 1240 lapsum
1420 1173 1644 1242 castigat
1687 1174 1741 1226 in

185 1259 333 1309 notis
355 1259 422 1311 ad
448 1259 592 1313 hunc
624 1260 834 1330 Minutii
867 1262 1046 1316 locum
1072 1263 1157 1318 his
1178 1264 1385 1318 verbis:
1414 1283 1432 1315 ι
1455 1266 1590 1318 Cum
1616 1268 1758 1319 vero

183 1348 396 1403 Ostiam
430 1350 503 1404 ita
536 1352 810 1407 cernimus
838 1354 907 1407 ab
928 1364 1151 1409 auctore
1174 1354 1523 1424 descriptam,
1552 1368 1610 1409 ut
1634 1372 1741 1409 non

183 1440 353 1493 modo
403 1442 828 1496 amantissimam
871 1459 1067 1499 vocare
1105 1446 1395 1511 censuerit,
1440 1447 1533 1500 sed
1578 1449 1740 1499 etiam

182 1534 679 1601 commendaverit;
708 1547 822 1591 tum
862 1554 893 1590 a
930 1539 1158 1593 marinis
1198 1540 1404 1593 balneis
1424 1546 1582 1603 ,‘tum
1614 1554 1744 1592 vero

183 1625 257 1678 ab
287 1640 456 1690 aura;
506 1627 631 1681 hinc
670 1626 825 1682 fateri
865 1645 1051 1699 cogor,
1083 1645 1168 1684 me
1196 1635 1443 1697 nescire,
1493 1646 1561 1685 an
1606 1631 1744 1684 ratio

184 1732 288 1770 sua
344 1719 649 1773 constiterit
702 1720 1072 1775 eruditissimo
1137 1724 1407 1791 quondam
1459 1730 1648 1777 nostro
1694 1718 1771 1783 le

181 1806 398 1877 Muyne,
430 1824 556 1863 cum
580 1810 632 1862 in
658 1808 1057 1881 Prolegomenis
1086 1814 1151 1866 ad
1185 1811 1347 1866 Varia
1371 1831 1543 1877 sacra,
1571 1828 1627 1884 p.
1647 1813 1739 1878 20,
1766 1800 1771 1803 ’

184 1889 439 1967 scripsit:
484 1918 502 1951 ι
540 1898 669 1954 Erat
722 1899 921 1957 Portus
964 1901 1230 1958 Ostiensis
1278 1919 1308 1958 a
1339 1904 1566 1960 Claudio
1614 1921 1747 1961 con-

189 2005 207 2036 c
247 1997 516 2050 structus,
565 2004 595 2042 a
648 1988 884 2059 Traiano
927 2002 1240 2060 reparatus,
1291 1994 1439 2062 gravi
1485 2003 1539 2049 et
1578 1996 1744 2049 incle-

188 2096 207 2127 ι
251 2080 419 2132 menti
447 2080 559 2133 aeri
586 2078 887 2145 obnoxius,
919 2092 973 2136 et
998 2084 1090 2152 qui
1139 2084 1495 2152 paucissimos
1535 2100 1756 2154 sempen

187 2186 208 2219 ι
249 2170 386 2221 aluit
442 2171 722 2239 indigenas
768 2182 825 2227 et
871 2174 1096 2229 incolas.
1126 2193 1148 2226 ι
1198 2175 1374 2230 Credo
1417 2174 1746 2243 frequentio-

184 2274 298 2311 rem
329 2258 543 2313 Ostiam
577 2260 765 2329 fuisse,
790 2279 890 2318 nec
930 2274 1112 2319 tamen
1161 2264 1488 2334 Procopius,
1532 2276 1623 2319 aut
1654 2266 1743 2319 alii

181 2347 420 2412 Ostiam,
455 2352 538 2404 vel
585 2351 806 2407 Portum
850 2356 931 2409 sic
966 2356 1293 2425 deprimunt.
1320 2376 1339 2407 ι
1376 2355 1748 2411 ﬂare-Grono-

180 2440 323 2491 vius.
362 2437 565 2493 Verum
600 2442 647 2495 si
678 2442 803 2510 quis
841 2458 955 2498 rem
982 2445 1143 2499 altius
1167 2445 1490 2514 disquirere,
1517 2453 1575 2500 et
1601 2445 1745 2501 aeris

180 2529 549 2584 inclementia:
600 2521 900 2601 originem,
948 2526 1053 2603 qua
1101 2550 1245 2590 nunc
1295 2552 1422 2605 ager
1464 2535 1775 2598 Romanus:

180 2620 422 2687 laborat,
450 2624 974 2691 perscrutarivellet,
1005 2627 1164 2694 legat,
1200 2627 1247 2681 si
1279 2627 1446 2692 lubet,
1468 2628 1742 2682 eruditum

175 2709 411 2767 Joannis
436 2712 686 2783 Baptista:
706 2716 860 2780 Donii
885 2718 1125 2772 libellum
1146 2717 1219 2771 De
1237 2718 1605 2773 insalubritate
1627 2721 1743 2789 agri

178 2802 448 2869 Romani,
496 2813 552 2859 et
598 2808 983 2876 sapientissimi
1052 2809 1153 2862 viri
1207 2809 1531 2864 Ferdinandi
1591 2814 1740 2866 card.

176 2895 367 2965 Nuptii
391 2898 828 2966 disquisitionem
852 2899 931 2953 De
959 2899 1181 2955 Romani
1209 2903 1324 2971 agri
1356 2902 1564 2957 cultura
1592 2907 1745 2956 resti-

178 2987 422 3037 tuenda:
464 2986 611 3055 quod
665 3002 795 3041 vero
845 2990 1161 3062 paucissimi
1218 2992 1475 3046 mortales
1519 2992 1739 3047 Portum

177 3072 495 3128 Romanum
544 3085 674 3131 tunc
719 3078 979 3145 temporis
1024 3079 1351 3146 habitarent,
1385 3082 1487 3136 hoc
1535 3083 1739 3135 nemini

1845 625 1969 678 simi
2009 626 2363 681 tradiderunt.
2412 624 2510 682 His
2539 626 2703 681 etiam
2742 625 3002 695 iungendi
3038 635 3165 681 sunt
3207 629 3394 680 caudi-

1845 714 2000 788 carii,
2036 717 2262 770 saccarii
2292 716 2489 771 Portus
2524 716 2740 780 Romae,
2784 731 3017 785 quorum
3057 717 3259 790 mentio
3301 717 3398 769 hac

1843 805 2000 861 betur
2026 807 2083 860 in
2112 806 2301 861 Codice
2329 807 2715 871 Theodosiano
2749 806 2888 877 (59).
2915 805 3120 879 Horum
3169 820 3400 874 corpora

1844 909 2133 949 numerosa
2188 894 2357 950 fuisse
2396 904 2542 949 recte
2594 904 2781 950 monet
2826 894 3063 950 Jacobus
3109 893 3402 949 Gothofre-

1842 985 1946 1041 dus
1991 984 2124 1055 (60),
2169 994 2357 1056 utpote
2411 986 2504 1055 qui
2555 1000 2830 1039 annonam
2884 986 3130 1054 aliasque
3188 999 3401 1039 merces

1848 1073 2006 1131 Urbis
2045 1077 2237 1131 usibus
2281 1077 2580 1132 destinatas
2617 1077 2792 1131 saccis
2816 1086 2869 1131 et
2907 1077 3212 1131 minoribus
3248 1077 3402 1129 navi-

1844 1170 1946 1237 giis
1983 1158 2357 1239 asportabant.
2392 1171 2701 1239 Praecipuos
2753 1170 2917 1231 etiam
2963 1170 3312 1239 magistratus
3342 1169 3398 1222 in

1843 1259 2009 1313 Portu
2037 1259 2286 1313 Romano
2313 1260 2611 1315 destinatos
2633 1259 2791 1314 nobis
2814 1258 3118 1327 suppeditat
3144 1258 3403 1313 idemmet

1843 1350 2019 1405 Codex
2053 1350 2563 1419 Theodosianus,in
2598 1368 2710 1423 quo
2752 1362 2931 1406 exstat
2974 1350 3166 1408 titulus
3197 1350 3275 1405 De
3305 1367 3403 1421 pa-

1844 1442 2008 1494 tronis
2064 1443 2375 1494 horreorum
2418 1440 2794 1494 Portuensittm
2836 1441 2983 1511 (61),
3022 1442 3116 1510 qui
3174 1455 3404 1498 annona:

1841 1541 2140 1601 praeerant;
2191 1530 2568 1601 proCuratores
2610 1530 2809 1586 Portus
2840 1531 3109 1587 Ostiensis
3146 1532 3406 1585 exhibent
3445 1580 3453 1585 .

1842 1624 2005 1678 etiam
2039 1624 2275 1693 antiqua:
2314 1610 3082 1693 inScriptiones;sacerdotes
3125 1610 3404 1692 Serapidis

1843 1714 1992 1767 cultu
2029 1715 2366 1783 mancipatos
2391 1715 2623 1783 legimus
2656 1715 2710 1767 in
2752 1730 2916 1783 supra
2949 1715 3166 1768 laudata
3206 1713 3404 1768 inscri-

1843 1806 2027 1873 ptione
2069 1807 2211 1875 apud
2251 1804 2513 1875 Sponium
2538 1847 2555 1871 ,
2594 1806 2751 1876 cujus
2792 1807 3081 1877 genuinam
3113 1791 3398 1861 lectionem

1845 1900 2116 1953 immerito
2135 1900 2189 1952 in
2210 1899 2432 1953 dubium
2462 1910 2654 1952 vocant
2683 1899 2951 1964 nonnulli,
2973 1898 3065 1967 qui
3088 1912 3185 1966 pro
3209 1896 3398 1961 Porta,

1843 1989 2073 2044 Pontum
2113 1991 2396 2059 legendum
2444 2004 2564 2044 esse
2611 1997 2928 2051 autumant,
2978 1989 3128 2041 nullo
3179 1987 3399 2056 quidem

1841 2080 2070 2135 rationis
2104 2091 2401 2145 momento,
2435 2096 2546 2149 quo
2590 2080 2821 2149 primam
2872 2079 3066 2148 Sponii
3110 2079 3395 2132 lectionem

1840 2167 2234 2220 immutandam
2259 2182 2378 2221 esse
2406 2166 2581 2220 doctis
2602 2166 2735 2219 viris
2766 2166 3143 2235 persuadeant.
3164 2165 3396 2229 Etenim,

1842 2265 1901 2310 ut
1932 2256 2066 2311 scite
2090 2257 2342 2311 observat
2368 2254 2605 2312 Jacobus
2638 2255 2945 2311 Gronovius
2960 2257 3095 2327 (62),
3124 2256 3398 2327 Serapidis

1840 2349 2101 2417 templum
2154 2364 2281 2402 non-
2315 2350 2479 2404 modo
2506 2338 2668 2420 “apud
2736 2350 3064 2419 Sinopenses
3113 2352 3167 2405 in
3224 2352 3400 2409 Ponto

1839 2440 2065 2506 exstitit,
2090 2455 2276 2494 verum
2299 2443 2463 2495 etiam
2502 2458 2611 2495 non
2648 2442 2807 2513 longe
2850 2457 2881 2496 a
2919 2442 3086 2497 Portu
3128 2442 3398 2510 Romano,

1841 2534 2299 2603 quemadmodum
2338 2551 2402 2589 ex
2450 2534 2679 2589 Minutio
2714 2537 3067 2601 deducimus,
3107 2536 3201 2605 qui
3235 2536 3397 2590 Sera-
3438 2563 3443 2567 -

1840 2625 1982 2694 pidis
2012 2626 2363 2681 simulacrum
2394 2642 2503 2681 non
2549 2627 2708 2696 longe
2747 2626 2817 2681 ab
2868 2624 3020 2682 Ostia
3066 2641 3404 2681 commemo-

1842 2726 1948 2770 rat.

1912 2808 1969 2862 S.
1995 2806 2374 2878 Hieronymus,
2398 2807 2452 2860 in
2483 2806 2709 2876 epistola
2739 2806 2803 2860 ad
2821 2805 3226 2860 Pammachium
3260 2805 3397 2875 (63),

1840 2901 2242 2956 xenodocbium
2296 2900 2362 2955 ab
2416 2902 2522 2954 boc
2564 2899 2911 2955 nobilissimo
2951 2900 3070 2953 viro
3124 2900 3179 2953 in
3230 2898 3399 2954 Portu

1839 2990 2089 3046 Romano
2129 3001 2465 3045 exstructum
2522 2998 2809 3043 memorat.
2847 2988 2905 3043 S.
2937 2989 3259 3044 Ambrosius
3284 2990 3402 3060 (64)

1841 3098 2023 3151 operas
2048 3082 2359 3135 Porluenses
2383 3081 2649 3143 nominat,
2680 3088 2734 3133 et
2758 3080 3150 3151 Philostorgius
3170 3082 3308 3151 (65),
3332 3083 3401 3149 de

177 3168 419 3234 probare
440 3169 637 3235 poterit
661 3166 938 3238 Moynlus;
963 3169 1087 3236 quis
1113 3170 1257 3221 enim
1288 3171 1389 3224 sibi
1419 3172 1740 3239 persuadeat
1766 3204 1810 3263 ε
1836 3174 2057 3235 Alarico
2087 3174 2337 3242 loquens,
2372 3172 2465 3241 qui
2509 3170 2732 3226 Portum
2764 3170 3069 3227 Romanum
3114 3182 3170 3227 et
3207 3173 3428 3228 urbem'

174 3258 601 3313 celeberrimum
632 3260 816 3314 mundi
846 3270 1060 3329 portum
1085 3260 1151 3314 ad
1173 3276 1332 3329 quem
1364 3277 1588 3329 merces,
1619 3280 1740 3333 qua:

172 3362 246 3402 ex
276 3356 398 3401 toto
425 3348 694 3405 terrarum
723 3351 862 3405 orbe
908 3350 1137 3406 Romam
1182 3354 1418 3423 gentium
1464 3354 1737 3410 dominam

173 3441 709 3510 comportabantur,
739 3444 1006 3512 appellere
1039 3460 1261 3500 necesse
1302 3458 1438 3512 erat,
1478 3448 1614 3502 adeo
1654 3449 1739 3501 in-

172 3532 316 3587 eolis
348 3530 693 3596 destitutum,
741 3546 801 3588 ut
827 3534 1187 3604 paucissimos
1226 3546 1434 3591 tantum
1488 3526 1741 3595 mortales

171 3623 386 3677 aluisse
405 3624 734 3678 credendum
753 3626 867 3680 sit?
898 3625 954 3680 Si
977 3628 1229 3696 antiquos
1251 3629 1454 3697 lapides
1482 3630 1741 3699 tantisper

153 3713 543 3781 _consulimus,
571 3729 681 3767 non
703 3716 933 3784 exiguus
966 3719 1146 3772 statim
1170 3719 1449 3793 hominum
1483 3735 1740 3776 numerus

171 3805 432 3875 emergit,
467 3805 562 3877 qui
596 3805 829 3873 publicis
866 3808 1242 3862 tantummodo
1286 3808 1484 3864 Portus
1508 3808 1737 3865 Romani

173 3897 378 3952 usibus
399 3897 655 3951 destinati
686 3895 857 3961 fuere,
889 3914 1121 3967 quorum
1148 3916 1398 3969 corpora,
1425 3902 1538 3957 sive
1579 3904 1739 3958 colle-

172 3988 268 4057 gia
301 3988 355 4041 in
392 3988 587 4043 iisdem
617 3991 983 4046 monumentis
1005 4006 1144 4060 saepe
1172 4003 1562 4061 memorantur,
1596 3996 1745 4051 scili-

172 4088 264 4134 cet
303 4078 622 4146 fabrorum,
671 4082 1024 4151 tignariorum
1047 4122 1062 4147 ,
1110 4080 1499 4151 ferrariorum,
1534 4088 1743 4142 tabula-

171 4173 413 4236 riorum,
445 4187 783 4249 mensorum,
825 4172 1100 4228 fabrorum
1134 4176 1407 4230 navalium
1433 4178 1571 4248 (58),
1607 4180 1741 4233 alio-

173 4278 437 4332 rumque,
469 4279 701 4332 quorum
726 4280 1011 4319 numerum
1044 4279 1108 4318 ex
1132 4266 1200 4320 iis
1226 4267 1477 4339 colligere
1520 4268 1603 4324 fas
1633 4278 1737 4334 est,

251 4479 369 4547 (58)
409 4477 552 4546 Lege
585 4480 869 4537 Gruternm
902 4501 955 4554 p.
980 4484 1105 4551 437,
1141 4503 1291 4541 num.
1319 4488 1375 4554 2,
1411 4489 1501 4543 ubi
1538 4490 1590 4542 in
1621 4489 1735 4545 basi

1839 3266 2009 3335 ipsam
2046 3264 2403 3321 Portucnsem
2443 3266 2559 3320 dira
2596 3266 2880 3320 obsidione
2912 3264 3130 3328 devicit,
3162 3265 3278 3319 haec
3316 3266 3403 3320 in-

1802 3430 1803 3433 ,
1838 3357 1987 3426 quit:
2030 3373 2048 3406 ι
2080 3355 2180 3410 llic
2224 3373 2357 3412 vero
2403 3356 2693 3412 confestim
2724 3354 2949 3409 Portum
2988 3357 3293 3424 occupavit.
3341 3357 3401 3411 ld

1838 3438 2023 3503 autem
2053 3457 2137 3504 est
2180 3449 2480 3503 maximum
2530 3447 2725 3501 navale
2777 3446 2932 3500 urbis
2985 3444 3194 3510 Romae,
3223 3446 3401 3500 tribus

1838 3541 2105 3609 portubus
2129 3549 2407 3607 constans,
2426 3550 2479 3594 et
2510 3539 2563 3592 in
2583 3552 2761 3607 parvae
2796 3536 2946 3591 urbis
2970 3537 3397 3606 magnitudinem
3472 3545 3476 3549 '

1840 3640 2197 3705 extensum.»
2247 3620 2542 3699 Procopius
2571 3628 2707 3697 (66),
2746 3628 2841 3696 qni
2874 3628 3014 3682 bello
3054 3625 3285 3682 Gothico
3310 3628 3398 3681 in-

1818 3714 2028 3778 terfuit
2048 3734 2099 3779 et
2126 3723 2348 3777 Portum
2382 3720 2686 3773 Romanum
2709 3734 2947 3789 przesens
2974 3718 3159 3774 forsan
3191 3720 3396 3787 invisit,
3421 3706 3431 3725 “

1838 3812 2200 3867 disertissime
2228 3819 2455 3865 testatur
2484 3810 2629 3880 apud
2656 3811 2909 3866 eumdem
2935 3809 3125 3866 urbem
3165 3809 3337 3867 fuisse
3363 3827 3398 3866 a

1839 3903 2104 3958 Romanis
2147 3901 2516 3967 conditam”
2556 3901 2711 3958 Ultra
2765 3904 2909 3959 istud
2956 3918 3040 3969 os,
3103 3902 3171 3958 ad
3220 3904 3396 3972 ripam

1798 4047 1802 4049 .
1839 3994 2119 4066 (Tiberis)
2166 3992 2530 4048 condiderunt
2573 3997 2762 4055 urbem
2810 3996 2940 4051 olim
2974 3993 3229 4058 Romani,
3273 4009 3397 4063 qua:
3433 3984 3438 3993 ’

1838 4084 2110 4139 moenibus
2130 4082 2310 4137 cincta
2336 4092 2420 4138 est
2452 4084 2834 4149 validissimis,
2860 4084 3143 4150 ductoque
3172 4094 3202 4135 a
3233 4091 3395 4150 portu

1836 4173 2103 4227 vocabulo
2130 4171 2326 4227 Portus
2349 4174 2569 4229 dicitur.
2600 4174 2750 4229 Hanc
2771 4173 3049 4227 civitatem
3068 4186 3103 4226 a
3129 4170 3397 4241 Procopio

1836 4272 2192 4317 memoratam
2244 4264 2450 4321 inlimis
2505 4267 2668 4321 etiam
2725 4262 3062 4332 temporibus
3124 4264 3400 4319 exstitisse

1840 4489 2009 4546 maris
2026 4490 2181 4546 littus
2202 4490 2553 4546 simulacrum
2581 4486 2861 4551 habuisse,
2884 4486 3000 4556 ipse
3024 4487 3283 4543 Minutius
3308 4488 3395 4544 his

174 4542 375 4603 statim:
400 4542 625 4615 reperta:
644 4569 733 4606 an.
761 4542 1110 4610 l590'Ostizei
1149 4542 1399 4611 Iv'abruni.
1424 4542 1734 4614 Navalium.
1770 4542 1816 4599 ι)
1842 4542 2286 4615 «insignia?
2310 4542 2496 4612 eodem
2547 4557 2703 4610 loco:
2743 4575 2761 4607 ι
2802 4542 3055 4613 caecilius
3103 4542 3394 4613 simulacro

174 4619 428 4672 Partem.
480 4618 698 4685 Corpus.
760 4622 1015 4679 Fubrum.
1074 4625 1360 4679 Navalium
1410 4628 1633 4683 Ostiens.
1684 4639 1739 4683 et

88 4712 101 4715 -
172 4689 385 4765 ρηιιῦὶ.
407 4705 461 4741 n.
489 4687 511 4738 l
531 4706 561 4765 Ξ
588 4688 866 4765 Mensores.
898 4694 1030 4765 Nos.
1049 4696 1381 4765 I’ortuenses.
1403 4698 1541 4765 quib.
1570 4710 1732 4753 vetus.

174 4758 281 4837 fuit
328 4774 469 4837 cuin.
523 4756 857 4837 Caudicqriis
895 4764 1269 4837 Diuturnumq.
1315 4756 1619 4821 Luctantem.
1664 4768 1737 4824 De

174 4828 428 4905 collegiis
476 4831 858 4905 suprascriptis
902 4836 1065 4888 multa
1101 4828 1333 4902 reperies
1367 4838 1507 4905 apud
1540 4837 1734 4893 Grute-

175 4912 303 4969 rtnn
322 4898 579 4969 aliosque
608 4897 1018 4969 inscriptionum
1048 4897 1380 4958 collectores.

400 4965 530 5042 μη).
564 4981 671 5027 XIV,
691 4965 948 5042 diligit
972 4973 1076 5041 leg.
1104 4972 1130 5024 1
1152 5012 1169 5035 ,
1215 4987 1335 5042 pag.
1369 4972 1497 5041 291,
1535 4986 1667 5032 rom.
1691 4979 1736 5034 γ

171 5036 313 5105 edit.
354 5035 705 5105 Lipsiae'anni
740 5035 1000 5094 17M.'De
1024 5035 1347 5098 calidicariis
1380 5055 1433 5099 et
1462 5035 1733 5102 mensori-

172 5103 280 5186 bus
294 5103 687 5186 Port'uensibus
709 5107 884 5175 agitur
904 5110 1088 5186 eodem
1118 5111 1212 5165 lib.
1240 5129 1347 5175 xiv,
1374 5117 1454 5168 tit.
1472 5117 1524 5174 4.
1552 5118 1654 5186 leg.
1678 5120 1732 5183 9,

222 5189 305 5245 agr.
334 5174 464 5245 200.
497 5177 587 5230 ubi
624 5174 881 5245 legeque
910 5179 1017 5233 hoc
1054 5179 1173 5234 loco
1200 5190 1253 5236 et
1290 5174 1417 5238 alibi
1453 5202 1484 5240 a
1527 5174 1734 5243 Goiho;

196 5244 335 5296 redo
370 5243 715 5299 adnotantur.

247 5312 367 5379 (60)
388 5311 465 5391 λιι
484 5314 759 5380 Paratitl.,
781 5315 1010 5391 lib.__xlv,
1042 5316 1196 5391 tit.l,
1213 5320 1397 5391 logei,
1421 5324 1486 5377 de
1516 5326 1731 5388 suariis.

172 5382 475 5465 pecuariis.
509 5386 1003 5465 ct'suscepto_rjbus
1030 5388 1161 5455 vini,
1186 5382 1508 5464 (celerisque
1535 5382 1734 5465 corpo;

173 5453 506 5525 ratis,»ton_t.
548 5452 614 5514 Ὺ,
638 5452 915 5525 pag—188.

248 5519 672 5600 (uijnkibtxtv,
707 5519 797 5600 iit.
830 5527 920 5589 15,
954 5526 1053 5600 leg.
1092 5528 1142 5600 1,
1189 5530 1241 5583 in
1282 5532 1469 5585 eodem
1503 5542 1633 5587 tom.
1664 5535 1731 5599 ν,

174 5588 461 5713 mihiea.
492 5588 624 5646 Vide
649 5588 810 5650 etiam
844 5588 966 5665 qua:
992 5588 1093 5652 ιῑοε
1118 5588 1173 5652 in
1214 5603 1335 5656 loco
1369 5588 1731 5662 Gothofredus

176 5675 214 5717 ιι
227 5675 422 5716 28114111..

247 5730 463 5804 (62)__|n
497 5730 638 5804 uotis
674 5732 741 5787 ad
787 5734 1007 5789 citatum
1052 5738 1231 5793 locum
1277 5729 1482 5796 Minutii
1513 5742 1727 5804 Felicis.

180 5800 211 5874 ί
256 5803 317 5857 2.
366 5799 677 5868 Serapidem
724 5816 833 5857 non
860 5805 1015 5875 longe
1064 5823 1096 5862 a
1138 5807 1307 5871 Porlu
1369 5809 1615 5866 Romano
1663 5799 1729 5868 ad

1846 4628 2122 4699 Serapidis
2151 4632 2427 4691 denotato,
2463 4635 2521 4679 ut
2561 4626 2755 4699 vulgus
2792 4629 3201 4696 superstitiosus
3235 4628 3389 4693 solet,

1841 4697 2068 4754 manum
2089 4703 2167 4752 ori
2203 4700 2519 4767 admorens,
2550 4697 2798 4751 osculum
2826 4699 2984 4767 labiis
3021 4699 3234 4767 pressit.
3254 4715 3284 4767 γι

1915 4769 2025 4840 (63)
2067 4768 2234 4840 Epist.
2262 4766 2353 4840 66,
2377 4766 2530 4840 juxta
2558 4768 2849 4840 editionem
2874 4765 3388 4840 Vallarsii,_p.§99,

1841 4833 2165 4910 Op'erltoin.
2193 4838 2233 4899 ι,
2265 4833 2404 4910 edit.
2448 4833 2677 4910 Veronae
2714 4839 2843 4910 anni
2879 4837 3049 4890 1734:
3088 4834 3110 4884 ι’
3135 4834 3310 4910 Audio
3340 4846 3393 4888 te

1842 4904 2234 4964 xénodocbium
2264 4905 2317 4958 in
2347 4904 2514 4959 Portu
2559 4909 2753 4962 fecisse
2792 4906 3057 4965 Romano,
3100 4912 3153 4956 et
3185 4905 3390 4972 virgam

1841 4981 1909 5034 de
1934 4979 2125 5033 arbore
2150 4976 2426 5029 Abraham
2457 4978 2511 5030 in
2550 4978 2793 5031 Ausonio
2814 4977 3085 5044 plantasse
3117 4972 3334 5044 littore;
3367 4994 3387 5026 ι

1840 5050 1893 5101 id
1941 5048 2101 5101 etiam
2137 5046 2329 5114 repetit
2370 5046 2529 5115 epist.
2574 5048 2663 5114 76,
2695 5049 2763 5101 ad
2804 5042 3075 5101 Oceanum
3113 5042 3181 5096 de
3217 5056 3395 5099 morte

1841 5117 2092 5180 Fabiolaz,
2127 5126 2256 5169 tom.
2288 5119 2383 5183 cit,
2415 5134 2466 5185 p.
2494 5118 2619 5171 461.

1911 5185 2021 5256 (64)
2060 5185 2119 5238 ln
2172 5186 2330 5254 epist.
2375 5188 2442 5256 ad
2492 5185 2807 5251 Eusebium,
2840 5198 2962 5253 quae
3006 5191 3091 5256 est
3131 5185 3393 5239 num-54

1835 5253 2011 5325 juxta
2057 5253 2348 5311 editionem
2402 5255 2758 5312 Parisiensem
2808 5253 3210 5325 monachorum
3270 5258 3387 5325 0rd.

1842 5321 1899 5380 Β.
1941 5324 2211 5397 Benedicti
2260 5343 2289 5380 e
2334 5328 2752 5397 congregatione
2795 5324 2854 5397 S.
2882 5321 3055 5397 Mauri
3095 5341 3184 5378 an.
3230 5323 3389 5397 i690,

1838 5397 1995 5461 Oper.
2025 5404 2155 5449 tom.
2181 5395 2245 5459 ll,
2274 5413 2326 5467 p.
2346 5392 2497 5467 ψσὸ
2516 5392 2583 5450 z'c
2611 5395 2899 5467 Apparitor
2920 5392 3269 5463 praafecturre,
3296 5394 3389 5463 qui

1837 5474 2089 5536 proptcr_
2106 5463 2300 5536 operas
2346 5463 2670 5521 Portuenses
2694 5463 2972 5520 ’oﬁcnsam
3023 5472 3387 5529 contraxerat,
3454 5494 3459 5500 -

1834 5532 2030 5606 inutili
2059 5532 2226 5606 Portu
2260 5538 2547 5606 navigat.__i
2662 5598 2663 5601 η

1870 5603 2025 5726 ἰ(65)
2057 5601 2453 5728 ἕξειεεὶαειὶἱιε
2484 5604 2630 5661 Hist.
2661 5601 2759 5661 lib.
2805 5623 2903 5672 xu,
2934 5622 3084 5661 num.
3120 5606 3173 5671 5,
3201 5622 3252 5676 p.
3283 5604 3389 5660 5H

1871 5692 1883 5726 ι
1914 5690 1942 5727 a
1972 5715 1986 5727 .
2026 5690 2056 5728 e
2097 5693 2111 5728 ι
2142 5717 2157 5728 .

1837 5684 1986 5729 Cttat.
2026 5684 2157 5730 edit.

1835 5745 2017 5870 θάξξίδ)
2058 5745 2133 5811 De
2160 5746 2313 5804 bello
2342 5744 2558 5803 Gothico
2585 5747 2680 5805 lib.
2708 5764 2748 5818 ι,
2785 5763 2904 5820 cap.
2936 5745 3028 5816 26,
3052 5763 3106 5819 p.
3151 5746 3211 5801 l8
3236 5746 3385 5800 citat.
