4078 6348
703 423 803 488 se“:

2074 432 2129 485 s.
2197 403 2546 486 lltPPOLYTl

3773 430 3874 484 564

700 547 996 601 secundum
1035 562 1235 601 morem
1268 547 1617 617 antiquitatis.
1662 547 1950 618 Respondit
1975 548 2205 604 Maximu

2307 549 2571 609 ,πλανᾶτε
2612 548 2734 610 τοὺς
2773 544 3117 623 ἀνθρώπους,
3161 547 3242 600 ίνα
3274 547 3349 618 μὴ
3379 545 3732 600 πιστεύσωσιν
3779 547 3877 600 αὑ-

701 637 978 706 presbyter
1017 645 1069 690 et
1114 624 1429 692 dixitzvNon
1461 655 1560 693 nos
1605 641 1913 693 seduc‘tmus
1947 639 2234 702 homines;

693 728 792 785 sed
825 736 1082 796 quantum
1107 730 1275 798 gratia
1303 728 1393 781 Dei
1423 730 1585 782 donat
1619 745 1712 798 per
1748 730 1919 799 ipsum
1951 725 2236 785 Dominum

700 827 940 869 nostrum
958 815 1138 870 Jcsum
1163 817 1432 872 Christum
1478 819 1767 874 liberamus
1807 820 1871 878 de
1917 835 2099 875 errore
2127 837 2236 875 sa:-

701 907 842 968 culi;
890 916 941 959 et
991 909 1360 977 maqcipamus
1405 910 1612 962 nomini
1666 919 1854 963 sancto
1899 909 2040 978 ejus.
2085 909 2238 965 Tunc

698 992 958 1050 Romulus
985 997 1151 1050 dixit:
1200 999 1292 1051 lsti
1342 999 1558 1064 quidem
1608 999 1753 1066 digni
1789 1008 1915 1052 sunt
1942 1009 2146 1065 morte;
2184 1009 2236 1054 et

689 1085 853 1150 jussit
899 1097 1144 1141 sanctum
1186 1087 1497 1152 Quiriacum
1525 1089 1855 1157 episcopum,
1895 1099 1947 1144 et
1987 1099 2232 1146 sanctum

693 1169 981 1231 Maximum
1011 1177 1396 1246 presbyterum,
1423 1185 1475 1243 et
1500 1177 1819 1233 Archelaum
1839 1180 2147 1246 diaconum,
2177 1194 2230 1236 et

689 1280 877 1323 omnes
931 1266 1123 1318 milites
1187 1267 1252 1319 ad
1306 1283 1488 1320 arcum
1552 1277 1673 1322 ante
1742 1270 2010 1340 theatrum
2063 1274 2234 1340 capite

631 1421 634 1424 ι
689 1351 840 1404 credi.
879 1353 1115 1416 Quorum
1145 1369 1366 1421 corpora
1390 1357 1551 1424 jussit
1575 1357 1767 1424 jactari
1793 1357 1847 1410 in
1875 1370 2039 1412 mare.
2086 1361 2230 1424 Quos

688 1440 876 1494 beatus
907 1440 1166 1496 Eusebius
1200 1440 1439 1514 collegit;
1491 1455 1544 1499 et
1592 1447 1656 1500 ad
1693 1447 1839 1500 littus
1868 1449 2050 1514 maris,
2095 1460 2147 1502 et
2178 1450 2228 1502 in

686 1544 878 1597 campo
907 1532 1183 1586 abscondit
1207 1542 1260 1588 et
1293 1535 1530 1603 sepelivit
1562 1537 1713 1604 juxta
1746 1534 1937 1591 Urbem
1970 1539 2021 1593 in
2050 1548 2230 1606 crypta

662 1619 771 1686 [via
813 1617 1074 1675 Ostiense.
1107 1621 1436 1688 Taurinum,
1470 1623 1828 1678 Herculanum
1871 1627 2030 1679 etiam
2068 1624 2228 1679 Portu

687 1709 930 1764 ltomano
975 1711 1274 1765 abscondit.
1305 1711 1525 1765 Beatum
1567 1712 1908 1767 Theodorum
1957 1716 2229 1768 tribunum

681 1799 860 1864 posuit
887 1800 942 1853 in
975 1802 1248 1855 mausoleo
1283 1817 1416 1873 suo;
1457 1812 1510 1856 et
1539 1817 1727 1856 omnes
1757 1804 1892 1856 alios
1918 1804 2147 1872 collegit,
2180 1815 2231 1859 et

2336 638 2487 701 τούς;
2548 636 2836 708 Ἀπεκρίθη
2867 638 2895 688 ὁ
2943 639 3203 709 μακάριος
3239 637 3481 708 Μάξιμος
3517 637 3876 706 πρεσϐύτερος

2337 725 2582 782 καὶεῖπεν
2597 745 2609 757 ·
2651 729 2836 797 Ἡμεῖς
2856 729 2950 798 μὲν
2965 730 3064 781 οὐκ
3083 725 3490 798 ἀποπλανῶμεν
3526 729 3650 789 τοὺς
3673 724 3876 795 ἀνθρώ-

2326 836 2487 883 .πους,
2522 817 2651 870 ἀλλά
2681 817 2874 887 μᾶλλον
2897 818 2983 870 διὰ
3011 819 3107 887 τῆς
3133 818 3347 889 χάριτος
3371 815 3462 869 τοῦ
3495 817 3696 886 Κυρίου
3719 814 3874 886 ἡμῶν

2347 910 2516 980 ,ιησοῦ
2543 908 2773 980 Χριστοῦ
2805 907 3135 979 λυτρούμεθα
3164 910 3363 970 πάντας
3393 908 3499 960 ἀπὸ
3528 908 3623 978 τῆς
3667 909 3876 977 πλάνης

2333 1000 2438 1054 τῶν
2468 998 2712 1053 εἰδώλων.
2747 998 2876 1050 Τότε
2907 999 3176 1070 ὀργισθεὶς
3204 998 3620 1070 ὁ(παράνομος>
3664 997 3874 1068 Ῥώμυ-

2334 1091 2420 1153 λος
2441 1087 2619 1142 εἷπεν’
2667 1082 2822 1142 Οὗτοι
2869 1087 2965 1158 μὲν
3005 1085 3096 1142 οὖν
3129 1088 3268 1155 ἀξιοι
3305 1088 3528 1141 θανάτου
3563 1089 3730 1141 είσίν·
3778 1088 3876 1140 καὶ

2333 1181 2578 1232 ἐκέλευσε
2613 1180 2704 1232 τὸν
2748 1168 3008 1248 μακάριον
3046 1178 3286 1231 διάκονον
3351 1178 3638 1249 ’Δρχέλαον
3673 1180 3877 1232 ἀπενε-

2332 1270 2519 1338 χθῆναι
2549 1271 2628 1332 είς
2645 1270 2742 1336 τὴν
2764 1268 3013 1337 καμάραν
3045 1268 3342 1339 ἔμπροσθεν
3373 1267 3463 1322 τοῦ
3489 1268 3711 1340 θεάτρου
3731 1309 3745 1333 ,
3774 1270 3881 1323 κά.-

2333 1362 2475 1412 κεῖσε
2505 1358 2800 1427 κεφαλικὴν
2818 1359 3081 1427 τιμωρίαν
3100 1359 3422 1428 ὑποστῆναι,
3455 1359 3547 1411 καὶ
3578 1360 3876 1430 ἐτραχηλο-

2331 1445 2541 1515 κοπήθη
2574 1447 2632 1498 ὲν
2660 1445 2805 1513 αὺτῷ
2829 1443 3098 1514 τῷτόπῳ.
3126 1446 3226 1498 Τὸν
3253 1445 3308 1498 δὲ
3336 1448 3596 1517 μακάριον
3623 1447 3878 1516 Μάξιμον

2330 1535 2607 1587 ἐκέλευσεν
2642 1533 2897 1606 βληθῆναι
2926 1536 2980 1586 ὲν
3004 1533 3080 1603 τῷ
3106 1534 3473 1605 δεσμωτηρίῳ.
3489 1536 3618 1607 Τότε
3638 1538 3665 1586 ὁ
3695 1536 3878 1603 μακά-

2334 1640 2442 1692 ριος
2463 1623 2716 1686 Εὐσέϐιος
2736 1627 2764 1675 ὀ
2786 1611 3147 1692 πρεσϐύτερος
3169 1624 3408 1689 συνέλεξε
3429 1625 3616 1687 νυκτὸς
3638 1625 3696 1676 τὸ
3712 1625 3878 1692 σῶμα

2329 1709 2417 1761 τοῦ
2454 1710 2716 1780 μακαρίου
2759 1708 3064 1780 ’Δρχελάου,
3087 1711 3180 1762 καὶ
3208 1710 3361 1764 τοῦτο
3379 1711 3676 1778 κατέθαψεν
3707 1715 3762 1763 ἐν
3794 1710 3877 1780 τῷ

2330 1801 2512 1869 πεδίῳ.
2541 1801 2658 1852 Ἔτι
2701 1801 2798 1870 μὲν
2829 1801 2919 1854 καί
2945 1800 2994 1854 οί
3042 1800 3389 1869 στρατιῶται,
3424 1803 3474 1854 oi
3511 1802 3598 1854 διὰ
3640 1801 3728 1853 τοῦ
3768 1818 3878 1870 μα-

679 1888 857 1954 posuit
898 1903 991 1942 eos
1027 1889 1182 1957 juxta
1225 1872 1449 1958 corpora
1501 1899 1806 1944 sanctorum
1848 1890 2084 1957 Quiriaci
2115 1893 2208 1961 epi‘

2335 1890 2519 1960 καρίου
2551 1889 2798 1960 Μαξίμου
2824 1889 3201 1954 πιστεύσαντες
3221 1890 3296 1961 τῷ
3322 1891 3536 1962 Χριστῷ
3553 1931 3569 1955 ,
3595 1891 3670 1960 τῷ
3699 1892 3877 1962 ὁμοίῳ

677 1979 822 2047 scopi
854 1987 908 2032 et
933 1979 1148 2035 Maximi
1179 1982 1492 2051 presbyteri.

2331 1981 2542 2050 θανάτῳ
2566 1980 2970 2050 ἐτελειώθησαν.
3023 1981 3277 2046 Ἀκούσας
3311 1983 3367 2035 δὲ
3400 1983 3570 2036 ταῦτα
3599 1984 3626 2035 ὁ
3655 1982 3874 2052 (παρά-

675 2073 864 2143 νομος)
905 2070 1170 2142 Ῥώμυλος
1224 2072 1547 2143 προσέταξεν
1599 2075 1733 2128 ὥστε
1781 2075 1904 2137 τοὺς
1956 2075 2142 2142 ἁγίους
2207 2075 2502 2146 μάρτυρας,
2557 2073 2800 2144 Μάξιμον
2845 2072 2934 2124 τὸν
2966 2073 3326 2145 πρεσϐύτερον
3353 2077 3446 2128 καὶ⁷
3479 2076 3747 2143 κυριακὸν
3777 2075 3876 2129 τὸν

673 2166 961 2218 ἐπίσκοπον
1011 2169 1068 2218 ὲν
1099 2166 1173 2236 τῷ
1199 2166 1548 2236 δεσμωτηρίῳ
1581 2167 1674 2231 τὰς
1711 2169 1945 2237 κεφαλὰς
1982 2169 2385 2239 ἀποτμηθέντας
2442 2167 2574 2237 (36),
2636 2167 2704 2220 τὰ
2752 2166 2950 2220 τούτων
2971 2165 3191 2236 σώματα
3222 2169 3279 2221 ὲν
3324 2171 3388 2240 τῇ
3423 2168 3660 2242 θαλάσσῃ
3702 2167 3878 2237 ῥιφῆῖρ

672 2275 778 2312 ναι.
823 2259 956 2326 Περὶ
997 2253 1070 2311 ὧν
1101 2261 1133 2311 ὁ
1181 2245 1440 2330 μακάριος
1489 2261 1742 2324 Εὐσέϐιος
1793 2266 1823 2316 ὁ
1866 2263 2225 2335 πρεσϐύτερος
2285 2262 2455 2316 ταῦτα
2507 2261 2752 2332 εὑρηκὼς
2797 2261 3068 2328 συνέλεξεν
3117 2263 3410 2332 ἐπιμελῶς,
3462 2263 3555 2317 καὶ
3609 2263 3729 2333 πρὸ⁶
3786 2263 3876 2335 τῷ

672 2349 897 2420 αἰγιαλῷ
935 2351 1032 2419 τῆς
1097 2351 1365 2422 θαλάσσης
1419 2354 1478 2407 ἐν
1535 2354 1611 2424 τῷ
1633 2354 1796 2424 πεδίῳ
1821 2356 2041 2424 πλησίον
2082 2357 2180 2424 τῆς
2227 2355 2508 2427 ὐστησίας
2551 2353 2847 2424 κατέθαψεν
2901 2355 3104 2418 πόλεως
3151 2355 3281 2426 (57).
3329 2357 3514 2410 Ἀτινα
3550 2357 3642 2410 καὶ
3682 2358 3873 2419 ,κατέ-

671 2441 790 2504 Osco
815 2440 1036 2509 ἔγγιστα
1059 2441 1229 2510 αὐτῆς
1251 2443 1308 2495 ὲν
1339 2446 1403 2513 τῇ
1435 2450 1683 2516 κρυπτῇ,
1729 2450 1793 2516 τῇ
1826 2447 1928 2516 πρὸ
1961 2445 2022 2510 ἒξ
2055 2445 2205 2498 είδῶν
2242 2445 2585 2514 Αὐγούστων,
2630 2449 2687 2500 ὲν
2718 2451 2783 2518 τῇ
2841 2446 2942 2516 ὁδῷ
2989 2447 3083 2517 τῆς
3141 2447 3438 2518 Ὀστησίας.
3508 2448 3768 2518 Ταυρῖνον
3805 2446 3872 2501 δὲ

670 2535 762 2586 καὶ
803 2533 1169 2604 Ἑρκουλιανὸν
1200 2537 1257 2587 ὲν
1279 2537 1356 2606 τῷ
1383 2538 1570 2608 Πὸρτῳ
1609 2537 1822 2609 Ῥώμης
1879 2527 2232 2610 κατέκρυψεν.
2271 2539 2423 2593 Μετά
2475 2542 2734 2612 τετάρτην
2763 2539 3043 2611 τοιγαροῦν
3108 2539 3309 2610 ἡμέραν
3348 2533 3501 2609 εὗρεν
3536 2540 3604 2592 τά
3639 2539 3874 2608 σώματα
3911 2547 3920 2555 “

664 2626 772 2678 τῶν
803 2624 999 2680 λοιπῶν
1019 2627 1184 2696 ἁγίων
1221 2630 1276 2683 ὲν
1308 2630 1382 2700 τῷ
1437 2632 1665 2703 αίγιαλῷ
1723 2633 1823 2703 τῆς
1847 2633 2117 2702 θαλάσσης
2143 2631 2386 2702 κείμενα,
2421 2635 2512 2686 καὶ
2538 2633 2626 2685 τὸν
2665 2633 2927 2703 μακάριον
2974 2629 3242 2702 Θεόδωρον
3287 2631 3376 2684 τὸν
3418 2631 3688 2702 τριϐοὖνον
3728 2646 3876 2681 κατ-

666 2719 816 2772 ἓθετο
866 2723 922 2773 ὲν
953 2721 1028 2792 τῷ
1062 2723 1266 2794 τρούλῳ
1289 2725 1396 2797 (38)
1421 2745 1434 2757 ’
1474 2728 1619 2797 Ἀμα
1643 2728 1698 2780 δε
1734 2728 1859 2791 τοὺς
1907 2729 2122 2790 λοιποὺς
2143 2727 2345 2787 πάντας
2377 2726 2669 2791 συνέλεξεν,
2695 2726 2788 2779 καὶ
2833 2725 3002 2779 ταῦτα
3035 2724 3255 2794 πλησίον
3300 2724 3407 2777 τῶν
3459 2723 3625 2790 ἁγίων
3676 2721 3877 2792 σωμά-

665 2828 774 2866 των
822 2815 914 2866 καὶ
971 2818 1368 2888 συμμαρτύρων
1399 2820 1670 2890 Κυριακοῦ
1722 2838 1780 2874 τε
1825 2822 1918 2874 καὶ
1959 2821 2207 2891 Μαξίμου
2246 2817 2515 2872 κατέθετο.

734 2903 818 2958 lll.
857 2904 985 2959 Post
1008 2907 1122 2962 dies
1151 2913 1385 2978 quinque
1405 2912 1564 2980 jussit
1589 2914 1688 2966 sibi
1716 2912 1970 2968 Romulus
1997 2915 2225 2967 beatam.

663 2995 863 3046 Auram
897 2999 1292 3062 reprasentari:
1341 3016 1460 3069 qua:
1483 3017 1604 3056 cum
1634 3003 1872 3059 affuisset
1898 3005 2205 3073 aspectibus

2379 2911 2436 2962 Γ.
2463 2909 2616 2983 Μετά
2630 2905 2721 2962 οὖν
2739 2911 2843 2980 ὴμὲ
2852 2927 2947 2980 ρας
2964 2910 3120 2963 πέντε
3147 2899 3420 2960 ἐκέλευσεν
3434 2909 3461 2960 ὁ
3486 2906 3844 2976 (δυσσεϐέστα
3866 2945 3870 2948 -

2307 2995 2430 3067 τος)
2473 2997 2739 3066 Ῥώμυλος
2765 2999 3094 3068 παραστῆναι
3126 2997 3270 3067 αὑτῴ
3289 2996 3385 3067 τὴν
3413 2998 3679 3067 μακαρίαν
3707 2998 3871 3068 Χρυ-

670 3077 908 3144 Romuli,
943 3081 1180 3146 gaudens
1210 3084 1342 3136 dixit
1366 3087 1431 3139 ad
1458 3101 1579 3139 eum
1614 3106 1625 3140 :
1660 3087 1837 3153 Miser,
1873 3090 2001 3157 quid
2025 3090 2200 3157 perdi-

2307 3089 2436 3158 σῆν..
2468 3089 2530 3140 Ἠ
2556 3089 2684 3155 ἁγία
2713 3090 2787 3151 ὡς
2805 3090 3046 3158 παρέστη
3061 3088 3136 3161 τῷ
3154 3089 3396 3158 ἡγεμόνι,
3421 3090 3677 3160 χαίρουσα
3703 3083 3870 3140 εἶπεν

664 3170 787 3222 disti
810 3169 924 3223 dies
956 3171 1113 3224 tuos?
1136 3187 1399 3241 cognosce
1436 3186 1726 3230 creatorem
1751 3187 1900 3232 tuum
1926 3178 2198 3234 Christum

664 3260 856 3314 Filium
883 3260 996 3328 Dei,
1030 3272 1083 3316 et
1117 3264 1224 3318 noli
1259 3264 1480 3318 adorare
1513 3265 1714 3334 lapides
1756 3269 1839 3320 vel
1883 3284 1958 3324 res
1983 3281 2076 3324 aut
2104 3288 2200 3326 au-

662 3367 780 3404 rum
836 3353 916 3408 vel
958 3364 1276 3422 argentum;
1327 3355 1420 3409 sed
1466 3357 1630 3410 adora
1687 3357 1970 3412 Dominum
2017 3359 2198 3417 Jesum

659 3443 932 3496 Christum
966 3443 1318 3512 crucifixum;
1368 3447 1460 3515 qui
1497 3449 1793 3514 resurrexit
1820 3451 1973 3502 tertia
2015 3450 2118 3515 die,
2147 3461 2200 3506 et

659 3535 902 3588 ascendit
935 3536 1205 3600 incuties;
1231 3535 1352 3590 inde
1386 3546 1642 3594 venturus
1679 3551 1760 3592 est
1785 3539 2032 3607 judicare
2051 3541 2200 3597 vivos

659 3632 707 3671 «ι
739 3637 977 3678 mortuos
1010 3638 1064 3679 et
1108 3627 1361 3680 saeculum
1401 3643 1495 3696 per
1552 3630 1746 3698 ignem.
1783 3631 1880 3685 Cui
1928 3634 2202 3699 respondit

661 3710 953 3766 Romulus:
977 3713 1134 3769 Modo
1156 3716 1362 3770 videbis
1380 3718 1651 3772 Christum
1677 3728 1848 3784 tuum,
1889 3736 2046 3787 quem
2078 3737 2196 3775 cre-

658 3801 765 3864 dis,
812 3803 856 3855 si
903 3819 1005 3856 non
1045 3805 1432 3860 sacriﬁcaveris
1482 3808 1604 3861 diis.
1636 3807 1796 3862 Beata
1842 3809 1987 3862 Aura
2020 3810 2193 3864 dixit:

659 3891 803 3946 Bene
827 3893 1028 3960 dixisti,
1061 3897 1244 3963 miser,
1291 3907 1344 3952 et
1373 3899 1660 3966 aliquando
1706 3900 1972 3967 protulisti
2005 3901 2197 3954 verita-

653 4053 744 4103 νεῖ
769 4051 1053 4102 prtecortem
1102 4048 1308 4091 sanctos
1338 4038 1457 4090 duci
1476 4037 1656 4104 jussit,
1682 4037 1942 4105 praconis
1969 4052 2096 4090 voce
2118 4038 2200 4089 in-

656 4108 920 4157 clamante
951 4107 1137 4160 ductos
1163 4122 1300 4176 esse
1330 4108 1705 4176 intelligimus;
1747 4107 1890 4174 quod
1947 4107 1998 4158 in
2051 4107 2200 4176 Actis

623 4213 626 4218 .
659 4175 1131 4244 proconsularibus
1157 4174 1605 4244 desideratttr'ap.
1649 4175 1895 4228 Ruinart.
1917 4216 1932 4239 ,
1963 4191 2016 4243 p.
2052 4174 2118 4228 78
2148 4185 2201 4228 et

656 4245 724 4296 80
747 4244 831 4294 ed.
865 4243 986 4294 Par.
1040 4243 1343 4298 Studiosius
1389 4255 1530 4297 certe
1553 4243 1861 4298 Christiani
1908 4254 2198 4312 praesentes

657 4318 980 4381 exceperunt
1027 4321 1317 4380 martyrum
1395 4314 1568 4374 Acta,
1630 4329 1790 4380 quam
1849 4324 2199 4381 exceptores;

657 4396 829 4446 caque
881 4380 1273 4447 animadversio
1319 4391 1497 4434 tuetur
1545 4381 1675 4434 Acta
1728 4380 2202 4447 proconsularibus

657 4451 880 4501 tusiora.
911 4446 967 4499 In
992 4448 1215 4519 episttﬂa
1244 4450 1310 4503 de
1341 4451 1594 4517 martyrio
1619 4449 1675 4501 S.
1711 4449 1986 4519 Polycarpi
2018 4453 2203 4505 sedulo

653 4527 737 4572 est
759 4519 1072 4570 adnotatum
1097 4535 1110 4569 :
1146 4515 1286 4568 Tunc
1311 4533 1428 4569 voce
1450 4515 1701 4584 pra'conis
1732 4519 1788 4568 in
1810 4515 1986 4570 'arena
2035 4524 2200 4572 media

658 4599 735 4638 ter
762 4588 1046 4639 clamatum
1067 4594 1178 4646 est;
1208 4585 1261 4637 in
1291 4585 1514 4638 Cra-co:
1550 4586 1766 4652 Πέμψαι
1803 4603 1860 4637 τε
1897 4587 1985 4637 τὸν
2011 4588 2199 4640 ἑαυτοῦ

658 4604 735 4638 ter
762 4604 1046 4639 clamatum
1067 4604 1178 4646 est;
1208 4604 1261 4637 in
1291 4604 1514 4638 bra-co:
1551 4604 1622 4635 ιιε
1669 4604 1766 4652 ψαι
1803 4604 1860 4637 τε
1897 4604 1925 4637 τ

653 4659 943 4728 κήρυκα-έν
976 4654 1122 4728 μέσῳ
1147 4652 1222 4721 τῷ
1253 4653 1445 4728 σταδίῳ
1471 4604 1698 4728 impoti
1730 4654 1925 4728 τρίτον.

724 4721 834 4793 ('36)
867 4721 1312 4793 Ostiensibusvel
1337 4721 1557 4793 paganis
1587 4721 1990 4793 acceptissisz
2024 4721 2191 4776 fuisse

654 4790 861 4863 oportet
886 4790 1576 4863 CyriacutnetMaximum.
1609 4807 1746 4858 quos
1787 4793 1906 4845 ideo
1936 4790 2199 4863 Romulus

655 4862 706 4910 in
733 4860 944 4915 carcere
972 4860 1342 4926 necarijussit,
1361 4875 1426 4910 ne
1447 4874 1549 4926 qua
1569 4863 1798 4913 oriretur
1817 4862 2024 4915 seditio.
2057 4860 2196 4911 Mar-

658 4939 796 4999 tyres
817 4931 1030 4998 quidem
1062 4928 1417 4983 sanctissimis
1441 4929 1700 4992 moribus,
1726 4932 1923 4999 optime
1936 4931 2000 4983 de
2023 4930 2197 4982 omni-

659 4997 753 5044 [υς
784 4997 1041 5053 mi-ruisse
1071 5007 1276 5053 certum
1306 5006 1407 5049 est.

725 5063 832 5126 (57)
866 5065 1064 5121 Horum
1109 5081 1340 5135 corpora
1367 5079 1489 5118 cum
1519 5065 1637 5118 aliis
1687 5065 1808 5120 MM.
1867 5064 2191 5120 Ostiensium

655 5128 856 5183 PJI'IINB
893 5139 1154 5189 asservari
1190 5128 1340 5189 aiunt
1377 5135 1714 5189 Bollandiani
1760 5138 1824 5190 ad
1875 5137 2016 5190 diem
2059 5151 2189 5190 thu

652 5200 906 5273 Augusti,
931 5211 966 5273 t_.
1004 5205 1087 5268 IV,
1115 5222 1166 5273 p.
1199 5203 1320 5258 566.
2044 5217 2048 5221 ’

723 5268 832 5335 (38)
869 5266 1030 5341 Unico
1050 5266 1082 5323 λ
1111 5266 1172 5327 ea
1200 5291 1300 5327 vox
1333 5273 1562 5341 primum
1597 5275 1830 5327 occurrit
1852 5273 2038 5329 Grazco
2079 5289 2190 5326 scr-

653 5353 830 5412 mon‘c,
859 5345 922 5412 at_
960 5335 1141 5412 Latina
1187 5335 1414 5412 origine,
1469 5341 1730 5410 siquidem
1767 5359 1796 5396 a
1845 5354 1962 5395 trua
2013 5343 2184 5412 Latini

653 5405 863 5456 trullam
900 5404 1140 5480 fecerint,
1177 5422 1236 5463 ut
1274 5404 1459 5464 ’νηί-ιο
1497 5404 1626 5480 ait;
1651 5413 1762 5464 sive
1810 5416 1986 5480 potius
2022 5411 2185 5464 Graeci

651 5489 809 5529 suum
839 5473 1082 5543 τρυϐλίον
1111 5478 1179 5528 ita
1205 5482 1556 5533 immutarint.
1590 5479 1685 5532 llic
1713 5473 2184 5546 pro-monumento

650 5555 1020 5617 t-mtrameruto
1041 5548 1296 5612 accipitur
1319 5548 1582 5602 Theodori
1611 5551 1832 5609 tribuni,
1855 5553 1945 5617 qui
1975 5551 2182 5604 cohorti

652 5615 876 5665 militum
899 5612 1325 5687 Ustiaaprzeerat,
1351 5619 1557 5685 sibique
1581 5627 1858 5685 paraverat
1875 5612 2180 5687 Sepulcrum

649 5699 907 5750 paganus,
940 5683 1081 5749 quod
1114 5694 1318 5750 martyr
1346 5683 1591 5739 sacravit;

2284 5562 2447 5600 ιη...

2282 5617 2470 5673 stitwre
2509 5619 2693 5670 rideris
2719 5657 2731 5670 .
2754 5659 2763 5669 .
2786 5660 2794 5671 .

2281 5683 2556 5751 gloriarer,
2590 5703 2689 5739 non
2723 5688 2969 5739 dixissem
2997 5699 3014 5734 .°
3045 5684 3239 5736 Christi
3260 5686 3451 5738 ancilla
3466 5683 3599 5747 sani,
3635 5687 3725 5739 sed
3753 5688 3838 5737 di-

2299 3179 2462 3249 αὑτῷ·
2511 3179 2707 3245 Ἅθλιε,
2742 3180 2879 3233 ίνατί
2905 3179 3150 3242 ἀπόλλεις
3170 3184 3186 3200 ⁸
3216 3179 3314 3243 τὰς
3342 3180 3550 3249 ἡμέρας
3583 3195 3706 3240 σου;
3732 3180 3868 3232 ἔπιέ

2300 3272 2465 3342 γνωοι
2495 3273 2675 3341 λοιπὸν
2703 3273 2791 3326 τὸν
2823 3272 3144 3344 δημιουργόν
3176 3289 3268 3324 σου
3288 3272 3516 3342 Χριστὸν
3545 3274 3634 3324 τὸν
3653 3271 3866 3341 Κύριον

2301 3362 2433 3414 Θεὸν
2460 3357 2619 3426 εἶναι,
2662 3362 2755 3414 καὶ
2787 3361 2860 3430 μὴ
2907 3363 3281 3432 προσκυνήσῃς
3334 3360 3566 3430 λίθουςῆ
3592 3360 3868 3429 χαλκουρ-

2261 3444 2264 3446 ’
2299 3453 2538 3522 γήματα,
2571 3453 2678 3504 εῐτε
2709 3453 2883 3522 χρυσᾶ
2909 3451 3016 3502 είτε
3043 3450 3274 3520 ἀργυρᾶ⁹
3307 3449 3438 3502 ἀλλά
3483 3449 3864 3519 προσκύνησον

2305 3542 2393 3594 τὸν
2418 3541 2615 3612 Κύριον
2647 3559 2745 3610 μου
2787 3541 2987 3609 Ἰησοῦν
3039 3539 3268 3608 Χριστὸν
3313 3539 3403 3591 τὸν
3443 3540 3864 3610 ἐσταυρωμένον

2305 3636 2396 3686 ἐπὶ
2424 3634 2642 3686 Ποντίου
2678 3631 2928 3690 Πιλάτου,
2959 3628 3016 3690 ὃς
3059 3629 3254 3698 ἀνέστη
3297 3629 3383 3681 ὲκ·
3410 3629 3516 3682 τῶν
3546 3631 3754 3700 νεκρῶν
3787 3633 3863 3701 τῇ

2301 3723 2580 3793 τριημέρῳ
2622 3723 2764 3790 ταφῇ
2802 3719 2986 3782 αὑτοῦ,
3023 3717 3246 3786 ἀνῆλθεν
3279 3720 3357 3781 είς
3400 3720 3526 3782 τοὺς
3571 3723 3860 3790 οὐρανοὺς,

2299 3814 2420 3865 ὅθεν
2449 3814 2606 3866 πάλιν
2633 3811 2750 3880 ἥξει
2777 3813 2956 3880 κρῖναι
2987 3808 3189 3872 ζῶντας
3231 3809 3322 3861 καὶ
3351 3812 3591 3877 νεκροὺς,
3641 3812 3735 3862 καὶ
3763 3811 3866 3865 τὸν

2303 3902 2471 3955 αἰῶνα
2501 3902 2684 3954 τοῦτον
2711 3901 2797 3954 διά
2825 3899 2997 3970 πυρὰ
3046 3900 3179 3969 (59).
3213 3891 3393 3969 ’ᾙτινι
3431 3899 3750 3969 ἀποκριθεὶς
3792 3903 3861 3972 (ὁ

2307 4039 2627 4099 libertatem,
2681 4037 2969 4092 ostendunt
3006 4036 3258 4090 Romanae
3284 4043 3573 4105 martyres
3616 4036 3857 4091 nobilis-

2306 4107 2476 4167 simae,
2505 4121 2651 4174 quas,
2666 4106 2803 4174 inter
2822 4107 3046 4160 celebris
3069 4115 3152 4159 est
3175 4107 3236 4174 _S.
3266 4104 3570 4167 Anastasis,
3605 4107 3723 4174 ipso
3750 4106 3854 4159 na—

2307 4177 2399 4227 tali
2427 4177 2510 4228 die
2542 4174 2601 4225 ll.
2636 4173 2698 4226 N.
2740 4174 2788 4228 J.
2821 4175 2882 4228 C.
2912 4176 2962 4226 in
2993 4175 3146 4227 Mart.
3173 4172 3329 4228 Rom.
3367 4172 3640 4228 adnotata;
3673 4174 3858 4243 Hujus

2302 4245 2435 4297 Acta
2466 4246 2703 4314 martyrii
2727 4260 2791 4296 ex
2820 4245 3126 4314 membrana
3164 4259 3217 4297 ix
3263 4245 3465 4306 seculi,
3493 4245 3690 4298 unciali
3714 4247 3856 4298 cha-

2304 4324 2505 4367 ractere
2539 4312 2758 4366 exarata
2808 4312 3209 4381 descripsimus,
3265 4329 3371 4382 qua
3430 4323 3584 4382 parte
3632 4323 3860 4368 servata

2301 4392 2427 4436 sunt
2453 4400 2466 4444 ;
2497 4399 2618 4435 nam
2647 4384 2898 4450 pleraque
2926 4382 3255 4436 exciderunt.

2377 4451 2580 4504 Probus
2613 4453 2752 4506 dixit
2805 4462 2893 4504 εει
2941 4453 3139 4501 animos
3186 4465 3360 4501 eorum
3403 4452 3473 4501 ad
3508 4450 3856 4517 sacrilegium

2235 4498 2274 4551 ῐ)
2303 4498 2396 4588 qui
2421 4498 2816 4587 ’ἇῐιῖεῖηῇἐῖἑιὲί
2845 4498 3847 4588 rescissis'isazei...'"sgsasg;

2303 4586 2586 4642 Anastasii:
2617 4586 2917 4654 respondit:
2950 4587 3058 4654 Ego
3107 4586 3370 4638 doloribus
3415 4589 3638 4655 fatigata
3681 4588 3852 4652 etiam

2299 4658 2447 4722 pedes
2477 4657 2770 4717 osculabar,
2803 4674 2864 4708 ne
2901 4656 3183 4722 aliquando
3233 4656 3462 4708 cederent
3495 4656 3673 4708 dolore
3702 4671 3854 4706 com-

2297 4725 2454 4789 pulsi.
2490 4724 2628 4775 Nam
2647 4735 2694 4775 et
2720 4740 2978 4791 quousque
3010 4724 3166 4773 habui
3199 4724 3416 4776 multam
3441 4739 3698 4778 summam
3721 4726 3850 4776 auri

2298 4794 2350 4842 in
2377 4808 2551 4842 eorum
2583 4793 2973 4844 necessitatibus
3012 4793 3247 4858 expendi.
3292 4792 3444 4845 Nunc
3470 4809 3584 4847 vero
3612 4796 3847 4858 erogatis

2299 4859 2532 4930 omnibus
2570 4861 2797 4911 animam
2825 4877 2990 4912 meam
3010 4864 3075 4930 ad
3097 4863 3388 4928 passionem
3412 4862 3608 4930 aptavi;
3629 4861 3848 4930 justum

2287 4928 2536 4992 judicans
2567 4938 2622 4978 ut
2644 4945 2726 5007 eos
2762 4930 2850 5007 qui
2879 4946 2955 4980 me
2977 4929 3420 5007 “derelinquat-runt
3445 4928 3562 5007 [sic
3576 4928 3849 5007 {aliqua-

2297 5007 2442 5047 tenus
2474 5000 2915 5063 comprehendam.
2971 4996 3165 5053 Probus
3209 4996 3389 5061 dixit;
3443 4997 3696 5061 Quoniam
3750 5016 3846 5050 sa-

2294 5067 2538 5132 crilegam
2571 5077 2616 5116 te
2641 5067 2714 5118 dii
2743 5071 2937 5150 diutius
2966 5068 3124 5119 celari
3162 5085 3262 5150 no‘u
3290 5066 3846 5150 ραεείριιζιιηίρσίίε-

2293 5145 2470 5205 serunt
2500 5144 2554 5185 ut
2592 5145 2678 5187 tuo
2713 5146 2758 5187 te
2782 5154 2866 5188 ore
2900 5139 3173 5203 dctegeres.
3205 5134 3488 5205 Anastasio
3517 5135 3687 5205 dixit:
3722 5134 3844 5205 Ego

2291 5204 2345 5252 in
2381 5204 2486 5273 zelo
2519 5205 2738 5257 incitata
2769 5224 2883 5258 sum
2907 5223 3080 5257 eorum
3132 5206 3182 5257 in
3206 5204 3408 5273 quibus.
3429 5218 3594 5273 sermo
3622 5204 3840 5258 Domini

2290 5275 2388 5323 mei
2431 5272 2554 5325 Jesu
2607 5273 2803 5328 Christi
2858 5277 3138 5341 completus
3183 5271 3257 5326 est
3308 5271 3470 5341 au0d__
3501 5273 3617 5324 ait:
3661 5273 3843 5327 Erunt

2289 5341 2445 5408 primi
2476 5343 2749 5396 novissimi
2795 5355 2847 5397 et
2875 5337 3151 5398 novissimi
3208 5342 3384 5411 pritni.
3418 5337 3555 5391 Nam
3589 5343 3838 5411 quicum-

2289 5425 2384 5480 que
2415 5412 2537 5461 milii
2573 5415 2879 5478 posteriores
2904 5413 3109 5480 fuerunt
3144 5412 3196 5460 in
3234 5408 3353 5475 ﬁde,
3384 5408 3677 5480 priores-inc
3699 5413 3838 5477 fecti

2287 5479 2355 5549 ad
2410 5482 2634 5547 palmam
2678 5478 2916 5549 martyrii
2969 5481 3343 5546 adtingetttcs..
3374 5517 3386 5528 .
3444 5478 3834 5549 Probusdixit:

2487 5550 2716 5613 muliere,
2746 5565 2792 5602 et
2819 5547 3076 5617 quantum
3111 5554 3325 5617 apparet
3372 5547 3549 5617 ttobili,
3585 5549 3712 5602 mihi
3745 5565 3838 5602 su-

2842 5614 3122 5685 Anaslasia
3161 5615 3291 5667 dixit
3320 5629 3330 5640 '
3379 5614 3436 5669 Si
3483 5619 3544 5670 de
3569 5627 3751 5685 putre.
3775 5657 3789 5670 .
3815 5656 3830 5668 .

719 5753 827 5820 ‘59)
862 5751 1193 5821 Singularem
1253 5756 1534 5818 quamdam
1569 5757 1898 5824 παρρησίαν,
1931 5756 2176 5826 loquendi
2278 5754 2807 5826 :rissem,Pr¢rtextati
2848 5771 2957 5807 sum
2989 5754 3118 5822 ﬁlia.
3173 5753 3395 5806 Audiens
3441 5754 3638 5808 Probus
3696 5756 3833 5834 linis
