4078 6348
620 399 751 472 im

1788 386 1846 454 S.
1895 395 2249 453 lllPPOLYTl
2286 395 2463 451 ACTA
2497 397 2769 455 GRIECA.

3766 400 3874 456 εδει

646 494 862 587 quidem
888 528 1098 569 mereor
1118 513 1248 569 caedi
1276 527 1375 583 pro
1402 513 1641 583 peccatis
1692 515 1852 580 meis,
1883 517 1976 571 sed
2008 517 2207 587 gratias

2320 517 2400 568 καὶ
2420 515 2547 577 ,τοὺς
2576 516 2923 586 ἀποκρύφους
2951 514 3255 587 θησαυροὺς
3279 517 3391 577 τοῖς
3443 514 3876 586 αὐτοκράτορσιν

647 620 748 676 ago
776 603 1005 658 Domino
1033 617 1155 657 meo
1181 601 1309 657 Jesu
1335 602 1554 658 Christo
1580 610 1632 657 et
1657 596 1819 658 credo
1845 620 1931 658 me
1948 605 2199 659 idoneum

642 713 765 753 esse
796 697 863 751 ad
903 696 1333 766 cognoscendam
1386 695 1505 765 ejus
1537 695 1987 759 misericordiam,
2038 698 2199 752 etiam

643 787 738 856 qui
764 786 892 840 mihi
924 786 1278 861 dignatus‘est
1301 800 1455 841 suam
1474 785 1703 854 gratiam
1724 786 1779 839 in
1802 783 2082 856 Baptismo
2110 788 2201 841 do-

648 892 795 932 nare.
825 876 958 931 Nam
984 876 1087 932 hoc
1112 876 1253 933 scias
1295 892 1486 930 aurum
1519 876 1810 945 temporale
1859 892 1946 931 me
1971 892 2076 932 non
2102 879 2198 932 ha-

646 963 789 1023 bere.
818 978 881 1017 ac
901 962 1202 1017 daemoniis
1230 963 1469 1017 cervices
1497 976 1646 1017 meas
1668 978 1795 1021 .non
1835 964 2080 1031 ﬂectere;
2112 965 2199 1021 {ac

646 1053 787 1122 quod
825 1054 927 1106 vis.
962 1053 1136 1107 Iratus
1184 1050 1450 1107 Romulus
1478 1050 1642 1121 jussit
1674 1060 1730 1108 ut
1764 1067 1888 1107 cum
1912 1055 2202 1123 plumbatis

642 1145 881 1199 cervices
905 1145 1025 1214 ejus
1053 1144 1408 1200 tunderentur
1432 1145 1533 1199 sub
1558 1161 1691 1200 voce
1730 1146 2030 1215 praeconia:
2065 1144 2201 1200 Deos

643 1241 698 1287 et
725 1233 856 1287 deas
886 1232 1186 1302 principum
1214 1234 1587 1304 blasphemare
1612 1236 1745 1289 noli.

2308 608 2521 673 ἀπόδος,
2552 609 2646 661 καὶ
2677 607 2836 660 θῦσον
2856 610 2965 669 τοῖς
2983 607 3140 670 θεοῖς.
3165 607 3473 671 Σαὸινιανὸς
3502 604 3684 661 εἶπεν·
3729 606 3876 675 Ἐγὼ

2310 701 2406 769 μὲν
2442 699 2541 751 οὐκ
2569 698 2681 768 είμὶ
2711 698 2855 764 ἄξιος
2890 698 2974 752 ἴνα
3004 698 3142 768 ὑπὲρ
3169 697 3277 751 τῶν
3305 696 3455 773 ὲμῶν
3506 697 3791 770 ἁμαρτιῶν
3820 694 3876 749 τί

2252 840 2255 841 ,
2307 805 2435 841 ποτε
2464 786 2832 858 ὲπιτεύξομαι,
2863 787 2974 840 ἀλλ’
2994 788 3116 839 ὅσον
3146 786 3174 838 6
3221 786 3419 860 Κύριός
3450 798 3547 858 μου
3596 788 3694 842 καὶ
3739 786 3878 853 Θώς

2298 878 2586 941 ἐπινεύσας
2629 877 2949 949 χαρίσασθαι
2994 874 3395 938 καταξιώσειεν·
3445 876 3585 931 οὕτω
3606 876 3873 932 πιστεύω.

2316 969 2441 1022 Ἐπὶ
2494 968 2652 1022 τοῦτο
2679 968 2910 1037 γίνωσκε
2965 967 3161 1038 χρυσὸν
3206 968 3461 1041 ἐπίκηρον
3492 969 3564 1040 μὴ
3602 970 3746 1039 ἔχειν
3780 969 3877 1039 μὶ,

2313 1058 2445 1127 μηδὲ
2480 1056 2673 1127 βουλὴν
2700 1057 2761 1111 τὸ
2802 1058 2928 1125 γόνυ
2973 1056 3183 1127 κάμψαι
3214 1059 3325 1121 τοῖς
3375 1055 3627 1120 εἰδώλοις.
3683 1057 3876 1111 Ταῦτα

2308 1148 2400 1202 καὶ
2426 1147 2495 1201 τὰ
2522 1147 2729 1211 τούτοις
2755 1147 2915 1217 ὅμοια
2933 1147 3179 1217 λέγοντος
3206 1146 3297 1199 τοῦ
3326 1146 3591 1219 μακαρίου
3620 1147 3883 1201 2‘46va-

2216 1300 2219 1303 ἰ
2305 1237 2417 1301 νοῦ,
2447 1239 2476 1291 6
2506 1238 2881 1309 (παράνομος)
2923 1237 3496 1323 ξΡώμυλοςὲκέλευσεν
3521 1241 3633 1301 τοῖς
3659 1238 3879 1310 ὑπηρέ-

644 1343 768 1389 ταις
794 1327 958 1380 αὑτοῦ
988 1328 1135 1391 ὅπως
1190 1328 1328 1398 μετά
1356 1327 1463 1382 τῶν
1495 1330 1811 1399 μολιῦδίνων
1845 1329 2089 1401 σφαιρῶν
2116 1332 2207 1385 τὸν
2240 1332 2441 1403 αὐχένα
2470 1331 2634 1386 αὐτοῦ
2670 1332 3020 1386 συνθλάσωσι.

722 1419 783 1473 ν.
811 1418 1011 1476 Eodem
1063 1420 1151 1476 die
1178 1422 1405 1478 audiens
1435 1424 1537 1478 hoc
1558 1425 1748 1479 beatus
1777 1423 2095 1495 Hippolytus
2115 1441 2200 1481 se-

648 1525 751 1564 nex
774 1511 972 1566 obtulit
1000 1527 1058 1567 se
1079 1512 1137 1567 in
1164 1522 1513 1583 conspectum
1542 1512 1782 1578 Romuli,
1814 1517 1903 1570 cui
1950 1512 2023 1571 ita
2070 1530 2202 1571 voce

648 1605 796 1697 clara
824 1604 993 1658 dixit:
1022 1603 1067 1659 Ο
1094 1606 1279 1671 miser,
1309 1605 1354 1659 si
1386 1605 1581 1672 scires,
1601 1620 1724 1677 non
1754 1606 2085 1661 cruciatibus
2104 1606 2201 1661 da—

2370 1427 2446 1481 E'.
2466 1426 2633 1480 Τοῦτο
2658 1427 2715 1480 δὲ
2742 1425 2976 1489 ἀκούσας
3005 1428 3034 1478 6
3066 1424 3472 1497 μακαριώτατος
3500 1424 3819 1487 Ἱππόλυτος
3846 1423 3883 1474 6

2303 1516 2667 1588 πρεσϐύτερος
2695 1516 2827 1587 (Li),
2856 1514 3023 1568 ἐλθὼν
3051 1515 3177 1585 ἔστη
3209 1514 3438 1569 ἐνώπιον
3463 1515 3553 1568 τοῦ
3569 1514 3880 1584 Ῥωμύλου,

2306 1606 2402 1659 καὶ
2448 1606 2673 1679 λαμπρᾷ
2722 1609 2788 1677 τῇ
2823 1609 2971 1678 φωνῇ
3020 1603 3197 1660 εἶπενο
3228 1602 3299 1660 Ὦ
3321 1604 3493 1669 ἀθλιε,
3528 1606 3575 1659 εί
3598 1605 3715 1675 ίδῃς
3741 1605 3883 1677 Χρι-

647 1695 737 1750 res
761 1695 997 1751 cervices
1024 1707 1355 1763 sanctorum,
1389 1697 1479 1753 sed
1508 1708 1563 1752 te
1590 1697 1767 1767 ipsum
1794 1697 2124 1763 humiliares,
2152 1707 2208 1753 et

2320 1698 2431 1749 πὺν
2460 1699 2549 1751 τὸν
2577 1699 2669 1752 τοῦ
2713 1698 2846 1755 Θεοῦ
2889 1700 3031 1761 Υίδν,
3078 1702 3176 1753 ούκ
3220 1701 3287 1753 ἂν
3330 1700 3501 1764 οὕτως
3543 1697 3889 1760 Maecium;

648 1788 898 1842 crederes
941 1786 1069 1850 Deo,
1101 1796 1156 1842 et
1203 1786 1432 1843 Domino
1469 1786 1598 1844 Jesu
1645 1786 1884 1856 Christo,
1936 1802 1990 1844 et
2036 1790 2209 1845 servis

2320 1790 2435 1851 τοὺς
2463 1789 2693 1859 αὐχένας
2718 1790 2827 1844 τῶν
2854 1791 3027 1846 ὁσίων
3059 1790 3243 1854 αὑτοῦ,
3296 1792 3445 1854 ὅπως
3496 1786 3887 1842 ταπεινωθῶσι

649 1875 788 1943 ejus,
813 1885 866 1929 et
898 1891 1004 1929 non
1030 1875 1302 1945 lapidibus
1331 1877 1487 1930 vanis
1520 1884 1577 1931 et
1596 1875 1848 1953 metallis.
1881 1876 2053 1931 Iratus
2097 1875 2211 1931 Ro-

2320 1881 2420 1943 τοῖς
2457 1884 2701 1951 ματαίοις
2736 1885 2888 1955 ὑμῶν
2944 1883 3205 1947 εἰδώλοις·
3259 1884 3396 1938 ἀλλά
3425 1882 3622 1955 μᾶλλον
3651 1873 3887 1935 σαυτὸν

652 1966 834 2021 mulus
860 1966 1135 2036 praecepit,
1169 1975 1229 2020 ut
1250 1965 1477 2035 pedibus
1501 1975 1553 2022 et
1582 1967 1833 2023 manibus
1854 1968 2031 2038 ligatis
2052 1968 2107 2022 in
2132 1967 2211 2031 [ο-

2320 1972 2680 2038 ὲταπείνωσας
2708 1975 2785 2044 τῷ
2813 1975 3005 2048 κτίστῃ
3052 1975 3147 2029 καὶ
3190 1974 3503 2047 δημιουργῷ
3530 1971 3637 2027 τῶν
3702 1972 3888 2026 ἀπάν-

651 2071 806 2110 veam
849 2057 1010 2112 vivus
1062 2067 1412 2127 mergeretur.
1458 2056 1654 2115 Beatus
1709 2074 1840 2113 vero
1884 2058 2210 2130 Hippolytus

2320 2078 2419 2114 των
2448 2062 2541 2115 καὶ
2569 2065 2680 2125 τοϊς
2702 2063 2865 2116 αὐτοῦ
2888 2064 3111 2128 δούλοις,
3143 2064 3233 2117 καὶ
3261 2065 3380 2136 οὐχὶ
3406 2064 3574 2127 λίθοις
3603 2062 3887 2134 ματαίοις⁹

651 2144 779 2200 dum
813 2160 1028 2202 mersus
1058 2146 1248 2204 fuisset
1279 2148 1332 2203 in
1389 2148 1598 2205 foveam
1646 2158 1771 2205 ante
1810 2166 1996 2206 muros
2017 2149 2214 2207 Portus

2320 2153 2407 2205 καὶ
2438 2152 2659 2221 κώφοις,
2691 2154 2783 2207 καὶ
2812 2154 3037 2225 ἀψύχοις
3078 2155 3372 2225 ὑπέκυψας.
3401 2154 3584 2209 Ταῦτα
3637 2152 3888 2214 ἀκούσας

654 2238 909 2307 Romani,
930 2256 1035 2295 vox
1078 2240 1260 2296 audita
1307 2252 1389 2298 est
1420 2230 1514 2313 per
1546 2244 1781 2314 spatium
1837 2244 1985 2298 horae
2032 2243 2196 2297 unius

2320 2244 2341 2295 δ
2386 2242 2814 2312 (ἀσεόέστατος)
2858 2244 3132 2315 Ῥώμυλος
3196 2243 3450 2317 ἐθυμώθη
3507 2244 3729 2316 σφόδρα,
3788 2243 3890 2297 καὶ

653 2332 811 2399 quasi
841 2331 1127 2385 infantium
1167 2333 1547 2389 clamantium:
1595 2334 1705 2391 Deo
1756 2336 1978 2405 gratias.
2007 2331 2213 2387 Romu-

2320 2333 2618 2404 προσέταξε
2645 2334 2773 2397 τοὺς
2818 2334 2980 2397 πόδας
3030 2334 3192 2387 αὐτοῦ
3232 2334 3326 2388 καὶ
3379 2334 3476 2397 τὰς
3519 2336 3704 2405 χεῖρας
3738 2332 3893 2386 δεδε⁶

654 2422 741 2477 lus
773 2423 945 2477 dixit:
984 2422 1098 2478 Hoc
1128 2424 1337 2478 insania
1369 2426 1592 2495 magicae
1615 2427 1747 2481 artis
1775 2440 1897 2480 esse
1922 2440 2210 2495 cognosco.

2321 2424 2479 2494 μένον
2507 2428 2585 2489 είς
2614 2424 2830 2496 βόθυνον
2863 2426 3421 2498 κατακρημνισθῆναι.
3453 2426 3557 2478 Τοῦ
3583 2422 3675 2478 οὖν
3701 2440 3892 2495 μακα-

659 2516 773 2584 ρίου
814 2516 1123 2571 Ἱππολύτου
1153 2516 1496 2588 βυθιξομένου
1525 2521 1585 2573 ὲν
1612 2518 1687 2590 τῷ
1716 2520 1880 2591 τείχει
1910 2519 2022 2589 (ιε)
2051 2521 2127 2581 είς
2156 2516 2245 2570 τὸν
2278 2516 2492 2587 βόθυνον
2536 2520 2752 2592 πόρτον,
2814 2522 2905 2574 τὸν
2964 2521 3418 2592 ἀναγορευόμενον
3462 2521 3687 2590 Πόρτον,
3726 2519 3895 2586 ἄφνω

656 2607 808 2678 φωνὴ
837 2607 1096 2681 ἠκούσθη
1128 2609 1262 2663 ὡσεί
1306 2610 1670 2682 διαστήματος
1712 2611 1859 2682 ὧρας
1910 2612 2038 2683 μιᾶς
2096 2608 2343 2677 καθάπερ
2398 2611 2604 2680 νηπίων
2649 2611 2911 2680 λεγόντων
2965 2611 3310 2683 εὐχαριστίας
3347 2610 3424 2681 τῷ
3475 2609 3611 2678 θεῷ.
3673 2607 3773 2662 καὶ
3827 2606 3896 2659 ιν

656 2702 735 2773 τῷ
761 2701 931 2756 ταῦτα
982 2704 1175 2768 εἰπεῖν,
1234 2703 1443 2774 ἀφῆκεν
1470 2703 1531 2757 τὸ
1558 2704 1772 2776 πνεῦμα
1828 2704 1904 2776 τῷ
1950 2702 2158 2773 Κυρίῳ,
2205 2700 2271 2769 τῇ
2324 2700 2691 2771 προδεκαμιᾶς
2747 2699 3020 2755 καλανδῶν
3068 2701 3471 2772 Σεπτεμϐρίων.
3530 2698 3662 2751 Τότε
3701 2696 3812 2765 ιφη
3859 2693 3894 2746 6

660 2795 1028 2868 (παράνομος)
1076 2794 1375 2865 Ῥώμυλος’
1402 2795 1546 2866 Αὕτη
1579 2797 1612 2867 ή
1662 2797 1827 2868 μανία
1860 2795 2098 2869 μαγικῆς
2124 2791 2314 2875 τέχνης
2344 2786 2479 2845 εἶναι
2508 2792 2941 2860 διαγινώσκεται.

729 2889 816 2945 Vl.
843 2890 993 2945 Tunc
1013 2906 1135 2944 cum
1162 2890 1343 2944 furore
1380 2891 1621 2945 clamans
1641 2890 1801 2961 cmpit
1844 2892 2060 2946 dicere:
2112 2886 2211 2945 Hic

664 2982 990 3036 Sabinianus
1011 2981 1103 3050 qui
1134 2992 1322 3049 captus
1354 2989 1437 3034 est
1458 2980 1752 3049 cupiditate
1804 2983 2025 3050 magicae
2055 2981 2209 3047 artis,

662 3080 716 3124 et
743 3070 962 3124 libidine
989 3071 1363 3125 thesaurorum
1386 3089 1398 3123 :
1426 3070 1479 3124 in
1505 3080 1780 3125 momento
1800 3086 1924 3125 eum
1971 3071 2213 3126 confrin-

664 3174 809 3227 gam,
839 3168 929 3213 aut
949 3158 1172 3212 avellam
1204 3173 1234 3211 a
1266 3167 1404 3211 terra
1426 3158 1471 3212 si
1496 3174 1601 3212 non
1633 3174 1691 3213 se
1712 3159 2210 3224 humiliaveritdiis.

665 3261 719 3303 et
750 3249 1132 3303 sacriﬁcaverit
1157 3248 1256 3303 eis.
1295 3246 1505 3313 Quibus
1531 3248 1689 3303 dictis
1711 3248 1875 3317 jussit
1899 3264 2020 3304 eum
2052 3250 2210 3307 fusti-

642 3341 770 3411 bus
805 3340 936 3395 caedi
967 3340 1068 3393 sub
1091 3353 1219 3394 voce
1238 3338 1534 3408 praeconia:
1564 3337 1744 3393 Redde
1759 3339 2042 3394 thesauros
2066 3340 2216 3408 prin-

666 3432 871 3500 cipum,
906 3440 958 3484 et
992 3430 1216 3484 humilia
1240 3440 1291 3484 te
1318 3431 1422 3486 diis
1450 3444 1482 3484 a
1525 3430 1723 3499 quibus
1770 3428 2101 3499 gubernatur
2129 3443 2218 3483 res

666 3524 899 3592 publica.
950 3521 1043 3577 lllc
1072 3531 1249 3576 autem
1279 3522 1523 3578 dicebat:
1578 3521 1792 3577 Gratias
1825 3535 1925 3591 ago
1960 3518 2080 3585 tibi,
2118 3517 2219 3574 Do-

667 3613 813 3665 mine
836 3610 961 3666 Jesu
985 3611 1220 3677 Christe,
1247 3611 1341 3681 qui
1366 3611 1619 3681 dignatus
1666 3625 1726 3665 es
1778 3626 1863 3663 me
1901 3624 2023 3662 cum
2052 3608 2222 3662 servis

672 3702 777 3754 tuis
813 3702 1037 3755 sociare.
1074 3701 1209 3755 Cum
1232 3718 1358 3757 vero
1378 3703 1469 3756 diu
1505 3702 1821 3764 caederetur,
1852 3701 2005 3754 lirma
2032 3709 2086 3754 et
2111 3700 2222 3754 ala-

672 3793 779 3845 cris
806 3781 969 3847 iacies
991 3792 1109 3859 ejus
1135 3807 1256 3845 esse
1280 3792 1579 3846 videbatur.
1614 3791 1785 3846 lratus
1819 3792 2083 3847 Romulus
2108 3792 2224 3861 jus-

673 3887 742 3940 sit
768 3900 890 3940 cum
921 3885 973 3937 in
998 3885 1226 3953 equuleo
1243 3882 1429 3947 levari,
1455 3890 1507 3936 et
1526 3897 1649 3935 cum
1667 3882 2027 3936 attralieretur
2047 3885 2225 3937 nervis

673 3978 774 4032 sub
803 3992 930 4032 voce
954 3976 1245 4045 praeconia,
1277 3973 1413 4028 nihil
1459 3972 1605 4026 aliud
1643 3973 1833 4041 agebat
1875 3973 1979 4026 nisi
2028 3974 2227 4040 gratias

676 4069 902 4123 Domino
928 4070 1054 4124 .lesu
1079 4068 1317 4123 Christo.
1341 4065 1605 4120 Romulus
1627 4064 1788 4119 dixit:
1826 4064 2048 4131 Insanit,
2070 4074 2123 4119 et
2145 4081 2229 4120 se-

674 4176 840 4215 curus
860 4162 1022 4216 estde
1042 4162 1267 4230 magicis
1290 4160 1551 4215 consiliis.
1595 4157 1844 4228 Etjussit
1886 4165 1946 4211 ut
1996 4155 2229 4214 ﬂammis

682 4261 959 4316 ureretur;
993 4261 1046 4305 et
1074 4269 1195 4306 cum
1224 4252 1607 4321 applicuissent
1629 4249 1873 4304 ﬂammas
1906 4250 1971 4304 ad
2009 4249 2124 4318 ejus
2146 4249 2228 4303 la-

680 4350 815 4404 tera,
846 4343 1007 4409 coepit
1031 4342 1293 4397 Romulus
1318 4345 1557 4397 clamans
1581 4342 1790 4396 dicere:
1843 4341 1960 4405 Jam
2010 4342 2231 4397 consule

681 4432 796 4496 tibi,
835 4440 889 4485 et
934 4434 1088 4487 redde
1121 4435 1418 4491 thesauros.
1466 4436 1665 4492 Beatus
1692 4443 1872 4490 autem
1907 4432 2229 4488 Sabinianus

2388 2887 2475 2951 ς’.
2497 2886 2600 2940 Καὶ
2624 2874 2821 2957 ἤρξατο
2842 2886 2977 2956 μετά
2994 2884 3163 2955 θυμοῦ
3195 2886 3322 2956 βοᾷν
3366 2884 3461 2938 καὶ⁵
3475 2882 3647 2951 λέγειν
3666 2899 3679 2912 ·
3713 2874 3894 2945 οὗτος

2317 2975 2346 3025 ὀ
2374 2975 2682 3039 ’.Ἀϐινιανὸς
2704 2974 2968 3047 ἐθηρεύθη
3004 2975 3090 3028 διὰ
3116 2976 3214 3046 τῆς
3246 2976 3482 3045 μγικῆς
3499 2971 3661 3026 αὐτοῦ
3688 2972 3892 3041 τέχνης

2318 3068 2383 3137 τῇ
2417 3066 2763 3138 φιλαργυρίᾳ,
2818 3067 2912 3120 καὶ
2940 3067 3046 3119 τῶν
3083 3066 3378 3137 χρημάτων
3410 3065 3724 3136 ἡδυπαθείᾳ.
3758 3061 3896 3116 T06-

2318 3171 2409 3209 τον
2437 3157 2495 3208 ὲν
2535 3156 2665 3227 ῥιπῇ
2696 3155 2979 3209 καταλύσω
3023 3155 3130 3208 ἀπὸ
3158 3157 3257 3226 τῆς
3308 3154 3611 3226 μανιώδους
3634 3151 3760 3207 ὁδοῦ
3791 3152 3896 3205 αὑ-

2316 3243 2409 3298 τοῦ
2441 3247 2486 3299 εί
2526 3247 2598 3316 μὴ
2628 3246 3110 3318 ταπεινωθήσεται,
3140 3248 3232 3301 καὶ
3278 3246 3413 3317 θύσῃ
3440 3247 3553 3307 τοῖς
3611 3245 3896 3315 μεγίστοις

2313 3335 2470 3405 ἡμῶν
2497 3336 2654 3400 θεοῖς.
2712 3337 2925 3391 Τούτων
2971 3334 3062 3392 οὖν
3115 3339 3208 3391 καὶ
3259 3337 3511 3389 τοιούτων
3539 3334 3833 3404 λεγόμενος
3852 3338 3894 3397 ’ν

2317 3428 2598 3481 ἐκέλευσεν
2650 3430 2809 3483 αὑτὸν
2853 3428 3028 3495 ξύλοις
3060 3426 3395 3498 τυπτηθῆναι
3425 3425 3751 3497 (τυφθῆναι)
3786 3425 3894 3476 ὑπὸ

2320 3520 2500 3589 φωνῆς
2527 3518 2619 3572 τοῦ
2649 3522 2888 3590 κήρυκος
2942 3520 3190 3587 λέγοντος
3209 3536 3222 3548 ·
3285 3518 3502 3581 Ἀπόδος
3528 3519 3651 3579 τοὺς
3682 3516 3897 3587 θησαυ-

2323 3610 2448 3679 ροὺς
2497 3612 2607 3673 τοῖς
2654 3610 3075 3681 αὐτοκράτορσιν
3132 3608 3316 3679 ἡμῶν,
3369 3610 3461 3662 καὶ
3522 3605 3897 3675 ταπεινώθητι

2321 3700 2431 3761 τοῖς
2453 3699 2873 3771 παντοδυνάμοις
2894 3698 3052 3761 θεοῖς,
3071 3699 3137 3751 δι’
3158 3692 3231 3752 ὧν
3254 3698 3684 3769 πηδαλιουχεῖται
3700 3698 3735 3766 ἡ
3754 3694 3821 3747 σύ
3828 3712 3895 3766 μι-

2323 3806 2471 3844 πασα
2524 3790 2679 3860 ήμίυν
2733 3788 2995 3842 πολιτεία.
3057 3788 3115 3841 '0
3139 3787 3195 3840 δὲ
3253 3788 3520 3859 μακάριος
3576 3782 3898 3847 Σαὸινιανδς

2323 3880 2535 3944 ἀνοίξας
2562 3881 2623 3932 τὸ
2653 3880 2822 3949 στόμα
2854 3876 3016 3931 αὑτοῦ
3063 3877 3259 3947 ἔλεγενο
3292 3875 3610 3949 Εύχαριστῶ
3638 3891 3742 3940 σοι,
3777 3875 3895 3928 Κύ-

2328 3972 2410 4041 ριέ
2440 3989 2540 4041 μου
2582 3969 2754 4042 Ἰησοῦ
2797 3970 3018 4040 Χριστὲ,
3049 3972 3077 4023 ό
3106 3969 3445 4035 καταξιώσας
3495 3984 3561 4037 με
3618 3965 3759 4037 μετά
3785 3966 3896 4018 τῶν

2325 4062 2525 4114 δούλων
2555 4078 2645 4113 σου
2677 4060 3267 4131 ωγκαταριθμηθῆναι.
3310 4050 3395 4121 Ὠς
3420 4057 3476 4110 δὲ
3512 4056 3737 4110 ἐπιπολὺ
3772 4057 3896 4109 ἐτύ-

2329 4168 2512 4215 πτετο,
2546 4153 2755 4222 ἑδραῖον
2781 4147 2848 4222 ἦν
2876 4153 2969 4205 καὶ
2990 4152 3263 4223 πρόθυμον
3291 4150 3351 4200 τὸ
3383 4148 3668 4217 πρόσωπον
3700 4146 3891 4201 αὑτοῦ.

2330 4244 2463 4296 Τότε
2496 4243 2763 4314 θυμωθεὶς
2792 4244 2847 4314 (6
2875 4242 3266 4311 ἀσεϐέστατος)
3308 4238 3576 4309 Ῥώμυλος
3604 4240 3896 4293 ἐκέλευσεν

2338 4336 2499 4388 αὑτὸν
2539 4337 2596 4387 ὲν
2625 4335 2700 4405 τῷ
2732 4336 3072 4406 ἀρμενταρίῳ
3118 4334 3229 4401 (45)
3278 4330 3639 4402 ἀναρτηθῆναι
3664 4348 3677 4360 ·
3713 4333 3809 4383 καὶ
3836 4332 3895 4382 ὲν

2332 4425 2409 4496 τῷ
2437 4425 2831 4495 διασπασθῆναι
2860 4426 3019 4479 αὐτὸν
3047 4427 3159 4485 τοῖς
3211 4420 3437 4491 νεύροις,
3465 4420 3558 4473 καὶ
3584 4420 3680 4490 τῆς
3709 4419 3894 4487 φωνῆς

679 4526 879 4595 gratias
927 4525 1116 4592 agebat
1167 4526 1276 4580 Deo
1313 4529 1528 4582 dicens:
1574 4526 1820 4589 Domine,
1852 4528 2035 4593 accipe
2076 4528 2220 4595 spiri-

2335 4513 2430 4573 τοῦ
2459 4514 2694 4585 κήρυκος
2724 4513 3048 4581 ὲπιὸοώσης,
3070 4510 3229 4581 αὐτὸς
3256 4508 3406 4561 οὐδὲν
3427 4507 3549 4562 ἄλλο
3578 4508 3780 4575 ἔλεγεν,
3845 4505 3893 4556 εἰ

679 4626 791 4670 tum
839 4631 1034 4668 meum.
1066 4614 1129 4668 Et
1181 4617 1283 4669 hoc
1306 4632 1427 4671 cum
1452 4617 1697 4679 dixisset,
1729 4615 1909 4669 emisit
1945 4616 2228 4684 spiritum;

679 4700 836 4776 cujus
862 4722 1056 4773 corpus
1080 4706 1241 4773 jussit
1270 4707 1320 4758 in
1354 4716 1572 4774 puteum
1601 4706 1818 4775 jactari.
1853 4704 2051 4759 Eodem
2097 4715 2232 4758 tein-

681 4814 807 4865 porc
846 4797 1064 4850 veniens
1116 4795 1332 4863 quidam
1367 4794 1702 4850 Concordius
1756 4795 2031 4866 presbyter
2074 4804 2232 4849 noctu

684 4887 877 4939 levavit
906 4900 1104 4953 corpus
1130 4884 1194 4937 de
1212 4892 1391 4951 puteo,
1415 4895 1467 4938 et
1494 4886 1715 4939 sociavit
1749 4886 1917 4940 beatae
1942 4886 2101 4940 Aura:
2131 4884 2231 4937 sub

760 5141 870 5208 (41)
898 5141 1047 5219 ᾼῗῑειε
1076 5144 1164 5196 hic
1215 5142 1529 5219 designatur
1553 5138 1839 5219 llippolynli,
1872 5157 1979 5194 non
2002 5138 2232 5219 gradus,

684 5215 1136 5281 qucttlntllllmlllm
1194 5214 1354 5281 paulo
1392 5219 1513 5263 ante
1544 5212 1718 5263 dictus
1767 5211 1940 5263 fuerat
1991 5211 2231 5262 Nonnus.

688 5282 762 5329 lta
787 5279 951 5330 (im-ci
982 5284 1123 5333 hunc
1155 5279 1330 5335 locum
1358 5289 1697 5346 acceperunt,
1728 5281 1924 5346 quibus
1958 5292 2234 5346 nunquam

688 5346 1006 5421 Hippolytus
1034 5351 1131 5404 fuit
1157 5354 1448 5421 presbyter,
1486 5345 1577 5402 Sed
1602 5345 1884 5421 episcopus
1909 5348 2107 5421 Poni-lg
2130 5345 2241 5397 R0-

688 5417 862 5469 niani:
900 5417 1117 5471 Latinus
1146 5417 1609 5487 etiam'intei'pres
1642 5418 1867 5472 reddidit
1912 5418 1977 5471 Β.
2038 5417 2238 5484 [lippo—

687 5487 826 5555 lytus
858 5503 1029 5537 senex.

760 5557 868 5625 (ιε)
902 5556 1075 5607 Lucus
1114 5570 1414 5625 corruptus
1441 5560 1594 5613 facile
1623 5558 2007 5624 restituendus,
2044 5561 2109 5611 ὲκ
2137 5556 2234 5623 τῆς

684 5627 849 5699 τύχης
878 5628 953 5685 εἰς
982 5626 1069 5674 τὸν
1104 5624 1325 5699 βόθυνον
1372 5631 1587 5699 πόρτου,
1630 5628 1720 5680 τοῦ
1775 5628 2249 5699 ἀναγορευομένων

686 5698 922 5766 Ηόρτουε
959 5712 1183 5761 eantque
1215 5696 1491 5751 lccliouein
1526 5699 1711 5751 Latine
1733 5696 2231 5751 retldidiinus’inh‘a

685 5768 739 5817 in
773 5766 967 5819 recenti
1002 5766 1250 5819 \‘cl'simle
1278 5780 1435 5831 quam
1459 5772 1521 5820 ad
1552 5772 1749 5821 calet-In
1777 5770 2064 5821 voluminis
2098 5768 2233 5819 inter

2341 4606 2441 4675 μή·
2469 4604 2779 4674 Εὑχαριστῶ
2809 4602 2885 4672 τῷ
2911 4600 3099 4671 Κυρίῳ
3132 4615 3229 4668 μου
3270 4597 3437 4667 Ἰησοῦ
3468 4598 3703 4669 Χριστῷ.
3744 4596 3805 4647 ’0
3836 4594 3891 4646 δὲ

2340 4695 2583 4765 βικάριος
2611 4694 2714 4762 ἔφη
2763 4694 2899 4763 πρὸς
2946 4692 3071 4751 τοὺς
3119 4688 3469 4758 παρεστῶτας
3509 4688 3685 4757 αὐτῷ’
3720 4677 3893 4747 Οὗτος

2342 4785 2611 4854 μαίνεται,
2643 4785 2735 4835 καὶ
2757 4779 3054 4851 ἀμέριμνός
3095 4780 3240 4830 ἐστιν
3260 4777 3365 4831 τῶν
3393 4777 3636 4848 μαγικῶν
3661 4773 3894 4842 συμϐου-

2338 4875 2486 4927 λιῶν.
2519 4874 2625 4925 Καὶ
2682 4870 3005 4941 προσέταξεν
3036 4868 3257 4937 φλόγαις
3279 4868 3300 4889 "
3322 4869 3657 4936 κατακαῆναι
3706 4864 3889 4918 αὐτόν.

2343 5137 2594 5193 Addenda
2620 5136 2891 5190 sistimus.

2415 5208 2526 5270 (45)
2553 5205 2626 5259 De
2649 5204 3013 5277 ἀρμενταρίῳ,
3039 5204 3276 5277 equuleo.
3302 5205 3355 5255 in
3382 5200 3689 5277 praefatione
3718 5200 3893 5277 disse-

2340 5259 2572 5334 ruimus,
2595 5259 2844 5343 quae'vox
2874 5259 2937 5329 eo
2960 5259 3170 5329 facilius
3198 5259 3548 5343 in'maritima
3578 5270 3705 5343 urbe
3749 5272 3890 5324 obti-

2342 5348 2479 5410 nuit.
2504 5339 2645 5414 quod
2676 5346 2787 5399 vela
2826 5347 3044 5400 navium
3074 5339 3651 5415 appsvailicebantur;
3684 5341 3731 5415 is
3765 5356 3890 5393 vero

2342 5418 2432 5485 qui
2461 5408 2536 5469 ad
2558 5432 2830 5469 summum
2864 5416 3017 5469 navis
3038 5408 3421 5485 conscenderet
3443 5408 3893 5485 dppsvneziiq,_ut

2346 5479 2395 5538 in
2437 5488 2549 5555 lege
2570 5484 2775 5540 Rhodia
2800 5495 2880 5538 est
2901 5487 3250 5555 adnotatum:
3277 5479 3567 5555 aliquando
3599 5480 3759 5555 etiam
3794 5479 3891 5555 ἂρ·

2345 5547 2515 5624 μενον”
2557 5558 2655 5607 fuit
2700 5557 3123 5624 instrumentum.
3170 5550 3342 5624 Ωιιοιι⁵
3373 5549 3417 5599 si
3468 5564 3589 5624 cum
3629 5547 3917 5624 Algyptiis,

2341 5616 2665 5695 ἑρμητὰριον
2695 5620 3199 5695 είῐριῖιιηιυεηὲρμας
3226 5628 3277 5669 et
3320 5616 3478 5695 Eppia
3516 5617 3615 5672 fuit
3638 5617 3891 5695 scopulus

2344 5688 2423 5747 vel
2454 5688 2673 5761 essia‘ns
2698 5693 2865 5761 velrin
2894 5691 3027 5761 mari
3064 5690 3573 5761 latens,_quinetiam
3611 5688 3709 5761 pila
3750 5701 3888 5737 mar-

2342 5778 2521 5817 morea
2556 5757 2614 5815 in
2634 5760 2930 5829 portubus:
2968 5758 3110 5826 ἕρμα
3159 5758 3388 5826 denique
3412 5757 3510 5812 fuit
3543 5758 3787 5809 saburra.
