4078 6348
273 380 385 435 573
1564 386 1649 440 or:
1688 386 1745 441 s.
1787 384 2183 477 nipeouro.
2756 474 2759 477 Α
2818 382 2821 387 ·
3367 365 3471 420 ε’ῖι

268 498 424 561 θείας
482 500 927 571 ὑπομνηματίσαι
978 501 1213 571 Γραφὰς,
1270 500 1632 572 παρεσχηκὼς
1684 501 1809 569 αὑτᾷ

1885 522 1899 561 ι
1928 502 2069 569 plius
2095 497 2359 572 notarios,
2393 507 2686 563 eorumque
2731 502 3016 559 expensas,
3046 494 3095 540 et
3129 483 3469 539 librariorum

265 588 412 640 ἑπτὰ
451 588 545 641 καὶ
576 567 793 652 πλείους
822 567 1129 666 νοταρίους,
1164 590 1256 642 καὶ
1283 567 1380 652 τὰς
1411 567 1611 643 τοότων
1655 567 1809 642 δαπά-

1930 567 2111 658 parem
2130 567 2446 648 ’numcrum,
2474 583 2726 654 quodque
2762 583 2848 635 his
2887 579 3064 647 majus
3098 584 3201 640 est,
3229 572 3470 666 incred-i-

267 694 371 741 νας
389 718 404 740 ,
434 681 531 732 καὶ
558 660 956 749 καλλιγράξῳυς
999 678 1089 732 τὸν
1134 675 1247 732 ἴσον
1282 680 1533 750 ἀριθμὸν,
1563 682 1654 733 καὶ
1684 682 1809 751 ὅπερ

1926 681 2021 734 bili
2070 679 2251 734 studio
2287 677 2527 746 quotidie
2567 674 2635 729 ab
2672 688 2738 728 eo
2773 687 2906 741 opus
2947 670 3193 737 exigens.
3229 660 3381 718 Unde
3413 662 3469 713 in

265 767 388 819 ἐστὶ
423 769 623 837 μεῖζον,
651 768 953 837 ἅνυποίστῳ
987 768 1185 839 σπουδῇ
1220 769 1475 822 ἑκάστοτε
1503 770 1660 840 ἔργον
1692 772 1809 839 παρ¹

1926 769 2161 837 quadam
2196 767 2421 835 epistola
2463 763 2822 836 ἐργοδιώκτην
2848 757 3103 829 Origenes
3135 770 3258 809 eum
3292 760 3467 807 vocat.

264 856 434 910 αὐτοῦ
472 858 737 913 ἀπαιτῶν.
775 859 864 910 Διὸ
908 860 964 910 ἐν
1012 860 1108 929 μιᾷ
1159 860 1412 929 ἐπιστολῇ
1453 857 1851 929 ἐργοδιώκτην
1887 858 2049 910 αὑτὸν
2086 856 2362 927 Ὠριγένης
2384 854 2553 908 καλεῖ.

983 957 989 963 ’
1668 1004 1673 1005 ,
1821 952 1909 1008 IV.

1097 1068 1329 1121 Andreas
1363 1067 1699 1123 Caesariensis
1727 1070 1779 1121 in
1804 1069 2130 1138 Apocalyps.
2166 1082 2285 1130 xttt,
2318 1066 2369 1131 1,
2402 1082 2521 1135 pag.
2553 1064 2639 1118 70.

337 1176 493 1255 Τινὲς
521 1179 617 1247 μὲν
646 1180 710 1232 τὸ
738 1184 939 1248 θηρίον·
960 1182 1114 1235 τοῦτο
1141 1185 1551 1257 δευτερεύουσάν
1582 1203 1699 1239 τινα
1726 1186 1815 1237 δύ-

260 1282 431 1336 ναμιν
454 1267 546 1318 τοῦ
584 1269 810 1334 Σατανᾶ,
844 1271 948 1323 τῶν
980 1272 1178 1326 λοιπῶν
1222 1274 1486 1344 δαιμόνων
1519 1274 1811 1344 ἄρχουσαν,

258 1358 608 1428 ἐξειλήφασιο
635 1360 694 1413 τὸ
741 1360 797 1412 δὲ
829 1363 943 1431 μετ’
975 1364 1103 1416 αὐτὸ
1133 1368 1196 1417 ἐκ
1237 1366 1334 1434 τῆς
1373 1366 1473 1435 γῆς
1518 1365 1661 1416 ἀνιὸν
1681 1404 1694 1427 ,
1722 1365 1813 1416 τὸν

257 1446 645 1519 Ἀντίχριστον.
690 1449 812 1513 Τοῖς
848 1451 904 1503 δε
961 1452 1152 1516 ἁγίοις,
1202 1453 1440 1519 Μεθοδίῳ
1492 1454 1583 1505 καὶ
1628 1454 1810 1506 Ἱππο-

255 1535 407 1606 λύτῳ
444 1539 536 1595 καὶ
579 1538 801 1608 ἑτέροις,
844 1543 923 1602 είς
965 1539 1171 1613 [αὐτὸν]
1214 1542 1302 1594 τὸν
1347 1541 1703 1610 Ἀντιχριστον
1746 1542 1809 1593 τὸ

257 1627 437 1698 παρὸν
477 1628 656 1710 θηρίον
682 1629 1021 1698 ἐξείληπται·
1056 1635 1119 1685 ἐκ
1164 1633 1260 1701 τῆς
1310 1633 1682 1703 πολυταράχου
1714 1633 1806 1686 τοῦ

256 1715 380 1785 βίου
432 1719 617 1771 τούτου
671 1718 941 1790 θαλάσσης
981 1723 1074 1774 καὶ
1124 1721 1487 1792 πολυκύμονος
1519 1723 1806 1794 ἐξερχόμε-

253 1816 369 1859 νον.
407 1808 486 1862 Τὰ
532 1808 587 1860 δὲ
618 1808 761 1883 δέκα
799 1810 1012 1877 κέρατα
1066 1813 1163 1864 σὺν
1191 1813 1304 1874 τοῖς
1354 1811 1679 1883 διαδήμασι,
1714 1814 1805 1865 καὶ

1992 1184 2219 1250 Quidam
2275 1197 2371 1251 per
2425 1182 2565 1236 hanc
2615 1179 2829 1232 bestiam
2884 1175 3162 1244 accipiunt
3218 1170 3467 1225 virtutem

1918 1274 2208 1344 quamdam
2254 1273 2459 1326 viribus
2501 1281 2554 1324 et
2597 1268 2832 1338 nequitia
2880 1266 3076 1320 Satana
3126 1262 3466 1317 inferiorem.

1916 1366 2126 1418 caeteris
2164 1372 2343 1416 autem
2382 1360 2715 1415 daemonibus
2745 1366 2973 1424 utroque
3004 1368 3200 1424 genere
3230 1352 3468 1406 eminen-

1914 1456 2105 1508 tiorem
2134 1473 2146 1507 :
2174 1469 2270 1522 per
2299 1453 2526 1505 bestiam
2568 1465 2696 1503 vero
2742 1463 2861 1516 qua:
2900 1446 3059 1515 paulo
3103 1452 3226 1512 post
3261 1457 3291 1494 e
3330 1449 3468 1493 terra

1914 1546 2160 1613 emergit,
2192 1543 2583 1596 Antichristum
2617 1542 2810 1609 ipsum.
2838 1539 2905 1590 At
2931 1544 3149 1589 sanctus
3168 1530 3493 1595 Methodius

1911 1644 1965 1689 et
1997 1635 2334 1704 Hippolytus,
2374 1640 2429 1685 et
2478 1632 2567 1683 alii
2614 1640 2841 1689 veteres.
2883 1629 2949 1681 de
2983 1628 3098 1695 ipso
3140 1623 3469 1676 AntEcIn-isto

1911 1733 2227 1793 praesentem
2256 1723 2435 1776 locum
2468 1720 2802 1787 interpretati
2842 1726 2995 1780 sunt;
3040 1726 3098 1769 ut
3136 1715 3228 1784 qui
3257 1729 3324 1767 ex
3357 1721 3468 1765 tur-

1910 1814 2127 1867 bulento
2146 1813 2548 1881 plurimumque
2571 1811 2779 1864 undoso
2800 1809 2921 1862 vita:
2944 1807 3104 1875 hujus
3126 1794 3261 1858 mari
3283 1818 3466 1871 egres-

249 1900 313 1950 αί.
347 1898 494 1951 ἑπτὰ
524 1899 773 1967 κεφαλαί
796 1940 810 1965 ,
846 1903 940 1972 τήν
972 1919 1028 1954 τε
1084 1902 1178 1955 τοῦ
1210 1902 1451 1957 διαϐόλου
1485 1904 1617 1973 πρὸς
1643 1905 1804 1957 αὑτὸν

1904 1917 2067 1956 surus
2095 1901 2189 1957 sit.
2229 1898 2331 1955 Per
2371 1900 2543 1953 decem
2573 1908 2752 1952 autem
2792 1911 2989 1949 cornua
3018 1894 3239 1947 totidem
3281 1890 3469 1945 diade-

252 1987 375 2058 [τὸν
444 1989 818 2061 Ἀντίχριστον]
873 1992 1061 2047 ἕνωσιν
1115 1993 1403 2047 αἰνίττεται
1446 1994 1645 2063 (ταῦτα
1698 1994 1806 2063 γὰρ

250 2074 397 2147 [καὶ]
434 2076 579 2147 αὺτῷ
634 2080 899 2148 προσόντα
933 2081 1185 2153 ἀνωτέρω
1212 2083 1587 2153 ἡρμήνευται),
1609 2084 1708 2153 τήν
1744 2098 1802 2133 τε

247 2167 335 2227 εἰς
355 2166 484 2217 δέκα
515 2167 611 2236 τῆς
634 2170 824 2239 γηΐνης
848 2169 1119 2239 βασιλείας
1149 2171 1236 2223 ἐπ’
1260 2171 1499 2241 ἐσχάτων
1518 2172 1797 2240 διαίρεσιν,

246 2257 348 2309 καὶ
374 2256 470 2326 τὴν
504 2257 581 2326 τῷ
601 2259 786 2329 κόσμῳ
816 2260 987 2331 τούτῳ
1014 2262 1292 2329 σύστοιχον
1325 2260 1678 2331 ἐϐδοματικὴν
1705 2260 1801 2328 βα·-

244 2344 467 2409 σιλείαν,
494 2346 632 2400 ἑπτὰ
673 2350 768 2418 μὲν
818 2350 1050 2421 ἡμέραις
1080 2351 1535 2419 ἐκμετρουμένην,
1570 2349 1708 2402 ἐπτὰ
1742 2350 1798 2401 δέ

240 2432 515 2503 διαδοχαῖς
547 2435 920 2509 διαιρουμένην
944 2478 959 2503 ,
993 2439 1069 2502 ὡς
1098 2440 1156 2491 ἐν
1184 2442 1296 2501 τοῖς
1326 2439 1452 2510 ἑξῆς
1477 2439 1792 2511 ῥηθήσεται.

1909 1994 2070 2048 matis
2118 2000 2417 2053 exornata,
2464 1999 2517 2045 et
2563 1999 2753 2058 septem
2801 1988 2995 2056 capita,
3048 1983 3463 2038 familiaritatem

1907 2084 2051 2137 illam
2082 2082 2331 2137 denotari
2363 2082 2571 2145 volunt,
2598 2093 2719 2148 quae
2744 2076 2882 2131 inter
2908 2079 3083 2146 ipsum
3109 2083 3162 2127 et
3188 2072 3462 2127 diabolum

1907 2174 2202 2227 intercedet
2242 2174 2389 2239 (nam
2444 2172 2556 2225 haec
2601 2170 2679 2223 illi
2721 2168 2886 2223 affore
2922 2168 3033 2237 jam
3082 2174 3205 2219 ante
3246 2153 3464 2233 quoque

1904 2265 2197 2318 indicatum
2243 2263 2368 2333 est),
2425 2262 2679 2332 regnique
2721 2260 2918 2315 terreni
2959 2260 3013 2312 in
3066 2259 3244 2312 decem
3280 2266 3461 2326 partes

1903 2355 2198 2409 sectionem
2226 2371 2241 2419 ;
2282 2364 2336 2407 et
2370 2368 2592 2423 regnum
2617 2359 2869 2420 praeterea
2894 2348 3253 2419 septenarium
3277 2346 3461 2399 mundi

1902 2443 2067 2512 hujus
2108 2444 2293 2498 cursui
2328 2442 2722 2497 contormatum
2743 2482 2757 2506 ,
2784 2450 2983 2510 septem
3015 2438 3231 2509 quidem
3254 2438 3460 2491 dierum

243 2524 424 2593 spatio
452 2525 782 2596 dimensum,
802 2539 856 2584 et
880 2530 934 2583 in
959 2538 1159 2599 septem
1188 2546 1403 2585 rursum
1455 2533 1829 2588 successiones
1865 2534 2243 2602 distributum;
2284 2544 2448 2605 prout
2504 2536 2557 2589 in
2603 2533 2951 2603 sequentibus
2979 2520 3140 2586 latius
3199 2530 3253 2585 id
3290 2529 3477 2598 expli-'

239 2617 475 2673 cabitur.

1270 2714 1419 2777 Idem
1437 2712 1491 2771 in
1511 2717 1834 2793 Apocalyps.
1866 2738 1987 2784 xm,
2018 2715 2105 2781 18,
2174 2732 2297 2784 pag.
2330 2714 2419 2768 75.

310 2815 413 2869 Καὶ
446 2818 546 2890 τὴν
582 2821 678 2890 μὲν
708 2822 987 2895 ἀκρίϐειαν
1044 2826 1140 2897 τῆς
1196 2825 1406 2898 ψήφου,
1456 2830 1532 2895 ὡς
1590 2834 1682 2885 καὶ
1728 2833 1798 2886 τὰ

233 2904 398 2958 λοιπὰ
445 2906 516 2960 τὰ
559 2907 685 2981 περὶ
717 2913 877 2966 αὐτοῦ
904 2916 1275 2986 γεγραμμένα,
1301 2920 1328 2969 ὁ
1366 2919 1556 2990 χρόνος
1587 2922 1795 2973 ἀποκα-

1966 2832 2288 2883 Accuratam
2346 2824 2537 2879 calculi
2582 2823 2861 2885 notitiam,
2908 2814 2967 2876 ut
3011 2821 3217 2891 reliqua
3270 2820 3453 2874 itidem

1893 2935 2017 2989 quae
2037 2918 2103 2972 de
2124 2915 2460 2970 Antichristo
2486 2914 2683 2983 scripta
2712 2921 2945 2976 exstant,
2972 2921 3183 2982 tempus
3211 2923 3263 2965 et
3292 2926 3453 2980 expe-

231 2994 389 3065 λύψει
412 2999 505 3051 καὶ
529 3002 562 3068 ἡ
596 3004 757 3072 πεῖρα
788 3006 897 3065 τοῖς
923 3006 1196 3074 νήφουσιν.
1230 3008 1292 3059 Et
1319 3008 1425 3079 γὰρ
1460 3010 1583 3073 ἔδει,
1609 3010 1793 3073 καθώς

1893 3010 2085 3064 rientia
2140 3007 2271 3062 viris
2324 3005 2678 3073 prudentibus
2724 3015 2777 3059 et
2820 3005 3015 3059 sobriis
3058 3002 3443 3059 manifestabit.

230 3087 368 3155 φασί
427 3106 571 3152 τινες
618 3093 1125 3159 τῶνηδιδασκάλων,
1178 3098 1360 3167 σαφῶς
1392 3095 1695 3169 γνωσθῆναι
1724 3101 1785 3153 τὸ

1892 3098 2027 3153 Nam
2061 3100 2105 3153 si
2136 3098 2191 3151 in
2226 3096 2494 3166 exquisita
2532 3097 2769 3151 nominis
2805 3096 2966 3164 hujus
2996 3096 3299 3166 cognitione
3329 3110 3446 3148 ma-

228 3178 467 3232 τοιοῢτον
508 3181 696 3253 ὄνομα,
740 3184 1109 3256 ότεθεαμένος
1142 3189 1207 3242 ἂν
1254 3191 1384 3243 αὐτὸ
1421 3191 1782 3260 ἀπεκάλυψεν.

1888 3206 2052 3260 gnum
2085 3189 2300 3258 aliquod
2333 3204 2509 3259 opera:
2534 3189 2960 3260 pretiumisitum
3002 3196 3166 3251 esset,
3214 3187 3302 3241 ille
3341 3187 3446 3243 uti—

241 3270 402 3324 Ἀλλὰ
435 3270 535 3324 οὐκ
568 3248 853 3343 εόδόκησεν
881 3277 913 3347 ἡ
947 3248 1063 3329 θεῖα
1090 3248 1254 3350 ’χάρις
1288 3284 1345 3333 ἐν
1382 3282 1499 3351 θείᾳ
1530 3248 1694 3352 βεσλῴ
1724 3283 1784 3335 τὸ

1890 3295 1995 3348 que
2023 3280 2115 3349 qui
2140 3279 2401 3333 visionem
2436 3277 2728 3346 impressit,
2763 3286 2822 3331 ut
2854 3288 3059 3332 veteres
3090 3286 3232 3332 recte
3259 3279 3446 3331 admo-

227 3360 323 3414 τοῦ
350 3361 623 3432 λυμεῶνος
654 3365 821 3435 δνομα
848 3368 1139 3438 γραφῆναι.
1186 3371 1273 3431 Ὠς
1305 3372 1363 3422 ἐν
1395 3373 1699 3441 γυμνασίας
1721 3390 1781 3425 τε

1888 3378 2035 3435 nent,
2066 3370 2412 3438 evangelista
2451 3366 2580 3423 illud
2620 3366 2975 3436 patefecisset.
3019 3367 3209 3421 Verum
3248 3354 3443 3423 divinas

225 3447 392 3519 λόγῳ,
428 3450 595 3505 πολλὰ
627 3452 793 3506 ἐστιν·
820 3456 997 3529 εὑρεῖν
1017 3496 1031 3519 ,
1065 3458 1204 3511 κατὰ
1236 3458 1324 3512 τὸν
1372 3460 1636 3530 μακάριον
1669 3462 1779 3513 Ἰπ-

224 3539 455 3593 πόλυτον
502 3541 596 3595 καὶ⁵
644 3545 881 3616 ἐτέρους,
917 3547 1152 3623 ὀνόματα
1190 3550 1279 3602 τὸν
1330 3550 1558 3620 ἀριθμὸν
1598 3542 1802 3603 τοῦτον

160 3686 169 3694 λ
222 3629 577 3700 περιέχοντα.
605 3638 981 3709 προσηγορικά
1008 3655 1068 3691 τε
1098 3642 1194 3693 καὶ
1235 3639 1418 3710 κύρια.
1450 3641 1628 3711 Κύρια
1662 3642 1780 3711 μὲν,

221 3714 338 3771 οέον
368 3720 683 3794 Animi-mc,
716 3726 927 3792 Τειτὰν,
958 3729 1023 3780 ἐκ
1053 3728 1144 3781 τοῦ
1170 3730 1357 3791 tetra),
1391 3729 1509 3781 καθ’
1543 3729 1780 3783 Ἰππόλυο
1821 3782 1825 3786 _

218 3825 345 3864 τον³
378 3812 652 3880 Δατετνος,
687 3816 887 3886 ὁμοίως
921 3817 1033 3889 [διὰ
1067 3820 1408 3892 διφθόγγου’]
1443 3820 1778 3892 Βενέδικτος·

218 3899 361 3971 ὅπερ
403 3904 759 3973 ἑρμηνεύεται
801 3906 1217 3982 εὐλογημένοςή
1271 3911 1584 3981 εὐλογητὸς·
1637 3910 1776 3964 κατὰ

224 3990 457 4059 μίμησιν
484 3993 643 4061 τυχὸν
664 3995 756 4047 τοῦ
789 3994 997 4065 ἀληθῶς
1030 3999 1386 4070 εὐλογημένου
1420 4000 1659 4072 Χριστοῦ
1682 4000 1773 4053 τοῦ

220 4078 358 4131 Θεοῦ
396 4079 571 4150 ἡμῶν.
600 4083 976 4155 Προσηγορικὰ
1014 4088 1068 4140 δέ
1088 4130 1103 4154 ,
1133 4091 1317 4153 Κακὸς
1339 4091 1549 4160 όδηγὸς,
1573 4091 1773 4142 Παλαι-

222 4169 511 4233 ϐάσκανος,
546 4170 791 4241 ’Δληθῶς
812 4174 1100 4247 βλαϐερὸς,
1142 4179 1333 4249 ’Δμνὸς
1363 4181 1541 4243 ἄδικος
1559 4198 1571 4210 ·
1603 4176 1682 4244 οἷς
1708 4184 1773 4234 ἐκ

216 4261 328 4315 τῶν
358 4263 775 4333 ἐναντιουμένων
799 4269 867 4336 τῇ
890 4266 1061 4337 πλάνῃ
1094 4269 1533 4339 ἐπικληθήσεται,
1567 4270 1662 4340 τὴν
1688 4274 1766 4323 ol-

217 4348 371 4401 κείαν
395 4348 551 4412 δόξαν
576 4352 632 4403 ἐν
663 4352 888 4425 αἰσχύνῃ
915 4354 1207 4424 τιθέμενος.

1887 3458 2075 3526 gratia:
2102 3459 2273 3523 aliud,
2304 3473 2465 3527 quam
2498 3457 2828 3524 corruptoris
2859 3458 3160 3525 perditique
3208 3458 3441 3512 hominis

1880 3563 2098 3611 nomen,
2138 3548 2319 3602 divino
2355 3547 2482 3600 huic
2514 3546 2651 3600 libro
2683 3547 2923 3600 inserere
2961 3545 3135 3598 visum
3172 3544 3289 3599 fuit.
3330 3543 3437 3599 Ve-

1878 3648 2182 3700 rumtamen
2212 3654 2306 3707 per
2352 3637 2570 3691 modum
2601 3636 3005 3691 exercitationis
3044 3636 3213 3689 multa
3243 3651 3437 3691 secun-

1877 3729 2006 3783 dum
2049 3729 2109 3785 B.
2148 3728 2491 3799 Hippolytum
2538 3737 2591 3782 et
2628 3729 2762 3783 alios
2798 3727 3027 3797 conﬁngi
3070 3737 3299 3796 possunt
3336 3710 3434 3780 no-

1878 3821 2061 3887 mina,
2105 3836 2225 3891 qua:
2269 3835 2557 3874 numerum
2609 3820 2759 3873 illum
2805 3819 3249 3887 complectantur,
3305 3833 3428 3871 cum

1877 3914 2121 3981 propria,
2151 3921 2265 3966 tum
2294 3912 2455 3965 etiam
2483 3911 2826 3980 appellativa,
2858 3910 3017 3977 idque
3051 3910 3103 3959 in
3130 3908 3275 3961 omni
3303 3923 3429 3976 pro-

1876 4002 2162 4072 pemodum
2197 4003 2397 4072 lingua.
2434 4000 2740 4069 Proprium,
2775 3998 3002 4067 exempli
3026 4013 3211 4059 causa,
3247 3997 3432 4053 Graece

1876 4094 1947 4147 sit
1976 4093 2290 4162 Λαμπέτης,
2314 4089 2499 4142 Latine
2520 4089 2847 4153 Benedictus,
2872 4087 3085 4142 Persice
3104 4086 3426 4142 Samnitem.

1879 4182 2081 4236 Similis
2126 4184 2179 4234 in
2219 4181 2425 4235 caeteris
2466 4179 2663 4249 linguis
2695 4179 2996 4232 ell‘ormatio
3030 4177 3140 4237 fiat.
3185 4180 3427 4248 Appella-

1876 4272 1986 4324 tivo
2022 4285 2168 4333 vero,
2205 4280 2263 4323 ut
2293 4270 2458 4332 κακὸς
2496 4270 2703 4340 ὁδηγός,
2738 4271 2844 4321 dua;
2882 4270 3177 4337 improbus;
3214 4270 3426 4341 ἀληθῶς

1875 4358 2160 4428 βλαϐερός,
2196 4374 2312 4411 uere
2360 4360 2579 4422 noxius;
2624 4359 2784 4413 πάλαι
2820 4358 3100 4427 βάσκανος,
3136 4361 3248 4427 jam
3300 4358 3422 4410 olim

202 4443 449 4537 invidus;
473 4444 641 4513 ἀμνὸς
662 4446 859 4511 ἄδικος,
895 4464 1056 4517 agnus
1082 4450 1319 4519 iniquus;
1357 4452 1554 4519 quibus
1577 4452 1643 4507 ab
1686 4452 1789 4505 illis
1838 4453 2106 4520 pracipue
2147 4453 2500 4521 appellabitur
2530 4453 2893 4505 Antichristus
2919 4492 2931 4515 ,
2960 4454 3064 4522 qui
3098 4467 3305 4506 errores
3358 4450 3422 4503 il-

217 4538 326 4594 lius
350 4548 704 4608 aversantur;
751 4542 1014 4613 siquidem
1057 4545 1103 4598 is
1147 4545 1372 4615 gloriam
1407 4562 1561 4602 suam
1595 4547 1649 4601 in
1676 4546 1890 4617 ﬂagitiis
1928 4548 2128 4616 probro
2159 4548 2336 4617 dignis
2365 4548 2654 4602 constituet
2680 4550 2763 4600 vel
2793 4548 3043 4600 maxime.
3358 4566 3359 4569 η

1240 4660 1389 4716 Idem
1416 4661 1468 4717 in
1493 4662 1811 4737 Apocalyps.
1857 4681 1987 4730 xvu,
2017 4666 2099 4731 10,
2122 4683 2242 4735 pag.
2269 4668 2390 4719 101.
2459 4681 2479 4688 '

281 4772 495 4837 Τοὺςδέ
520 4773 626 4827 ἀπὸ
662 4776 771 4828 τῶν
821 4779 958 4833 ἐπτὰ
1007 4781 1266 4851 βασιλέων
1298 4786 1562 4850 πεσόντας
1602 4788 1761 4839 πέντε
1795 4792 1809 4845 1

1934 4788 2133 4841 Beatus
2163 4788 2479 4859 Hippolytus
2504 4805 2600 4858 per
2632 4789 2794 4844 hosce
2822 4802 2961 4856 reges
2991 4786 3226 4854 quinque
3254 4784 3346 4853 qui
3380 4799 3411 4838 e

213 4863 486 4932 βασιλεῖς,
517 4866 573 4951 όψ
598 4868 865 4937 μακάριος
930 4872 1238 4938 Ἱππόλυτος
1291 4876 1490 4938 αἰῶνας
1546 4878 1763 4941 τούτους

211 4951 461 5018 ἐξέλαϐεν
480 4973 493 4987 ο
525 4949 599 5009 ὧν
634 4957 759 5019 τοὺς
791 4958 888 5027 μὲν
936 4962 1113 5025 πέντε,
1159 4968 1563 5036 παρῳχηκέναι,
1593 4969 1682 5021 τὸν
1707 4970 1763 5021 δὲ

208 5042 399 5107 ἱκτον,
451 5046 695 5099 ἑστάναι’
744 5049 802 5099 ἐν
848 5042 891 5115 ᾧ
942 5052 1111 5106 ταῦτα
1156 5055 1396 5125 ἑώρακεν
1440 5058 1467 5108 ὁ
1513 5060 1764 5112 Ἀπόστο-

208 5132 329 5196 λος’
362 5136 453 5189 τὸν
478 5136 534 5190 δὲ
564 5137 805 5208 ἕϐδομον,
835 5138 926 5193 τὸν
954 5136 1089 5210 μετὰ
1130 5146 1198 5195 τὰ
1237 5153 1289 5209 ς’
1323 5147 1438 5218 ἐτη,
1480 5149 1643 5218 μήπω
1666 5150 1761 5217 μὲν

207 5227 559 5296 ἐληλυθέναι,
587 5230 872 5301 ἐρχόμενον
920 5231 996 5294 δέ,
1052 5232 1227 5300 ὀλίγον
1270 5236 1350 5289 δεῖ
1398 5243 1594 5308 μεῖναι.
1651 5242 1760 5295 Καὶ

205 5315 381 5369 ταῦτα
415 5319 703 5386 μένοῦτως
737 5320 1003 5392 [ἐκεῖνος]·
1036 5324 1083 5374 εί
1115 5324 1192 5390 δὲ,
1226 5326 1299 5388 ὣς
1323 5346 1481 5398 φησιν
1502 5333 1529 5382 ό
1560 5331 1760 5401 [μακά-

209 5402 345 5476 ριος]
378 5406 694 5494 εἰρηναῖος,
727 5410 911 5484 ὥσπερ
941 5414 1077 5467 ἐπτὰ
1103 5416 1301 5486 ἡμέραι
1338 5419 1760 5494 δεδημιούργην-

206 5506 298 5544 ται
318 5492 504 5555 ,οὕτω
548 5500 641 5551 καὶ
670 5501 807 5554 ἐτττά
826 5503 1056 5574 οὐρανοὶ,
1090 5504 1183 5555 καὶ
1223 5505 1358 5558 ἑπτὰ
1387 5492 1609 5575 ἄγγελοι
1652 5514 1757 5564 τῶν

205 5581 406 5635 λοι-τῶν
436 5586 779 5658 προῦχοντες,
815 5593 908 5646 καὶ
930 5594 1081 5664 ἡμῶν
1109 5594 1371 5663 λεγόντων
1419 5600 1779 5670 εὺωρὰδεκέ

206 5689 294 5730 ων
329 5675 445 5737 τοῖς
496 5674 748 5762 ἀκούουσι
800 5681 1042 5750 φαίνεται
1085 5684 1144 5737 τὸ
1176 5684 1267 5737 καὶ
1310 5687 1445 5740 ἐπτὰ
1478 5690 1751 5757 βασιλείας

1869 4887 2069 4946 septem
2100 4878 2427 4938 ceciderunt,
2458 4878 2653 4932 sarcula
2696 4876 2937 4942 accepit:
2970 4888 3000 4926 e
3022 4866 3219 4940 quibus
3253 4888 3414 4940 qum-

1866 4983 1969 5035 que
2014 4967 2123 5033 jam
2170 4968 2573 5034 praeterierunt;
2622 4963 2933 5027 sextum,in
2970 4977 3079 5031 quo
3122 4962 3412 5030 Apostolus

1869 5059 1982 5110 haec
2011 5055 2373 5120 vidit,-adhuc
2400 5054 2668 5121 decurrit;
2698 5057 2980 5127 septimum
3009 5060 3213 5117 autem,
3238 5066 3295 5107 ut
3324 5055 3409 5110 ille

1861 5148 2133 5215 opinatur,
2166 5158 2284 5215 post
2316 5148 2494 5217 elapsa
2535 5166 2628 5205 sex
2671 5163 2935 5203 annorum
2983 5145 3147 5199 millia
3191 5150 3405 5202 tandem

1860 5255 1916 5294 se
1946 5238 2163 5307 prodet;
2204 5241 2293 5293 ubi
2328 5255 2506 5296 autem
2539 5258 2658 5297 sese
2691 5240 2999 5310 prodiderit,
3028 5248 3214 5308 parum
3243 5243 3407 5295 dura-

1858 5332 1953 5385 bit.
1994 5330 2058 5383 Et
2090 5332 2202 5386 ltzec
2242 5335 2459 5401 quidem
2500 5335 2566 5388 ad
2610 5349 2730 5387 eum
2778 5332 2991 5385 modum
3027 5334 3132 5387 ille.
3176 5332 3399 5394 Forsan,

1859 5431 1916 5473 ut
1954 5421 2013 5475 Β.
2045 5420 2231 5478 Ιι-θιιιοί
2260 5427 2542 5486 sententia,
2577 5433 2776 5492 septem
2809 5424 3006 5477 conditi
3036 5434 3159 5479 sunt
3187 5424 3321 5480 dies.
3348 5430 3398 5474 et

1857 5520 2057 5576 septem
2098 5515 2242 5570 coeli.
2277 5523 2329 5567 et
2360 5523 2561 5582 septem
2610 5513 2782 5579 angeli
2820 5516 3027 5567 caneris
3064 5512 3397 5585 prastantio-

1858 5616 1971 5665 res;
2013 5604 2080 5657 ita
2106 5605 2217 5673 jam
2252 5606 2375 5659 inde
2409 5605 2476 5659 ab
2497 5604 2719 5659 exordio
2743 5621 2911 5675 usque
2938 5606 3002 5658 ad
3032 5586 3211 5660 saeculi
3237 5604 3396 5655 linem

1860 5705 2058 5760 septem
2097 5711 2255 5765 regna
2283 5694 2487 5749 czetcris
2520 5694 2809 5749 celebriora
2855 5696 2984 5749 citra
3014 5693 3395 5755 absurditatem
