4078 6348
646 403 748 457 579

1830 396 2235 454 TESTIMONIA
2300 394 2628 449 VETERUM

3726 387 3847 441 580

646 515 994 577 Antichristo,
1021 514 1072 567 in
1095 529 1201 583 quo
1220 514 1411 567 eadem
1442 513 1651 567 dicendi
1681 511 1848 568 form
1875 526 2107 577 servata,
2135 524 2187 566 et
2214 518 2240 571 Α

2302 508 2411 561 nou
2436 512 2529 562 καὶ
2568 510 2950 581 Ἀντιχρίστου,
3006 511 3065 561 ιν
3195 508 3289 578 ἦτε
3318 507 3453 577 αὐτὴ
3498 507 3607 558 τῶν
3657 504 3845 571 λόγων

568 620 571 621 ⁷
649 620 903 659 sensuum
932 604 1255 671 simplicitas
1280 616 1343 656 ac
1370 608 1627 655 vetustas.

2292 600 2404 651 ιδέα
2437 601 2741 671 διαπρέπει,
2763 599 2926 652 καὶτὸ
2948 599 3055 651 τῶν
3080 600 3358 669 νοημάτων
3391 596 3753 666 ἀπλούστερόν
3773 609 3847 648 τι

2289 689 2382 740 καὶ
2427 688 2837 760 ἀρχαιότροπον.

2164 816 2302 870 Χιιι.

1954 926 2145 982 Suidas
2188 932 2244 983 in
2273 930 2485 987 Lexico.

719 1052 1054 1120 Hippolytus.
1088 1050 1184 1104 Hic
1229 1049 1445 1117 scripsit
1478 1032 1550 1101 in
1598 1048 1910 1115 prophetias
1956 1046 2187 1102 Danielis

648 1142 1110 1202 commentarium,
1137 1151 1188 1193 et
1218 1140 1269 1191 in
1296 1137 1574 1207 proverbia
1610 1134 1932 1189 Salomonis.

2372 1041 2732 1118 'Imzo'lotoq.
2766 1014 2928 1114 όῦτος
2972 1052 3202 1123 ἔργαψεν
3252 1053 3327 1114 εἰς,
3364 1052 3459 1114 τὰς
3489 1052 3705 1121 όράσεις
3732 1047 3843 1103 τοῦ
3898 1070 3901 1073 λ

2289 1141 2480 1210 Δαντὴλ
2509 1142 2829 1212 ὑπόμνημα,
2866 1144 2955 1194 καὶ
2993 1144 3071 1205 εἰς
3110 1142 3205 1204 τὰς
3238 1142 3532 1210 Παροιμίας
3555 1140 3848 1212 Σολομῶν-

2287 1242 2397 1288 τος.

2176 1324 2313 1377 Χινλ
2770 1374 2771 1377 η

1400 1438 1949 1510 Ceorgius-Syncellus
1978 1442 2032 1493 in
2061 1358 2384 1510 Chronoéﬁn
2408 1439 2474 1492 ad
2511 1454 2633 1491 ann.
2661 1439 2783 1501 915,
2810 1455 2928 1507 pag.
2961 1397 3082 1495 558.

717 1556 1028 1627 Hippolytus
1056 1571 1204 1611 sacer
1223 1557 1593 1626 philosophus,
1610 1557 1802 1612 Portus
1823 1559 2048 1612 Romani
2072 1560 2187 1627 epi-

2362 1548 2675 1619 ’Ἱππόλυτος
2709 1557 2847 1626 ἱερὸς
2874 1555 3171 1624 φιλόσοφος,
3195 1555 3484 1617 ἐπίσκοπος
3505 1555 3708 1625 Πόρτου
3736 1553 3840 1607 τοῦ

650 1663 863 1716 scopns,
902 1647 1207 1699 Christiana
1241 1648 1578 1714 philosophia
1619 1658 1900 1717 praestans,
1945 1650 2187 1717 pluribus

2302 1646 2425 1697 ιατὰ
2448 1646 2543 1716 τὴν
2579 1644 2813 1713 Ῥώμην,
2851 1644 3049 1714 σφόδρα
3065 1643 3373 1715 διαπρεπῶς
3395 1644 3541 1713 ἧνθει
3570 1646 3704 1713 ἐντῇ
3734 1661 3845 1696 καρ-

647 1737 889 1805 juvandae
924 1736 1199 1787 hominum
1229 1736 1390 1788 saluti
1423 1737 1739 1804 conscriptis
1774 1738 1923 1791 libris
1955 1739 2188 1791 celebra-

2286 1735 2353 1786 τὰ
2404 1734 2633 1804 Χριστὸν
2682 1734 2989 1803 φιλοσοφίᾳ,
3025 1734 3247 1787 πλεῖστα
3288 1732 3575 1802 ψυχωφελῆ
3613 1734 3845 1786 συντάτο

648 1826 825 1879 batur.
860 1825 1026 1877 Editis
1067 1824 1263 1891 quippe
1306 1824 1358 1874 in
1393 1838 1486 1876 sex
1527 1824 1732 1877 dierum
1767 1840 1920 1891 opus,
1957 1835 2009 1878 et
2046 1826 2098 1877 in
2125 1840 2190 1877 ea

2302 1842 2396 1875 των
2428 1826 2803 1893 ὑποπνήματα.
2841 1824 2934 1885 Εἰς
2958 1840 3014 1875 τε
3038 1826 3143 1893 γὰρ
3171 1824 3265 1893 τὴν
3282 1823 3606 1891 ἑξαήμερον,
3638 1823 3731 1875 καὶ
3754 1824 3846 1885 είς

651 1929 769 1981 quo:
809 1913 1009 1981 priores
1058 1927 1150 1965 sex
1182 1912 1296 1965 dies
1338 1911 1459 1964 illos
1506 1923 1790 1976 consecuta
1836 1924 1986 1975 sunt,
2032 1922 2084 1966 et
2134 1915 2188 1965 in

2302 1914 2357 1966 τὰ
2394 1914 2528 1983 μετὰ
2572 1915 2668 1983 τὴν
2724 1914 3044 1982 ἑξαήμερον,
3096 1915 3172 1975 είς
3205 1913 3372 1966 πολλά
3394 1930 3452 1964 τε
3482 1910 3588 1963 τῶν
3624 1928 3847 1981 προφη-

654 2002 1041 2069 praecipuorum
1087 2001 1496 2069 prophetarum,
1542 2000 1834 2071 Ezechielis
1874 2004 2104 2055 maxime
2139 2014 2191 2055 et

2302 2005 2415 2067 τῶν,
2449 2006 2677 2074 μάλιστα
2710 2002 2966 2072 Ἱεζεκιὴλ
2995 2002 3084 2055 καὶ
3102 2003 3291 2072 Δανιὴλ
3314 2001 3420 2055 τῶν
3452 2002 3696 2071 μεγάλων
3714 2040 3728 2065 ,
3754 2001 3846 2055 ἔτι

654 2091 902 2156 Danielis,
920 2091 1188 2153 vaticinia,
1210 2106 1306 2143 nec
1325 2106 1427 2143 non
1447 2092 1499 2143 in
1517 2090 1755 2157 Cantica,
1780 2102 1831 2144 et
1849 2101 2052 2146 veteres
2071 2109 2191 2159 pas—

652 2183 752 2236 sim
789 2195 1059 2249 novasque
1096 2178 1434 2247 Scripturas,
1464 2182 1887 2243 commentariis,
1916 2182 2197 2248 speciatim
2230 2164 2268 2214 Β

653 2271 721 2327 in.
744 2268 965 2322 Joannis
997 2269 1224 2335 theologi
1244 2269 1296 2320 in
1326 2267 1513 2322 Patmo
1543 2268 1962 2333 Revelationem,
1984 2269 2035 2321 in
2059 2261 2227 2321 Mar:

652 2360 862 2435 cionem
889 2366 942 2410 et
971 2358 1207 2424 reliquas
1238 2358 1489 2418 haereses,
1523 2366 1577 2410 et
1622 2372 1885 2411 annorum
1926 2358 2196 2411 sexdecim

656 2448 962 2501 Paschalem
998 2449 1234 2515 regulam
1286 2448 1352 2501 ad
1393 2464 1592 2500 annum
1641 2449 1871 2517 primum
1912 2448 2204 2503 Alexandri

656 2534 944 2588 ﬂammata:
976 2536 1081 2588 ﬁxo
1118 2536 1345 2587 termino
1376 2536 1625 2605 exposuit
1651 2554 1663 2587 :
1687 2544 1759 2597 et,
1789 2545 1848 2588 ut
1872 2538 2036 2589 verbo
2066 2551 2199 2589 con-

656 2626 889 2686 cludam,
924 2624 1059 2678 vivis
1103 2626 1408 2679 divinorum
1454 2625 1791 2693 eloquiorum
1841 2625 2053 2679 ﬂuentis
2095 2625 2189 2679 Ec-

658 2714 873 2765 clesiam
906 2713 1153 2782 irrigans,
1188 2714 1397 2766 tandem
1424 2714 1662 2783 martyrii
1693 2726 1890 2785 corona
1919 2716 2199 2771 redimitus

654 2816 754 2856 est.
793 2802 867 2855 Ex
894 2804 1011 2870 ejus
1042 2805 1253 2870 scriptis
1290 2804 1575 2857 occasione
1615 2813 1826 2871 sumpta
1861 2804 2046 2857 infelix
2077 2804 2197 2857 Ori-

656 2908 814 2961 genes
870 2893 1033 2951 libros
1082 2908 1248 2946 sacrae
1288 2892 1579 2961 Scriptura:
1611 2894 1954 2963 quamplures
1989 2898 2198 2963 (horta-

654 2993 770 3037 tore
806 2994 859 3038 et
901 2994 1145 3051 sumptus
1188 2985 1518 3037 necessarios
1562 2988 1905 3053 notariosque
1973 2995 2196 3054 septem,

661 3072 782 3124 aliis
810 3080 932 3139 post
965 3074 1100 3124 alios
1132 3087 1304 3139 operae
1332 3073 1759 3137 succedentibus,
1791 3085 1840 3127 et
1871 3075 2013 3129 viros
2040 3091 2200 3131 accu-

660 3161 880 3213 ratioris
905 3160 1235 3213 characteris
1264 3161 1485 3227 peritos,
1510 3178 1615 3214 una
1646 3178 1766 3215 cum
1801 3166 1992 3232 puellis
2013 3168 2198 3220 eadem

632 3247 910 3315 .pingendi
943 3256 1054 3300 arte
1081 3246 1483 3315 praestantibus,
1516 3262 1579 3299 ex
1615 3251 1806 3302 throno
1833 3252 2054 3305 dictanti
2090 3255 2200 3305 lar-

666 3341 800 3407 giter
827 3340 1270 3392 subministrante
1295 3340 1597 3404 Ambrosio,
1630 3350 1683 3394 et
1710 3357 1829 3409 qua:
1858 3344 1923 3396 ad
1962 3345 2201 3397 scriben-

2299 2094 2400 2163 μὴν
2430 2097 2507 2156 εἰς
2545 2095 2611 2146 τὰ
2646 2094 2925 2163 ’ᾼσματα,
2980 2093 3074 2146 καὶ
3104 2096 3181 2155 εἰς
3228 2093 3386 2155 ἄλλας
3434 2091 3687 2154 παντοίας
3731 2109 3850 2144 πα-

2299 2183 2453 2246 λαιάς
2482 2184 2573 2235 καὶ
2600 2183 2722 2246 νέας
2752 2184 2791 2234 Γ
2799 2182 2991 2253 ραφάς,
3027 2184 3083 2234 ἐν
3106 2178 3185 2244 οἷς
3224 2184 3317 2235 καὶ
3344 2182 3422 2245 είς
3448 2182 3544 2253 τὴν
3557 2185 3612 2235 ὲν
3629 2183 3847 2251 Πάτμῳ

2299 2274 2388 2325 τοῦ
2421 2273 2665 2340 Θεολόγου
2705 2273 3058 2341 Ἀποκάλυψιν
3078 2312 3092 2336 ,
3127 2272 3258 2341 πρὸς
3289 2274 3584 2342 Μαρκίωνα
3615 2273 3708 2325 καὶ
3737 2271 3849 2334 τὰς

2298 2362 2482 2424 λοιπὰς
2510 2362 2762 2432 αἱρέσεις,
2793 2364 2884 2415 καὶ
2913 2363 3003 2415 τὸν
3024 2363 3392 2428 ὲξκαιδέκατον
3436 2361 3546 2442 (10)
3586 2363 3847 2433 ἐτηρικὸν

2298 2452 2389 2504 τοῦ
2417 2451 2599 2520 Πάσχα
2618 2453 2811 2513 κανόνα
2843 2451 3053 2517 ἐξέθετο
3085 2452 3420 2522 περιγράψας
3439 2452 3519 2514 είς
3544 2452 3605 2502 τὸ
3625 2451 3848 2522 πρῶτον

2300 2542 2415 2603 ἔτος
2455 2540 2798 2611 Ἀλεξάνδρου
2848 2542 2941 2595 τοῦ
2994 2543 3255 2612 Μαμμίας
3287 2544 3499 2608 τούτου,
3528 2544 3621 2597 καὶ
3655 2544 3855 2596 συντό-

2302 2648 2413 2698 μως
2451 2631 2612 2698 φάναι
2664 2631 2958 2701 Θεοφράδης
3003 2632 3239 2701 ποταμὸς
3280 2635 3343 2703 τῇ
3384 2632 3672 2701 Ἐκκλησία
3705 2631 3853 2696 ζών-

2298 2735 2401 2769 των
2427 2720 2673 2787 ναμάτων
2705 2718 2952 2785 γέγονεν,
2987 2717 3076 2769 τὸν
3124 2714 3449 2787 μαρτυρικδν
3487 2714 3853 2785 περιθέμενος

2300 2810 2555 2875 στέφανον
2591 2806 2820 2878 πρὸς.τῷ
2844 2806 3004 2858 τέλει.
3047 2801 3145 2858 Ἐκ
3172 2807 3355 2857 τούτου
3382 2804 3555 2857 λαϐὼν
3588 2805 3850 2873 ἀφορμὰς

2311 2898 2586 2967 Ὤριγένης
2633 2899 2661 2947 ὁ
2698 2896 2862 2967 τάλας
2918 2894 3418 2966 ὑπερεμνημάτισεν
3466 2894 3673 2946 πολλῶν
3733 2894 3851 2947 τῶν

2298 2989 2550 3060 Γραφῶν,
2590 2984 2908 3058 ’Δμϐροσίου
2942 2984 3329 3056 παρορμῶντος
3363 2984 3524 3036 αὑτὸν
3551 2986 3629 3046 εἰς
3652 2985 3813 3037 τοῦτο
3830 2991 3856 3048 ,“

2301 3080 2394 3131 καὶ
2448 3077 2802 3146 χορηγοῦντος
2844 3074 3138 3143 ἀναγκαίας
3168 3091 3226 3125 τε
3258 3075 3442 3145 χρείας
3468 3074 3711 3142 ἀφθόνως
3746 3076 3853 3127 καὶ

2298 3167 2677 3233 ταχυγρόιφους
2722 3163 2859 3216 ἑπτὰ
2915 3162 3275 3233 παριστῶντος
3310 3163 3626 3233 άμείόοντας

2299 3254 2419 3315 λους
2454 3252 2837 3324 ὑπαγορεύοντι
2882 3252 2973 3303 καὶ
3012 3250 3400 3323 καλλιγράφους
3443 3252 3692 3314 τελείους,
3722 3250 3851 3321 ἅμα

2300 3344 2487 3412 κόραις
2518 3342 2852 3411 ἠσκημέναις
2904 3339 3152 3409 γράφειν,
3201 3342 3399 3410 ἄφατόν
3447 3359 3505 3394 τε
3536 3340 3853 3413 προθυμίαν

660 3431 787 3481 dum
818 3430 1021 3481 cierent
1064 3431 1299 3481 animum
1346 3431 1499 3497 plena
1542 3444 1703 3484 manu
1746 3430 2035 3500 praebente)
2087 3434 2240 3517 suis,

2302 3432 2444 3501 αὑτῷ
2473 3433 2792 3503 παρέχοντος
2820 3433 2900 3494 εις
2929 3432 2990 3484 τὸ
3018 3432 3341 3485 συντάττειν.

659 3516 1123 3571 lucubrationibus
1152 3519 1457 3572 illustravit.

2084 3631 2227 3685 Idem
2266 3634 2392 3686 ibid.

730 3740 853 3794 Haec
879 3755 985 3793 non
1014 3741 1229 3808 proprio
1262 3740 1428 3795 Marte
1456 3745 1788 3813 collegimus,
1820 3752 1914 3801 sed
1953 3762 2018 3801 ex
2050 3748 2192 3800 beati

2364 3744 2543 3797 Ταῦτα
2575 3746 2673 3796 οὐκ
2698 3744 2788 3810 ἀφ’
2822 3741 3023 3794 ἑαυτῶν
3058 3743 3473 3813 συντετάχαμεν,
3501 3742 3612 3793 ἀλλ’
3646 3743 3711 3795 ὲκ
3733 3742 3853 3797 τῶν

662 3831 886 3899 apostoli
918 3837 970 3883 et
996 3829 1189 3882 Portus
1217 3829 1442 3883 Romani
1475 3835 1881 3901 archiepiscopi,
1914 3838 2193 3904 sanetique

2302 3834 2639 3900 παραδόσεων
2694 3832 2787 3883 τοῦ
2856 3832 3118 3903 μακαρίου
3188 3832 3477 3886 ἀποστόλου
3540 3832 3634 3885 καὶ¹
3687 3836 3854 3903 ἀρχι-

665 3920 909 3988 martyris
948 3917 1245 3989 Hippolyti,
1271 3928 1323 3973 et
1354 3921 1545 3974 Aniani
1581 3923 1966 3991 religiosissimi
2010 3940 2197 3978 mona-

664 4010 773 4075 chi,
804 4010 895 4078 qui
930 4011 1137 4077 cyclum
1173 4025 1225 4061 ιι
1261 4008 1566 4064 Paschalem
1608 4027 1871 4065 annorum
1902 4013 2004 4066 532
2040 4014 2197 4066 scho-

666 4100 749 4151 liis
791 4101 1111 4151 illustratum
1150 4099 1552 4174 studiosissime
1579 4099 1831 4169 digessit,
1881 4108 1935 4153 et
1983 4099 2197 4153 Maximi

668 4189 997 4242 sanctissimi
1030 4189 1276 4242 monachi
1323 4199 1375 4241 et
1415 4190 1656 4258 praeclari
1696 4189 2029 4259 philosophi,
2073 4204 2200 4241 con-

669 4278 888 4332 fessoris
917 4289 968 4333 et
991 4281 1169 4348 magni
1198 4280 1445 4335 Ecclesiae
1472 4281 1729 4345 doctoris,
1749 4281 2126 4336 monumentis.

2296 3924 2587 3975 ἐπισκόπου
2619 3920 2869 3993 [Πόρτου]
2903 3922 3114 3993 Ῥώμης
3139 3922 3444 3975 Ἱππολύτου
3476 3924 3567 3974 καὶ
3586 3924 3848 3994 ίερομὰρμ

2298 4028 2478 4081 τυρός,
2507 4010 2741 4063 Ἀνιανοῦ
2767 4029 2825 4065 τε
2856 4011 2949 4063 τοῦ
2988 4013 3273 4066 όσιωτάτου
3307 4010 3556 4081 μοναχοῦ,
3588 4012 3681 4065 τοῦ
3708 4030 3841 4066 συν-

2304 4101 2553 4164 τάξαντος
2607 4101 2799 4153 κύκλον
2854 4108 2923 4153 ια’
2974 4101 3327 4171 πασχουάλιον
3381 4099 3499 4169 φὶβο
3538 4102 3671 4155 ὲτῶν
3723 4104 3844 4175 ἃμα

2307 4190 2533 4259 σχολίοις
2566 4191 2839 4261 ἀκριϐέσι,
2879 4192 2970 4244 καὶ
3009 4190 3253 4258 Μαξίμου
3287 4188 3379 4242 τοῦ
3413 4192 3707 4257 ἀγιωτάτου
3737 4191 3842 4262 μο-

2304 4278 2462 4349 ναχοῦ
2484 4281 2575 4331 καὶ
2598 4281 2882 4348 φιλοσόφου
2908 4280 3156 4350 μεγάλου,
3177 4278 3521 4351 ὁμολογητΟὖ,
3554 4282 3643 4334 καὶ
3670 4283 3844 4351 μεγά-

2305 4367 2396 4418 λου
2430 4367 2737 4421 διδασκάλου
2774 4368 2869 4437 τῆς
2908 4366 3243 4431 Ἐκκλησίας.

2198 4480 2308 4533 XV.

1221 4569 1445 4624 Joannes
1476 4570 1707 4625 Zonaras
1732 4573 1783 4623 in
1806 4572 2054 4625 Annalib.
2083 4581 2206 4625 tam.
2242 4573 2281 4633 l,
2318 4589 2438 4639 pag.
2464 4571 2565 4623 626
2592 4572 2715 4623 edit.
2746 4534 2941 4635 Paris.,
2963 4570 3065 4637 468
3102 4570 3273 4625 Venet.

740 4684 852 4738 Sub
878 4682 1091 4737 Urbano
1116 4683 1357 4737 Romano
1382 4687 1651 4754 episcopo,
1682 4686 1840 4739 etiam
1869 4685 2199 4754 Hippolytus,
2238 4729 2240 4737 ι

2376 4685 2505 4735 Τότε
2556 4684 2827 4753 Οὐρϐανοῧ
2858 4684 2955 4753 τῆς
2980 4686 3278 4759 ἐπισκοπῆς
3310 4687 3408 4756 τῆς
3440 4686 3718 4753 Ῥωμαίων
3741 4686 3840 4736 πό-

671 4778 749 4827 vir
796 4776 1166 4827 sanctissimus
1216 4785 1270 4828 et
1310 4777 1685 4841 doctissimus,
1729 4776 1954 4831 Romani
2011 4776 2201 4829 Portus

669 4868 947 4933 episcopus
998 4864 1205 4927 ﬂoruit,
1247 4868 1337 4934 qui
1390 4869 1445 4921 in
1484 4870 1648 4921 multa
1697 4883 1863 4923 sacrae
1912 4867 2202 4936 Scriptura;

672 4957 1082 5007 commentarios
1116 4958 1448 5024 conscripsit.

2305 4772 2436 4833 λεως
2467 4773 2817 4841 προεστῶτος,
2846 4775 2937 4825 καὶ
2983 4774 3284 4838 Ἱππόλυτος
3309 4777 3475 4845 ῆνθει,
3514 4775 3649 4842 ἀνὴρ
3675 4773 3837 4842 ἱερώο

2303 4878 2458 4923 τατος
2500 4863 2592 4915 καὶ
2626 4863 2957 4930 σοφώτατος,
2990 4864 3277 4927 ἐπίσκοπος
3323 4864 3413 4917 τοῦ
3456 4861 3590 4915 κατὰ
3622 4862 3837 4931 Ῥώμην

2306 4951 2504 5018 Ιιόρτου
2536 4952 2835 5019 γενόμενος,
2862 4951 2916 5015 ὃς
2934 4954 3025 5005 καὶ¹
3049 4955 3212 5008 πολλὰ
3255 4952 3649 5021 συγγράμματα
3684 4968 3838 5005 συνι-

2305 5040 2573 5107 γράψατο,
2605 5040 2831 5111 διάφορα
2859 5044 2955 5112 τῆς
2987 5042 3135 5105 Θείας
3160 5042 3376 5113 Γραφῆς
3414 5039 3833 5109 ἐξηγησάμενος,

2171 5170 2308 5225 XVI.

1556 5310 1870 5379 Nicephoru
1901 5313 2149 5367 Callistus
2180 5310 2314 5363 Hist.
2344 5310 2471 5363 ccci.
2505 5312 2591 5365 lib.
2620 5329 2690 5379 tv,
2714 5330 2829 5381 cap.
2861 5313 2946 5367 51.

744 5399 1091 5467 Temporibus
1123 5402 1301 5455 Severi
1326 5402 1640 5472 Hippolytus
1663 5406 1841 5466 etiam,
1870 5404 2064 5461 Portus
2090 5404 2195 5456 Ro-

676 5488 819 5539 mani
868 5488 1179 5555 episcopus,
1229 5491 1456 5545 ﬂoruit:
1504 5494 1592 5559 qui
1644 5507 1762 5545 cum
1811 5494 1909 5545 alia
1964 5493 2194 5560 plurima

742 5664 757 5723 (
768 5664 784 5712 i
799 5660 849 5723 0)
882 5660 1452 5733 Ἐκκαιδικαετηρικόν.

2310 5450 2317 5459 ,
2370 5405 2490 5465 Τοῖς
2538 5406 2592 5457 δὲ
2627 5406 2763 5457 κατὰ
2798 5404 3029 5473 Σιύηρον
3057 5402 3291 5471 χρόνοις,
3324 5402 3413 5453 καὶ
3468 5403 3773 5466 Ἱππόλυτος
3804 5406 3833 5453 ὁ

2301 5494 2501 5563 Πόρτου
2546 5496 2643 5563 τῆς
2684 5494 2896 5563 Ῥώμης
2940 5493 3225 5553 ἐπίσκοπος
3273 5492 3531 5559 γεγονὼς,
3570 5492 3835 5564 ἀγμάζων
