4078 6348
104 425 279 484 ’597

1332 423 1747 481 FRAGMENTA
1781 422 1846 477 ΙΝ
1883 421 2192 480 GENESIN'.

3266 411 3366 466 598

187 519 373 603 πάντα
395 544 626 606 εἵνεκεν
662 551 938 623 εὐλογίας
957 550 1201 621 μαστῶν
1240 551 1332 603 καὶ
1359 549 1605 617 μήτρας,
1636 548 1705 599 εὐ

1838 545 2112 608 dictionem
2139 544 2351 597 uberum
2377 553 2423 595 et
2454 541 2645 603 malum,
2671 536 3066 591 benedictionem
3098 534 3260 602 patris
3291 532 3367 584 tui

185 640 382 715 λογίας
407 645 629 712 πατρός
649 659 764 697 σου
789 644 885 698 καὶ
913 643 1134 712 μητρός
1162 658 1295 695 σου·
1327 642 1733 707 ὑπερίσχυσεν

184 732 261 783 ἐπ’
286 735 596 802 εὐλογίαις
641 733 824 801 ὀρέων
863 733 1146 803 μονίμων,
1181 731 1279 785 καὶ
1321 731 1410 785 ἐπ’
1437 730 1731 797 εὐλογίαις

187 815 355 873 θινῶν
378 823 649 876 αἰωνίων
685 822 746 877 ατ
780 823 1020 877 ἔσονται
1049 822 1146 876 ἐπὶ
1191 819 1460 889 κεφαλὴν
1501 818 1726 886 Ἰωσὴφ,

186 907 264 960 καὶ
288 907 399 960 ἐπὶ
419 907 702 978 κορυφῆς,
726 904 814 963 ὧν
842 906 1430 980 ἡγήσατο-ἀδελφῶν.

238 998 618 1055 Βιρροιττυετ
651 1002 746 1065 Τίς
769 1002 923 1066 ἄλλος
964 999 1299 1070 ηὐξημένος
1331 999 1460 1064 υἱῦς
1499 997 1593 1051 καὶ
1639 995 1729 1064 ζιι-
1790 1031 1791 1034 η

179 1091 360 1156 λωτὸς
393 1090 497 1154 ἕως
536 1092 634 1163 τῆς
673 1094 929 1164 σήμερον,
953 1094 1001 1146 ει
1042 1090 1116 1164 μὴ
1148 1093 1178 1144 ὑ
1204 1089 1405 1160 Κύριος
1431 1087 1586 1158 ήμῶν
1628 1086 1730 1158 Ἰη-

181 1180 288 1243 σοῦς
322 1179 587 1251 Χριστόςς
618 1182 861 1254 Ζηλωτὸς
893 1185 988 1254 μὲν
1010 1179 1106 1238 οὖν
1145 1183 1251 1254 ἄρα
1286 1179 1378 1233 καὶ
1405 1181 1517 1243 τοῖς
1550 1181 1726 1250 μισεῖν

179 1269 495 1340 θελόμενοις,
549 1272 688 1342 πλὴν
727 1274 823 1326 οὐκ
865 1276 944 1338 εἰς
990 1276 1132 1327 ἅπαν
1177 1271 1463 1341 ἁλώσιμος.
1511 1272 1573 1322 Εἰ
1618 1270 1725 1338 γὰρ

178 1361 257 1412 καὶ
280 1361 480 1433 ἀνέτλη
513 1363 762 1433 σταυρὸν,
793 1365 905 1418 ἀλλ’
937 1366 1012 1429 ὡς
1055 1366 1188 1428 Θεὸς
1232 1363 1449 1426 ἀνεὸΐω,
1483 1362 1726 1430 πατήσας

177 1449 253 1502 τὸν
281 1450 535 1514 Θάνατον,
567 1452 722 1521 μόνον
759 1454 814 1506 δὲ
846 1456 964 1524 οὐχὶ
993 1455 1084 1508 καὶ
1108 1453 1197 1506 τοῦ
1229 1451 1362 1505 Θεοῦ
1393 1453 1485 1505 καὶ
1519 1449 1725 1519 Πατρὸς

176 1539 560 1606 ἑπιφωνοῦντος
586 1543 680 1593 καὶ
723 1542 984 1611 λέγοντος·
1031 1545 1224 1598 Κάθου
1256 1542 1322 1595 ἐκ
1353 1539 1564 1604 δεξιῶν
1582 1557 1720 1608 μου,

177 1630 346 1684 καὶτὰ
370 1631 517 1702 ἑξῆς.
554 1632 672 1686 Ὅτι
704 1633 809 1705 γὰρ
833 1634 1248 1702 ὑποπεπτωκασι
1279 1634 1372 1686 καὶ
1392 1634 1439 1686 oi
1471 1631 1723 1700 πλείστην

176 1721 288 1790 ὅσην
332 1723 433 1791 τὴν
461 1723 588 1775 »κατ’
622 1722 782 1775 αὑτὸν
827 1723 1017 1793 μανίαν
1057 1723 1350 1785 ὡδίνοντες,
1384 1722 1616 1786 ἐδίδαξεν
1647 1723 1724 1774 sl-

1833 647 1882 689 ct
1929 637 2113 689 matris
2162 644 2298 696 ture;
2327 633 2598 704 praevaluit
2631 646 2782 698 super
2811 627 3178 681 benedictioncs
3216 641 3366 677 mon—

1834 726 1964 776 tium
1999 722 2289 787 stabilium,
2334 731 2382 775 et
2426 724 2481 775 in
2521 716 2951 773 benedictionibus
2979 715 3185 766 collium
3216 708 3367 767 arter-

1832 831 2016 866 norum
2048 831 2066 867 :
2097 823 2244 868 erunt
2297 828 2448 881 super
2493 822 2644 880 caput
2694 806 2917 876 Joseph,
2944 815 2992 858 et
3028 820 3179 873 super
3215 809 3365 870 caput

1830 905 2078 972 fratrum,
2113 919 2329 973 quorum
2351 903 2459 954 dua:
2488 902 2609 968 fuit.
3109 910 3112 912 '

1899 993 2099 1063 Ecquis
2129 994 2271 1048 alius
2302 992 2442 1062 [ilius
2487 1003 2668 1044 auctus
2697 999 2744 1044 et
2779 988 2971 1042 zelalus
3013 986 3064 1038 in
3100 986 3244 1038 hunc
3275 998 3367 1038 us-

1828 1100 1934 1152 que
1966 1084 2131 1146 diem.
2162 1098 2324 1153 quam
2372 1079 2630 1135 Dominus
2653 1087 2853 1132 Inoster
2885 1076 3039 1130 Jesus
3077 1072 3368 1128 Christus?

1829 1171 2042 1227 Zelatus
2072 1172 2288 1240 quidem
2313 1171 2426 1225 sive
2465 1169 2661 1230 invidia
2693 1169 2889 1237 petitus
2925 1166 2992 1219 ab
3023 1167 3089 1218 iis
3119 1164 3211 1234 qui
3243 1162 3365 1217 odio

1825 1275 1947 1312 eum
1974 1259 2225 1330 prosequi
2257 1259 2508 1328 gaudent,
2548 1266 2604 1311 at
2638 1273 2741 1310 non
2771 1255 2990 1309 omnino
3013 1259 3391 1323 expugnatus.~

1825 1351 2145 1422 Quanquam
2178 1352 2321 1406 enim
2371 1365 2588 1406 crucem
2627 1348 2902 1412 sustinuit,
2931 1355 3106 1399 tamen
3142 1353 3201 1395 ιιι
3227 1340 3367 1395 Deus

1823 1445 1987 1497 rediit
2041 1445 2093 1496 in
2144 1445 2340 1508 vitam,
2387 1452 2720 1510 mortemque
2764 1439 3116 1500 conculcavit,
3165 1435 3274 1489 Deo
3315 1446 3368 1488 et

1823 1533 1984 1588 Patre
2032 1534 2137 1602 ipsi
2175 1535 2508 1588 acclamante
2559 1548 2624 1587 ac
2654 1533 2865 1586 dicente
2897 1547 2909 1579 :
2942 1528 3073 1582 Sede
3099 1545 3131 1580 a
3169 1527 3366 1580 dextris

1823 1607 1949 1678 meis
1981 1623 2045 1690 ¹⁵,
2077 1632 2132 1680 et
2157 1638 2278 1692 quae
2326 1619 2644 1692 sequuntur.
2688 1619 2842 1686 Quod
2877 1619 3018 1673 enim
3067 1617 3366 1671 succubuc—
3415 1617 3422 1622 ’

1821 1723 1950 1770 runt
1980 1716 2103 1785 ipsi,
2146 1715 2310 1769 etiam
2358 1715 2434 1768 illi
2467 1713 2559 1783 qui
2605 1713 2890 1781 plurimam
2931 1709 3186 1764 adversus
3209 1723 3366 1762 eum-

176 1808 295 1860 πών-
323 1810 427 1875 Eii;
463 1809 536 1862 ὃν
564 1809 1074 1880 διαϐουλευόμενοι
1103 1811 1202 1864 καὶ
1227 1809 1584 1878 ἐιλοιδώρουν
1622 1812 1717 1864 καὶ

1820 1809 1941 1862 dem
1995 1806 2260 1861 insaniam
2315 1803 2702 1874 parturiebant,
2754 1801 2910 1856 docet
2949 1818 3071 1857 cum
3124 1805 3197 1858 ait
3243 1823 3256 1857 :
3299 1801 3366 1856 In

173 1898 392 1968 ἐνεῖχον
442 1899 600 1964 αὑτῷ
643 1901 829 1968 κύριοι
873 1902 1264 1972 τοξευμάτων.
1317 1902 1574 1974 Συνέδρια
1610 1903 1716 1973 γὰρ

1819 1915 1969 1968 quem
2000 1899 2222 1950 consilia
2250 1896 2568 1965 conferentes
2619 1895 2988 1949 maledicebant
3024 1895 3077 1947 in
3123 1911 3240 1948 eum
3275 1895 3369 1947 do-

177 1990 560 2065 συνεγειροντες
607 1991 949 2047 ἐϐουλεύοντο
993 1994 1164 2066 πικρὰ
1205 1994 1320 2047 τῶν
1349 1995 1718 2064 τοξευμάτων

173 2083 218 2133 ol
242 2081 450 2149 κύριοι,
480 2083 755 2138 τουτέστιν
793 2086 844 2137 οἱ
891 2085 1011 2138 τῶν
1039 2086 1183 2140 λαῶν
1233 2087 1542 2157 ἡγούμενοι.
1573 2085 1716 2153 Πλὴν

174 2172 472 2241 συνετρίϐη
524 2172 596 2226 τὰ
647 2175 790 2238 τόξα
833 2176 1051 2236 αὐτῶν,
1104 2178 1201 2232 καὶ
1244 2178 1494 2244 ἐξελύθη
1535 2177 1717 2242 νεῦρα

170 2259 493 2330 ,βραχιόνων
534 2262 732 2316 αὐτῶν
775 2263 873 2318 διὰ
928 2265 1096 2334 χεῖρα
1143 2267 1442 2320 δυνάστου
1501 2264 1713 2327 Ἰακὼϐ,

178 2354 422 2405 amicti.
447 2351 540 2405 τοῦ
573 2353 706 2407 Θεοῦ
756 2358 847 2409 καὶ
897 2357 1126 2428 Πατρὸς,
1156 2358 1215 2420 ὃς
1258 2359 1371 2410 ἐστι
1410 2355 1516 2409 τῶν
1556 2357 1715 2410 δυνά-

185 2457 300 2510 μεων
337 2443 564 2513 Κύριος,
605 2446 662 2509 ὃς
701 2450 796 2502 καὶ
837 2449 1171 2516 εὐλογεῖσθαι
1223 2449 1596 2521 παρεσκεύασε
1628 2449 1715 2501 τὸν

181 2531 283 2586 Υἰὺν
309 2535 366 2588 ἐν
389 2534 467 2605 τῷ
498 2536 711 2607 οὐρανῷ
754 2539 847 2590 καὶ
880 2526 972 2590 ἐπὶ
1001 2539 1102 2608 τῆς
1144 2539 1263 2608 γῆς.
1311 2539 1418 2592 Καὶ
1447 2539 1606 2601 αὑτὸς
1637 2541 1714 2603 εἰς

171 2625 320 2680 τύπον
353 2625 465 2681 τῶν
485 2629 767 2699 ἡμετέρων
812 2629 1316 2701 παραλαμϐάνεται,
1357 2630 1536 2694 καθὼς
1571 2631 1718 2702 δηλοί

165 2716 222 2772 τὺ
250 2717 592 2786 Εὑατγέλιον·
621 2717 711 2786 Γῆ
734 2718 1064 2778 ’Ζαϐουλὼν
1109 2721 1205 2773 καὶ
1247 2719 1320 2788 γῆ
1357 2723 1713 2791 Νεφθαλεὶμ,

165 2807 300 2861 οδὸν
325 2809 634 2876 θαλάσσης
655 2811 842 2879 πέραν
871 2811 975 2865 τοῦ
1008 2811 1320 2880 Ἰορδάνου,
1344 2815 1438 2866 καὶ
1467 2813 1535 2866 τὰ
1562 2814 1710 2884 ἑξῆς.

167 2900 274 2950 Καὶ
299 2899 418 2964 τοῖς
441 2902 786 2970 καθημένοις
809 2905 878 2954 ὲν
899 2903 1101 2956 σκότει
1129 2902 1252 2972 φῶς
1279 2904 1580 2959 ἀνέτειλεν
1608 2908 1709 2960 αὺ-

171 2985 311 3051 τοῖς.
339 2988 487 3042 Ποῖον
522 2991 576 3044 δὲ
619 2991 747 3045 ἄλλο
779 2991 896 3061 φῶς
937 2988 1104 3063 ἦν,ἢ
1147 2993 1335 3063 κλῆσις
1379 2995 1484 3047 τῶν
1528 2995 1712 3059 ἐθνῶν,

160 3078 285 3148 ἥτις
315 3079 424 3131 ἐστὶ
451 3079 508 3131 τὸ
536 3083 812 3151 στέλεχος,
841 3083 1085 3136 τουτέστι
1109 3084 1171 3137 τὸ
1195 3084 1346 3146 ξύλον
1372 3083 1708 3157 τοῦΑΚυρίου,

157 3161 656 3266 ᾧλγκεπρισθεῖσα
684 3176 1048 3241 καρποφορεῖ;
1102 3174 1173 3226 Τὸ
1192 3174 1267 3235 δὲ,
1301 3175 1602 3242 ἐπιδιδοὺς
1646 3178 1716 3229 ἐν
1744 3206 1786 3266 C

74 3307 78 3312 .
160 3256 234 3322 τῷ
262 3257 578 3326 τεννήματι
609 3258 857 3324 κάλλος,
899 3260 958 3312 τὸ
990 3261 1321 3331 ὑπερϐάλλον
1349 3264 1448 3331 τῆς
1473 3264 1712 3335 κλήσεως

162 3349 296 3418 ἂηλοῐ
325 3350 472 3418 ἡμῖν.
502 3350 564 3401 El
586 3350 642 3402 δὲ
671 3352 764 3403 καὶ
788 3350 873 3418 ἐφ’
897 3349 1052 3419 ἡμῶν
1089 3356 1259 3403 νοοῖτο
1287 3353 1445 3420 τυχὸν
1475 3353 1556 3419 τὸ,
1589 3356 1712 3408 ἐπι-ο

165 3439 347 3507 διδοὺς
384 3440 455 3492 ἐν
483 3438 562 3504 τῷ
589 3440 906 3510 γει-νήματι
930 3440 1174 3507 κάλλος,
1210 3443 1308 3494 οὐκ
1339 3443 1659 3516 ἀσυμφανὴς
1683 3448 1710 3498 ὁ

165 3527 316 3598 λόγος.
359 3531 766 3600 Προκόπτοντες
817 3530 925 3603 γὰρ
966 3531 1052 3585 ἀεὶ
1095 3532 1212 3586 κατ’
1240 3533 1438 3604 ἀρετὴν
1479 3535 1570 3586 καὶ
1602 3537 1708 3588 τῶν

159 3622 439 3686 ἀμεινόνων
460 3622 857 3692 ἀφικνούμενοι,
885 3625 1000 3688 ἦτοι
1029 3622 1152 3689 τοῖς
1175 3624 1510 3691 ἔμπροσθεν
1533 3626 1707 3680 ἐπεκ-

117 3757 128 3767 .
154 3715 468 3783 τεινάμενοι
508 3714 649 3767 κατὰ
690 3717 789 3786 τὴν
828 3715 920 3768 τοῦ
951 3716 1220 3787 μακαρίου
1254 3717 1464 3769 Παύλου
1505 3721 1703 3790 φωνὴν,

154 3806 230 3868 εἰς
280 3805 475 3868 κάλλος
515 3805 604 3859 ἀεὶ
654 3806 714 3858 τὸ
762 3807 1216 3877 περιφανέστερον
1268 3808 1704 3881 ἀναϐρὼσκομεν·

151 3895 341 3960 κάλλος
361 3895 418 3949 δέ
442 3910 580 3966 φημι
603 3896 665 3947 τὸ
697 3898 1077 3965 πνευματικὸν,
1120 3896 1204 3947 ἵνα
1235 3899 1327 3950 καί
1352 3901 1480 3969 ἡμῖν
1502 3900 1711 3968 λέγοιτο

149 3986 349 4040 λοιπόν⁹
412 3985 811 4054 Ἐπεθύμησεν
859 3990 892 4040 ό
941 3986 1237 4052 ,βασιλεὺς
1283 3989 1388 4042 τοῦ
1442 3989 1709 4056 κάλλους

148 4093 282 4133 σου.

1818 1991 1947 2042 mini
2000 1989 2422 2058 sagittationum.
2478 1987 2737 2058 Syuedria
2783 1988 2927 2040 enim
2974 1995 3366 2051 convocantes,

1817 2080 2008 2134 acerba
2042 2081 2278 2134 inierunt
2308 2078 2538 2133 consilia
2582 2077 2780 2130 domini
2811 2078 3237 2145 sagittationum,
3264 2078 3368 2131 hoc

1816 2181 1898 2227 est
1938 2172 2256 2241 populorum
2286 2169 2576 2239 principes.
2612 2166 2807 2221 Verum
2833 2167 3043 2219 contriti
3070 2176 3365 2229 suntarcus

1815 2279 2014 2327 eorum,
2061 2273 2109 2315 et
2152 2259 2394 2314 dissoluti
2438 2269 2556 2312 sunt
2606 2260 2745 2312 nervi
2787 2257 3366 2311 brachiorum-illorum

1815 2373 1906 2425 per
1949 2370 2162 2408 manum
2192 2353 2416 2422 potentis
2453 2349 2620 2404 Jacob
2658 2350 2804 2405 :boc
2837 2358 2921 2405 est
2949 2349 3042 2404 Dei
3078 2359 3131 2404 et
3169 2349 3363 2424 Patris,

1815 2448 1907 2517 qui
1939 2455 2022 2501 est
2057 2445 2317 2499 Dominus
2362 2441 2762 2512 potentatuum,’
2806 2442 2897 2512 qui
2930 2442 3090 2496 etiam
3128 2441 3367 2496 benedici

1816 2539 1940 2594 fecit
1974 2536 2167 2591 Filium
2202 2537 2254 2589 in
2287 2535 2426 2596 caelo
2461 2542 2514 2587 et
2563 2533 2615 2586 in
2648 2541 2808 2587 terra.
2849 2531 2911 2588 Et
2941 2531 3279 2604 Nephlhalim
3313 2535 3398 2604 in,

1817 2640 2000 2701 typum
2027 2644 2206 2683 rerum
2237 2635 2544 2681 nostrarum
2577 2623 2892 2687 assumitur,
2928 2633 2986 2678 ut
3007 2627 3163 2680 docet
3193 2623 3370 2680 Evan-
3450 2625 3452 2628 ’

1816 2722 2011 2794 gelium
2048 2736 2061 2772 :
2096 2718 2256 2772 Terra
2305 2717 2539 2771 Zabulon
2572 2725 2620 2768 et
2655 2724 2795 2767 terra
2840 2714 3199 2784 Nephthalim,
3229 2718 3368 2770 viam

1815 2811 2150 2866 maris‘ultra
2183 2808 2470 2864 Iordanem
2497 2807 2564 2871 “,
2592 2815 2646 2860 et
2673 2821 2794 2874 qua:
2814 2814 3129 2874 sequuntur.
3166 2805 3233 2860 Et
3254 2808 3364 2862 illis

1815 2910 1903 2979 qui
1931 2906 2170 2962 sedebant
2198 2906 2253 2957 in
2278 2903 2517 2966 tenebris,
2542 2911 2781 2954 exortum
2802 2909 2877 2954 est
2897 2899 3069 2954 lunten
3097 2901 3162 2956 *⁷.
3186 2899 3365 2967 Quod-

1817 3013 1939 3052 nam
1971 3012 2097 3051 vero
2128 2997 2309 3050 lumen
2339 2991 2484 3047 aliud
2521 3007 2683 3061 quam
2715 2991 2923 3047 vocatio
2951 2993 3211 3061 gentium,
3244 3006 3365 3061 qua:

1815 3099 1898 3145 est
1926 3087 2238 3157 virgultum,
2274 3085 2376 3141 hoc
2413 3095 2495 3139 est
2527 3084 2735 3154 lignum
2776 3080 3016 3147 Domini,
3042 3083 3131 3137 cui
3165 3083 3365 3137 inserta

1817 3181 2026 3236 fructus
2048 3179 2289 3248 profert?
2333 3178 2402 3232 At
2432 3177 2612 3232 verbis
2640 3192 2654 3228 :
2685 3175 2827 3230 Dant
2874 3177 2928 3230 in
2976 3172 3227 3247 germine’
3242 3177 3366 3246 pul—

1815 3270 2164 3323 chritudinem
2183 3309 2199 3335 ,
2233 3267 2617 3324 abundantiam
2660 3266 2957 3320 vocationis
2981 3266 3136 3326 nobis
3161 3266 3366 3334 signiﬁ-

1815 3371 1921 3416 cat.
1964 3360 2019 3415 Si
2055 3375 2185 3415 vero
2213 3368 2267 3415 et
2305 3360 2371 3414 de
2397 3357 2552 3412 nobis
2599 3356 2963 3424 intelligantur
2991 3358 3152 3411 verba
3189 3373 3202 3408 :
3231 3357 3381 3410 dans.

1813 3455 1868 3506 in
1918 3453 2143 3522 germine
2191 3449 2666 3520 pulchritudinem,
2717 3461 2822 3500 non
2871 3447 3230 3515 incongruens
3261 3448 3364 3500 erit

1813 3545 2005 3598 oratio.
2039 3542 2386 3597 Proﬁcientes
2417 3539 2560 3593 enim
2607 3552 2816 3605 semper
2855 3537 2907 3590 in
2951 3538 3175 3599 virtute,
3205 3546 3258 3591 et
3294 3537 3361 3590 ad
3410 3582 3414 3586 ,

1816 3636 2038 3688 meliora
2092 3639 2448 3702 penetrantes,
2505 3627 2617 3681 sive
2671 3627 2965 3681 secundum
3017 3629 3155 3682 beati
3210 3626 3362 3683 Pauli

1816 3726 2097 3793 voceln,ad
2127 3726 2304 3792 priora
2340 3737 2428 3773 nos
2457 3716 2782 3773 extendentes
2813 3721 2875 3786 ιθ,
2910 3721 2973 3774 ad
3004 3721 3364 3790 pulcln'itudia

1817 3834 1938 3872 nem
1973 3829 2182 3882 semper
2234 3811 2648 3881 splendidiorem
2691 3813 2977 3878 enitimur;
3009 3813 3363 3882 pulchritudi—

1814 3923 1958 3969 nem,
1983 3905 2224 3973 inquam,
2253 3900 2546 3970 spiritalem
2568 3940 2584 3963 ,
2618 3909 2677 3955 ut
2711 3912 2766 3956 et
2795 3902 2950 3957 nobis
2979 3903 3186 3958 dicatur
3214 3905 3360 3958 dein-

1814 4011 1938 4064 ceps
1963 4010 1977 4044 :
2005 3991 2309 4060 Concupivit
2340 4008 2430 4045 rex
2461 3990 2699 4048 decorem
2726 4002 2870 4046 tuum
2896 3994 2958 4048 ".

1356 4195 1482 4250 Post
1515 4195 1765 4248 nonnulla
1797 4193 2118 4263 Apollinarii
2140 4209 2161 4248 :

213 4287 554 4345 HIPMLYTUS
593 4304 609 4341 :
660 4287 773 4342 Ἐπ’
820 4287 977 4339 αὑτὸν
1026 4286 1081 4339 δὲ
1133 4288 1293 4341 πάλιν
1354 4291 1444 4343 τὸν
1501 4291 1708 4361 Ἐμμα-

147 4381 305 4451 νουὴλ
348 4383 377 4434 ὁ
421 4382 520 4451 τῆς
570 4379 898 4449 προφητείας
958 4378 1166 4450 διέρπει
1222 4380 1397 4450 λόγος.
1457 4381 1700 4451 Ἐπειδὴ,

1886 4286 1966 4343 Ad
2021 4289 2196 4358 ipsum
2247 4290 2440 4344 iterum
2495 4287 2810 4342 Emmanuel
2863 4283 3168 4358 prOpbetiw
3197 4290 3375 4358 serpit.

1813 4381 2008 4438 oratio.
2056 4381 2526 4450 Quandoquidem,
2563 4389 2622 4433 ut
2667 4379 2936 4442 existimo,
2971 4380 3116 4434 aliud
3165 4397 3230 4435 ex
3271 4382 3357 4435 illa

141 4467 318 4540 οἶμαι,
342 4487 443 4523 που
467 4470 528 4522 τὸ
552 4466 1138 4537 ἐξαὺτῆςιδηλούμενον
1162 4468 1346 4539 ἕτερον
1367 4471 1516 4524 οὐδέν
1541 4473 1706 4533 ἐστιν,

1816 4469 2177 4539 signiﬁcatum
2213 4457 2346 4522 nihil
2373 4477 2486 4530 est,
2513 4482 2677 4536 quam
2698 4469 2839 4535 quod
2863 4467 2975 4535 jam
3017 4469 3178 4524 modo
3203 4471 3355 4534 dixit,

141 4559 178 4630 ἢ
215 4561 354 4632 ὅπερ
407 4560 512 4630 ἔφη
560 4560 789 4631 ἀρτίως,
836 4557 1138 4624 ἐπιδιδοὺς
1176 4562 1245 4613 ἐν
1281 4561 1359 4625 τῷ
1393 4560 1710 4631 γεννήματι

141 4651 394 4718 κάλλος·
421 4650 485 4703 τδ
521 4650 633 4721 γὰρ
664 4647 927 4718 ηὐξῆσθαι
954 4647 1098 4716 λέγει
1121 4650 1282 4704 αὑτὸν
1307 4652 1403 4723 τὴν
1434 4654 1511 4716 εἰς
1532 4652 1592 4704 τὸ
1614 4654 1706 4706 ἀπ’

141 4742 320 4812 ἀρχῆς
348 4742 588 4798 ἐπίδοσιν
621 4739 716 4794 καὶ
743 4738 1050 4810 ἀναδρομὴν
1081 4740 1182 4808 τῆς
1207 4742 1431 4813 ἐνούσης
1456 4742 1706 4807 εὐκλείας

138 4831 296 4901 αὐτῷ
344 4831 592 4899 φυσικῶς.
630 4829 901 4902 σημαίνει.
952 4828 1121 4883 Τοῦτο
1168 4832 1384 4894 πάντως
1409 4833 1718 4901 κατάγεται.

137 4920 321 4988 ὀρθῶς
354 4921 495 4992 ἔχειν
529 4915 944 4990 ὑπειλημμένον.
985 4919 1197 4991 Ἐπειδὴ
1229 4919 1338 4989 γὰρ
1367 4919 1455 5002 (5)
1490 4923 1517 4972 ὁ
1551 4939 1706 4990 μονο-

135 5011 309 5083 γενὴς
341 5013 435 5068 τοῦ
480 5013 613 5068 Θεοῦ
650 5013 838 5080 Λόγος,
869 5011 1000 5075 Θεὸς
1043 5011 1300 5082 ὑπάρχων
1347 5013 1409 5063 ὲκ
1439 5011 1572 5065 Θεοῦ
1605 5015 1703 5084 (6),

1813 4561 1945 4615 dans
1976 4563 2029 4614 in
2059 4561 2285 4630 germine
2316 4557 2787 4630 pulchritudinem;
2813 4559 2889 4613 ait
2930 4561 3073 4614 enim
3104 4577 3225 4616 eum
3255 4576 3355 4616 au-

1811 4668 2030 4721 gescere
2068 4650 2414 4706 incrementis
2455 4650 2506 4703 in
2535 4650 2585 4705 id
2619 4652 2762 4720 quod
2803 4653 2872 4707 ab
2900 4653 3055 4707 initio
3079 4652 3270 4716 fuerat,
3302 4661 3357 4706 et

1810 4745 1983 4800 reditu
2033 4744 2098 4797 ad
2147 4741 2459 4804 naturalem,
2494 4756 2621 4811 qua:
2658 4742 2712 4796 in
2756 4743 2848 4797 illo
2894 4753 2997 4809 est,
3024 4743 3356 4798 nobilitatem

1813 4833 1944 4887 ferri
1974 4830 2257 4901 signiﬁcat.
2283 4828 2395 4884 Hoc
2437 4831 2662 4888 omnino
2697 4842 2843 4888 recte
2865 4833 3184 4908 intelligitur
3208 4833 3354 4900 quod

1812 4928 2194 4990 assumpserat.
2243 4917 2683 4991 Quandoquidem
2730 4923 3057 4994 unigenitum
3099 4921 3192 4975 Dei
3224 4919 3355 4976 Ver-

1811 5018 1959 5078 bum,
1995 5011 2135 5068 Deus
2164 5026 2231 5066 ex
2267 5011 2375 5068 Deo
2405 5015 2692 5080 exsistens,
2714 5010 3039 5081 semetipsum
3059 5013 3357 5071 secundum

206 5218 253 5251 ⁸⁸
285 5216 432 5274 Psal.
455 5237 565 5286 cn,
593 5221 642 5275 1.
719 5220 762 5252 ¹⁶
782 5218 967 5275 Matth.
998 5234 1070 5284 Iv,
1103 5219 1190 5273 15.
1267 5220 1307 5250 "
1345 5219 1477 5274 Ibid.
1506 5220 1591 5276 16.
1669 5223 1715 5254 ¹⁹

1822 5221 1967 5288 ihpp.
1995 5233 2075 5284 tu,
2101 5219 2187 5276 13.
2263 5219 2307 5252 ¹⁹
2330 5219 2470 5276 Pal.
2495 5236 2639 5288 xuv,
2667 5219 2752 5274 19.

208 5389 296 5461 (5)
336 5389 564 5472 ἐἶπειδὴ
842 5411 893 5472 Ξ.
917 5393 974 5446 λ.
993 5392 1126 5472 Haec
1143 5404 1197 5472 et
1227 5394 1512 5472 sequ_e_ntia_
1535 5410 1706 5472 usque

136 5461 204 5516 ad
235 5473 343 5546 9,31
364 5461 806 5546 θπὲξχονεῠτῷ.
842 5461 1025 5546 ἷξοῐζιφ
1051 5464 1118 5546 ab
1143 5461 1327 5546 Isaaco
1359 5465 1551 5546 vossio

139 5530 554 5600 scripta,edidit
573 5530 808 5610 primum
842 5533 1078 5589 Grabius
1102 5535 1154 5588 in
1182 5536 1453 5589 adnotatis
1477 5535 1541 5588 ad
1567 5534 1701 5587 Bulli

140 5600 364 5666 Defens.
390 5596 483 5674 ﬁd.
516 5596 662 5674 lyra,
695 5618 818 5674 pag.
849 5602 969 5667 105,
1007 5612 1060 5657 et
1097 5604 1311 5674 quidem
1351 5606 1585 5674 pleniora
1622 5614 1703 5656 at-

140 5618 364 5666 νηεησ.
390 5618 483 5664 μα.
516 5618 662 5663 mc.,
695 5618 759 5671 pa
805 5643 818 5656 .
849 5618 969 5667 suo,
1007 5618 1060 5657 et
1097 5618 1311 5674 qmaem
1351 5618 1585 5674 plemora
1622 5618 1703 5656 at-

133 5682 249 5743 que
275 5666 679 5743 emendation;
713 5620 798 5724 ad8
809 5687 928 5739 quae
952 5674 1176 5741 proinde
1202 5676 1476 5743 exegiums
1501 5673 1720 5731 editum,

183 5735 553 5791 ahricianum.
589 5791 597 5798 _
828 5735 840 5739 “
952 5735 969 5741 ⁷
1303 5735 1329 5743 “
1701 5781 1708 5789 .

209 5805 300 5880 (ti)
343 5803 483 5874 Θεὸς
522 5807 802 5877 ὑπάρχων
841 5808 907 5899 εκ
951 5810 1116 5866 Θεοῦ.
1174 5809 1533 5868 Observamus
1587 5819 1706 5880 post

1806 5389 2085 5465 Grabiunr,
2115 5405 2364 5450 sanctum
2394 5403 2679 5465 martyrem
2705 5388 2981 5465 ipsiusmet
3014 5390 3226 5465 c_on_cilii
3255 5388 3347 5443 Ni.

1808 5463 2194 5534 cmuiphrasin
2226 5459 3008 5534 usurpare{quemadmodum
3044 5460 3179 5534 inira
3224 5477 3346 5534 con-

1809 5544 1890 5604 ινα
1921 5527 2167 5604 Nectum,
2203 5550 2324 5604 cap.
2358 5527 2446 5598 ἶο,
2471 5527 2605 5604 dixit
2640 5527 2840 5604 φῶςμὲκ
2866 5527 3062 5604 φωτός,
3084 5529 3255 5604 tamen
3281 5530 3344 5582 de

1805 5599 2020 5654 (tantine.
2065 5601 2242 5657 Minus
2273 5597 2437 5657 recte,
2466 5599 2622 5655 vertit
2652 5597 2854 5655 verba.
2877 5599 2978 5652 ista
3023 5597 3296 5651 Fabricius
3328 5616 3339 5648 :

1806 5669 1935 5722 Cum
1966 5672 2103 5726 Deus
2131 5681 2262 5727 esset
2288 5689 2315 5724 e
2343 5672 2480 5735 Deo;
2513 5670 2589 5722 uti
2638 5677 2690 5722 et
2733 5670 3005 5738 sequentia
3030 5709 3046 5727 ,
3075 5677 3341 5733 spouthue

1806 5755 1858 5791 se
1887 5741 1939 5792 in
1974 5742 2026 5812 id
2057 5743 2192 5812 quod
2217 5758 2335 5794 non
2366 5752 2475 5797 erat
2510 5738 2703 5806 induit,
2735 5751 2886 5809 atque
2918 5738 3187 5807 inglorium
3226 5749 3353 5786 car--

1806 5825 1919 5863 nem
1946 5811 2044 5864 sibi
2077 5811 2310 5868 induxit.
