4078 6348
725 492 827 549 599

1593 502 1649 558 S.
1694 502 2056 560 IllPPOLYTl
2097 505 2245 561 OPP.
2292 507 2466 563 PARS
2502 508 2542 565 1.
2580 540 2645 552 —
2684 509 3092 567 EXEGETICA.

3835 512 3941 564 (³00

724 614 1031 684 Scripturas
1077 621 1362 675 exinanivit
1400 623 1467 685 ",
1493 622 1780 680 demittens
1810 627 1953 681 ultro
1999 641 2059 682 se
2104 628 2265 695 ipsun‘

2382 629 2710 683 κεκένωκεν
2739 629 2955 683 ἑαυτὸν
2996 628 3135 683 κατὰ
3171 628 3269 693 τὰς
3312 629 3551 698 Γραφάς,
3592 629 3781 691 καθεὶς
3818 629 3943 681 ὲθε-

719 703 779 759 in
809 707 859 760 id
890 710 1032 777 quod
1064 726 1170 765 non
1214 721 1350 774 erat,
1378 722 1432 766 et
1468 714 1626 767 vilem
1676 714 1877 769 hancce
1927 732 2143 770 carnem
2192 718 2276 771 in-

719 796 860 860 duit,
892 809 1053 867 atque
1094 801 1147 854 in
1199 804 1332 855 servi
1360 802 1531 871 forma
1574 807 1848 873 apparuit,
1885 806 1995 861 Deo
2024 818 2102 862 ,εις
2130 806 2275 862 Patri

719 885 895 960 factus
941 889 1180 946 obediens
1217 909 1378 963 usque
1427 897 1496 947 ad
1528 907 1780 960 mortem;
1824 907 2093 968 eapropter
2120 898 2268 952 dein-

719 993 848 1048 ceps
875 988 923 1032 et
952 984 1368 1050 superexaltatus
1395 985 1625 1055 legitur;
1662 997 1717 1041 et
1750 996 2004 1057 tauquam
2036 990 2086 1043 id
2112 1004 2275 1059 prOpe

719 1085 829 1125 non
864 1064 1067 1128 habens
1098 1088 1316 1146 propter
1356 1078 1644 1133 humanam
1672 1086 1940 1141 naturam,
1968 1096 2030 1134 ac
2056 1081 2273 1149 gratuiti

717 1162 892 1217 instar
918 1166 1064 1231 doni,
1093 1169 1298 1235 accepit
1337 1185 1523 1221 nomen
1571 1186 1724 1237 super
1765 1186 1913 1222 omne
1951 1187 2153 1236 nomen,
2183 1164 2274 1226 se;

716 1258 955 1310 cundum
988 1258 1126 1311 beati
1162 1257 1312 1313 Pauli
1341 1260 1521 1314 verba.
1555 1260 1660 1314 Sed
1702 1276 1764 1315 ex
1810 1262 1884 1315 rei
1917 1263 2157 1323 veritate.
2187 1279 2272 1317 res

714 1357 896 1401 tamen
947 1350 1060 1417 ipsa
1114 1366 1219 1404 nou
1254 1358 1370 1405 erat
1400 1368 1587 1405 eorum
1622 1354 1822 1406 donum
1855 1369 1974 1421 quae
2008 1356 2076 1409 ab
2119 1355 2273 1411 initio

713 1441 1039 1495 naturaliter
1086 1440 1140 1495 in
1185 1443 1431 1511 οοιιιειιιιι
1485 1454 1667 1504 essent
1694 1444 1876 1514 (longe
1917 1446 2072 1500 aliter
2092 1463 2155 1501 se
2184 1464 2271 1503 res

713 1532 928 1602 habet);
970 1535 1061 1587 sed
1106 1535 1284 1603 potius
1332 1535 1537 1589 reditus
1577 1536 1970 1593 existimandus
2000 1548 2082 1593 est
2110 1547 2163 1593 et
2189 1555 2273 1593 re-

714 1639 909 1678 cursus
943 1624 1007 1678 ad
1048 1625 1122 1688 id,
1154 1626 1298 1695 quod
1337 1626 1405 1683 ab
1450 1626 1603 1680 initio
1635 1630 1997 1683 essentialiter
2030 1638 2083 1683 et
2122 1630 2270 1684 inse--

711 1716 1025 1785 parabiliter
1054 1718 1103 1771 ei
1134 1717 1327 1772 iuerat.
1361 1716 1725 1783 Quamobrem
1757 1729 1811 1773 et
1841 1735 1964 1774 cum
2002 1735 2095 1790 per
2126 1736 2272 1778 (nco-

710 1808 949 1861 uomiam
977 1809 1279 1863 humilitate
1301 1810 1481 1863 carnis
1502 1820 1646 1863 esset
1672 1810 1911 1877 indutus,
1938 1813 2012 1866 ait
2037 1830 2051 1866 :
2088 1812 2270 1877 Pater,

707 1900 948 1968 gloriﬁca
980 1916 1060 1952 me
1088 1900 1255 1969 gloria
1281 1917 1437 1971 quam
1464 1900 1625 1971 habui
1648 1904 1716 1969 ιι,
1736 1913 1788 1957 et
1807 1918 1928 1972 qum
1949 1914 2274 1975 sequuntur.

2376 719 2560 791 λοντὴς
2588 720 2773 771 ἑαυτὸν
2805 722 2883 782 είς
2918 721 3053 790 ὅπερ
3081 720 3179 773 οὐκ
3210 716 3297 790 ἦν,
3327 721 3419 773 καὶ
3462 721 3558 790 τὴν
3590 720 3779 786 ἄδοξον
3809 720 3943 772 ταύ-

2374 827 2474 879 την
2508 809 2685 879 σάρκα
2715 803 3043 879 ἠμπέσχετο,
3072 810 3164 861 καὶ
3194 810 3250 860 ὲν
3283 812 3347 879 τῇ
3366 809 3471 862 τοῦ
3492 808 3715 861 δούλου
3729 808 3943 876 μορφῇ

2376 901 2579 971 πέφηνε
2615 899 2722 969 (7),
2756 899 3009 969 γεγονὼς
3039 900 3307 965 ὑπήκοος
3343 899 3420 969 τῷ
3467 898 3584 968 Θεῷ
3631 900 3725 953 καὶ
3756 900 3943 970 Πατρὶ

2368 989 2544 1059 μέχρι
2586 990 2859 1052 θανάτου,
2904 990 3086 1057 ταύτῃ
3134 1007 3213 1042 τοι
3252 990 3432 1057 λοιπὸν
3471 990 3567 1042 καὶ
3591 989 3942 1056 ὐπερυψοῦε-

2373 1074 2515 1136 σθαι
2540 1082 2791 1150 λέγεται*
2825 1082 2920 1134 καὶ
2954 1083 3026 1146 ὡς
3072 1084 3171 1135 οὐκ
3202 1082 3337 1151 ἔχων
3371 1081 3457 1135 διὰ
3495 1083 3554 1135 τὸ
3596 1080 3937 1151 ἀνθρώπινον

2378 1173 2672 1242 μονονουχὶ,
2700 1172 2794 1224 καὶ
2821 1173 2876 1237 ἐν
2902 1172 3118 1242 χάριτος
3148 1173 3331 1243 μοίρᾳ,
3356 1172 3617 1242 λαμϐάνει
3648 1172 3717 1225 τὸ
3747 1171 3938 1237 ὄνομα

2372 1267 2438 1318 τὸ
2474 1265 2622 1333 ὑπὲρ
2663 1264 2783 1319 πᾶν
2812 1264 3015 1332 ὄνομα,
3049 1265 3188 1319 κατὰ
3219 1265 3314 1335 τὴν
3356 1264 3449 1319 τοῦ
3490 1265 3753 1335 μακαρίου
3794 1260 3936 1315 Παύ-

2372 1355 2462 1407 λου
2508 1357 2709 1428 φωνήν.
2759 1354 2893 1407 Ἀλλ’
2922 1351 3078 1424 ἦντὸ
3127 1357 3313 1426 χρῆμα
3358 1355 3498 1408 κατὰ
3528 1356 3587 1406 τὸ
3626 1354 3829 1424 ἀληθὲς
3864 1353 3936 1422 (8)

2371 1449 2431 1501 οὐ
2465 1447 2607 1508 δόσις
2638 1447 2713 1509 ὡς
2744 1448 2799 1497 ὲν
2830 1447 2968 1516 ἀρχῇ
3002 1445 3106 1499 τῶν
3128 1448 3226 1499 οὐκ
3254 1448 3475 1500 ὲνόντων
3496 1446 3643 1515 αὑτῷ
3668 1445 3937 1514 φυσικῶς,

2372 1537 2565 1591 πολλοῦ
2610 1554 2673 1606 γε
2705 1539 2797 1590 καὶ
2842 1536 2937 1595 δεῖ
2989 1539 3154 1589 νοοῖτο
3176 1537 3220 1589 δ’
3251 1538 3318 1591 ἂν
3358 1538 3553 1607 μᾶλλον
3586 1537 3938 1607 άναφοίτησις

2372 1626 2467 1677 καὶ
2515 1623 2788 1695 ἀναδρομὴ
2818 1624 2953 1694 πρὸς
2985 1624 3045 1676 τὸ
3096 1626 3152 1675 ὲν
3199 1626 3338 1696 ἀρχῇ
3384 1628 3477 1679 καὶ
3524 1624 3792 1687 ούσιωδῶς
3839 1625 3940 1676 καὶ

2371 1714 2760 1785 ἀναποϐλήτως
2784 1700 3033 1786 ¹ὑπάρχον
3054 1716 3230 1785 αὐτῷ.
3260 1720 3544 1790 Τοιγάρτοι
3575 1718 3668 1771 καὶ
3694 1718 3932 1786 ἔφασκεν

2371 1805 2399 1855 6
2431 1803 2529 1871 τῆς
2554 1805 2969 1877 ἀνθρωπότητος
3002 1806 3061 1858 τὸ
3096 1810 3501 1879 σμικροπρεπὲς
3534 1810 3757 1871 ὑποδοῦς
3788 1812 3932 1862 οἰκο-

2372 1894 2629 1963 νομικῶςο
2678 1896 2889 1964 Πάτερ,
2934 1896 3198 1959 δόξασόν
3243 1916 3317 1967 με
3368 1898 3441 1967 τῇ
3482 1899 3627 1969 δόξῃ
3746 1897 3931 1969 εἶχον,

711 1990 938 2060 Semper
967 1991 1111 2045 enim
1138 2000 1257 2046 ’erat
1300 1993 1355 2045 in
1394 1993 1561 2061 gloria
1603 1994 1803 2057 divina,
1840 1994 1932 2063 qui
1956 2005 2079 2047 ante
2111 1987 2265 2049 omne

2377 1987 2466 2038 καὶ
2497 1985 2565 2039 τὰ
2598 1986 2737 2057 ἑξῆς.
2781 1989 2890 2041 Ἀεὶ
2915 1987 3025 2059 γάρ
3055 1984 3121 2058 ἧν
3148 1990 3206 2041 ὲν
3232 1988 3354 2060 δόξῃ
3380 1990 3689 2062 θεοπρεπεῖ,
3715 1990 3795 2061 τῷ
3826 1979 3931 2059 ἱδίῴ

707 2098 880 2136 ςυνιιιιι
907 2091 962 2137 et
991 2091 1202 2151 tempus
1223 2094 1386 2152 atque
1429 2093 1555 2141 ante
1601 2086 1788 2140 mundi
1822 2080 2266 2142 Constitutiouein

703 2174 925 2243 proprio
952 2172 1098 2227 Patri
1126 2176 1421 2229 coexsistit.

716 2249 718 2253 6
777 2265 1099 2336 lntclligitur
1149 2268 1310 2321 etiam
1342 2270 1725 2325 convenienter
1769 2285 1864 2340 per
1889 2271 2269 2336 adolescentio-

704 2373 815 2411 rem
847 2358 960 2411 sive
978 2357 1266 2425 juniorem.
1321 2359 1586 2427 Apparuit
1636 2360 1781 2413 enim
1843 2361 1895 2413 in
1938 2361 2143 2414 ultimis
2169 2362 2269 2415 aevi

703 2449 1063 2519 temporibus,
1093 2456 1147 2501 et
1175 2459 1293 2517 post
1316 2457 1627 2504 sanctorum
1656 2451 2042 2520 prophetarum
2072 2453 2265 2519 glorio-

703 2557 825 2597 sum
859 2549 913 2593 et
966 2539 1190 2609 dignum
1243 2555 1427 2593 amore
1467 2541 1732 2603 chorum,
1783 2550 1836 2594 et
1862 2542 2180 2609 simpliciter
2207 2557 2270 2596 ac

703 2632 873 2689 semel
896 2640 955 2685 ut
979 2632 1182 2693 dicam,
1212 2641 1334 2700 post
1367 2647 1558 2685 omnes
1604 2642 1871 2701 quotquot
1903 2644 2029 2685 ante
2057 2643 2269 2702 tempus

702 2723 1123 2787 incarnationis,
1156 2722 1208 2774 in
1243 2722 1433 2776 ordine
1467 2722 1703 2776 filiorum
1738 2724 1807 2777 ob
1846 2723 2098 2776 virtutem
2122 2738 2270 2777 com-

701 2814 875 2884 pntati
923 2824 1070 2869 sunt.
1132 2813 1345 2869 Zelatus
1380 2823 1559 2868 autem
1612 2814 1760 2883 quod
1792 2814 1991 2869 dicitur
2046 2813 2268 2868 Emma-

700 2903 850 2969 nuel,
874 2913 956 2958 est
979 2904 1383 2972 quodammodo
1410 2905 1741 2974 ambiguum.
1770 2903 1882 2957 Imo
1912 2919 2039 2958 vero
2060 2905 2267 2959 zelatus

704 2996 818 3051 sive
848 2997 1187 3055 tumulandus
1216 3007 1299 3051 est
1354 2998 1576 3065 sanctis,
1622 2999 1716 3067 qui
1764 2998 1995 3068 vestigia
2036 3000 2155 3068 ejus
2181 3014 2267 3054 se-

700 3088 837 3145 Ctari
867 3089 1142 3144 studentes
1172 3091 1238 3145 ad
1282 3090 1523 3144 divinam
1573 3090 1693 3158 ejus
1718 3090 2171 3160 pulchritudinem
2209 3107 2268 3146 se

700 3182 1067 3245 conformant,
1099 3192 1153 3237 et
1174 3185 1351 3252 ipsum
1386 3183 1492 3237 sibi
1540 3192 1857 3252 proponunt
1890 3183 2265 3252 praescriptum

702 3290 892 3328 eorum
923 3290 1043 3343 qua:
1065 3289 1225 3343 agere
1253 3275 1506 3337 debeant,
1565 3287 1946 3339 summamque
2000 3272 2125 3325 inde
2156 3273 2265 3342 ειυς
2290 3306 2331 3363 C

702 3366 841 3419 riam
873 3365 1135 3419 referunt.
1168 3363 1383 3425 Zelatus
1413 3378 1540 3417 vero
1566 3363 1727 3419 etiam
1759 3363 1812 3416 in
1844 3363 2010 3416 alium
2038 3362 2259 3433 intelligi

702 3457 925 3510 modum
952 3466 1147 3526 potest,
1203 3456 1305 3511 hoc
1359 3466 1442 3511 est
1486 3455 1691 3509 invidia
1741 3455 1941 3524 petitus
1970 3456 2035 3507 ab
2064 3456 2129 3510 iis
2165 3455 2261 3523 qui

703 3563 828 3599 cum
861 3564 967 3601 non
1022 3547 1283 3615 diligunt;
1338 3547 1592 3609 ducibus,
1626 3546 1873 3615 inquam,
1926 3543 2256 3610 Iudaeorum,

700 3639 816 3693 sive
847 3638 1052 3693 Scribis
1108 3648 1271 3709 atque
1322 3638 1643 3703 Pltarismis;
1677 3637 1773 3707 qui
1831 3635 2086 3691 acerbum
2118 3637 2258 3689 in-se

697 3727 1062 3792 parturientes
1093 3728 1287 3791 zelum,
1338 3736 1391 3781 et
1440 3727 1652 3781 invidia:
1685 3726 1969 3780 materiam
1998 3723 2257 3777 facientes

702 3817 808 3869 sibi
838 3834 899 3871 ex
928 3818 1047 3886 ejus
1076 3834 1198 3886 qua:
1222 3818 1358 3886 eripi
1393 3818 1468 3871 illi
1498 3834 1607 3871 non
1634 3826 1811 3886 potest
1850 3818 2039 3887 gloria,
2074 3814 2258 3869 multis

701 3906 880 3959 modis
929 3921 1051 3959 eum
1102 3908 1411 3975 captabant.
1444 3906 1695 3962 Christus
1755 3909 1972 3977 quidem
2006 3907 2058 3959 iu
2090 3908 2255 3960 vitam

700 4006 1049 4050 revocaverat
1077 4006 1321 4050 mortuos
1342 3996 1455 4064 jam
1496 3994 1743 4052 fmtenles
1783 4009 1837 4051 et
1864 4008 2165 4067 corruptos,
2206 4006 2260 4050 et

701 4093 805 4145 alia
839 4092 1020 4145 divina
1044 4092 1194 4157 signa
1216 4090 1461 4146 ediderat
1488 4108 1502 4157 ;
1533 4092 1674 4145 unde
1725 4090 1807 4146 fas
1847 4104 1964 4146 erat
1993 4093 2119 4147 illos
2144 4101 2257 4146 stu-

698 4193 887 4253 pentes
938 4183 1007 4236 ad
1061 4173 1199 4245 ista,
1266 4183 1486 4237 credere
1559 4198 1734 4251 neque
1816 4184 2049 4251 amplius
2100 4183 2259 4236 dubi-

2374 2079 2727 2150 συνυπάρχων
2770 2081 3051 2151 γεννήτορι
3098 2082 3203 2151 πρὸ
3233 2084 3431 2147 παντὸς
3465 2083 3656 2157 αίῶνρς
3688 2085 3785 2136 καὶ
3809 2084 3935 2153 χρό-

2371 2190 2461 2236 νου
2494 2172 2587 2231 καὶ
2618 2169 2715 2240 τῆς
2746 2170 2835 2225 τοῦ
2861 2174 3063 2244 κόσμου
3092 2176 3408 2246 καταϐολῆς.

2440 2262 2628 2312 Νοοῖτο
2648 2260 2691 2311 δ’
2721 2259 2792 2314 ἂν.
2814 2262 3035 2325 εἰκότως
3063 2264 3154 2316 καὶ
3182 2264 3483 2331 νεώτατος.
3502 2266 3714 2336 Πέφηνε
3739 2265 3858 2334 γὰρ
3882 2264 3940 2317 ὲν

2369 2352 2690 2415 τελευταίοις
2730 2352 2822 2405 τοῦ
2875 2353 3067 2417 αἰῶνος
3117 2358 3346 2426 καιροῖς,
3383 2350 3476 2409 κὶἱ
3533 2357 3668 2426 μετὰ
3709 2356 3804 2409 τὸν
3833 2356 3939 2409 τῶν

2370 2443 2537 2510 ἁγίων
2556 2442 2847 2514 προφητῶν
2865 2444 3060 2498 εὐκλεᾶ
3089 2462 3148 2498 τε
3176 2446 3270 2499 καὶ
3291 2445 3615 2514 ἀξιάγαστον
3642 2448 3829 2518 χορὸν,
3848 2447 3939 2499 καὶ

2372 2535 2515 2601 ἅπαξ
2548 2536 2733 2599 ἁπλῶς
2781 2537 2917 2606 μετὰ
2960 2538 3167 2601 πάντας
3195 2539 3318 2600 τοὺς
3355 2539 3476 2609 ’πρὸ
3507 2538 3604 2606 τῆς
3642 2534 3938 2610 ἐπιδημίας

2369 2626 2443 2689 ὡς
2472 2629 2529 2680 ἐν
2559 2626 2687 2679 υἱῶν
2709 2628 2858 2693 τάξει
2886 2627 3295 2699 λελογισμένους
3319 2628 3384 2681 δι’
3413 2632 3633 2701 ἀρετήν.
3660 2630 3939 2697 Ζηλωτὸς

2369 2715 2425 2769 δὲ
2455 2718 2533 2770 ὅτι
2558 2718 2777 2786 γέγονεν
2808 2722 2835 2773 6
2901 2720 3242 2791 Ἐμμανουὴλ
3297 2721 3414 2784 πῶς
3458 2723 3603 2778 ἐστιν
3661 2721 3937 2793 ἀμφιϐάλ-
4000 2744 4001 2747 η

2370 2807 2499 2862 λειν.
2546 2810 2703 2864 Ἀλλά
2735 2809 2971 2883 ζηλωτὸς
3011 2812 3107 2881 μὲν
3142 2812 3317 2880 ἁγίοις
3360 2814 3408 2865 οἳ
3442 2817 3553 2875 τοῖς
3584 2812 3789 2883 ἴχνεσιν
3843 2814 3938 2866 a6-
3986 2860 3992 2866 .

2358 2898 2461 2955 τοῦ
2493 2901 2904 2955 κατακολουθεῖν
2933 2903 3337 2967 σπουδάζοντες,
3371 2905 3463 2957 καὶ
3494 2903 3629 2974 πρὸς
3673 2903 3735 2955 τὸ
3796 2903 3935 2956 θεῖον

2368 2990 2533 3042 αὐτοῦ
2574 2992 2935 3061 μορφούμενοι
2964 2991 3175 3055 κάλλος,
3212 2995 3371 3046 αὐτόν
3411 3011 3466 3046 τε
3499 2980 3815 3063 ποιούμενοι
3846 2995 3934 3048 τὸν

2369 3084 2659 3151 πρακτέων
2698 3084 3080 3156 ὑπογραμμὸν,
3132 3084 3229 3154 τὴν
3266 3086 3488 3138 ἀπασῶν
3532 3086 3762 3157 ἀρίστην
3798 3087 3929 3139 ἁπο-

2368 3172 2621 3242 φέρονται
2651 3170 2824 3238 δόξαν.
2855 3174 3098 3246 Ζηλωτός
3141 3190 3204 3241 γε
3258 3173 3362 3245 μὴν
3395 3175 3486 3227 καὶ
3511 3175 3633 3227 καθ’
3657 3176 3851 3247 ἓτερον
3868 3176 3929 3228 ἂν

2366 3266 2536 3317 νοοῖτο
2565 3264 2760 3334 τρόπον
2800 3269 2911 3328 τοῖς
2936 3267 3035 3318 ούκ
3085 3266 3301 3336 ἀγαπᾷν
3333 3264 3655 3335 εἰρημένοις·
3698 3268 3841 3336 φημὶ
3868 3265 3928 3335 δὴ

2366 3358 2476 3417 τοῖς
2505 3354 2613 3405 τῶν
2656 3355 2923 3409 Ἰουδαίων
2972 3356 3328 3427 καθηγηταῖς,
3361 3357 3475 3427 ἦτοι
3520 3358 3631 3419 τοῖς
3667 3358 3925 3428 Γραμμαο

2362 3449 2512 3505 τεύσι
2548 3450 2639 3502 καὶ
2667 3449 2995 3519 Φαρισαίοις·
3027 3452 3073 3502 οἳ
3106 3452 3299 3521 πικρὸν
3335 3453 3391 3504 ἐν
3415 3453 3622 3514 ἑαυτοῖς
3652 3452 3924 3513 ὠδίνοντες

2363 3541 2523 3612 ζῆλον
2548 3543 2642 3595 καὶ
2675 3534 2970 3610 βασκανίας
3017 3540 3269 3595 ὑπόθεσιν
3295 3541 3392 3611 τὴν
3423 3542 3809 3613 ἀπαράὸλητον
3836 3540 3930 3594 αὐ-

2359 3635 2454 3687 τοῦ
2490 3635 2799 3705 ποιούμενοι
2828 3633 2985 3700 δόξαν
3007 3634 3147 3687 κατὰ
3177 3634 3403 3698 πολλοὺς
3431 3636 3649 3705 ἦλισκον
3672 3636 3927 3705 τρόπους.

2363 3729 2614 3798 Διανίστη
2647 3728 2745 3797 μὲν
2777 3728 2883 3799 γὰρ
2910 3729 3032 3791 τοὺς
3069 3728 3293 3797 νεκροὺς
3341 3730 3369 3780 6
3406 3729 3635 3798 Χριστὸς
3663 3726 3931 3786 ὁδωδότας

2364 3818 2464 3886 ἤδη
2517 3821 2610 3873 καὶ
2638 3819 3083 3889 διεφθαρμένους,
3133 3816 3227 3868 καὶ
3276 3816 3373 3879 τὰς
3402 3816 3565 3879 ἄλλας
3604 3814 3931 3883 θεοσημείας

2362 3910 2625 3961 ἐπετέλει⁸
2656 3913 2780 3973 τοὺς
2833 3912 2887 3964 δὲ
2937 3908 3369 3979 κατατεθηπέναι
3417 3908 3531 3961 δέον
3572 3904 3666 3961 καὶ
3705 3906 3844 3976 πρὸς
3870 3904 3929 3955 τὸ

2365 3998 2558 4067 χρῆναι
2590 3998 2862 4052 πιστεύειν
2896 4000 3090 4061 ἵεσθαι,
3136 3996 3317 4049 λοιπὸν
3345 3996 3491 4049 οὐδὲν
3535 3996 3922 4057 ἐνδοιάζοντας.

2365 4090 2425 4141 Ol
2458 4089 2512 4140 δὲ
2541 4090 2696 4141 τοῦτο
2728 4092 2822 4158 μὲν
2846 4092 2945 4144 οὐκ
2981 4092 3168 4164 ἔδρων,
3222 4086 3498 4147 ὲδάκνοντο
3528 4088 3581 4141 δὲ
3614 4087 3693 4157 τῷ
3728 4085 3921 4154 φθόνῳ,

2366 4183 2459 4235 καὶ
2486 4180 2685 4252 πικρὰς
2716 4183 2794 4245 είς
2822 4182 2946 4235 νοῦν
2972 4183 3213 4252 ἐδέχοντο
3241 4181 3432 4244 λύπας.

700 4284 833 4330 tare.
868 4277 933 4331 At
972 4279 1047 4331 illi
1075 4279 1179 4345 hoc
1212 4279 1523 4349 neutiquam
1596 4279 1895 4345 faciebant;
1952 4294 2139 4333 verum
2189 4279 2389 4333 invidia
2453 4279 2781 4332 vexabantur
2810 4278 2886 4348 et}
2908 4280 3162 4334 acerbum
3207 4279 3388 4331 animo
3441 4289 3731 4330 mterorem
3798 4287 3919 4328 eou-

700 4372 989 4440 cipiebant.

1988 4470 2117 4526 Post
2151 4470 2340 4540 Cyrilli
2372 4466 2664 4521 nonnulla:

774 4555 971 4625 Ecquis
996 4558 1133 4613 alius
1160 4561 1281 4624 iste,
1313 4579 1475 4630 quam
1530 4564 1671 4622 sicut
1698 4566 2123 4621 demonstratum
2164 4581 2263 4618 no-

2440 4560 2771 4613 lltrrm.v'rus
2806 4576 2817 4610 :
2869 4558 2965 4620 Τίς
2987 4558 3140 4621 ἄλλος
3162 4553 3335 4619 οὗτος,
3366 4554 3399 4624 ἢ
3443 4549 3623 4613 καθὼς
3653 4551 3917 4619 δείκνυται

698 4648 787 4702 bis
819 4656 905 4700 est
956 4647 1024 4700 ab
1075 4648 1355 4717 Apostolo,
1390 4659 1645 4707 secundus
1700 4658 1850 4708 homo
1878 4655 2140 4709 Dominus
2197 4656 2259 4710 de

699 4742 827 4793 rmto
850 4740 931 4791 "’.
964 4740 1136 4807 Atque
1160 4722 1213 4793 in
1245 4743 1552 4812 Evangelio,
1590 4757 1923 4813 postremum
1965 4748 2041 4801 ait
2065 4747 2257 4803 fecisse

698 4832 1029 4885 voluntatem
1058 4829 1233 4885 Patris
1253 4832 1316 4884 ³³.
1342 4831 1531 4892 Yerbis
1560 4827 1858 4899 autem,Ad
1886 4854 1963 4889 me
1985 4848 2252 4903 revertere,

2365 4657 2496 4723 ἡμῖν
2517 4649 2603 4701 διὰ
2638 4647 2733 4701 τοῦ
2770 4648 3108 4711 ⁹Αποστόλου,
3141 4651 3221 4703 ὅτι
3244 4650 3272 4700 ό
3299 4645 3575 4711 δεύτερος
3616 4644 3920 4713 ἄνθρωπος

2362 4751 2390 4799 6
2423 4743 2624 4813 Κύριος
2673 4740 2741 4804 ἐξ
2769 4740 3185 4811 οὐρανοῦηΚαὶ
3238 4743 3295 4791 ὲν
3337 4736 3414 4805 τῷ
3444 4736 3779 4807 Εὐάγγελίῳ,
3830 4737 3919 4789 τὸ]

2364 4836 2662 4903 ποιήσαντα
2687 4831 2746 4883 τὺ
2769 4831 2978 4903 θέλημα
3004 4832 3095 4884 τοῦ
3118 4830 3327 4897 Πατρδς
3347 4822 3496 4879 εἶπεν
3527 4830 3554 4878 6
3582 4826 3804 4897 ἔσχατος
3826 4828 3913 4895 (9).

768 4952 815 4982 ⁸⁸
839 4950 1070 5021 Philipp.
1100 4966 1160 5016 ιι,
1194 4948 1304 5003 7-9.
1380 4952 1421 4981 ¹¹
1463 4950 1619 5006 Joan.
1658 4942 1793 5016 xvii,
1826 4954 1878 5008 5.
1955 4957 1998 4986 "
2034 4954 2053 5007 l
2081 4955 2204 5010 Cor.
2236 4972 2264 5007 χ

2366 4952 2442 5007 ΓΙ.
2518 4948 2562 4979 ’³
2610 4947 2792 5003 Matth.
2831 4966 2944 5012 xxi,
2986 4949 3071 5002 3L

773 5068 845 5129 (7)
871 5068 1083 5140 Καὶέρν
1126 5067 1199 5138 τῇ
1237 5068 1343 5122 τοῦ
1387 5068 1609 5124 δούλου
1644 5072 1843 5140 μορφῇ
1963 5075 2145 5140 ταύτῃ
2176 5091 2263 5126 τοι

701 5138 932 5211 λοιπόν.
982 5138 1107 5211 Haec
1156 5140 1315 5211 habet
1359 5138 1668 5211 excerptum
1718 5138 2081 5208 G’rabiauum;
2116 5138 2260 5211 “qua:

702 5213 882 5258 tamen
911 5210 962 5261 in
989 5208 1391 5281 edito_Fahricii
1422 5209 1826 5281 desiderantur;
1857 5214 1981 5269 licet
2001 5229 2063 5266 ea
2087 5208 2261 5281 requi-

704 5281 789 5326 rat
822 5286 1100 5354 contortus
1134 5279 1416 5354 Paulinus,
1444 5278 1510 5331 ad
1542 5294 1702 5348 quem
1734 5279 1801 5349 S.
1828 5278 2257 5354 Hippolytus—hic

702 5344 893 5417 procul
921 5347 1082 5417 dubio
1112 5351 1365 5417 respexit.
1559 5344 1575 5348 ’
1798 5348 1801 5349 ⁷
1896 5344 1911 5353 '
1935 5344 1948 5351 '
2026 5344 2043 5354 '
2074 5384 2077 5389 ι

735 5412 1045 5536 gargara
1068 5412 1407 5487 t6_d.1110éc.
1442 5417 1579 5473 Male
1622 5419 1763 5487 apud
1792 5418 2093 5476 Fabricium
2115 5462 2131 5487 ,
2162 5422 2255 5474 καὶ

700 5500 763 5536 το
786 5500 1008 5552 usque;

772 5550 847 5622 (9)
885 5550 1270 5627 "Oecrxatoc.
1328 5557 1593 5613 Observat
1635 5558 1916 5613 Fabricius
1964 5573 2085 5627 post
2133 5560 2252 5614 Mil-

702 5623 1106 5699 liumlcodices
1167 5630 1486 5699 nonnullos,
1540 5639 1597 5684 ut
1651 5629 1931 5699 Cantabr.)
1966 5623 2164 5699 legere,
2196 5641 2253 5685 ut

833 5690 1170 5769 Hippolytus.
1204 5695 1435 5769 Sanctus
1469 5690 1828 5769 Hieronymus
1858 5690 2166 5769 Comment.
2201 5704 2252 5753 in

702 5763 1048 5837 diattlt.,‘lib.
1095 5781 1175 5837 tu,
1228 5767 1292 5819 ad
1335 5784 1452 5835 cap.
1490 5788 1605 5831 xu,
1644 5763 1701 5823 δῖ
1742 5787 1753 5822 :
1798 5788 1815 5819 ι
1846 5768 2131 5822 Sciendum
2149 5783 2251 5837 est,

700 5834 895 5903 inquit,
931 5834 981 5887 in
1014 5836 1159 5889 veris
1202 5834 1601 5905 exemplaribus
1630 5857 1735 5894 non
1785 5839 1972 5893 haberi
2027 5834 2247 5892 navim;

700 5920 861 5978 etum,
900 5906 992 5962 sed
1022 5909 1273 5978 primum,
1325 5918 1381 5963 ut
1411 5913 1629 5982 proprio
1655 5911 1861 5983 judicio
1889 5908 2249 5965 condemnen-

2366 5080 2473 5122 lus.
2503 5064 2559 5119 Si
2589 5078 2763 5120 autem
2793 5068 3129 5120 novissimum
3157 5063 3483 5118 voluerimus
3508 5064 3703 5133 legere,
3739 5065 3913 5119 mani-

2367 5139 2502 5192 festa
2531 5146 2613 5189 est
2642 5134 3048 5205 interpretatio:
3084 5143 3140 5186 ut
3168 5133 3413 5205 dicamus
3463 5136 3763 5203 intelligere
3795 5136 3916 5202 qui-

2365 5211 2489 5261 dem
2522 5202 2802 5261 veritatem
2854 5205 3115 5273 Judzros,
3146 5202 3239 5256 sed
3274 5202 3721 5273 tergiversarﬁet
3744 5204 3911 5257 -nolle

2362 5280 2544 5331 dicere
2570 5277 2710 5342 quod
2734 5277 2991 5330 sentiunt.
3010 5294 3027 5324 ι
3054 5271 3377 5328 Wetstenius
3407 5276 3459 5328 in
3494 5291 3590 5329 sua
3605 5273 3743 5328 Nov.
3765 5273 3909 5342 Tit-st.

2363 5347 2533 5401 (ἰηιξεὶ
2561 5341 2814 5409 editione,
2850 5355 2982 5399 tom.
3016 5342 3055 5407 l,
3085 5358 3203 5411 pag.
3224 5342 3361 5414 A467,
3399 5346 3549 5414 hunc
3576 5345 3753 5414 ipsum
3783 5341 3911 5410 Hip-

2364 5418 2527 5486 polyti
2559 5415 2733 5486 locum
2766 5416 2819 5468 in
2854 5415 3089 5486 medium
3116 5411 3339 5486 profert,
3373 5413 3500 5486 licet
3526 5411 3912 5486 mi'nusemeu-

2360 5482 2503 5550 (late,
2557 5485 2846 5553 subditque
2875 5484 3113 5539 doctoris
3166 5482 3388 5553 maximi
3418 5485 3599 5553 verbis
3624 5483 3865 5539 recitatis
3896 5500 3906 5533 :

2364 5577 2383 5607 ι
2420 5555 2679 5609 Nimirum
2711 5551 3025 5609 recordatus
3049 5552 3266 5622 aliquis,
3298 5551 3517 5608 ultimos
3545 5552 3660 5607 fore
3681 5554 3906 5622 primos,

2360 5627 2505 5705 quod
2544 5624 2741 5705 dicitur
2773 5623 2958 5705 Matth.
2986 5638 3077 5686 xx,
3118 5621 3203 5686 16,
3245 5623 3453 5705 putavit
3478 5621 3907 5705 publicanos_re-

2359 5692 2501 5750 clins
2530 5695 2749 5747 ultimos
2774 5695 2953 5769 vocari
2985 5708 3008 5745 ε’
3033 5708 3193 5761 quam
3225 5692 3653 5769 emendationem
3686 5692 3904 5769 quidam

2357 5784 2421 5820 eo
2459 5780 2627 5833 usque
2656 5764 3032 5833 extenderunt,
3086 5770 3143 5814 ut
3176 5764 3334 5815 etiam
3384 5764 3765 5833 responsiones
3803 5764 3903 5833 mi-

2356 5830 2625 5905 grarent.»
2677 5833 2847 5905 Quam
2878 5831 3093 5905 quidem
3125 5848 3175 5883 v.
3206 5849 3291 5905 c._
3311 5830 3675 5905 conjecturam
3714 5830 3905 5905 erudi-

2355 5901 2529 5963 tet-um
2558 5904 2763 5979 judicio
2816 5901 3196 5974 permittimus.
3254 5903 3520 5961 Caeterum
3587 5901 3728 5958 haud
3767 5915 3903 5979 pra;-
