4098 6362
636 399 771 461 615

1496 399 1553 455 s.
1592 380 1950 455 HIPPOLYTI
2002 398 2147 454 opp.
2184 386 2361 454 βΑῐιε
2410 390 2451 455 t.
2508 371 3010 461 armeme.»

3784 387 3897 449 6ιῦ

666 523 813 593 quod
838 523 1200 579 calamitatum
1237 522 1879 593 laborumqne‘adversns
1913 534 2222 594 peccatores

2330 526 2538 591 Κύριος
2566 520 2750 575 ποιῶν
2789 512 3033 589 εἰρήνην
3061 520 3157 574 καὶ
3194 518 3396 578 κτίζων
3430 516 3606 579 κακὰ,
3642 517 3731 569 ἵνα
3759 520 3895 590 εἴπῃ

669 615 826 684 plena
854 617 942 668 sit.
978 613 1166 669 Simile
1193 603 1280 670 est
1315 616 1446 670 illud
1481 613 1635 670 Isaiae
1664 635 1678 668 :
1712 615 1821 686 Ego
1851 616 2104 669 Dominus
2137 616 2220 684 fa-

2327 616 2422 668 xai.
2454 613 2751 685 είρηνέυειν
2778 614 2901 677 ἐῶν,
2930 615 3023 667 καὶ
3050 611 3393 682 πολεμεῖσθαι
3426 608 3747 680 συγχωρῶν.

668 709 809 771 ciens
836 726 1017 780 pacem
1046 720 1094 764 et
1137 727 1318 765 cream
1342 711 1484 765 mala
1500 712 1576 791 ",-
1609 713 1831 783 perinde
1864 727 1928 766 ac
1958 713 2005 765 si
2040 712 2203 778 dicat,
2231 718 2287 765 et
2318 726 2502 780 pacem
2534 708 2740 770 fovens.
2771 718 2823 764 et
2853 709 2986 763 bella
3017 707 3347 778 permittens.

1820 1094 1941 1180 IN
2020 1091 2744 1184 PROVERBIA.

1094 1284 1234 1351 (MAI,
1262 1282 1553 1335 Bibliotheca
1573 1287 1695 1334 nova
1716 1284 1935 1357 Patrum,
1959 1280 2067 1343 VII,
2089 1294 2139 1343 ιι,
2162 1280 2232 1341 7ιῖ

2330 1295 2443 1331 amas
2465 1282 2678 1343 185ι,1ιι
2702 1282 2771 1342 4⁸,
2795 1292 2867 1330 ex
2886 1283 3058 1332 catena
3089 1281 3315 1331 Vaticana
3338 1281 3453 1343 ms.)

1412 1600 1506 1655 ΕΚ
1554 1601 1691 1655 ΤΩΝ
1740 1601 1943 1655 ΛΓῘΟΥ
1988 1601 2390 1656 ΙΠΠΟΛΥΤΟΥ
2420 1600 2528 1653 ΕΙΣ
2560 1599 2691 1652 ΤΑΣ
2715 1596 3127 1651 ΠΑΡΟΙΜΙΑΣ,

736 1775 1121 1833 HIPPOLYTI.
1150 1775 1439 1831 Proverbia
1489 1775 1653 1846 igitur
1690 1790 1969 1851 sermones
2008 1776 2216 1851 exhor-

2393 1772 2803 1827 ΙΠΠΟΛΥΤΟΥ.
2837 1772 2879 1804 ³⁸
2905 1773 3196 1843 Παροιμίαι
3216 1772 3395 1826 τοίνυν
3428 1771 3535 1825 είσὶ
3574 1760 3722 1841 λόγοι
3752 1789 3883 1846 προ-

666 1872 846 1928 tatorii
877 1879 1025 1934 sunt,
1054 1869 1147 1938 qui
1180 1868 1445 1921 universa:
1487 1867 1613 1921 vitae
1655 1867 2001 1923 moderanda:
2043 1867 2226 1922 confes

665 1972 817 2016 runt:
857 1976 981 2015 nam
1012 1959 1079 2014 iis
1117 1958 1210 2028 qui
1258 1957 1359 2012 iter
1402 1956 1671 2012 ad'Deum
1707 1959 2015 2022 instituunt,
2055 1957 2226 2011 duces

658 2052 888 2123 quidam
916 2052 1053 2105 fiunt
1081 2064 1147 2107 ac
1174 2048 1339 2102 veluti
1365 2047 1591 2109 indices,
1614 2048 1709 2116 qui
1742 2038 2050 2102 laborantes
2069 2062 2098 2098 a
2129 2046 2229 2099 vite

665 2122 1001 2213 longitudine
1052 2122 1323 2196 recreant.
1356 2135 1525 2193 Porro
1572 2138 1686 2193 haec
1733 2139 2018 2208 proverbia
2076 2137 2229 2190 Salo-

665 2234 847 2289 monis
880 2240 1027 2299 sunt,
1074 2232 1281 2302 pacifici
1318 2231 1598 2296 nimirum,
1642 2231 1756 2285 sive
1797 2230 1997 2285 Christi
2030 2228 2220 2282 Serva-

666 2325 823 2393 toris.
860 2322 999 2389 Quia
1024 2338 1153 2377 vero
1184 2322 1398 2377 Domini
1427 2335 1727 2387 sermones,
1761 2314 2042 2391 propterea
2080 2319 2226 2389 quod

664 2400 884 2472 Domini
927 2424 1086 2481 sunt,
1132 2415 1337 2469 idcirco
1370 2428 1466 2468 eos
1514 2414 1633 2468 sine
1665 2413 1989 2467 offendicula
2026 2427 2227 2482 cogno-

630 2488 638 2503 ’
667 2498 909 2570 scimus;
932 2522 999 2560 ne
1024 2505 1149 2575 quis
1180 2504 1316 2559 forte
1346 2520 1446 2560 nos
1476 2504 1715 2560 nominis
1742 2506 1971 2572 paritate
1995 2503 2223 2566 falleret,

667 2598 818 2651 addit
842 2596 1109 2666 quishzec
1130 2596 1429 2666 scripserit,
1457 2606 1512 2651 et
1536 2597 1694 2666 cujus
1722 2596 1894 2665 gentis
1928 2608 2021 2648 rex
2045 2592 2223 2647 fuerit.

668 2686 761 2743 Sic
790 2689 933 2742 enim
967 2687 1201 2743 dicentis
1233 2688 1533 2745 auctoritas
1566 2686 2079 2741 commendatiorem
2114 2699 2228 2738 ser-

666 2795 884 2834 monem
912 2781 1339 2849 attentioresque
1369 2779 1644 2833 auditores
1683 2778 1859 2833 faciet.
1878 2776 2052 2831 Verba
2080 2776 2226 2831 enim

669 2871 981 2927 Salomonis
1023 2867 1174 2927 illius
1218 2880 1382 2937 sunt,
1415 2872 1502 2926 cui
1543 2872 1679 2926 dixit
1724 2870 2029 2925 Dominus:
2078 2869 2228 2921 Dabo

668 2965 765 3019 tibi
795 2980 885 3017 cor
911 2965 1136 3033 prudens
1165 2974 1319 3032 atque
1350 2964 1554 3032 sapiens
1574 2978 1591 3026 ;
1615 2978 1762 3015 nemo
1791 2962 1869 3014 tui
1905 2976 2002 3028 par
2025 2962 2081 3013 in
2106 2963 2227 3016 orbe

634 3080 637 3081 ν
667 3056 788 3125 fuit,
818 3070 978 3123 neque
1008 3064 1211 3123 postera
1248 3064 1474 3121 tempore
1525 3054 1776 3117 exsistet;
1814 3044 1870 3105 et
1915 3052 2119 3125 reliqua
2160 3052 2227 3108 de

667 3124 734 3200 eo
758 3148 989 3223 scripta.
1010 3144 1127 3199 Jam
1158 3144 1210 3199 is
1248 3146 1464 3214 sapiens
1494 3156 1524 3198 a
1553 3134 1797 3213 sapiente
1836 3124 2049 3213 genitus
2083 3144 2183 3198 fuit
2209 3164 2222 3198 :
2252 3126 2293 3181 (ἶ

668 3253 837 3307 quare
868 3238 1128 3291 atteritur
1148 3236 1367 3291 Davidis
1397 3252 1614 3301 nomen,
1646 3235 1788 3290 unde
1812 3236 2067 3290 Salomon
2103 3254 2224 3306 pro-

669 3338 885 3399 creatus
919 3326 1057 3383 fuit:
1095 3329 1235 3382 idem
1264 3344 1291 3381 a
1321 3343 1489 3396 puero
1512 3328 1684 3383 sacris
1709 3326 1905 3383 litteris
1939 3329 2223 3393 eruditus;

669 3434 848 3490 neque
878 3430 1026 3475 sorte
1058 3420 1141 3474 vel
1179 3421 1230 3473 vi
1258 3420 1439 3487 aliqua
1470 3433 1694 3488 regnum
1726 3420 1978 3485 obtinuit,
2017 3421 2112 3475 sed
2132 3421 2226 3490 ju—

669 3512 815 3567 dicio
857 3510 1091 3582 Spiritus
1121 3520 1175 3566 et
1207 3513 1420 3566 decreto
1451 3509 1565 3566 Dei.

746 3690 825 3743 Ad
864 3691 1129 3744 sciendam
1169 3690 1485 3759 sapientiam
1520 3699 1570 3744 et
1610 3690 1966 3759 disciplinam.
1998 3690 2100 3758 Qui
2135 3692 2226 3746 Dei

673 3781 992 3848 Sapientiam
1020 3782 1190 3846 novit,
1220 3782 1280 3861 is‘
1297 3782 1364 3834 ab
1397 3783 1585 3837 eodem
1612 3786 1830 3851 qdoque
1859 3784 2124 3850 eruditur,
2156 3784 2228 3837 ita

677 3881 735 3925 ut
768 3871 1029 3941 intelligat
1075 3886 1388 3947 sermonum
1426 3876 1705 3946 mysteria.
1748 3874 1867 3929 Jam
1911 3876 2003 3945 qui
2047 3891 2229 3931 veram

675 3964 1057 4033 caelestemque
1104 3964 1421 4031 sapientiam
1481 3973 1709 4031 tenent,
1756 3966 1792 4021 ii
1850 3966 2226 4037 mysteriorum

662 4057 998 4122 sententiam
1044 4054 1202 4109 facile
1248 4058 1559 4126 percipient.
1605 4057 1811 4113 Idcirco
1856 4060 1977 4113 ait:
2023 4058 2105 4111 Ad
2136 4075 2228 4111 ca-

674 4146 890 4216 piendas
919 4162 1216 4199 sermonum
1246 4148 1502 4214 streplias.
1553 4147 1688 4202 Nam
1730 4165 1851 4218 qua:
1890 4147 2229 4217 praeposteris

675 4237 840 4291 veluti
872 4238 1051 4292 verbis
1077 4253 1108 4291 a
1137 4244 1326 4290 sancto
1358 4237 1560 4307 Spiritu
1583 4239 1723 4292 dicta
1751 4224 2070 4298 fuerunt,ea
2100 4240 2227 4303 illis,

677 4329 773 4397 qui
806 4328 945 4382 ﬁdeli
987 4344 1113 4399 erga
1145 4327 1315 4382 Deum
1365 4328 1528 4381 corde
1562 4336 1687 4381 sunt
1723 4329 1949 4396 praediti,
1988 4330 2229 4397 expedite

666 4417 1043 4472 innotescunt.

755 4504 880 4560 llam
917 4508 983 4575 de
1016 4506 1321 4561 Judaaorum
1365 4506 1582 4576 populo,
1623 4516 1676 4560 et
1718 4508 1784 4562 de
1827 4508 2028 4563 Christi
2069 4511 2231 4575 unde,

682 4597 949 4667 intelligit.
968 4597 1235 4653 Putabant
1256 4599 1399 4653 enim
1429 4599 1580 4652 illum
1611 4599 1665 4652 in
1698 4609 1837 4653 terra
1864 4602 2237 4655 tantummodo
2298 4604 2301 4607 ’

681 4690 883 4744 habere
914 4691 1396 4745 conversationem.

750 4776 869 4832 Non
902 4777 1167 4845 accipient
1203 4789 1433 4844 tantum,
1478 4779 1573 4834 sed
1624 4780 1787 4833 etiam
1824 4779 2238 4843 haereditalzunt.

621 4924 626 4932 ,
692 4870 847 4940 Impii
875 4884 1004 4923 vero
1034 4870 1249 4923 etiamsi
1269 4872 1620 4932 extolluntur,
1646 4872 1697 4925 id
1721 4872 1787 4924 ad
1809 4872 2063 4939 majorem
2096 4871 2257 4938 ipso?

683 4972 804 5014 rum
839 4958 1190 5029 ignominiam
1226 4959 1509 5014 redundat.
1542 4959 1717 5014 Veluti
1741 4960 1787 5013 si
1813 4962 1937 5028 quis
1962 4959 2231 5013 hominem

684 5050 979 5106 deformem
1013 5046 1174 5119 atque
1223 5050 1513 5105 distortum
1565 5053 1619 5105 in
1664 5051 1773 5104 alto
1814 5052 2080 5117 collocet,
2125 5033 2231 5103 non

574 5142 577 5143 ⁷
620 5150 627 5154 “
690 5141 915 5211 honorat
955 5143 1048 5196 sed
1081 5141 1252 5210 magis
1289 5141 1628 5209 dehonestat,
1660 5140 2001 5196 manifestam
2030 5142 2233 5201 consti-

689 5244 845 5285 tuens
892 5234 1136 5301 pluribus
1179 5234 1563 5304 turpitudinem
1611 5236 1751 5305 ejus.
1792 5233 1893 5303 Sic
1928 5236 2051 5290 item
2092 5234 2232 5289 Deus

588 5370 591 5371 ν
688 5321 902 5375 extollit
924 5324 1219 5393 impios,,ut
1241 5326 1513 5394 publicum
1542 5325 1704 5381 faciat
1730 5327 1965 5382 dedecus
1994 5328 2230 5382 illorum.

689 5412 966 5467 Exaltatus
994 5412 1093 5471 fuit
1120 5420 1280 5473 etiam
1305 5419 1536 5485 Pharao,
1570 5410 1663 5473 sed
1698 5429 1755 5473 ut
1789 5423 2048 5475 mundum
2076 5438 2236 5474 accu-

688 5513 923 5559 satorem
962 5506 1198 5565 haberet.

758 5596 1302 5658 Animadvertendum
1332 5614 1434 5669 est,
1467 5607 1669 5661 donum
1700 5606 1899 5659 bonum
1931 5608 2035 5662 dici
2068 5607 2135 5661 ab
2172 5620 2236 5660 eo

2325 1866 2603 1936 τρεπτικώ
2625 1864 2771 1935 παρά
2800 1866 2977 1917 πᾶσαν
3004 1863 3121 1916 ὁδὸν
3145 1863 3238 1917 τοῦ
3273 1863 3388 1932 βίου
3424 1864 3846 1938 χρησιμεύοντες
3864 1880 3882 1895 °

2324 1957 2436 2015 τοῖς
2467 1952 2573 2023 γὰρ
2613 1954 2703 2005 ἐπὶ
2737 1953 2825 2006 τὸν
2849 1953 2979 2005 Θεὸν
3016 1953 3133 2009 ὁδὸν
3181 1954 3546 2023 ποιουμένοις,
3585 1954 3777 2025 όδηγός
3803 1971 3890 2019 τις

2324 2045 2528 2112 γίνεται
2545 2043 2954 2116 ’παραπλησίως
2978 2044 3056 2114 τῷ
3083 2045 3460 2115 ὑποδείγματι,
3488 2046 3615 2108 τοὺς
3650 2045 3889 2115 κάμνον-

2324 2133 2549 2197 ταςηδιά
2579 2134 2640 2186 τὸ
2686 2134 2783 2213 τῆς
2812 2132 2930 2199 ρδοὖ
2967 2134 3135 2204 μῆκος
3183 2134 3541 2206 ἀνακτωμένη
3562 2153 3574 2165 ο
3618 2136 3760 2188 είσὶν
3792 2132 3891 2189 οὖν

2324 2218 2482 2276 αὗται
2513 2227 2569 2277 αἱ
2602 2225 2887 2296 παροιμίαι
2932 2223 3304 2294 Σολομῶντος,
3337 2227 3365 2278 ὃ
3396 2230 3540 2280 ἐστιν
3576 2227 3888 2299 εἰρηνικοῦ,

2325 2315 2442 2385 ἦτοι
2469 2314 2561 2367 τοῦ
2585 2316 2832 2385 Σωτῆρος
2852 2313 3104 2387 Χριστοῦ·
3130 2315 3315 2386 ἐπειδὴ
3337 2316 3394 2368 δὲ
3420 2318 3544 2381 τοὺς
3564 2311 3658 2371 τοῦ
3678 2319 3889 2390 Κυρίου

2322 2405 2534 2474 λόγους,
2564 2406 2657 2460 ἅτε
2687 2406 2749 2477 δὴ
2783 2406 2986 2476 Κυρίου
3015 2406 3395 2475 τυγχάνοντας,
3423 2410 3735 2473 ἀπταίστως
3766 2413 3889 2464 ὲπι-

2326 2497 2589 2566 στάμεοα,
2626 2496 2719 2557 ἵνα,
2747 2499 2818 2569 μή
2850 2514 2931 2560 τις
2958 2498 3023 2549 ἐκ
3055 2498 3154 2568 τῆς
3187 2498 3673 2571 ὁμωνυμίαςήμᾶς
3708 2504 3892 2573 ἀφαρο

2326 2592 2496 2664 πάσῃ,
2529 2580 2778 2662 φησὶ-τίς
2810 2593 2839 2644 ὁ
2868 2592 3080 2664 γράψας
3102 2592 3291 2659 ταῦτα,
3322 2582 3415 2645 καὶ
3444 2592 3603 2645 τίνων
3635 2588 3702 2663 ἦν
3735 2594 3893 2663 βασι-

2326 2682 2476 2746 λεύςο
2520 2684 2605 2735 ἵνα
2647 2686 2679 2754 ή
2720 2681 2811 2735 τοῦ
2855 2683 3100 2750 λέγοντος
3144 2682 3451 2749 ἀξιοπιστία
3486 2683 3891 2753 εὐπαράδεκτον

2325 2775 2415 2828 τὸν
2442 2775 2593 2841 λόγον
2622 2775 2937 2845 καταστήσῃ
2969 2776 3061 2827 καὶ
3094 2778 3375 2847 προσεχεῖς
3404 2777 3528 2838 τοὺς
3568 2774 3888 2839 ἀκούοντας.

2326 2866 2664 2936 Σολομῶντος
2696 2872 2803 2941 γάρ
2836 2868 2973 2922 εἰσιν
3000 2868 3226 2930 ἐκείνου,
3260 2867 3395 2937 πρὸς
3426 2867 3485 2919 ὃν
3527 2863 3680 2919 εἶπεν
3705 2867 3734 2917 ό
3772 2866 3891 2918 Κύ-

2330 2972 2472 3025 ριοςεο
2510 2956 2681 3009 Δώσω
2708 2973 2803 3009 σοι
2833 2958 3083 3024 καρδίαν
3114 2958 3406 3025 φρονίμην
3432 2957 3528 3010 καὶ
3551 2957 3784 3025 σοφήν·
3808 2958 3894 3021 ὡς

2325 3053 2407 3104 σὺ
2433 3053 2504 3104 οὐ
2528 3048 2769 3119 γένονεύ
2793 3043 2893 3103 ἐπὶ
2912 3047 3018 3117 τῆς
3041 3046 3171 3119 γῆς,
3200 3050 3296 3102 καί
3322 3048 3470 3116 μετὰ
3507 3047 3583 3101 σὲ
3612 3051 3725 3102 οὐκ
3748 3050 3894 3103 ἀναα-

2326 3140 2613 3206 στήσεται
2646 3140 2844 3210 ὅμοιός
2885 3156 2982 3217 σοι
3005 3141 3050 3172 ³⁸
3070 3158 3082 3170 ·
3123 3142 3217 3194 καὶ
3258 3139 3326 3193 τὰ
3356 3138 3515 3194 λοιπά
3562 3140 3691 3212 περὶ
3724 3140 3891 3195 αὑτοῦ

2325 3233 2697 3306 γεγραμμένα¹
2729 3229 2797 3303 ἦν
2827 3233 2881 3285 δὲ
2915 3233 3074 3302 σοφὸς
3120 3235 3183 3285 ἐκ
3229 3232 3414 3301 σοφοῦ·
3451 3232 3528 3286 διὸ
3569 3224 3891 3304 πρόσκειται

2326 3326 2385 3377 τὸ
2432 3326 2625 3390 Δαϐὶδ,
2656 3323 2715 3389 ἐξ
2760 3315 2820 3377 οὗ
2877 3324 3124 3391 Σολομὼν
3156 3327 3385 3393 γέγονε,
3434 3329 3497 3378 ὲκ
3547 3326 3784 3397 βρέφους
3820 3330 3888 3380 τά

2329 3416 2448 3490 ἱερὰ
2492 3402 2791 3489 γράμματα
2843 3417 3256 3486 παιδευόμενος,
3303 3417 3395 3468 καὶ
3438 3418 3499 3470 οὐ
3560 3418 3749 3489 κλήρῳ
3791 3416 3887 3487 τὴν
4000 3482 4003 3483 ,

2327 3506 2497 3577 ἀρχὴν
2530 3508 2821 3579 λαϐόμενος
2847 3506 2967 3559 οὐδὲ
2994 3508 3105 3577 βίᾳ,
3135 3507 3269 3560 ἀλλὰ
3305 3508 3480 3578 κρίσει
3513 3507 3608 3561 τοῦ
3634 3493 3889 3580 Πνεῦμα-

2329 3619 2419 3663 τος
2452 3602 2544 3653 καὶ
2570 3600 2732 3671 ψήφῳ
2754 3596 2906 3654 Θεοῦ.

2400 3692 2445 3722 ⁵ο
2479 3691 2713 3745 [Vtin-at
2755 3692 2977 3758 σοφίαν
3024 3689 3120 3743 καὶ
3160 3686 3449 3741 παιδείαν.
3488 3690 3548 3743 ὐ
3584 3692 3742 3757 γνοὺς
3788 3693 3893 3761 τὴν

2332 3783 2520 3851 σοφίαν
2552 3783 2644 3835 τοῦ
2680 3782 2814 3847 Θεοῦ
2848 3782 3108 3853 λαμϐάνει
3150 3781 3276 3852 παρ’
3305 3781 3465 3834 αὑτοῦ
3500 3783 3593 3835 καὶ
3619 3783 3891 3847 παιδείαν,

2331 3872 2681 3943 ἐκμανθάνων
2713 3874 2778 3927 δι’
2814 3874 2984 3943 αὐτῆς
3026 3873 3092 3927 τά
3127 3873 3220 3928 τοῦ
3253 3872 3410 3942 λόγου
3458 3875 3761 3944 μυστήριαὲ
3794 3878 3897 3928 καὶ

2332 3962 2379 4033 οί
2400 3962 2613 4029 γνόντες
2640 3963 2737 4035 τὴν
2765 3962 2937 4034 ἀληθῆ
2962 3963 3053 4015 καὶ
3080 3962 3395 4028 ἐπουράνιον
3416 3964 3623 4031 σοφίαν,
3654 3962 3895 4027 εὐκόλως

2331 4055 2579 4123 νοήσουσι
2624 4053 2751 4116 τοὺς
2796 4055 2885 4105 ὑπ’
2925 4054 3101 4105 αὐτῶν
3148 4053 3504 4123 λαλουμένους
3543 4054 3765 4121 λόγους·
3810 4056 3898 4110 διό

2333 4156 2481 4215 emat“
2513 4144 2801 4209 Δέξασθαι
2833 4144 3096 4211 στροφὰς
3125 4146 3347 4215 λόγων
3379 4144 3445 4198 τά
3472 4145 3578 4215 γὰρ
3604 4147 3896 4213 ἀντιστρό-

2334 4253 2447 4305 φως
2494 4234 2596 4287 ὑπὸ
2636 4236 2727 4288 τοῦ
2772 4235 2925 4301 ἁγίου
2960 4236 3269 4306 Πνεύματος
3314 4237 3682 4308 λελαλημένα,
3720 4240 3899 4294 ταῦτα

2332 4328 2443 4389 τοῖς
2498 4324 2693 4394 πιστὴν
2749 4325 2971 4396 καρδίαν
3028 4326 3205 4397 ἔχουσι
3248 4327 3385 4399 πρὸς
3428 4326 3560 4379 Θεὸν
3606 4314 3899 4397 εὔγνωστα

2264 4455 2310 4513 υ
2334 4418 2561 4487 γίνεται.

2410 4513 2451 4542 *ί
2493 4510 2675 4577 Ταῦτα
2719 4514 2794 4575 εἰς
2838 4514 2924 4566 τὸν
2969 4514 3076 4567 τῶν
3142 4514 3406 4571 Ἰουδαίων
3437 4516 3605 4589 δῆμον
3652 4522 3746 4574 καὶ
3790 4524 3900 4591 τὴν

2340 4602 2479 4656 κατά
2531 4603 2764 4672 Χριστοῦ
2825 4606 3128 4675 μιαιφονίαν
3196 4603 3498 4679 ἑξείληφεν·
3557 4608 3727 4679 ᾤοντο
3782 4614 3904 4685 γὰρ

2338 4696 2500 4749 αὑτὸν
2524 4698 2615 4749 ἐπὶ
2647 4697 2747 4767 γῆς
2785 4698 2940 4768 μόνον
2969 4696 3111 4765 ἔχειν
3142 4686 3203 4748 τὸ
3235 4697 3552 4770 πολίτευμα.
3844 4746 3847 4747 ,

2408 4790 2452 4820 δ’
2478 4788 2589 4857 Οὐχ
2624 4789 2805 4852 ἁπλῶς
2841 4789 3117 4859 λήψονται,
3147 4776 3279 4860 ἀλλά
3310 4790 3806 4863 κληρονομήσουσι·
3838 4772 3904 4850 ὀι

2338 4880 2395 4932 δὲ
2418 4878 2650 4945 ἀσεϐεῖς,
2676 4882 2723 4932 εί
2757 4880 2848 4932 καὶ
2884 4880 3154 4949 ὑψοῦνται,
3179 4870 3291 4933 ἀλλ’
3325 4882 3465 4935 ὥστε
3495 4882 3908 4952 μείζονα’γενὲ-.

2343 4968 2463 5021 σθαι
2495 4969 2590 5040 τὴν
2615 4971 2835 5040 ἀτιμίαν
2867 4970 3042 5021 αὐτῶν
3060 4987 3073 4999 ·
3098 4969 3170 5033 ὼς
3199 4970 3305 5044 γάρ
3336 4990 3419 5036 τις
3444 4974 3534 5025 τὸν
3558 4972 3906 5043 δυσειδῆκαὶ

2338 5059 2787 5132 ὃιεστραμμένον,
2817 5063 2865 5113 εἰ
2898 5060 3191 5130 causa“,
3221 5065 3318 5117 οὐκ
3356 5066 3591 5130 ἐδόξασε,
3628 5066 3739 5117 ἀλλ’
3768 5069 3902 5137 ﬁti-

2344 5169 2477 5219 μασε
2519 5153 2697 5216 πλέον,
2726 5153 3020 5221 κατάδηλον
3053 5155 3215 5209 αὐτοῦ
3237 5157 3297 5209 τὸ
3334 5152 3519 5227 αἶσχος
3558 5157 3764 5211 πλείοσι
3789 5178 3906 5215 κα·-

2338 5245 2635 5314 ταστήσας·
2675 5243 2815 5297 οὕτω
2860 5236 2957 5298 καῖ
2980 5246 3008 5297 ό
3038 5242 3167 5310 Θεὸς
3200 5248 3323 5316 ὑψσί
3364 5250 3487 5312 τοὺς
3524 5250 3757 5314 ἀσεϐεῖς,
3806 5254 3903 5305 ἵνα

2342 5336 2551 5406 ἐμφανῆ
2575 5337 2885 5409 καταστήσῃ
2908 5337 3005 5407 τὴν
3030 5339 3247 5391 ἐκείνων
3268 5323 3647 5411 ἀσχήμοσύνην
3666 5357 3679 5373 ο
3702 5343 3902 5413 ὑψώθη

2342 5425 2435 5476 καὶ
2483 5426 2712 5497 Φαραὼ,
2762 5426 2872 5477 ἀλλ’
2914 5428 3052 5482 ὥστε
3093 5430 3189 5500 τὴν
3226 5430 3540 5502 οἰκουμένην
3588 5436 3906 5505 κατήγορον

2344 5516 2503 5585 ἔχειν.
3216 5542 3220 5545 ·
3392 5582 3397 5591 ψ

2414 5610 2457 5638 ⁸³
2512 5610 2843 5679 Σημειωτέον
2896 5614 2976 5665 ὅτι
3020 5612 3189 5682 δῶρον
3246 5610 3445 5678 ἀγαθὸν
3501 5614 3753 5684 ὀνομάζει
3806 5613 3909 5667 τὶν

696 5722 717 5729 ”
761 5733 801 5767 ⁸⁷
838 5736 940 5790 lsa.
975 5739 1168 5801 “v.7.
1248 5741 1290 5774 ³⁸
1314 5758 1373 5797 ca
1419 5776 1443 5798 ,ι
1470 5762 1506 5809 ι,
1541 5746 1589 5799 l.
1667 5747 1710 5777 ³⁸
1740 5745 1811 5797 Ill‘
1837 5743 1965 5813 Reg.
1994 5766 2071 5809 ιιι,
2098 5747 2184 5799 l2.

696 5802 734 5838 δ’
760 5823 985 5867 030.1“.
1019 5810 1274 5865 55.-——A.
1309 5812 1344 5867 f.
1374 5760 1463 5867 ἕο.
1500 5819 1553 5867 b.
1651 5817 1694 5848 ⁸³
1728 5831 1845 5867 can.
1878 5831 1924 5867 ιν
1953 5857 1966 5867 .
1996 5817 2049 5867 il.
2085 5848 2153 5858 --
2179 5820 2232 5867 Α.

2330 5748 2501 5867 $09.1)-
2526 5750 2565 5781 “
2588 5751 2709 5806 cod.
2731 5747 3025 5820 V'at.180‘2,
3052 5751 3165 5807 sive
3185 5749 3249 5805 A.
3278 5750 3315 5806 f.
3347 5751 3397 5818 7,
3424 5752 3477 5808 b.
3497 5785 3566 5796 -—
3590 5767 3709 5825 cap.
3740 5765 3780 5817 ι,
3804 5754 3905 5812 Η.

689 5802 734 5865 ."
760 5823 877 5879 cap.
906 5824 985 5875 Ill,
1019 5810 1105 5865 55.
1125 5842 1191 5852 --
1212 5812 1274 5865 Α.
1309 5812 1344 5867 f.

1500 5819 1553 5895 b.
1651 5817 1694 5848 ’⁸³
1728 5831 1845 5891 cap.
1877 5831 1924 5871 ιι·
1952 5857 1966 5884 ,
1996 5817 2049 5869 2.
2085 5848 2153 5858 --
2179 5820 2241 5871 Α.
2267 5814 2306 5869 f.
2335 5816 2423 5886 ‘20,
2451 5819 2501 5871 b.
