4098 6362
196 416 290 469 617

1236 456 1240 458 ἡ
1315 410 1731 481 FRAGMENTA
1758 410 1825 464 ΙΝ
1862 409 2270 467 PROVERBIA.

3282 413 3388 468 613

194 538 370 603 νόμονν
398 530 490 586 διὰ
514 533 609 585 τδν
632 526 968 603 λαμσάνοντα
995 530 1140 601 δῶρα
1174 531 1231 583 ἐν
1259 529 1479 592 κόλποις
1508 529 1707 593 ἀδίκως
1725 546 1738 559 ο

1844 544 1943 600 pro
1971 521 2114 599 'Iege,
2152 526 2547 597 prepterillum
2572 524 2665 595 qui
2708 526 2848 581 dona
2893 525 2946 579 in
2985 524 3164 580 sinum
3189 527 3388 597 injuste

192 624 339 691 οὗτος
357 625 415 679 δὲ
438 616 899 694 ἐγκαταλιμπάνει
917 622 1097 693 νόμον,
1119 624 1147 675 6
1172 621 1518 691 παραϐαίνων
1542 613 1703 673 αὐτόν
1723 635 1736 649 ⁸

191 716 347 789 νόμον
375 716 434 770 δὲ
456 716 574 786 ἤτοι
605 715 663 767 ὃν
691 713 857 782 λέγει,
958 713 1017 765 ὃν
1042 714 1135 782 καὶ
1166 712 1324 775 αὐτὸς
1351 710 1631 781 ἐφύλαξεν.

252 888 307 921 ⁵⁵
337 887 449 941 Καὶ
472 886 589 948 πῶς
614 887 749 950 ἐστι,
779 884 1254 956 περιχαράκωσον;
1290 885 1590 954 Λογισμοὺς
1605 886 1739 954 αὐτῇ

198 976 376 1046 κύκλῳ
415 975 626 1047 περίθες
652 974 826 1045 ἱερούς
843 991 854 1003 ·
886 974 1083 1044 πολλῆς
1104 974 1210 1045 γάρ
1243 990 1323 1025 σοι
1344 974 1425 1027 δεῖ
1445 974 1544 1042 τῆς
1571 975 1744 1041 ἀσφα-

195 1067 360 1130 λείας,
397 1065 521 1117 ὲπεὶ
561 1064 655 1118 καὶ⁵
688 1063 855 1116 πολλὰ
886 1063 955 1116 τὰ
987 1054 1394 1115 ἐπιϐουλεύοντα
1426 1066 1491 1132 τῇ
1521 1063 1740 1135 τοιαύτῃ

141 1169 146 1175 ’
195 1159 381 1228 κτήσει
401 1172 416 1186 °
444 1157 494 1208 εί
534 1154 591 1207 δέ
618 1155 699 1222 ἐφ’
730 1157 858 1225 ἡμῖν
892 1155 1004 1205 ἐστι
1032 1154 1091 1206 τὸ
1123 1154 1519 1225 περιχαρακοῦν
1551 1154 1741 1223 αὐτὴν,

101 1301 103 1303 ,
194 1251 243 1303 αἱ
266 1248 328 1300 δὲ
362 1246 555 1317 ἀρεταὶ
578 1246 663 1314 ἐφ’
693 1248 841 1315 ἡμῖν,
876 1246 1110 1315 χάρακες
1138 1244 1245 1316 ἄρα
1270 1241 1395 1309 εἷεν,
1426 1246 1481 1298 αἱ
1516 1243 1743 1313 ὑψοῦσαι

196 1340 283 1409 τὴν
322 1338 527 1407 γνῶσιν
561 1336 654 1389 τοῦ
688 1336 820 1389 Θεοῦ
840 1354 852 1366 ·
884 1332 1013 1400 οἷον,
1053 1336 1303 1405 ἄσκησις,
1342 1335 1562 1406 μελέτη,
1581 1337 1687 1389 ’καὶ
1712 1336 1742 1387 6

196 1431 346 1494 ἄλλος
377 1429 486 1482 τῶν
522 1426 726 1499 ἀρετῶν
750 1427 985 1498 ὁρμαθός
1004 1444 1016 1455 '
1048 1426 1113 1489 ἃς
1132 1430 1159 1479 6
1188 1427 1390 1498 τηρῶν,
1422 1426 1518 1496 τὴν
1553 1426 1742 1494 σοφίαν

197 1524 352 1592 τιμᾷ·
392 1519 575 1590 μισθὸς
604 1519 679 1581 δέ,
716 1518 783 1570 ’τὸ
819 1518 951 1587 πρὸς
984 1519 1150 1589 αὐτὴν
1189 1519 1609 1589 μετεωρισϐἧναι
1654 1519 1745 1577 καὶ

198 1606 587 1683 περιληφθῆναι
616 1611 705 1661 ὑπ’
737 1608 904 1677 αὐτῆς
942 1610 998 1660 ἐν
1023 1608 1100 1679 τῷ
1126 1610 1470 1680 ὑπερκοσμίῳ
1498 1609 1707 1679 παστῷ.

123 1690 125 1692 ’
257 1704 303 1734 ⁸⁸
344 1700 585 1762 Ἀσεϐεῖς
628 1701 723 1770 μὲν
766 1700 813 1750 οἱ
873 1698 1199 1769 ἑτερόδοξοι,
1251 1701 1554 1770 παράνομοι
1597 1699 1652 1751 δὲ
1700 1702 1746 1751 οἰ

198 1789 503 1859 παραϐάται
527 1786 619 1855 τοῦ
636 1787 797 1855 νόμου
816 1801 828 1814 ·
853 1778 925 1837 ὧν
945 1785 1041 1849 τὰς
1059 1787 1228 1849 ὀδοὺς,
1246 1788 1363 1857 ἤτοι
1383 1788 1479 1850 τὰς
1502 1786 1744 1859 πράξεις,

203 1880 269 1951 μὴ
293 1879 541 1932 ἐπελθεῖν
571 1864 721 1947 φησί.

263 1974 307 2004 ⁸⁸
365 1970 530 2042 Ὀρθά
586 1971 714 2041 ὁρᾷ,
750 1972 780 2021 6
818 1968 1105 2038 λογισμοὺς
1159 1966 1293 2037 ἔχων
1330 1962 1603 2029 ἀπαθεῖς·
1653 1968 1747 2019 καὶ

202 2061 658 2143 δόγματαέάληθῆ,
674 2063 708 2143 '6
734 2062 806 2132 μὴ
831 2062 954 2131 περὶ
985 2060 1082 2122 τὰς
1112 2059 1214 2143 ἔξω
1239 2057 1531 2128 φαντασίας
1552 2061 1745 2127 ἐπτοη-

207 2154 380 2222 μένος⁶
424 2140 553 2205 ὅταν
594 2138 725 2223 λέγῃ
763 2154 843 2205 ὅτι
890 2153 937 2203 οἱ
979 2138 1243 2220 ὀφθαλμοί
1285 2167 1375 2201 σου
1408 2148 1538 2219 ὀρθὰ
1560 2147 1745 2218 βλεπέ-

202 2260 391 2309 τωσαν,
420 2243 520 2313 τὴν
559 2244 746 2313 ὅρασιν
786 2241 945 2313 δηλοῖΔ
967 2241 1067 2310 τῆς
1112 2240 1315 2309 ψυχῆς·
1346 2240 1438 2292 καὶ
1460 2240 1585 2290 ὅταν
1609 2255 1746 2308 παρ-

209 2338 315 2406 αινῇ
338 2374 353 2396 ,
396 2336 535 2403 φάγε
586 2334 723 2403 μέλι,
759 2334 863 2396 υἱὲ,
897 2333 982 2385 ἵνα
1018 2332 1289 2401 γλυκανθῇ
1319 2333 1347 2382 6
1382 2328 1592 2399 φάρυγξ
1632 2345 1744 2391 σου,

166 2460 171 2463 -
216 2426 315 2494 μέλι
341 2422 615 2495 τροπικῶς
636 2425 732 2493 τὴν
757 2423 902 2475 θείαν
939 2421 1086 2489 λέγει
1121 2419 1480 2482 διδασκαλίαν,
1505 2420 1623 2489 ἥτις
1651 2418 1747 2489 τὴν

212 2514 567 2585 πνευματικὴν
596 2512 906 2583 καταρτίζει
929 2513 1025 2582 τῆς
1059 2510 1234 2581 ψυχῆς
1258 2510 1473 2578 γνῶσιν·
1499 2509 1631 2563 ἀλλὰ
1657 2512 1747 2564 καὶ

207 2608 420 2660 άπτεται
451 2606 624 2676 ψυχῆς
651 2608 682 2674 ὴ
713 2604 900 2673 σοφία·
937 2596 1192 2674 ἐράσθητι
1215 2602 1537 2673 γὰρ,φησὶν,
1559 2602 1743 2673 αὐτῆς,

203 2697 287 2751 ἵνα
323 2715 380 2749 σε
432 2696 732 2770 περιλὰϐῖγ
778 2694 922 2765 ψυχὴ
964 2694 1021 2745 δὲ
1080 2693 1166 2745 διὰ
1214 2692 1546 2763 περιπλοκῆς
1588 2680 1748 2763 σοφίᾳ.

205 2787 477 2851 ἐνωθείσα,
505 2784 1097 2856 ἁγιασμοῦὶπληροῦται
1126 2785 1219 2836 καὶ
1248 2783 1637 2854 καθαρότητοςι
1666 2782 1745 2836 ἔτι

206 2895 272 2947 γε
299 2878 396 2949 μὴν
436 2878 541 2930 τῶν
589 2876 822 2948 Χριστοῦ
863 2875 1047 2948 μύρων
1080 2876 1113 2945 ἡ
1151 2875 1246 2945 τῆς
1274 2874 1447 2945 ψυχῆς
1490 2874 1745 2943 ἀντιλαμ-

210 2970 426 3023 ϐάνεται
448 2970 722 3041 ὄσφρησις.

279 3064 324 3093 ιτ
364 3063 428 3115 εΗ
455 3060 613 3133 ἁρετὴ
639 3059 867 3132 μεσότης
886 3076 899 3088 ⁸
934 3058 1011 3112 διδ
1036 3058 1130 3112 καὶ
1147 3058 1245 3128 τὴν
1275 3056 1520 3128 ἀνδρείαν
1549 3054 1743 3126 μεταξὺ

201 3153 304 3224 τῆς
335 3153 660 3225 θρασύτητος
695 3152 791 3206 καῖ¹
824 3152 923 3220 τῆς
943 3150 1157 3240 δειλίας
1183 3147 1322 3240 εἶναι
1353 3164 1522 3240 φησι·
1544 3145 1652 3240 *νῦν
1769 3182 1812 3240 C

106 3288 109 3295 .
199 3244 448 3314 ὀνομάζει
476 3243 653 3309 δεξιά·
688 3243 748 3293 ού
780 3240 847 3293 τὰ
888 3238 1043 3309 φύσει
1078 3239 1223 3303 δεξιὰ
1258 3239 1403 3291 ἐστὶν
1443 3239 1495 3289 αί
1533 3233 1746 3306 ἀρεταὶ,

201 3335 328 3388 ἀλλὰ
348 3334 416 3388 τὰ
453 3333 748 3402 φαινόμενα
776 3332 858 3383 σοὶ
891 3329 1037 3394 δεξιὰ
1077 3328 1162 3382 διὰ
1193 3328 1290 3389 τὰς
1311 3327 1527 3399 ᾑδονὰς’
1562 3324 1744 3396 ἡδοναὶ

205 3426 255 3479 δέ
282 3428 419 3485 εἰσιν
437 3464 453 3489 ,
481 3425 542 3477 ού
581 3424 733 3497 μόνον
769 3418 1096 3490 Ἀφροδίσια,
1118 3419 1252 3472 ἀλλὰ
1274 3420 1368 3472 καὶ
1397 3417 1620 3479 πλοῦτος
1650 3415 1744 3468 καὶ

206 3517 369 3587 τρυφή
388 3533 402 3545 ·
431 3504 691 3586 ἀριστερὰ
713 3513 788 3577 δὲ,
816 3512 1024 3581 φθόνος,
1051 3511 1313 3583 ἁρπαγαὶ,
1336 3511 1428 3564 καὶ
1447 3510 1514 3564 τὰ
1538 3508 1744 3585 τούτοις

201 3586 379 3678 ϐμοιαέ
431 3604 626 3676 βορέας
651 3604 779 3673 γὰρ,
820 3603 973 3674 φησὶ,
1017 3603 1243 3674 σκληρὸς
1274 3602 1487 3671 ἄνεμος,
1524 3602 1743 3673 ὀνόματι

196 3700 248 3752 δὲ
282 3696 549 3760 ἐπιδέξιος
594 3695 862 3749 καλεῖται’
913 3692 1102 3764 βορέαν
1130 3693 1238 3764 γὰρ
1283 3692 1617 3763 συμϐολικῶς
1655 3693 1745 3745 τὸν
1768 3713 1779 3717 -

198 3790 439 3861 πονηρὸν.
459 3788 609 3841 καλεῖ
647 3790 762 3858 ἢτοι
808 3788 898 3841 τὸν
946 3786 1185 3841 διάϐολον
1211 3823 1224 3846 ,
1274 3786 1365 3851 ἀφ’
1395 3776 1454 3835 οὗ
1484 3781 1744 3854 ἐξεκαύθη

195 3882 373 3933 πάντα
400 3879 471 3933 τὰ
508 3876 651 3931 κακὰ
682 3876 773 3928 ἐπὶ
803 3878 900 3948 τῆς
940 3876 1068 3945 γῆς·
1101 3874 1321 3943 ὀνόματι
1355 3873 1411 3924 δὲ
1445 3868 1597 3936 οὗτος
1624 3875 1743 3925 ὲπι-

176 3950 398 4035 δέξιος,
436 3969 518 4021 ὃτι
563 3966 790 4036 ἄγγελος
834 3965 1073 4018 καλεῖται
1097 3962 1267 4040 ⁴δεξιῷ
1300 3962 1741 4033 ὀνόματα-Σὺ,

193 4058 378 4129 φησὶν,
405 4057 650 4110 ἐκκλινον
679 4056 785 4110 ἀπὸ
813 4050 1011 4117 κακοῦ,
1036 4054 1128 4107 καὶ
1153 4053 1230 4123 τῷ
1258 4054 1373 4123 Θεῷ
1408 4055 1628 4125 μελήσει
1650 4053 1759 4105 τοῦ

192 4150 378 4212 τέλους
396 4165 409 4177 ’
442 4147 830 4220 προπορεύεται
852 4146 958 4218 γάρ
982 4163 1074 4198 σου
1096 4163 1109 4178 ο
1135 4145 1411 4198 καταλύων
1436 4148 1559 4209 τοὺς
1588 4144 1743 4198 πολε-

197 4241 371 4313 μίους,
399 4239 477 4301 ὼς
500 4232 555 4291 ἐν
588 4238 777 4309 εἰρήνῃ
802 4254 860 4290 σε
888 4234 1135 4306 βαδίσαι.’
1418 4275 1423 4279 -

259 4334 315 4371 ⁵³
341 4331 593 4386 Δείκνυσι
633 4327 741 4399 γὰρ
771 4329 863 4381 καὶ
892 4328 977 4382 διὰ
1005 4327 1099 4381 τοῦ
1129 4325 1285 4396 ζῴου,
1323 4324 1384 4377 τὸ
1416 4324 1516 4393 τῆς
1555 4322 1744 4393 ἡδονῆς

194 4421 464 4494 καθαρόν·
492 4420 584 4473 καὶ
608 4418 697 4471 διὰ
719 4416 809 4471 τοῦ
844 4417 1042 4483 πώλου,
1078 4418 1138 4469 τὸ
1175 4417 1272 4486 τῆς
1291 4413 1541 4483 γυναικὸς
1581 4414 1742 4484 παρί-

193 4532 352 4588 στησι
385 4512 588 4585 γαῦρον
606 4511 705 4569 καὶ
734 4507 1002 4561 ποθεινόν·
1031 4508 1126 4560 καὶ
1150 4506 1335 4577 ἐπειδὴ
1356 4504 1525 4560 πολλὰ
1545 4499 1650 4557 οἶδε
1676 4502 1743 4556 τὰ
1774 4501 1819 4555 D
1845 4512 2095 4582 exprimi;
2121 4518 2175 4565 ει
2218 4506 2621 4562 amabilitatem.
2650 4501 2716 4557 Et
2749 4503 2876 4572 quia
2909 4505 3076 4577 multa
3122 4520 3217 4579 cei-3

1808 4646 1809 4653 η
1844 4606 2035 4663 vitium
2066 4599 2343 4656 incitantia
2367 4638 2382 4662 ,
2432 4602 2589 4649 caute
2616 4595 2884 4659 consulit,
2916 4604 2970 4650 et
3010 4596 3385 4653 indissolubile

190 4607 602 4680 παροξύνοντα,
652 4593 933 4671 ἀσφαλίζέι
960 4637 974 4662 ,
1006 4598 1222 4669 ἀρραγῆ
1272 4598 1362 4651 τὸν
1412 4597 1509 4667 τῆς
1556 4594 1745 4665 φιλίας

190 4696 377 4758 αὐτοῖς
403 4692 599 4765 δεσμὸν
631 4688 919 4762 ἐπιτίθησι,
954 4686 1014 4740 τὸ
1040 4684 1606 4757 ἀδιάρςὴικτοναύτοῐς
1638 4702 1742 4753 μη-
1794 4702 1799 4705 ι

188 4785 511 4857 χανὼμενος
531 4801 543 4811 ·
576 4783 747 4847 ἄλλως
773 4782 828 4834 δὲ
852 4783 885 4850 ἡ
920 4778 1078 4847 σοφία
1096 4817 1112 4841 ,
1138 4776 1347 4846 ἡτοιοῦν
1378 4778 1591 4845 ἔλαφος,
1620 4776 1744 4838 τοὺς
1772 4784 1775 4786 ’

185 4878 298 4941 τῶν
334 4868 666 4949 ἐτεροδόξων
692 4871 966 4943 ¹ὀφιώδεις-
992 4869 1177 4937 λόγους
1224 4868 1461 4938 πέφυκεν
1503 4865 1741 4921 ἐλαύνειν

185 4970 283 5023 καὶ
328 4968 606 5038 ἀναιρεῖν·
642 4964 781 5034 αὕτη
824 4959 936 5027 οὖν,
972 4958 1131 5032 φησὶ,
1172 4957 1404 5011 συνέστω
1442 4974 1523 5010 σοι
1570 4948 1744 5020 πιῖιλος

184 5057 325 5114 οὖσα
358 5057 446 5129 τῷ
468 5055 675 5119 νεάζειν
702 5039 1165 5131 ἃπασαννάρετήνξ
1194 5048 1288 5100 καὶ
1314 5048 1436 5099 ἐπεὶ
1462 5047 1535 5118 μὴ
1565 5048 1751 5117 ὅμοιον

186 5152 327 5223 γυνὴ
358 5152 460 5209 καὶ
493 5149 673 5218 σοφία,
702 5148 838 5217 αὕτη
868 5146 1168 5201 τούναντίον
1199 5139 1434 5212 ἡγείσθω
1468 5156 1577 5194 σοι·
1602 5140 1743 5194 οὕτω

184 5241 298 5311 γὰρ
326 5238 671 5309 ἀποκυήσεις
696 5229 1263 5306 ληισμοὺςνάγαθούς.
1532 5280 1533 5290 χ

252 5330 303 5362 ⁸⁸
334 5328 464 5383 Ἵνα
502 5329 579 5400 μὴ’
602 5326 797 5401 um;
829 5326 893 5379 Τί
926 5325 1033 5395 γὰρ
1067 5322 1257 5393 βλάϐος
1284 5323 1394 5383 τοῖς
1429 5321 1738 5392 ὀφθαλμοῖς,

189 5420 263 5493 μὴ
299 5419 529 5483 πάντως
554 5417 719 5488 οὔσης
746 5411 987 5487 ἀνάγκης
1014 5408 1105 5468 τὸν
1144 5410 1406 5485 ἐνορῶντα
1434 5414 1702 5484 τραπῆναι
1724 5429 1739 5475 ;

156 5510 439 5573 »δείκνυσι
478 5512 583 5573 σοι,
625 5508 756 5579 ὡςή
785 5496 1213 5578 μὲνέπιθυμία,
1255 5501 1364 5575 πῦρ
1388 5504 1565 5555 ἐστιν·
1614 5505 1649 5572 η
1685 5503 1742 5555 δὲ

1792 686 1795 687 ν
1842 622 2058 691 accipit.
2087 620 2178 673 Ille
2213 619 2382 689 legem
2417 619 2636 684 deserit,
2674 618 2765 687 qui
2809 632 2928 671 eam
2972 620 3385 685 transgreditur.

1842 690 2034 782 Legem
2074 726 2234 780 porro
2270 710 2354 764 vel
2377 690 2537 779 quam
2566 709 2771 763 diserte
2804 708 3067 772 nominat,
3103 709 3184 762 vel
3224 726 3387 780 quam

1842 802 1981 872 idem
2009 800 2332 855 observavit.

1910 891 2046 956 Quid
2075 892 2179 957 est,
2207 890 2515 947 circumda?
2533 887 2758 944 Sanctas
2779 889 2828 942 ei
2854 887 3160 958 circumjice
3184 890 3388 960 cogita-

1842 980 2035 1035 tiones.
2068 981 2235 1036 Multo
2264 983 2405 1035 enim
2448 982 2543 1035 tibi
2579 995 2716 1049 opus
2754 988 2839 1033 est
2883 979 3199 1047 munimine,
3244 996 3388 1050 quo-

1843 1073 1987 1126 niam
2014 1073 2181 1127 multa
2207 1085 2333 1127 sunt
2370 1073 2459 1126 tali
2499 1071 2840 1141 possessioni_
2863 1070 3195 1126 insidiantia.
3230 1071 3384 1138 Quod

1844 1164 1889 1215 si
1923 1164 1975 1215 in
2008 1174 2191 1218 nostra
2231 1173 2495 1232 potestate
2529 1172 2609 1218 est
2655 1178 2770 1217 eam
2806 1162 3231 1225 circumvallare,
3261 1180 3383 1217 lllll-

1844 1254 2049 1308 nimina
2071 1254 2288 1322 quidem
2320 1254 2476 1309 nobis
2497 1262 2659 1308 erunt
2682 1254 2906 1308 virtutes
2947 1268 3067 1323 qua:
3089 1252 3181 1308 Dei
3214 1256 3385 1309 scien-

1814 1344 1975 1415 tiam
2023 1344 2319 1409 extollunt,
2362 1345 2524 1397 veluti
2567 1344 2834 1414 aseetica,
2880 1353 2935 1398 et
2981 1345 3288 1411 meditatio,
3334 1354 3389 1400 ct

1836 1434 2083 1501 reliquus
2110 1434 2367 1492 virtutum
2404 1434 2640 1499 chorus;
2684 1451 2824 1503 quas
2854 1440 2947 1506 qui
2978 1447 3142 1501 tenet,
3173 1439 3389 1507 sapien-

1844 1524 1982 1577 tiam
2004 1524 2274 1578 honorat:
2323 1539 2531 1591 merces
2559 1540 2687 1580 vero
2716 1534 2818 1591 est,
2849 1529 2914 1581 ad
2962 1530 3134 1597 ipsam
3178 1530 3386 1598 extolli,

1843 1623 2041 1666 etcum
2072 1628 2133 1667 ea
2164 1612 2403 1675 deliciari
2436 1613 2488 1665 in
2512 1613 2717 1668 cmlesti
2753 1614 3006 1669 thalamo.

1914 1703 2069 1773 impii
2114 1714 2241 1759 sunt
2286 1704 2640 1767 heterodoxi:
2689 1713 2996 1774 peccatores
3044 1716 3219 1761 autem
3252 1708 3387 1777 legis

1848 1802 2279 1863 transgressores
2304 1813 2317 1851 :
2340 1811 2572 1865 quorum
2602 1796 2714 1851 vias
2740 1804 2794 1850 et
2826 1807 2975 1851 actus
3001 1799 3192 1853 sectari
3218 1808 3382 1856 vetat.
3457 1860 3461 1865 ,

1917 1980 2084 2033 Recta
2115 1979 2258 2033 videt
2281 1980 2372 2048 qui
2399 1977 2750 2046 cogitationes
2790 1978 2949 2048 habet
2982 1983 3385 2050 perturbatione

1845 2071 2042 2125 liberos
2066 2088 2079 2123 :
2110 2080 2164 2124 et
2182 2084 2313 2126 vera
2340 2070 2615 2138 dogmata,
2644 2069 2691 2123 is
2714 2070 2806 2138 qui
2833 2073 3193 2128 exterioribus
3217 2077 3388 2143 plian-
3435 2116 3441 2123 .

1847 2158 1997 2231 Iasiis
2028 2168 2135 2214 non
2162 2160 2493 2230 percellitur.
2524 2159 2660 2213 Cum
2685 2160 2847 2214 dicit:
2880 2159 3032 2215 Oculi
3066 2150 3143 2219 tui
3172 2166 3390 2219 videant

1843 2236 2171 2321 aequitatem,
2196 2253 2261 2306 de
2284 2252 2492 2309 visione
2514 2252 2991 2321 animmloquitur.
3015 2252 3084 2307 Et
3110 2270 3231 2309 cum
3262 2258 3391 2311 lior-

1845 2353 2026 2398 tatur:
2054 2343 2291 2398 Comede
2319 2334 2444 2408 mel,
2480 2343 2578 2407 ﬂli‘,
2602 2353 2667 2397 ut
2688 2345 2763 2398 sit
2787 2344 3014 2399 dulcedo
3038 2348 3238 2417 gutturi
3272 2358 3387 2416 tuo,

1846 2436 1951 2492 mel
1986 2436 2190 2505 tropice
2231 2435 2362 2490 dicit
2399 2435 2636 2489 divinam
2668 2423 2994 2501 doctrinam,
3024 2453 3143 2506 quae
3171 2439 3387 2509 spirita-

1846 2529 1948 2583 lem
1981 2527 2195 2584 coniicit
2222 2527 2417 2582 anima:
2444 2526 2746 2581 scientiam.
2782 2526 2888 2581 Sed
2928 2538 2981 2582 et
3007 2529 3243 2584 animam
3268 2536 3392 2585 tan-

1845 2620 1922 2688 git
1956 2620 2240 2688 sapientia.
2289 2618 2425 2671 Ama
2450 2617 2603 2681 enim
2640 2631 2780 2683 eam,
2825 2626 2884 2669 ut
2934 2619 3268 2687 amplexetur
3313 2630 3385 2690 te.

1843 2709 1963 2764 Jam
2009 2710 2190 2764 anima
2229 2724 2325 2779 per
2349 2708 2688 2776 complexum
2718 2707 2899 2760 virtuti
2944 2710 3224 2777 copulata,
3260 2726 3387 2765 san-

1842 2793 2027 2857 ctitate
2056 2802 2289 2871 repletur
2316 2812 2369 2854 et
2395 2801 2645 2868 puritate.
2673 2798 2893 2869 Insuper
2914 2797 3389 2872 Cbristi'unguen-

1845 2902 2020 2948 torum
2051 2892 2232 2945 anima
2259 2889 2473 2947 affectat
2498 2889 2801 2943 odoratum.
3102 2876 3106 2877 ί

1914 3056 2099 3112 Virtus
2132 3056 2364 3111 medium
2414 3064 2574 3110 tenet.
2622 3056 2800 3122 Quare
2828 3054 2988 3113 étiam
3020 3059 3385 3131 fortitudinem

1844 3150 1975 3206 dicit
2000 3165 2120 3204 esse
2146 3150 2376 3203 mediam
2407 3150 2546 3203 inter
2572 3149 2852 3204 audaciam
2878 3161 2928 3205 et
2949 3151 3218 3206 timorem.
3235 3150 3390 3207 Nunc

1842 3256 1969 3296 vero
1998 3240 2127 3295 dicit
2154 3240 2393 3305 dextera,
2418 3256 2523 3294 non
2558 3256 2677 3309 qua:
2709 3224 2834 3294 sunt
2856 3241 3170 3298 naturaliter
3203 3232 3387 3297 dextel

1841 3350 1923 3400 ra,
1955 3331 2257 3403 cujusmodi
2296 3341 2422 3386 sunt
2448 3331 2690 3394 virtutes,
2723 3328 2816 3383 sed
2864 3345 2984 3398 quan
3020 3316 3237 3386 dextera
3262 3348 3390 3402 ιιι-ο-

1841 3436 1959 3494 pter
1986 3423 2286 3492 voluptates
2312 3420 2404 3475 tibi
2436 3420 2699 3473 videntur.
2724 3416 3033 3487 Voluptates
3056 3429 3229 3474 autem
3260 3431 3388 3476 sunt

1842 3510 1949 3570 non
1981 3515 2153 3570 solum
2184 3512 2470 3575 Venerem,
2498 3523 2684 3563 verum
2716 3509 2877 3563 etiam
2917 3509 3116 3565 divitia:
3145 3527 3209 3565 ac
3254 3514 3387 3569 deli-

1843 3609 1959 3675 ciae.
1986 3588 2217 3678 Sinistra
2248 3616 2396 3666 vere,
2442 3600 2635 3663 caedes,
2671 3598 2903 3666 rapinae,
2946 3610 2995 3655 et
3035 3601 3119 3657 his
3164 3603 3382 3661 similia.

1842 3684 1976 3751 Nam
1997 3676 2185 3750 boreas
2202 3692 2406 3761 rigidus
2420 3698 2629 3755 ventus,
2648 3690 2833 3771 dexter
2850 3676 3162 3760 appellatur.
3180 3693 3387 3767 Quippe

1843 3788 2059 3841 boream
2105 3782 2428 3853 symbolice,
2476 3782 2769 3851 malignum
2820 3782 3091 3837 diabolum
3144 3788 3383 3854 vocitat,
3483 3848 3488 3855 ,

1844 3894 1871 3931 a
1914 3891 2022 3945 quo
2068 3874 2207 3928 mala
2257 3873 2437 3928 omnia
2483 3873 2845 3928 incenduntur
2899 3874 2952 3927 in
2989 3876 3155 3929 orbe.
3200 3876 3383 3934 Eidem

1843 3973 2039 4020 nomen
2069 3973 2151 4019 est
2175 3956 2380 4027 dexter,
2406 3952 2530 4033 quia
2561 3963 2782 4032 angelus
2821 3972 3044 4017 vocatur
3085 3964 3295 4033 dextro,
3328 3967 3383 4021 id
3414 3960 3417 3961 ⁷

1841 4066 1926 4111 est
1954 4055 2135 4111 fausto
2170 4056 2409 4110 nomine.
2433 4052 2631 4122 —Tu,
2664 4053 2871 4121 inquit,
2912 4052 3121 4107 declina
3157 4070 3186 4112 a
3219 4057 3379 4118 malo,

1841 4159 1896 4204 et
1929 4138 2041 4203 Deo
2063 4163 2195 4204 cura
2225 4148 2325 4202 erit
2364 4148 2486 4201 linis
2518 4146 2611 4201 tui.
2649 4144 2885 4198 Anteibit
2917 4144 3059 4197 enim
3097 4153 3167 4210 te,
3202 4146 3382 4201 hostes
3444 4176 3447 4181 ~

1843 4226 2155 4310 proﬂigans,
2188 4247 2248 4292 ut
2271 4237 2491 4308 paeitice
2519 4234 2799 4305 gradiaris.

1912 4329 2114 4398 Nempe
2144 4343 2239 4398 per
2263 4341 2473 4383 cervam
2497 4325 2715 4377 denotat
2735 4321 3020 4391 voluptatis
3046 4323 3099 4377 in
3129 4323 3384 4396 coniugio

1844 4421 2244 4484 innocentiam;
2282 4425 2334 4471 et
2372 4430 2464 4485 per
2500 4413 2726 4483 pullum,
2767 4413 3095 4467 alacritatem
3142 4415 3385 4471 mulieris
3424 4404 3427 4407 ’

1845 4512 2095 4582 exprimit
2121 4518 2175 4565 et
2218 4506 2621 4562 amabilitatem.
2650 4501 2716 4557 Et
2749 4503 2876 4572 quia
2909 4505 3076 4577 multa
3122 4506 3292 4579 cernit
3310 4507 3382 4561 ad

1846 4692 2168 4763 coniugibus
2199 4688 2469 4743 vinculum
2492 4685 2698 4754 injicit,
2729 4686 3086 4745 constantiam
3122 4688 3226 4742 illis
3255 4704 3388 4743 con--

1847 4785 2055 4840 cilians.
2087 4777 2297 4847 Alioqui
2329 4775 2610 4848 sapientia,
2640 4777 2784 4831 cervi
2815 4777 3001 4839 instar,
3028 4776 3382 4830 heterodoxo-

1847 4887 1967 4927 rum
1996 4863 2335 4937 serpentinas
2360 4865 2635 4920 doctrinas
2652 4864 2908 4933 repellere
2929 4864 3067 4917 valet
3093 4873 3147 4917 et
3173 4865 3384 4919 exstin—

1846 4976 2027 5036 gnere.
2052 4956 2178 5013 Haec
2211 4957 2404 5025 igitur,
2431 4956 2627 5025 inquit,
2662 4963 2841 5009 tecum
2881 4953 2952 5008 sit
2979 4953 3132 5022 quasi
3178 4954 3381 5024 pullus,

1846 5058 1903 5103 ut
1929 5059 2139 5101 omnem
2176 5044 2428 5098 virtutem
2464 5044 2697 5117 innovet.
2724 5040 2787 5094 Et
2832 5041 2958 5109 quia
2994 5056 3102 5094 non
3137 5052 3221 5097 est
3257 5060 3382 5099 mu-

1843 5139 1962 5193 lieri
1992 5134 2193 5190 similis
2212 5134 2504 5204 sapientia,
2541 5135 2654 5188 haec
2682 5130 2862 5207 potius
2898 5131 2966 5184 sit
2994 5130 3089 5185 tibi
3119 5132 3250 5188 dux.
3290 5134 3388 5189 Sic

1844 5230 1988 5285 enim
2024 5228 2191 5280 bonas
2216 5225 2525 5295 procreabis
2556 5221 2928 5300 cogitationes.
3198 5222 3201 5227 '

1914 5316 1991 5371 Ne
2028 5314 2169 5387 forte
2208 5316 2398 5371 dicas:
2434 5314 2545 5370 Cur
2591 5318 2822 5367 noceant
2858 5310 3025 5377 oculi,
3066 5327 3190 5387 cum
3221 5313 3380 5381 plane

1846 5422 1952 5462 non
1978 5406 2049 5461 sit
2080 5384 2301 5462 necesse
2327 5420 2452 5460 eum
2498 5400 2726 5473 perverti
2756 5400 2850 5469 qui
2899 5400 3105 5455 cernit?
3144 5376 3381 5455 intendit

1846 5498 1941 5554 tibi
1984 5496 2474 5567 concupiscentiam
2508 5494 2644 5548 “esse
2683 5492 2896 5562 ignem;
2930 5491 3179 5558 carnem,
3216 5489 3377 5545 vesti-

258 5682 311 5730 ιι
343 5711 403 5750 γ,
428 5692 563 5750 3,.
589 5694 654 5746 A.
680 5692 718 5746 ι.
744 5686 834 5758 si,
856 5708 907 5746 a.
979 5692 1024 5723 ιε
1053 5709 1102 5745 v.
1142 5693 1225 5746 it.
1251 5725 1317 5736 -
1344 5694 1405 5747 Α.
1439 5689 1477 5744 r.
1504 5689 1592 5745 22.
1624 5691 1679 5745 υ.

1840 5705 1866 5736 r.
1893 5686 1983 5741 25.
2004 5686 2119 5741 -A.
2150 5685 2188 5742 ἲ.
2217 5685 2307 5752 25,
2332 5687 2385 5741 b.
2458 5684 2500 5715 ⁸⁷
2530 5698 2582 5737 v.
2613 5682 2701 5736 27.
2721 5680 2915 5750 —-A._f.
2940 5680 3029 5741 24,
3061 5694 3109 5733 α
3186 5678 3229 5709 ⁸⁸
3256 5690 3385 5743 cap.

116 5787 122 5794 ί
188 5784 246 5837 v,
281 5766 475 5824 i9;-—
497 5761 562 5815 Α.
594 5761 634 5814 ι.
657 5761 748 5828 ΞΖ,
770 5762 823 5816 b.
898 5760 1094 5831 “cap.
1123 5774 1196 5827 Vl,
1228 5762 1491 5845 2-7.-—A.
1523 5762 1562 5814 Γ.
1595 5760 1681 5823 56,
1706 5776 1757 5813 a.

224 5880 234 5887 ο
384 5909 388 5912 .
519 5851 785 5913 Ριτιιοι.
817 5852 934 5913 Gn.
956 5854 1037 5912 Χ.
1459 5887 1461 5891 η

2934 5843 3012 5903 20
