4098 6362
682 438 783 496 810

1525 434 1583 488 8.
1609 428 1971 487 HIPPOLYTI
2009 428 2156 483 (ιρι).
2200 428 2379 485 PARS
2404 427 2457 484 1η.
2499 459 2569 471 ο-
2609 428 3012 488 EXEGETICA.

3794 438 3907 495 620

683 572 954 626 mentum;
996 559 1136 613 hanc
1156 555 1374 627 quidem
1406 550 1565 607 facile
1587 550 1741 621 capi;
1770 549 1919 605 illam
1964 562 2092 602 vero
2114 559 2225 601 esse

2336 544 2506 617 σὰρξ,
2570 547 2813 618 ιμάτιον·
2846 548 2907 601 τδ
2948 549 3046 619 μὲν
3077 549 3370 604 εὐάλωτον·
3402 538 3435 623 ἢ
3466 550 3520 604 δι
3549 552 3906 621 ,τυραννικὴ-

684 648 1381 729 ιγτειιιιίοιιιιι.ριιοὰινει·ο
1432 659 1541 698 non
1596 641 1757 695 modo
1810 650 1890 695 est
1940 639 2229 699 inclusum,

682 763 868 805 verum
922 745 1084 800 etiam
1137 738 1481 809 colligatum,
1541 734 1683 788 haud
1736 741 1863 787 ante
1924 732 2231 801 egredietur

684 856 846 913 quam
877 837 991 892 sibi
1021 834 1224 889 exitum
1264 828 1469 885 iecerit.
1512 826 1631 881 Jan:
1672 824 1764 894 qui
1799 831 2006 892 spectat
2038 822 2232 875 mulie-

684 947 833 995 rem,
868 924 1077 983 etiamsi
1117 920 1396 991 diﬂ‘ugiat,
1440 934 1546 973 non
1588 925 1767 971 tamen
1815 929 1985 984 purus
2032 927 2233 967 concu-

682 1021 945 1095 piscentia
989 1014 1243 1073 discedet.
1299 1011 1409 1077 Cur
1446 1019 1624 1065 autem
1687 1022 1824 1077 opus
1872 1014 1957 1059 est
2013 1005 2224 1074 negotia

683 1093 913 1175 habere,
959 1108 1006 1164 si
1066 1108 1269 1175 absque
1316 1094 1787 1177 ipsis‘poss‘umus
1839 1110 1959 1176 esse
2011 1093 2233 1163 pudici?

681 1203 918 1259 Observa
947 1199 1073 1271 quid
1096 1197 1239 1251 dicat
1261 1192 1461 1248 Jobus:
1493 1187 1688 1261 Factus
1714 1186 1884 1257 pepigi
1919 1201 2034 1239 eum
2059 1184 2225 1237 oculis

680 1293 1013 1361 meis,ne'de
1044 1290 1256 1345 muliere
1294 1284 1467 1339 aliena
1503 1282 1802 1350 cogitarem.
1837 1276 1936 1331 Hic
1971 1276 2230 1331 nimirum

681 1386 950 1443 illusionis
993 1383 1100 1436 vim
1149 1376 1489 1450 agnoscebat.
1536 1374 1733 1428 Paulus
1773 1371 1934 1426 etiam
1974 1369 2115 1422 hanc
2157 1366 2230 1419 ob

646 1471 649 1478 ’
682 1471 1226 1541 causamcastigabat
1256 1481 1455 1537 corpus
1484 1472 1537 1519 et
1576 1465 1629 1518 in
1661 1461 1975 1527 servitutem
2017 1458 2229 1525 redige-

682 1572 791 1625 bat.
844 1563 1087 1635 Spiritali
1137 1569 1316 1615 autem
1375 1571 1573 1621 sensu,
1625 1554 1713 1607 ille
1764 1551 1948 1619 alligat
1998 1549 2052 1603 in
2103 1549 2225 1603 sinu

682 1662 891 1734 ignem,
950 1657 1041 1726 qui
1096 1654 1361 1724 impuram
1415 1646 1798 1717 cogitationem
1846 1640 2124 1696 immorari
2174 1642 2229 1693 in

680 1730 842 1807 corde
878 1749 1007 1804 sinit
1037 1766 1051 1802 :
1095 1742 1295 1800 incedit
1330 1750 1509 1795 autem
1542 1750 1704 1805 super
1748 1733 2013 1788 carbones
2045 1733 2091 1785 is
2133 1730 2223 1800 qui

678 1851 955 1914 peccatum
983 1830 1551 1907 operando'propriam
1583 1826 1820 1881 animam
1853 1823 2049 1893 perdit.

748 1932 1021 2001 Cemphus
1065 1936 1147 1982 est
1176 1925 1277 1981 lari
1327 1923 1574 1991 species:
1612 1919 1707 1989 qui
1757 1928 1867 1971 tam
1903 1914 2120 1979 eﬂ'renis
2158 1914 2225 1967 ad

678 2025 1003 2093 voluptatem
1047 2024 1276 2085 eSt,'ut
1326 2012 1514 2069 oculos
1572 2009 1836 2079 sanguine
1891 2007 2115 2076 implere
2167 2005 2225 2061 in

680 2113 921 2171 coeundo
940 2111 1223 2174 videatur;
1252 2116 1305 2161 et
1341 2105 1594 2159 incautus
1619 2117 1760 2172 saepe
1790 2102 1846 2153 in
1868 2100 2101 2173 laqueos
2132 2104 2226 2150 aut

682 2206 960 2262 hominum
985 2216 1198 2256 manus
1238 2198 1445 2253 incidit.
1481 2194 1619 2249 Huic
1666 2207 1794 2262 ergo
1826 2192 2007 2244 virum
2045 2203 2222 2242 mere-

679 2298 815 2353 trici'
838 2292 1080 2351 deditum‘
1123 2293 1401 2359 comparat
1437 2289 1507 2342 ob
1540 2282 1961 2341 libidinemﬂiel
1996 2282 2067 2335 ob
2108 2281 2225 2349 ejus

680 2393 795 2443 avis
848 2385 1164 2444 stultitiam,
1196 2379 1497 2436 etenim-et
1548 2379 1661 2432 haec
1717 2389 1975 2443 tanquam
2032 2370 2224 2427 stolida

680 2470 949 2545 quemque
981 2479 1233 2527 sectatur.
1261 2468 1426 2523 Aiunt
1449 2468 1608 2523 etiam
1638 2466 1922 2535 cemphum
1949 2472 2229 2532 tantopere

681 2579 869 2636 spuma
896 2560 1168 2625 delectari,
1188 2568 1247 2612 nt
1272 2558 1317 2613 si
1342 2556 1464 2627 quis
1497 2556 1758 2624 navigans
1786 2568 2032 2623 spumam
2060 2566 2224 2605 manu

682 2661 879 2719 teneat,
907 2652 993 2707 ille
1014 2649 1196 2704 manui
1224 2646 1474 2703 insideat.
1507 2644 1657 2699 Parit
1680 2646 1843 2700 etiam
1870 2659 1993 2699 cum
2018 2644 2225 2697 dolore.

749 2829 954 2886 Novisti
1000 2830 1121 2899 ejus
1164 2830 1455 2888 damnum;
1489 2839 1618 2877 cave
1644 2824 1825 2891 itaque
1859 2836 1925 2875 nc
1965 2818 2224 2887 concupi-

680 2923 942 2975 scentiam
970 2919 1250 2986 admittas;
1276 2931 1424 2971 mors
1451 2916 1593 2969 enim
1623 2914 1741 2982 ejus
1768 2913 2091 2967 immortalis
2118 2919 2222 2964 est.

679 3011 981 3081 Caeteroqui
1031 3012 1278 3065 vulnerat
1315 3007 1534 3076 quidem
1589 3003 1969 3065 sermonibus,
2027 3001 2226 3056 occidit

680 3119 810 3159 vero
856 3102 1088 3171 peccatis
1127 3116 1221 3157 eos
1248 3102 1341 3170 qui
1387 3099 1491 3156 sibi
1521 3098 1833 3167 indulgent.
1874 3095 2008 3149 Nam
2056 3095 2224 3149 multa

2332 635 2458 688 ὅταν
2487 636 2544 689 δὲ
2573 637 2669 706 οὐχ
2700 636 2880 701 ἁπλῶς
2920 635 3321 712 ἐγκείμενον,
3348 640 3483 693 ἀλλά
3518 640 3613 694 καὶ
3646 640 3911 693 ἀποδεδε-

2337 727 2519 797 μὲνον,
2557 728 2617 781 οὐ
2650 728 2909 799 πρότερον
2934 728 3304 794 ἐξελεύσεται,
3342 732 3446 794 ἕως
3479 730 3653 800 ἐαυτῷ
3680 732 3907 800 ποιήσει

2330 819 2589 883 διέξοδον·
2622 820 2778 892 ὁγὰρ
2819 821 2938 874 ἰδὼν
2976 823 3228 889 γυναῖκα,
3261 824 3310 875 εί
3338 824 3434 876 καὶ
3471 822 3745 891 διέφυγεν,
3782 821 3909 874 ἀλλ’

2332 908 2430 961 οὐκ
2461 908 2753 979 ἐπιθυμίας
2800 909 3034 980 καθαρὸς
3082 910 3420 982 ἀνεχώρησε·
3456 912 3507 963 τί
3548 912 3604 963 δὲ
3645 912 3724 963 δεῖ
3759 928 3910 977 πρα-

2330 1000 2591 1071 γμάτων,
2644 999 2814 1070 παρὸν
2864 1002 3230 1071 ἀπραγμόνως
3276 1004 3601 1072 σωφρονεῖν;
3650 998 3796 1074 Ὅρα
3844 1003 3909 1054 τί

2333 1093 2494 1164 φησὶν
2524 1094 2552 1145 ὁ
2596 1091 2743 1145 Ἰὼϐ·
2779 1092 3075 1159 Διαθήκην
3104 1092 3380 1162 διεθέμην
3417 1093 3541 1160 τοῖς
3569 1093 3909 1163 ὀφθαλμοῖς

2328 1201 2467 1252 μου,
2496 1183 2602 1236 τοῦ
2636 1182 2721 1252 μὴ
2768 1182 3129 1251 κατανοῆσαι
3162 1184 3415 1254 γυναῖκα
3452 1184 3871 1252 ἀλλοτρίαν-ω’

2331 1271 2501 1336 οὕτως
2546 1268 2653 1325 οἶδε
2693 1272 2790 1342 τὴν
2835 1272 2936 1343 τῆς
2977 1273 3239 1344 ἐπηρείας
3278 1272 3462 1343 ἰσχύν·
3495 1273 3587 1327 καὶ
3612 1275 3641 1327 ὁ
3686 1273 3911 1337 Παῦλος

2330 1363 2388 1416 δὲ
2427 1364 2614 1416 τούτου
2659 1364 2844 1417 ἕνεκεν
2876 1364 3135 1429 ὑπεπίεζε
3179 1365 3239 1438 τὸ
3271 1365 3430 1436 σῶμα
3465 1364 3559 1418 καὶ
3590 1364 3906 1436 ἐδουλαγώ-

2332 1472 2451 1524 γει·
2482 1455 2623 1509 κατά
2649 1455 2705 1507 δὲ
2736 1455 2988 1527 θεωρίαν,
3023 1455 3382 1526 ἀποδεσμεύει
3410 1456 3521 1527 πῦρ
3552 1457 3611 1509 ἐν
3648 1458 3835 1527 κόλπῳ
3870 1461 3903 1508 ό

2334 1543 2629 1615 συγχωρῶν
2652 1545 2962 1616 ἀκάθαρτον
3004 1544 3258 1615 λογισμὸν
3299 1544 3635 1616 ἐγχρονίζειν
3662 1548 3727 1615 τῇ
3758 1563 3900 1617 καρ-

2330 1636 2446 1706 δίᾳ·
2483 1639 2771 1707 περιπατεῖ
2802 1636 2857 1689 δὲ
2894 1635 3077 1689 ἐπάνω
3109 1634 3410 1707 ἀνθράκων,
3443 1638 3471 1689 ὁ
3511 1636 3603 1689 διὰ
3639 1637 3739 1706 τῆς
3772 1638 3898 1689 κατ’

2334 1727 2611 1798 ἐνέργειαν
2646 1727 2918 1797 ἁμαρτίας
2947 1726 3043 1797 τὴν
3072 1726 3206 1779 ίδίαν
3232 1726 3510 1780 ἀπολλύων
3535 1728 3729 1797 ψυχήν.

2396 1908 2442 1938 ⁸ο
2466 1906 2691 1976 Κέμφος
2734 1906 2881 1958 ἐστὶν
2931 1903 3069 1969 εἶδος
3098 1906 3282 1979 λάρου,
3331 1908 3389 1969 ὃς
3418 1898 3589 1969 οὕτως
3637 1904 3901 1977 ἀκρατῶς

2328 1996 2439 2067 ἔχει
2493 1997 2626 2065 πρὸς
2673 1995 2881 2065 ἡδονὴν,
2936 1996 3012 2059 ὡς
3062 1998 3287 2068 αἵματος
3339 1996 3676 2067 πληροῦσθαι
3720 1996 3900 2048 δοκεῖν

2326 2089 2449 2149 τοὺς
2493 2087 2807 2156 ἀφθαλμοὺς
2842 2090 2899 2139 ὲν
2940 2087 3016 2159 τῷ
3057 2088 3293 2158 ὀχεύειν·
3330 2088 3423 2141 καὶ
3454 2088 3703 2141 λανθάνει
3738 2088 3897 2141 ἀναι-

2329 2178 2538 2250 σθητῶν
2586 2178 2798 2250 βρόχοις
2847 2175 3162 2249 πολλάκιςῆ
3200 2179 3355 2251 χερσὶ
3415 2180 3757 2251 περιπίπτων
3798 2179 3898 2231 ἀν-

2328 2264 2591 2335 θρώπων·
2639 2264 2813 2334 τούτῳ
2846 2260 2939 2317 οὖν
2985 2265 3075 2317 τὸν
3120 2264 3539 2337 προστιθέμενον
3586 2268 3652 2337 τῇ
3684 2267 3897 2339 πόρνῃ,

2312 2356 2393 2408 δι’
2423 2354 2719 2408 ἀκολασίαν
2774 2355 3104 2408 ἀπείκασεν·
3142 2354 3175 2426 ἢ
3219 2356 3308 2410 διὰ
3337 2356 3431 2409 τοῦ
3481 2354 3618 2426 ζῴου
3662 2357 3859 2428 εὔηθες
3883 2375 3895 2386 ·

2329 2445 2422 2499 καὶ¹
2448 2446 2558 2519 γὰρ
2590 2446 2682 2500 καὶ
2706 2438 2863 2509 οὗτος
2888 2444 2963 2509 ὼς
2990 2446 3178 2518 ἄφρων
3207 2445 3605 2518 ἐπηκολούθησε
3623 2464 3636 2476 ·
3671 2446 3809 2515 φασ).
3833 2446 3901 2498 δὲ

2329 2536 2486 2589 αὐτὸν
2527 2536 2780 2593 τοσοῦτον
2828 2524 3036 2608 χαίρειν
3075 2536 3259 2609 ἀφρῷ,
3312 2536 3451 2590 ὥστε
3495 2538 3546 2589 εί
3574 2556 3658 2601 τις
3711 2538 3900 2590 πλέων

2329 2629 2499 2700 ἀφρὸν
2530 2629 2622 2680 ἐπὶ
2660 2629 2838 2701 χειρὸς
2874 2626 3020 2693 seu,
3056 2628 3379 2701 ἐπικάθηται
3409 2633 3475 2700 τῇ
3506 2631 3682 2700 χειρί·
3716 2631 3900 2683 τίκτει

2327 2722 2383 2775 δὲ
2416 2720 2508 2773 καὶ
2544 2722 2601 2772 ἐν
2627 2719 2809 2791 ὀδύνῃ.

2399 2813 2444 2844 ⁸³
2469 2808 2623 2875 Εἶδες
2649 2796 2818 2883 αὐτῆς
2840 2811 2936 2880 τὴν
2963 2809 3164 2881 βλάϐην
3182 2826 3195 2839 ·
3224 2810 3297 2881 μὴ
3319 2810 3614 2882 ἀναμείνῃς
3637 2809 3899 2874 δέξασθαι

2327 2904 2424 2975 τὴν
2477 2904 2797 2974 ἐπιθυμίαν·
2846 2902 3110 2965 ἀθάνατος
3163 2901 3272 2971 γὰρ
3322 2902 3493 2969 αὗτῆς
3548 2905 3582 2972 ἡ
3629 2903 3895 2973 τελευτή·

2327 2998 2500 3061 ἄλλως
2553 2997 2609 3049 δὲ
2657 2993 2945 3064 τιτρώσκει
2997 2992 3093 3062 μὲν
3144 2991 3353 3060 λόγοις,
3418 2994 3536 3063 ἦτοι
3576 2993 3897 3063 λογισμοῖς,

2330 3084 2541 3155 φονεύει
2573 3083 2629 3136 δέ
2661 3083 2780 3144 ταῖς
2820 3080 3114 3154 ἁμαρτίαις
3142 3081 3269 3143 τοὺς
3294 3079 3677 3149 πειθομένους·
3722 3081 3896 3135 πολλά

681 3194 933 3264 nequitiae
961 3206 1153 3263 genera
1180 3192 1373 3245 stultos
1405 3188 1471 3244 ad
1499 3188 1711 3242 inferna
1755 3188 2046 3243 deducunt.
2064 3185 2221 3241 Con-

2329 3172 2437 3245 γὰρ
2462 3174 2575 3243 εἴδη
2602 3172 2799 3255 κακίας
2833 3172 2957 3234 τοὺς
2988 3172 3244 3243 ἀνοήτους
3272 3173 3351 3235 είς
3387 3171 3511 3241 ᾅδου
3550 3172 3892 3240 κατάγοντα·

680 3286 849 3341 clavia
902 3283 1121 3346 mortis,
1168 3281 1251 3335 vel
1295 3278 1671 3350 profunditas,
1700 3276 1782 3332 vel
1823 3275 2045 3331 divitiae.
2090 3274 2224 3342 Quis

679 3392 808 3448 ergo
834 3373 1083 3445 eﬂugiet?
1932 3372 1933 3387 ‘

752 3468 955 3523 Novam
989 3463 1351 3528 Hierusalem,
1399 3470 1642 3517 sanctam
1676 3460 1895 3515 carnem
1939 3458 2088 3515 dicit.
2118 3454 2228 3515 Co-

678 3563 893 3617 lumnas
919 3567 1145 3627 septem,
1178 3554 1540 3624 septenarium
1562 3568 1567 3573 ί
1587 3550 1759 3607 sancti
1790 3548 2027 3621 Spiritus
2064 3550 2120 3603 in
2162 3564 2229 3615 ea

682 3650 1031 3721 quiescentis.
1072 3646 1246 3701 Veluti
1291 3653 1522 3701 testatur
1562 3641 1731 3698 Isaias
1765 3642 1984 3698 dicens:
2020 3639 2226 3696 ‘Immo-

682 3737 809 3788 lavit
844 3736 1079 3787 victimas
1111 3748 1257 3788 suas.
1344 3783 1346 3785 ,

752 3826 1160 3888 Animadverte,
1207 3812 1455 3892 oportere
1507 3820 1803 3889 sapientem
1864 3819 2049 3874 multis
2108 3835 2225 3875 esse

684 3916 904 3980 utilem;
948 3914 1081 3969 adeo
1116 3920 1175 3966 ut
1211 3911 1304 3981 qui
1354 3910 1501 3965 utilis
1548 3910 1650 3963 sibi
1695 3910 1796 3964 soli
1838 3918 1956 3973 est,
2004 3923 2111 3961 non
2155 3909 2225 3961 sit

684 4008 919 4077 sapiens.
957 4004 1122 4059 Valde
1146 4004 1288 4058 enim
1339 4001 1671 4070 improbatur
1702 3995 1985 4070 sapientia,
2027 4000 2074 4053 si
2116 4001 2223 4053 vim

682 4116 835 4156 suam
863 4097 928 4154 ad
951 4111 1118 4153 unum
1149 4094 1234 4151 sui
1277 4092 1640 4163 possidentem
1685 4092 1911 4161 redigat.
1941 4090 2091 4146 Sicut
2135 4107 2225 4145 ve-

682 4208 879 4249 aenum
921 4205 1029 4245 non
1071 4197 1155 4245 est
1195 4187 1419 4243 noxium
1471 4186 1624 4241 alteri
1664 4185 1908 4255 corpori,
1962 4186 2054 4241 sed
2089 4187 2225 4240 reci-

684 4284 851 4351 pienti
873 4279 1282 4343 tantummodo;
1312 4279 1385 4332 ita
1412 4280 1504 4348 qui
1540 4277 1602 4331 fit
1628 4276 1925 4345 improbus,
1957 4290 2016 4331 se
2045 4276 2221 4345 ipsum

682 4374 845 4438 laedit,
876 4386 983 4425 non
1012 4372 1197 4425 alium.
1220 4368 1390 4424 Nemo
1410 4368 1606 4437 quippe
1634 4366 1831 4421 virtute
1854 4368 2127 4435 praeditus,
2156 4367 2223 4419 ab

684 4461 930 4531 improbo
960 4460 1191 4513 laeditur.

2326 3266 2525 3335 ταμεῖα
2556 3265 2611 3317 δὲ
2645 3262 2893 3323 θανάτου,
2925 3262 2959 3333 ἢ
3002 3261 3062 3316 τὸ
3088 3262 3249 3333 βάθος
3289 3263 3322 3334 ἢ
3361 3262 3389 3315 ὀ
3432 3262 3659 3327 πλοῦτος
3687 3263 3853 3318 αὐτοῦ
3876 3282 3892 3296 ·

2327 3356 2444 3419 πῶς
2474 3351 2566 3409 οὖν
2600 3355 2713 3410 ἔστι
2745 3355 3058 3423 διαφυγεῖν;
3804 3420 3808 3423 _

2396 3447 2443 3478 "
2476 3446 2586 3516 Τὴν
2614 3444 2738 3498 νέαν
2751 3445 3099 3517 Ἰερουσαλὴμ
3131 3446 3225 3498 καὶ
3244 3445 3403 3513 ἀγίαν
3426 3446 3602 3517 σάρκα
3620 3464 3636 3478 ·
3667 3445 3887 3509 στύλους

2326 3535 2484 3599 ἐπτά,
2526 3535 2624 3607 τὴν
2657 3534 2921 3605 ἑϐδομάδα
2954 3534 3048 3586 τοῦ
3090 3534 3245 3603 ἁγίου
3278 3535 3593 3607 Πνεύματος
3632 3539 3717 3590 ἐπ’
3749 3537 3891 3609 αὐτῇ

2324 3625 2756 3695 ἀναπαυομένου,
2790 3626 3061 3694 ἐσήμανε·
3098 3623 3281 3688 καθὼς
3316 3626 3542 3698 Ἡσαΐας
3582 3629 3851 3699 μαρτυρεῖ
3875 3666 3893 3689 ,

2326 3718 2495 3784 λέγων
2512 3734 2526 3747 ·
2564 3715 2827 3784 Ἔσφαξε
2854 3716 2922 3767 τὰ
2941 3713 3165 3782 ἑαυτῆς
3187 3716 3431 3784 θύματα.
3871 3744 3884 3758 ι

2397 3808 2441 3838 ⁸³
2472 3804 2782 3876 Σημείωσαι
2809 3805 2890 3857 ὅτι
2920 3804 3011 3857 τὸν
3042 3804 3200 3873 σοφὸν
3223 3805 3435 3869 πολλοῖς
3457 3803 3596 3859 εἶναι
3623 3806 3894 3879 χρήσιμον

2326 3888 2648 3963 ἀναγκαῖον·
2686 3893 2761 3957 ὡς
2782 3894 2810 3946 ὅ
2842 3909 2903 3963 γε
2937 3892 3114 3963 ἐαυτῷ
3144 3896 3411 3966 χρήσιμος
3451 3895 3630 3964 μόνον,
3664 3895 3763 3948 οὐκ
3795 3896 3891 3967 ιῐη

2327 3985 2487 4053 σοφός
2510 4002 2524 4014 ·
2557 3983 2724 4054 πολλὴ
2752 3984 2858 4056 γὰρ
2902 3984 3001 4055 τῆς
3040 3984 3232 4055 σοφίας
3279 3985 3610 4055 κατηγορία,
3644 3986 3691 4038 εί
3721 3985 3893 4060 μέχρι

2324 4073 2418 4128 τοῦ
2447 4071 2780 4142 κεκτημένου
2821 4071 2919 4140 τὴν
2943 4070 3172 4141 δύναμιν
3198 4070 3341 4137 ἕξει·
3375 4070 3561 4143 ὥσπερ
3594 4072 3650 4126 δὲ
3685 4074 3760 4137 ίὸς
3784 4076 3891 4130 οὐκ

2324 4162 2389 4215 ἂν
2418 4164 2498 4232 εἴη
2536 4161 2792 4233 βλαὸερδς
2841 4161 3014 4232 ἑτέρῳ
3045 4159 3276 4230 σώματι,
3319 4160 3453 4214 ἀλλὰ
3496 4161 3574 4232 τῷ
3612 4162 3891 4236 δεχομένῳ

2329 4248 2499 4323 μόνῳ·
2537 4251 2705 4314 οὕτως
2738 4252 2831 4304 καὶ
2874 4252 2904 4302 δ
2942 4248 3151 4311 ἀπώάς
3192 4249 3391 4315 κακὸς,
3437 4252 3626 4305 ἑαυτὸν
3670 4253 3899 4325 βλάψει,

2324 4344 2421 4395 οὐκ
2454 4341 2641 4395 ἄλλον·
2684 4341 2858 4402 οὐδεὶς
2902 4339 3012 4409 γὰρ
3055 4338 3305 4411 ἐνάρετος
3350 4342 3499 4414 παρὰ
3545 4345 3717 4413 κακοῦ
3755 4347 3891 4417 βλά..

2326 4451 2535 4486 πτεται.
3188 4451 3198 4454 ”

749 4518 979 4603 liructus
1002 4546 1223 4616 iustitiae
1248 4554 1302 4601 et
1335 4548 1495 4601 arbor
1519 4548 1659 4609 vitae,
1687 4546 1933 4599 Christus
1957 4555 2041 4599 est
2066 4564 2080 4610 ;
2127 4546 2217 4612 qui

2396 4525 2441 4556 ιι
2470 4521 2695 4593 Καρπὸς
2717 4519 3057 4592 δικαιοσύνης
3077 4523 3169 4580 καὶ
3190 4520 3401 4593 δένδρον
3421 4522 3584 4595 ζωῆς,
3601 4527 3631 4577 ὁ
3649 4526 3890 4595 Χριστός

682 4651 947 4711 quatenus
981 4640 1144 4692 homo
1171 4638 1563 4700 tantummodo,
1586 4651 1800 4691 omnem
1820 4635 2087 4702 justitiam
2121 4635 2223 4686 im-

682 4732 877 4799 plevit;
911 4738 963 4783 et
994 4736 1248 4793 tanquam
1276 4736 1462 4793 suapte
1493 4727 1623 4789 vita,
1652 4726 1894 4779 scientiae
1927 4733 1981 4779 et
2008 4724 2222 4777 virtutis

684 4818 891 4872 fructus
949 4818 1101 4885 quasi
1166 4815 1323 4869 arbor
1374 4811 1633 4883 protulit,
1684 4814 1825 4866 unde
1882 4813 2224 4866 comedentes

685 4910 845 4961 vitam
880 4919 1131 4963 aternam
1162 4906 1467 4976 acquirent,
1508 4912 1561 4958 et
1602 4903 1817 4957 vitalem
1845 4901 2083 4972 paradisi
2132 4918 2222 4955 ar-

686 4999 863 5052 borem
894 4999 1201 5068 gustabunt,
1256 5013 1377 5051 cum
1414 4995 1621 5048 Adamo
1662 5002 1716 5047 et
1746 4996 2009 5048 omnibus
2038 4996 2221 5064 justis.

687 5085 751 5137 At
768 5084 957 5139 animae
974 5093 1312 5153 peccatorum
1334 5084 1676 5151 abripiuntur
1701 5082 2003 5135 immatura:
2028 5100 2057 5137 a
2083 5084 2218 5138 facie

686 5174 778 5228 Dei
828 5176 917 5241 qui
945 5189 1036 5229 eas
1061 5175 1412 5229 derelicturus
1440 5184 1522 5227 est
1543 5175 1597 5227 in
1634 5173 1887 5226 tormenti
1920 5173 2065 5240 igne.

755 5329 868 5384 Non
897 5330 1173 5387 hominum
1198 5330 1291 5384 sed
1322 5328 1414 5382 Dei
1448 5322 1623 5395 potius
1655 5327 1885 5396 gratiam
1922 5326 2177 5384 inveniat.

754 5510 849 5567 Hic
894 5510 1185 5576 interrogat
1228 5510 1578 5576 sapientiam,
1621 5507 1713 5575 qui
1760 5505 2089 5561 voluntatem
2122 5507 2214 5564 Dei

2002 5718 2089 5774 '57.
2123 5720 2155 5774 b

754 5724 817 5755 δ”
850 5718 951 5774 Job
972 5730 1123 5779 ιιιι,
1148 5714 1198 5768 Ι.
1303 5714 1348 5745 ⁸⁸
1376 5729 1493 5784 Cap.
1519 5730 1612 5779 vn,
1642 5717 1731 5770 22.
1756 5746 1825 5755 -
1844 5718 1906 5769 Α.
1940 5716 1976 5769 f.
2002 5718 2089 5787 '57,
2123 5720 2175 5774 b.

765 5803 875 5859 cap.
924 5804 998 5850 ιι,
1022 5785 1107 5839 12.
1179 5783 1225 5817 ⁸³
1243 5797 1362 5853 cap.
1389 5799 1466 5852 ιι,
1491 5783 1739 5845 50.--Δ.
1762 5785 1802 5841 ι.
1828 5786 1916 5851 55,
1941 5786 1992 5841 b.
2092 5790 2136 5821 "
2167 5805 2265 5859 cap

754 5724 817 5755 δ”
850 5718 951 5774 Job
972 5730 1123 5779 ιιιι,
1148 5716 1198 5768 Ι.
1303 5716 1348 5745 ⁸⁸
1376 5729 1493 5784 Cap.
1519 5730 1612 5779 vn,
1642 5717 1731 5770 22.
1756 5718 1906 5769 -A.
1940 5716 1976 5769 ι.

687 5790 731 5823 ⁸³
765 5803 875 5860 cap.
924 5804 998 5850 ιι,
1022 5785 1107 5839 12.
1179 5783 1225 5817 ⁵⁵
1243 5797 1362 5853 αι).
1389 5799 1466 5852 ιι,
1491 5783 1739 5845 50.--Δ.
1762 5785 1802 5841 f.
1828 5786 1916 5851 55,
1941 5786 1992 5841 δ.

2290 5701 2331 5752 'v
2367 5738 2416 5775 ν.
2443 5709 2612 5775 26,-—
2631 5722 2695 5773 Α.
2718 5718 2755 5771 ι.
2780 5718 2867 5784 58,
2898 5733 2950 5773 a.

2314 5807 2408 5857 ιιι,
2434 5791 2487 5843 2.
2508 5820 2575 5830 —
2597 5791 2660 5843 A.
2688 5786 2726 5842 Γ.
2751 5788 2839 5853 56,
2868 5803 2921 5845 a.
2995 5790 3040 5821 "
3072 5784 3343 5860 capixvu,
3371 5792 3459 5848 26.
3480 5797 3612 5849 --A.
3632 5793 3677 5848 ι.
3710 5784 3795 5859 77⁷,
3818 5784 3874 5849 ὸ.

2329 4614 2475 4663 ἐστιν
2494 4628 2507 4639 ·
2534 4612 2561 4661 ὁ
2594 4609 2750 4678 μόνος
2780 4608 3129 4681 ἀνθρωπίνως
3163 4614 3342 4664 πᾶσαν
3370 4612 3714 4683 δικαιοσύνην
3746 4613 3889 4684 πλη-

2332 4700 2541 4769 ρώσας·
2592 4698 2685 4750 κα)⁸
2730 4698 2805 4763 ὼς
2855 4699 3098 4773 αύτοζωὴ
3150 4698 3277 4765 τοὺς
3325 4703 3425 4771 τῆς
3480 4702 3733 4770 γνώσεως
3787 4708 3889 4758 καὶ

2329 4789 2528 4857 ἀρετῆς
2571 4790 2814 4859 καρποὺς
2857 4790 2932 4854 ὼς
2977 4790 3189 4862 δένδρον
3230 4791 3592 4862 ὲδλάστησεν,
3641 4793 3699 4858 ἐξ
3728 4788 3787 4847 οὗ
3830 4798 3886 4849 oi

2329 4878 2595 4941 ἐσθίοντες
2615 4878 2868 4944 ἀειζωῒαν
2884 4881 3161 4951 λήψονται,
3182 4882 3272 4932 καὶ
3300 4880 3392 4933 τοῦ
3432 4881 3752 4951 παραδείσου
3785 4886 3883 4938 τοῦ

2327 4970 2537 5039 δένδρου
2563 4971 2660 5038 τῆς
2680 4970 2825 5042 ζωῆς
2847 4971 3260 5032 ἀπολαύσονται,
3293 4963 3390 5023 σῦν
3428 4970 3595 5041 Ἀδὰμ
3618 4974 3711 5025 καὶ
3745 4977 3882 5029 πᾶσι

2326 5064 2435 5121 τοῖς
2459 5060 2683 5125 δικαίοις
2701 5079 2713 5091 ·
2750 5066 2804 5115 αἱ
2829 5064 2884 5115 δὲ
2906 5061 3013 5114 τῶν
3041 5060 3364 5130 παρανόμων
3398 5059 3565 5130 ψυχαὶ
3588 5065 3883 5135 ἀφαιροῦν·

2328 5168 2415 5202 ται
2444 5151 2539 5221 μὲν
2563 5154 2726 5224 ἄωροι
2758 5154 2822 5205 ἐκ
2850 5150 3137 5221 προσώπου
3167 5149 3258 5201 τοῦ
3289 5149 3443 5214 Θεοῦ,
3471 5152 3619 5223 παρά
3657 5154 3716 5208 τὸ
3740 5172 3884 5230 παρ-

2330 5243 2456 5311 ορᾷν
2485 5244 2645 5305 αὐτὸς
2676 5244 2871 5303 αὐτοὺς
2892 5243 2947 5292 ἐν
2976 5241 3043 5309 τῇ
3070 5240 3224 5309 φλογῖ⁹
3247 5241 3343 5311 τῆς
3367 5240 3618 5309 βασάνου.
3720 5246 3721 5249 “
3886 5290 3892 5302 ,

2400 5334 2442 5363 ⁸⁵
2478 5336 2551 5387 Οὐ
2578 5334 2726 5404 παρὰ
2752 5330 3071 5401 ἀνθρώπων,
3092 5330 3222 5383 ἀλλά
3244 5332 3393 5403 παρά
3412 5332 3489 5402 τῷ
3516 5333 3635 5407 Θεῷ
3653 5335 3883 5407 δύναμιν

2332 5439 2482 5493 ευρῃ.
3046 5448 3055 5455 ι

2400 5515 2445 5547 u
2478 5508 2642 5576 οὗτος
2689 5513 2865 5582 ιρωτᾷ
2913 5510 3149 5577 σοφίαν,
3178 5512 3207 5564 ὁ
3246 5512 3443 5579 γνῶναι
3486 5514 3665 5586 ζητῶν
3717 5518 3767 5570 τί
3814 5515 3882 5568 τὸ

3050 5720 3093 5751 ⁸³
3115 5734 3231 5789 cap.
3260 5722 3575 5790 ιι,1.-Α.
3629 5724 3667 5778 ι’.
3695 5725 3787 5789 45,
3820 5738 3877 5789 a.

3072 5804 3186 5844 can.
3215 5806 3343 5844 xvu.
3371 5792 3459 5844 26.
3480 5797 3612 5844 --A.
3632 5793 3677 5844 ι’.
3710 5784 3795 5844 77.
3818 5807 3874 5844 a.
