4098 6362
1308 498 1729 559 FRAGMENTA
1771 503 1837 560 IN
1886 505 2292 566 PROVERBIA.

3290 529 3395 587 623

200 600 413 673 θέλημα
455 604 550 659 τοῦ
577 604 711 661 θεοῦ
731 626 745 639 ·
780 576 1009 666 ινεδνδλ
1040 614 1232 666 ίαυτδν
1256 617 1503 688 ποιήσας,
1540 621 1668 691 περὶ
1694 621 1726 675 οῖ

1824 676 1826 681 ,
1854 626 2115 693 explorat.
2153 626 2355 683 Rudem
2382 645 2438 686 se
2459 632 2579 701 ejus
2606 637 2678 690 rei
2704 638 2975 708 praebens;
3006 658 3167 713 quam
3188 646 3398 704 discere

200 691 391 769 μαθεῖν
419 689 617 766 ἦλθεν,
648 692 804 764 οὗτος
826 702 983 767 ,δόξει
1019 706 1276 775 φρόνιμος
1310 703 1475 761 εἶναι’
1516 712 1563 762 εί
1598 689 1751 775 οὗτος

199 780 378 853 ιρωτᾷ
431 786 563 870 περὶ
613 790 836 858 σοφίας,
882 794 911 845 ό
952 792 1266 865 βουλόμενος
1311 797 1367 849 τὶ
1402 800 1529 870 περὶ
1567 803 1751 868 σοφίας

208 870 412 938 μαθεῖν·
434 862 587 941 οὗτος
614 878 670 933 δὲ
695 885 871 955 σιωπᾷ
895 862 1002 937 ἀπὸ
1029 862 1235 955 σοφίας,
1266 889 1294 940 6
1324 889 1397 961 μὴ
1426 862 1581 960 μόνον

143 1018 146 1020 ν
204 959 366 1016 θέλων
394 966 596 1032 γνῶναι
627 973 753 1043 περὶ
787 974 995 1042 σοφίας,
1031 976 1143 1030 ἀλλ’
1513 982 1747 1049 καὶτοὺς

196 1052 422 1124 πλησίον
441 1073 456 1089 ο
490 1058 570 1112 διὸ
601 1062 691 1114 καὶ
720 1064 1115 1139 φρονιμώτερος
1154 1070 1367 1139 λέγεταί
1395 1067 1531 1125 εἶναι
1564 1076 1593 1126 6
1626 1078 1751 1146 πρό-

192 1157 351 1212 τερος
380 1145 478 1199 τοῦ
500 1147 775 1221 δευτέρου.

192 1272 200 1278 .
261 1232 315 1265 ⁸⁷
357 1236 440 1329 τῇ
487 1238 695 1315 βδέλλῃ.
724 1242 878 1314 Τρεῖς
920 1245 1210 1320 θυγατέρες
1229 1246 1369 1322 ἦσαν
1407 1258 1470 1326 τῇ
1507 1256 1747 1329 ἁμαρτίᾳ.

191 1325 555 1407 ἀγαπώμεναι
598 1334 898 1406 ἀγαπήσει,
930 1341 963 1408 ἠ
998 1344 1258 1411 πορνεία,
1293 1348 1321 1399 6
1361 1325 1515 1415 φόνος
1540 1325 1746 1413 έθξκαλ

191 1414 627 1491 ιίδωλολατρεία·
671 1426 725 1477 αί
766 1430 911 1496 τρεῖς
938 1429 1036 1482 οὐκ
1061 1414 1417 1506 ἑνεπίπλησαν
1461 1440 1628 1511 αὑτήν
1648 1460 1659 1471 ·
1683 1441 1743 1495 οὑ

191 1508 299 1579 γὰρ
330 1511 701 1581 ἐμπίπλαται·
728 1516 813 1569 διὰ
838 1519 1037 1572 τούτων
1064 1521 1171 1575 τῶν
1205 1526 1451 1595 πράξεων
1481 1508 1743 1601 νεκροῦσα

189 1600 223 1669 ἡ
240 1600 489 1699 ἀμαρτία
510 1604 601 1699 τὸν
617 1606 919 1699 άνθρωπον,
945 1617 1210 1688 μηδέποτε
1229 1623 1580 1699 ὴλλοιωμὲνη,
1607 1630 1741 1685 ἀλλά

190 1688 421 1789 πάντοτε
464 1697 799 1789 ἐπαύξουσα⁵
850 1706 884 1776 ὴ
928 1709 1035 1780 γὰρ
1079 1688 1348 1786 τετάρτη,
1396 1688 1596 1789 τρησὶντ,
1643 1725 1742 1777 οὑκ

186 1784 430 1858 ἠρκέσθη
462 1788 634 1843 εἰπεῖν
660 1792 860 1858 ἱκανὸν,
879 1798 913 1867 ἡ
946 1800 1085 1853 κατά
1111 1784 1285 1856 πάντα
1300 1784 1524 1879 πονηρὰ
1556 1811 1741 1865 ἐπιθυ-

186 1872 312 1943 μία·
349 1879 615 1950 τετάρτην
652 1882 852 1951 λέγων,
889 1887 985 1959 τὴν
1019 1893 1154 1960 μετά
1194 1894 1407 1949 πάντων
1438 1872 1737 1971 ’ἐπιθυμίαν

1854 717 2019 781 venit,
2052 719 2316 775 videbitur
2353 726 2609 792 prudens.
2648 728 2703 782 Si
2726 732 2848 799 quis
2884 735 3174 807 interrogat
3200 739 3267 793 de
3306 755 3398 794 sa-

1851 807 2073 874 pientia,
2105 813 2244 866 scire
2278 815 2465 869 volens
2510 828 2712 885 partem
2742 823 2895 890 ejus;
2933 825 3067 880 alter
3091 843 3224 884 vero.
3250 829 3392 894 silet,

1849 888 1963 950 non
1983 900 2158 954 solum
2198 917 2227 955 a
2262 905 2524 973 sapientia
2549 910 2680 963 nihil
2716 888 2923 969 discere
2971 918 3187 984 volens,
3218 920 3307 974 sed
3341 931 3399 976 et

1848 996 2071 1043 caeteros
2126 994 2194 1044 ab
2240 993 2362 1061 ejus
2408 997 2588 1051 studio
2643 1001 2939 1071 deterrere;
2998 1010 3185 1077 procul
3232 1011 3395 1068 dubio

1849 1079 2001 1147 prior
2020 1081 2336 1149 prudentior
2357 1088 2655 1153 posteriore
2669 1094 3043 1151 aestimabitur.
3168 1098 3169 1101 “

1918 1249 2183 1305 Hirudini.
2206 1251 2338 1313 Tres
2365 1263 2518 1311 erant
2547 1270 2767 1325 peccato
2786 1260 2991 1318 dilecta:
3017 1264 3302 1325 admodum
3327 1272 3391 1326 li-

1845 1342 1951 1401 lia.
1976 1344 2256 1407 scortatio,
2272 1344 2645 1416 homicidium,
2664 1351 2986 1409 idololatria.
3003 1354 3188 1426 Neque
3212 1369 3388 1417 tamen

1845 1431 1927 1486 lue
1959 1442 2065 1488 tres
2094 1444 2339 1488 saturant
2367 1436 2520 1503 illud,
2550 1442 2806 1507 quoniam
2832 1455 2916 1499 est
2946 1446 3266 1505 insatiabile.
3289 1451 3392 1507 Per
3455 1524 3457 1526 η

1846 1523 1945 1578 hos
1970 1526 2167 1595 quippe
2187 1541 2402 1597 semper
2428 1540 2580 1586 actus
2606 1535 2875 1600 perimens
2900 1538 3172 1595 hominem
3198 1547 3385 1612 pecca-

1822 1608 1982 1682 tum,
2034 1633 2309 1688 nunquam
2359 1631 2637 1687 mutatur,
2694 1627 2787 1680 sed
2841 1639 3067 1698 augetur
3110 1608 3384 1703 perpetuo.

1842 1705 2047 1773 Quarta
2095 1710 2261 1775 enim,
2317 1710 2521 1781 inquit,
2580 1730 2856 1785 nunquam
2914 1721 3032 1776 ait:
3082 1723 3223 1779 Satis
3270 1737 3385 1792 est;

1841 1806 2087 1867 quartam
2109 1814 2229 1853 esse
2261 1799 2571 1868 signiﬁcans
2610 1804 2967 1863 universalem
3002 1814 3390 1881 concupiscen-

1820 1890 1994 1941 ‘tiam.
2046 1889 2200 1943 Sicut
2237 1891 2379 1945 enim
2429 1909 2594 1947 unum
2642 1904 2727 1949 est
2764 1908 3000 1967 corpus,
3050 1903 3216 1957 multa
3256 1918 3386 1960 vero

183 1966 489 2037 ἐσήμανεν·
522 1969 709 2044 ὥσπερ
732 1975 836 2047 γὰρ
864 1976 921 2029 ἓν
952 1980 1050 2049 μὲν
1085 1981 1197 2035 ἔστι
1229 1986 1289 2038 τὸ
1317 1985 1493 2057 σῶμα,
1519 1966 1652 2063 μέλη
1682 1997 1726 2049 δὲ

1839 1979 2079 2034 membra
2120 1980 2313 2047 habet;
2358 1982 2438 2038 sic
2462 1989 2517 2038 et
2561 2000 2837 2053 peccatum
2878 1992 3075 2047 multas
3099 2010 3162 2049 ac
3207 1997 3383 2052 varias

184 2056 354 2111 πολλά
384 2058 519 2128 ἔχει,
564 2061 705 2116 οὕτω
738 2067 830 2118 καὶ
867 2070 901 2138 ὴ
933 2070 1170 2143 ἁμαρτία
1215 2075 1311 2145 μία
1356 2056 1739 2148 οῦσαξπολλάς

186 2148 277 2201 καὶ
312 2151 563 2215 ποικίλας
586 2155 880 2228 ἐπιθυμίας
902 2161 961 2214 ὲν
996 2163 1156 2235 ἑαυτῇ
1183 2164 1316 2237 ἔχει,
1336 2169 1402 2222 δι’
1431 2165 1503 2226 ὧν
1524 2174 1738 2230 ἐπίϐου-

183 2238 268 2301 λος
296 2240 406 2291 τῶν
436 2241 736 2321 ἀνθρώπων
766 2250 1005 2316 γίνεται·
1040 2254 1159 2308 ὅθεν
1192 2259 1347 2312 τοῦτο
1380 2262 1584 2328 διδάξαι
1613 2267 1736 2335 βου-

187 2329 423 2428 λόμενος,
450 2332 541 2387 διά
564 2338 1015 2428 παραδειγμάτων
1034 2345 1095 2416 δή
1123 2364 1303 2418 φησιν,
1329 2350 1463 2422 ᾅδης
1482 2356 1576 2408 καὶ

192 2421 471 2521 γυναικὸς,
505 2424 597 2521 καί
646 2427 940 2502 τάρταρος,
974 2436 1069 2521 καί
1112 2438 1180 2507 γῆ
1212 2440 1313 2493 οὐκ
1351 2421 1732 2521 ἐμπιπλαμένη

192 2507 369 2574 ὕδατος
390 2528 404 2542 ⁸
436 2513 531 2567 καὶ
556 2513 732 2587 ὕδωρ,
775 2520 867 2572 καὶ
907 2522 1034 2595 πῦρ,
1065 2520 1126 2578 οὑ
1165 2528 1236 2597 μὴ
1270 2507 1512 2598 εἴπωσιν,
1542 2507 1732 2607 ἀρκεῖ;

182 2600 367 2653 οὐδένα
407 2604 516 2673 γάρ
564 2606 760 2676 τρόπον
801 2612 830 2662 ό
879 2612 1011 2683 ᾅδης
1053 2616 1112 2667 οὑ
1156 2617 1413 2675 διαλείπει
1453 2600 1733 2696 δεχόμενος

177 2690 356 2759 ψυχὰς
387 2693 598 2762 ἀνόμων
629 2697 949 2767 ἀνθρώπων
967 2704 1085 2756 οὑδὲ
1114 2708 1141 2759 6
1169 2707 1306 2778 ἔρως
1324 2711 1423 2780 τῆς
1440 2690 1730 2787 aug-liti“;

174 2782 254 2843 ὡς
312 2784 585 2849 γυναικὸς,
622 2787 850 2843 παύεται
895 2793 1267 2866 ἐκπορνεύων,
1318 2782 1579 2873 προδότης
1632 2782 1733 2878 τῆς

176 2870 354 2963 αὑτοῦ
392 2874 561 2944 ψυχῆς
590 2876 735 2942 ὅστις
766 2882 1103 2953 γενόμενοςί
1128 2889 1200 2951 ὼς
1234 2870 1495 2963 τάρταρος
1525 2870 1602 2959 δὲ,

177 2964 244 3015 ὲν
285 2962 539 3035 λυγρὼδει
583 2970 677 3022 καὶ
722 2970 945 3039 ζοφώδει
972 2975 1133 3047 -τόπῳ
1171 2980 1445 3050 ὑπάρχων,
1474 2984 1534 3036 οὑ
1566 3003 1731 3040 κατα-

174 3054 517 3125 λαμϐάνεται
554 3058 656 3113 ὑπὸ
688 3062 904 3127 ἀκτῖνος
941 3067 1143 3135 φωτὸς,
1176 3070 1344 3135 οὑτως
1370 3072 1427 3125 δὲ
1470 3076 1575 3139 πᾶς
1614 3079 1642 3130 6
1672 3080 1729 3131 ἐν

173 3146 343 3199 παντὶ
391 3148 547 3207 πάθει
593 3152 793 3223 σαρκὸς
837 3157 901 3225 τῇ
946 3157 1186 3231 ἁμαρτίᾳ
1228 3162 1516 3236 δουλεύων,
1555 3167 1629 3230 ὡς
1655 3168 1728 3239 τῆ

1836 2071 2303 2140 concupiscentias
2329 2073 2382 2127 in
2414 2089 2472 2128 se
2494 2076 2677 2139 habet,
2702 2080 2899 2147 quibus
2925 2082 3151 2139 insidias
3176 2087 3380 2144 homini

1835 2162 2012 2214 struit.
2048 2160 2202 2226 Quod
2245 2164 2432 2218 volens
2461 2166 2867 2236 demonstrare,
2912 2174 3082 2227 utitur
3119 2168 3407 2248 exemplis!

1833 2250 2049 2315 inferni,
2076 2261 2130 2307 et
2157 2253 2359 2309 amoris
2391 2257 2699 2324 mulierum,
2735 2264 2939 2327 tartari,
2971 2274 3025 2318 et
3056 2274 3210 2322 terra:
3240 2255 3398 2325 nun-6

1832 2354 1995 2409 quam
2036 2342 2209 2399 imbre
2252 2345 2483 2415 repletae.
2535 2345 2601 2401 Et
2625 2365 2785 2419 aqua,
2820 2361 2873 2407 et
2918 2353 3058 2422 ignis
3100 2372 3376 2427 nunquam

1786 2460 1792 2467 ε
1833 2432 2050 2488 dicent:
2088 2432 2315 2491 Suﬂicit.
2363 2434 2679 2521 Nullatenus
2706 2442 2865 2496 ctiam
2905 2445 3147 2502 infernus
3182 2451 3377 2505 desinit

1833 2538 1862 2577 a
1888 2525 2209 2594 recipiendis
2235 2528 2638 2601 allligcndisque
2682 2534 3047 2604 improborum
3096 2540 3372 2599 hominum

1833 2617 2137 2679 animabus.
2184 2617 2367 2689 Neque
2418 2624 2625 2689 peccati
2675 2639 2849 2688 amor,
2880 2627 2931 2681 id
2961 2640 3044 2683 est
3083 2644 3209 2699 erga
3253 2650 3375 2689 mu-

1833 2706 2038 2771 lierem,
2068 2717 2244 2762 cessat
2288 2726 2319 2764 a
2351 2713 2660 2777 scortando,
2693 2714 2864 2770 factus
2910 2720 3104 2776 animae
3145 2726 3376 2794 propriae

1830 2796 2090 2863 proditor.
2121 2797 2270 2853 Sicut
2292 2815 2417 2855 vero
2448 2809 2681 2857 tartarus
2708 2803 2764 2858 in
2801 2806 2937 2861 tristi
2981 2823 3046 2863 ac
3084 2815 3371 2871 tenebroso

1830 2884 1949 2939 loco
2012 2888 2351 2955 reconditus,
2414 2892 2594 2946 radios
2650 2907 2758 2948 non
2809 2897 3037 2967 recipit;
3083 2901 3369 2959 itactiam

1828 2976 2005 3031 omnis
2041 2979 2132 3045 qui
2163 2978 2217 3032 in
2264 2980 2507 3049 qualibet
2537 2984 2719 3038 carnis
2760 2987 3012 3054 passione
3042 2992 3205 3047 servit
3243 3008 3368 3067 pec-

1826 3061 1981 3140 cato.
2008 3068 2161 3123 Sicut
2186 3079 2325 3125 terra
2358 3066 2631 3146 nunquam
2657 3076 2811 3145 aquis
2837 3078 3055 3147 repleta,
3087 3080 3158 3135 ita
3186 3061 3273 3138 hic
3298 3083 3366 3139 ad

1829 3156 2224 3214 confessionem
2270 3170 2325 3215 et
2379 3162 2649 3219 lavacrum
2703 3170 3123 3236 regenerationis
3183 3174 3367 3230 venire

170 3236 274 3289 οὐκ
298 3239 677 3311 ἐμπιπλαμένη
705 3243 930 3308 ὑδάτων,
961 3250 1223 3317 μηδέποτε
1250 3254 1329 3316 είς
1352 3236 1726 3331 ἐξομολόγησιν

1832 3264 1938 3303 non
1968 3251 2175 3316 valens,
2210 3267 2363 3323 aqua:
2402 3253 2571 3310 instar
2601 3265 2655 3312 et
2697 3258 2878 3328 ignis,
2899 3276 3167 3332 nunquam
3198 3265 3325 3321 dicit
3347 3306 3363 3321 .

174 3328 268 3379 καὶ
326 3328 550 3399 λουτρὸν
589 3332 993 3400 παλιγγενεσίας
1059 3340 1232 3395 ἐλθεῖν
1279 3344 1603 3418 δυνάμενος,
1630 3328 1728 3417 ’ὡς

179 3416 315 3487 ὕδωρ
346 3419 445 3471 καὶ
479 3418 588 3490 πῦρ
614 3422 687 3491 μὴ
715 3422 956 3490 λέγοντα,
975 3427 1150 3497 ἀρκεῖ.

244 3506 287 3539 ⁸³
322 3508 420 3561 Ὃν
452 3509 563 3579 γὰρ
592 3511 782 3582 τρόπον
805 3514 926 3583 ὄφις
947 3518 1042 3574 ,ἐπὶ
1072 3518 1274 3590 πέτρας
1302 3523 1633 3596 ίχνοποιῆσαι
1662 3529 1723 3581 οὑ

168 3598 411 3664 δύναται,
458 3600 628 3666 οὕτως
674 3604 793 3657 οὑδὲ
823 3607 852 3656 6
883 3606 1125 3673 διάϐολος
1156 3612 1247 3664 ἐπὶ
1294 3614 1453 3684 σῶμα
1488 3618 1721 3685 Χριστοῦ

169 3691 444 3762 ἁμαρτίαν
492 3693 723 3766 ἠδυνήθη
779 3696 988 3769 εὑρεῖν·
1055 3700 1197 3768 λέγει
1250 3702 1355 3773 γὰρ
1410 3705 1438 3756 6
1487 3706 1715 3776 Κύριοςο

179 3782 336 3836 Ἰδοὺ
361 3782 591 3853 ἔρχεται
640 3790 672 3839 ὁ
709 3786 906 3855 ἅρχων
946 3791 1050 3845 τοῦ
1079 3793 1309 3860 κόσμου
1360 3794 1591 3858 τούτου,
1622 3797 1717 3849 καὶ

163 3872 236 3925 ἐν
259 3874 392 3941 ἐμοὶ
427 3875 665 3941 εὑρήσει
692 3877 965 3931 οὐδένηθ.
996 3909 1061 3917 --
1093 3881 1286 3946 Καθὼς
1304 3879 1424 3954 ’γὰρ
1453 3884 1581 3948 ναῦς
1608 3887 1718 3939 δια-

166 3962 407 4018 πλέουσα
448 3967 508 4019 ἐν
550 3966 627 4034 τῷ
671 3966 925 4034 πελάγει,
971 3970 1087 4039 ῐχνη
1120 3972 1213 4024 καὶ
1254 3975 1403 4037 ὁδοὺς
1444 3976 1504 4029 οὑ
1548 3994 1718 4031 κατα-

164 4051 363 4117 λείπει,
407 4053 576 4118 οῦτως
605 4058 722 4109 οὑδὲ
751 4059 782 4127 ή
822 4059 1108 4129 Ἐκκλησία
1142 4064 1202 4114 ἐν
1228 4066 1414 4136 κόσμῳ
1445 4068 1715 4121 πολιτευο-

167 4140 305 4208 μένη
335 4141 411 4204 ὡς
439 4145 496 4194 ὲν
527 4144 770 4213 πελάγει,
796 4147 1102 4200 καταλείπει
1132 4150 1226 4219 τὴν
1258 4153 1390 4206 ἰδίαν
1413 4155 1599 4208 ἐλπίδα
1626 4157 1714 4209 ἐπὶ

163 4227 265 4295 τῆς
313 4229 447 4298 γῆς,
506 4232 699 4301 ἔχουσα
746 4235 843 4305 τὴν
891 4234 1030 4308 ζωὴν
1086 4238 1446 4313 ἀποκειμένην
1503 4247 1559 4296 ὲν
1604 4250 1713 4308 τοῖς

166 4318 445 4387 οὐρανοῖςο
492 4318 559 4393 ἦς
610 4326 701 4377 ἐπὶ
744 4327 912 4397 βραχὺ
966 4329 1332 4399 παρελθούσης
1358 4371 1372 4395 ,
1429 4334 1526 4386 οὑκ
1568 4336 1712 4388 ἔστιν

168 4410 518 4479 ίχνηλατῆσαι
546 4416 643 4482 τὴν
676 4416 858 4470 δίοδον.
876 4421 1057 4488 -Τῆς
1098 4420 1410 4493 Ἐκκλησίας
1443 4425 1518 4496 μὴ
1550 4443 1712 4478 κατα-

163 4501 539 4571 λιμπανούσης
573 4505 630 4555 ἐν
662 4506 847 4577 κόσμῳ
893 4510 989 4579 τὴν
1031 4511 1251 4576 ἐλπίδα,
1282 4514 1380 4583 τῆς
1427 4516 1493 4569 τὰ
1540 4517 1710 4570 πάντα

1830 3338 2052 3395 Sufﬁcit.
2988 3370 2993 3373 ‘

1893 3518 2355 3586 Quemadmodum
2387 3536 2607 3590 serpens
2628 3523 2681 3576 in
2706 3534 2855 3592 petra
2878 3528 3157 3599 vestigium
3187 3529 3364 3588 facere

1822 3609 2028 3677 nequit,
2056 3610 2138 3664 sic
2162 3624 2334 3679 neque
2366 3610 2614 3667 diabolus
2652 3613 2703 3665 in
2731 3614 2931 3669 Christi
2958 3632 3184 3687 corpore
3213 3621 3363 3675 inve-

1820 3700 1937 3751 nire
1970 3708 2247 3765 peccatum
2293 3708 2483 3767 potuit.
2529 3700 2667 3755 Dicit
2701 3703 2843 3757 enim
2887 3704 3189 3761 Dominus:
3226 3707 3359 3764 Ecce

1819 3789 1953 3843 venit
1970 3790 2207 3858 princeps
2234 3790 2388 3859 hujus
2420 3795 2683 3857 mundi,et
2707 3796 2761 3848 in
2786 3811 2863 3849 me
2888 3796 3017 3849 nihil
3038 3799 3359 3853 inveniet.—

1820 3876 1972 3932 Sicut
1998 3880 2141 3933 enim
2169 3881 2322 3936 navis
2358 3898 2509 3943 mare
2549 3894 2792 3951 tranans,
2825 3884 3106 3958 vestigium
3140 3891 3361 3961 viasque

1817 3977 1939 4037 post
1960 3983 2018 4023 se
2054 3984 2159 4023 non
2189 3970 2477 4040 relinquit;
2504 3971 2583 4027 sic
2612 3988 2784 4042 neque
2808 3972 3045 4042 Ecclesia
3076 3977 3127 4030 in
3157 3979 3360 4034 mundo

1818 4046 2070 4129 tanquam
2112 4061 2167 4115 in
2197 4063 2383 4132 pelago
2413 4079 2657 4127 versans,
2692 4081 2838 4134 spem
2874 4083 3024 4123 suam
3068 4069 3121 4123 in
3156 4072 3357 4125 mundo

1814 4152 2083 4221 relinquit,
2112 4154 2236 4222 quia
2263 4154 2426 4225 vitam
2455 4169 2609 4209 suam
2640 4157 2693 4210 in
2720 4158 2873 4211 caelis
2898 4161 3168 4228 reposuit:
3195 4168 3355 4231 atque

1814 4244 2025 4307 interim
2056 4242 2200 4298 brevi
2235 4246 2815 4317 tempore-transiens,
2839 4250 3062 4319 vestigia
3093 4253 3354 4306 transitus

1812 4334 1865 4385 in
1884 4332 1964 4385 via
1988 4348 2095 4391 non
2117 4333 2618 4401 imprimit.—Cum
2636 4333 2871 4391 Ecclesia
2890 4352 3038 4406 spem
3059 4354 3212 4394 suam
3244 4356 3350 4396 non

1760 4432 1761 4435 ‘
1810 4423 2070 4486 dimittat,
2122 4437 2284 4491 quam
2345 4424 2503 4477 habet
2559 4439 2679 4508 erga
2730 4428 2906 4480 omnis
2946 4428 3073 4483 boni
3128 4428 3350 4497 fontem,

1810 4513 2008 4567 Christi
2055 4515 2503 4579 incarnationem,
2544 4516 2788 4569 semitam
2826 4519 3015 4573 mortis
3051 4520 3103 4571 in
3140 4520 3351 4576 inferno

159 4590 436 4661 φερούσης
463 4593 694 4662 Χριστοῦ
730 4598 1069 4666 σαρκώσεως,
1107 4604 1287 4675 τρίϐον
1312 4605 1621 4675 νεκρὼσεως
1651 4608 1707 4657 ἐν

1824 4622 1917 4659 ion
1946 4606 2090 4661 facit.
2117 4606 2521 4676 —Cujusnam,
2544 4608 2649 4661 nisi
2686 4609 2794 4662 nati
2818 4610 2887 4665 de
2918 4610 3118 4679 Spiritu
3161 4624 3350 4673 sancto

159 4680 289 4750 ᾅδου
318 4682 417 4735 οὑκ
459 4683 847 4742 ὑπελίπετο.-
883 4690 1064 4754 Τίνος,
1089 4695 1201 4747 ἀλλ’
1231 4696 1263 4764 ἢ
1308 4695 1401 4748 τοῦ
1440 4698 1501 4749 ὲκ
1544 4696 1707 4749 Πνεύ-

162 4788 335 4839 ματος
394 4774 545 4840 ἁγίου
590 4775 683 4827 καὶ
732 4776 994 4847 παρθένου
1048 4786 1472 4854 γεγεννημένου;
1516 4782 1573 4848 ὃς
1618 4786 1706 4839 τὸν

154 4862 365 4914 τέλειον
402 4858 679 4933 ἄνθρωπον
715 4864 1016 4929 άνανεὼσας
1048 4870 1103 4920 ιν
1138 4872 1323 4942 κόσμῳ
1352 4875 1581 4930 ἐπιτελεῖ
1613 4877 1706 4939 τὰς

156 4949 438 5020 δυνάμεις,
470 4954 765 5024 ἀρξάμενος
789 4956 893 5009 ἀπὸ
916 4956 1006 5009 τοῦ
1039 4957 1405 5030 βαπτίσματος
1444 4967 1707 5043 Ἰωάννου,

156 5038 235 5101 ὡς
267 5042 362 5092 καὶ
406 5044 437 5094 6
464 5045 847 5116 εὐαγγελιστὴς
897 5051 1187 5117 μαρτυρεῖ·
1218 5045 1284 5120 ἦν
1324 5052 1378 5103 δὲ
1418 5057 1448 5106 6
1494 5040 1704 5124 Ἰησοῦς

159 5129 460 5198 ἀρχόμενος
500 5135 575 5197 ὡς
608 5136 745 5188 ὲτῶν
780 5138 1098 5209 τριάκονταο
1144 5138 1328 5192 τούτου
1356 5139 1447 5195 οὖν
1487 5146 1546 5198 τὸ
1590 5148 1703 5198 νόον

160 5224 253 5273 καὶ
279 5224 529 5292 ἀκμαῖον
556 5228 657 5296 τῆς
688 5230 933 5299 ἡλικίας,
963 5230 1023 5291 ὃς
1062 5229 1304 5283 διοδεύων
1348 5236 1484 5286 κατά
1526 5239 1703 5315 πόλεις

1779 4708 1863 4761 ,ει
1891 4697 2136 4766 virgine?
2160 4698 2252 4767 qui
2280 4696 2570 4766 perlectum
2606 4699 2875 4755 hominem
2913 4700 2965 4753 in
3009 4702 3206 4755 mundo
3262 4717 3349 4756 re-

1812 4802 2014 4841 novans
2058 4788 2304 4856 prodigia
2363 4789 2575 4855 edidit,
2638 4799 2796 4859 capto
2839 4791 2992 4846 initio
3050 4806 3079 4842 a
3122 4789 3355 4845 Joannis

1809 4878 2148 4945 baptismate,
2186 4880 2328 4933 sicut
2356 4881 2680 4953 evangelista
2729 4890 2973 4947 testatur.
3006 4880 3132 4934 Erat
3166 4888 3344 4937 autem

1808 4966 1964 5020 Jesus
1999 4966 2275 5036 incipiens
2334 4970 2489 5037 quasi
2535 4952 2798 5025 annOrum
2854 4970 3087 5038 triginta.
3139 4969 3194 5023 ln
3243 4970 3345 5024 hac

1807 5060 1970 5125 igitur
1999 5059 2221 5125 juvenili
2243 5068 2296 5113 et
2317 5060 2539 5115 ﬂorente
2559 5068 2735 5134 aetate,
2756 5060 3078 5114 circumiens
3098 5061 3345 5117 civitates

1805 5159 1858 5201 et
1900 5150 2178 5217 regiones,
2213 5150 2499 5225 [hominum
2548 5149 2765 5204 morbos
2798 5156 2853 5203 et
2882 5149 3220 5206 inﬁrmitates
3256 5167 3346 5207 sa-

1808 5233 1984 5285 nabaL

160 5317 252 5369 καὶ
284 5317 490 5387 χώρας,
534 5324 647 5375 ίᾶτο
689 5324 782 5388 τὰς
807 5326 993 5387 νόσους
1029 5326 1119 5378 καὶ
1149 5325 1243 5386 τὰς
1282 5326 1559 5392 ἀσθενείας
1596 5331 1700 5383 τῶν
1751 5326 2067 5398 ἀνθρώπων.

229 5406 275 5436 ⁸⁸
332 5407 629 5479 Ὀφθαλμὸν
687 5414 1062 5481 καταγελῶντα
1122 5412 1319 5484 πατρὸς
1373 5416 1463 5468 καὶ
1506 5420 1701 5488 ἀτιμά-

146 5500 317 5560 ζοντα
340 5498 515 5568 γῆρας
556 5505 772 5574 μητρός.
819 5506 1235 5574 Βλασφημοῦντα
1281 5504 1367 5557 τὸν
1402 5507 1563 5569 Θεὸν,
1608 5510 1700 5562 καὶ

150 5603 222 5655 μη
236 5585 768 5653 τέραηὲξουθενοῦντα
809 5595 1036 5664 Χριστοῦ
1066 5596 1162 5664 τὴν
1196 5596 1285 5647 τοῦ
1316 5595 1445 5647 Θεοῦ
1489 5590 1696 5663 σοφίαν,

220 5765 265 5795 ⁸⁷
300 5763 452 5837 Vulg.
482 5781 599 5837 cap.
627 5787 749 5829 xu.
777 5789 827 5824 ν.
852 5774 936 5826 15.
957 5801 1026 5811 -
1054 5772 1115 5825 Α.
1146 5773 1181 5826 f.
1213 5774 1331 5833 109,
1363 5790 1411 5834 a,
1444 5784 1494 5830 et
1526 5778 1645 5828 cod.
1678 5775 1726 5827 νς

224 5835 480 5894 1,49.,—
504 5838 568 5889 Α.
596 5838 632 5891 1³.
674 5842 788 5901 ill,
812 5856 862 5894 a.
938 5842 1004 5873 ⁸⁹⁶
1029 5840 1183 5897 Joan.
1218 5860 1326 5901 XIV,
1357 5845 1441 5897 50.
1519 5848 1561 5877 °°
1590 5845 1648 5898 Β.
1682 5846 1721 5899 f.

1824 5779 1947 5879 .452,
1982 5780 2019 5833 Γ.
2046 5780 2134 5847 90,
2200 5779 2312 5836 sive
2348 5777 2420 5833 Β.

150 5849 275 5894 xxx,
304 5835 480 5891 49(—
504 5835 568 5889 A.
596 5838 632 5891 l'.
674 5842 788 5905 ιιι,
812 5856 862 5894 a.
938 5842 1004 5873 ⁸⁹⁶
1029 5840 1183 5897 Joan.
1218 5860 1326 5907 xw,
1357 5845 1441 5897 50.

1875 5420 2072 5473 Oculus
2116 5421 2207 5489 qui
2255 5421 2552 5474 subsannat
2599 5426 2845 5488 patrem,
2891 5430 2946 5476 et
2982 5426 3072 5493 qui
3113 5428 3347 5495 despicit

1805 5518 2131 5562 senectutem
2181 5509 2386 5562 matris.
2431 5507 2629 5578 Nempe
2664 5511 2879 5565 oculum
2919 5514 3337 5583 blasphemantis

1803 5598 1989 5663 Deum,
2020 5611 2072 5654 et
2100 5599 2297 5654 Christi
2330 5607 2551 5652 matrem
2590 5602 2905 5669 sapientiam
2935 5603 3046 5666 Dei,
3082 5607 3337 5677 effodiant

2523 5778 2741 5846 “cod.,
2790 5783 2999 5853 φθόνος.
3104 5785 3148 5816 ³⁹
3179 5783 3332 5849 Vulg.
