  <div class='ocr_page' id='page_1' title='image "/cluster/home/n/w/nwhite01/storage/ocr_20150623/10/pst.000005711901/331.png"; bbox 0 0 4098 6362; ppageno 0'>
   <div class='ocr_carea' id='block_1_1' title="bbox 692 422 796 475">
    <p class='ocr_par' dir='ltr' id='par_1_1' title="bbox 692 422 796 475">
     <span class='ocr_line' id='line_1_1' title="bbox 692 422 796 475; baseline -0.019 0"><span class='ocrx_word' id='word_1_1' title='bbox 692 422 796 475; x_wconf 69' lang='grc'><strong>659</strong></span> 
     </span>
    </p>
   </div>
   <div class='ocr_carea' id='block_1_2' title="bbox 696 514 2249 599">
    <p class='ocr_par' dir='ltr' id='par_1_2' title="bbox 696 520 2249 599">
     <span class='ocr_line' id='line_1_2' title="bbox 696 520 2249 599; baseline -0.006 -19"><span class='ocrx_word' id='word_1_2' title='bbox 696 528 808 580; x_wconf 79' lang='lat' dir='ltr'><strong>eias</strong></span> <span class='ocrx_word' id='word_1_3' title='bbox 833 527 945 595; x_wconf 85' lang='lat' dir='ltr'><strong>(qui</strong></span> <span class='ocrx_word' id='word_1_4' title='bbox 968 534 1019 578; x_wconf 80' lang='lat' dir='ltr'><strong>et</strong></span> <span class='ocrx_word' id='word_1_5' title='bbox 1047 525 1353 595; x_wconf 84' lang='lat' dir='ltr'><strong>Jechonias)</strong></span> <span class='ocrx_word' id='word_1_6' title='bbox 1377 533 1430 579; x_wconf 90' lang='lat' dir='ltr'><strong>et</strong></span> <span class='ocrx_word' id='word_1_7' title='bbox 1456 522 1675 578; x_wconf 89' lang='lat' dir='ltr'><strong>Sedum.</strong></span> <span class='ocrx_word' id='word_1_8' title='bbox 1693 522 1758 577; x_wconf 86' lang='lat' dir='ltr'><strong>Et</strong></span> <span class='ocrx_word' id='word_1_9' title='bbox 1780 522 1993 599; x_wconf 79' lang='lat' dir='ltr'><strong>quidem</strong></span> <span class='ocrx_word' id='word_1_10' title='bbox 2020 520 2249 575; x_wconf 85' lang='lat' dir='ltr'><strong>Joachas</strong></span> 
     </span>
    </p>
   </div>
   <div class='ocr_carea' id='block_1_3' title="bbox 2344 514 2769 599">
    <p class='ocr_par' dir='ltr' id='par_1_3' title="bbox 2350 514 2769 586">
     <span class='ocr_line' id='line_1_3' title="bbox 2350 514 2769 586; baseline -0.012 -17"><span class='ocrx_word' id='word_1_11' title='bbox 2350 515 2446 569; x_wconf 77' lang='grc' dir='ltr'><strong>τοῦ</strong></span> <span class='ocrx_word' id='word_1_12' title='bbox 2505 514 2769 586; x_wconf 83' lang='grc' dir='ltr'><strong>μακαρίόυ</strong></span> 
     </span>
    </p>
   </div>
   <div class='ocr_carea' id='block_1_4' title="bbox 692 612 2239 685">
    <p class='ocr_par' dir='ltr' id='par_1_4' title="bbox 692 612 2239 685">
     <span class='ocr_line' id='line_1_4' title="bbox 692 612 2239 685; baseline -0.005 -17"><span class='ocrx_word' id='word_1_13' title='bbox 692 623 817 684; x_wconf 85' lang='lat' dir='ltr'><strong>post</strong></span> <span class='ocrx_word' id='word_1_14' title='bbox 844 616 1076 669; x_wconf 87' lang='lat' dir='ltr'><strong>mortem</strong></span> <span class='ocrx_word' id='word_1_15' title='bbox 1093 616 1261 685; x_wconf 88' lang='lat' dir='ltr'><strong>patris</strong></span> <span class='ocrx_word' id='word_1_16' title='bbox 1287 632 1312 667; x_wconf 74' lang='grc' dir='ltr'><strong>ο</strong></span> <span class='ocrx_word' id='word_1_17' title='bbox 1341 614 1534 684; x_wconf 83' lang='lat' dir='ltr'><strong>populo</strong></span> <span class='ocrx_word' id='word_1_18' title='bbox 1560 614 1611 666; x_wconf 90' lang='lat' dir='ltr'><strong>in</strong></span> <span class='ocrx_word' id='word_1_19' title='bbox 1648 628 1821 681; x_wconf 82' lang='lat' dir='ltr'><strong>regem</strong></span> <span class='ocrx_word' id='word_1_20' title='bbox 1851 612 2085 681; x_wconf 83' lang='lat' dir='ltr'><strong>ungitur,</strong></span> <span class='ocrx_word' id='word_1_21' title='bbox 2118 625 2239 664; x_wconf 89' lang='lat' dir='ltr'><strong>cum</strong></span> 
     </span>
    </p>
   </div>
   <div class='ocr_carea' id='block_1_5' title="bbox 692 699 2243 773">
    <p class='ocr_par' dir='ltr' id='par_1_5' title="bbox 692 699 2243 773">
     <span class='ocr_line' id='line_1_5' title="bbox 692 699 2243 773; baseline -0.003 -16"><span class='ocrx_word' id='word_1_22' title='bbox 692 714 833 758; x_wconf 86' lang='lat' dir='ltr'><strong>esset</strong></span> <span class='ocrx_word' id='word_1_23' title='bbox 871 720 1135 759; x_wconf 88' lang='lat' dir='ltr'><strong>annorum</strong></span> <span class='ocrx_word' id='word_1_24' title='bbox 1171 706 1334 759; x_wconf 88' lang='lat' dir='ltr'><strong>trium</strong></span> <span class='ocrx_word' id='word_1_25' title='bbox 1365 718 1527 773; x_wconf 82' lang='lat' dir='ltr'><strong>snpra</strong></span> <span class='ocrx_word' id='word_1_26' title='bbox 1562 699 1769 772; x_wconf 75' lang='lat' dir='ltr'><strong>viginti.</strong></span> <span class='ocrx_word' id='word_1_27' title='bbox 1797 702 2065 756; x_wconf 80' lang='lat' dir='ltr'><strong>Adversus</strong></span> <span class='ocrx_word' id='word_1_28' title='bbox 2101 701 2243 753; x_wconf 83' lang='lat' dir='ltr'><strong>hunc</strong></span> 
     </span>
    </p>
   </div>
   <div class='ocr_carea' id='block_1_6' title="bbox 691 793 2258 871">
    <p class='ocr_par' dir='ltr' id='par_1_6' title="bbox 691 793 2258 871">
     <span class='ocr_line' id='line_1_6' title="bbox 691 793 2258 871; baseline -0.003 -23"><span class='ocrx_word' id='word_1_29' title='bbox 691 796 934 850; x_wconf 87' lang='lat' dir='ltr'><strong>ascendit</strong></span> <span class='ocrx_word' id='word_1_30' title='bbox 959 796 1187 849; x_wconf 81' lang='lat' dir='ltr'><strong>Pharao-</strong></span> <span class='ocrx_word' id='word_1_31' title='bbox 1209 793 1425 869; x_wconf 80' lang='lat' dir='ltr'><strong>Necliao</strong></span> <span class='ocrx_word' id='word_1_32' title='bbox 1455 809 1638 848; x_wconf 87' lang='lat' dir='ltr'><strong>mense</strong></span> <span class='ocrx_word' id='word_1_33' title='bbox 1686 793 1841 846; x_wconf 88' lang='lat' dir='ltr'><strong>tertio</strong></span> <span class='ocrx_word' id='word_1_34' title='bbox 1886 793 2033 862; x_wconf 91' lang='lat' dir='ltr'><strong>regni</strong></span> <span class='ocrx_word' id='word_1_35' title='bbox 2083 793 2258 871; x_wconf 38' lang='lat' dir='ltr'><strong>ejus;.’</strong></span> 
     </span>
    </p>
   </div>
   <div class='ocr_carea' id='block_1_7' title="bbox 690 883 2240 955">
    <p class='ocr_par' dir='ltr' id='par_1_7' title="bbox 690 883 2240 955">
     <span class='ocr_line' id='line_1_7' title="bbox 690 883 2240 955; baseline -0.001 -18"><span class='ocrx_word' id='word_1_36' title='bbox 690 888 1043 955; x_wconf 87' lang='lat' dir='ltr'><strong>vinctumque</strong></span> <span class='ocrx_word' id='word_1_37' title='bbox 1070 896 1284 955; x_wconf 88' lang='lat' dir='ltr'><strong>captum</strong></span> <span class='ocrx_word' id='word_1_38' title='bbox 1319 885 1468 939; x_wconf 89' lang='lat' dir='ltr'><strong>ducit</strong></span> <span class='ocrx_word' id='word_1_39' title='bbox 1494 886 1544 937; x_wconf 93' lang='lat' dir='ltr'><strong>in</strong></span> <span class='ocrx_word' id='word_1_40' title='bbox 1590 883 1901 953; x_wconf 66' lang='lat' dir='ltr'><strong>Egyptum,</strong></span> <span class='ocrx_word' id='word_1_41' title='bbox 1932 896 1994 939; x_wconf 87' lang='lat' dir='ltr'><strong>ac</strong></span> <span class='ocrx_word' id='word_1_42' title='bbox 2019 884 2240 936; x_wconf 84' lang='lat' dir='ltr'><strong>multam</strong></span> 
     </span>
    </p>
   </div>
   <div class='ocr_carea' id='block_1_8' title="bbox 648 973 2240 1049">
    <p class='ocr_par' dir='ltr' id='par_1_8' title="bbox 648 973 2240 1049">
     <span class='ocr_line' id='line_1_8' title="bbox 648 973 2240 1049; baseline -0.003 -20"><span class='ocrx_word' id='word_1_43' title='bbox 648 1039 651 1041; x_wconf 5' lang='grc' dir='ltr'><em>ἓ</em></span> <span class='ocrx_word' id='word_1_44' title='bbox 691 988 849 1031; x_wconf 62' lang='lat' dir='ltr'><strong>terra!</strong></span> <span class='ocrx_word' id='word_1_45' title='bbox 894 978 1177 1046; x_wconf 87' lang='lat' dir='ltr'><strong>imposuit,</strong></span> <span class='ocrx_word' id='word_1_46' title='bbox 1203 985 1430 1043; x_wconf 80' lang='lat' dir='ltr'><strong>centum</strong></span> <span class='ocrx_word' id='word_1_47' title='bbox 1475 976 1669 1049; x_wconf 78' lang='lat' dir='ltr'><strong>talenta</strong></span> <span class='ocrx_word' id='word_1_48' title='bbox 1709 975 1935 1046; x_wconf 88' lang='lat' dir='ltr'><strong>argenti,</strong></span> <span class='ocrx_word' id='word_1_49' title='bbox 1972 982 2024 1026; x_wconf 90' lang='lat' dir='ltr'><strong>et</strong></span> <span class='ocrx_word' id='word_1_50' title='bbox 2052 973 2240 1027; x_wconf 86' lang='lat' dir='ltr'><strong>decem</strong></span> 
     </span>
    </p>
   </div>
   <div class='ocr_carea' id='block_1_9' title="bbox 690 1064 2239 1133">
    <p class='ocr_par' dir='ltr' id='par_1_9' title="bbox 690 1064 2239 1133">
     <span class='ocr_line' id='line_1_9' title="bbox 690 1064 2239 1133; baseline -0.002 -17"><span class='ocrx_word' id='word_1_51' title='bbox 690 1066 841 1117; x_wconf 83' lang='lat' dir='ltr'><strong>auri.</strong></span> <span class='ocrx_word' id='word_1_52' title='bbox 882 1064 1283 1132; x_wconf 80' lang='lat' dir='ltr'><strong>Constituitque</strong></span> <span class='ocrx_word' id='word_1_53' title='bbox 1342 1079 1438 1132; x_wconf 87' lang='lat' dir='ltr'><strong>pro</strong></span> <span class='ocrx_word' id='word_1_54' title='bbox 1490 1080 1558 1117; x_wconf 86' lang='lat' dir='ltr'><strong>eo</strong></span> <span class='ocrx_word' id='word_1_55' title='bbox 1593 1079 1791 1133; x_wconf 48' lang='lat' dir='ltr'><strong>,regem</strong></span> <span class='ocrx_word' id='word_1_56' title='bbox 1836 1077 1998 1131; x_wconf 81' lang='lat' dir='ltr'><strong>super</strong></span> <span class='ocrx_word' id='word_1_57' title='bbox 2046 1071 2239 1115; x_wconf 89' lang='lat' dir='ltr'><strong>terram</strong></span> 
     </span>
    </p>
   </div>
   <div class='ocr_carea' id='block_1_10' title="bbox 688 1140 2247 1222">
    <p class='ocr_par' dir='ltr' id='par_1_10' title="bbox 688 1140 2247 1222">
     <span class='ocr_line' id='line_1_10' title="bbox 688 1140 2247 1222; baseline -0.002 -17"><span class='ocrx_word' id='word_1_58' title='bbox 688 1152 912 1207; x_wconf 75' lang='lat' dir='ltr'><strong>fratrem</strong></span> <span class='ocrx_word' id='word_1_59' title='bbox 946 1154 1065 1222; x_wconf 85' lang='lat' dir='ltr'><strong>ejus</strong></span> <span class='ocrx_word' id='word_1_60' title='bbox 1096 1153 1341 1214; x_wconf 88' lang='lat' dir='ltr'><strong>Eliacim,</strong></span> <span class='ocrx_word' id='word_1_61' title='bbox 1378 1154 1464 1208; x_wconf 88' lang='lat' dir='ltr'><strong>cui</strong></span> <span class='ocrx_word' id='word_1_62' title='bbox 1493 1170 1690 1208; x_wconf 85' lang='lat' dir='ltr'><strong>nomen</strong></span> <span class='ocrx_word' id='word_1_63' title='bbox 1714 1153 1869 1207; x_wconf 79' lang='lat' dir='ltr'><strong>vertit</strong></span> <span class='ocrx_word' id='word_1_64' title='bbox 1891 1149 2119 1215; x_wconf 75' lang='lat' dir='ltr'><strong>Joacim,</strong></span> <span class='ocrx_word' id='word_1_65' title='bbox 2146 1140 2247 1203; x_wconf 52' lang='lat' dir='ltr'><strong>an;</strong></span> 
     </span>
    </p>
   </div>
   <div class='ocr_carea' id='block_1_11' title="bbox 692 1240 2242 1305">
    <p class='ocr_par' dir='ltr' id='par_1_11' title="bbox 692 1240 2242 1305">
     <span class='ocr_line' id='line_1_11' title="bbox 692 1240 2242 1305; baseline -0.003 -9"><span class='ocrx_word' id='word_1_66' title='bbox 692 1243 780 1298; x_wconf 85' lang='lat' dir='ltr'><strong>nis</strong></span> <span class='ocrx_word' id='word_1_67' title='bbox 804 1243 1078 1305; x_wconf 81' lang='lat' dir='ltr'><strong>undecim.</strong></span> <span class='ocrx_word' id='word_1_68' title='bbox 1110 1243 1399 1299; x_wconf 56' lang='lat' dir='ltr'><strong>Adtersns</strong></span> <span class='ocrx_word' id='word_1_69' title='bbox 1427 1245 1571 1298; x_wconf 83' lang='lat' dir='ltr'><strong>hunc</strong></span> <span class='ocrx_word' id='word_1_70' title='bbox 1609 1243 1862 1298; x_wconf 75' lang='lat' dir='ltr'><strong>ascendit</strong></span> <span class='ocrx_word' id='word_1_71' title='bbox 1889 1240 2242 1296; x_wconf 83' lang='lat' dir='ltr'><strong>Nabuchodo-</strong></span> 
     </span>
    </p>
   </div>
   <div class='ocr_carea' id='block_1_12' title="bbox 692 1328 2259 1406">
    <p class='ocr_par' dir='ltr' id='par_1_12' title="bbox 692 1328 2259 1406">
     <span class='ocr_line' id='line_1_12' title="bbox 692 1328 2259 1406; baseline -0.003 -19"><span class='ocrx_word' id='word_1_72' title='bbox 692 1349 860 1388; x_wconf 76' lang='lat' dir='ltr'><strong>nosor</strong></span> <span class='ocrx_word' id='word_1_73' title='bbox 888 1335 934 1375; x_wconf 81' lang='lat'><strong>&quot;</strong></span> <span class='ocrx_word' id='word_1_74' title='bbox 964 1350 1060 1389; x_wconf 88' lang='lat' dir='ltr'><strong>rex</strong></span> <span class='ocrx_word' id='word_1_75' title='bbox 1099 1334 1411 1406; x_wconf 82' lang='lat' dir='ltr'><strong>Babylonis,</strong></span> <span class='ocrx_word' id='word_1_76' title='bbox 1442 1334 1801 1402; x_wconf 79' lang='lat' dir='ltr'><strong>vinctumque</strong></span> <span class='ocrx_word' id='word_1_77' title='bbox 1817 1340 2033 1401; x_wconf 87' lang='lat' dir='ltr'><strong>captum</strong></span> <span class='ocrx_word' id='word_1_78' title='bbox 2068 1328 2259 1399; x_wconf 46' lang='lat' dir='ltr'><strong>Babys</strong></span> 
     </span>
    </p>
   </div>
   <div class='ocr_carea' id='block_1_13' title="bbox 692 1412 2245 1495">
    <p class='ocr_par' dir='ltr' id='par_1_13' title="bbox 692 1412 2245 1495">
     <span class='ocr_line' id='line_1_13' title="bbox 692 1412 2245 1495; baseline -0.003 -17"><span class='ocrx_word' id='word_1_79' title='bbox 692 1422 869 1479; x_wconf 85' lang='lat' dir='ltr'><strong>lonem</strong></span> <span class='ocrx_word' id='word_1_80' title='bbox 886 1412 1067 1489; x_wconf 81' lang='lat' dir='ltr'><strong>ducit,</strong></span> <span class='ocrx_word' id='word_1_81' title='bbox 1100 1436 1417 1495; x_wconf 81' lang='lat' dir='ltr'><strong>partemque</strong></span> <span class='ocrx_word' id='word_1_82' title='bbox 1437 1440 1688 1479; x_wconf 75' lang='lat' dir='ltr'><strong>vasorum</strong></span> <span class='ocrx_word' id='word_1_83' title='bbox 1715 1424 1929 1487; x_wconf 83' lang='lat' dir='ltr'><strong>domus,</strong></span> <span class='ocrx_word' id='word_1_84' title='bbox 1955 1419 2245 1492; x_wconf 67' lang='lat' dir='ltr'><strong>quaerant</strong></span> 
     </span>
    </p>
   </div>
   <div class='ocr_carea' id='block_1_14' title="bbox 688 1513 2246 1588">
    <p class='ocr_par' dir='ltr' id='par_1_14' title="bbox 688 1513 2246 1588">
     <span class='ocr_line' id='line_1_14' title="bbox 688 1513 2246 1588; baseline -0.003 -18"><span class='ocrx_word' id='word_1_85' title='bbox 688 1513 1063 1588; x_wconf 74' lang='lat' dir='ltr'><strong>Ierosolymis.</strong></span> <span class='ocrx_word' id='word_1_86' title='bbox 1089 1515 1210 1584; x_wconf 85' lang='lat' dir='ltr'><strong>Hic,</strong></span> <span class='ocrx_word' id='word_1_87' title='bbox 1242 1532 1366 1570; x_wconf 76' lang='lat' dir='ltr'><strong>cum</strong></span> <span class='ocrx_word' id='word_1_88' title='bbox 1402 1519 1767 1571; x_wconf 71' lang='lat' dir='ltr'><strong>incarcerem</strong></span> <span class='ocrx_word' id='word_1_89' title='bbox 1796 1515 2085 1584; x_wconf 81' lang='lat' dir='ltr'><strong>conjectus</strong></span> <span class='ocrx_word' id='word_1_90' title='bbox 2101 1520 2246 1568; x_wconf 89' lang='lat' dir='ltr'><strong>esset</strong></span> 
     </span>
    </p>
   </div>
   <div class='ocr_carea' id='block_1_15' title="bbox 686 1600 2243 1674">
    <p class='ocr_par' dir='ltr' id='par_1_15' title="bbox 686 1600 2243 1674">
     <span class='ocr_line' id='line_1_15' title="bbox 686 1600 2243 1674; baseline -0.004 -15"><span class='ocrx_word' id='word_1_91' title='bbox 686 1613 1173 1674; x_wconf 69' lang='lat' dir='ltr'><strong>eoqueteneretur,</strong></span> <span class='ocrx_word' id='word_1_92' title='bbox 1198 1605 1360 1673; x_wconf 92' lang='lat' dir='ltr'><strong>utqui</strong></span> <span class='ocrx_word' id='word_1_93' title='bbox 1377 1603 1678 1658; x_wconf 73' lang='lat' dir='ltr'><strong>Pharaonis</strong></span> <span class='ocrx_word' id='word_1_94' title='bbox 1701 1603 1912 1657; x_wconf 81' lang='lat' dir='ltr'><strong>amicus</strong></span> <span class='ocrx_word' id='word_1_95' title='bbox 1924 1600 2243 1663; x_wconf 88' lang='lat' dir='ltr'><strong>exstitisset,</strong></span> 
     </span>
    </p>
   </div>
   <div class='ocr_carea' id='block_1_16' title="bbox 668 1691 2245 1763">
    <p class='ocr_par' dir='ltr' id='par_1_16' title="bbox 668 1691 2245 1763">
     <span class='ocr_line' id='line_1_16' title="bbox 668 1691 2245 1763; baseline -0.005 -15"><span class='ocrx_word' id='word_1_96' title='bbox 668 1700 747 1748; x_wconf 44' lang='lat' dir='ltr'><strong>let</strong></span> <span class='ocrx_word' id='word_1_97' title='bbox 772 1693 841 1747; x_wconf 86' lang='lat' dir='ltr'><strong>ab</strong></span> <span class='ocrx_word' id='word_1_98' title='bbox 866 1708 931 1747; x_wconf 90' lang='lat' dir='ltr'><strong>eo</strong></span> <span class='ocrx_word' id='word_1_99' title='bbox 957 1708 1049 1748; x_wconf 89' lang='lat' dir='ltr'><strong>rex</strong></span> <span class='ocrx_word' id='word_1_100' title='bbox 1074 1694 1401 1751; x_wconf 80' lang='lat' dir='ltr'><strong>constitutus</strong></span> <span class='ocrx_word' id='word_1_101' title='bbox 1426 1693 1634 1763; x_wconf 77' lang='lat' dir='ltr'><strong>fuisset,</strong></span> <span class='ocrx_word' id='word_1_102' title='bbox 1660 1706 1803 1746; x_wconf 90' lang='lat' dir='ltr'><strong>anno</strong></span> <span class='ocrx_word' id='word_1_103' title='bbox 1826 1691 2053 1761; x_wconf 79' lang='lat' dir='ltr'><strong>septimo</strong></span> <span class='ocrx_word' id='word_1_104' title='bbox 2083 1704 2245 1758; x_wconf 82' lang='lat' dir='ltr'><strong>supra</strong></span> 
     </span>
    </p>
   </div>
   <div class='ocr_carea' id='block_1_17' title="bbox 690 1773 2246 1847">
    <p class='ocr_par' dir='ltr' id='par_1_17' title="bbox 690 1773 2246 1847">
     <span class='ocr_line' id='line_1_17' title="bbox 690 1773 2246 1847; baseline -0.004 -9"><span class='ocrx_word' id='word_1_105' title='bbox 690 1784 1035 1839; x_wconf 75' lang='lat' dir='ltr'><strong>tricesimum</strong></span> <span class='ocrx_word' id='word_1_106' title='bbox 1072 1786 1323 1842; x_wconf 73' lang='lat' dir='ltr'><strong>educitur</strong></span> <span class='ocrx_word' id='word_1_107' title='bbox 1372 1785 1443 1839; x_wconf 80' lang='lat' dir='ltr'><strong>ab</strong></span> <span class='ocrx_word' id='word_1_108' title='bbox 1489 1784 1535 1816; x_wconf 87' lang='lat'><strong>&quot;</strong></span> <span class='ocrx_word' id='word_1_109' title='bbox 1580 1773 1755 1837; x_wconf 74' lang='lat' dir='ltr'><strong>Evilat</strong></span> <span class='ocrx_word' id='word_1_110' title='bbox 1789 1780 2077 1835; x_wconf 80' lang='lat' dir='ltr'><strong>Marodach</strong></span> <span class='ocrx_word' id='word_1_111' title='bbox 2123 1792 2246 1847; x_wconf 87' lang='lat' dir='ltr'><strong>rege</strong></span> 
     </span>
    </p>
   </div>
   <div class='ocr_carea' id='block_1_18' title="bbox 688 1871 2245 1947">
    <p class='ocr_par' dir='ltr' id='par_1_18' title="bbox 688 1871 2245 1947">
     <span class='ocr_line' id='line_1_18' title="bbox 688 1871 2245 1947; baseline -0.003 -18"><span class='ocrx_word' id='word_1_112' title='bbox 688 1874 1005 1947; x_wconf 65' lang='lat' dir='ltr'><strong>Babylonis;</strong></span> <span class='ocrx_word' id='word_1_113' title='bbox 1050 1872 1405 1945; x_wconf 85' lang='lat' dir='ltr'><strong>detunditque</strong></span> <span class='ocrx_word' id='word_1_114' title='bbox 1466 1875 1621 1929; x_wconf 67' lang='lat' dir='ltr'><strong>illius</strong></span> <span class='ocrx_word' id='word_1_115' title='bbox 1658 1884 1838 1944; x_wconf 86' lang='lat' dir='ltr'><strong>caput,</strong></span> <span class='ocrx_word' id='word_1_116' title='bbox 1889 1882 1943 1927; x_wconf 88' lang='lat' dir='ltr'><strong>et</strong></span> <span class='ocrx_word' id='word_1_117' title='bbox 1976 1880 2099 1927; x_wconf 90' lang='lat' dir='ltr'><strong>erat</strong></span> <span class='ocrx_word' id='word_1_118' title='bbox 2132 1871 2185 1926; x_wconf 85' lang='lat' dir='ltr'><strong>ei</strong></span> <span class='ocrx_word' id='word_1_119' title='bbox 2216 1885 2245 1924; x_wconf 91' lang='lat' dir='ltr'><strong>a</strong></span> 
     </span>
    </p>
   </div>
   <div class='ocr_carea' id='block_1_19' title="bbox 686 1960 2255 2041">
    <p class='ocr_par' dir='ltr' id='par_1_19' title="bbox 686 1960 2255 2041">
     <span class='ocr_line' id='line_1_19' title="bbox 686 1960 2255 2041; baseline -0.005 -21"><span class='ocrx_word' id='word_1_120' title='bbox 686 1966 953 2033; x_wconf 77' lang='lat' dir='ltr'><strong>consiliis,</strong></span> <span class='ocrx_word' id='word_1_121' title='bbox 980 1975 1035 2020; x_wconf 88' lang='lat' dir='ltr'><strong>et</strong></span> <span class='ocrx_word' id='word_1_122' title='bbox 1073 1964 1493 2021; x_wconf 77' lang='lat' dir='ltr'><strong>comedebatin</strong></span> <span class='ocrx_word' id='word_1_123' title='bbox 1514 1978 1719 2041; x_wconf 9' lang='lat' dir='ltr'><strong>mensa,</strong></span> <span class='ocrx_word' id='word_1_124' title='bbox 1740 1963 1881 2031; x_wconf 85' lang='lat' dir='ltr'><strong>ejus,</strong></span> <span class='ocrx_word' id='word_1_125' title='bbox 1902 1960 1975 2015; x_wconf 81' lang='lat' dir='ltr'><strong>ad</strong></span> <span class='ocrx_word' id='word_1_126' title='bbox 1995 1975 2118 2014; x_wconf 89' lang='lat' dir='ltr'><strong>eum</strong></span> <span class='ocrx_word' id='word_1_127' title='bbox 2156 1972 2255 2014; x_wconf 73' lang='lat' dir='ltr'><strong>us-‘</strong></span> 
     </span>
    </p>
   </div>
   <div class='ocr_carea' id='block_1_20' title="bbox 617 2044 2249 2132">
    <p class='ocr_par' dir='ltr' id='par_1_20' title="bbox 617 2044 2249 2132">
     <span class='ocr_line' id='line_1_20' title="bbox 617 2044 2249 2132; baseline -0.007 -17"><span class='ocrx_word' id='word_1_128' title='bbox 617 2078 625 2089; x_wconf 71' lang='lat'>‘</span> <span class='ocrx_word' id='word_1_129' title='bbox 690 2073 796 2127; x_wconf 88' lang='lat' dir='ltr'><strong>que</strong></span> <span class='ocrx_word' id='word_1_130' title='bbox 827 2061 995 2122; x_wconf 89' lang='lat' dir='ltr'><strong>diem,</strong></span> <span class='ocrx_word' id='word_1_131' title='bbox 1030 2074 1139 2129; x_wconf 91' lang='lat' dir='ltr'><strong>quo</strong></span> <span class='ocrx_word' id='word_1_132' title='bbox 1161 2065 1411 2112; x_wconf 89' lang='lat' dir='ltr'><strong>mortuus</strong></span> <span class='ocrx_word' id='word_1_133' title='bbox 1446 2064 1548 2132; x_wconf 84' lang='lat' dir='ltr'><strong>est.</strong></span> <span class='ocrx_word' id='word_1_134' title='bbox 1582 2044 1723 2109; x_wconf 83' lang='lat' dir='ltr'><strong>Cum</strong></span> <span class='ocrx_word' id='word_1_135' title='bbox 1756 2053 1845 2107; x_wconf 91' lang='lat' dir='ltr'><strong>hic</strong></span> <span class='ocrx_word' id='word_1_136' title='bbox 1886 2052 2052 2123; x_wconf 79' lang='lat' dir='ltr'><strong>igitur</strong></span> <span class='ocrx_word' id='word_1_137' title='bbox 2078 2048 2249 2104; x_wconf 79' lang='lat' dir='ltr'><strong>abdu—</strong></span> 
     </span>
    </p>
   </div>
   <div class='ocr_carea' id='block_1_21' title="bbox 689 2144 2245 2221">
    <p class='ocr_par' dir='ltr' id='par_1_21' title="bbox 689 2144 2245 2221">
     <span class='ocr_line' id='line_1_21' title="bbox 689 2144 2245 2221; baseline -0.005 -14"><span class='ocrx_word' id='word_1_138' title='bbox 689 2162 811 2207; x_wconf 87' lang='lat' dir='ltr'><strong>ctus</strong></span> <span class='ocrx_word' id='word_1_139' title='bbox 848 2150 1057 2218; x_wconf 82' lang='lat' dir='ltr'><strong>fuisset,</strong></span> <span class='ocrx_word' id='word_1_140' title='bbox 1096 2155 1286 2221; x_wconf 68' lang='lat' dir='ltr'><strong>regnat</strong></span> <span class='ocrx_word' id='word_1_141' title='bbox 1319 2149 1463 2202; x_wconf 79' lang='lat' dir='ltr'><strong>illius</strong></span> <span class='ocrx_word' id='word_1_142' title='bbox 1495 2148 1613 2212; x_wconf 89' lang='lat' dir='ltr'><strong>ejus</strong></span> <span class='ocrx_word' id='word_1_143' title='bbox 1637 2146 1842 2201; x_wconf 80' lang='lat' dir='ltr'><strong>Joacim</strong></span> <span class='ocrx_word' id='word_1_144' title='bbox 1872 2145 2030 2201; x_wconf 89' lang='lat' dir='ltr'><strong>annis</strong></span> <span class='ocrx_word' id='word_1_145' title='bbox 2054 2144 2245 2199; x_wconf 82' lang='lat' dir='ltr'><strong>tribus.</strong></span> 
     </span>
    </p>
   </div>
   <div class='ocr_carea' id='block_1_22' title="bbox 689 2236 2249 2312">
    <p class='ocr_par' dir='ltr' id='par_1_22' title="bbox 689 2236 2249 2312">
     <span class='ocr_line' id='line_1_22' title="bbox 689 2236 2249 2312; baseline -0.004 -15"><span class='ocrx_word' id='word_1_146' title='bbox 689 2243 1049 2312; x_wconf 80' lang='lat' dir='ltr'><strong>Ascenditque</strong></span> <span class='ocrx_word' id='word_1_147' title='bbox 1102 2243 1157 2296; x_wconf 89' lang='lat' dir='ltr'><strong>in</strong></span> <span class='ocrx_word' id='word_1_148' title='bbox 1204 2254 1338 2295; x_wconf 86' lang='lat' dir='ltr'><strong>eum</strong></span> <span class='ocrx_word' id='word_1_149' title='bbox 1392 2238 1919 2303; x_wconf 75' lang='lat' dir='ltr'><strong>Nabuchodonosor,</strong></span> <span class='ocrx_word' id='word_1_150' title='bbox 1962 2236 2249 2305; x_wconf 85' lang='lat' dir='ltr'><strong>ipsumque</strong></span> 
     </span>
    </p>
   </div>
   <div class='ocr_carea' id='block_1_23' title="bbox 688 2326 2252 2401">
    <p class='ocr_par' dir='ltr' id='par_1_23' title="bbox 688 2326 2252 2401">
     <span class='ocr_line' id='line_1_23' title="bbox 688 2326 2252 2401; baseline -0.005 -14"><span class='ocrx_word' id='word_1_151' title='bbox 688 2348 754 2387; x_wconf 83' lang='lat' dir='ltr'><strong>ac</strong></span> <span class='ocrx_word' id='word_1_152' title='bbox 783 2332 1005 2401; x_wconf 67' lang='lat' dir='ltr'><strong>reliqum</strong></span> <span class='ocrx_word' id='word_1_153' title='bbox 1036 2330 1208 2400; x_wconf 81' lang='lat' dir='ltr'><strong>plebis</strong></span> <span class='ocrx_word' id='word_1_154' title='bbox 1228 2332 1419 2385; x_wconf 83' lang='lat' dir='ltr'><strong>decem</strong></span> <span class='ocrx_word' id='word_1_155' title='bbox 1444 2329 1611 2384; x_wconf 87' lang='lat' dir='ltr'><strong>millia</strong></span> <span class='ocrx_word' id='word_1_156' title='bbox 1643 2328 1889 2382; x_wconf 81' lang='lat' dir='ltr'><strong>virorum</strong></span> <span class='ocrx_word' id='word_1_157' title='bbox 1918 2326 2252 2397; x_wconf 77' lang='lat' dir='ltr'><strong>Babylonem</strong></span> 
     </span>
    </p>
   </div>
   <div class='ocr_carea' id='block_1_24' title="bbox 689 2415 2252 2490">
    <p class='ocr_par' dir='ltr' id='par_1_24' title="bbox 689 2415 2252 2490">
     <span class='ocr_line' id='line_1_24' title="bbox 689 2415 2252 2490; baseline -0.006 -13"><span class='ocrx_word' id='word_1_158' title='bbox 689 2422 955 2487; x_wconf 86' lang='lat' dir='ltr'><strong>traducit;</strong></span> <span class='ocrx_word' id='word_1_159' title='bbox 984 2432 1146 2490; x_wconf 88' lang='lat' dir='ltr'><strong>atque</strong></span> <span class='ocrx_word' id='word_1_160' title='bbox 1172 2420 1292 2489; x_wconf 82' lang='lat' dir='ltr'><strong>ejus</strong></span> <span class='ocrx_word' id='word_1_161' title='bbox 1319 2428 1572 2489; x_wconf 77' lang='lat' dir='ltr'><strong>patruum</strong></span> <span class='ocrx_word' id='word_1_162' title='bbox 1598 2432 1781 2489; x_wconf 84' lang='lat' dir='ltr'><strong>regem</strong></span> <span class='ocrx_word' id='word_1_163' title='bbox 1810 2433 1908 2487; x_wconf 82' lang='lat' dir='ltr'><strong>pro</strong></span> <span class='ocrx_word' id='word_1_164' title='bbox 1948 2432 2014 2470; x_wconf 87' lang='lat' dir='ltr'><strong>eo</strong></span> <span class='ocrx_word' id='word_1_165' title='bbox 2049 2415 2252 2469; x_wconf 80' lang='lat' dir='ltr'><strong>consti-</strong></span> 
     </span>
    </p>
   </div>
   <div class='ocr_carea' id='block_1_25' title="bbox 689 2496 2250 2582">
    <p class='ocr_par' dir='ltr' id='par_1_25' title="bbox 689 2496 2250 2582">
     <span class='ocr_line' id='line_1_25' title="bbox 689 2496 2250 2582; baseline -0.006 -13"><span class='ocrx_word' id='word_1_166' title='bbox 689 2515 815 2579; x_wconf 88' lang='lat' dir='ltr'><strong>tuit,</strong></span> <span class='ocrx_word' id='word_1_167' title='bbox 847 2496 1009 2582; x_wconf 80' lang='lat' dir='ltr'><strong>quem</strong></span> <span class='ocrx_word' id='word_1_168' title='bbox 1045 2521 1256 2565; x_wconf 85' lang='lat' dir='ltr'><strong>mutato</strong></span> <span class='ocrx_word' id='word_1_169' title='bbox 1291 2512 1511 2567; x_wconf 86' lang='lat' dir='ltr'><strong>nomine</strong></span> <span class='ocrx_word' id='word_1_170' title='bbox 1552 2510 1828 2566; x_wconf 82' lang='lat' dir='ltr'><strong>Sedeciam</strong></span> <span class='ocrx_word' id='word_1_171' title='bbox 1860 2509 2112 2563; x_wconf 77' lang='lat' dir='ltr'><strong>vocavit:</strong></span> <span class='ocrx_word' id='word_1_172' title='bbox 2153 2522 2250 2577; x_wconf 88' lang='lat' dir='ltr'><strong>pa-</strong></span> 
     </span>
    </p>
   </div>
   <div class='ocr_carea' id='block_1_26' title="bbox 691 2597 2251 2674">
    <p class='ocr_par' dir='ltr' id='par_1_26' title="bbox 691 2597 2251 2674">
     <span class='ocr_line' id='line_1_26' title="bbox 691 2597 2251 2674; baseline -0.006 -14"><span class='ocrx_word' id='word_1_173' title='bbox 691 2602 917 2674; x_wconf 77' lang='lat' dir='ltr'><strong>ctiSque</strong></span> <span class='ocrx_word' id='word_1_174' title='bbox 944 2618 1067 2657; x_wconf 90' lang='lat' dir='ltr'><strong>cum</strong></span> <span class='ocrx_word' id='word_1_175' title='bbox 1092 2618 1158 2657; x_wconf 90' lang='lat' dir='ltr'><strong>eo</strong></span> <span class='ocrx_word' id='word_1_176' title='bbox 1175 2602 1501 2671; x_wconf 76' lang='lat' dir='ltr'><strong>iuramentis</strong></span> <span class='ocrx_word' id='word_1_177' title='bbox 1528 2601 1749 2671; x_wconf 85' lang='lat' dir='ltr'><strong>ietoque</strong></span> <span class='ocrx_word' id='word_1_178' title='bbox 1775 2600 1995 2664; x_wconf 66' lang='lat' dir='ltr'><strong>foedere,</strong></span> <span class='ocrx_word' id='word_1_179' title='bbox 2020 2597 2251 2669; x_wconf 83' lang='lat' dir='ltr'><strong>Babylo-</strong></span> 
     </span>
    </p>
   </div>
   <div class='ocr_carea' id='block_1_27' title="bbox 690 2690 2253 2764">
    <p class='ocr_par' dir='ltr' id='par_1_27' title="bbox 690 2690 2253 2764">
     <span class='ocr_line' id='line_1_27' title="bbox 690 2690 2253 2764; baseline -0.003 -16"><span class='ocrx_word' id='word_1_180' title='bbox 690 2710 817 2748; x_wconf 81' lang='lat' dir='ltr'><strong>nem</strong></span> <span class='ocrx_word' id='word_1_181' title='bbox 838 2694 995 2750; x_wconf 84' lang='lat' dir='ltr'><strong>redit.</strong></span> <span class='ocrx_word' id='word_1_182' title='bbox 1020 2692 1137 2757; x_wconf 87' lang='lat' dir='ltr'><strong>Hic,</strong></span> <span class='ocrx_word' id='word_1_183' title='bbox 1160 2708 1291 2750; x_wconf 85' lang='lat' dir='ltr'><strong>cum</strong></span> <span class='ocrx_word' id='word_1_184' title='bbox 1309 2701 1585 2764; x_wconf 75' lang='lat' dir='ltr'><strong>regnasset</strong></span> <span class='ocrx_word' id='word_1_185' title='bbox 1606 2705 1780 2759; x_wconf 83' lang='lat' dir='ltr'><strong>annos</strong></span> <span class='ocrx_word' id='word_1_186' title='bbox 1798 2690 2068 2753; x_wconf 86' lang='lat' dir='ltr'><strong>undecim,</strong></span> <span class='ocrx_word' id='word_1_187' title='bbox 2093 2690 2160 2743; x_wconf 89' lang='lat' dir='ltr'><strong>ab</strong></span> <span class='ocrx_word' id='word_1_188' title='bbox 2185 2705 2253 2743; x_wconf 84' lang='lat' dir='ltr'><strong>eo</strong></span> 
     </span>
    </p>
   </div>
   <div class='ocr_carea' id='block_1_28' title="bbox 681 2782 2282 2855">
    <p class='ocr_par' dir='ltr' id='par_1_28' title="bbox 681 2782 2282 2855">
     <span class='ocr_line' id='line_1_28' title="bbox 681 2782 2282 2855; baseline -0.002 -14"><span class='ocrx_word' id='word_1_189' title='bbox 681 2786 967 2850; x_wconf 75' lang='lat' dir='ltr'><strong>deﬁciens,</strong></span> <span class='ocrx_word' id='word_1_190' title='bbox 990 2786 1041 2840; x_wconf 90' lang='lat' dir='ltr'><strong>in</strong></span> <span class='ocrx_word' id='word_1_191' title='bbox 1066 2785 1370 2839; x_wconf 78' lang='lat' dir='ltr'><strong>Pharaonis</strong></span> <span class='ocrx_word' id='word_1_192' title='bbox 1415 2784 1561 2853; x_wconf 83' lang='lat' dir='ltr'><strong>regis</strong></span> <span class='ocrx_word' id='word_1_193' title='bbox 1598 2782 1813 2855; x_wconf 69' lang='lat' dir='ltr'><strong>Egypti</strong></span> <span class='ocrx_word' id='word_1_194' title='bbox 1847 2790 2031 2853; x_wconf 89' lang='lat' dir='ltr'><strong>partes</strong></span> <span class='ocrx_word' id='word_1_195' title='bbox 2064 2790 2245 2837; x_wconf 85' lang='lat' dir='ltr'><strong>trans-</strong></span> <span class='ocrx_word' id='word_1_196' title='bbox 2277 2783 2282 2794; x_wconf 72' lang='lat'><strong>’</strong></span> 
     </span>
    </p>
   </div>
   <div class='ocr_carea' id='block_1_29' title="bbox 652 2873 2289 2945">
    <p class='ocr_par' dir='ltr' id='par_1_29' title="bbox 652 2873 2289 2945">
     <span class='ocr_line' id='line_1_29' title="bbox 652 2873 2289 2945; baseline -0.002 -15"><span class='ocrx_word' id='word_1_197' title='bbox 652 2880 655 2881; x_wconf 66' lang='grc'><strong><em>⁷</em></strong></span> <span class='ocrx_word' id='word_1_198' title='bbox 691 2878 809 2931; x_wconf 85' lang='lat' dir='ltr'><strong>ivit.</strong></span> <span class='ocrx_word' id='word_1_199' title='bbox 829 2878 986 2931; x_wconf 84' lang='lat' dir='ltr'><strong>Anno</strong></span> <span class='ocrx_word' id='word_1_200' title='bbox 1011 2878 1191 2945; x_wconf 88' lang='lat' dir='ltr'><strong>itaque</strong></span> <span class='ocrx_word' id='word_1_201' title='bbox 1222 2876 1458 2942; x_wconf 88' lang='lat' dir='ltr'><strong>decimo,</strong></span> <span class='ocrx_word' id='word_1_202' title='bbox 1497 2875 1715 2929; x_wconf 90' lang='lat' dir='ltr'><strong>venitin</strong></span> <span class='ocrx_word' id='word_1_203' title='bbox 1740 2890 1866 2929; x_wconf 91' lang='lat' dir='ltr'><strong>eum</strong></span> <span class='ocrx_word' id='word_1_204' title='bbox 1893 2889 1959 2928; x_wconf 86' lang='lat' dir='ltr'><strong>ex</strong></span> <span class='ocrx_word' id='word_1_205' title='bbox 1990 2873 2249 2927; x_wconf 72' lang='lat' dir='ltr'><strong>Chaldzea</strong></span> <span class='ocrx_word' id='word_1_206' title='bbox 2284 2899 2289 2903; x_wconf 94' lang='lat'><em>-</em></span> 
     </span>
    </p>
   </div>
   <div class='ocr_carea' id='block_1_30' title="bbox 690 2965 2247 3036">
    <p class='ocr_par' dir='ltr' id='par_1_30' title="bbox 690 2965 2247 3036">
     <span class='ocr_line' id='line_1_30' title="bbox 690 2965 2247 3036; baseline -0.003 -13"><span class='ocrx_word' id='word_1_207' title='bbox 690 2969 1207 3031; x_wconf 81' lang='lat' dir='ltr'><strong>Nabuchodonosor,</strong></span> <span class='ocrx_word' id='word_1_208' title='bbox 1239 2968 1537 3036; x_wconf 89' lang='lat' dir='ltr'><strong>urbemque</strong></span> <span class='ocrx_word' id='word_1_209' title='bbox 1579 2967 1721 3021; x_wconf 90' lang='lat' dir='ltr'><strong>vallo</strong></span> <span class='ocrx_word' id='word_1_210' title='bbox 1751 2966 1921 3019; x_wconf 80' lang='lat' dir='ltr'><strong>cinxit</strong></span> <span class='ocrx_word' id='word_1_211' title='bbox 1959 2973 2118 3033; x_wconf 90' lang='lat' dir='ltr'><strong>atque</strong></span> <span class='ocrx_word' id='word_1_212' title='bbox 2149 2965 2247 3018; x_wconf 92' lang='lat' dir='ltr'><strong>ob-</strong></span> 
     </span>
    </p>
   </div>
   <div class='ocr_carea' id='block_1_31' title="bbox 690 3053 2248 3126">
    <p class='ocr_par' dir='ltr' id='par_1_31' title="bbox 690 3053 2248 3126">
     <span class='ocr_line' id='line_1_31' title="bbox 690 3053 2248 3126; baseline -0.003 -13"><span class='ocrx_word' id='word_1_213' title='bbox 690 3057 850 3122; x_wconf 82' lang='lat' dir='ltr'><strong>sedit,</strong></span> <span class='ocrx_word' id='word_1_214' title='bbox 876 3058 1131 3125; x_wconf 89' lang='lat' dir='ltr'><strong>omnique</strong></span> <span class='ocrx_word' id='word_1_215' title='bbox 1168 3072 1235 3111; x_wconf 89' lang='lat' dir='ltr'><strong>ex</strong></span> <span class='ocrx_word' id='word_1_216' title='bbox 1270 3065 1422 3126; x_wconf 81' lang='lat' dir='ltr'><strong>parte</strong></span> <span class='ocrx_word' id='word_1_217' title='bbox 1457 3056 1704 3109; x_wconf 84' lang='lat' dir='ltr'><strong>arctavit.</strong></span> <span class='ocrx_word' id='word_1_218' title='bbox 1736 3053 2096 3119; x_wconf 75' lang='lat' dir='ltr'><strong>Quamobrem</strong></span> <span class='ocrx_word' id='word_1_219' title='bbox 2132 3069 2248 3108; x_wconf 90' lang='lat' dir='ltr'><strong>ma-</strong></span> 
     </span>
    </p>
   </div>
   <div class='ocr_carea' id='block_1_32' title="bbox 1546 374 3033 467">
    <p class='ocr_par' dir='ltr' id='par_1_32' title="bbox 1546 374 3033 467">
     <span class='ocr_line' id='line_1_32' title="bbox 1546 374 3033 467; baseline -0.009 -3"><span class='ocrx_word' id='word_1_220' title='bbox 1546 405 1620 467; x_wconf 83' lang='lat' dir='ltr'><strong>‘s.</strong></span> <span class='ocrx_word' id='word_1_221' title='bbox 1663 409 2013 465; x_wconf 76' lang='lat' dir='ltr'><strong>lllPPOLYTl</strong></span> <span class='ocrx_word' id='word_1_222' title='bbox 2054 374 2417 462; x_wconf 48' lang='lat' dir='ltr'><strong>oramus</strong></span> <span class='ocrx_word' id='word_1_223' title='bbox 2449 404 2490 457; x_wconf 82' lang='grc' dir='ltr'><strong>ι.</strong></span> <span class='ocrx_word' id='word_1_224' title='bbox 2528 433 2597 444; x_wconf 84' lang='grc'><strong>-</strong></span> <span class='ocrx_word' id='word_1_225' title='bbox 2628 398 3033 460; x_wconf 64' lang='lat' dir='ltr'><strong>exsomnes.</strong></span> 
     </span>
    </p>
   </div>
   <div class='ocr_carea' id='block_1_33' title="bbox 3778 399 3875 451">
    <p class='ocr_par' dir='ltr' id='par_1_33' title="bbox 3778 399 3875 451">
     <span class='ocr_line' id='line_1_33' title="bbox 3778 399 3875 451; baseline -0.01 0"><span class='ocrx_word' id='word_1_226' title='bbox 3778 399 3875 451; x_wconf 67' lang='grc' dir='ltr'><strong>ϐω</strong></span> 
     </span>
    </p>
   </div>
   <div class='ocr_carea' id='block_1_34' title="bbox 2836 509 3883 581">
    <p class='ocr_par' dir='ltr' id='par_1_34' title="bbox 2836 509 3883 581">
     <span class='ocr_line' id='line_1_34' title="bbox 2836 509 3883 581; baseline -0.002 -16"><span class='ocrx_word' id='word_1_227' title='bbox 2836 512 3033 566; x_wconf 84' lang='grc' dir='ltr'><strong>Ἰωσίου</strong></span> <span class='ocrx_word' id='word_1_228' title='bbox 3054 553 3067 575; x_wconf 90' lang='grc'><strong>,</strong></span> <span class='ocrx_word' id='word_1_229' title='bbox 3140 510 3391 581; x_wconf 84' lang='grc' dir='ltr'><strong>Ίωάχας,</strong></span> <span class='ocrx_word' id='word_1_230' title='bbox 3467 509 3739 580; x_wconf 78' lang='grc' dir='ltr'><strong>Ἐλιακεὶμ</strong></span> <span class='ocrx_word' id='word_1_231' title='bbox 3794 525 3883 565; x_wconf 76' lang='grc' dir='ltr'><strong>και</strong></span> 
     </span>
    </p>
   </div>
   <div class='ocr_carea' id='block_1_35' title="bbox 2356 584 3883 671">
    <p class='ocr_par' dir='ltr' id='par_1_35' title="bbox 2356 584 3883 671">
     <span class='ocr_line' id='line_1_35' title="bbox 2356 584 3883 671; baseline -0.003 -14"><span class='ocrx_word' id='word_1_232' title='bbox 2356 584 2624 667; x_wconf 77' lang='grc' dir='ltr'><strong>’Ῑωέινναν,</strong></span> <span class='ocrx_word' id='word_1_233' title='bbox 2651 584 2921 669; x_wconf 80' lang='grc' dir='ltr'><strong>Σεδεκίας,</strong></span> <span class='ocrx_word' id='word_1_234' title='bbox 2945 602 2973 653; x_wconf 87' lang='grc' dir='ltr'>ό</span> <span class='ocrx_word' id='word_1_235' title='bbox 3002 601 3094 653; x_wconf 51' lang='grc' dir='ltr'><strong>καὶ⁵</strong></span> <span class='ocrx_word' id='word_1_236' title='bbox 3126 600 3392 671; x_wconf 86' lang='grc' dir='ltr'><strong>Ἰεχονίας,</strong></span> <span class='ocrx_word' id='word_1_237' title='bbox 3418 584 3757 669; x_wconf 8' lang='grc' dir='ltr'><strong>καὶηΣαδούμ.</strong></span> <span class='ocrx_word' id='word_1_238' title='bbox 3782 600 3883 653; x_wconf 76' lang='grc' dir='ltr'><strong>Καὶ</strong></span> 
     </span>
    </p>
   </div>
   <div class='ocr_carea' id='block_1_36' title="bbox 2342 691 3883 765">
    <p class='ocr_par' dir='ltr' id='par_1_36' title="bbox 2342 691 3883 765">
     <span class='ocr_line' id='line_1_36' title="bbox 2342 691 3883 765; baseline -0.003 -16"><span class='ocrx_word' id='word_1_239' title='bbox 2342 699 2369 748; x_wconf 84' lang='grc' dir='ltr'>ὁ</span> <span class='ocrx_word' id='word_1_240' title='bbox 2394 698 2489 765; x_wconf 86' lang='grc' dir='ltr'><strong>μὲν</strong></span> <span class='ocrx_word' id='word_1_241' title='bbox 2528 696 2769 764; x_wconf 86' lang='grc' dir='ltr'><strong>Ἰωάχας,</strong></span> <span class='ocrx_word' id='word_1_242' title='bbox 2800 694 2936 763; x_wconf 79' lang='grc' dir='ltr'><strong>μετά</strong></span> <span class='ocrx_word' id='word_1_243' title='bbox 2972 691 3066 763; x_wconf 80' lang='grc' dir='ltr'><strong>τὴν</strong></span> <span class='ocrx_word' id='word_1_244' title='bbox 3101 693 3352 764; x_wconf 78' lang='grc' dir='ltr'><strong>τελευτὴν</strong></span> <span class='ocrx_word' id='word_1_245' title='bbox 3382 692 3475 746; x_wconf 81' lang='grc' dir='ltr'><strong>τοῦ</strong></span> <span class='ocrx_word' id='word_1_246' title='bbox 3512 692 3710 765; x_wconf 83' lang='grc' dir='ltr'><strong>πατρὸς</strong></span> <span class='ocrx_word' id='word_1_247' title='bbox 3728 693 3883 745; x_wconf 77' lang='grc' dir='ltr'><strong>αὐτοῦ</strong></span> 
     </span>
    </p>
   </div>
   <div class='ocr_carea' id='block_1_37' title="bbox 2342 780 3886 857">
    <p class='ocr_par' dir='ltr' id='par_1_37' title="bbox 2342 780 3886 857">
     <span class='ocr_line' id='line_1_37' title="bbox 2342 780 3886 857; baseline -0.005 -18"><span class='ocrx_word' id='word_1_248' title='bbox 2342 786 2551 857; x_wconf 79' lang='grc' dir='ltr'>χρίεται</span> <span class='ocrx_word' id='word_1_249' title='bbox 2583 786 2685 838; x_wconf 81' lang='grc' dir='ltr'><strong>ὑπὸ</strong></span> <span class='ocrx_word' id='word_1_250' title='bbox 2710 784 2799 837; x_wconf 80' lang='grc' dir='ltr'><strong>τοῦ</strong></span> <span class='ocrx_word' id='word_1_251' title='bbox 2828 784 2956 837; x_wconf 82' lang='grc' dir='ltr'><strong>λαοῦ</strong></span> <span class='ocrx_word' id='word_1_252' title='bbox 2994 784 3073 845; x_wconf 83' lang='grc' dir='ltr'><strong>είς</strong></span> <span class='ocrx_word' id='word_1_253' title='bbox 3106 780 3344 853; x_wconf 81' lang='grc' dir='ltr'><strong>βασιλέα,</strong></span> <span class='ocrx_word' id='word_1_254' title='bbox 3367 781 3442 835; x_wconf 85' lang='grc' dir='ltr'><strong>ὣν</strong></span> <span class='ocrx_word' id='word_1_255' title='bbox 3466 781 3597 836; x_wconf 77' lang='grc' dir='ltr'><strong>ἐτῶν</strong></span> <span class='ocrx_word' id='word_1_256' title='bbox 3632 786 3735 848; x_wconf 75' lang='grc' dir='ltr'><strong>κγ’.</strong></span> <span class='ocrx_word' id='word_1_257' title='bbox 3774 782 3886 833; x_wconf 73' lang='grc' dir='ltr'><strong>Ἐπὶ</strong></span> 
     </span>
    </p>
   </div>
   <div class='ocr_carea' id='block_1_38' title="bbox 2343 873 3886 947">
    <p class='ocr_par' dir='ltr' id='par_1_38' title="bbox 2343 873 3886 947">
     <span class='ocr_line' id='line_1_38' title="bbox 2343 873 3886 947; baseline -0.003 -18"><span class='ocrx_word' id='word_1_258' title='bbox 2343 877 2526 947; x_wconf 73' lang='grc' dir='ltr'><strong>τοῦτον</strong></span> <span class='ocrx_word' id='word_1_259' title='bbox 2580 877 2853 930; x_wconf 89' lang='grc' dir='ltr'><strong>ἀναϐαίνει</strong></span> <span class='ocrx_word' id='word_1_260' title='bbox 2914 873 3110 946; x_wconf 83' lang='grc' dir='ltr'><strong>Φαραὼ</strong></span> <span class='ocrx_word' id='word_1_261' title='bbox 3155 874 3368 943; x_wconf 86' lang='grc' dir='ltr'><strong>Νεχαὼ,</strong></span> <span class='ocrx_word' id='word_1_262' title='bbox 3409 874 3467 927; x_wconf 77' lang='grc' dir='ltr'><strong>ὲν</strong></span> <span class='ocrx_word' id='word_1_263' title='bbox 3516 873 3593 944; x_wconf 82' lang='grc' dir='ltr'><strong>τῷ</strong></span> <span class='ocrx_word' id='word_1_264' title='bbox 3644 874 3772 944; x_wconf 75' lang='grc' dir='ltr'><strong>μηνὶ</strong></span> <span class='ocrx_word' id='word_1_265' title='bbox 3817 873 3886 943; x_wconf 80' lang='grc' dir='ltr'><strong>τῷ</strong></span> 
     </span>
    </p>
   </div>
   <div class='ocr_carea' id='block_1_39' title="bbox 2725 490 2742 526">
    <p class='ocr_par' dir='ltr' id='par_1_39' title="bbox 2725 490 2742 526">
     <span class='ocr_line' id='line_1_39' title="bbox 2725 490 2742 526; baseline 0 0"><span class='ocrx_word' id='word_1_266' title='bbox 2725 490 2742 526; x_wconf 86' lang='lat'><strong><em>\</em></strong></span> 
     </span>
    </p>
   </div>
   <div class='ocr_carea' id='block_1_40' title="bbox 2342 964 3884 1037">
    <p class='ocr_par' dir='ltr' id='par_1_40' title="bbox 2342 964 3884 1037">
     <span class='ocr_line' id='line_1_40' title="bbox 2342 964 3884 1037; baseline -0.002 -19"><span class='ocrx_word' id='word_1_267' title='bbox 2342 967 2507 1037; x_wconf 84' lang='grc' dir='ltr'><strong><em>τρίτῳ</em></strong></span> <span class='ocrx_word' id='word_1_268' title='bbox 2532 966 2629 1035; x_wconf 88' lang='grc' dir='ltr'><strong>τῆς</strong></span> <span class='ocrx_word' id='word_1_269' title='bbox 2659 965 2932 1036; x_wconf 77' lang='grc' dir='ltr'><strong>βασιλείας</strong></span> <span class='ocrx_word' id='word_1_270' title='bbox 2952 964 3133 1017; x_wconf 78' lang='grc' dir='ltr'><strong>αὐτοῦ·</strong></span> <span class='ocrx_word' id='word_1_271' title='bbox 3157 965 3252 1018; x_wconf 83' lang='grc' dir='ltr'><strong>καὶ</strong></span> <span class='ocrx_word' id='word_1_272' title='bbox 3274 964 3449 1018; x_wconf 88' lang='grc' dir='ltr'><strong>λαϐὼν</strong></span> <span class='ocrx_word' id='word_1_273' title='bbox 3480 965 3639 1019; x_wconf 77' lang='grc' dir='ltr'><strong>αὑτὸν</strong></span> <span class='ocrx_word' id='word_1_274' title='bbox 3659 964 3884 1033; x_wconf 75' lang='grc' dir='ltr'><strong>δέσμιον,</strong></span> 
     </span>
    </p>
   </div>
   <div class='ocr_carea' id='block_1_41' title="bbox 2341 1054 3885 1127">
    <p class='ocr_par' dir='ltr' id='par_1_41' title="bbox 2341 1054 3885 1127">
     <span class='ocr_line' id='line_1_41' title="bbox 2341 1054 3885 1127; baseline -0.002 -19"><span class='ocrx_word' id='word_1_275' title='bbox 2341 1056 2461 1124; x_wconf 74' lang='grc' dir='ltr'><strong>ἄγει</strong></span> <span class='ocrx_word' id='word_1_276' title='bbox 2487 1057 2577 1119; x_wconf 80' lang='grc' dir='ltr'><strong>εἰς</strong></span> <span class='ocrx_word' id='word_1_277' title='bbox 2598 1057 2889 1125; x_wconf 79' lang='grc' dir='ltr'><strong>Αἴγυπτον·</strong></span> <span class='ocrx_word' id='word_1_278' title='bbox 2921 1056 3014 1109; x_wconf 73' lang='grc' dir='ltr'><strong>καὶ</strong></span> <span class='ocrx_word' id='word_1_279' title='bbox 3040 1054 3309 1124; x_wconf 72' lang='grc' dir='ltr'><strong>ἐπιτίθησι</strong></span> <span class='ocrx_word' id='word_1_280' title='bbox 3350 1057 3510 1127; x_wconf 81' lang='grc' dir='ltr'><strong>φόρον</strong></span> <span class='ocrx_word' id='word_1_281' title='bbox 3538 1057 3604 1125; x_wconf 79' lang='grc' dir='ltr'><strong>τῇ</strong></span> <span class='ocrx_word' id='word_1_282' title='bbox 3645 1056 3735 1123; x_wconf 78' lang='grc' dir='ltr'><strong>τῇ,</strong></span> <span class='ocrx_word' id='word_1_283' title='bbox 3766 1055 3885 1106; x_wconf 82' lang='grc' dir='ltr'><strong>ἑκα-</strong></span> 
     </span>
    </p>
   </div>
   <div class='ocr_carea' id='block_1_42' title="bbox 2346 1145 3885 1217">
    <p class='ocr_par' dir='ltr' id='par_1_42' title="bbox 2346 1145 3885 1217">
     <span class='ocr_line' id='line_1_42' title="bbox 2346 1145 3885 1217; baseline -0.002 -18"><span class='ocrx_word' id='word_1_284' title='bbox 2346 1149 2433 1199; x_wconf 82' lang='grc' dir='ltr'><strong>τὸν</strong></span> <span class='ocrx_word' id='word_1_285' title='bbox 2454 1148 2689 1201; x_wconf 82' lang='grc' dir='ltr'><strong>τάλαντα</strong></span> <span class='ocrx_word' id='word_1_286' title='bbox 2720 1146 3003 1217; x_wconf 79' lang='grc' dir='ltr'><strong>ἀργυρίου,</strong></span> <span class='ocrx_word' id='word_1_287' title='bbox 3048 1147 3143 1200; x_wconf 78' lang='grc' dir='ltr'><strong>καὶ</strong></span> <span class='ocrx_word' id='word_1_288' title='bbox 3197 1145 3327 1199; x_wconf 84' lang='grc' dir='ltr'><strong>δέκα</strong></span> <span class='ocrx_word' id='word_1_289' title='bbox 3370 1146 3604 1199; x_wconf 81' lang='grc' dir='ltr'><strong>τάλαντα</strong></span> <span class='ocrx_word' id='word_1_290' title='bbox 3650 1145 3885 1215; x_wconf 81' lang='grc' dir='ltr'><strong>χρυσίου.</strong></span> 
     </span>
    </p>
   </div>
   <div class='ocr_carea' id='block_1_43' title="bbox 2342 1222 3924 1308">
    <p class='ocr_par' dir='ltr' id='par_1_43' title="bbox 2342 1222 3924 1308">
     <span class='ocr_line' id='line_1_43' title="bbox 2342 1222 3924 1308; baseline -0.003 -18"><span class='ocrx_word' id='word_1_291' title='bbox 2342 1239 2451 1290; x_wconf 80' lang='grc' dir='ltr'><strong>Καὶ</strong></span> <span class='ocrx_word' id='word_1_292' title='bbox 2478 1238 2706 1308; x_wconf 57' lang='lat' dir='ltr'><strong>meta-ce</strong></span> <span class='ocrx_word' id='word_1_293' title='bbox 2744 1222 2858 1301; x_wconf 68' lang='grc' dir='ltr'><strong>ἀντ’</strong></span> <span class='ocrx_word' id='word_1_294' title='bbox 2889 1222 3049 1291; x_wconf 77' lang='grc' dir='ltr'><strong>αὑτοῦ</strong></span> <span class='ocrx_word' id='word_1_295' title='bbox 3098 1236 3373 1307; x_wconf 56' lang='lat' dir='ltr'><strong>simul</strong></span> <span class='ocrx_word' id='word_1_296' title='bbox 3406 1236 3497 1288; x_wconf 84' lang='grc' dir='ltr'><strong>τὸν</strong></span> <span class='ocrx_word' id='word_1_297' title='bbox 3544 1234 3768 1303; x_wconf 77' lang='grc' dir='ltr'><strong>ἀδελφὸν</strong></span> <span class='ocrx_word' id='word_1_298' title='bbox 3800 1234 3924 1295; x_wconf 55' lang='grc' dir='ltr'><strong>αὐο,</strong></span> 
     </span>
    </p>
   </div>
   <div class='ocr_carea' id='block_1_44' title="bbox 2342 1326 3885 1399">
    <p class='ocr_par' dir='ltr' id='par_1_44' title="bbox 2342 1326 3885 1399">
     <span class='ocr_line' id='line_1_44' title="bbox 2342 1326 3885 1399; baseline -0.002 -19"><span class='ocrx_word' id='word_1_299' title='bbox 2342 1328 2435 1382; x_wconf 79' lang='grc' dir='ltr'><strong>τοῦ</strong></span> <span class='ocrx_word' id='word_1_300' title='bbox 2470 1329 2689 1399; x_wconf 80' lang='grc' dir='ltr'><strong>βασιλέα</strong></span> <span class='ocrx_word' id='word_1_301' title='bbox 2715 1330 2807 1381; x_wconf 75' lang='grc' dir='ltr'><strong>ἐπὶ</strong></span> <span class='ocrx_word' id='word_1_302' title='bbox 2826 1329 2925 1397; x_wconf 80' lang='grc' dir='ltr'><strong>τῆς</strong></span> <span class='ocrx_word' id='word_1_303' title='bbox 2951 1329 3072 1399; x_wconf 86' lang='grc' dir='ltr'><strong>γῆς,</strong></span> <span class='ocrx_word' id='word_1_304' title='bbox 3105 1328 3164 1381; x_wconf 78' lang='grc' dir='ltr'><strong>δν</strong></span> <span class='ocrx_word' id='word_1_305' title='bbox 3192 1328 3572 1399; x_wconf 77' lang='grc' dir='ltr'><strong>μετωνόμασεν</strong></span> <span class='ocrx_word' id='word_1_306' title='bbox 3624 1326 3885 1395; x_wconf 79' lang='grc' dir='ltr'><strong>Ἱωακεὶμ,</strong></span> 
     </span>
    </p>
   </div>
   <div class='ocr_carea' id='block_1_45' title="bbox 2343 1417 3884 1492">
    <p class='ocr_par' dir='ltr' id='par_1_45' title="bbox 2343 1417 3884 1492">
     <span class='ocr_line' id='line_1_45' title="bbox 2343 1417 3884 1492; baseline -0.003 -16"><span class='ocrx_word' id='word_1_307' title='bbox 2343 1421 2558 1492; x_wconf 55' lang='lat' dir='ltr'><strong>Eni/{tn</strong></span> <span class='ocrx_word' id='word_1_308' title='bbox 2586 1420 2798 1473; x_wconf 77' lang='grc' dir='ltr'><strong>⁶ἑνδεκιι.</strong></span> <span class='ocrx_word' id='word_1_309' title='bbox 2828 1420 2958 1472; x_wconf 73' lang='grc' dir='ltr'><strong>Ἐπὶ</strong></span> <span class='ocrx_word' id='word_1_310' title='bbox 2996 1418 3181 1473; x_wconf 77' lang='grc' dir='ltr'><strong>τοῦτον</strong></span> <span class='ocrx_word' id='word_1_311' title='bbox 3227 1417 3393 1488; x_wconf 71' lang='grc' dir='ltr'><strong>ἀνέϐη</strong></span> <span class='ocrx_word' id='word_1_312' title='bbox 3437 1417 3884 1489; x_wconf 74' lang='grc' dir='ltr'><strong>Ναϐουχοδονόωρ</strong></span> 
     </span>
    </p>
   </div>
   <div class='ocr_carea' id='block_1_46' title="bbox 2346 1501 3885 1580">
    <p class='ocr_par' dir='ltr' id='par_1_46' title="bbox 2346 1501 3885 1580">
     <span class='ocr_line' id='line_1_46' title="bbox 2346 1501 3885 1580; baseline -0.003 -15"><span class='ocrx_word' id='word_1_313' title='bbox 2346 1508 2947 1580; x_wconf 82' lang='grc' dir='ltr'><strong>βασιλεὺςΒαϐυλῶνος,</strong></span> <span class='ocrx_word' id='word_1_314' title='bbox 2976 1509 3070 1563; x_wconf 77' lang='grc' dir='ltr'><strong>καὶ</strong></span> <span class='ocrx_word' id='word_1_315' title='bbox 3108 1508 3289 1563; x_wconf 77' lang='grc' dir='ltr'><strong>λαϐὼν</strong></span> <span class='ocrx_word' id='word_1_316' title='bbox 3327 1506 3488 1562; x_wconf 61' lang='grc' dir='ltr'><strong>αὑτὸν</strong></span> <span class='ocrx_word' id='word_1_317' title='bbox 3506 1501 3745 1578; x_wconf 79' lang='grc' dir='ltr'><strong>δέσμιον,</strong></span> <span class='ocrx_word' id='word_1_318' title='bbox 3776 1509 3885 1576; x_wconf 60' lang='lat' dir='ltr'><strong>sm</strong></span> 
     </span>
    </p>
   </div>
   <div class='ocr_carea' id='block_1_47' title="bbox 2349 1597 3886 1674">
    <p class='ocr_par' dir='ltr' id='par_1_47' title="bbox 2349 1597 3886 1674">
     <span class='ocr_line' id='line_1_47' title="bbox 2349 1597 3886 1674; baseline -0.003 -20"><span class='ocrx_word' id='word_1_319' title='bbox 2349 1606 2428 1665; x_wconf 76' lang='grc' dir='ltr'><strong>εἰς</strong></span> <span class='ocrx_word' id='word_1_320' title='bbox 2460 1601 2772 1663; x_wconf 82' lang='grc' dir='ltr'><strong>Βαϐυλῶνα,</strong></span> <span class='ocrx_word' id='word_1_321' title='bbox 2803 1601 2896 1654; x_wconf 81' lang='grc' dir='ltr'><strong>καὶ</strong></span> <span class='ocrx_word' id='word_1_322' title='bbox 2938 1601 3101 1674; x_wconf 81' lang='grc' dir='ltr'><strong>μέρος</strong></span> <span class='ocrx_word' id='word_1_323' title='bbox 3122 1618 3175 1653; x_wconf 86' lang='grc' dir='ltr'><strong>τι</strong></span> <span class='ocrx_word' id='word_1_324' title='bbox 3208 1601 3316 1654; x_wconf 80' lang='grc' dir='ltr'><strong>τῶν</strong></span> <span class='ocrx_word' id='word_1_325' title='bbox 3352 1598 3558 1654; x_wconf 83' lang='grc' dir='ltr'><strong>σκευῶν</strong></span> <span class='ocrx_word' id='word_1_326' title='bbox 3602 1597 3745 1651; x_wconf 72' lang='grc' dir='ltr'><strong>οἴκου</strong></span> <span class='ocrx_word' id='word_1_327' title='bbox 3781 1600 3886 1665; x_wconf 77' lang='grc' dir='ltr'><strong>τῶν</strong></span> 
     </span>
    </p>
   </div>
   <div class='ocr_carea' id='block_1_48' title="bbox 2346 1684 3881 1764">
    <p class='ocr_par' dir='ltr' id='par_1_48' title="bbox 2346 1684 3881 1764">
     <span class='ocr_line' id='line_1_48' title="bbox 2346 1684 3881 1764; baseline -0.001 -20"><span class='ocrx_word' id='word_1_328' title='bbox 2346 1693 2403 1744; x_wconf 82' lang='grc' dir='ltr'><strong>ὲν</strong></span> <span class='ocrx_word' id='word_1_329' title='bbox 2455 1691 2816 1764; x_wconf 79' lang='grc' dir='ltr'><strong>Ἰερουσαλήμ.</strong></span> <span class='ocrx_word' id='word_1_330' title='bbox 2851 1684 3016 1755; x_wconf 74' lang='grc' dir='ltr'><strong>Οὗτος</strong></span> <span class='ocrx_word' id='word_1_331' title='bbox 3066 1691 3444 1755; x_wconf 74' lang='grc' dir='ltr'><strong>κατάκλειστος</strong></span> <span class='ocrx_word' id='word_1_332' title='bbox 3477 1689 3881 1761; x_wconf 74' lang='grc' dir='ltr'><strong>γενόμενος,’ὡς</strong></span> 
     </span>
    </p>
   </div>
   <div class='ocr_carea' id='block_1_49' title="bbox 2350 1781 3879 1855">
    <p class='ocr_par' dir='ltr' id='par_1_49' title="bbox 2350 1781 3879 1855">
     <span class='ocr_line' id='line_1_49' title="bbox 2350 1781 3879 1855; baseline 0.002 -22"><span class='ocrx_word' id='word_1_333' title='bbox 2350 1781 2498 1851; x_wconf 75' lang='grc' dir='ltr'><strong>φίλος</strong></span> <span class='ocrx_word' id='word_1_334' title='bbox 2517 1782 2609 1835; x_wconf 81' lang='grc' dir='ltr'><strong>τοῦ</strong></span> <span class='ocrx_word' id='word_1_335' title='bbox 2628 1781 2824 1855; x_wconf 68' lang='grc' dir='ltr'><strong>Φαραὼ</strong></span> <span class='ocrx_word' id='word_1_336' title='bbox 2853 1784 2944 1837; x_wconf 79' lang='grc' dir='ltr'><strong>καὶ</strong></span> <span class='ocrx_word' id='word_1_337' title='bbox 2964 1783 3054 1839; x_wconf 74' lang='grc' dir='ltr'><strong>ὑπ’</strong></span> <span class='ocrx_word' id='word_1_338' title='bbox 3080 1783 3240 1837; x_wconf 80' lang='grc' dir='ltr'><strong>αὑτοῦ</strong></span> <span class='ocrx_word' id='word_1_339' title='bbox 3258 1781 3505 1853; x_wconf 79' lang='grc' dir='ltr'><strong>βασιλεὺς</strong></span> <span class='ocrx_word' id='word_1_340' title='bbox 3522 1781 3879 1845; x_wconf 72' lang='grc' dir='ltr'><strong>κατασταθεὶς,</strong></span> 
     </span>
    </p>
   </div>
   <div class='ocr_carea' id='block_1_50' title="bbox 2281 1838 3880 1941">
    <p class='ocr_par' dir='ltr' id='par_1_50' title="bbox 2281 1838 3880 1941">
     <span class='ocr_line' id='line_1_50' title="bbox 2281 1838 3880 1941; baseline 0 -20"><span class='ocrx_word' id='word_1_341' title='bbox 2281 1838 2319 1891; x_wconf 71' lang='grc' dir='ltr'><strong>θ</strong></span> <span class='ocrx_word' id='word_1_342' title='bbox 2350 1838 2408 1921; x_wconf 78' lang='grc' dir='ltr'><strong>ἐν</strong></span> <span class='ocrx_word' id='word_1_343' title='bbox 2436 1838 2513 1940; x_wconf 60' lang='grc' dir='ltr'><strong>τῷ</strong></span> <span class='ocrx_word' id='word_1_344' title='bbox 2535 1868 2610 1933; x_wconf 76' lang='grc' dir='ltr'><strong>λς·</strong></span> <span class='ocrx_word' id='word_1_345' title='bbox 2638 1838 2749 1923; x_wconf 58' lang='lat' dir='ltr'><strong>eg.</strong></span> <span class='ocrx_word' id='word_1_346' title='bbox 2768 1860 3017 1939; x_wconf 70' lang='grc' dir='ltr'><strong>ἐξάγεται</strong></span> <span class='ocrx_word' id='word_1_347' title='bbox 3054 1871 3154 1924; x_wconf 80' lang='grc' dir='ltr'><strong>ὑπὸ</strong></span> <span class='ocrx_word' id='word_1_348' title='bbox 3187 1838 3384 1929; x_wconf 57' lang='lat' dir='ltr'><strong>salis-.-</strong></span> <span class='ocrx_word' id='word_1_349' title='bbox 3419 1838 3697 1941; x_wconf 70' lang='grc' dir='ltr'><strong>Μαρωδάχ</strong></span> <span class='ocrx_word' id='word_1_350' title='bbox 3745 1838 3880 1940; x_wconf 53' lang='lat' dir='ltr'><strong>seu;</strong></span> 
     </span>
    </p>
   </div>
   <div class='ocr_carea' id='block_1_51' title="bbox 2350 1956 3880 2033">
    <p class='ocr_par' dir='ltr' id='par_1_51' title="bbox 2350 1956 3880 2033">
     <span class='ocr_line' id='line_1_51' title="bbox 2350 1956 3880 2033; baseline 0.003 -22"><span class='ocrx_word' id='word_1_351' title='bbox 2350 1958 2484 2023; x_wconf 77' lang='grc' dir='ltr'><strong>λέως</strong></span> <span class='ocrx_word' id='word_1_352' title='bbox 2517 1960 2846 2027; x_wconf 86' lang='grc' dir='ltr'><strong>Βαϐυλῶνος,</strong></span> <span class='ocrx_word' id='word_1_353' title='bbox 2870 1961 2962 2013; x_wconf 71' lang='grc' dir='ltr'><strong>καὶ</strong></span> <span class='ocrx_word' id='word_1_354' title='bbox 2985 1961 3188 2033; x_wconf 77' lang='grc' dir='ltr'><strong>ἔκειρεν</strong></span> <span class='ocrx_word' id='word_1_355' title='bbox 3210 1962 3371 2016; x_wconf 78' lang='grc' dir='ltr'><strong>αὐτοῦ</strong></span> <span class='ocrx_word' id='word_1_356' title='bbox 3401 1963 3500 2032; x_wconf 85' lang='grc' dir='ltr'><strong>τὴν</strong></span> <span class='ocrx_word' id='word_1_357' title='bbox 3525 1956 3784 2031; x_wconf 78' lang='grc' dir='ltr'><strong>κεφαλὴν,</strong></span> <span class='ocrx_word' id='word_1_358' title='bbox 3807 1964 3880 2016; x_wconf 67' lang='grc' dir='ltr'><strong>καὶ</strong></span> 
     </span>
    </p>
   </div>
   <div class='ocr_carea' id='block_1_52' title="bbox 2346 2044 3882 2124">
    <p class='ocr_par' dir='ltr' id='par_1_52' title="bbox 2346 2044 3882 2124">
     <span class='ocr_line' id='line_1_52' title="bbox 2346 2044 3882 2124; baseline 0.002 -23"><span class='ocrx_word' id='word_1_359' title='bbox 2346 2044 2415 2120; x_wconf 79' lang='grc' dir='ltr'><strong>ἦν</strong></span> <span class='ocrx_word' id='word_1_360' title='bbox 2444 2050 2608 2103; x_wconf 76' lang='grc' dir='ltr'><strong>αὑτοῦ</strong></span> <span class='ocrx_word' id='word_1_361' title='bbox 2639 2049 2955 2121; x_wconf 82' lang='grc' dir='ltr'><strong>σύμϐουλος,</strong></span> <span class='ocrx_word' id='word_1_362' title='bbox 2979 2053 3073 2104; x_wconf 78' lang='grc' dir='ltr'><strong>καὶ</strong></span> <span class='ocrx_word' id='word_1_363' title='bbox 3094 2052 3275 2123; x_wconf 63' lang='grc' dir='ltr'><strong>ἢσθιεν</strong></span> <span class='ocrx_word' id='word_1_364' title='bbox 3300 2054 3359 2105; x_wconf 79' lang='grc' dir='ltr'><strong>ὲν</strong></span> <span class='ocrx_word' id='word_1_365' title='bbox 3376 2055 3439 2124; x_wconf 80' lang='grc' dir='ltr'><strong>τῇ</strong></span> <span class='ocrx_word' id='word_1_366' title='bbox 3462 2050 3709 2124; x_wconf 79' lang='grc' dir='ltr'><strong>τραπέζῃ</strong></span> <span class='ocrx_word' id='word_1_367' title='bbox 3741 2052 3882 2106; x_wconf 72' lang='grc' dir='ltr'><strong>αὐτοῦ</strong></span> 
     </span>
    </p>
   </div>
   <div class='ocr_carea' id='block_1_53' title="bbox 2347 2134 3885 2213">
    <p class='ocr_par' dir='ltr' id='par_1_53' title="bbox 2347 2134 3885 2213">
     <span class='ocr_line' id='line_1_53' title="bbox 2347 2134 3885 2213; baseline 0.002 -22"><span class='ocrx_word' id='word_1_368' title='bbox 2347 2140 2451 2204; x_wconf 73' lang='grc' dir='ltr'><strong>ἕως</strong></span> <span class='ocrx_word' id='word_1_369' title='bbox 2480 2140 2581 2210; x_wconf 84' lang='grc' dir='ltr'><strong>τῆς</strong></span> <span class='ocrx_word' id='word_1_370' title='bbox 2610 2134 2821 2211; x_wconf 79' lang='grc' dir='ltr'><strong>ἡμέρας</strong></span> <span class='ocrx_word' id='word_1_371' title='bbox 2860 2136 2928 2211; x_wconf 83' lang='grc' dir='ltr'><strong>ἦς</strong></span> <span class='ocrx_word' id='word_1_372' title='bbox 2966 2141 3221 2210; x_wconf 80' lang='grc' dir='ltr'><strong>ἀπέθανε.</strong></span> <span class='ocrx_word' id='word_1_373' title='bbox 3260 2143 3460 2197; x_wconf 80' lang='grc' dir='ltr'><strong>Τούτου</strong></span> <span class='ocrx_word' id='word_1_374' title='bbox 3490 2138 3582 2196; x_wconf 83' lang='grc' dir='ltr'><strong>οὗν</strong></span> <span class='ocrx_word' id='word_1_375' title='bbox 3617 2143 3885 2213; x_wconf 82' lang='grc' dir='ltr'><strong>μεταχθέν-</strong></span> 
     </span>
    </p>
   </div>
   <div class='ocr_carea' id='block_1_54' title="bbox 2345 2228 3886 2303">
    <p class='ocr_par' dir='ltr' id='par_1_54' title="bbox 2345 2228 3886 2303">
     <span class='ocr_line' id='line_1_54' title="bbox 2345 2228 3886 2303; baseline 0.004 -23"><span class='ocrx_word' id='word_1_376' title='bbox 2345 2245 2455 2291; x_wconf 84' lang='grc' dir='ltr'><strong>τος,</strong></span> <span class='ocrx_word' id='word_1_377' title='bbox 2485 2228 2754 2299; x_wconf 77' lang='grc' dir='ltr'><strong>βασιλεύει</strong></span> <span class='ocrx_word' id='word_1_378' title='bbox 2786 2231 2814 2282; x_wconf 85' lang='grc' dir='ltr'>ὁ</span> <span class='ocrx_word' id='word_1_379' title='bbox 2844 2230 2957 2292; x_wconf 81' lang='grc' dir='ltr'><strong>υἱὸς</strong></span> <span class='ocrx_word' id='word_1_380' title='bbox 2985 2230 3150 2285; x_wconf 83' lang='grc' dir='ltr'><strong>αὐτοῦ</strong></span> <span class='ocrx_word' id='word_1_381' title='bbox 3197 2231 3468 2303; x_wconf 75' lang='grc' dir='ltr'><strong>Ἰωακεὶμ,</strong></span> <span class='ocrx_word' id='word_1_382' title='bbox 3499 2232 3594 2303; x_wconf 80' lang='grc' dir='ltr'><strong>ἔτη</strong></span> <span class='ocrx_word' id='word_1_383' title='bbox 3618 2232 3746 2303; x_wconf 89' lang='grc' dir='ltr'><strong>τρία</strong></span> <span class='ocrx_word' id='word_1_384' title='bbox 3768 2232 3886 2303; x_wconf 78' lang='grc'><strong>(55).</strong></span> 
     </span>
    </p>
   </div>
   <div class='ocr_carea' id='block_1_55' title="bbox 2346 2318 3888 2395">
    <p class='ocr_par' dir='ltr' id='par_1_55' title="bbox 2346 2318 3888 2395">
     <span class='ocr_line' id='line_1_55' title="bbox 2346 2318 3888 2395; baseline 0.004 -24"><span class='ocrx_word' id='word_1_385' title='bbox 2346 2319 2456 2372; x_wconf 77' lang='grc' dir='ltr'><strong>Καὶ</strong></span> <span class='ocrx_word' id='word_1_386' title='bbox 2489 2321 2580 2372; x_wconf 76' lang='grc' dir='ltr'><strong>ἐπὶ</strong></span> <span class='ocrx_word' id='word_1_387' title='bbox 2603 2320 2788 2373; x_wconf 80' lang='grc' dir='ltr'><strong>τοῦτον</strong></span> <span class='ocrx_word' id='word_1_388' title='bbox 2815 2318 2981 2391; x_wconf 82' lang='grc' dir='ltr'><strong>ἀνέϐη</strong></span> <span class='ocrx_word' id='word_1_389' title='bbox 3012 2320 3490 2394; x_wconf 84' lang='grc' dir='ltr'><strong>Ναϐουχοδονόσορ,</strong></span> <span class='ocrx_word' id='word_1_390' title='bbox 3535 2325 3631 2377; x_wconf 72' lang='grc' dir='ltr'><strong>καὶ</strong></span> <span class='ocrx_word' id='word_1_391' title='bbox 3670 2324 3888 2395; x_wconf 78' lang='grc' dir='ltr'><strong>μετοικί-</strong></span> 
     </span>
    </p>
   </div>
   <div class='ocr_carea' id='block_1_56' title="bbox 2347 2396 3890 2486">
    <p class='ocr_par' dir='ltr' id='par_1_56' title="bbox 2347 2396 3890 2486">
     <span class='ocr_line' id='line_1_56' title="bbox 2347 2396 3890 2486; baseline 0.005 -25"><span class='ocrx_word' id='word_1_392' title='bbox 2347 2410 2429 2470; x_wconf 78' lang='grc' dir='ltr'><strong>ζει</strong></span> <span class='ocrx_word' id='word_1_393' title='bbox 2454 2410 2613 2463; x_wconf 86' lang='grc' dir='ltr'><strong>αὐτόν</strong></span> <span class='ocrx_word' id='word_1_394' title='bbox 2643 2396 2703 2464; x_wconf 84' lang='grc' dir='ltr'><strong>τε</strong></span> <span class='ocrx_word' id='word_1_395' title='bbox 2738 2412 2832 2465; x_wconf 79' lang='grc' dir='ltr'><strong>καὶ</strong></span> <span class='ocrx_word' id='word_1_396' title='bbox 2859 2411 2951 2464; x_wconf 82' lang='grc' dir='ltr'><strong>τοῦ</strong></span> <span class='ocrx_word' id='word_1_397' title='bbox 2974 2412 3099 2467; x_wconf 84' lang='grc' dir='ltr'><strong>λαοῦ</strong></span> <span class='ocrx_word' id='word_1_398' title='bbox 3130 2412 3262 2466; x_wconf 83' lang='grc' dir='ltr'><strong>δέκα</strong></span> <span class='ocrx_word' id='word_1_399' title='bbox 3304 2414 3542 2484; x_wconf 76' lang='grc' dir='ltr'><strong>χιλιάδας</strong></span> <span class='ocrx_word' id='word_1_400' title='bbox 3582 2414 3789 2486; x_wconf 78' lang='grc' dir='ltr'><strong>ἀνδρῶν</strong></span> <span class='ocrx_word' id='word_1_401' title='bbox 3823 2415 3890 2478; x_wconf 81' lang='grc' dir='ltr'><strong>εις</strong></span> 
     </span>
    </p>
   </div>
   <div class='ocr_carea' id='block_1_57' title="bbox 2347 2506 3889 2579">
    <p class='ocr_par' dir='ltr' id='par_1_57' title="bbox 2347 2506 3889 2579">
     <span class='ocr_line' id='line_1_57' title="bbox 2347 2506 3889 2579; baseline 0.003 -22"><span class='ocrx_word' id='word_1_402' title='bbox 2347 2506 2654 2560; x_wconf 83' lang='grc' dir='ltr'><strong>Βαϐυλῶνα·</strong></span> <span class='ocrx_word' id='word_1_403' title='bbox 2689 2507 2782 2560; x_wconf 77' lang='grc' dir='ltr'><strong>καὶ</strong></span> <span class='ocrx_word' id='word_1_404' title='bbox 2814 2507 3041 2578; x_wconf 79' lang='grc' dir='ltr'><strong>καθιστᾷ</strong></span> <span class='ocrx_word' id='word_1_405' title='bbox 3068 2508 3181 2562; x_wconf 87' lang='grc' dir='ltr'><strong>ἀντ’</strong></span> <span class='ocrx_word' id='word_1_406' title='bbox 3214 2508 3377 2563; x_wconf 80' lang='grc' dir='ltr'><strong>αὐτοῦ</strong></span> <span class='ocrx_word' id='word_1_407' title='bbox 3414 2510 3505 2563; x_wconf 84' lang='grc' dir='ltr'><strong>τὸν</strong></span> <span class='ocrx_word' id='word_1_408' title='bbox 3546 2510 3774 2579; x_wconf 81' lang='grc' dir='ltr'><strong>ἀδελφὸν</strong></span> <span class='ocrx_word' id='word_1_409' title='bbox 3808 2508 3889 2562; x_wconf 85' lang='grc' dir='ltr'><strong>τοῦ</strong></span> 
     </span>
    </p>
   </div>
   <div class='ocr_carea' id='block_1_58' title="bbox 2350 2596 3891 2670">
    <p class='ocr_par' dir='ltr' id='par_1_58' title="bbox 2350 2596 3891 2670">
     <span class='ocr_line' id='line_1_58' title="bbox 2350 2596 3891 2670; baseline 0.003 -22"><span class='ocrx_word' id='word_1_410' title='bbox 2350 2596 2552 2667; x_wconf 86' lang='grc' dir='ltr'><strong>πατρὸς</strong></span> <span class='ocrx_word' id='word_1_411' title='bbox 2607 2597 2791 2662; x_wconf 75' lang='grc' dir='ltr'><strong>αὑτοῦ,</strong></span> <span class='ocrx_word' id='word_1_412' title='bbox 2833 2597 2892 2650; x_wconf 80' lang='grc' dir='ltr'><strong>ὃν</strong></span> <span class='ocrx_word' id='word_1_413' title='bbox 2937 2599 3031 2652; x_wconf 77' lang='grc' dir='ltr'><strong>καὶ</strong></span> <span class='ocrx_word' id='word_1_414' title='bbox 3078 2599 3428 2670; x_wconf 78' lang='grc' dir='ltr'><strong>μετωνόμασε</strong></span> <span class='ocrx_word' id='word_1_415' title='bbox 3470 2601 3742 2655; x_wconf 79' lang='grc' dir='ltr'><strong>Σεδεκίαν·</strong></span> <span class='ocrx_word' id='word_1_416' title='bbox 3789 2598 3891 2669; x_wconf 78' lang='grc' dir='ltr'><strong>μεθ’</strong></span> 
     </span>
    </p>
   </div>
   <div class='ocr_carea' id='block_1_59' title="bbox 2347 2678 3891 2761">
    <p class='ocr_par' dir='ltr' id='par_1_59' title="bbox 2347 2678 3891 2761">
     <span class='ocr_line' id='line_1_59' title="bbox 2347 2678 3891 2761; baseline 0.005 -24"><span class='ocrx_word' id='word_1_417' title='bbox 2347 2678 2408 2737; x_wconf 76' lang='grc' dir='ltr'><strong>οὗ</strong></span> <span class='ocrx_word' id='word_1_418' title='bbox 2430 2687 2588 2756; x_wconf 83' lang='grc' dir='ltr'><strong>ὅρκια</strong></span> <span class='ocrx_word' id='word_1_419' title='bbox 2616 2688 2710 2742; x_wconf 74' lang='grc' dir='ltr'><strong>καὶ</strong></span> <span class='ocrx_word' id='word_1_420' title='bbox 2734 2687 3002 2758; x_wconf 78' lang='grc' dir='ltr'><strong>συνθήκας</strong></span> <span class='ocrx_word' id='word_1_421' title='bbox 3040 2689 3421 2761; x_wconf 77' lang='grc' dir='ltr'><strong>ποιησάμενος,</strong></span> <span class='ocrx_word' id='word_1_422' title='bbox 3448 2691 3669 2745; x_wconf 76' lang='grc' dir='ltr'><strong>ἄπεισιν</strong></span> <span class='ocrx_word' id='word_1_423' title='bbox 3692 2693 3768 2753; x_wconf 84' lang='grc' dir='ltr'><strong>είς</strong></span> <span class='ocrx_word' id='word_1_424' title='bbox 3794 2690 3891 2744; x_wconf 86' lang='grc' dir='ltr'><strong>Βα-</strong></span> 
     </span>
    </p>
   </div>
   <div class='ocr_carea' id='block_1_60' title="bbox 2348 2771 3887 2853">
    <p class='ocr_par' dir='ltr' id='par_1_60' title="bbox 2348 2771 3887 2853">
     <span class='ocr_line' id='line_1_60' title="bbox 2348 2771 3887 2853; baseline 0.005 -24"><span class='ocrx_word' id='word_1_425' title='bbox 2348 2777 2581 2830; x_wconf 87' lang='grc' dir='ltr'><strong>ϐυλῶνα.</strong></span> <span class='ocrx_word' id='word_1_426' title='bbox 2615 2771 2782 2843; x_wconf 77' lang='grc' dir='ltr'><strong>Οὗτος</strong></span> <span class='ocrx_word' id='word_1_427' title='bbox 2807 2779 3128 2849; x_wconf 82' lang='grc' dir='ltr'><strong>βασιλεύσας</strong></span> <span class='ocrx_word' id='word_1_428' title='bbox 3150 2780 3244 2853; x_wconf 77' lang='grc' dir='ltr'><strong>ἔτη</strong></span> <span class='ocrx_word' id='word_1_429' title='bbox 3274 2789 3339 2834; x_wconf 89' lang='grc' dir='ltr'><strong>ια’</strong></span> <span class='ocrx_word' id='word_1_430' title='bbox 3366 2782 3572 2852; x_wconf 80' lang='grc' dir='ltr'><strong>ἀπέστη</strong></span> <span class='ocrx_word' id='word_1_431' title='bbox 3601 2783 3699 2835; x_wconf 80' lang='grc' dir='ltr'><strong>ἀπ’</strong></span> <span class='ocrx_word' id='word_1_432' title='bbox 3723 2783 3887 2845; x_wconf 77' lang='grc' dir='ltr'><strong>αὑτοῦ,</strong></span> 
     </span>
    </p>
   </div>
   <div class='ocr_carea' id='block_1_61' title="bbox 2350 2868 3889 2943">
    <p class='ocr_par' dir='ltr' id='par_1_61' title="bbox 2350 2868 3889 2943">
     <span class='ocr_line' id='line_1_61' title="bbox 2350 2868 3889 2943; baseline 0.003 -21"><span class='ocrx_word' id='word_1_433' title='bbox 2350 2869 2443 2922; x_wconf 78' lang='grc' dir='ltr'><strong>καὶ</strong></span> <span class='ocrx_word' id='word_1_434' title='bbox 2467 2868 2663 2923; x_wconf 73' lang='grc' dir='ltr'><strong>ἔδωκεν</strong></span> <span class='ocrx_word' id='word_1_435' title='bbox 2693 2871 2881 2924; x_wconf 80' lang='grc' dir='ltr'><strong>ἑαυτὸν</strong></span> <span class='ocrx_word' id='word_1_436' title='bbox 2902 2871 3034 2943; x_wconf 81' lang='grc' dir='ltr'><strong>πρὸς</strong></span> <span class='ocrx_word' id='word_1_437' title='bbox 3053 2871 3249 2943; x_wconf 67' lang='grc' dir='ltr'><strong>Φαραὼ</strong></span> <span class='ocrx_word' id='word_1_438' title='bbox 3282 2872 3504 2942; x_wconf 88' lang='grc' dir='ltr'><strong>βασιλέα</strong></span> <span class='ocrx_word' id='word_1_439' title='bbox 3532 2873 3820 2941; x_wconf 79' lang='grc' dir='ltr'><strong>Δίγύπτου·</strong></span> <span class='ocrx_word' id='word_1_440' title='bbox 3841 2877 3889 2927; x_wconf 78' lang='grc' dir='ltr'><strong>ὲν</strong></span> 
     </span>
    </p>
   </div>
   <div class='ocr_carea' id='block_1_62' title="bbox 2347 2959 3888 3036">
    <p class='ocr_par' dir='ltr' id='par_1_62' title="bbox 2347 2959 3888 3036">
     <span class='ocr_line' id='line_1_62' title="bbox 2347 2959 3888 3036; baseline 0.003 -22"><span class='ocrx_word' id='word_1_441' title='bbox 2347 2959 2405 3014; x_wconf 69' lang='grc' dir='ltr'><strong>δὲ</strong></span> <span class='ocrx_word' id='word_1_442' title='bbox 2432 2960 2508 3031; x_wconf 81' lang='grc' dir='ltr'><strong>τῷ</strong></span> <span class='ocrx_word' id='word_1_443' title='bbox 2532 2962 2739 3033; x_wconf 81' lang='grc' dir='ltr'><strong>δεκάτῳ</strong></span> <span class='ocrx_word' id='word_1_444' title='bbox 2760 2963 2866 3017; x_wconf 77' lang='grc' dir='ltr'><strong>ἔτει</strong></span> <span class='ocrx_word' id='word_1_445' title='bbox 2907 2960 3067 3035; x_wconf 79' lang='grc' dir='ltr'><strong>ἦλθεν</strong></span> <span class='ocrx_word' id='word_1_446' title='bbox 3105 2965 3191 3017; x_wconf 73' lang='grc' dir='ltr'><strong>ἐπ’</strong></span> <span class='ocrx_word' id='word_1_447' title='bbox 3239 2965 3400 3018; x_wconf 78' lang='grc' dir='ltr'><strong>αὑτὸν</strong></span> <span class='ocrx_word' id='word_1_448' title='bbox 3444 2964 3888 3036; x_wconf 81' lang='grc' dir='ltr'><strong>Ναϐουχοδονόσορ</strong></span> 
     </span>
    </p>
   </div>
   <div class='ocr_carea' id='block_1_63' title="bbox 2348 3052 3885 3127">
    <p class='ocr_par' dir='ltr' id='par_1_63' title="bbox 2348 3052 3885 3127">
     <span class='ocr_line' id='line_1_63' title="bbox 2348 3052 3885 3127; baseline 0.003 -24"><span class='ocrx_word' id='word_1_449' title='bbox 2348 3052 2412 3104; x_wconf 78' lang='grc' dir='ltr'><strong>ἐκ</strong></span> <span class='ocrx_word' id='word_1_450' title='bbox 2440 3052 2541 3123; x_wconf 81' lang='grc' dir='ltr'><strong>γῆς</strong></span> <span class='ocrx_word' id='word_1_451' title='bbox 2564 3053 2865 3116; x_wconf 87' lang='grc' dir='ltr'><strong>Χαλδαίων,</strong></span> <span class='ocrx_word' id='word_1_452' title='bbox 2896 3055 2992 3108; x_wconf 76' lang='grc' dir='ltr'><strong>καὶ</strong></span> <span class='ocrx_word' id='word_1_453' title='bbox 3021 3055 3461 3127; x_wconf 79' lang='grc' dir='ltr'><strong>περιεχαράκωσε</strong></span> <span class='ocrx_word' id='word_1_454' title='bbox 3497 3056 3597 3127; x_wconf 82' lang='grc' dir='ltr'><strong>τὴν</strong></span> <span class='ocrx_word' id='word_1_455' title='bbox 3631 3056 3785 3109; x_wconf 81' lang='grc' dir='ltr'><strong>πόλιν</strong></span> <span class='ocrx_word' id='word_1_456' title='bbox 3810 3058 3885 3112; x_wconf 77' lang='grc' dir='ltr'><strong>καὶ</strong></span> 
     </span>
    </p>
   </div>
   <div class='ocr_carea' id='block_1_64' title="bbox 691 3141 2249 3219">
    <p class='ocr_par' dir='ltr' id='par_1_64' title="bbox 691 3144 2241 3219">
     <span class='ocr_line' id='line_1_64' title="bbox 691 3144 2241 3219; baseline -0.003 -18"><span class='ocrx_word' id='word_1_457' title='bbox 691 3163 796 3217; x_wconf 89' lang='lat' dir='ltr'><strong>gua</strong></span> <span class='ocrx_word' id='word_1_458' title='bbox 823 3162 1008 3219; x_wconf 80' lang='lat' dir='ltr'><strong>eorum</strong></span> <span class='ocrx_word' id='word_1_459' title='bbox 1036 3163 1163 3215; x_wconf 89' lang='lat' dir='ltr'><strong>pars</strong></span> <span class='ocrx_word' id='word_1_460' title='bbox 1198 3146 1342 3200; x_wconf 85' lang='lat' dir='ltr'><strong>fame</strong></span> <span class='ocrx_word' id='word_1_461' title='bbox 1366 3146 1686 3199; x_wconf 84' lang='lat' dir='ltr'><strong>interierunt</strong></span> <span class='ocrx_word' id='word_1_462' title='bbox 1717 3164 1730 3198; x_wconf 93' lang='lat'><strong>:</strong></span> <span class='ocrx_word' id='word_1_463' title='bbox 1755 3144 1845 3197; x_wconf 84' lang='lat' dir='ltr'><strong>alii</strong></span> <span class='ocrx_word' id='word_1_464' title='bbox 1882 3144 2060 3213; x_wconf 87' lang='lat' dir='ltr'><strong>gladio</strong></span> <span class='ocrx_word' id='word_1_465' title='bbox 2087 3144 2241 3211; x_wconf 61' lang='lat' dir='ltr'><strong>caesi;</strong></span> 
     </span>
    </p>
   </div>
   <div class='ocr_carea' id='block_1_65' title="bbox 2344 3141 3875 3219">
    <p class='ocr_par' dir='ltr' id='par_1_65' title="bbox 2350 3141 3875 3218">
     <span class='ocr_line' id='line_1_65' title="bbox 2350 3141 3875 3218; baseline 0.006 -26"><span class='ocrx_word' id='word_1_466' title='bbox 2350 3141 2725 3212; x_wconf 80' lang='grc' dir='ltr'><strong>περιεκάθισεν</strong></span> <span class='ocrx_word' id='word_1_467' title='bbox 2772 3143 2940 3213; x_wconf 79' lang='grc' dir='ltr'><strong>αὐτὴν</strong></span> <span class='ocrx_word' id='word_1_468' title='bbox 2985 3143 3293 3208; x_wconf 73' lang='grc' dir='ltr'><strong>κύκλωθεν,</strong></span> <span class='ocrx_word' id='word_1_469' title='bbox 3322 3146 3413 3215; x_wconf 78' lang='grc' dir='ltr'><strong>καὶ</strong></span> <span class='ocrx_word' id='word_1_470' title='bbox 3455 3142 3697 3217; x_wconf 82' lang='grc' dir='ltr'><strong>συνεῖχεν</strong></span> <span class='ocrx_word' id='word_1_471' title='bbox 3734 3148 3875 3218; x_wconf 71' lang='grc' dir='ltr'><strong>αὐτὴν</strong></span> 
     </span>
    </p>
   </div>
   <div class='ocr_carea' id='block_1_66' title="bbox 692 3234 2249 3305">
    <p class='ocr_par' dir='ltr' id='par_1_66' title="bbox 692 3234 2249 3305">
     <span class='ocr_line' id='line_1_66' title="bbox 692 3234 2249 3305; baseline 0.001 -17"><span class='ocrx_word' id='word_1_472' title='bbox 692 3236 939 3289; x_wconf 87' lang='lat' dir='ltr'><strong>nonnulli</strong></span> <span class='ocrx_word' id='word_1_473' title='bbox 976 3236 1115 3288; x_wconf 85' lang='lat' dir='ltr'><strong>inter</strong></span> <span class='ocrx_word' id='word_1_474' title='bbox 1146 3235 1318 3303; x_wconf 89' lang='lat' dir='ltr'><strong>spolia</strong></span> <span class='ocrx_word' id='word_1_475' title='bbox 1348 3249 1412 3287; x_wconf 91' lang='lat' dir='ltr'><strong>ac</strong></span> <span class='ocrx_word' id='word_1_476' title='bbox 1439 3234 1724 3287; x_wconf 82' lang='lat' dir='ltr'><strong>manubias</strong></span> <span class='ocrx_word' id='word_1_477' title='bbox 1759 3234 1939 3302; x_wconf 90' lang='lat' dir='ltr'><strong>capti;</strong></span> <span class='ocrx_word' id='word_1_478' title='bbox 1974 3235 2104 3289; x_wconf 90' lang='lat' dir='ltr'><strong>urbs</strong></span> <span class='ocrx_word' id='word_1_479' title='bbox 2127 3235 2249 3305; x_wconf 87' lang='lat' dir='ltr'><strong>igne</strong></span> 
     </span>
    </p>
   </div>
   <div class='ocr_carea' id='block_1_67' title="bbox 693 3321 2248 3391">
    <p class='ocr_par' dir='ltr' id='par_1_67' title="bbox 693 3321 2248 3391">
     <span class='ocr_line' id='line_1_67' title="bbox 693 3321 2248 3391; baseline 0.003 -17"><span class='ocrx_word' id='word_1_480' title='bbox 693 3336 986 3387; x_wconf 86' lang='lat' dir='ltr'><strong>succensa;</strong></span> <span class='ocrx_word' id='word_1_481' title='bbox 1020 3323 1276 3390; x_wconf 89' lang='lat' dir='ltr'><strong>templum</strong></span> <span class='ocrx_word' id='word_1_482' title='bbox 1311 3321 1559 3391; x_wconf 89' lang='lat' dir='ltr'><strong>murique</strong></span> <span class='ocrx_word' id='word_1_483' title='bbox 1590 3322 1871 3378; x_wconf 90' lang='lat' dir='ltr'><strong>destructi.</strong></span> <span class='ocrx_word' id='word_1_484' title='bbox 1904 3323 2103 3380; x_wconf 87' lang='lat' dir='ltr'><strong>Omnes</strong></span> <span class='ocrx_word' id='word_1_485' title='bbox 2128 3330 2248 3379; x_wconf 84' lang='lat' dir='ltr'><strong>the-</strong></span> 
     </span>
    </p>
   </div>
   <div class='ocr_carea' id='block_1_68' title="bbox 692 3413 2251 3470">
    <p class='ocr_par' dir='ltr' id='par_1_68' title="bbox 692 3413 2251 3470">
     <span class='ocr_line' id='line_1_68' title="bbox 692 3413 2251 3470; baseline 0.001 -3"><span class='ocrx_word' id='word_1_486' title='bbox 692 3429 886 3467; x_wconf 81' lang='lat' dir='ltr'><strong>sauros</strong></span> <span class='ocrx_word' id='word_1_487' title='bbox 922 3414 1170 3467; x_wconf 87' lang='lat' dir='ltr'><strong>inventos</strong></span> <span class='ocrx_word' id='word_1_488' title='bbox 1212 3414 1265 3466; x_wconf 91' lang='lat' dir='ltr'><strong>in</strong></span> <span class='ocrx_word' id='word_1_489' title='bbox 1298 3414 1460 3467; x_wconf 91' lang='lat' dir='ltr'><strong>domo</strong></span> <span class='ocrx_word' id='word_1_490' title='bbox 1496 3413 1708 3467; x_wconf 91' lang='lat' dir='ltr'><strong>Domini</strong></span> <span class='ocrx_word' id='word_1_491' title='bbox 1733 3414 1947 3470; x_wconf 85' lang='lat' dir='ltr'><strong>abstulit</strong></span> <span class='ocrx_word' id='word_1_492' title='bbox 1979 3416 2251 3469; x_wconf 90' lang='lat' dir='ltr'><strong>exercitus</strong></span> 
     </span>
    </p>
   </div>
   <div class='ocr_carea' id='block_1_69' title="bbox 690 3502 2250 3577">
    <p class='ocr_par' dir='ltr' id='par_1_69' title="bbox 690 3502 2250 3577">
     <span class='ocr_line' id='line_1_69' title="bbox 690 3502 2250 3577; baseline 0.002 -20"><span class='ocrx_word' id='word_1_493' title='bbox 690 3502 1087 3566; x_wconf 72' lang='lat' dir='ltr'><strong>Chaldzeorum,</strong></span> <span class='ocrx_word' id='word_1_494' title='bbox 1146 3512 1446 3575; x_wconf 84' lang='lat' dir='ltr'><strong>cunctaque</strong></span> <span class='ocrx_word' id='word_1_495' title='bbox 1500 3520 1627 3558; x_wconf 87' lang='lat' dir='ltr'><strong>vasa</strong></span> <span class='ocrx_word' id='word_1_496' title='bbox 1675 3520 1838 3560; x_wconf 88' lang='lat' dir='ltr'><strong>aurea</strong></span> <span class='ocrx_word' id='word_1_497' title='bbox 1872 3515 1925 3560; x_wconf 90' lang='lat' dir='ltr'><strong>et</strong></span> <span class='ocrx_word' id='word_1_498' title='bbox 1966 3518 2250 3577; x_wconf 84' lang='lat' dir='ltr'><strong>argentea;</strong></span> 
     </span>
    </p>
   </div>
   <div class='ocr_carea' id='block_1_70' title="bbox 575 3595 2249 3668">
    <p class='ocr_par' dir='ltr' id='par_1_70' title="bbox 575 3595 2249 3668">
     <span class='ocr_line' id='line_1_70' title="bbox 575 3595 2249 3668; baseline 0.004 -22"><span class='ocrx_word' id='word_1_499' title='bbox 575 3609 583 3615; x_wconf 59' lang='grc' dir='ltr'>ν</span> <span class='ocrx_word' id='word_1_500' title='bbox 690 3610 959 3665; x_wconf 90' lang='lat' dir='ltr'><strong>omneque</strong></span> <span class='ocrx_word' id='word_1_501' title='bbox 983 3611 1056 3650; x_wconf 69' lang='lat' dir='ltr'><strong>aes</strong></span> <span class='ocrx_word' id='word_1_502' title='bbox 1084 3597 1337 3651; x_wconf 84' lang='lat' dir='ltr'><strong>contrivit</strong></span> <span class='ocrx_word' id='word_1_503' title='bbox 1374 3595 1730 3651; x_wconf 83' lang='lat' dir='ltr'><strong>Nabuzardan</strong></span> <span class='ocrx_word' id='word_1_504' title='bbox 1772 3598 2019 3666; x_wconf 82' lang='lat' dir='ltr'><strong>princeps</strong></span> <span class='ocrx_word' id='word_1_505' title='bbox 2050 3614 2249 3668; x_wconf 90' lang='lat' dir='ltr'><strong>coquo-</strong></span> 
     </span>
    </p>
   </div>
   <div class='ocr_carea' id='block_1_71' title="bbox 693 3686 2247 3757">
    <p class='ocr_par' dir='ltr' id='par_1_71' title="bbox 693 3686 2247 3757">
     <span class='ocr_line' id='line_1_71' title="bbox 693 3686 2247 3757; baseline 0.004 -18"><span class='ocrx_word' id='word_1_506' title='bbox 693 3701 839 3752; x_wconf 89' lang='lat' dir='ltr'><strong>rum,</strong></span> <span class='ocrx_word' id='word_1_507' title='bbox 865 3696 917 3741; x_wconf 89' lang='lat' dir='ltr'><strong>et</strong></span> <span class='ocrx_word' id='word_1_508' title='bbox 944 3688 1066 3741; x_wconf 85' lang='lat' dir='ltr'><strong>tulit</strong></span> <span class='ocrx_word' id='word_1_509' title='bbox 1090 3703 1153 3742; x_wconf 87' lang='lat' dir='ltr'><strong>ea</strong></span> <span class='ocrx_word' id='word_1_510' title='bbox 1200 3689 1252 3741; x_wconf 92' lang='lat' dir='ltr'><strong>in</strong></span> <span class='ocrx_word' id='word_1_511' title='bbox 1284 3687 1628 3757; x_wconf 87' lang='lat' dir='ltr'><strong>Babylonem.</strong></span> <span class='ocrx_word' id='word_1_512' title='bbox 1686 3686 1863 3753; x_wconf 88' lang='lat' dir='ltr'><strong>Ipsum</strong></span> <span class='ocrx_word' id='word_1_513' title='bbox 1902 3704 2030 3741; x_wconf 81' lang='lat' dir='ltr'><strong>vero</strong></span> <span class='ocrx_word' id='word_1_514' title='bbox 2080 3688 2247 3744; x_wconf 85' lang='lat' dir='ltr'><strong>Sedo—</strong></span> 
     </span>
    </p>
   </div>
   <div class='ocr_carea' id='block_1_72' title="bbox 692 3777 2249 3850">
    <p class='ocr_par' dir='ltr' id='par_1_72' title="bbox 692 3777 2249 3850">
     <span class='ocr_line' id='line_1_72' title="bbox 692 3777 2249 3850; baseline 0.003 -21"><span class='ocrx_word' id='word_1_515' title='bbox 692 3777 832 3830; x_wconf 90' lang='lat' dir='ltr'><strong>ciam</strong></span> <span class='ocrx_word' id='word_1_516' title='bbox 871 3793 966 3845; x_wconf 92' lang='lat' dir='ltr'><strong>per</strong></span> <span class='ocrx_word' id='word_1_517' title='bbox 998 3778 1171 3832; x_wconf 89' lang='lat' dir='ltr'><strong>noctis</strong></span> <span class='ocrx_word' id='word_1_518' title='bbox 1215 3778 1426 3831; x_wconf 88' lang='lat' dir='ltr'><strong>silentia</strong></span> <span class='ocrx_word' id='word_1_519' title='bbox 1461 3777 1750 3846; x_wconf 82' lang='lat' dir='ltr'><strong>fugientem</strong></span> <span class='ocrx_word' id='word_1_520' title='bbox 1792 3794 1914 3831; x_wconf 90' lang='lat' dir='ltr'><strong>cum</strong></span> <span class='ocrx_word' id='word_1_521' title='bbox 1944 3778 2249 3850; x_wconf 86' lang='lat' dir='ltr'><strong>septingen-</strong></span> 
     </span>
    </p>
   </div>
   <div class='ocr_carea' id='block_1_73' title="bbox 692 3868 2248 3941">
    <p class='ocr_par' dir='ltr' id='par_1_73' title="bbox 692 3868 2248 3941">
     <span class='ocr_line' id='line_1_73' title="bbox 692 3868 2248 3941; baseline 0.006 -22"><span class='ocrx_word' id='word_1_522' title='bbox 692 3868 763 3920; x_wconf 91' lang='lat' dir='ltr'><strong>tis</strong></span> <span class='ocrx_word' id='word_1_523' title='bbox 806 3868 956 3932; x_wconf 87' lang='lat' dir='ltr'><strong>viris,</strong></span> <span class='ocrx_word' id='word_1_524' title='bbox 990 3877 1305 3934; x_wconf 90' lang='lat' dir='ltr'><strong>persecutus</strong></span> <span class='ocrx_word' id='word_1_525' title='bbox 1338 3870 1609 3922; x_wconf 86' lang='lat' dir='ltr'><strong>exercitus</strong></span> <span class='ocrx_word' id='word_1_526' title='bbox 1653 3868 2045 3931; x_wconf 60' lang='lat' dir='ltr'><strong>Chaldaeorum,</strong></span> <span class='ocrx_word' id='word_1_527' title='bbox 2088 3871 2248 3941; x_wconf 88' lang='lat' dir='ltr'><strong>inque</strong></span> 
     </span>
    </p>
   </div>
   <div class='ocr_carea' id='block_1_74' title="bbox 638 3956 2245 4033">
    <p class='ocr_par' dir='ltr' id='par_1_74' title="bbox 638 3956 2245 4033">
     <span class='ocr_line' id='line_1_74' title="bbox 638 3956 2245 4033; baseline 0.006 -23"><span class='ocrx_word' id='word_1_528' title='bbox 638 4020 641 4025; x_wconf 24' lang='grc' dir='ltr'><strong><em>γ</em></strong></span> <span class='ocrx_word' id='word_1_529' title='bbox 691 3956 910 4011; x_wconf 82' lang='lat' dir='ltr'><strong>Jericho</strong></span> <span class='ocrx_word' id='word_1_530' title='bbox 952 3973 1074 4011; x_wconf 85' lang='lat' dir='ltr'><strong>eum</strong></span> <span class='ocrx_word' id='word_1_531' title='bbox 1113 3966 1415 4021; x_wconf 88' lang='lat' dir='ltr'><strong>assecutus,</strong></span> <span class='ocrx_word' id='word_1_532' title='bbox 1461 3959 1683 4013; x_wconf 83' lang='lat' dir='ltr'><strong>adduxit</strong></span> <span class='ocrx_word' id='word_1_533' title='bbox 1709 3960 1775 4013; x_wconf 90' lang='lat' dir='ltr'><strong>ad</strong></span> <span class='ocrx_word' id='word_1_534' title='bbox 1805 3976 1981 4029; x_wconf 84' lang='lat' dir='ltr'><strong>regem</strong></span> <span class='ocrx_word' id='word_1_535' title='bbox 2018 3961 2245 4033; x_wconf 82' lang='lat' dir='ltr'><strong>Babylo—</strong></span> 
     </span>
    </p>
   </div>
   <div class='ocr_carea' id='block_1_75' title="bbox 694 4045 2246 4119">
    <p class='ocr_par' dir='ltr' id='par_1_75' title="bbox 694 4045 2246 4119">
     <span class='ocr_line' id='line_1_75' title="bbox 694 4045 2246 4119; baseline 0.005 -18"><span class='ocrx_word' id='word_1_536' title='bbox 694 4048 780 4101; x_wconf 87' lang='lat' dir='ltr'><strong>nis</strong></span> <span class='ocrx_word' id='word_1_537' title='bbox 804 4047 857 4099; x_wconf 90' lang='lat' dir='ltr'><strong>in</strong></span> <span class='ocrx_word' id='word_1_538' title='bbox 891 4045 1150 4101; x_wconf 82' lang='lat' dir='ltr'><strong>Reblatha</strong></span> <span class='ocrx_word' id='word_1_539' title='bbox 1196 4066 1208 4101; x_wconf 90' lang='lat'><strong>:</strong></span> <span class='ocrx_word' id='word_1_540' title='bbox 1259 4048 1601 4119; x_wconf 86' lang='lat' dir='ltr'><strong>qui,judicio</strong></span> <span class='ocrx_word' id='word_1_541' title='bbox 1623 4049 1690 4104; x_wconf 89' lang='lat' dir='ltr'><strong>de</strong></span> <span class='ocrx_word' id='word_1_542' title='bbox 1713 4051 1819 4119; x_wconf 68' lang='lat' dir='ltr'><strong>illo</strong></span> <span class='ocrx_word' id='word_1_543' title='bbox 1849 4052 1901 4104; x_wconf 92' lang='lat' dir='ltr'><strong>in</strong></span> <span class='ocrx_word' id='word_1_544' title='bbox 1934 4066 2013 4105; x_wconf 78' lang='lat' dir='ltr'><strong>ira</strong></span> <span class='ocrx_word' id='word_1_545' title='bbox 2047 4051 2246 4108; x_wconf 82' lang='lat' dir='ltr'><strong>furoris</strong></span> 
     </span>
    </p>
   </div>
   <div class='ocr_carea' id='block_1_76' title="bbox 692 4138 2247 4210">
    <p class='ocr_par' dir='ltr' id='par_1_76' title="bbox 692 4138 2247 4210">
     <span class='ocr_line' id='line_1_76' title="bbox 692 4138 2247 4210; baseline 0.003 -17"><span class='ocrx_word' id='word_1_546' title='bbox 692 4138 963 4203; x_wconf 81' lang='lat' dir='ltr'><strong>instituto,</strong></span> <span class='ocrx_word' id='word_1_547' title='bbox 1012 4138 1082 4192; x_wconf 89' lang='lat' dir='ltr'><strong>ob</strong></span> <span class='ocrx_word' id='word_1_548' title='bbox 1114 4139 1371 4193; x_wconf 83' lang='lat' dir='ltr'><strong>violatum</strong></span> <span class='ocrx_word' id='word_1_549' title='bbox 1410 4139 1623 4193; x_wconf 87' lang='lat' dir='ltr'><strong>Domini</strong></span> <span class='ocrx_word' id='word_1_550' title='bbox 1661 4140 2039 4210; x_wconf 86' lang='lat' dir='ltr'><strong>jusjurandum</strong></span> <span class='ocrx_word' id='word_1_551' title='bbox 2075 4154 2126 4197; x_wconf 91' lang='lat' dir='ltr'><strong>et</strong></span> <span class='ocrx_word' id='word_1_552' title='bbox 2150 4144 2247 4199; x_wconf 65' lang='lat' dir='ltr'><strong>fae-</strong></span> 
     </span>
    </p>
   </div>
   <div class='ocr_carea' id='block_1_77' title="bbox 692 4230 2242 4303">
    <p class='ocr_par' dir='ltr' id='par_1_77' title="bbox 692 4230 2242 4303">
     <span class='ocr_line' id='line_1_77' title="bbox 692 4230 2242 4303; baseline 0.005 -20"><span class='ocrx_word' id='word_1_553' title='bbox 692 4231 796 4283; x_wconf 89' lang='lat' dir='ltr'><strong>dus</strong></span> <span class='ocrx_word' id='word_1_554' title='bbox 868 4230 1014 4299; x_wconf 85' lang='lat' dir='ltr'><strong>quod</strong></span> <span class='ocrx_word' id='word_1_555' title='bbox 1064 4246 1188 4285; x_wconf 91' lang='lat' dir='ltr'><strong>cum</strong></span> <span class='ocrx_word' id='word_1_556' title='bbox 1226 4232 1319 4285; x_wconf 89' lang='lat' dir='ltr'><strong>illo</strong></span> <span class='ocrx_word' id='word_1_557' title='bbox 1356 4232 1624 4303; x_wconf 80' lang='lat' dir='ltr'><strong>pepigerat</strong></span> <span class='ocrx_word' id='word_1_558' title='bbox 1649 4272 1667 4297; x_wconf 93' lang='lat'><strong>,</strong></span> <span class='ocrx_word' id='word_1_559' title='bbox 1707 4234 1826 4303; x_wconf 87' lang='lat' dir='ltr'><strong>ejus</strong></span> <span class='ocrx_word' id='word_1_560' title='bbox 1878 4234 2018 4290; x_wconf 84' lang='lat' dir='ltr'><strong>ﬁlios</strong></span> <span class='ocrx_word' id='word_1_561' title='bbox 2059 4252 2242 4291; x_wconf 88' lang='lat' dir='ltr'><strong>coram</strong></span> 
     </span>
    </p>
   </div>
   <div class='ocr_carea' id='block_1_78' title="bbox 698 4321 2245 4397">
    <p class='ocr_par' dir='ltr' id='par_1_78' title="bbox 698 4321 2245 4397">
     <span class='ocr_line' id='line_1_78' title="bbox 698 4321 2245 4397; baseline 0.005 -23"><span class='ocrx_word' id='word_1_562' title='bbox 698 4322 819 4388; x_wconf 82' lang='lat' dir='ltr'><strong>ipso</strong></span> <span class='ocrx_word' id='word_1_563' title='bbox 848 4322 1133 4391; x_wconf 77' lang='lat' dir='ltr'><strong>iugulavit,</strong></span> <span class='ocrx_word' id='word_1_564' title='bbox 1165 4338 1228 4376; x_wconf 89' lang='lat' dir='ltr'><strong>ac</strong></span> <span class='ocrx_word' id='word_1_565' title='bbox 1258 4321 1491 4376; x_wconf 74' lang='lat' dir='ltr'><strong>Sedeciae</strong></span> <span class='ocrx_word' id='word_1_566' title='bbox 1532 4324 1719 4378; x_wconf 88' lang='lat' dir='ltr'><strong>oculos</strong></span> <span class='ocrx_word' id='word_1_567' title='bbox 1765 4326 2005 4390; x_wconf 71' lang='lat' dir='ltr'><strong>caecavit,</strong></span> <span class='ocrx_word' id='word_1_568' title='bbox 2035 4328 2245 4397; x_wconf 80' lang='lat' dir='ltr'><strong>ipsum-</strong></span> 
     </span>
    </p>
   </div>
   <div class='ocr_carea' id='block_1_79' title="bbox 692 4411 2240 4482">
    <p class='ocr_par' dir='ltr' id='par_1_79' title="bbox 692 4411 2240 4482">
     <span class='ocr_line' id='line_1_79' title="bbox 692 4411 2240 4482; baseline 0.004 -18"><span class='ocrx_word' id='word_1_569' title='bbox 692 4426 799 4480; x_wconf 90' lang='lat' dir='ltr'><strong>que</strong></span> <span class='ocrx_word' id='word_1_570' title='bbox 826 4411 999 4463; x_wconf 82' lang='lat' dir='ltr'><strong>I&#39;erreo</strong></span> <span class='ocrx_word' id='word_1_571' title='bbox 1026 4412 1196 4464; x_wconf 79' lang='lat' dir='ltr'><strong>vinxit</strong></span> <span class='ocrx_word' id='word_1_572' title='bbox 1218 4413 1474 4480; x_wconf 85' lang='lat' dir='ltr'><strong>pondere,</strong></span> <span class='ocrx_word' id='word_1_573' title='bbox 1504 4427 1566 4466; x_wconf 90' lang='lat' dir='ltr'><strong>ac</strong></span> <span class='ocrx_word' id='word_1_574' title='bbox 1596 4412 1919 4482; x_wconf 90' lang='lat' dir='ltr'><strong>Babylonem</strong></span> <span class='ocrx_word' id='word_1_575' title='bbox 1951 4416 2123 4479; x_wconf 86' lang='lat' dir='ltr'><strong>duxit,</strong></span> <span class='ocrx_word' id='word_1_576' title='bbox 2153 4417 2240 4471; x_wconf 86' lang='lat' dir='ltr'><strong>ubi</strong></span> 
     </span>
    </p>
   </div>
   <div class='ocr_carea' id='block_1_80' title="bbox 2350 3230 3883 3309">
    <p class='ocr_par' dir='ltr' id='par_1_80' title="bbox 2350 3230 3883 3309">
     <span class='ocr_line' id='line_1_80' title="bbox 2350 3230 3883 3309; baseline 0.007 -27"><span class='ocrx_word' id='word_1_577' title='bbox 2350 3230 2629 3283; x_wconf 83' lang='grc' dir='ltr'><strong>πάντοθεν.</strong></span> <span class='ocrx_word' id='word_1_578' title='bbox 2658 3231 2816 3286; x_wconf 85' lang='grc' dir='ltr'><strong>Ὅθεν</strong></span> <span class='ocrx_word' id='word_1_579' title='bbox 2840 3235 2891 3286; x_wconf 83' lang='lat' dir='ltr'><strong>oi</strong></span> <span class='ocrx_word' id='word_1_580' title='bbox 2912 3232 3151 3297; x_wconf 86' lang='grc' dir='ltr'><strong>πλείονες</strong></span> <span class='ocrx_word' id='word_1_581' title='bbox 3171 3235 3348 3289; x_wconf 81' lang='grc' dir='ltr'><strong>αὐτῶν</strong></span> <span class='ocrx_word' id='word_1_582' title='bbox 3369 3238 3425 3289; x_wconf 81' lang='grc' dir='ltr'><strong>ἐν</strong></span> <span class='ocrx_word' id='word_1_583' title='bbox 3452 3236 3593 3309; x_wconf 82' lang='grc' dir='ltr'><strong>λιμῷ</strong></span> <span class='ocrx_word' id='word_1_584' title='bbox 3615 3238 3883 3309; x_wconf 68' lang='grc' dir='ltr'><strong>διεφθάρη·</strong></span> 
     </span>
    </p>
   </div>
   <div class='ocr_carea' id='block_1_81' title="bbox 2350 3322 3885 3396">
    <p class='ocr_par' dir='ltr' id='par_1_81' title="bbox 2350 3322 3885 3396">
     <span class='ocr_line' id='line_1_81' title="bbox 2350 3322 3885 3396; baseline 0.008 -23"><span class='ocrx_word' id='word_1_585' title='bbox 2350 3338 2465 3374; x_wconf 80' lang='grc' dir='ltr'><strong>σαν·</strong></span> <span class='ocrx_word' id='word_1_586' title='bbox 2499 3322 2546 3375; x_wconf 85' lang='grc' dir='ltr'><strong>οί</strong></span> <span class='ocrx_word' id='word_1_587' title='bbox 2565 3322 2639 3375; x_wconf 85' lang='grc' dir='ltr'><strong>-δὲ</strong></span> <span class='ocrx_word' id='word_1_588' title='bbox 2669 3324 2726 3375; x_wconf 81' lang='grc' dir='ltr'><strong>ὲν</strong></span> <span class='ocrx_word' id='word_1_589' title='bbox 2758 3325 2999 3396; x_wconf 73' lang='grc' dir='ltr'><strong>ῥομφαίᾳ</strong></span> <span class='ocrx_word' id='word_1_590' title='bbox 3024 3326 3317 3381; x_wconf 86' lang='grc' dir='ltr'><strong>ἀπώλοντο·</strong></span> <span class='ocrx_word' id='word_1_591' title='bbox 3349 3330 3491 3394; x_wconf 84' lang='grc' dir='ltr'><strong>τινὲς</strong></span> <span class='ocrx_word' id='word_1_592' title='bbox 3516 3330 3574 3383; x_wconf 82' lang='grc' dir='ltr'><strong>δὲ</strong></span> <span class='ocrx_word' id='word_1_593' title='bbox 3600 3332 3781 3384; x_wconf 83' lang='grc' dir='ltr'><strong>αὐτῶν</strong></span> <span class='ocrx_word' id='word_1_594' title='bbox 3816 3333 3885 3384; x_wconf 74' lang='lat' dir='ltr'><strong>ai-</strong></span> 
     </span>
    </p>
   </div>
   <div class='ocr_carea' id='block_1_82' title="bbox 2349 3412 3882 3491">
    <p class='ocr_par' dir='ltr' id='par_1_82' title="bbox 2349 3412 3882 3491">
     <span class='ocr_line' id='line_1_82' title="bbox 2349 3412 3882 3491; baseline 0.005 -26"><span class='ocrx_word' id='word_1_595' title='bbox 2349 3412 2618 3481; x_wconf 87' lang='grc' dir='ltr'><strong>χμάλωτοι</strong></span> <span class='ocrx_word' id='word_1_596' title='bbox 2665 3413 2993 3486; x_wconf 77' lang='grc' dir='ltr'><strong>ἐλήφθησαν,</strong></span> <span class='ocrx_word' id='word_1_597' title='bbox 3015 3418 3047 3487; x_wconf 83' lang='grc' dir='ltr'><strong>ἡ</strong></span> <span class='ocrx_word' id='word_1_598' title='bbox 3071 3416 3126 3469; x_wconf 77' lang='grc' dir='ltr'><strong>δὲ</strong></span> <span class='ocrx_word' id='word_1_599' title='bbox 3152 3418 3301 3481; x_wconf 85' lang='grc' dir='ltr'><strong>πόλις</strong></span> <span class='ocrx_word' id='word_1_600' title='bbox 3326 3420 3649 3491; x_wconf 77' lang='grc' dir='ltr'><strong>ὲνεπυρίσθη</strong></span> <span class='ocrx_word' id='word_1_601' title='bbox 3673 3425 3730 3475; x_wconf 79' lang='grc' dir='ltr'><strong>ὲν</strong></span> <span class='ocrx_word' id='word_1_602' title='bbox 3755 3422 3882 3491; x_wconf 80' lang='grc' dir='ltr'><strong>πυρί·</strong></span> 
     </span>
    </p>
   </div>
   <div class='ocr_carea' id='block_1_83' title="bbox 2348 3502 3885 3581">
    <p class='ocr_par' dir='ltr' id='par_1_83' title="bbox 2348 3502 3885 3581">
     <span class='ocr_line' id='line_1_83' title="bbox 2348 3502 3885 3581; baseline 0.007 -28"><span class='ocrx_word' id='word_1_603' title='bbox 2348 3502 2442 3554; x_wconf 74' lang='grc' dir='ltr'><strong>καὶ</strong></span> <span class='ocrx_word' id='word_1_604' title='bbox 2469 3503 2497 3554; x_wconf 83' lang='grc' dir='ltr'>ὁ</span> <span class='ocrx_word' id='word_1_605' title='bbox 2518 3504 2641 3567; x_wconf 84' lang='grc' dir='ltr'><strong>ναὸς</strong></span> <span class='ocrx_word' id='word_1_606' title='bbox 2662 3506 2753 3558; x_wconf 75' lang='grc' dir='ltr'><strong>καὶ</strong></span> <span class='ocrx_word' id='word_1_607' title='bbox 2793 3506 2853 3561; x_wconf 86' lang='grc' dir='ltr'><strong>τὸ</strong></span> <span class='ocrx_word' id='word_1_608' title='bbox 2884 3509 3057 3577; x_wconf 84' lang='grc' dir='ltr'><strong>τεῖχος</strong></span> <span class='ocrx_word' id='word_1_609' title='bbox 3083 3507 3377 3581; x_wconf 79' lang='grc' dir='ltr'><strong>καθῃρέθη.</strong></span> <span class='ocrx_word' id='word_1_610' title='bbox 3407 3512 3514 3564; x_wconf 81' lang='grc' dir='ltr'><strong>Καὶ</strong></span> <span class='ocrx_word' id='word_1_611' title='bbox 3549 3512 3757 3574; x_wconf 78' lang='grc' dir='ltr'><strong>πάντας</strong></span> <span class='ocrx_word' id='word_1_612' title='bbox 3779 3513 3885 3575; x_wconf 84' lang='grc' dir='ltr'><strong>τοὺς</strong></span> 
     </span>
    </p>
   </div>
   <div class='ocr_carea' id='block_1_84' title="bbox 2349 3589 3886 3670">
    <p class='ocr_par' dir='ltr' id='par_1_84' title="bbox 2349 3589 3886 3670">
     <span class='ocr_line' id='line_1_84' title="bbox 2349 3589 3886 3670; baseline 0.005 -29"><span class='ocrx_word' id='word_1_613' title='bbox 2349 3589 2651 3663; x_wconf 76' lang='grc' dir='ltr'><strong>θησαυροὺς</strong></span> <span class='ocrx_word' id='word_1_614' title='bbox 2670 3594 2793 3657; x_wconf 81' lang='grc' dir='ltr'><strong>τοὺς</strong></span> <span class='ocrx_word' id='word_1_615' title='bbox 2820 3595 3137 3666; x_wconf 80' lang='grc' dir='ltr'><strong>εὑρεθέντας</strong></span> <span class='ocrx_word' id='word_1_616' title='bbox 3189 3599 3246 3649; x_wconf 79' lang='grc' dir='ltr'><strong>ὲν</strong></span> <span class='ocrx_word' id='word_1_617' title='bbox 3275 3598 3405 3667; x_wconf 87' lang='grc' dir='ltr'><strong>οῐκῳ</strong></span> <span class='ocrx_word' id='word_1_618' title='bbox 3448 3598 3676 3670; x_wconf 85' lang='grc' dir='ltr'><strong>Κυρίου,</strong></span> <span class='ocrx_word' id='word_1_619' title='bbox 3722 3597 3886 3650; x_wconf 76' lang='grc' dir='ltr'><strong>ἔλαϐεν</strong></span> 
     </span>
    </p>
   </div>
   <div class='ocr_carea' id='block_1_85' title="bbox 2349 3686 3885 3762">
    <p class='ocr_par' dir='ltr' id='par_1_85' title="bbox 2349 3686 3885 3762">
     <span class='ocr_line' id='line_1_85' title="bbox 2349 3686 3885 3762; baseline 0.001 -22"><span class='ocrx_word' id='word_1_620' title='bbox 2349 3689 2381 3758; x_wconf 82' lang='grc' dir='ltr'>ὴ</span> <span class='ocrx_word' id='word_1_621' title='bbox 2410 3687 2635 3756; x_wconf 77' lang='grc' dir='ltr'><strong>δύναμις</strong></span> <span class='ocrx_word' id='word_1_622' title='bbox 2651 3686 2757 3740; x_wconf 84' lang='grc' dir='ltr'><strong>τῶν</strong></span> <span class='ocrx_word' id='word_1_623' title='bbox 2784 3687 3083 3751; x_wconf 88' lang='grc' dir='ltr'><strong>Χαλδαίων,</strong></span> <span class='ocrx_word' id='word_1_624' title='bbox 3108 3688 3203 3742; x_wconf 78' lang='grc' dir='ltr'><strong>καὶ</strong></span> <span class='ocrx_word' id='word_1_625' title='bbox 3229 3691 3409 3742; x_wconf 86' lang='grc' dir='ltr'><strong>πάντα</strong></span> <span class='ocrx_word' id='word_1_626' title='bbox 3437 3689 3505 3743; x_wconf 89' lang='grc' dir='ltr'><strong>τά</strong></span> <span class='ocrx_word' id='word_1_627' title='bbox 3537 3692 3727 3762; x_wconf 85' lang='grc' dir='ltr'><strong>σκεύη,</strong></span> <span class='ocrx_word' id='word_1_628' title='bbox 3748 3692 3811 3744; x_wconf 85' lang='grc' dir='ltr'><strong>τά</strong></span> <span class='ocrx_word' id='word_1_629' title='bbox 3836 3707 3885 3742; x_wconf 79' lang='grc' dir='ltr'><strong>τε</strong></span> 
     </span>
    </p>
   </div>
   <div class='ocr_carea' id='block_1_86' title="bbox 2349 3777 3885 3850">
    <p class='ocr_par' dir='ltr' id='par_1_86' title="bbox 2349 3777 3885 3850">
     <span class='ocr_line' id='line_1_86' title="bbox 2349 3777 3885 3850; baseline 0.004 -21"><span class='ocrx_word' id='word_1_630' title='bbox 2349 3779 2523 3849; x_wconf 80' lang='grc' dir='ltr'><strong>χρυσᾶ</strong></span> <span class='ocrx_word' id='word_1_631' title='bbox 2557 3777 2648 3829; x_wconf 75' lang='grc' dir='ltr'><strong>καὶ</strong></span> <span class='ocrx_word' id='word_1_632' title='bbox 2671 3778 2901 3849; x_wconf 81' lang='grc' dir='ltr'><strong>ἀργυρᾶ·</strong></span> <span class='ocrx_word' id='word_1_633' title='bbox 2924 3780 3017 3831; x_wconf 77' lang='grc' dir='ltr'><strong>καὶ</strong></span> <span class='ocrx_word' id='word_1_634' title='bbox 3049 3778 3222 3832; x_wconf 81' lang='grc' dir='ltr'><strong>πάντα</strong></span> <span class='ocrx_word' id='word_1_635' title='bbox 3253 3780 3449 3850; x_wconf 80' lang='grc' dir='ltr'><strong>χαλκὸν</strong></span> <span class='ocrx_word' id='word_1_636' title='bbox 3486 3781 3741 3850; x_wconf 66' lang='grc' dir='ltr'><strong>ἐξέκοψεν</strong></span> <span class='ocrx_word' id='word_1_637' title='bbox 3786 3781 3885 3834; x_wconf 82' lang='grc' dir='ltr'><strong>Να-</strong></span> 
     </span>
    </p>
   </div>
   <div class='ocr_carea' id='block_1_87' title="bbox 2350 3852 3889 3941">
    <p class='ocr_par' dir='ltr' id='par_1_87' title="bbox 2350 3852 3889 3941">
     <span class='ocr_line' id='line_1_87' title="bbox 2350 3852 3889 3941; baseline 0.005 -24"><span class='ocrx_word' id='word_1_638' title='bbox 2350 3865 2645 3936; x_wconf 75' lang='grc' dir='ltr'><strong>ϐουζαρδὰν</strong></span> <span class='ocrx_word' id='word_1_639' title='bbox 2671 3869 2698 3920; x_wconf 86' lang='grc' dir='ltr'>ὁ</span> <span class='ocrx_word' id='word_1_640' title='bbox 2722 3867 3130 3940; x_wconf 82' lang='grc' dir='ltr'><strong>ἀρχιμάγειρος,</strong></span> <span class='ocrx_word' id='word_1_641' title='bbox 3155 3872 3247 3924; x_wconf 83' lang='grc' dir='ltr'><strong>καὶ</strong></span> <span class='ocrx_word' id='word_1_642' title='bbox 3269 3871 3464 3941; x_wconf 75' lang='grc' dir='ltr'><strong>ἡνεγκε</strong></span> <span class='ocrx_word' id='word_1_643' title='bbox 3501 3852 3643 3924; x_wconf 79' lang='grc' dir='ltr'><strong>αύτά</strong></span> <span class='ocrx_word' id='word_1_644' title='bbox 3670 3873 3751 3935; x_wconf 86' lang='grc' dir='ltr'><strong>είς</strong></span> <span class='ocrx_word' id='word_1_645' title='bbox 3796 3873 3889 3925; x_wconf 83' lang='grc' dir='ltr'><strong>Βα-</strong></span> 
     </span>
    </p>
   </div>
   <div class='ocr_carea' id='block_1_88' title="bbox 2352 3953 3892 4029">
    <p class='ocr_par' dir='ltr' id='par_1_88' title="bbox 2352 3953 3892 4029">
     <span class='ocr_line' id='line_1_88' title="bbox 2352 3953 3892 4029; baseline 0.007 -25"><span class='ocrx_word' id='word_1_646' title='bbox 2352 3953 2578 4007; x_wconf 78' lang='grc' dir='ltr'><strong>ϐυλῶνα.</strong></span> <span class='ocrx_word' id='word_1_647' title='bbox 2608 3957 2775 4009; x_wconf 80' lang='grc' dir='ltr'><strong>Αὐτὸν</strong></span> <span class='ocrx_word' id='word_1_648' title='bbox 2811 3958 2867 4010; x_wconf 85' lang='grc' dir='ltr'><strong>δὲ</strong></span> <span class='ocrx_word' id='word_1_649' title='bbox 2891 3957 2980 4010; x_wconf 75' lang='grc' dir='ltr'><strong>τὸν</strong></span> <span class='ocrx_word' id='word_1_650' title='bbox 3018 3960 3269 4013; x_wconf 85' lang='grc' dir='ltr'><strong>Σεδεκίαν</strong></span> <span class='ocrx_word' id='word_1_651' title='bbox 3300 3959 3387 4013; x_wconf 88' lang='grc' dir='ltr'><strong>διὰ</strong></span> <span class='ocrx_word' id='word_1_652' title='bbox 3418 3959 3606 4022; x_wconf 76' lang='grc' dir='ltr'><strong>νυκτὸς</strong></span> <span class='ocrx_word' id='word_1_653' title='bbox 3637 3961 3892 4029; x_wconf 80' lang='grc' dir='ltr'><strong>φεύγοντα</strong></span> 
     </span>
    </p>
   </div>
   <div class='ocr_carea' id='block_1_89' title="bbox 2353 4045 3884 4121">
    <p class='ocr_par' dir='ltr' id='par_1_89' title="bbox 2353 4045 3884 4121">
     <span class='ocr_line' id='line_1_89' title="bbox 2353 4045 3884 4121; baseline 0.005 -25"><span class='ocrx_word' id='word_1_654' title='bbox 2353 4045 2487 4115; x_wconf 85' lang='grc' dir='ltr'><strong>μετά</strong></span> <span class='ocrx_word' id='word_1_655' title='bbox 2519 4045 2726 4116; x_wconf 84' lang='grc' dir='ltr'><strong>ἀνδρῶν</strong></span> <span class='ocrx_word' id='word_1_656' title='bbox 2761 4048 3112 4113; x_wconf 83' lang='grc' dir='ltr'><strong>ἑπτακοσίων,</strong></span> <span class='ocrx_word' id='word_1_657' title='bbox 3138 4048 3451 4114; x_wconf 80' lang='grc' dir='ltr'><strong>κατεδίωξεν</strong></span> <span class='ocrx_word' id='word_1_658' title='bbox 3482 4051 3514 4120; x_wconf 84' lang='grc' dir='ltr'>ἡ</span> <span class='ocrx_word' id='word_1_659' title='bbox 3540 4049 3766 4121; x_wconf 89' lang='grc' dir='ltr'><strong>δύναμις</strong></span> <span class='ocrx_word' id='word_1_660' title='bbox 3789 4051 3884 4105; x_wconf 80' lang='grc' dir='ltr'><strong>τῶν</strong></span> 
     </span>
    </p>
   </div>
   <div class='ocr_carea' id='block_1_90' title="bbox 2348 4137 3873 4213">
    <p class='ocr_par' dir='ltr' id='par_1_90' title="bbox 2348 4137 3873 4213">
     <span class='ocr_line' id='line_1_90' title="bbox 2348 4137 3873 4213; baseline 0.004 -24"><span class='ocrx_word' id='word_1_661' title='bbox 2348 4137 2645 4201; x_wconf 84' lang='grc' dir='ltr'><strong>Χαλδαίων,</strong></span> <span class='ocrx_word' id='word_1_662' title='bbox 2672 4140 2773 4193; x_wconf 71' lang='grc' dir='ltr'><strong>’καὶ</strong></span> <span class='ocrx_word' id='word_1_663' title='bbox 2802 4137 3093 4195; x_wconf 84' lang='grc' dir='ltr'><strong>κατέλαϐον</strong></span> <span class='ocrx_word' id='word_1_664' title='bbox 3117 4141 3275 4193; x_wconf 83' lang='grc' dir='ltr'><strong>αὐτὸν</strong></span> <span class='ocrx_word' id='word_1_665' title='bbox 3312 4141 3370 4191; x_wconf 83' lang='grc' dir='ltr'><strong>ὲν</strong></span> <span class='ocrx_word' id='word_1_666' title='bbox 3408 4141 3632 4211; x_wconf 81' lang='grc' dir='ltr'><strong>’ῐεριχὼ,</strong></span> <span class='ocrx_word' id='word_1_667' title='bbox 3660 4142 3751 4196; x_wconf 74' lang='grc' dir='ltr'><strong>καὶ</strong></span> <span class='ocrx_word' id='word_1_668' title='bbox 3776 4144 3873 4213; x_wconf 70' lang='grc' dir='ltr'><strong>ἦτα</strong></span> 
     </span>
    </p>
   </div>
   <div class='ocr_carea' id='block_1_91' title="bbox 2347 4227 3887 4300">
    <p class='ocr_par' dir='ltr' id='par_1_91' title="bbox 2347 4227 3887 4300">
     <span class='ocr_line' id='line_1_91' title="bbox 2347 4227 3887 4300; baseline 0.002 -20"><span class='ocrx_word' id='word_1_669' title='bbox 2347 4238 2440 4295; x_wconf 81' lang='grc' dir='ltr'><strong>γον</strong></span> <span class='ocrx_word' id='word_1_670' title='bbox 2496 4227 2656 4280; x_wconf 82' lang='grc' dir='ltr'><strong>αὐτὸν</strong></span> <span class='ocrx_word' id='word_1_671' title='bbox 2700 4229 2832 4300; x_wconf 79' lang='grc' dir='ltr'><strong>πρὸς</strong></span> <span class='ocrx_word' id='word_1_672' title='bbox 2882 4229 3100 4299; x_wconf 81' lang='grc' dir='ltr'><strong>βασιλέα</strong></span> <span class='ocrx_word' id='word_1_673' title='bbox 3149 4228 3457 4290; x_wconf 84' lang='grc' dir='ltr'><strong>Βαϐυλῶνος</strong></span> <span class='ocrx_word' id='word_1_674' title='bbox 3497 4231 3575 4292; x_wconf 82' lang='grc' dir='ltr'><strong>είς</strong></span> <span class='ocrx_word' id='word_1_675' title='bbox 3618 4229 3887 4283; x_wconf 77' lang='grc' dir='ltr'><strong>Ῥεϐλαθά.</strong></span> 
     </span>
    </p>
   </div>
   <div class='ocr_carea' id='block_1_92' title="bbox 2349 4319 3889 4392">
    <p class='ocr_par' dir='ltr' id='par_1_92' title="bbox 2349 4319 3889 4392">
     <span class='ocr_line' id='line_1_92' title="bbox 2349 4319 3889 4392; baseline -0.002 -20"><span class='ocrx_word' id='word_1_676' title='bbox 2349 4319 2458 4372; x_wconf 78' lang='grc' dir='ltr'><strong>Καὶ</strong></span> <span class='ocrx_word' id='word_1_677' title='bbox 2489 4319 2679 4389; x_wconf 75' lang='grc' dir='ltr'><strong>ἐκρίθη</strong></span> <span class='ocrx_word' id='word_1_678' title='bbox 2706 4321 2819 4391; x_wconf 84' lang='grc' dir='ltr'><strong>μετ’</strong></span> <span class='ocrx_word' id='word_1_679' title='bbox 2848 4321 3011 4375; x_wconf 82' lang='grc' dir='ltr'><strong>αὐτοῦ</strong></span> <span class='ocrx_word' id='word_1_680' title='bbox 3049 4325 3076 4375; x_wconf 84' lang='grc' dir='ltr'><strong>ὁ</strong></span> <span class='ocrx_word' id='word_1_681' title='bbox 3112 4321 3360 4392; x_wconf 78' lang='grc' dir='ltr'><strong>βασιλεὺς</strong></span> <span class='ocrx_word' id='word_1_682' title='bbox 3402 4322 3458 4373; x_wconf 83' lang='grc' dir='ltr'><strong>ὲν</strong></span> <span class='ocrx_word' id='word_1_683' title='bbox 3500 4321 3674 4392; x_wconf 80' lang='grc' dir='ltr'><strong>θυμῷ,</strong></span> <span class='ocrx_word' id='word_1_684' title='bbox 3722 4325 3778 4375; x_wconf 80' lang='grc' dir='ltr'><strong>ὲν</strong></span> <span class='ocrx_word' id='word_1_685' title='bbox 3821 4321 3889 4390; x_wconf 83' lang='grc' dir='ltr'><strong>τῷ</strong></span> 
     </span>
    </p>
   </div>
   <div class='ocr_carea' id='block_1_93' title="bbox 2347 4410 3889 4483">
    <p class='ocr_par' dir='ltr' id='par_1_93' title="bbox 2347 4410 3889 4483">
     <span class='ocr_line' id='line_1_93' title="bbox 2347 4410 3889 4483; baseline 0 -21"><span class='ocrx_word' id='word_1_686' title='bbox 2347 4410 2782 4481; x_wconf 78' lang='grc' dir='ltr'><strong>παραϐεϐηκέναι</strong></span> <span class='ocrx_word' id='word_1_687' title='bbox 2806 4413 2965 4466; x_wconf 80' lang='grc' dir='ltr'><strong>αὐτὸν</strong></span> <span class='ocrx_word' id='word_1_688' title='bbox 2988 4415 3077 4465; x_wconf 79' lang='grc' dir='ltr'><strong>τὸν</strong></span> <span class='ocrx_word' id='word_1_689' title='bbox 3100 4414 3257 4481; x_wconf 85' lang='grc' dir='ltr'><strong>ὅρκον</strong></span> <span class='ocrx_word' id='word_1_690' title='bbox 3291 4410 3515 4483; x_wconf 86' lang='grc' dir='ltr'><strong>Κυρίου,</strong></span> <span class='ocrx_word' id='word_1_691' title='bbox 3543 4412 3637 4465; x_wconf 72' lang='grc' dir='ltr'><strong>καὶ</strong></span> <span class='ocrx_word' id='word_1_692' title='bbox 3665 4412 3761 4481; x_wconf 79' lang='grc' dir='ltr'><strong>τὴν</strong></span> <span class='ocrx_word' id='word_1_693' title='bbox 3789 4410 3889 4462; x_wconf 84' lang='grc' dir='ltr'><strong>δια-</strong></span> 
     </span>
    </p>
   </div>
   <div class='ocr_carea' id='block_1_94' title="bbox 694 4499 2249 4575">
    <p class='ocr_par' dir='ltr' id='par_1_94' title="bbox 694 4499 2247 4559">
     <span class='ocr_line' id='line_1_94' title="bbox 694 4499 2247 4559; baseline 0.005 -6"><span class='ocrx_word' id='word_1_694' title='bbox 694 4508 811 4554; x_wconf 89' lang='lat' dir='ltr'><strong>erat</strong></span> <span class='ocrx_word' id='word_1_695' title='bbox 837 4499 1041 4551; x_wconf 88' lang='lat' dir='ltr'><strong>molens</strong></span> <span class='ocrx_word' id='word_1_696' title='bbox 1074 4500 1123 4551; x_wconf 86' lang='lat' dir='ltr'><strong>in</strong></span> <span class='ocrx_word' id='word_1_697' title='bbox 1161 4501 1467 4553; x_wconf 89' lang='lat' dir='ltr'><strong>molendino</strong></span> <span class='ocrx_word' id='word_1_698' title='bbox 1498 4501 1669 4553; x_wconf 84' lang='lat' dir='ltr'><strong>donec</strong></span> <span class='ocrx_word' id='word_1_699' title='bbox 1707 4503 1845 4554; x_wconf 85' lang='lat' dir='ltr'><strong>diem</strong></span> <span class='ocrx_word' id='word_1_700' title='bbox 1869 4504 2020 4556; x_wconf 88' lang='lat' dir='ltr'><strong>obiit.</strong></span> <span class='ocrx_word' id='word_1_701' title='bbox 2048 4504 2247 4559; x_wconf 73' lang='lat' dir='ltr'><strong>Defun~</strong></span> 
     </span>
    </p>
   </div>
   <div class='ocr_carea' id='block_1_95' title="bbox 2344 4499 3887 4575">
    <p class='ocr_par' dir='ltr' id='par_1_95' title="bbox 2348 4501 3887 4575">
     <span class='ocr_line' id='line_1_95' title="bbox 2348 4501 3887 4575; baseline -0.002 -20"><span class='ocrx_word' id='word_1_702' title='bbox 2348 4503 2522 4573; x_wconf 88' lang='grc' dir='ltr'><strong>θήκην</strong></span> <span class='ocrx_word' id='word_1_703' title='bbox 2550 4504 2615 4573; x_wconf 75' lang='grc' dir='ltr'><strong>ἢν</strong></span> <span class='ocrx_word' id='word_1_704' title='bbox 2646 4504 2847 4558; x_wconf 80' lang='grc' dir='ltr'><strong>διέθετο</strong></span> <span class='ocrx_word' id='word_1_705' title='bbox 2880 4503 3218 4575; x_wconf 73' lang='grc' dir='ltr'><strong>πρδςαὺτὸν,</strong></span> <span class='ocrx_word' id='word_1_706' title='bbox 3254 4503 3346 4556; x_wconf 70' lang='grc' dir='ltr'><strong>καὶ</strong></span> <span class='ocrx_word' id='word_1_707' title='bbox 3372 4505 3503 4567; x_wconf 75' lang='grc' dir='ltr'><strong>ποὺς</strong></span> <span class='ocrx_word' id='word_1_708' title='bbox 3541 4503 3691 4566; x_wconf 80' lang='grc' dir='ltr'><strong>υἱοὺς</strong></span> <span class='ocrx_word' id='word_1_709' title='bbox 3740 4501 3887 4554; x_wconf 81' lang='grc' dir='ltr'><strong>αὑτοῦ</strong></span> 
     </span>
    </p>
   </div>
   <div class='ocr_carea' id='block_1_96' title="bbox 694 4590 2245 4659">
    <p class='ocr_par' dir='ltr' id='par_1_96' title="bbox 694 4590 2245 4659">
     <span class='ocr_line' id='line_1_96' title="bbox 694 4590 2245 4659; baseline 0.003 -16"><span class='ocrx_word' id='word_1_710' title='bbox 694 4590 875 4657; x_wconf 85' lang='lat' dir='ltr'><strong>ctique</strong></span> <span class='ocrx_word' id='word_1_711' title='bbox 904 4597 1173 4655; x_wconf 89' lang='lat' dir='ltr'><strong>arreptum</strong></span> <span class='ocrx_word' id='word_1_712' title='bbox 1212 4590 1439 4641; x_wconf 87' lang='lat' dir='ltr'><strong>cadaver</strong></span> <span class='ocrx_word' id='word_1_713' title='bbox 1478 4598 1622 4641; x_wconf 87' lang='lat' dir='ltr'><strong>retro</strong></span> <span class='ocrx_word' id='word_1_714' title='bbox 1662 4604 1845 4643; x_wconf 87' lang='lat' dir='ltr'><strong>muros</strong></span> <span class='ocrx_word' id='word_1_715' title='bbox 1881 4593 2245 4659; x_wconf 87' lang='lat' dir='ltr'><strong>projecerunt.</strong></span> 
     </span>
    </p>
   </div>
   <div class='ocr_carea' id='block_1_97' title="bbox 694 4677 2246 4746">
    <p class='ocr_par' dir='ltr' id='par_1_97' title="bbox 694 4677 2246 4746">
     <span class='ocr_line' id='line_1_97' title="bbox 694 4677 2246 4746; baseline 0 -12"><span class='ocrx_word' id='word_1_716' title='bbox 694 4683 751 4735; x_wconf 89' lang='lat' dir='ltr'><strong>ln</strong></span> <span class='ocrx_word' id='word_1_717' title='bbox 781 4695 845 4733; x_wconf 90' lang='lat' dir='ltr'><strong>eo</strong></span> <span class='ocrx_word' id='word_1_718' title='bbox 880 4680 1203 4746; x_wconf 83' lang='lat' dir='ltr'><strong>completum</strong></span> <span class='ocrx_word' id='word_1_719' title='bbox 1234 4677 1479 4731; x_wconf 64' lang='lat' dir='ltr'><strong>Jeremiaz</strong></span> <span class='ocrx_word' id='word_1_720' title='bbox 1505 4679 1781 4732; x_wconf 90' lang='lat' dir='ltr'><strong>oraculum</strong></span> <span class='ocrx_word' id='word_1_721' title='bbox 1816 4680 2042 4734; x_wconf 84' lang='lat' dir='ltr'><strong>dicentis</strong></span> <span class='ocrx_word' id='word_1_722' title='bbox 2072 4698 2085 4732; x_wconf 89' lang='lat'><strong>:</strong></span> <span class='ocrx_word' id='word_1_723' title='bbox 2122 4680 2246 4734; x_wconf 85' lang='lat' dir='ltr'><strong>Vivo</strong></span> 
     </span>
    </p>
   </div>
   <div class='ocr_carea' id='block_1_98' title="bbox 695 4768 2249 4841">
    <p class='ocr_par' dir='ltr' id='par_1_98' title="bbox 695 4768 2249 4841">
     <span class='ocr_line' id='line_1_98' title="bbox 695 4768 2249 4841; baseline -0.001 -16"><span class='ocrx_word' id='word_1_724' title='bbox 695 4789 811 4841; x_wconf 82' lang='lat' dir='ltr'><strong>ego,</strong></span> <span class='ocrx_word' id='word_1_725' title='bbox 840 4770 971 4823; x_wconf 80' lang='lat' dir='ltr'><strong>dicit</strong></span> <span class='ocrx_word' id='word_1_726' title='bbox 998 4768 1282 4831; x_wconf 79' lang='lat' dir='ltr'><strong>Dominus,</strong></span> <span class='ocrx_word' id='word_1_727' title='bbox 1337 4769 1462 4835; x_wconf 86' lang='lat' dir='ltr'><strong>quia</strong></span> <span class='ocrx_word' id='word_1_728' title='bbox 1513 4769 1558 4821; x_wconf 84' lang='lat' dir='ltr'><strong>si</strong></span> <span class='ocrx_word' id='word_1_729' title='bbox 1597 4770 1754 4837; x_wconf 82' lang='lat' dir='ltr'><strong>fuerit</strong></span> <span class='ocrx_word' id='word_1_730' title='bbox 1790 4769 2067 4823; x_wconf 82' lang='lat' dir='ltr'><strong>Jechonias</strong></span> <span class='ocrx_word' id='word_1_731' title='bbox 2107 4771 2249 4837; x_wconf 80' lang='lat' dir='ltr'><strong>ﬁlius</strong></span> 
     </span>
    </p>
   </div>
   <div class='ocr_carea' id='block_1_99' title="bbox 696 4857 2254 4925">
    <p class='ocr_par' dir='ltr' id='par_1_99' title="bbox 696 4857 2254 4925">
     <span class='ocr_line' id='line_1_99' title="bbox 696 4857 2254 4925; baseline -0.001 -12"><span class='ocrx_word' id='word_1_732' title='bbox 696 4861 904 4913; x_wconf 82' lang='lat' dir='ltr'><strong>Joacim</strong></span> <span class='ocrx_word' id='word_1_733' title='bbox 937 4873 1027 4912; x_wconf 70' lang='lat' dir='ltr'><strong>rex</strong></span> <span class='ocrx_word' id='word_1_734' title='bbox 1056 4857 1199 4910; x_wconf 84' lang='lat' dir='ltr'><strong>Juda</strong></span> <span class='ocrx_word' id='word_1_735' title='bbox 1222 4857 1443 4909; x_wconf 84' lang='lat' dir='ltr'><strong>annulus</strong></span> <span class='ocrx_word' id='word_1_736' title='bbox 1468 4858 1521 4910; x_wconf 88' lang='lat' dir='ltr'><strong>in</strong></span> <span class='ocrx_word' id='word_1_737' title='bbox 1548 4874 1703 4912; x_wconf 84' lang='lat' dir='ltr'><strong>manu</strong></span> <span class='ocrx_word' id='word_1_738' title='bbox 1733 4860 1945 4914; x_wconf 76' lang='lat' dir='ltr'><strong>dextera</strong></span> <span class='ocrx_word' id='word_1_739' title='bbox 1970 4876 2105 4925; x_wconf 85' lang='lat' dir='ltr'><strong>mea,</strong></span> <span class='ocrx_word' id='word_1_740' title='bbox 2134 4861 2254 4912; x_wconf 82' lang='lat' dir='ltr'><strong>inde</strong></span> 
     </span>
    </p>
   </div>
   <div class='ocr_carea' id='block_1_100' title="bbox 699 4936 2253 5018">
    <p class='ocr_par' dir='ltr' id='par_1_100' title="bbox 699 4936 2253 5018">
     <span class='ocr_line' id='line_1_100' title="bbox 699 4936 2253 5018; baseline -0.003 -13"><span class='ocrx_word' id='word_1_741' title='bbox 699 4954 912 5005; x_wconf 76' lang='lat' dir='ltr'><strong>evellam</strong></span> <span class='ocrx_word' id='word_1_742' title='bbox 945 4963 1013 5005; x_wconf 86' lang='lat' dir='ltr'><strong>te.</strong></span> <span class='ocrx_word' id='word_1_743' title='bbox 1049 4948 1112 5002; x_wconf 82' lang='lat' dir='ltr'><strong>Et</strong></span> <span class='ocrx_word' id='word_1_744' title='bbox 1154 4947 1287 5000; x_wconf 86' lang='lat' dir='ltr'><strong>dabo</strong></span> <span class='ocrx_word' id='word_1_745' title='bbox 1318 4956 1364 4999; x_wconf 84' lang='lat' dir='ltr'><strong>te</strong></span> <span class='ocrx_word' id='word_1_746' title='bbox 1392 4949 1447 4999; x_wconf 86' lang='lat' dir='ltr'><strong>in</strong></span> <span class='ocrx_word' id='word_1_747' title='bbox 1476 4936 1633 5003; x_wconf 84' lang='lat' dir='ltr'><strong>manu</strong></span> <span class='ocrx_word' id='word_1_748' title='bbox 1658 4953 1998 5018; x_wconf 66' lang='lat' dir='ltr'><strong>quaerentium</strong></span> <span class='ocrx_word' id='word_1_749' title='bbox 2025 4950 2253 5002; x_wconf 76' lang='lat' dir='ltr'><strong>animam</strong></span> 
     </span>
    </p>
   </div>
   <div class='ocr_carea' id='block_1_101' title="bbox 704 5044 2252 5113">
    <p class='ocr_par' dir='ltr' id='par_1_101' title="bbox 704 5044 2252 5113">
     <span class='ocr_line' id='line_1_101' title="bbox 704 5044 2252 5113; baseline -0.003 -15"><span class='ocrx_word' id='word_1_750' title='bbox 704 5058 869 5108; x_wconf 90' lang='lat' dir='ltr'><strong>tuam,</strong></span> <span class='ocrx_word' id='word_1_751' title='bbox 900 5047 955 5098; x_wconf 84' lang='lat' dir='ltr'><strong>in</strong></span> <span class='ocrx_word' id='word_1_752' title='bbox 986 5061 1143 5097; x_wconf 86' lang='lat' dir='ltr'><strong>manu</strong></span> <span class='ocrx_word' id='word_1_753' title='bbox 1166 5062 1197 5096; x_wconf 91' lang='lat' dir='ltr'><strong>a</strong></span> <span class='ocrx_word' id='word_1_754' title='bbox 1227 5060 1443 5113; x_wconf 81' lang='lat' dir='ltr'><strong>quorum</strong></span> <span class='ocrx_word' id='word_1_755' title='bbox 1465 5045 1598 5112; x_wconf 80' lang='lat' dir='ltr'><strong>facie</strong></span> <span class='ocrx_word' id='word_1_756' title='bbox 1633 5054 1687 5096; x_wconf 85' lang='lat' dir='ltr'><strong>tu</strong></span> <span class='ocrx_word' id='word_1_757' title='bbox 1718 5045 1993 5113; x_wconf 78' lang='lat' dir='ltr'><strong>formidas,</strong></span> <span class='ocrx_word' id='word_1_758' title='bbox 2017 5044 2071 5095; x_wconf 87' lang='lat' dir='ltr'><strong>in</strong></span> <span class='ocrx_word' id='word_1_759' title='bbox 2096 5060 2252 5095; x_wconf 86' lang='lat' dir='ltr'><strong>manu</strong></span> 
     </span>
    </p>
   </div>
   <div class='ocr_carea' id='block_1_102' title="bbox 704 5135 2253 5205">
    <p class='ocr_par' dir='ltr' id='par_1_102' title="bbox 704 5135 2253 5205">
     <span class='ocr_line' id='line_1_102' title="bbox 704 5135 2253 5205; baseline 0 -18"><span class='ocrx_word' id='word_1_760' title='bbox 704 5137 1088 5189; x_wconf 75' lang='lat' dir='ltr'><strong>Chaldworum.</strong></span> <span class='ocrx_word' id='word_1_761' title='bbox 1116 5135 1182 5189; x_wconf 85' lang='lat' dir='ltr'><strong>Et</strong></span> <span class='ocrx_word' id='word_1_762' title='bbox 1212 5135 1485 5204; x_wconf 86' lang='lat' dir='ltr'><strong>projiciam</strong></span> <span class='ocrx_word' id='word_1_763' title='bbox 1511 5144 1577 5199; x_wconf 86' lang='lat' dir='ltr'><strong>te,</strong></span> <span class='ocrx_word' id='word_1_764' title='bbox 1598 5146 1646 5188; x_wconf 87' lang='lat' dir='ltr'><strong>et</strong></span> <span class='ocrx_word' id='word_1_765' title='bbox 1674 5147 1891 5189; x_wconf 82' lang='lat' dir='ltr'><strong>matrem</strong></span> <span class='ocrx_word' id='word_1_766' title='bbox 1921 5152 2037 5205; x_wconf 66' lang='lat' dir='ltr'><strong>qua;</strong></span> <span class='ocrx_word' id='word_1_767' title='bbox 2062 5137 2253 5203; x_wconf 82' lang='lat' dir='ltr'><strong>peperit</strong></span> 
     </span>
    </p>
   </div>
   <div class='ocr_carea' id='block_1_103' title="bbox 708 5204 2253 5289">
    <p class='ocr_par' dir='ltr' id='par_1_103' title="bbox 708 5227 2253 5289">
     <span class='ocr_line' id='line_1_103' title="bbox 708 5227 2253 5289; baseline 0.001 -14"><span class='ocrx_word' id='word_1_768' title='bbox 708 5236 775 5287; x_wconf 79' lang='lat' dir='ltr'><strong>te,</strong></span> <span class='ocrx_word' id='word_1_769' title='bbox 804 5227 857 5277; x_wconf 84' lang='lat' dir='ltr'><strong>in</strong></span> <span class='ocrx_word' id='word_1_770' title='bbox 893 5236 1083 5280; x_wconf 88' lang='lat' dir='ltr'><strong>terram</strong></span> <span class='ocrx_word' id='word_1_771' title='bbox 1112 5228 1358 5289; x_wconf 84' lang='lat' dir='ltr'><strong>alienam,</strong></span> <span class='ocrx_word' id='word_1_772' title='bbox 1403 5236 1447 5277; x_wconf 79' lang='lat' dir='ltr'><strong>et</strong></span> <span class='ocrx_word' id='word_1_773' title='bbox 1485 5227 1774 5278; x_wconf 81' lang='lat' dir='ltr'><strong>moriemini</strong></span> <span class='ocrx_word' id='word_1_774' title='bbox 1810 5228 1902 5280; x_wconf 86' lang='lat' dir='ltr'><strong>ibi.</strong></span> <span class='ocrx_word' id='word_1_775' title='bbox 1950 5227 2016 5280; x_wconf 83' lang='lat' dir='ltr'><strong>In</strong></span> <span class='ocrx_word' id='word_1_776' title='bbox 2061 5236 2253 5280; x_wconf 84' lang='lat' dir='ltr'><strong>terram</strong></span> 
     </span>
    </p>
   </div>
   <div class='ocr_carea' id='block_1_104' title="bbox 706 5318 2254 5386">
    <p class='ocr_par' dir='ltr' id='par_1_104' title="bbox 706 5318 2254 5386">
     <span class='ocr_line' id='line_1_104' title="bbox 706 5318 2254 5386; baseline 0.002 -19"><span class='ocrx_word' id='word_1_777' title='bbox 706 5323 878 5367; x_wconf 86' lang='lat' dir='ltr'><strong>autem</strong></span> <span class='ocrx_word' id='word_1_778' title='bbox 898 5333 1050 5384; x_wconf 85' lang='lat' dir='ltr'><strong>quam</strong></span> <span class='ocrx_word' id='word_1_779' title='bbox 1072 5321 1199 5371; x_wconf 82' lang='lat' dir='ltr'><strong>votis</strong></span> <span class='ocrx_word' id='word_1_780' title='bbox 1223 5326 1469 5385; x_wconf 75' lang='lat' dir='ltr'><strong>expetunt</strong></span> <span class='ocrx_word' id='word_1_781' title='bbox 1503 5318 1773 5369; x_wconf 80' lang='lat' dir='ltr'><strong>animabus</strong></span> <span class='ocrx_word' id='word_1_782' title='bbox 1798 5322 1928 5386; x_wconf 88' lang='lat' dir='ltr'><strong>suis,</strong></span> <span class='ocrx_word' id='word_1_783' title='bbox 1966 5336 2063 5373; x_wconf 87' lang='lat' dir='ltr'><strong>non</strong></span> <span class='ocrx_word' id='word_1_784' title='bbox 2102 5319 2254 5371; x_wconf 78' lang='lat' dir='ltr'><strong>redu-</strong></span> 
     </span>
    </p>
   </div>
   <div class='ocr_carea' id='block_1_105' title="bbox 709 5392 2251 5471">
    <p class='ocr_par' dir='ltr' id='par_1_105' title="bbox 709 5392 2251 5471">
     <span class='ocr_line' id='line_1_105' title="bbox 709 5392 2251 5471; baseline 0.003 -14"><span class='ocrx_word' id='word_1_785' title='bbox 709 5422 823 5457; x_wconf 88' lang='lat' dir='ltr'><strong>cam</strong></span> <span class='ocrx_word' id='word_1_786' title='bbox 874 5416 938 5457; x_wconf 89' lang='lat' dir='ltr'><strong>te.</strong></span> <span class='ocrx_word' id='word_1_787' title='bbox 974 5392 1323 5463; x_wconf 79' lang='lat' dir='ltr'><strong>Iulianoratus</strong></span> <span class='ocrx_word' id='word_1_788' title='bbox 1363 5416 1438 5461; x_wconf 80' lang='lat' dir='ltr'><strong>est</strong></span> <span class='ocrx_word' id='word_1_789' title='bbox 1488 5406 1787 5470; x_wconf 80' lang='lat' dir='ltr'><strong>Jecltonias,</strong></span> <span class='ocrx_word' id='word_1_790' title='bbox 1829 5423 1884 5462; x_wconf 89' lang='lat' dir='ltr'><strong>ut</strong></span> <span class='ocrx_word' id='word_1_791' title='bbox 1933 5428 2019 5465; x_wconf 84' lang='lat' dir='ltr'><strong>vas</strong></span> <span class='ocrx_word' id='word_1_792' title='bbox 2048 5410 2251 5471; x_wconf 79' lang='lat' dir='ltr'><strong>inutile,</strong></span> 
     </span>
    </p>
   </div>
   <div class='ocr_carea' id='block_1_106' title="bbox 711 5497 2255 5572">
    <p class='ocr_par' dir='ltr' id='par_1_106' title="bbox 711 5497 2255 5572">
     <span class='ocr_line' id='line_1_106' title="bbox 711 5497 2255 5572; baseline 0.002 -21"><span class='ocrx_word' id='word_1_793' title='bbox 711 5497 860 5563; x_wconf 83' lang='lat' dir='ltr'><strong>cujus</strong></span> <span class='ocrx_word' id='word_1_794' title='bbox 909 5498 1081 5551; x_wconf 82' lang='lat' dir='ltr'><strong>nullus</strong></span> <span class='ocrx_word' id='word_1_795' title='bbox 1119 5512 1191 5553; x_wconf 81' lang='lat' dir='ltr'><strong>est</strong></span> <span class='ocrx_word' id='word_1_796' title='bbox 1239 5518 1399 5566; x_wconf 77' lang='lat' dir='ltr'><strong>usus;</strong></span> <span class='ocrx_word' id='word_1_797' title='bbox 1442 5502 1635 5553; x_wconf 83' lang='lat' dir='ltr'><strong>idcirco</strong></span> <span class='ocrx_word' id='word_1_798' title='bbox 1670 5502 1924 5568; x_wconf 82' lang='lat' dir='ltr'><strong>projectus</strong></span> <span class='ocrx_word' id='word_1_799' title='bbox 1972 5514 2047 5557; x_wconf 70' lang='lat' dir='ltr'><strong>est</strong></span> <span class='ocrx_word' id='word_1_800' title='bbox 2101 5515 2255 5572; x_wconf 79' lang='lat' dir='ltr'><strong>atque</strong></span> 
     </span>
    </p>
   </div>
   <div class='ocr_carea' id='block_1_107' title="bbox 786 5607 2129 5692">
    <p class='ocr_par' dir='ltr' id='par_1_107' title="bbox 786 5607 2129 5692">
     <span class='ocr_line' id='line_1_107' title="bbox 786 5607 2129 5692; baseline 0.007 -32"><span class='ocrx_word' id='word_1_801' title='bbox 786 5610 829 5640; x_wconf 84' lang='lat'><strong>&quot;</strong></span> <span class='ocrx_word' id='word_1_802' title='bbox 871 5607 935 5661; x_wconf 78' lang='lat' dir='ltr'><strong>IV</strong></span> <span class='ocrx_word' id='word_1_803' title='bbox 979 5607 1107 5677; x_wconf 82' lang='lat' dir='ltr'><strong>Reg.</strong></span> <span class='ocrx_word' id='word_1_804' title='bbox 1154 5627 1295 5676; x_wconf 76' lang='lat' dir='ltr'><strong>uiv,</strong></span> <span class='ocrx_word' id='word_1_805' title='bbox 1340 5614 1424 5668; x_wconf 79' lang='grc'><strong>10.</strong></span> <span class='ocrx_word' id='word_1_806' title='bbox 1500 5614 1544 5644; x_wconf 81' lang='grc'><strong>⁷⁸</strong></span> <span class='ocrx_word' id='word_1_807' title='bbox 1576 5611 1642 5666; x_wconf 80' lang='lat' dir='ltr'><strong>IV</strong></span> <span class='ocrx_word' id='word_1_808' title='bbox 1687 5610 1816 5682; x_wconf 80' lang='lat' dir='ltr'><strong>Reg.</strong></span> <span class='ocrx_word' id='word_1_809' title='bbox 1874 5632 1997 5682; x_wconf 89' lang='lat' dir='ltr'><strong>xxv,</strong></span> 
     </span>
    </p>
   </div>
   <div class='ocr_carea' id='block_1_108' title="bbox 787 5776 1734 5849">
    <p class='ocr_par' dir='ltr' id='par_1_108' title="bbox 787 5776 1734 5849">
     <span class='ocr_line' id='line_1_108' title="bbox 787 5776 1734 5849; baseline 0.01 -20"><span class='ocrx_word' id='word_1_810' title='bbox 787 5778 897 5849; x_wconf 72' lang='lat'><strong>(55)</strong></span> <span class='ocrx_word' id='word_1_811' title='bbox 934 5776 1036 5843; x_wconf 76' lang='lat' dir='ltr'><strong>AL,</strong></span> <span class='ocrx_word' id='word_1_812' title='bbox 1068 5780 1361 5849; x_wconf 72' lang='grc' dir='ltr'><strong>τριμήνων,</strong></span> <span class='ocrx_word' id='word_1_813' title='bbox 1393 5800 1582 5836; x_wconf 70' lang='lat' dir='ltr'><strong>meme:</strong></span> <span class='ocrx_word' id='word_1_814' title='bbox 1615 5794 1734 5839; x_wconf 71' lang='lat' dir='ltr'><strong>tres.</strong></span> 
     </span>
    </p>
   </div>
   <div class='ocr_carea' id='block_1_109' title="bbox 2352 4592 3887 4666">
    <p class='ocr_par' dir='ltr' id='par_1_109' title="bbox 2352 4592 3887 4666">
     <span class='ocr_line' id='line_1_109' title="bbox 2352 4592 3887 4666; baseline -0.003 -20"><span class='ocrx_word' id='word_1_815' title='bbox 2352 4594 2578 4661; x_wconf 79' lang='grc' dir='ltr'><strong>ἔσφαξεν</strong></span> <span class='ocrx_word' id='word_1_816' title='bbox 2611 4594 2910 4666; x_wconf 82' lang='grc' dir='ltr'><strong>ἔμπροσθεν</strong></span> <span class='ocrx_word' id='word_1_817' title='bbox 2936 4594 3120 4651; x_wconf 81' lang='grc' dir='ltr'><strong>αὐτοῦ,</strong></span> <span class='ocrx_word' id='word_1_818' title='bbox 3146 4594 3239 4646; x_wconf 72' lang='lat' dir='ltr'><strong>xai.</strong></span> <span class='ocrx_word' id='word_1_819' title='bbox 3268 4597 3390 4657; x_wconf 82' lang='grc' dir='ltr'><strong>τοὺς</strong></span> <span class='ocrx_word' id='word_1_820' title='bbox 3418 4594 3723 4664; x_wconf 81' lang='grc' dir='ltr'><strong>ὀφθαλμοὺς</strong></span> <span class='ocrx_word' id='word_1_821' title='bbox 3748 4592 3887 4643; x_wconf 85' lang='grc' dir='ltr'><strong>Σεδε-</strong></span> 
     </span>
    </p>
   </div>
   <div class='ocr_carea' id='block_1_110' title="bbox 2352 4684 3888 4755">
    <p class='ocr_par' dir='ltr' id='par_1_110' title="bbox 2352 4684 3888 4755">
     <span class='ocr_line' id='line_1_110' title="bbox 2352 4684 3888 4755; baseline -0.002 -17"><span class='ocrx_word' id='word_1_822' title='bbox 2352 4686 2468 4738; x_wconf 85' lang='grc' dir='ltr'><strong>κίου</strong></span> <span class='ocrx_word' id='word_1_823' title='bbox 2508 4686 2887 4755; x_wconf 67' lang='grc' dir='ltr'><strong>ἐξετύφλωσεν.</strong></span> <span class='ocrx_word' id='word_1_824' title='bbox 2924 4686 3032 4738; x_wconf 75' lang='grc' dir='ltr'><strong>Καὶ</strong></span> <span class='ocrx_word' id='word_1_825' title='bbox 3063 4684 3255 4738; x_wconf 77' lang='grc' dir='ltr'><strong>ἔδωκεν</strong></span> <span class='ocrx_word' id='word_1_826' title='bbox 3286 4687 3445 4739; x_wconf 77' lang='grc' dir='ltr'><strong>αὑτὸν</strong></span> <span class='ocrx_word' id='word_1_827' title='bbox 3471 4688 3527 4739; x_wconf 81' lang='grc' dir='ltr'><strong>ἐν</strong></span> <span class='ocrx_word' id='word_1_828' title='bbox 3553 4685 3735 4747; x_wconf 84' lang='grc' dir='ltr'><strong>πέδαις</strong></span> <span class='ocrx_word' id='word_1_829' title='bbox 3766 4684 3888 4751; x_wconf 86' lang='grc' dir='ltr'><strong>σιδη-</strong></span> 
     </span>
    </p>
   </div>
   <div class='ocr_carea' id='block_1_111' title="bbox 2359 4770 3888 4845">
    <p class='ocr_par' dir='ltr' id='par_1_111' title="bbox 2359 4770 3888 4845">
     <span class='ocr_line' id='line_1_111' title="bbox 2359 4770 3888 4845; baseline -0.002 -18"><span class='ocrx_word' id='word_1_830' title='bbox 2359 4776 2605 4845; x_wconf 73' lang='grc' dir='ltr'><strong>ραῖς,καὶ</strong></span> <span class='ocrx_word' id='word_1_831' title='bbox 2624 4776 2825 4844; x_wconf 74' lang='grc' dir='ltr'><strong>ἢγαγεν</strong></span> <span class='ocrx_word' id='word_1_832' title='bbox 2862 4773 3020 4831; x_wconf 79' lang='grc' dir='ltr'><strong>αὐτὸν</strong></span> <span class='ocrx_word' id='word_1_833' title='bbox 3052 4775 3131 4836; x_wconf 86' lang='grc' dir='ltr'><strong>είς</strong></span> <span class='ocrx_word' id='word_1_834' title='bbox 3156 4774 3462 4833; x_wconf 78' lang='grc' dir='ltr'><strong>Βαϐυλῶνα·</strong></span> <span class='ocrx_word' id='word_1_835' title='bbox 3487 4775 3578 4828; x_wconf 77' lang='grc' dir='ltr'><strong>καὶ</strong></span> <span class='ocrx_word' id='word_1_836' title='bbox 3598 4770 3666 4843; x_wconf 78' lang='grc' dir='ltr'><strong>ἦν</strong></span> <span class='ocrx_word' id='word_1_837' title='bbox 3692 4773 3888 4843; x_wconf 82' lang='grc' dir='ltr'><strong>ἀλήθων</strong></span> 
     </span>
    </p>
   </div>
   <div class='ocr_carea' id='block_1_112' title="bbox 2357 4862 3887 4937">
    <p class='ocr_par' dir='ltr' id='par_1_112' title="bbox 2357 4862 3887 4937">
     <span class='ocr_line' id='line_1_112' title="bbox 2357 4862 3887 4937; baseline -0.003 -22"><span class='ocrx_word' id='word_1_838' title='bbox 2357 4867 2414 4916; x_wconf 80' lang='grc' dir='ltr'><strong>ὲν</strong></span> <span class='ocrx_word' id='word_1_839' title='bbox 2443 4865 2517 4935; x_wconf 82' lang='grc' dir='ltr'><strong>τῷ</strong></span> <span class='ocrx_word' id='word_1_840' title='bbox 2555 4866 2775 4935; x_wconf 82' lang='grc' dir='ltr'><strong>μύλωνι,</strong></span> <span class='ocrx_word' id='word_1_841' title='bbox 2820 4867 2922 4927; x_wconf 79' lang='grc' dir='ltr'><strong>ἕως</strong></span> <span class='ocrx_word' id='word_1_842' title='bbox 2962 4864 3058 4933; x_wconf 80' lang='grc' dir='ltr'><strong>τῆς</strong></span> <span class='ocrx_word' id='word_1_843' title='bbox 3103 4865 3311 4937; x_wconf 77' lang='grc' dir='ltr'><strong>ἡμέρας</strong></span> <span class='ocrx_word' id='word_1_844' title='bbox 3339 4862 3407 4937; x_wconf 83' lang='grc' dir='ltr'><strong>ἦς</strong></span> <span class='ocrx_word' id='word_1_845' title='bbox 3459 4864 3743 4918; x_wconf 81' lang='grc' dir='ltr'><strong>ἀπέθανεν.</strong></span> <span class='ocrx_word' id='word_1_846' title='bbox 3790 4863 3887 4915; x_wconf 63' lang='lat' dir='ltr'><strong>Kal</strong></span> 
     </span>
    </p>
   </div>
   <div class='ocr_carea' id='block_1_113' title="bbox 2358 4950 3884 5023">
    <p class='ocr_par' dir='ltr' id='par_1_113' title="bbox 2358 4950 3884 5023">
     <span class='ocr_line' id='line_1_113' title="bbox 2358 4950 3884 5023; baseline -0.002 -17"><span class='ocrx_word' id='word_1_847' title='bbox 2358 4956 2415 5006; x_wconf 85' lang='grc' dir='ltr'><strong>ἐν</strong></span> <span class='ocrx_word' id='word_1_848' title='bbox 2464 4955 2541 5023; x_wconf 80' lang='grc' dir='ltr'><strong>τῷ</strong></span> <span class='ocrx_word' id='word_1_849' title='bbox 2575 4956 2864 5008; x_wconf 85' lang='grc' dir='ltr'><strong>ἀποθανεῖν</strong></span> <span class='ocrx_word' id='word_1_850' title='bbox 2910 4955 3087 5019; x_wconf 78' lang='grc' dir='ltr'><strong>αὐτὸν,</strong></span> <span class='ocrx_word' id='word_1_851' title='bbox 3136 4955 3383 5018; x_wconf 86' lang='grc' dir='ltr'><strong>λαϐόντες</strong></span> <span class='ocrx_word' id='word_1_852' title='bbox 3428 4954 3488 5007; x_wconf 83' lang='grc' dir='ltr'><strong>τὸ</strong></span> <span class='ocrx_word' id='word_1_853' title='bbox 3528 4952 3685 5022; x_wconf 82' lang='grc' dir='ltr'><strong>σῶμα</strong></span> <span class='ocrx_word' id='word_1_854' title='bbox 3714 4950 3884 5016; x_wconf 83' lang='grc' dir='ltr'><strong>αὑτοῦ,</strong></span> 
     </span>
    </p>
   </div>
   <div class='ocr_carea' id='block_1_114' title="bbox 2360 5044 3886 5115">
    <p class='ocr_par' dir='ltr' id='par_1_114' title="bbox 2360 5044 3886 5115">
     <span class='ocr_line' id='line_1_114' title="bbox 2360 5044 3886 5115; baseline 0.001 -20"><span class='ocrx_word' id='word_1_855' title='bbox 2360 5044 2584 5115; x_wconf 75' lang='grc' dir='ltr'><strong>ἔρριψαν</strong></span> <span class='ocrx_word' id='word_1_856' title='bbox 2609 5047 2780 5099; x_wconf 76' lang='grc' dir='ltr'><strong>ὀπίσω</strong></span> <span class='ocrx_word' id='word_1_857' title='bbox 2804 5046 2892 5098; x_wconf 77' lang='grc' dir='ltr'><strong>τοῦ</strong></span> <span class='ocrx_word' id='word_1_858' title='bbox 2925 5047 3129 5115; x_wconf 78' lang='grc' dir='ltr'><strong>τείχους</strong></span> <span class='ocrx_word' id='word_1_859' title='bbox 3154 5048 3354 5101; x_wconf 86' lang='grc' dir='ltr'><strong>Νινευί.</strong></span> <span class='ocrx_word' id='word_1_860' title='bbox 3408 5045 3527 5098; x_wconf 75' lang='grc' dir='ltr'><strong>Ἐπὶ</strong></span> <span class='ocrx_word' id='word_1_861' title='bbox 3548 5048 3741 5107; x_wconf 69' lang='grc' dir='ltr'><strong>,τούτου</strong></span> <span class='ocrx_word' id='word_1_862' title='bbox 3767 5046 3886 5112; x_wconf 86' lang='grc' dir='ltr'><strong>πλη-</strong></span> 
     </span>
    </p>
   </div>
   <div class='ocr_carea' id='block_1_115' title="bbox 2363 5136 3881 5209">
    <p class='ocr_par' dir='ltr' id='par_1_115' title="bbox 2363 5136 3881 5209">
     <span class='ocr_line' id='line_1_115' title="bbox 2363 5136 3881 5209; baseline -0.001 -20"><span class='ocrx_word' id='word_1_863' title='bbox 2363 5138 2545 5207; x_wconf 68' lang='grc' dir='ltr'><strong>ροῦται</strong></span> <span class='ocrx_word' id='word_1_864' title='bbox 2576 5140 2607 5207; x_wconf 78' lang='grc' dir='ltr'>ἡ</span> <span class='ocrx_word' id='word_1_865' title='bbox 2642 5137 2939 5207; x_wconf 80' lang='grc' dir='ltr'><strong>προφητεία</strong></span> <span class='ocrx_word' id='word_1_866' title='bbox 2991 5139 3267 5209; x_wconf 82' lang='grc' dir='ltr'><strong>Ἱερεμίου,</strong></span> <span class='ocrx_word' id='word_1_867' title='bbox 3312 5138 3554 5209; x_wconf 84' lang='grc' dir='ltr'><strong>λέγοντος</strong></span> <span class='ocrx_word' id='word_1_868' title='bbox 3580 5154 3592 5165; x_wconf 89' lang='grc'><strong>·</strong></span> <span class='ocrx_word' id='word_1_869' title='bbox 3637 5136 3728 5190; x_wconf 81' lang='grc' dir='ltr'><strong>Ζῶ</strong></span> <span class='ocrx_word' id='word_1_870' title='bbox 3761 5137 3881 5207; x_wconf 63' lang='grc' dir='ltr'><strong>ἐγὼ.</strong></span> 
     </span>
    </p>
   </div>
   <div class='ocr_carea' id='block_1_116' title="bbox 2355 5226 3881 5297">
    <p class='ocr_par' dir='ltr' id='par_1_116' title="bbox 2355 5226 3881 5297">
     <span class='ocr_line' id='line_1_116' title="bbox 2355 5226 3881 5297; baseline -0.001 -16"><span class='ocrx_word' id='word_1_871' title='bbox 2355 5228 2511 5296; x_wconf 68' lang='grc' dir='ltr'><strong>Λέγει</strong></span> <span class='ocrx_word' id='word_1_872' title='bbox 2550 5229 2776 5294; x_wconf 77' lang='grc' dir='ltr'><strong>Κύριος.</strong></span> <span class='ocrx_word' id='word_1_873' title='bbox 2824 5229 2953 5281; x_wconf 81' lang='grc' dir='ltr'><strong>Ἐὰν</strong></span> <span class='ocrx_word' id='word_1_874' title='bbox 2987 5231 3297 5297; x_wconf 76' lang='grc' dir='ltr'><strong>γενόμενος</strong></span> <span class='ocrx_word' id='word_1_875' title='bbox 3340 5226 3573 5293; x_wconf 77' lang='grc' dir='ltr'><strong>γένηται</strong></span> <span class='ocrx_word' id='word_1_876' title='bbox 3625 5228 3881 5297; x_wconf 78' lang='grc' dir='ltr'><strong>Ἰεχονίας</strong></span> 
     </span>
    </p>
   </div>
   <div class='ocr_carea' id='block_1_117' title="bbox 2356 5316 3882 5388">
    <p class='ocr_par' dir='ltr' id='par_1_117' title="bbox 2356 5316 3882 5388">
     <span class='ocr_line' id='line_1_117' title="bbox 2356 5316 3882 5388; baseline -0.002 -17"><span class='ocrx_word' id='word_1_877' title='bbox 2356 5320 2483 5383; x_wconf 78' lang='grc' dir='ltr'><strong>υἱὸς</strong></span> <span class='ocrx_word' id='word_1_878' title='bbox 2537 5319 2796 5388; x_wconf 76' lang='grc' dir='ltr'><strong>Ἰωακεὶμ</strong></span> <span class='ocrx_word' id='word_1_879' title='bbox 2839 5320 3129 5385; x_wconf 74' lang='grc' dir='ltr'><strong>βασιλεὺς</strong></span> <span class='ocrx_word' id='word_1_880' title='bbox 3201 5316 3392 5373; x_wconf 78' lang='grc' dir='ltr'><strong>Ἰούδα</strong></span> <span class='ocrx_word' id='word_1_881' title='bbox 3440 5318 3882 5387; x_wconf 68' lang='grc' dir='ltr'><strong>ἀποσφράγισμα</strong></span> 
     </span>
    </p>
   </div>
   <div class='ocr_carea' id='block_1_118' title="bbox 2357 5408 3882 5484">
    <p class='ocr_par' dir='ltr' id='par_1_118' title="bbox 2357 5408 3882 5484">
     <span class='ocr_line' id='line_1_118' title="bbox 2357 5408 3882 5484; baseline -0.007 -15"><span class='ocrx_word' id='word_1_882' title='bbox 2357 5418 2451 5469; x_wconf 72' lang='grc' dir='ltr'><strong>ἐπὶ</strong></span> <span class='ocrx_word' id='word_1_883' title='bbox 2482 5415 2804 5484; x_wconf 72' lang='grc' dir='ltr'><strong>τῆς-χειρός</strong></span> <span class='ocrx_word' id='word_1_884' title='bbox 2831 5432 2946 5483; x_wconf 86' lang='grc' dir='ltr'><strong>μου</strong></span> <span class='ocrx_word' id='word_1_885' title='bbox 2973 5412 3081 5481; x_wconf 77' lang='grc' dir='ltr'><strong>τῆς</strong></span> <span class='ocrx_word' id='word_1_886' title='bbox 3116 5408 3333 5474; x_wconf 79' lang='grc' dir='ltr'><strong>δεξιᾶς,</strong></span> <span class='ocrx_word' id='word_1_887' title='bbox 3362 5410 3582 5467; x_wconf 82' lang='grc' dir='ltr'><strong>ἐκεῖθεν</strong></span> <span class='ocrx_word' id='word_1_888' title='bbox 3611 5409 3882 5464; x_wconf 71' lang='grc' dir='ltr'><strong>ὲκσπάσω</strong></span> 
     </span>
    </p>
   </div>
   <div class='ocr_carea' id='block_1_119' title="bbox 2358 5495 3880 5568">
    <p class='ocr_par' dir='ltr' id='par_1_119' title="bbox 2358 5495 3880 5568">
     <span class='ocr_line' id='line_1_119' title="bbox 2358 5495 3880 5568; baseline -0.003 -12"><span class='ocrx_word' id='word_1_889' title='bbox 2358 5521 2447 5567; x_wconf 70' lang='grc' dir='ltr'><strong>σε,</strong></span> <span class='ocrx_word' id='word_1_890' title='bbox 2477 5504 2570 5559; x_wconf 81' lang='grc' dir='ltr'><strong>καὶ</strong></span> <span class='ocrx_word' id='word_1_891' title='bbox 2616 5503 2781 5557; x_wconf 80' lang='grc' dir='ltr'><strong>δώσω</strong></span> <span class='ocrx_word' id='word_1_892' title='bbox 2810 5518 2881 5557; x_wconf 84' lang='grc' dir='ltr'><strong>σε</strong></span> <span class='ocrx_word' id='word_1_893' title='bbox 2905 5504 2993 5566; x_wconf 81' lang='grc' dir='ltr'><strong>εις</strong></span> <span class='ocrx_word' id='word_1_894' title='bbox 3036 5498 3230 5568; x_wconf 79' lang='grc' dir='ltr'><strong>χεῖρας</strong></span> <span class='ocrx_word' id='word_1_895' title='bbox 3262 5498 3375 5552; x_wconf 83' lang='grc' dir='ltr'><strong>τῶν</strong></span> <span class='ocrx_word' id='word_1_896' title='bbox 3417 5497 3738 5568; x_wconf 79' lang='grc' dir='ltr'><strong>ζητούντων</strong></span> <span class='ocrx_word' id='word_1_897' title='bbox 3780 5495 3880 5565; x_wconf 72' lang='grc' dir='ltr'><strong>τὴν</strong></span> 
     </span>
    </p>
   </div>
  </div>
