4098 6362
148 503 244 558 657

1296 506 1714 564 FRAGMENTA
1746 510 1811 566 IN
1844 510 2209 566 DANIELEI.

3256 510 3363 566 658

211 614 378 671 xxm
429 614 597 686 Λέγει
622 618 672 686 γ’
706 610 817 672 οὖν·
884 600 979 671 Ἐν
999 617 1118 673 ἔτει
1176 623 1348 689 τριτφ
1378 625 1575 691 Κύρου
1602 623 1691 677 τοί

1880 623 2066 679 XXIII.
2092 624 2184 679 Ait
2222 624 2420 696 igitur:
2467 623 2535 678 In
2568 640 2704 678 anno
2741 621 2893 679 tertio
2918 622 3047 694 Cyri
3073 624 3207 694 regis
3231 623 3363 679 Per—
3456 662 3457 665 η

141 708 439 773 ,ϐασιλέως
466 707 717 777 Περσῶν
734 712 912 779 ,λόγος
960 710 1353 781 ἀπεκαλύφθη
1375 713 1457 779 τῷ
1482 714 1705 783 Δανιὴλ

132 796 214 854 οὗ
238 799 302 852 τὸ
339 800 532 868 ὄνομα
574 799 916 867 Βαλτάσαρ,
966 801 1066 854 καὶ
1114 802 1400 869 ἀληθινὸς
1438 806 1472 858 ό
1499 807 1701 874 λόγος,

148 894 237 947 καὶ
270 890 528 960 δῦναμις
558 890 815 961 μεγάλη,
867 892 967 945 καὶ
1028 893 1279 959 σύνεσις
1318 894 1495 962 ἐδόθη
1547 895 1705 961 αὑτῷ

145 986 208 1037 ἐν
229 983 303 1052 τῇ
359 984 640 1051 ὀπτασίᾳ·
694 985 765 1037 ἐν
802 984 933 1050 ταῖς
986 983 1229 1053 ἡμέραις
1285 986 1545 1052 ἐκείναις
1592 986 1706 1056 ἐγὼ

145 1076 362 1145 Δανιὴλ
405 1075 565 1145 ήμην
603 1076 838 1130 πενθῶν
879 1075 1033 1144 τρεῖς
1082 1062 1412 1144 ἑϐδομάδας
1452 1077 1703 1147 ἡμερῶν,

142 1170 317 1234 ἄρτον
366 1166 693 1235 ἐπιθυμιῶν
729 1170 841 1220 οὐκ
894 1167 1140 1236 ἔφα-ρον,
1205 1168 1303 1220 καὶ
1354 1168 1554 1236 κρέας,
1607 1171 1702 1223 καὶ

144 1255 297 1324 οἶνος
362 1262 475 1312 οὐκ
540 1256 825 1326 εἰσῆλθεν
887 1260 975 1324 εις
1024 1258 1092 1311 τὸ
1154 1260 1347 1329 στόμα
1396 1277 1535 1329 μου,
1605 1261 1702 1313 καὶ

142 1351 396 1417 ἄλειμμα
436 1352 547 1404 οὐκ
590 1350 933 1417 ἠλειφόμην
977 1348 1089 1416 ἕως
1124 1350 1489 1418 πληρώσεως
1532 1350 1705 1419 τριῶν

142 1440 503 1508 ἑϐδομάδων·
542 1441 613 1494 ἐν
671 1439 857 1508 ἡμέρᾳ
912 1439 1160 1510 τετάρτῃ
1214 1443 1316 1495 τοῦ
1357 1442 1551 1510 μηνὸς
1595 1442 1703 1496 τοῦ

142 1530 372 1598 πρώτου
402 1533 972 1600 ἑταστεινοςρρόνησα,
998 1535 1179 1601 φησὶν,
1216 1535 1405 1587 εἴκοσι
1447 1534 1704 1603 καὶμίαν

143 1622 401 1691 ἡμέραν·
457 1624 744 1693 εὐχόμενος
789 1622 867 1693 τῷ
922 1624 1041 1693 Θεῷ
1079 1625 1156 1695 τῷ
1202 1625 1400 1688 ζῶντι,
1452 1624 1702 1678 ἁπαιτῶν

144 1712 463 1782 παράὒτοῦ
498 1713 837 1781 ἀποκάλυψιν
875 1716 1190 1786 μυστηρίου·
1235 1717 1326 1767 καὶ¹
1355 1715 1419 1785 δὴ
1462 1714 1701 1781 ἀκούσας

142 1803 320 1873 Πατὴρ
348 1803 634 1856 ἀπέστειλε
662 1802 839 1867 Λόγον
874 1804 1005 1857 ἴδιον
1041 1804 1447 1875 ἐνδεικνύμενος
1487 1804 1548 1858 τὸ
1575 1807 1703 1876 μέλ-

1805 726 1985 764 sarum
2013 710 2223 773 uerbum
2244 710 2524 765 revelatum
2549 722 2625 766 est
2652 710 2857 765 Danieli
2882 723 3213 781 cognomento
3235 712 3366 767 Bal-

1806 813 1972 868 tasar,
2006 810 2056 855 et
2088 800 2298 855 uerbum
2354 817 2554 865 verum,
2587 811 2638 855 et
2669 801 2925 871 fortitudo
2951 819 3164 872 magna,
3187 813 3236 856 et
3273 805 3359 856 in-

1806 891 2099 961 telligentia
2152 890 2281 944 data
2311 901 2391 946 est
2444 893 2547 963 ipsi
2583 893 2639 946 in
2672 893 2889 947 uisione.
2940 891 3007 946 In
3043 894 3360 957 diebusjllis

1800 999 1893 1053 ego
1925 982 2111 1036 Daniel
2132 982 2370 1054 lugebam
2397 993 2500 1037 tres
2534 981 2884 1038 hebdomadas
2907 984 3137 1050 dierum,
3172 1002 3359 1055 panem

1801 1072 2179 1126 desideriorum
2205 1088 2308 1126 non
2341 1064 2565 1139 comedi,
2610 1083 2660 1147 et
2693 1078 2815 1128 caro
2851 1081 2901 1126 et
2932 1076 3110 1127 vinum
3140 1091 3245 1129 non
3270 1078 3358 1128 in-

1805 1166 2056 1219 troierunt
2096 1166 2153 1219 in
2183 1181 2239 1220 os
2286 1181 2479 1230 nicum,
2529 1182 2688 1236 neque
2708 1175 2966 1236 unguento
3001 1175 3193 1247 unctus
3216 1183 3354 1232 sum,

1801 1257 1963 1309 donec
1990 1256 2374 1327 complerentur
2421 1265 2523 1311 tres
2562 1256 2924 1314 hebdomades.
2955 1255 3038 1312 In,
3061 1258 3145 1312 die
3168 1271 3356 1328 quarta

1804 1348 1993 1400 mensis
2027 1349 2185 1417 primi
2217 1346 2525 1402 humiliatus
2560 1365 2699 1415 sum,
2732 1349 2928 1419 inquit,
2970 1349 3153 1419 uiginti
3174 1358 3222 1401 et
3251 1364 3355 1402 uno

1801 1438 1907 1502 die,
1941 1440 2239 1495 obsecrans
2270 1439 2442 1495 Deum
2465 1440 2759 1506 viventem,
2784 1432 2839 1495 et
2871 1449 3058 1510 petens
3090 1441 3157 1494 ab
3182 1455 3248 1494 eo
3270 1454 3354 1493 re-

1803 1528 2126 1582 velationem
2173 1528 2439 1599 mysterii.
2483 1527 2550 1582 Et
2589 1529 2833 1599 profecto
2875 1545 2996 1584 cum
3048 1530 3355 1585 exaudisset

1802 1612 1981 1681 Pater,
2033 1616 2185 1671 misit
2242 1616 2479 1673 Verbum
2528 1632 2707 1683 suum,
2762 1618 3051 1673 ostendens
3100 1619 3229 1688 quid
3258 1634 3353 1688 per

1802 1708 1981 1778 ipsum
2034 1693 2380 1761 eventurum.
2415 1714 2578 1772 esset,
2618 1707 2779 1777 idque
2834 1705 3033 1761 factum
3063 1718 3145 1762 est
3185 1724 3379 1778 prope.

1800 1799 1997 1852 ﬂumen
2058 1812 2351 1867 magnum;
2425 1799 2707 1869 oportebat
2756 1798 2898 1877 enim
2981 1798 3052 1853 ibi
3117 1796 3351 1854 Puerum

140 1892 221 1943 λον
250 1894 521 1965 ἀποϐῆναι
574 1895 638 1946 δι’
666 1893 847 1947 αὐτοῦ·
890 1896 983 1948 καὶ
1026 1896 1091 1965 δὴ
1138 1896 1353 1963 ἐγένετο
1407 1898 1560 1968 παρά
1605 1898 1691 1951 τὸν

1798 1886 2032 1951 ostendi,
2062 1888 2155 1941 ubi
2177 1889 2340 1942 etiam
2374 1898 2599 1959 peccata
2631 1889 2953 1945 dimissurus
2974 1896 3110 1947 erat.

142 1986 377 2054 ποταμὸν
418 1957 540 2039 ,τὸν
603 1985 811 2055 μέγαν·
882 1986 987 2038 ἔδει
1049 1957 1157 2057 γάρ
1180 1957 1321 2039 ’ἐκεῖ
1377 1987 1469 2040 τὸν
1493 1957 1504 1968 Ι
1529 1990 1696 2042 Παίδα
1728 1957 1770 2011 Β

138 2078 459 2141 δείκνυσθαι,
496 2080 626 2130 ὅπου
658 2079 750 2131 καὶ
776 2080 1044 2149 ἁμαρτίας
1067 2080 1281 2149 ἀφιέναι
1307 2081 1523 2151 ἤμελλε.

203 2168 391 2221 XXIV.
447 2169 555 2222 Kal
580 2163 715 2237 ᾖρα,
778 2172 932 2237 φησὶ,
988 2172 1129 2235 τοὺς
1187 2172 1528 2243 ὀφθαλμούς
1554 2189 1693 2241 μου·

139 2261 228 2312 καὶ
286 2260 412 2312 ἰδοὺ
471 2259 623 2327 ἀνὴρ
665 2260 1056 2330 ἐνδεδυμένος
1095 2262 1335 2325 βαδδίν·
1395 2264 1453 2315 ὲν
1504 2263 1599 2333 μὲν
1625 2265 1691 2334 τῇ

141 2348 322 2419 πρώτῃ
378 2350 608 2420 ὀπτασίᾳ
664 2351 860 2420 φησὶν,
930 2350 1073 2405 Ἰδοὺ
1139 2353 1389 2421 ἅγγελος
1431 2351 1727 2420 Γαδριὴλ⁷

138 2436 603 2505 ἀπεσταλμένος·
638 2439 869 2492 ἐνταῦθα
918 2441 973 2493 δὲ
1027 2441 1122 2511 οὐχ
1171 2441 1365 2505 οὕτως,
1413 2441 1548 2494 ἀλλὰ
1600 2442 1693 2495 τὸν

141 2528 334 2599 Κύριον
367 2532 488 2600 ὁρᾷ,
517 2530 669 2583 οὔπω
726 2532 825 2602 μὲν
867 2532 1085 2596 τελείως
1119 2533 1434 2604 ἄνθρωπον,
1470 2533 1527 2585 ὲν
1561 2532 1693 2603 σχή-

140 2636 262 2688 ματι
324 2619 383 2670 δὲ
431 2619 715 2689 ἀνθρώπου
769 2622 1119 2691 φαινόμενον,
1173 2624 1354 2686 καθὼς
1381 2623 1547 2690 λέγει,
1594 2622 1694 2675 καί

137 2710 256 2763 ἰδοὺ
290 2710 447 2777 ἀνὴρ
491 2710 885 2779 ἐνδεδυμένος
925 2714 1165 2775 ,ϐιιδδίνο
1206 2716 1267 2767 τὸ
1292 2716 1401 2786 γὰρ
1448 2714 1690 2768 ποικίλον

134 2800 225 2867 τῆς
256 2800 501 2870 κλήσεως
539 2801 647 2852 τῶν
695 2803 1047 2873 χαρισμάτων
1079 2804 1421 2875 ἐνδεδυμένος
1450 2805 1690 2859 ποικίλον

134 2893 334 2958 χιτῶνα
375 2892 689 2963 μυστηρίων
719 2897 738 2915 '
768 2892 1125 2946 ἐπεδείκνυεν·
1180 2897 1261 2947 ὃτι
1309 2898 1372 2948 ἐκ
1424 2896 1692 2967 διαφόρων

133 2984 429 3054 χρωμάτων
463 2982 531 3055 ἦν
559 2987 988 3057 κατηρτισμένος
1013 2988 1041 3039 ὁ
1072 2988 1337 3056 ίερατικὸς
1369 2986 1552 3057 χιτὼν,
1580 2988 1691 3041 τῶν

134 3075 383 3127 ποικίλων
411 3074 580 3128 ὲΘνῶν
610 3075 908 3147 παρουσίαν
951 3077 1185 3148 Χριστοῦ
1222 3077 1687 3148 προσδεχομένων,

1870 2070 2063 2126 XXIV.
2101 2070 2169 2125 Et
2226 2073 2409 2137 levari,
2456 2071 2652 2143 inquit,
2706 2072 2884 2126 oculos
2930 2086 3103 2132 meos;
3158 2078 3211 2123 et
3239 2085 3355 2124 ecce

1799 2166 1877 2217 vir
1908 2166 2120 2219 vestitus
2174 2164 2389 2218 baddin.
2439 2165 2495 2218 ln
2526 2164 2700 2232 prima
2746 2164 2959 2232 quidem
3012 2162 3219 2217 visione
3268 2162 3351 2215 in-

1797 2257 1938 2326 quit:
1962 2255 2095 2308 Ecce
2117 2255 2329 2324 angelus
2363 2252 2572 2308 Gabriel
2598 2253 2822 2316 missus;
2847 2252 2934 2306 hic
2964 2266 3093 2305 vero
3117 2266 3223 2305 non
3251 2251 3345 2316 ita,

1797 2348 1889 2402 sed
1943 2346 2232 2400 Dominum
2276 2345 2443 2410 videt,
2488 2359 2595 2398 non
2641 2343 2859 2414 quidem
2907 2341 3142 2413 perfecte
3173 2342 3349 2396 homi-

1800 2454 1945 2503 nem,
1977 2437 2069 2492 sed
2105 2437 2160 2490 in
2193 2436 2383 2490 habitu
2408 2434 2646 2490 hominis
2666 2442 3031 2505 apparentem,
3063 2435 3203 2488 sicut
3228 2432 3346 2487 ait:

1798 2528 1867 2582 Et
1904 2544 2020 2583 ecce
2064 2530 2146 2583 uir
2193 2510 2408 2582 uestitus
2447 2526 2679 2589 baddin;
2705 2542 2828 2580 nam
2870 2526 3187 2581 varietatem
3214 2524 3346 2580 cha—

1796 2622 2079 2676 rismatum
2123 2620 2427 2675 vocationis
2467 2618 2693 2689 mystice
2737 2605 3093 2688 signiﬁcabat,
3128 2616 3347 2672 indutus

1794 2714 1984 2768 tunica
2009 2713 2302 2782 variegata.
2348 2710 2477 2765 Erat
2511 2711 2656 2765 enim
2713 2709 3061 2763 sacerdotalis
3090 2709 3252 2764 vestis
3280 2724 3345 2763 ex

1793 2803 2022 2859 diversis
2050 2803 2324 2857 coloribus
2353 2802 2695 2863 concinnata,
2745 2814 2869 2852 cum
2907 2796 3135 2853 diversa:
3161 2807 3345 2868 gentes

1790 2894 2081 2950 adventum
2109 2892 2310 2946 Christi
2343 2897 2735 2956 exspectarent,
2762 2897 2822 2943 ut
2848 2903 2913 2941 ex
2932 2887 3115 2941 multis
3147 2889 3345 2942 colori-

1789 2985 1893 3039 bus
1920 2983 2175 3053 componi
2204 2996 2507 3052 possemus.
2536 2978 2605 3032 Et
2640 2994 2785 3032 renes
2814 2978 2927 3047 ejus
2958 2978 3181 3031 accincti
3211 2994 3342 3031 auro

1791 3074 1977 3144 ophaz.

134 3168 459 3231 ἶνας-πολλοῖς
488 3168 740 3240 χρώμασι
767 3171 1188 3242 καταρτισθῆναι
1214 3172 1544 3243 δυνηθῶμεν.
1590 3170 1699 3227 Kal
1731 3170 1769 3239 ἠ
1793 3168 1989 3239 ὀσφὺς
2009 3165 2195 3222 αὐτοῦ
2219 3162 2644 3234 περιεζωσμένη
2667 3161 2738 3215 ἐν
2763 3167 2989 3231 χρυσίῳ
3009 3156 3202 3231 ὼφάᾷν
3260 3190 3269 3199 ι

196 3285 361 3341 XXV.
421 3288 495 3340 Τὸ
536 3288 594 3341 δὲ
642 3287 811 3356 ὠφὰζ
849 3290 1070 3358 χρυσίον
1130 3292 1366 3363 καθαρὸν
1411 3293 1687 3363 σημαίνει,

1858 3288 2025 3343 XXV.
2067 3288 2250 3359 Ophaz
2291 3300 2421 3341 vero
2463 3300 2542 3344 ex
2594 3282 2819 3338 Hebraeo
2855 3282 2909 3334 in
2943 3280 3187 3338 Graecum
3219 3298 3343 3338 ver-

133 3377 280 3429 τοῦτο
324 3378 389 3430 ἐκ
434 3378 533 3446 τῆς
587 3378 863 3449 Ἐδραῖδος
906 3383 984 3443 εἰς
1024 3380 1119 3451 τὴν
1142 3382 1416 3453 Ἑλληνίδα
1468 3399 1687 3453 μετατι-

130 3469 366 3537 Θέμενον·
416 3467 662 3539 καθαράν
705 3472 756 3537 γ’
802 3467 895 3522 οὖν
943 3472 1375 3541 περιεζωσμένος
1404 3473 1531 3544 περ)⁵
1587 3474 1689 3543 τὴν

128 3560 288 3626 ὀσφὺν
314 3558 511 3628 ζώνην·
565 3560 770 3623 πάντας
825 3561 935 3631 γὰρ
984 3564 1129 3631 ἡμᾶς
1178 3562 1407 3631 ἡμελλεν
1434 3566 1462 3616 ὁ
1493 3566 1683 3631 Λόγος,

131 3650 248 3719 περὶ
302 3649 362 3701 τὺ
415 3648 609 3702 ἑαυτοῦ
669 3650 829 3721 σῶμα
883 3655 947 3722 τῇ
1000 3652 1104 3721 ἰδίᾳ
1154 3650 1339 3723 ἀγάπῃ
1386 3652 1461 3716 ὼς
1510 3652 1685 3722 ζώνην

133 3741 354 3809 σφίγξας
401 3741 715 3811 βαστάζειν·
752 3743 813 3795 τὸ
864 3742 1021 3810 σῶμα
1066 3741 1124 3792 τὸ
1150 3742 1347 3793 τέλειον
1392 3742 1555 3794 αὑτοῦ
1593 3738 1682 3812 ἦν,

130 3832 283 3898 ἡμεῖς
314 3832 373 3883 δὲ
410 3831 545 3901 μέλη
577 3833 635 3883 ὲν
685 3830 763 3902 τῷ
815 3830 1024 3901 σώματι
1074 3830 1235 3882 αὑτοῦ
1264 3832 1551 3900 ήνωμένοι,
1592 3834 1683 3885 καὶ

132 3920 213 3969 ὑπ’
257 3920 422 3973 αὑτοῦ
470 3920 563 3973 τοῦ
621 3921 795 3988 Λόγου
827 3920 1237 3990 βασταζόμενοι.
1262 3921 1372 3973 Kal
1406 3920 1473 3973 τὸ
1514 3921 1684 3989 σῶμα

128 4010 303 4063 αὐτοῦ
334 4011 415 4076 ὡς
444 4010 709 4077 Θαρσεῖς·
757 4010 985 4081 Θαρσεῖς
1027 4012 1084 4063 δὲ
1112 4010 1469 4081 ἑρμηνεύεται
1502 4011 1681 4065 Αἰθίο-

127 4116 218 4162 πες
246 4099 381 4169 (68)·
423 4100 482 4153 τὺ
506 4100 614 4171 γάρ
632 4101 1062 4168 δυσεπίγνωστον
1090 4102 1250 4156 αὑτοῦ
1280 4102 1380 4172 ἤδη
1402 4105 1430 4156 ὁ
1466 4104 1678 4175 προφή-

124 4207 215 4263 της
247 4191 731 4261 προκατήγγειλεν,
752 4192 829 4254 ὡς
856 4193 1108 4264 μελλήσει
1138 4194 1395 4262 ἐνσαρκος
1414 4196 1471 4249 ὲν
1494 4196 1681 4267 κόσμῳ

127 4286 321 4351 φανεὶς,
350 4284 779 4353 δυσεπίγνωστος
794 4285 1008 4338 ἔσεσθαι
1035 4288 1267 4351 πολλοῖς.
1284 4287 1391 4341 Kal
1410 4289 1475 4340 τὸ
1493 4290 1678 4355 πρόσ-

125 4385 276 4425 ωπον
319 4373 504 4427 αὑτοῦ
548 4373 629 4439 ὡς
674 4372 974 4439 ἀστραπὴ,
1008 4378 1104 4429 καὶ
1142 4380 1195 4429 ol
1229 4377 1519 4445 ὀφθαλμοὶ
1574 4379 1679 4432 αὐ-

126 4460 219 4511 τοῦ
248 4461 331 4526 ὡς
360 4462 669 4530 λαμπάδες
719 4462 923 4528 πυρός·
956 4462 1063 4515 ἔδει
1106 4465 1217 4535 γὰρ
1267 4465 1328 4517 τὸ
1379 4466 1674 4533 πυρῶδες,

125 4549 208 4600 καὶ
230 4550 471 4619 κριτικὸν
485 4552 578 4603 τοῦ
597 4551 769 4620 Λόγου
795 4567 968 4621 προση
978 4553 1278 4621 μαίνεσθαι·
1304 4556 1392 4609 ἴνα
1410 4560 1521 4620 τοῖς
1545 4558 1674 4611 ἀσε-

1785 3396 1932 3446 sum,
1964 3395 2156 3434 aurum
2190 3393 2383 3448 purum
2418 3374 2703 3446 signiﬁcat.
2760 3375 2904 3430 Puro
2934 3376 3095 3445 igitur
3122 3375 3339 3445 cingulo

1784 3472 1927 3525 circa
1952 3485 2112 3526 renes
2134 3470 2409 3525 accinctus
2430 3477 2581 3533 erat;
2610 3482 2733 3521 nam
2755 3480 2945 3520 omnes
2974 3481 3075 3520 nos
3102 3463 3333 3521 Verbum

1782 3564 1925 3617 circa
1951 3577 2152 3631 corpus
2197 3577 2356 3617 suum
2401 3562 2670 3627 stringens
2727 3566 2982 3631 tanquam
3033 3556 3331 3625 cingulum,

1782 3654 1997 3724 pr0pria
2053 3654 2321 3708 charitate
2370 3658 2707 3721 portaturum
2768 3656 2906 3701 erat.
2956 3646 3166 3714 Corpus
3213 3646 3333 3722 ejus

1781 3744 2076 3814 perfectum
2102 3756 2242 3804 erat.
2269 3756 2368 3797 nos
2411 3754 2542 3793 vero
2581 3738 2823 3792 membra
2860 3736 2911 3789 in
2942 3751 3166 3805 corpore
3212 3736 3331 3806 ejus

1780 3836 1942 3902 uniti,
1969 3837 2118 3890 etab
2172 3836 2289 3904 ipso
2334 3830 2531 3891 Verbo,
2561 3830 2779 3901 portati.
2821 3827 2893 3881 Et
2941 3847 3123 3900 corpus
3179 3835 3329 3903 quasi

1783 3926 2042 3982 Tharsis:
2092 3926 2313 3981 Tharsis
2362 3939 2491 3979 vero
2512 3925 2914 3994 interpretando
2933 3932 3081 3995 ,sunt
3125 3922 3331 3979 Ethio-

1779 4032 1913 4088 pes;
1970 4019 2089 4087 ejus
2120 4028 2352 4083 namque
2402 4016 2762 4085 cognoscendi
2814 4015 3173 4070 diliicultatem
3212 4014 3324 4084 jam

1778 4109 2040 4180 propheta
2085 4104 2560 4177 prmnuntiaverat,
2600 4105 2900 4175 (nimirum)
2947 4104 3089 4173 quod
3137 4104 3325 4155 huma-

1778 4200 1949 4253 nitate
1980 4204 2255 4263 assumpla
2286 4193 2340 4247 in
2366 4195 2572 4248 mundo
2600 4209 2882 4264 apparens,
2924 4192 3104 4245 multis
3138 4192 3320 4256 agnitu

1777 4288 2008 4343 diﬂicilis
2028 4294 2171 4340 esset
2201 4284 2440 4341 futurus.
2485 4284 2556 4338 Et
2601 4287 2761 4356 facies
2817 4285 2980 4353 ipsius
3029 4283 3186 4335 veluti
3215 4282 3321 4356 [ul-

1776 4392 1894 4444 gur,
1921 4382 1969 4427 et
2000 4374 2139 4426 oculi
2186 4373 2354 4442 ipsius
2409 4384 2468 4429 ut
2517 4373 2783 4443 lampades
2831 4373 2985 4441 ignis.
3030 4370 3323 4441 Oportebat

1776 4466 1942 4529 enim,
1974 4472 2031 4518 ut
2054 4464 2561 4533 praesigniﬁcaretur
2597 4472 2836 4533 potestas
2875 4462 3323 4532 Verbijudicialis

1776 4566 1829 4609 et
1855 4570 2113 4621 exurens,
2137 4572 2242 4626 qua
2272 4555 2579 4628 (nimirum)
2613 4554 2793 4625 impiis
2832 4554 3008 4625 ignem
3052 4560 3192 4629 iuste
3216 4559 3320 4611 im-

127 4639 230 4691 εέσι
262 4640 486 4703 δικαίως
516 4641 577 4695 τὸ
598 4641 709 4714 πῦρ
735 4642 1050 4710 ἐπενέγκας,
1091 4644 1311 4709 τούτους
1343 4647 1668 4717 καταφλέξῃ.

1785 4650 1990 4704 mittens
2015 4652 2296 4705 comburet
2322 4666 2435 4704 eos.

182 4728 371 4785 XXVI.
402 4731 716 4801 Προσέθηκε
745 4732 802 4786 δὲ
851 4732 1039 4800 λέγων.
1099 4733 1211 4786 Καὶ
1247 4739 1301 4787 οἱ
1346 4738 1671 4803 βραχίονες

121 4822 317 4883 αὑτοῦ,
348 4822 444 4875 καὶ
480 4826 536 4875 ol
563 4824 745 4891 πόδες
776 4826 959 4895 ὅμοιοι
992 4825 1197 4895 χαλκῷ
1226 4826 1555 4879 στιλϐῶντι·
1581 4828 1666 4879 ἴνα

124 4912 206 4981 τὴν
233 4912 452 4983 πρώτην
484 4914 591 4965 τῶν
621 4915 921 4989 ἀνθρώπων
976 4916 1184 4987 κλῆσιν,
1230 4917 1325 4969 καὶ
1368 4917 1465 4987 τὴν
1500 4917 1669 4970 δευτέ-

124 5020 210 5070 ραν
240 5003 338 5073 τὴν
369 5004 427 5069 ἐξ
454 5003 622 5056 ὲθνῶν
643 5006 835 5075 ὁμοίαν
868 5010 1084 5079 σημανῇ
1104 5025 1118 5037 ·
1150 5010 1431 5062 Ἔσονται
1460 5008 1567 5079 γὰρ
1594 5008 1667 5061 τά

119 5094 334 5159 ἔσχατα
396 5095 480 5160 ὡς
529 5094 601 5148 τὰ
630 5096 847 5162 πρῶτα·
904 5097 1067 5164 θήσω
1112 5098 1221 5169 γὰρ
1267 5099 1408 5165 τοὺς
1450 5098 1662 5166 ἄρχον·-

120 5180 214 5248 τάς
236 5197 353 5235 σου
387 5183 468 5251 ὡς
496 5184 561 5237 τὸ
594 5186 695 5237 ἀπ’
731 5184 945 5254 ἀρχῆς,
990 5189 1091 5243 καὶ
1124 5189 1265 5256 τοὺς
1292 5190 1662 5259 ἡγουμένους

118 5286 223 5324 σου
250 5273 331 5338 ὼς
361 5272 429 5326 τὸ
489 5275 796 5343 πρότερον.
856 5277 966 5330 Kal
1008 5279 1047 5345 ή
1093 5278 1262 5347 φωνὴ
1319 5278 1533 5342 αὐτοῦ,
1583 5278 1663 5345 ὡς

118 5363 271 5434 φωνὴ
313 5365 501 5435 ὄχλου
538 5366 790 5422 πολλοῦ.
830 5367 1034 5434 Πάντες
1082 5372 1191 5444 γὰρ
1233 5374 1467 5443 σήμερον
1508 5374 1555 5425 ol
1584 5376 1664 5439 εἰς

119 5456 265 5509 αὑτὸν
317 5456 684 5523 πιστεύοντες,
734 5457 804 5512 τά
839 5457 995 5527 λόγια
1047 5461 1409 5534 φθεγγόμεθα,
1462 5462 1537 5527 ὡς
1575 5464 1665 5518 διά

1837 4735 2025 4794 XXVI.
2060 4740 2268 4809 Adiecit
2292 4752 2441 4800 vero,
2472 4737 2727 4807 inquiens
2754 4758 2767 4793 :
2797 4738 2866 4792 Et
2893 4740 3105 4792 brachia
3129 4740 3316 4806 ipsius,

1765 4834 1816 4879 et
1845 4829 1997 4897 pedes
2022 4829 2216 4883 similes
2245 4828 2340 4883 ari
2365 4828 2649 4893 candenti;
2692 4838 2751 4883 ut
2776 4829 3003 4898 primam
3036 4828 3315 4882 hominum

1726 4942 1727 4945 η
1766 4920 2128 4981 vocationem,
2157 4927 2211 4971 et
2237 4918 2460 4974 alteram
2515 4935 2579 4975 ex
2617 4922 2864 4992 gentibus
2896 4919 3125 4975 similem
3151 4918 3315 4987 signi-

1765 5009 1989 5064 ﬁcaret:
2018 5008 2189 5062 Erunt
2226 5010 2363 5063 enim
2402 5011 2684 5064 novissima
2708 5010 2843 5063 sicut
2876 5010 3098 5079 priora:
3124 5024 3315 5078 ponant

1761 5104 1899 5155 enim
1925 5101 2180 5169 principes
2207 5110 2322 5156 tuos
2349 5103 2484 5156 sicut
2512 5101 2575 5153 ab
2602 5102 2777 5163 initio,
2807 5110 2856 5155 et
2886 5100 3041 5155 duces
3071 5111 3183 5154 tuos
3205 5100 3314 5153 sic—

1761 5203 1817 5246 ut
1836 5194 1980 5262 prius
1997 5192 2207 5246 ".--Et
2223 5210 2319 5247 uox
2334 5192 2496 5261 ipsius
2526 5199 2584 5243 ut
2608 5208 2705 5245 uox
2730 5190 2894 5245 turba
2910 5191 3086 5245 multa
3100 5190 3165 5242 ".
3187 5188 3316 5244 0m-

1762 5299 1858 5338 nes
1878 5282 2022 5339 enim
2050 5299 2152 5339 nos
2176 5282 2452 5339 hodiernis
2500 5278 2712 5349 diebus,
2762 5285 2854 5354 qui
2882 5284 2936 5337 in
2974 5284 3149 5352 ipsum
3189 5297 3309 5338 cre-

1761 5373 1962 5442 dimus,
2017 5374 2235 5430 oracula
2284 5372 2580 5441 loquimur,
2619 5382 2874 5443 tanquam
2924 5386 3016 5441 per
3044 5388 3106 5428 os
3140 5372 3312 5443 ipsius

1762 5466 2066 5537 loquentes,
2098 5479 2221 5534 qua:
2249 5463 2318 5517 ab
2349 5463 2467 5534 ipso
2498 5465 2747 5521 mandata
2772 5471 2918 5518 sunt.

117 5543 367 5615 στόματος
395 5547 562 5601 αὐτοῦ
587 5548 872 5616 λαλοῦντες
899 5550 969 5605 τά
992 5550 1084 5605 ὑπ’
1114 5554 1277 5607 αὐτοῦ
1306 5556 1768 5625 προστεταγμένα.

188 5684 227 5713 ’⁷
251 5680 357 5738 ιω.
396 5697 436 5748 1,
465 5682 555 5738 27.
629 5686 678 5719 ⁸⁸
710 5686 799 5743 Cf.
830 5689 997 5759 Apoc.
1026 5704 1138 5755 ιιι,
1171 5687 1225 5741 6.
1300 5692 1321 5714 ⁶
1342 5691 1691 5765 Μυστηριωδιῖ

1794 5696 1899 5758 vel,
1932 5692 2227 5763 μυστικῶς.

152 5813 679 5903 ἱᾼίρξινςξξξξψὶιὶυδ
709 5821 881 5903 multo
896 5788 1225 5903 Hippolytus
1254 5839 1450 5903 nomen
1477 5826 1659 5903 _Tliar-

145 5898 185 5936 ts
210 5892 611 5957 interpretatur,
631 5905 793 5960 quam
821 5892 1298 5963 hiqui’in'Tarso
1336 5894 1561 5964 Ciliciae,
1603 5910 1658 5957 ct

1759 5830 1884 5884 alibi
1921 5838 2188 5896 quaerunt.
2226 5826 2651 5899 Origenesidem
2695 5827 2771 5899 ait
2806 5828 2859 5899 in
2909 5830 3119 5897 Lexico,
3160 5810 3320 5899 quod.

1762 5895 2107 5955 Martianaaus
2125 5899 2295 5955 edidit
2324 5895 2390 5954 ex
2416 5896 2536 5953 cod.
2563 5895 2697 5971 Reg.
2720 5898 2881 5955 2382.
