4098 6362
219 446 319 502 δῶ

1361 450 1783 509 FRAGMENTA
1823 456 1889 511 IN
1924 458 2293 515 DANIELEM.

3315 466 3418 521 066

229 564 475 635 Ἀμμών.
528 565 634 619 Kal
684 565 907 621 ἑκτενεῖ
948 567 1062 635 τὴν
1107 568 1273 637 χεῖρα
1301 569 1485 626 αὐτοῦ
1521 572 1620 626 ὲπί
1658 574 1751 641 rip

1873 586 2099 643 terram;
2121 588 2171 632 et
2198 590 2338 633 terra
2374 577 2591 650 £ggpti
2617 598 2715 635 non
2748 583 2849 637 erit
2875 584 2929 636 in
2959 582 3316 639 minutionem.
3350 583 3416 637 Et

217 656 364 726 τῆν’
393 658 492 709 καὶ
518 657 556 725 ἠ
585 655 660 725 γῆ
686 650 983 725 Αἰγύπξου
1001 661 1112 713 οὐκ
1138 659 1307 714 ἔσται
1336 664 1422 728 εἰς
1449 664 1762 732 σωτηρίαν⁸

218 748 312 801 καί
361 748 663 821 κυριεύσει
707 747 776 800 ἐν
814 747 938 814 τοῖς
967 749 1330 819 ἁποκρύφοις
1360 752 1463 805 τοῦ
1491 754 1765 821 χρυσίου,

218 838 311 891 ml
343 817 453 893 τοῦ
484 837 788 907 ἀργυρίου,
822 838 919 890 καὶ
948 836 1095 893 πᾶσι
1126 817 1248 905 τοῖς
1278 817 1655 911 ἐπιθυμητοῶ
1679 847 1770 897 Al-

215 930 465 996 γύπτου,
494 928 589 981 καὶ
617 928 866 993 Λιϐύων,
904 928 1001 982 καί
1032 930 1324 984 Αἰθιόπων
1362 932 1432 984 ἐν
1469 932 1593 998 τοῖς
1624 934 1767 1001 ὀχυ-

209 1018 482 1088 ρώμασιν
508 1018 727 1073 αὐτῶν.

279 1128 527 1184 XXXIX.
567 1132 752 1188 Ταῦτα
778 1131 877 1205 μιν
896 1128 990 1187 οῦν
1013 1132 1185 1197 οῦτως
1204 1134 1233 1187 ὁ
1255 1134 1535 1205 προφήτης
1567 1132 1767 1203 διηγεῖ-

210 1237 297 1273 ται
326 1222 457 1293 περὶ
484 1222 590 1275 τοῦ
613 1224 996 1295 ’Δντιχρίστου,
1022 1225 1080 1288 ὃς
1100 1223 1249 1278 ἔσται
1277 1224 1513 1294 ἀναιδὴς,
1540 1224 1767 1295 πολεμο-

210 1312 409 1381 τρόφος
465 1314 558 1367 καὶ
593 1314 871 1387 τύραννος,
905 1315 965 1379 ὃς
1000 1315 1139 1388 ὑπὲρ
1159 1316 1361 1380 πάντας
1396 1316 1644 1387 βασιλεῖς,
1672 1316 1765 1369 καὶ

211 1402 391 1455 πάντα
430 1404 564 1457 Θεὸν
601 1405 878 1477 ἐπαρθεὶς,
913 1404 1253 1477 οἰκοδομήσει
1291 1405 1385 1476 τὴν
1418 1406 1766 1479 Ἰερουσαλὴμ

209 1493 385 1558 πόλιν,
418 1494 514 1546 καὶ
540 1495 630 1547 τὸν
656 1496 781 1548 ναὸν
814 1497 1132 1567 ἀναστήσει·
1165 1497 1336 1566 τούτῳ
1368 1499 1766 1569 προσκυνήσου-

208 1600 290 1637 σιν
329 1584 408 1648 ὠς
446 1584 565 1655 Θεῷ
600 1587 648 1637 ol
691 1584 949 1648 ἀπειθεῖς,
989 1586 1085 1639 καὶ
1126 1585 1295 1655 τούτῳ
1321 1587 1449 1653 γόνυ
1474 1587 1761 1650 χλινοῦσιν,

207 1673 558 1737 ὑπονοοῦντες
597 1674 756 1727 αὑτὸν
794 1670 930 1727 εἰναι
978 1674 1067 1727 τὸν
1100 1676 1360 1746 Χριστόν·
1395 1670 1547 1739 οὗτος
1587 1675 1764 1729 ἀνελεῖ

205 1763 327 1825 τοὺς
351 1762 448 1815 δύο
484 1764 781 1834 μάρτυρας,
820 1763 913 1816 καὶ
940 1762 1272 1835 προδρόμους
1297 1766 1529 1835 Χριστοῦ
1557 1765 1761 1837 κηρύσ-

206 1868 399 1917 σοντας
424 1854 521 1925 τὴν
560 1855 765 1921 ἔνδοξον
792 1856 953 1909 αὐτοῦ
986 1859 1079 1911 ἀπ’
1109 1858 1349 1928 οὐρανῶν
1376 1851 1663 1929 βασιλείαν·
1685 1859 1759 1922 ὼς

203 1942 349 2014 λέγει
368 1963 383 1976 ·
420 1948 528 2001 Kal
558 1947 727 2001 δώσω
746 1949 869 2017 τοῖς
899 1951 1040 2005 δυσί
1062 1938 1322 2020 μάρτυσι
1342 1970 1480 2020 μου,
1506 1953 1603 2005 καί
1628 1968 1759 2020 προ-

201 2039 615 2104 φητεύσουσιν
641 2040 864 2109 ἡμέρας
890 2042 1087 2110 χιλίας
1116 2042 1425 2107 διακοσίας
1448 2041 1755 2108 ἐξήκοντα,

201 2130 685 2199 περιϐεϐλημένοι
744 2131 1046 2200 σάκκουςο
1100 2133 1280 2198 καθὼς
1324 2136 1415 2187 καὶ
1454 2133 1532 2203 τῷ
1564 2134 1755 2203 Δανιὴλ

198 2217 417 2289 εἴρηκεν
450 2222 558 2273 Kal
586 2221 855 2292 διαθήσει
892 2223 1181 2292 διαθήκην
1209 2223 1476 2289 πολλοῖς,
1506 2222 1755 2290 ἑϐδομὰς

191 2309 322 2376 μία,
379 2310 475 2363 καὶ
513 2311 684 2365 ἔσται
709 2314 779 2366 ὲν
805 2313 885 2380 τῷ
921 2316 1125 2384 ἡμίσει
1151 2311 1260 2382 τῆς
1283 2313 1620 2383 ἑϐδομάδος,
1654 2315 1755 2381 ἁρ-

197 2398 452 2465 θήσεταί
469 2418 589 2471 μου
612 2404 652 2471 ἠ
682 2406 883 2470 θυσία,
923 2406 1018 2458 καί
1050 2408 1087 2474 ἡ
1116 2404 1372 2472 σπονδὴ,
1396 2406 1480 2458 ἵνα
1504 2404 1685 2475 δειχθῇ
1720 2406 1753 2473 ἡ

198 2489 299 2559 μία
338 2491 574 2561 ἑϐδομὰς
603 2494 684 2556 εἰς
713 2493 805 2547 δύο
836 2494 1192 2566 μεριζομένηο
1227 2496 1333 2548 τῶν
1368 2495 1463 2565 μὲν
1493 2494 1583 2547 δύο
1616 2513 1752 2567 μαρ-

193 2576 377 2649 τύρων
423 2581 551 2652 τρία
600 2583 769 2653 ἥμισυ
809 2583 901 2655 ἔτη
938 2578 1339 2655 κηρυσσόντων,
1366 2580 1456 2636 τοῦ
1489 2585 1545 2637 δὲ
1585 2586 1755 2638 Ἀντι-

195 2672 439 2743 χρίστου,
462 2672 525 2727 τὸ
550 2674 823 2728 ἐπίλοιπον
854 2678 952 2747 τῆς
976 2676 1263 2746 ἑϐδομάδος
1288 2677 1413 2739 τοὺς
1440 2676 1625 2743 ἁγίους
1652 2695 1749 2729 πο-

192 2766 506 2838 λεμοῦντος,
545 2770 749 2823 καὶτὸν
780 2769 979 2839 κόσμον
1006 2769 1353 2840 ἐρημοῦντος,
1384 2770 1469 2827 ἵνα
1494 2770 1749 2842 πληρωθῇ

191 2856 254 2908 τὸ
278 2856 567 2928 εἰρημένον
585 2874 599 2887 ³
643 2858 752 2913 Kal
789 2857 1051 2913 δώσουσι
1074 2859 1386 2929 βδέλυγμα
1410 2859 1751 2929 ἐρημώσεως

191 2945 421 3014 ἡμέρας
450 2949 649 3016 χιλίας
673 2948 983 3015 διακοσίας
1008 2938 1386 3018 ἐνενήκοντα.

263 3036 378 3090 XL.
416 3039 521 3091 Δύο
559 3035 649 3113 οῦν
697 3040 1035 3112 βδελύγματα
1072 3042 1259 3113 εἴρηκε
1302 3041 1519 3112 Δανιὴλ,
1558 3039 1617 3092 ἓν
1653 3040 1750 3108 μὲν

188 3126 523 3197 ἀφανισμοῦ,
553 3111 695 3182 ἕν’δὲ
724 3111 1083 3201 ἐρημώσεως·
1114 3111 1164 3184 τί
1183 3111 1255 3184 τὸ
1290 3111 1610 3201 ἀφανισμοῦ,
1635 3132 1747 3185 ἀλλ’

1867 667 2229 723 dominabitur
2256 672 2310 723 in
2333 669 2652 725 absconditis
2680 675 2798 725 auri
2837 682 2887 726 et
2910 675 3130 744 argenti,
3154 684 3201 727 et
3227 676 3280 727 in
3302 691 3413 727 om-

1866 756 2019 810 nibus
2052 760 2290 824 pretiosis
2322 758 2564 828 zEgypti,
2601 770 2651 815 et
2680 762 2920 832 Libyam,
2944 773 2997 818 et
3026 764 3335 834 Ᾰῖιίιίορκιιι
3358 766 3414 819 in

1865 852 2268 919 propugnaculis
2293 866 2490 927 eorum.

1932 1130 2174 1185 XXXIX.
2215 1130 2339 1187 Haec
2368 1132 2529 1202 igitur
2568 1136 2827 1204 propheta
2863 1136 2937 1190 ita
2964 1148 3181 1191 enarrat
3209 1139 3273 1193 de
3298 1140 3407 1194 An.

1864 1215 2130 1280 tichristo,
2157 1219 2250 1285 qui
2275 1220 2378 1272 erit
2403 1220 2707 1289 impudens,
2740 1222 2863 1297 belli
2900 1224 3110 1290 avidus,
3145 1236 3198 1281 et
3220 1235 3403 1298 tyranc

1864 1322 1985 1371 nus,
2016 1309 2107 1375 qui
2138 1324 2301 1376 super
2328 1314 2520 1365 omnes
2554 1327 2709 1380 reges
2738 1329 3060 1384 omnemque
3092 1316 3255 1371 Deum
3292 1320 3406 1372 eia-

1862 1405 1971 1460 tus,
2005 1398 2187 1451 urbem
2220 1396 2518 1452 Jerusalem
2564 1403 2857 1468 reparabit,
2898 1412 2950 1458 et
2980 1406 3232 1474 templum
3264 1407 3409 1461 exci—

1862 1486 2026 1551 tabit;
2056 1487 2199 1541 hunc
2222 1488 2523 1543 adorabunt
2547 1491 2711 1544 veluti
2736 1490 2904 1546 Deum
2935 1482 3252 1559 refractarii,
3283 1496 3409 1551 huic

1861 1575 2235 1644 genuﬂectent,
2264 1577 2634 1633 existimantes
2656 1579 2829 1648 ipsum
2852 1595 2973 1635 esse
2991 1580 3293 1648 Christum;
3320 1584 3406 1637 hic

1860 1661 1996 1713 duos
2021 1670 2181 1716 testes
2208 1672 2261 1717 et
2287 1662 2486 1717 Christi
2514 1680 2892 1734 przecursores,
2922 1668 3210 1736 gloriosum
3236 1672 3409 1741 ipsius
3438 1659 3445 1663 θ

1859 1764 1890 1803 e
1921 1752 2073 1805 caelis
2104 1768 2323 1819 regnum
2357 1755 2725 1821 praedicantes,
2758 1758 2823 1811 de
2849 1758 3025 1813 medio
3066 1760 3237 1824 tollet;
3266 1762 3407 1816 sicut

1860 1843 1972 1896 ait:
2009 1842 2074 1895 Et
2108 1845 2239 1896 dabo
2279 1846 2478 1898 duobus
2513 1846 2725 1899 testibus
2760 1850 2905 1915 meis,
2942 1859 2991 1903 et
3029 1851 3404 1920 prophetabunt

1791 1915 2034 1985 Bdiebus
2087 1936 2230 1987 mille
2287 1935 2525 1989 ducentis
2580 1939 2872 2007 sexaginta,
2936 1915 3133 1993 amicti.
3168 1943 3398 2007 saccis‘;

1856 2027 2305 2093 quemadmodum
2334 2035 2387 2078 et
2412 2025 2619 2080 Danieli
2656 2030 2789 2081 dixit
2818 2048 2832 2081 :
2859 2029 2930 2081 Et
2958 2032 3287 2098 conﬁrmabit
3305 2050 3403 2101 pa-

1853 2125 1993 2167 ctum
2033 2116 2211 2168 multis
2243 2116 2565 2169 Itebdomada
2598 2134 2735 2182 una,
2770 2127 2819 2170 et
2846 2119 2943 2171 erit
2979 2120 3033 2172 in
3065 2121 3282 2174 dimidio
3308 2124 3398 2175 lae-

1854 2205 2146 2267 bdomadis,
2176 2208 2441 2275 auferetur
2460 2207 2777 2275 sacriﬁcium
2806 2200 2973 2261 meum
3006 2222 3053 2263 et
3081 2210 3323 2277 libamen,
3344 2223 3401 2266 ut

1852 2295 2165 2349 ostendatur
2204 2312 2307 2349 una
2356 2298 2690 2351 hebdomada
2741 2298 2794 2351 in
2846 2300 2983 2355 duas
3016 2300 3209 2357 divisa.
3263 2301 3397 2356 Nam

1851 2383 1959 2437 duo
1983 2385 2197 2453 quidem
2231 2394 2394 2440 testes
2429 2388 2599 2441 tribus
2627 2403 2750 2441 cum
2778 2389 3001 2443 dimidio
3028 2394 3183 2447 annis
3208 2395 3400 2463 przedi-

1851 2477 2071 2542 cabunt,
2115 2477 2167 2531 in
2220 2480 2427 2547 reliquo
2476 2495 2602 2533 vero
2644 2481 2989 2536 hebdomade
3036 2485 3397 2543 Antichristus

1851 2578 2069 2624 sanctos
2111 2569 2249 2623 bello
2291 2579 2661 2638 persequetur,
2706 2568 3071 2649 mundumque
3108 2576 3393 2643 desolahit,

1849 2671 1910 2717 ut
1932 2662 2304 2730 adimpleatur,
2338 2661 2477 2729 quod
2502 2661 2700 2715 dictum
2724 2673 2807 2715 est
2834 2682 2845 2714 :
2880 2662 2947 2714 Et
2973 2665 3168 2718 dabunt
3195 2668 3395 2721 abomi-

1851 2755 2111 2805 nationem
2154 2753 2491 2806 desolationis
2543 2752 2721 2804 diebus
2766 2754 2907 2805 mille
2946 2755 3178 2809 ducentis
3225 2775 3392 2812 nona-

1850 2845 2021 2915 ginta.
2069 2862 2077 2871 ’

1898 3038 2027 3094 ‘XL.
2071 3038 2211 3092 Duas
2249 3037 2411 3108 igitur
2450 3038 2879 3095 abominationes
2910 3042 3159 3110 praedixit
3185 3043 3390 3111 Daniel,

1846 3142 2006 3183 unam
2020 3127 2232 3197 quidem
2246 3127 2872 3194 destructionis,alteram
2886 3145 3013 3185 vero
3024 3131 3390 3189 desolationis.

187 3220 224 3291 ἢ
258 3219 287 3271 ὃ
316 3217 543 3288 ἔστησεν
574 3220 690 3298 ὲκειῖ
725 3222 865 3273 κατὰ
893 3222 982 3273 τὸν
1020 3222 1206 3292 καιρὸν
1241 3222 1536 3292 Ἀντίοχοςς
1576 3223 1669 3273 καὶ
1693 3222 1745 3273 τί

1847 3218 2101 3283 Quasnam
2115 3226 2195 3271 est
2208 3217 2295 3270 illa
2312 3217 2713 3286 destructionis,
2728 3220 2831 3273 nisi
2847 3236 3006 3289 quam
3025 3221 3094 3275 ibi
3108 3222 3171 3285 ad
3187 3230 3397 3298 tempus

186 3309 373 3379 τὸτῆς
415 3294 764 3380 ἐρημώσεως,
808 3311 977 3384 ἀλλ’ἢ
1033 3312 1255 3364 καθόλου
1301 3314 1374 3375 ὠς
1424 3312 1688 3382 παρέσται
1718 3314 1747 3364 ό

199 3399 602 3473 Ἀντίχριστοςς
656 3400 766 3455 Kal
811 3398 974 3455 οὗτοι
1014 3400 1387 3467 σωθήσονται
1434 3402 1501 3454 ἐκ
1555 3400 1747 3468 χειρὸς

185 3492 401 3553 αὐτοῦ,
439 3489 642 3559 Ἐδὼμ,
667 3490 765 3544 καί
788 3490 983 3553 Μωὰϐ,
1005 3489 1104 3542 καὶ
1130 3490 1283 3558 ἀρχὴ
1312 3489 1455 3543 υίῶν
1494 3490 1743 3560 Ἀμμών.

184 3575 351 3634 Οὗτοι
380 3580 487 3649 γάρ
514 3583 649 3634 εἰσιν
692 3583 740 3635 oi
784 3581 1157 3654 συνερχόμενοι
1201 3581 1347 3651 αὐτῷ
1377 3582 1464 3635 διὰ
1495 3583 1591 3653 τὴν
1621 3598 1749 3649 συγ-

184 3671 427 3739 γένειαν,
457 3672 550 3725 καὶ
576 3672 796 3743 βασιλέα
818 3675 977 3728 αὑτὸν
1004 3672 1207 3745 πρῶτοι
1234 3674 1671 3744 ἀναγορεύοντες
1697 3675 1745 3726 οἰ

117 3778 125 3784 ‘
185 3760 293 3830 μὲν
345 3760 520 3831 Ἐδὼμ
562 3763 696 3815 εἰσὶν
726 3764 829 3815 υἰοὶ
868 3762 1033 3817 Ἠσαῦ
1060 3764 1108 3815 οἰ
1137 3762 1506 3824 κατοικοῦντες
1538 3763 1595 3814 τὸ
1625 3764 1747 3831 ὅρος

180 3852 385 3924 Σηείρ’
416 3852 588 3905 Μωὰδ
622 3852 677 3905 δὲ
713 3855 807 3906 καὶ
845 3853 1084 3923 Ἀμμὼν,
1114 3856 1162 3906 οἰ
1186 3857 1250 3905 ἐκ
1273 3853 1381 3905 τῶν
1402 3852 1492 3905 δύο
1526 3851 1747 3919 θυγατέ-

182 3960 301 4014 ρων
334 3943 498 3996 αὐτοῦ
526 3944 925 4013 γεγεννημένοι,
952 3945 1025 4006 ὡς
1050 3945 1142 3999 καὶ
1192 3944 1412 4005 Ἡσαΐας
1436 3944 1613 4008 λέγει·
1636 3940 1747 3994 Kal

72 4071 77 4077 ι
178 4034 666 4101 πετασθήσονται
701 4034 770 4087 ἐν
793 4034 1023 4099 πλοίοις
1050 4035 1411 4101 ἀλλοφύλων
1435 4031 1749 4086 θάλασσαν

176 4124 310 4193 ἅμα
342 4125 837 4193 προνομεύσουσι,
870 4125 965 4177 καὶ
988 4127 1041 4177 οἱ
1066 4124 1180 4178 ἀπὸ
1209 4122 1517 4179 ἀνατολῶν
1548 4123 1744 4191 ἡλίου,

175 4214 287 4267 καὶ
314 4217 371 4268 οἰ
400 4214 517 4269 ἀπὸ
546 4213 813 4284 δυσμῶν,
855 4214 953 4268 καί
983 4213 1196 4283 βορῤᾶ,
1235 4215 1495 4269 δώσουσι
1526 4216 1713 4279 δόξαν
1731 4234 1744 4246 ·

176 4307 240 4357 οἱ
279 4304 352 4357 δὲ
380 4306 496 4375 ι·ίοί
550 4305 779 4375 Ἀμμὼν
824 4304 1037 4373 πρῶτοι
1075 4308 1537 4361 ὑπακούσονται.
1582 4302 1747 4370 Οὗτος

174 4392 276 4444 ὑπ’
314 4392 489 4447 αὐτῶν
534 4394 787 4464 βασιλεὺς
826 4394 1227 4464 ἀναγορευθεὶς,
1275 4396 1367 4447 καὶ
1398 4396 1501 4448 ὑπὸ
1534 4398 1747 4449 πάντων

173 4481 487 4548 δοξασθεὶς,
510 4484 602 4535 καὶ
632 4484 901 4555 βδέλυγμα
927 4483 1251 4555 ἐρημώσεως
1274 4486 1353 4555 τῷ
1383 4486 1567 4556 κόσμῳ
1596 4501 1746 4554 γενη-

175 4572 303 4635 θεὶς
346 4573 603 4644 κρατήσει
642 4575 857 4647 ἡμέρας
897 4574 1069 4647 χιλίας
1107 4576 1382 4640 διακοσίας
1410 4578 1739 4645 ἐνενήκοντα.

175 4662 491 4731 Μακάριος
522 4667 555 4718 ό
584 4666 931 4733 ὑπομείνας,
981 4666 1079 4722 καί
1127 4666 1362 4735 φθάσας
1398 4669 1483 4729 εἰς
1524 4663 1745 4732 ἡμέρας

173 4755 391 4828 χιλίας
421 4756 761 4821 τριακοσίας
793 4755 1109 4824 τριάκοντα
1144 4756 1350 4810 πέντε·
1378 4754 1470 4806 τοῦ
1498 4752 1605 4824 γὰρ
1630 4754 1745 4824 βδε-

173 4845 461 4915 λύγματος
515 4845 985 4914 παραγενομένου,
1056 4846 1151 4898 καὶ
1211 4842 1564 4913 πολεμοῦντος
1622 4844 1747 4907 τοὺς

173 4936 400 5005 ἁγίους,
434 4933 491 4997 ὃς
522 4932 587 4986 ἂν
617 4933 826 5004 ὑπερϐῇ
858 4934 955 4999 τὰς
983 4936 1190 5008 ἡμέρας
1217 4932 1399 4995 αὑτοῦ,
1433 4934 1521 4985 καὶ
1554 4934 1748 5006 ὲγγίσῃ

172 5027 260 5088 εἰς
301 5024 515 5095 ἡμέρας
546 5023 948 5093 τεσσαράκοντα
990 5026 1168 5089 πέντε,
1208 5024 1396 5091 ἐτέρας
1426 5023 1744 5094 ὲγγιζούσης

126 5146 129 5148 »
173 5115 581 5185 αντηκοστῆς,
620 5113 850 5183 ἔφθασεν
885 5116 918 5185 ἡ
961 5114 1204 5185 βασιλεία
1227 5114 1334 5166 τῶν
1357 5114 1625 5184 οὐρανῶν·
1656 5115 1744 5184 ἕρ-

172 5221 344 5275 χεται
385 5208 484 5277 μὲν
512 5209 543 5261 ό
590 5205 967 5275 ’Δντίχριστος,
995 5207 1089 5260 καὶ
1120 5207 1197 5268 εἰς
1228 5204 1389 5275 μέρος
1417 5206 1515 5275 τῆς
1545 5223 1740 5277 πεντη-

1846 3308 2034 3361 statuit
2058 3306 2389 3362 Antiochus?
2419 3323 2539 3378 qua:
2564 3323 2692 3362 vero
2727 3309 3092 3373 desolationis.
3134 3312 3238 3379 nisi
3263 3328 3396 3381 quae

1845 3398 1949 3451 erit
1965 3397 2161 3467 ubique
2184 3398 2448 3464 Iocomm,
2472 3399 2687 3467 quando
2702 3398 2873 3453 aderit
2898 3398 3302 3454 Antichristus?
3324 3401 3391 3453 Et

1846 3492 1898 3545 hi
1913 3490 2291 3544 salvabunture
2304 3507 2459 3542 manu
2472 3491 2655 3555 ipsius,
2680 3489 2862 3551 Edam,
2880 3498 2929 3540 et
2949 3488 3121 3549 Moab,
3141 3498 3187 3557 et
3202 3492 3391 3557 princi-

1844 3584 1987 3652 pium
1999 3581 2228 3649 ﬁliorum
2246 3582 2487 3641 Ammon;
2502 3580 2704 3633 hienim
2724 3587 2868 3643 sunt,
2887 3578 2979 3646 qui
2992 3592 3108 3632 sese
3124 3580 3222 3648 ipsi
3240 3596 3390 3649 prop-

1844 3680 1926 3723 tcr
1953 3668 2434 3736 consanguinitatis
2463 3668 2903 3724 noeessitudinem
2922 3670 3254 3731 consociant,
3280 3673 3389 3740 pri-

1844 3760 2025 3826 mique
2051 3759 2223 3826 ipsum
2244 3774 2421 3829 regem
2442 3760 2783 3827 appellantes.
2801 3758 3015 3812 Idumaei
3033 3761 3247 3828 quidem
3264 3774 3391 3817 sunt

1846 3848 1937 3901 tilii
1968 3846 2106 3901 Esau
2132 3849 2184 3901 in
2211 3858 2396 3903 monte
2428 3850 2544 3902 Seir
2571 3848 2900 3915 habitantes;
2927 3850 3166 3907 Moabitae
3188 3870 3312 3907 vero
3336 3865 3388 3909 et

1844 3939 2188 4004 Ammonitaz,
2228 3940 2318 4008 qui
2349 3954 2414 3992 ex
2448 3938 2659 3993 duabus
2688 3939 2857 4008 ipsius
2886 3942 3010 3997 (iliis
3045 3952 3171 3999 sunt
3196 3961 3392 4016 propa-

1846 4032 1974 4099 gati,
2006 4031 2145 4084 sicut
2171 4031 2327 4083 etiam
2364 4029 2533 4083 Isaias
2561 4028 2723 4083 dicit:
2753 4030 2822 4083 Et
2843 4035 3113 4088 extendent
3142 4052 3205 4101 se
3220 4036 3272 4088 in
3294 4052 3387 4086 na-

1846 4120 1992 4173 vibus
2026 4120 2455 4186 alienigenarum,
2498 4118 2656 4171 simul
2682 4136 2826 4173 mare
2854 4121 3303 4189 deprwdabuntur,
3337 4129 3387 4173 et

1845 4212 1933 4281 qui
1958 4214 2020 4261 ab
2044 4222 2159 4262 ortu
2185 4208 2332 4271 solis,
2358 4209 2444 4277 qui
2477 4210 2540 4262 ab
2564 4211 2823 4266 occidente
2846 4220 2895 4264 et
2921 4210 3158 4279 aquilone
3189 4211 3386 4264 dabunt

1846 4301 2091 4368 gloriam,
2124 4298 2225 4366 ﬁlii
2262 4315 2378 4351 vero
2414 4300 2633 4352 Ammon
2672 4301 2828 4369 primi
2867 4299 3097 4352 obedient
3121 4302 3159 4354 ².
3194 4299 3290 4355 Hic
3318 4303 3390 4356 ab

1844 4390 1975 4458 ipsis
2015 4404 2108 4443 rex
2146 4390 2434 4454 salutatus,
2480 4399 2535 4444 et
2578 4393 2646 4444 ab
2675 4389 2924 4443 omnibus
2961 4390 3307 4460 gloriticatus,
3336 4403 3388 4447 et

1847 4479 2047 4533 mundo
2069 4480 2395 4535 abominatio
2415 4478 2758 4535 desolationis
2774 4477 3014 4547 euectus,
3035 4482 3222 4539 diebus
3244 4484 3391 4537 mille

1775 4556 1821 4614 Ῑ)
1845 4569 2091 4624 ducentis
2123 4571 2411 4641 nonaginta
2439 4570 2821 4624 dominabitur.
2851 4570 3045 4626 Beatus
3090 4576 3178 4643 qui
3224 4575 3385 4626 susti-

1847 4665 2016 4718 nuerit
2051 4679 2208 4732 usque
2228 4663 2295 4714 ad
2318 4661 2426 4713 dies
2454 4660 2595 4713 mille
2620 4670 2868 4716 trecentos
2892 4666 3110 4734 triginta
3132 4666 3384 4736 quinque;

1848 4767 1969 4806 nam
2005 4750 2403 4805 abominatione
2440 4749 2775 4813 adveniente.
2814 4761 2868 4806 et
2896 4761 3111 4808 sanctos
3140 4761 3384 4814 vexante,

1847 4844 2155 4912 quicunque
2178 4839 2324 4893 illius
2339 4839 2455 4893 dies
2476 4844 2830 4911 superaverit.
2849 4852 2901 4897 et
2920 4841 3199 4897 accesserit
3220 4856 3387 4909 prope

1847 4934 1912 4988 ad
1936 4934 2049 4986 dies
2069 4930 2419 5000 quadraginta
2455 4933 2714 5003 quinque,
2744 4933 2867 4988 aliis
2887 4931 3274 5003 quinquaginta
3296 4946 3385 4985 ac-

1848 5021 2181 5083 cedentibus,
2220 5020 2469 5077 adveniet
2505 5038 2725 5093 regnum
2769 5024 3048 5079 caalorum.
3080 5017 3237 5073 Venit
3266 5022 3391 5089 qui-

1846 5115 1963 5167 dcm
1996 5114 2359 5169 Antichristus
2389 5116 2548 5170 etiam
2584 5116 2636 5168 in
2659 5124 2863 5185 partem
2895 5111 3381 5180 quinquagesimae;

1848 5221 2067 5275 regnum
2099 5221 2226 5261 vero
2252 5207 2423 5262 sancti
2450 5222 2573 5262 cum
2601 5206 2821 5273 Christo
2846 5200 3208 5257 haereditaturi
3235 5210 3386 5257 sunt.

173 5295 409 5365 κοπῆς,
438 5297 537 5369 τὴν
561 5297 620 5350 δὲ
646 5296 913 5367 βασιλείαν
939 5297 987 5349 oi
1019 5297 1160 5364 ἆγιοι
1201 5298 1317 5365 ἅμα
1355 5296 1573 5368 Χριστῷ
1612 5297 1957 5367 κληρονομεῖν
1987 5296 2253 5365 μέλλουσι.

254 5384 399 5441 XLI.
439 5388 653 5442 Τούτων
697 5388 867 5451 οὕτως
912 5385 1250 5459 εἰρημένων,
1277 5388 1421 5457 λέγει
1450 5390 1478 5441 ὁ
1513 5387 1740 5457 Δανιήλ-

177 5482 297 5539 Kal
338 5480 465 5533 ἰδοὺ
510 5482 619 5535 δύο
660 5482 871 5551 ἄνδρες
912 5478 1299 5546 εἰστήκασαν,
1346 5477 1433 5545 εἷς
1469 5480 1745 5533 ἐντεῦθεν

176 5572 295 5627 τοῦ
336 5572 578 5641 χείλους
611 5574 716 5629 τοῦ
748 5571 1031 5643 ποταμοῦ,
1078 5572 1173 5624 καὶ
1202 5568 1288 5637 εἷς
1319 5572 1613 5634 ἐντεῦθεν,
1644 5570 1743 5625 καί

178 5659 604 5727 ἀπεκρίθησαν
631 5660 711 5727 τῷ
732 5661 904 5729 ἀνδρί
928 5659 1006 5726 τῷ
1031 5660 1307 5729 ἑστηκότι
1335 5661 1431 5715 ἐπὶ
1460 5660 1523 5714 τὸ
1545 5658 1745 5729 χεῖλος

259 5843 277 5873 ⁸
310 5842 473 5911 Apoc.
506 5852 582 5906 ιι,
609 5838 662 5893 5.
738 5842 758 5870 ’
787 5838 891 5894 Isa.
918 5856 996 5906 ιι,
1033 5844 1114 5897 Η.

1913 5386 2185 5443 XLl.-His
2230 5390 2301 5442 ita
2342 5391 2625 5452 enarratis,
2667 5387 2739 5440 ait
2785 5384 3013 5438 Daniel:
3043 5383 3108 5437 Et
3141 5398 3255 5437 ecce
3281 5384 3389 5435 duo

1842 5477 1940 5528 viri
1969 5487 2242 5544 steterunt,
2268 5496 2397 5531 unus
2416 5480 2534 5531 hinc
2552 5492 2703 5544 super
2724 5475 2889 5543 ripam
2910 5474 3164 5543 ﬂuminis,
3184 5482 3231 5526 et
3250 5471 3385 5523 alius

1843 5566 1983 5628 inde,
2028 5577 2077 5619 et
2120 5568 2487 5636 responderunt
2536 5566 2645 5639 viro
2714 5564 2805 5633 qui
2844 5564 3016 5615 stabat
3044 5576 3195 5629 super
3222 5571 3389 5626 aquas

1844 5657 2096 5727 ﬂuminis,
2125 5669 2171 5715 et
2203 5660 2444 5713 dixerunt
2467 5656 2550 5710 illi
2577 5669 2596 5708 :
2631 5652 2902 5725 Usquequo
2936 5652 3057 5720 ﬁnis
3093 5660 3391 5705 sermonum
