4098 6362
532 572 535 577 Α
612 490 710 547 επ

1483 488 1540 544 S.
1581 450 1963 545 HlPPOLYTl'
1982 490 2133 549 OPP.
2171 490 2357 549 PARS
2383 490 2425 547 l.
2464 522 2532 532 —-—
2557 488 2962 547 EXEGETICA.

3723 490 3830 576 (ὶῖέ

612 625 706 677 per
732 609 945 663 illorum
979 608 1137 663 (idem
1169 608 1310 676 ignis
1339 608 1393 661 in
1424 606 1648 663 fornace
1678 620 1947 679 arceatur,
1973 619 2027 667 et
2047 626 2151 668 cori

2245 610 2439 684 ητριῶν
2470 609 2675 665 παίδων
2703 608 2943 680 ἡττηθῇ,
2990 608 3081 661 καὶ
3124 607 3213 663 διὰ
3253 608 3453 665 τούτων
3496 608 3729 674 πίστεως
3770 612 3830 664 τὸ

611 714 892 769 ruptorum
925 700 1200 754 seniorum
1231 700 1369 753 vieta
1402 698 1569 754 libido
1596 710 1876 771 arguatur.

1263 871 1415 926 CAP.
1446 870 1509 925 ll.

681 966 743 1021 ἵ.
774 967 825 1019 5.
851 994 921 1005 --
953 964 1073 1017 Vidi
1099 965 1379 1019 somnium.
1406 964 1698 1036 Hippolyti.
1732 954 2019 1021 Somnium
2043 968 2167 1037 qui-

2270 702 2328 753 ὲν
2361 700 2576 771 καμίνῳ
2600 699 2710 772 πῦρ
2735 699 3037 770 φυγαδευθῇ
3054 742 3070 765 ,
3097 700 3190 753 καὶ⁹
3217 699 3322 753 τῶν
3352 701 3569 773 ἀνόμων
3591 702 3829 773 πρεσϐυ-

2269 789 2442 860 τέρων
2474 789 2718 860 ματαίως
2748 789 2782 859 ή
2815 789 3076 859 ἐπιθυμία
3102 788 3348 862 ἐλεγχθῇ.

2922 878 3059 929 ΚΕΦ
3095 878 3169 935 B'.

2288 967 2295 974 “
2338 973 2407 1035 γ’.
2448 967 2901 1036 Ἐνυπνιὰσθην.
2934 969 3264 1027 Ἱππολύτου.
3312 972 3385 1025 T6
3432 972 3529 1045 μὲν
3572 968 3667 1027 οὖν
3700 973 3825 1027 ἐνύ-

606 1057 725 1111 dem
748 1075 775 1108 a
803 1073 933 1128 rege
952 1057 1149 1119 visum,
1182 1073 1289 1110 non
1319 1067 1435 1111 crat
1462 1066 1737 1125 terrestre,
1767 1067 1829 1113 ut
1857 1074 1957 1129 per
1979 1062 2145 1114 mund

2267 1071 2416 1108 πνιον
2449 1054 2509 1108 τὸ
2547 1057 2652 1109 ὑπὸ
2678 1058 2770 1133 τοῦ
2806 1058 3064 1128 βασιλέως
3098 1060 3423 1130 ἑωραμένον,
3466 1063 3564 1116 οὐκ
3595 1058 3663 1134 ἦν
3702 1064 3825 1115 ἐπί-

606 1148 874 1216 sapientcs
902 1136 1376 1217 interpretaretur;
1424 1149 1516 1202 sed
1564 1156 1683 1202 erat
1730 1148 1977 1214 cmlesre,
2011 1149 2151 1220 just:

2266 1159 2443 1214 γειον,
2479 1146 2565 1200 ἵνα
2598 1148 2702 1201 ὑπὸ
2731 1150 2840 1203 τῶν
2875 1150 2968 1203 τοῦ
3013 1152 3215 1221 κόσμου
3263 1153 3437 1221 σοφῶν
3480 1156 3786 1226 ὲρμηνευθῇ
3812 1171 3827 1186 ⁶

604 1237 698 1293 Dei
726 1240 1056 1293 voluntatem
1101 1249 1156 1293 et
1201 1239 1593 1307 providentiam
1642 1253 1883 1308 congruo
1928 1247 2168 1310 tempore

602 1330 1187 1399 impletum.—ltaque
1221 1330 1324 1384 hoc
1352 1330 1582 1384 celatum
1611 1338 1693 1384 est
1715 1332 1990 1385 terrestria
2019 1332 2168 1402 cogi-

559 1457 562 1460 ~
603 1421 843 1476 tantibus
860 1420 1190 1485 hominibus,
1205 1421 1910 1489 utqumrentibusccelestia,
1924 1424 2161 1478 caelestia

2263 1237 2376 1290 ἀλλ’
2404 1234 2471 1308 ἦν
2496 1240 2845 1310 ἐπουράνιον,
2876 1242 3014 1294 κατὰ
3048 1242 3179 1294 Θεοῦ
3212 1243 3401 1315 βουλὴν
3434 1245 3527 1298 καὶ
3570 1246 3826 1315 πρόνοιαν

2264 1329 2410 1392 ίδίοις
2436 1334 2643 1400 καιροῖς
2676 1332 3043 1403 πληρούμενον
3062 1350 3075 1363 ’
3117 1333 3209 1385 καὶ
3240 1334 3327 1387 διά
3346 1335 3502 1388 τοῦτο
3535 1338 3825 1408 ἀπεκρύᾶη

2264 1420 2362 1491 μὲν
2390 1421 2496 1474 ἀπὸ
2522 1421 2629 1474 τῶν
2662 1422 2730 1475 τὰ
2765 1423 2980 1490 ἐπίγεια
3014 1424 3347 1493 φρονούντων
3378 1425 3675 1498 ἀνθρώπων
3694 1466 3711 1490 ,
3737 1428 3829 1481 ἵνα

599 1510 855 1581 mysteria
887 1509 1275 1565 revelarentur.
1316 1510 1369 1564 In
1399 1511 1633 1581 Egypto
1672 1512 1818 1566 enim
1859 1512 2151 1569 PharaOnis

2258 1515 2371 1576 τοῖς
2403 1512 2469 1566 τά
2503 1515 2804 1583 ἐπουράνια
2836 1513 3090 1586 ζητοῦσι,
3121 1514 3193 1569 τὰ
3225 1516 3519 1588 ἐπουράνια
3552 1520 3827 1589 μυστήρια

596 1611 651 1656 et
679 1600 899 1669 Josephi
933 1610 1174 1670 tempore
1203 1602 1401 1657 similia
1425 1601 1565 1658 facta
1592 1611 1741 1659 sunt.

670 1776 736 1830 ν.
767 1778 819 1832 5.
843 1806 915 1817 —
939 1775 1121 1832 Sermo
1152 1780 1359 1832 recessit
1384 1796 1417 1833 a
1449 1797 1549 1834 me.
1580 1781 2042 1867 Hippolyti.Visio
2070 1802 2160 1841 ce-

2258 1605 2647 1675 ἀποκαλυφθῇ·
2679 1606 2773 1657 καὶ
2809 1606 2917 1677 γὰρ
2961 1608 3017 1660 ἐν
3052 1607 3309 1679 Αἰγύπτῳ
3345 1610 3437 1661 ἐπὶ
3481 1608 3574 1663 τοῦ
3624 1607 3826 1681 Φαραὼ

2258 1696 2352 1749 καὶ
2381 1696 2473 1748 τοῦ
2514 1696 2710 1766 Ἰωσὴφ
2741 1698 2807 1750 τὰ
2838 1698 2996 1768 ὅμοια
3028 1700 3340 1770 γεγένηται.

2325 1792 2387 1838 ε’.
2447 1787 2499 1838 Ὀ
2533 1788 2713 1856 λόγος
2744 1789 2845 1842 ἀπ’
2879 1791 3023 1859 ἐμοῦ
3064 1790 3314 1859 ἀπέστη.
3356 1793 3687 1847 Ἱππολύτου.
3722 1794 3823 1848 Διά

594 1868 701 1923 lata
738 1868 839 1922 fuit
887 1868 1018 1938 regi,
1068 1878 1125 1923 ut
1167 1885 1199 1923 a
1242 1868 1353 1925 Deo
1390 1872 1593 1927 electus
1648 1872 1836 1929 Daniel
1891 1878 2145 1947 propheta

2254 1875 2414 1953 τοῦτο
2450 1877 2733 1949 ἀπεκρύϐη
2777 1881 2834 1932 τὸ
2867 1881 3047 1951 ὅραμα
3080 1880 3187 1933 ἀπὸ
3215 1882 3305 1934 τοῦ
3338 1882 3627 1953 βασιλέως,
3661 1885 3747 1937 ἶνα
3790 1887 3819 1938 6

592 1976 714 2014 eam
735 1961 1059 2029 explicaret;
1084 1976 1203 2029 quae
1230 1965 1373 2017 enim
1404 1965 1524 2020 aliis
1545 1967 1737 2031 celata,
1764 1969 1829 2022 ab
1851 1969 1957 2023 alio
1993 1986 2142 2024 reveo'

2252 1952 2357 2019 ὑπὸ
2386 1966 2521 2021 Θεοῦ
2551 1942 2789 2036 ἐκλέγεις
2836 1942 3034 2041 Δένιήλ
3067 1942 3349 2043 προφήτης
3377 1973 3451 2026 ὢν
3483 1942 3816 2044 ἀπύδειχθῇ”

550 2072 557 2079 ν
594 2049 793 2115 lantur,
817 2055 1123 2107 necessario
1148 2053 1463 2123 prophetam
1507 2071 1632 2111 eum
1659 2058 2012 2118 manifestam
2054 2060 2147 2130 qui

594 2140 816 2193 revelat.
1165 2162 1176 2171 υ

659 2320 725 2375 γ.
764 2321 849 2376 10.
870 2351 942 2362 -
962 2321 1339 2391 Respondentes
1364 2340 1491 2394 ergo
1521 2325 1759 2387 Chaldaei
1800 2343 1977 2382 coram
2011 2342 2146 2397 rege,

588 2411 833 2465 dixerunt
857 2428 876 2465 :
904 2411 1027 2465 Non
1052 2421 1128 2464 est
1180 2414 1331 2466 homo
1363 2430 1520 2482 super
1548 2426 1764 2478 terram,
1799 2426 1903 2471 etc.
1927 2416 2150 2489 “Hippo-

589 2502 705 2572 lyti.
731 2499 868 2568 Quia
893 2501 1038 2557 enim
1069 2502 1408 2570 impossibile
1436 2505 1688 2560 dixerunt
1718 2507 1786 2559 ab
1811 2508 2025 2561 homine
2050 2507 2151 2560 hoc

587 2595 835 2659 narrari,
878 2594 1025 2664 quod
1069 2610 1166 2650 rex
1218 2598 1617 2657 sciscitabatur,
1671 2599 1987 2652 monstravit
2040 2598 2147 2652 illis

583 2686 752 2753 Deus,
779 2688 923 2756 quod
966 2702 1053 2744 res
1095 2689 1236 2757 apud
1275 2688 1521 2744 homines
1553 2688 1929 2758 impossibilis,
1969 2691 2147 2760 possi-

587 2782 713 2837 bilis
740 2790 823 2838 est
845 2783 985 2853 apud
1008 2782 1199 2837 Deum.

657 2873 723 2927 ν.
753 2872 840 2926 14.
861 2872 1032 2925 -Αὸ
1065 2872 1257 2926 Arioch
1290 2872 1640 2941 archimagiro
1681 2868 1950 2939 (Vulgata,
1999 2871 2144 2939 priu-

586 2963 711 3031 cipe'
729 2962 979 3031 militiae).
1008 2961 1299 3035 Hippolyti.
1331 2962 1400 3017 Ut
1424 2963 1567 3016 enim
1597 2978 1808 3032 coquus
1831 2964 2012 3015 omnia
2036 2963 2150 3015 ani-

586 3055 749 3108 malia
780 3055 977 3109 occidit
1005 3066 1059 3109 et
1084 3056 1290 3124 coquit,
1320 3056 1399 3109 sic
1422 3058 1524 3108 iste
1545 3055 1939 3124 archimagirus
1960 3053 2145 3107 eodem

586 3144 751 3197 modo
776 3161 791 3197 :
824 3152 878 3198 et
912 3144 1185 3213 principes
1213 3145 1397 3199 mundi
1426 3145 1682 3199 occidunt
1712 3145 1979 3211 homines,
2006 3145 2148 3201 sicut

589 3233 981 3288 irrationabilia
1009 3234 1262 3288 animalia
1300 3236 1656 3303 coquinautes
1685 3250 1802 3290 eos.

659 3320 721 3374 V.
755 3322 845 3377 25.
867 3351 938 3361 -
965 3322 1104 3385 Quia
1133 3323 1445 3391 sapientiam
1484 3330 1535 3374 et
1565 3322 1929 3391 fortitudinem
1958 3322 2151 3376 dedisti

588 3414 732 3466 milii.
788 3412 1081 3483 Hippolyti.
1123 3410 1345 3481 Oportet
1392 3426 1521 3481 ergo
1564 3427 1666 3465 nos
1709 3412 2021 3466 meminisse
2056 3412 2150 3467 Dei

584 3503 1000 3568 misericordiae,
1038 3502 1312 3571 quomodo
1360 3501 1516 3555 bonis
1559 3511 1615 3555 et
1657 3502 1971 3555 timentibus
2024 3517 2149 3554 eum

584 3596 831 3665 protinus
860 3610 977 3649 sese
1006 3597 1205 3650 revelat
1224 3603 1277 3650 et
1304 3602 1592 3659 monstrat,
1614 3594 1843 3662 implens
1872 3593 2150 3647 orationes

583 3701 635 3740 et
664 3686 946 3754 petitiones
984 3700 1197 3749 eorum,
1232 3686 1372 3739 sicut
1412 3686 1669 3754 propheta
1688 3686 1859 3739 dicit:
1895 3682 2023 3748 Quis
2062 3700 2151 3736 sa-

584 3772 748 3837 piens,
775 3779 824 3824 et
878 3771 1133 3843 intelliget
1178 3773 1318 3825 ista?
1362 3772 1680 3842 intelligens,
1706 3782 1755 3825 et
1822 3775 1949 3826 sciet
2002 3772 2151 3825 lucc?

587 3858 727 3927 (Ose.
762 3874 874 3924 xw,
911 3860 1021 3928 10.)

657 3945 721 4001 ν.
740 3947 829 4003 ‘27.
845 3947 1222 4017 -—-Sapieutes,
1242 3950 1403 4018 magi,
1425 3950 1687 4018 aruspices
1703 3960 1976 4020 nequeunt,
1994 3963 2145 4010 etc...

586 4035 873 4110 Hippolyti.
920 4040 1087 4096 Docet
1127 4056 1307 4112 regem
1353 4056 1461 4095 non
1511 4041 1654 4110 apud
1700 4042 1945 4097 homines
1978 4054 2147 4098 terre-

583 4137 723 4183 stres
765 4129 1005 4185 caalestia
1059 4132 1312 4201 mysteria
1347 4130 1681 4203 investigari,
1732 4147 1853 4201 quae
1895 4134 2148 4202 congruis

582 4221 920 4288 temporibus
952 4238 981 4275 a
1011 4220 1120 4277 Deo
1145 4222 1510 4295 perﬁcientur.

654 4309 719 4363 ν.
753 4310 844 4364 29.
864 4341 935 4351 -——
960 4311 1057 4375 Tu,
1078 4329 1187 4376 rex,
1207 4315 1435 4383 cogitare
1465 4316 1684 4385 coepisti.
1716 4315 2005 4388 Hippolyti.
2036 4315 2147 4371 Rex

584 4398 694 4461 ille,
727 4401 978 4455 dominus
1004 4414 1157 4457 terrae
1197 4403 1435 4474 Egypti,
1472 4404 1671 4479 Judgeze
1707 4409 1942 4477 regionis
1972 4408 2148 4461 domi—

582 4500 689 4556 tor,
718 4499 773 4545 et
800 4493 984 4559 populi
1012 4494 1129 4560 ejus
1159 4497 1477 4563 captivator,
1513 4498 1801 4565 cogitabat,
1833 4500 1960 4553 dum
2002 4510 2147 4555 esset

582 4582 637 4635 in
675 4584 811 4635 lecto
837 4597 936 4635 suo
963 4582 1091 4650 quid
1126 4596 1412 4638 venturum
1443 4598 1559 4640 erat
1594 4598 1713 4655 post
1749 4589 1862 4643 haec
1889 4607 1901 4641 :
1929 4592 2019 4658 qui
2046 4608 2143 4645 au-
2174 4620 2216 4672 υ

581 4680 688 4725 tem
727 4672 909 4727 omnia
955 4672 1271 4729 ab5condita
1320 4678 1632 4744 cognoscit,
1685 4687 1737 4731 ct
1792 4681 2143 4747 cogitationes

580 4756 837 4823 cordium,
874 4774 1170 4829 scrutatur,
1207 4766 1577 4822 manifestavit
1620 4770 1670 4822 ei
1721 4786 1815 4839 per
1858 4772 2143 4841 imaginem

580 4874 702 4926 qua:
728 4859 910 4914 futura
951 4870 1113 4915 sunt:
1152 4863 1435 4918 abscondit
1468 4876 1647 4918 autem
1678 4867 1725 4919 ei
1760 4866 2044 4932 visionem,
2077 4882 2145 4921 ne

582 4963 613 5001 a
646 4950 981 5019 sapientibus
1010 4951 1300 5023 Babylonis
1330 4953 1424 5008 Dei
1458 4957 1685 5010 consilia
1724 4958 1982 5027 explicari
2015 4973 2145 5028 pos-

582 5050 725 5106 sent,
755 5043 846 5097 sed
889 5052 949 5097 ut
994 5058 1024 5097 a
1066 5044 1223 5098 beato
1274 5046 1513 5110 Daniele,
1552 5048 1698 5101 velut
1730 5049 1988 5118 propheta
2025 5047 2141 5112 Dei,

582 5146 704 5199 qua:
730 5135 983 5190 omnibus
1009 5135 1323 5189 abscondita
1352 5146 1528 5204 erant,
1563 5140 1993 5195 manilestentur.

655 5384 715 5441 ν.
756 5386 1155 5444 3l.—Ecce...
1187 5398 1367 5443 statua
1409 5405 1515 5443 una
1562 5392 1797 5462 grandis.
1844 5395 2135 5469 Hippolyti.

2252 2058 2353 2111 ὃσα
2377 2058 2484 2130 γὰρ
2520 2060 2627 2112 ἀπὸ
2661 2061 2758 2131 μὲν
2787 2061 2987 2132 ἐτέρων
3018 2062 3463 2133 ἀποκέκρυπται,
3497 2065 3599 2116 ὑπὸ
3630 2064 3819 2134 ἐτέρου

2167 2173 2176 2182 α
2251 2147 2309 2200 δὲ
2344 2150 2706 2222 φανεροῦται,
2745 2150 2823 2233 ἐξ.
2845 2152 3089 2224 ἀνάγκης
3118 2157 3402 2225 προφήτης
3438 2156 3818 2208 ἀποδείκνυται

2251 2239 2281 2291 6
2306 2239 2498 2308 λέγων.

2327 2337 2377 2383 ι’.
2414 2331 2526 2384 Kal
2558 2331 2865 2400 λέγουσιν,
2914 2333 3035 2387 Οὐκ
3070 2332 3241 2387 ἐστιν
3271 2333 3593 2402 ἄνθρωπος.
3636 2336 3819 2388 Ἱππο-

2251 2422 2430 2474 λύτου.
2483 2423 2633 2474 Ἐπεὶ
2677 2418 2770 2476 οὖν
2814 2424 3073 2478 ἀδύνατον
3122 2424 3328 2494 ἔφασαν
3374 2426 3478 2479 ὑπὸ
3526 2426 3813 2495 ἀνθρώπου

2252 2509 2413 2563 τοῦτο
2453 2509 2707 2581 λεχθῆναι
2752 2512 2814 2564 τὸ
2865 2512 2969 2565 ὑπὸ
3010 2512 3103 2566 τοῦ
3148 2514 3410 2584 βασιλέως
3451 2512 3815 2585 ζητούμενον,

2252 2594 2522 2667 ἐπέδειξεν
2563 2602 2746 2665 αὐτοῖς
2792 2602 2821 2655 6
2866 2603 3031 2669 Θεὸς,
3076 2605 3157 2657 ὅτι
3201 2604 3268 2658 τά
3311 2604 3463 2674 παρὰ
3512 2605 3818 2677 ἀνθρώποις

2253 2691 2517 2757 ἀδύνατα,
2541 2694 2711 2748 ταῦτα
2739 2694 2796 2747 δι.
2813 2695 2936 2750 θατά
2961 2690 3102 2748 εἶναι
3134 2694 3285 2767 παρά
3310 2696 3444 2767 Θεῷ.

2212 2846 2213 2849 Ἴ
2244 2878 2247 2882 ’
2323 2866 2401 2920 ιδ’.
2451 2864 2659 2936 Ἀριὼχ
2684 2864 2763 2931 τῷ
2792 2867 3203 2937 ἀρχιματείρῳ.
3245 2865 3579 2921 Ἱππολύτου.
3609 2866 3819 2939 Ὠσπερ

2248 2957 2356 3028 γὰρ
2388 2959 2417 3009 ὁ
2446 2957 2709 3028 μάγειρος
2742 2957 2920 3010 πάντα
2960 2958 3030 3009 τά
3075 2956 3188 3019 ζῶα
3231 2956 3444 3025 ἀναιρεῖ
3482 2958 3576 3009 καὶ
3629 2976 3820 3027 μαγει-

2252 3047 2417 3119 ρεύει,
2445 3046 2586 3100 οὕτω
2618 3048 2867 3109 κάκεῖνος
2899 3045 2975 3115 τῷ
3004 3043 3150 3115 αὐτῷ
3179 3045 3383 3116 τρόπῳο
3418 3048 3511 3100 καὶ
3540 3049 3589 3099 ol
3624 3049 3820 3119 ἀρχονσ-

2248 3155 2339 3200 τες
2362 3138 2455 3191 τοῦ
2489 3138 2692 3207 κόσμου
2726 3136 3007 3207 ἀναιροῦσι
3032 3138 3157 3201 τοὺς
3179 3137 3517 3209 ἀνθρώπους,
3545 3140 3619 3202 ὡς
3653 3140 3820 3209 ἄλογα

2250 3227 2366 3293 ζῶα
2395 3226 2810 3298 μαγειρεύοντες
2836 3227 3051 3290 αὐτούς.

2323 3318 2444 3369 ’Ότι
2486 3316 2711 3384 σοφίαν
2748 3317 2848 3370 καὶ
2876 3316 3131 3387 δύναμιν
3154 3317 3379 3385 ἔδωκάς
3405 3338 3524 3388 μοι.
3565 3319 3821 3372 Ἱππολύ-

2248 3424 2364 3461 του.
2392 3408 2483 3459 Δεϊ
2512 3404 2605 3461 οὖν
2630 3411 2770 3463 νοεῖν
2801 3410 2949 3479 ἡμᾶς
2978 3409 3076 3480 τὴν
3104 3409 3198 3462 τοῦ
3230 3410 3363 3463 Θεοῦ
3393 3411 3817 3484 εὐσπλαγχνίαν,

2252 3496 2368 3559 πῶς
2398 3500 2511 3561 τοῖς
2540 3498 2709 3565 ἀξίοις
2736 3501 2830 3553 καὶ
2864 3499 3216 3569 φοϐουμένοις
3248 3501 3408 3554 αὐτὸν
3438 3502 3648 3571 ταχέως
3681 3503 3818 3555 ἁπο-

2249 3586 2511 3641 καλύπτει
2558 3592 2651 3643 καὶ
2694 3592 2946 3661 φανεροῖ,
2993 3582 3325 3661 ἀποπληρῶν
3366 3593 3463 3654 τάς
3502 3609 3561 3644 τε
3602 3592 3818 3663 δεήσεις

2249 3680 2341 3733 καὶ
2374 3682 2441 3735 τά
2470 3683 2746 3752 αἰτήματα
2773 3681 2951 3735 αὐτῶν
2974 3719 2990 3745 ,
3015 3681 3090 3744 ὡς
3129 3682 3156 3731 ὁ
3198 3684 3480 3754 προφήτης
3504 3683 3681 3750 λέγει’
3722 3684 3817 3747 Τίς

2248 3770 2473 3838 σοφὸς,
2516 3770 2618 3822 καὶ
2656 3769 2914 3836 συνήσει
2955 3769 3176 3832 (tritta;
3209 3769 3308 3822 καὶ
3334 3770 3640 3837 ἄνθρωπος
3667 3786 3816 3823 συνε-

2247 3861 2377 3927 ετὸς
2397 3901 2411 3923 ,
2445 3861 2543 3913 καὶ
2576 3860 2865 3930 γνώσεται
2894 3861 3108 3927 ταῦτα;

2318 3949 2420 4013 κζ’.
2472 3952 2593 4002 Οὐκ
2643 3950 2774 4003 ἔστι
2824 3950 3029 4019 σοφῶν
3060 3949 3287 4020 μάγων.
3337 3948 3672 4003 Ἱππολύτου.
3717 3952 3811 4001 Δι-

2246 4038 2431 4091 δάσκει
2463 4040 2551 4091 τὸν
2580 4037 2803 4106 βασιλέα
2838 4040 2912 4110 μὴ
2948 4042 3099 4112 παρὰ
3132 4039 3429 4111 ἀνθρώπων
3456 4042 3717 4109 ἐπιγείων
3746 4043 3813 4095 τὰ

2248 4125 2539 4196 ἐπουράνια
2575 4130 2846 4201 μυστήρια
2885 4129 3181 4199 ἐπιζητεῖν,
3236 4130 3377 4200 ἀπερ
3420 4130 3608 4203 ἔμελλε
3665 4131 3812 4195 ἰδίοις

2248 4218 2456 4283 καιροῖς
2481 4215 2585 4266 ὑπὸ
2610 4215 2742 4267 Θεοῦ
2765 4217 3142 4272 ἐπιτελεῖσθαι.

2316 4304 2418 4357 κθ’.
2447 4305 2531 4358 Σὺ
2549 4306 2837 4369 βασιλεῦ’
2882 4312 2936 4362 οὶ
2975 4309 3250 4379 λογισμοί
3287 4322 3418 4361 σου.
3466 4307 3803 4362 Ἱππολύτου.

2248 4394 2355 4448 Τοῦ
2386 4396 2494 4467 γὰρ
2530 4396 2788 4466 βασιλέως
2825 4399 3193 4471 κρατήσαντος
3229 4398 3326 4469 μὲν
3358 4398 3455 4467 τῆς
3502 4399 3604 4469 γῆς
3644 4398 3808 4467 Δίγύυ

2246 4504 2403 4552 πτου,
2445 4488 2545 4560 τὴν
2593 4488 2649 4541 δὲ
2694 4489 2953 4545 Ἰουδαίαν
2998 4491 3179 4562 χώραν
3225 4488 3664 4560 παραλαϐόντος,
3714 4491 3807 4542 καὶ

2245 4581 2333 4633 τὸν
2371 4579 2497 4632 λαὸν
2540 4583 2985 4653 μετοικήσαντος,
3015 4579 3337 4648 διελογίζετο
3365 4581 3455 4632 ἐπὶ
3492 4582 3587 4651 τῆς
3619 4582 3805 4651 κοξτης

2242 4670 2337 4736 ὣν,
2363 4672 2417 4724 τί
2448 4672 2557 4743 ἄρα
2590 4673 2737 4727 ἔσται
2780 4674 2917 4745 μετά
2945 4673 3135 4725 ταῦτα·
3175 4674 3204 4725 6
3238 4671 3295 4723 δὲ
3328 4671 3396 4725 τά
3427 4672 3640 4743 κρυπτά
3672 4674 3803 4723 πάν-

2241 4777 2347 4813 των
2376 4763 2736 4832 ἐπιστάμενος
2764 4767 2855 4819 καὶ
2883 4768 3008 4826 τοὺς
3029 4762 3408 4833 διαλογισμοὺς
3432 4764 3539 4816 τῶν
3566 4763 3800 4832 καρδιῶν

2243 4851 2496 4921 ἐρευνῶν,
2530 4855 2875 4926 ἀπεκάλυψεν
2915 4849 3061 4922 αὐτῷ
3091 4854 3179 4906 διὰ
3211 4854 3309 4923 τῆς
3343 4857 3542 4918 εἰκόνος
3572 4856 3639 4906 τὰ
3680 4856 3801 4907 ἐσό-

2246 4959 2401 5011 μενα’
2445 4946 2719 5016 ὲπέκρυψε
2755 4946 2812 4999 δὲ
2859 4947 2987 5017 παρ’
3033 4944 3196 4996 αὐτοῦ
3243 4946 3304 4998 τὸ
3337 4948 3544 5016 ὅραμα,
3592 4947 3672 4997 ἵνα
3724 4948 3795 5016 μὴ

2242 5030 2347 5083 ὑπὸ
2373 5032 2479 5084 τῶν
2505 5034 2682 5101 σοφῶν
2712 5035 3024 5097 Βαϐυλῶνος
3063 5036 3131 5087 τὰ
3168 5034 3259 5089 τοῦ
3288 5036 3421 5099 Θεοῦ
3462 5035 3794 5103 βουλεύματα

2241 5122 2640 5192 ἑρμηνευθῆναι
2658 5126 2878 5195 δυνηθῇ,
2900 5124 3012 5177 ἀλλ’
3040 5126 3141 5179 ὑπὸ
3167 5127 3255 5180 τοῦ
3287 5128 3552 5197 μακαρίου
3578 5119 3791 5198 Δανιὴλ,

2240 5213 2334 5265 ἅτε
2364 5215 2645 5285 προφήτης
2664 5216 2754 5269 τοῦ
2771 5214 2925 5282 Θεοῦ,
2946 5216 3011 5271 τὰ
3032 5221 3193 5272 πᾶσιν
3216 5220 3673 5289 ἀποκεκρυμμένα
3698 5239 3795 5288 φα-

2239 5304 2470 5375 νερωθῇ.

2306 5388 2405 5447 λατ.
2440 5396 2583 5450 Ἰδοὺ
2602 5396 2776 5452 elicior
2793 5399 2901 5468 μία
2916 5400 3166 5468 μεγάλη.
3197 5398 3528 5452 Ἱππολύτου.
3556 5400 3678 5464 Πῶς
3702 5399 3791 5456 οὖν

580 5478 865 5546 Quomodo
898 5492 1003 5530 non
1030 5482 1375 5536 recordemur
1397 5498 1516 5551 qua:
1545 5484 1843 5565 antiquitus
1868 5488 2139 5561 Babylone

2245 5485 2297 5539 οὐ
2331 5486 2404 5556 μὴ
2430 5489 2707 5557 νοήσωμεν
2732 5489 2800 5541 τὰ
2825 5490 2989 5543 πάλαι
3015 5489 3286 5542 Βαθυλῶνι
3316 5488 3423 5539 ὑπὸ
3446 5490 3639 5563 Δανιὴλ
3660 5508 3790 5560 προ-

587 5570 774 5624 Daniel
803 5572 1161 5640 prophetavit,
1187 5582 1241 5629 et
1270 5575 1489 5631 nuncin
1511 5575 1640 5629 orbe
1661 5576 1934 5645 perfecta?
1957 5582 2139 5651 Imago

2238 5578 2566 5647 φητευμένα,
2595 5580 2687 5630 καὶ
2706 5580 2799 5633 νῦν
2829 5581 2907 5633 ἔτι
2928 5583 2986 5633 ὲν
3016 5581 3201 5649 κόσμῳ
3232 5578 3601 5650 πληρούμενα;
3626 5584 3785 5654 ἡγὰρ

578 5664 725 5717 enim
759 5661 815 5716 in
844 5661 947 5715 isto
977 5672 1213 5731 tempore
1241 5674 1539 5721 monstrata
1568 5666 1679 5735 regi
1710 5665 2139 5727 Nabuchodono-

2245 5667 2397 5721 εἰκὼν
2427 5668 2460 5737 ἡ
2491 5668 2609 5719 κατ’
2642 5669 2844 5721 ἐκεῖνον
2867 5668 2957 5722 τὸν
2987 5670 3170 5739 καιρὸν
3189 5668 3457 5739 δειχθεῖσα
3485 5672 3560 5741 τῷ
3579 5671 3786 5726 Ναόου-

582 5769 692 5817 sor,
731 5761 889 5823 typus
935 5760 1053 5806 erat
1097 5753 1265 5807 totius
1310 5758 1516 5812 mundi.
1565 5756 1622 5809 In
1658 5759 1989 5826 temporibus
2030 5761 2135 5815 illis

2237 5757 2545 5830 χοδονόσορ,
2586 5757 2756 5810 τύπον
2804 5761 3040 5828 περιεῖχε
3080 5757 3175 5812 τοῦ
3217 5760 3413 5831 παντὸς
3456 5763 3678 5833 κόσμου·
3725 5764 3784 5815 ὲν

580 5845 875 5915 regnabant
902 5856 1062 5913 super
1086 5850 1272 5898 omnes
1298 5843 1594 5916 Babylonii,
1613 5847 1705 5916 qui
1733 5855 1891 5916 caput
1910 5862 2131 5904 aureum

2245 5845 2316 5919 ὶῖς
2359 5850 2565 5922 καιροῖς
2604 5847 2912 5903 ἐϐασίλευον
2952 5851 3080 5907 τότε
3115 5850 3327 5906 πάντων
3358 5854 3404 5906 oi
3434 5850 3776 5916 Βαϐυλώνιοι,
