  <div class='ocr_page' id='page_1' title='image "/cluster/home/n/w/nwhite01/storage/ocr_20150623/10/pst.000005711901/348.png"; bbox 0 0 4098 6362; ppageno 0'>
   <div class='ocr_carea' id='block_1_1' title="bbox 257 416 361 470">
    <p class='ocr_par' dir='ltr' id='par_1_1' title="bbox 257 416 361 470">
     <span class='ocr_line' id='line_1_1' title="bbox 257 416 361 470; baseline -0.01 0"><span class='ocrx_word' id='word_1_1' title='bbox 257 416 361 470; x_wconf 77' lang='lat'><strong>673</strong></span> 
     </span>
    </p>
   </div>
   <div class='ocr_carea' id='block_1_2' title="bbox 1456 410 2241 469">
    <p class='ocr_par' dir='ltr' id='par_1_2' title="bbox 1456 410 2241 469">
     <span class='ocr_line' id='line_1_2' title="bbox 1456 410 2241 469; baseline -0.004 -2"><span class='ocrx_word' id='word_1_2' title='bbox 1456 411 1744 469; x_wconf 79' lang='lat' dir='ltr'><strong>SCHOLIA</strong></span> <span class='ocrx_word' id='word_1_3' title='bbox 1777 411 1843 466; x_wconf 72' lang='lat' dir='ltr'><strong>IN</strong></span> <span class='ocrx_word' id='word_1_4' title='bbox 1876 410 2241 467; x_wconf 71' lang='lat' dir='ltr'><strong>DANIELEM.</strong></span> 
     </span>
    </p>
   </div>
   <div class='ocr_carea' id='block_1_3' title="bbox 3364 413 3465 469">
    <p class='ocr_par' dir='ltr' id='par_1_3' title="bbox 3364 413 3465 469">
     <span class='ocr_line' id='line_1_3' title="bbox 3364 413 3465 469; baseline -0.02 -1"><span class='ocrx_word' id='word_1_5' title='bbox 3364 413 3465 469; x_wconf 70' lang='lat'><strong>67!</strong></span> 
     </span>
    </p>
   </div>
   <div class='ocr_carea' id='block_1_4' title="bbox 260 526 1817 602">
    <p class='ocr_par' dir='ltr' id='par_1_4' title="bbox 260 528 1816 602">
     <span class='ocr_line' id='line_1_4' title="bbox 260 528 1816 602; baseline -0.003 -18"><span class='ocrx_word' id='word_1_6' title='bbox 260 535 334 595; x_wconf 82' lang='grc' dir='ltr'>ὡς</span> <span class='ocrx_word' id='word_1_7' title='bbox 364 531 573 602; x_wconf 73' lang='grc' dir='ltr'>κεφαλὴ</span> <span class='ocrx_word' id='word_1_8' title='bbox 597 532 768 602; x_wconf 83' lang='grc' dir='ltr'>χρυσῆ</span> <span class='ocrx_word' id='word_1_9' title='bbox 800 531 897 601; x_wconf 83' lang='grc' dir='ltr'>τῆς</span> <span class='ocrx_word' id='word_1_10' title='bbox 928 528 1129 592; x_wconf 75' lang='grc' dir='ltr'><strong>εἰκόνος</strong></span> <span class='ocrx_word' id='word_1_11' title='bbox 1157 528 1507 599; x_wconf 68' lang='grc' dir='ltr'>ὑπάρχοντες</span> <span class='ocrx_word' id='word_1_12' title='bbox 1544 530 1665 583; x_wconf 74' lang='grc' dir='ltr'>ἐπεὶ</span> <span class='ocrx_word' id='word_1_13' title='bbox 1701 531 1816 600; x_wconf 83' lang='grc' dir='ltr'>μετ’</span> 
     </span>
    </p>
   </div>
   <div class='ocr_carea' id='block_1_5' title="bbox 1915 526 3470 602">
    <p class='ocr_par' dir='ltr' id='par_1_5' title="bbox 1918 526 3470 597">
     <span class='ocr_line' id='line_1_5' title="bbox 1918 526 3470 597; baseline -0.001 -13"><span class='ocrx_word' id='word_1_14' title='bbox 1918 538 2111 585; x_wconf 70' lang='lat' dir='ltr'><strong>statua:</strong></span> <span class='ocrx_word' id='word_1_15' title='bbox 2143 537 2297 583; x_wconf 86' lang='lat' dir='ltr'><strong>erant</strong></span> <span class='ocrx_word' id='word_1_16' title='bbox 2326 544 2339 580; x_wconf 91' lang='lat'><strong><em>:</em></strong></span> <span class='ocrx_word' id='word_1_17' title='bbox 2367 526 2560 582; x_wconf 90' lang='lat' dir='ltr'><strong>deinde</strong></span> <span class='ocrx_word' id='word_1_18' title='bbox 2588 536 2708 597; x_wconf 91' lang='lat' dir='ltr'><strong>post</strong></span> <span class='ocrx_word' id='word_1_19' title='bbox 2736 527 2857 583; x_wconf 87' lang='lat' dir='ltr'><strong>illos</strong></span> <span class='ocrx_word' id='word_1_20' title='bbox 2894 526 3153 583; x_wconf 87' lang='lat' dir='ltr'><strong>dominati</strong></span> <span class='ocrx_word' id='word_1_21' title='bbox 3185 538 3309 585; x_wconf 86' lang='lat' dir='ltr'><strong>sunt</strong></span> <span class='ocrx_word' id='word_1_22' title='bbox 3338 527 3470 584; x_wconf 86' lang='lat' dir='ltr'><strong>Per-</strong></span> 
     </span>
    </p>
   </div>
   <div class='ocr_carea' id='block_1_6' title="bbox 264 621 1824 695">
    <p class='ocr_par' dir='ltr' id='par_1_6' title="bbox 264 621 1824 695">
     <span class='ocr_line' id='line_1_6' title="bbox 264 621 1824 695; baseline -0.002 -19"><span class='ocrx_word' id='word_1_23' title='bbox 264 625 462 687; x_wconf 71' lang='grc' dir='ltr'>αὐτοὺς</span> <span class='ocrx_word' id='word_1_24' title='bbox 505 624 813 695; x_wconf 77' lang='grc' dir='ltr'>ἐκράτησαν</span> <span class='ocrx_word' id='word_1_25' title='bbox 842 622 1047 692; x_wconf 82' lang='grc' dir='ltr'><strong>Πέρσαι</strong></span> <span class='ocrx_word' id='word_1_26' title='bbox 1084 622 1175 673; x_wconf 76' lang='grc' dir='ltr'>ἐπὶ</span> <span class='ocrx_word' id='word_1_27' title='bbox 1210 621 1303 689; x_wconf 81' lang='grc' dir='ltr'>ἔτη</span> <span class='ocrx_word' id='word_1_28' title='bbox 1344 628 1482 690; x_wconf 85' lang='grc' dir='ltr'>σμε’,</span> <span class='ocrx_word' id='word_1_29' title='bbox 1509 623 1583 684; x_wconf 79' lang='grc' dir='ltr'>ὡς</span> <span class='ocrx_word' id='word_1_30' title='bbox 1614 621 1824 674; x_wconf 85' lang='grc' dir='ltr'>δεικνύ-</span> 
     </span>
    </p>
   </div>
   <div class='ocr_carea' id='block_1_7' title="bbox 265 711 1824 783">
    <p class='ocr_par' dir='ltr' id='par_1_7' title="bbox 265 711 1824 783">
     <span class='ocr_line' id='line_1_7' title="bbox 265 711 1824 783; baseline -0.003 -14"><span class='ocrx_word' id='word_1_31' title='bbox 265 734 349 770; x_wconf 87' lang='grc' dir='ltr'><strong>ναι</strong></span> <span class='ocrx_word' id='word_1_32' title='bbox 380 716 601 778; x_wconf 82' lang='grc' dir='ltr'><strong>τούτους</strong></span> <span class='ocrx_word' id='word_1_33' title='bbox 630 714 721 767; x_wconf 75' lang='grc' dir='ltr'>τὸν</span> <span class='ocrx_word' id='word_1_34' title='bbox 758 713 1009 783; x_wconf 80' lang='grc' dir='ltr'>ἄργυρον·</span> <span class='ocrx_word' id='word_1_35' title='bbox 1038 714 1343 783; x_wconf 78' lang='grc' dir='ltr'>ἐκράτησαν</span> <span class='ocrx_word' id='word_1_36' title='bbox 1368 712 1423 764; x_wconf 79' lang='grc' dir='ltr'>δὲ</span> <span class='ocrx_word' id='word_1_37' title='bbox 1456 713 1547 765; x_wconf 76' lang='grc' dir='ltr'><strong>καὶ</strong></span> <span class='ocrx_word' id='word_1_38' title='bbox 1569 711 1824 780; x_wconf 84' lang='grc' dir='ltr'>Ἕλληνες</span> 
     </span>
    </p>
   </div>
   <div class='ocr_carea' id='block_1_8' title="bbox 265 801 1838 881">
    <p class='ocr_par' dir='ltr' id='par_1_8' title="bbox 265 801 1838 881">
     <span class='ocr_line' id='line_1_8' title="bbox 265 801 1838 881; baseline -0.006 -19"><span class='ocrx_word' id='word_1_39' title='bbox 265 808 557 881; x_wconf 75' lang='grc' dir='ltr'><strong>ἀρξάμενοι</strong></span> <span class='ocrx_word' id='word_1_40' title='bbox 608 805 712 859; x_wconf 82' lang='grc' dir='ltr'><strong>άπὸ</strong></span> <span class='ocrx_word' id='word_1_41' title='bbox 762 802 1104 872; x_wconf 76' lang='grc' dir='ltr'>Ἀλεξάνδρου</span> <span class='ocrx_word' id='word_1_42' title='bbox 1149 801 1243 854; x_wconf 88' lang='grc' dir='ltr'><strong>τοῦ</strong></span> <span class='ocrx_word' id='word_1_43' title='bbox 1276 802 1580 864; x_wconf 82' lang='grc' dir='ltr'><strong>Μακεδόνος</strong></span> <span class='ocrx_word' id='word_1_44' title='bbox 1610 804 1701 854; x_wconf 71' lang='grc' dir='ltr'><strong>ἐπὶ</strong></span> <span class='ocrx_word' id='word_1_45' title='bbox 1728 802 1838 871; x_wconf 79' lang='grc' dir='ltr'>ἔτη</span> 
     </span>
    </p>
   </div>
   <div class='ocr_carea' id='block_1_9' title="bbox 262 882 1825 970">
    <p class='ocr_par' dir='ltr' id='par_1_9' title="bbox 262 882 1825 970">
     <span class='ocr_line' id='line_1_9' title="bbox 262 882 1825 970; baseline -0.006 -19"><span class='ocrx_word' id='word_1_46' title='bbox 262 900 564 970; x_wconf 77' lang='grc' dir='ltr'><strong>τριακόσια·</strong></span> <span class='ocrx_word' id='word_1_47' title='bbox 604 896 679 959; x_wconf 86' lang='grc' dir='ltr'>ὡς</span> <span class='ocrx_word' id='word_1_48' title='bbox 715 891 849 948; x_wconf 80' lang='grc' dir='ltr'>εῖναι</span> <span class='ocrx_word' id='word_1_49' title='bbox 881 893 1103 956; x_wconf 83' lang='grc' dir='ltr'>τούτους</span> <span class='ocrx_word' id='word_1_50' title='bbox 1127 882 1239 946; x_wconf 52' lang='grc' dir='ltr'>’τὸν</span> <span class='ocrx_word' id='word_1_51' title='bbox 1271 892 1465 963; x_wconf 85' lang='grc' dir='ltr'>χαλκόν</span> <span class='ocrx_word' id='word_1_52' title='bbox 1484 909 1498 922; x_wconf 87' lang='grc'><strong>·</strong></span> <span class='ocrx_word' id='word_1_53' title='bbox 1544 892 1680 963; x_wconf 83' lang='grc' dir='ltr'>μετὰ</span> <span class='ocrx_word' id='word_1_54' title='bbox 1706 890 1825 943; x_wconf 87' lang='grc' dir='ltr'>τού-</span> 
     </span>
    </p>
   </div>
   <div class='ocr_carea' id='block_1_10' title="bbox 261 982 1822 1055">
    <p class='ocr_par' dir='ltr' id='par_1_10' title="bbox 261 982 1822 1055">
     <span class='ocr_line' id='line_1_10' title="bbox 261 982 1822 1055; baseline -0.004 -16"><span class='ocrx_word' id='word_1_55' title='bbox 261 1005 385 1050; x_wconf 87' lang='grc' dir='ltr'>τους</span> <span class='ocrx_word' id='word_1_56' title='bbox 425 988 699 1055; x_wconf 85' lang='grc' dir='ltr'>Ῥωμαῖοι,</span> <span class='ocrx_word' id='word_1_57' title='bbox 726 984 928 1055; x_wconf 79' lang='grc' dir='ltr'>κνῆμαι</span> <span class='ocrx_word' id='word_1_58' title='bbox 959 984 1171 1053; x_wconf 75' lang='grc' dir='ltr'><strong>σιδηραῖ</strong></span> <span class='ocrx_word' id='word_1_59' title='bbox 1198 984 1297 1052; x_wconf 77' lang='grc' dir='ltr'><strong>τῆς</strong></span> <span class='ocrx_word' id='word_1_60' title='bbox 1327 983 1531 1045; x_wconf 82' lang='grc' dir='ltr'>είκόνος</span> <span class='ocrx_word' id='word_1_61' title='bbox 1558 982 1822 1051; x_wconf 83' lang='grc' dir='ltr'>ὑράρχον-</span> 
     </span>
    </p>
   </div>
   <div class='ocr_carea' id='block_1_11' title="bbox 259 1068 1821 1145">
    <p class='ocr_par' dir='ltr' id='par_1_11' title="bbox 259 1068 1821 1145">
     <span class='ocr_line' id='line_1_11' title="bbox 259 1068 1821 1145; baseline -0.002 -17"><span class='ocrx_word' id='word_1_62' title='bbox 259 1094 372 1139; x_wconf 87' lang='grc' dir='ltr'>τες,</span> <span class='ocrx_word' id='word_1_63' title='bbox 406 1077 614 1145; x_wconf 76' lang='grc' dir='ltr'>ἰσχυροὶ</span> <span class='ocrx_word' id='word_1_64' title='bbox 644 1076 815 1140; x_wconf 77' lang='grc' dir='ltr'>ὄντες,</span> <span class='ocrx_word' id='word_1_65' title='bbox 845 1074 919 1137; x_wconf 85' lang='grc' dir='ltr'><strong>ὡς</strong></span> <span class='ocrx_word' id='word_1_66' title='bbox 952 1074 1184 1145; x_wconf 62' lang='grc' dir='ltr'>σίδηρος</span> <span class='ocrx_word' id='word_1_67' title='bbox 1217 1068 1403 1125; x_wconf 79' lang='grc' dir='ltr'>ἔπειτα</span> <span class='ocrx_word' id='word_1_68' title='bbox 1440 1072 1683 1125; x_wconf 86' lang='grc' dir='ltr'>δάκτυλοι</span> <span class='ocrx_word' id='word_1_69' title='bbox 1721 1090 1821 1125; x_wconf 85' lang='grc' dir='ltr'>πο·-</span> 
     </span>
    </p>
   </div>
   <div class='ocr_carea' id='block_1_12' title="bbox 260 1159 1821 1234">
    <p class='ocr_par' dir='ltr' id='par_1_12' title="bbox 260 1159 1821 1234">
     <span class='ocr_line' id='line_1_12' title="bbox 260 1159 1821 1234; baseline -0.003 -18"><span class='ocrx_word' id='word_1_70' title='bbox 260 1164 365 1216; x_wconf 85' lang='grc' dir='ltr'>δῶν</span> <span class='ocrx_word' id='word_1_71' title='bbox 397 1164 662 1234; x_wconf 75' lang='grc' dir='ltr'>ὄστρακον</span> <span class='ocrx_word' id='word_1_72' title='bbox 707 1162 798 1214; x_wconf 82' lang='grc' dir='ltr'>καὶ</span> <span class='ocrx_word' id='word_1_73' title='bbox 852 1162 1084 1232; x_wconf 86' lang='grc' dir='ltr'>σίδηρος,</span> <span class='ocrx_word' id='word_1_74' title='bbox 1120 1162 1205 1213; x_wconf 84' lang='grc' dir='ltr'><strong>ἵνα</strong></span> <span class='ocrx_word' id='word_1_75' title='bbox 1245 1160 1524 1229; x_wconf 79' lang='grc' dir='ltr'>δειχθῶσιν</span> <span class='ocrx_word' id='word_1_76' title='bbox 1569 1160 1625 1211; x_wconf 90' lang='grc' dir='ltr'><strong>αί</strong></span> <span class='ocrx_word' id='word_1_77' title='bbox 1650 1159 1821 1229; x_wconf 63' lang='grc' dir='ltr'>δημοη</span> 
     </span>
    </p>
   </div>
   <div class='ocr_carea' id='block_1_13' title="bbox 204 1248 1824 1324">
    <p class='ocr_par' dir='ltr' id='par_1_13' title="bbox 204 1248 1824 1324">
     <span class='ocr_line' id='line_1_13' title="bbox 204 1248 1824 1324; baseline -0.002 -19"><span class='ocrx_word' id='word_1_78' title='bbox 204 1314 205 1317; x_wconf 24' lang='grc' dir='ltr'><strong>η</strong></span> <span class='ocrx_word' id='word_1_79' title='bbox 260 1253 482 1323; x_wconf 86' lang='grc' dir='ltr'>κρατίαι</span> <span class='ocrx_word' id='word_1_80' title='bbox 504 1255 559 1305; x_wconf 88' lang='grc' dir='ltr'><strong>αί</strong></span> <span class='ocrx_word' id='word_1_81' title='bbox 584 1252 869 1324; x_wconf 79' lang='grc' dir='ltr'>μέλλουσαι</span> <span class='ocrx_word' id='word_1_82' title='bbox 900 1249 1178 1318; x_wconf 84' lang='grc' dir='ltr'>γίγνεσθαι</span> <span class='ocrx_word' id='word_1_83' title='bbox 1204 1248 1572 1320; x_wconf 79' lang='grc' dir='ltr'>διαιρούμεναι</span> <span class='ocrx_word' id='word_1_84' title='bbox 1600 1251 1678 1311; x_wconf 84' lang='grc' dir='ltr'>εἰς</span> <span class='ocrx_word' id='word_1_85' title='bbox 1696 1250 1824 1310; x_wconf 78' lang='grc' dir='ltr'>τοὺς</span> 
     </span>
    </p>
   </div>
   <div class='ocr_carea' id='block_1_14' title="bbox 262 1335 1821 1412">
    <p class='ocr_par' dir='ltr' id='par_1_14' title="bbox 262 1335 1821 1412">
     <span class='ocr_line' id='line_1_14' title="bbox 262 1335 1821 1412; baseline -0.004 -15"><span class='ocrx_word' id='word_1_86' title='bbox 262 1352 293 1397; x_wconf 87' lang='grc' dir='ltr'>ι’</span> <span class='ocrx_word' id='word_1_87' title='bbox 320 1342 613 1406; x_wconf 81' lang='grc' dir='ltr'>δακτύλους</span> <span class='ocrx_word' id='word_1_88' title='bbox 641 1344 741 1412; x_wconf 80' lang='grc' dir='ltr'><strong>τῆς</strong></span> <span class='ocrx_word' id='word_1_89' title='bbox 764 1344 988 1405; x_wconf 89' lang='grc' dir='ltr'>είκόνος,</span> <span class='ocrx_word' id='word_1_90' title='bbox 1020 1344 1077 1395; x_wconf 85' lang='grc' dir='ltr'>ὲν</span> <span class='ocrx_word' id='word_1_91' title='bbox 1110 1335 1190 1404; x_wconf 85' lang='grc' dir='ltr'>οἷς</span> <span class='ocrx_word' id='word_1_92' title='bbox 1211 1340 1358 1395; x_wconf 80' lang='grc' dir='ltr'>ἔσται</span> <span class='ocrx_word' id='word_1_93' title='bbox 1382 1340 1593 1411; x_wconf 88' lang='grc' dir='ltr'>σίδηρος</span> <span class='ocrx_word' id='word_1_94' title='bbox 1619 1340 1821 1409; x_wconf 81' lang='grc' dir='ltr'>ἀναμε-</span> 
     </span>
    </p>
   </div>
   <div class='ocr_carea' id='block_1_15' title="bbox 262 1434 1721 1509">
    <p class='ocr_par' dir='ltr' id='par_1_15' title="bbox 262 1434 1721 1509">
     <span class='ocr_line' id='line_1_15' title="bbox 262 1434 1721 1509; baseline -0.006 -20"><span class='ocrx_word' id='word_1_95' title='bbox 262 1434 526 1509; x_wconf 86' lang='grc' dir='ltr'>μιγμένος</span> <span class='ocrx_word' id='word_1_96' title='bbox 554 1435 631 1504; x_wconf 79' lang='grc' dir='ltr'>τῷ</span> <span class='ocrx_word' id='word_1_97' title='bbox 661 1435 930 1505; x_wconf 79' lang='grc' dir='ltr'>ὀστράκῳ.</span> <span class='ocrx_word' id='word_1_98' title='bbox 1502 1473 1506 1475; x_wconf 81' lang='grc'>.</span> <span class='ocrx_word' id='word_1_99' title='bbox 1717 1503 1721 1506; x_wconf 5' lang='grc' dir='ltr'><strong>γ</strong></span> 
     </span>
    </p>
   </div>
   <div class='ocr_carea' id='block_1_16' title="bbox 327 1523 1807 1595">
    <p class='ocr_par' dir='ltr' id='par_1_16' title="bbox 327 1523 1807 1595">
     <span class='ocr_line' id='line_1_16' title="bbox 327 1523 1807 1595; baseline -0.001 -17"><span class='ocrx_word' id='word_1_100' title='bbox 327 1526 741 1593; x_wconf 75' lang='grc' dir='ltr'>λα’.Έθεώρεις,</span> <span class='ocrx_word' id='word_1_101' title='bbox 768 1546 819 1579; x_wconf 85' lang='grc' dir='ltr'>κ.</span> <span class='ocrx_word' id='word_1_102' title='bbox 845 1545 896 1579; x_wconf 89' lang='grc' dir='ltr'>τ.</span> <span class='ocrx_word' id='word_1_103' title='bbox 921 1526 968 1579; x_wconf 89' lang='grc' dir='ltr'>λ.</span> <span class='ocrx_word' id='word_1_104' title='bbox 986 1524 1695 1595; x_wconf 78' lang='grc' dir='ltr'>’Λπολλιναρίου.Ἔ6λεπεν,</span> <span class='ocrx_word' id='word_1_105' title='bbox 1714 1523 1807 1577; x_wconf 74' lang='grc' dir='ltr'>καὶ</span> 
     </span>
    </p>
   </div>
   <div class='ocr_carea' id='block_1_17' title="bbox 257 1613 1807 1686">
    <p class='ocr_par' dir='ltr' id='par_1_17' title="bbox 257 1613 1807 1686">
     <span class='ocr_line' id='line_1_17' title="bbox 257 1613 1807 1686; baseline -0.001 -19"><span class='ocrx_word' id='word_1_106' title='bbox 257 1614 391 1667; x_wconf 77' lang='grc' dir='ltr'>ὡσεὶ</span> <span class='ocrx_word' id='word_1_107' title='bbox 418 1617 634 1686; x_wconf 77' lang='grc' dir='ltr'>ἀνδριὰς</span> <span class='ocrx_word' id='word_1_108' title='bbox 656 1613 750 1678; x_wconf 74' lang='grc' dir='ltr'>εἷς’</span> <span class='ocrx_word' id='word_1_109' title='bbox 773 1613 838 1683; x_wconf 74' lang='grc' dir='ltr'>ἦν</span> <span class='ocrx_word' id='word_1_110' title='bbox 872 1616 980 1685; x_wconf 80' lang='grc' dir='ltr'>γὰρ</span> <span class='ocrx_word' id='word_1_111' title='bbox 1013 1617 1184 1686; x_wconf 82' lang='grc' dir='ltr'>τούτῳ</span> <span class='ocrx_word' id='word_1_112' title='bbox 1219 1616 1292 1679; x_wconf 90' lang='grc' dir='ltr'>ὼς</span> <span class='ocrx_word' id='word_1_113' title='bbox 1331 1615 1464 1685; x_wconf 74' lang='grc' dir='ltr'>πρὸς</span> <span class='ocrx_word' id='word_1_114' title='bbox 1490 1616 1577 1666; x_wconf 79' lang='grc' dir='ltr'><strong>τὸν</strong></span> <span class='ocrx_word' id='word_1_115' title='bbox 1600 1615 1807 1684; x_wconf 84' lang='grc' dir='ltr'>ὁρῶντα</span> 
     </span>
    </p>
   </div>
   <div class='ocr_carea' id='block_1_18' title="bbox 259 1702 1804 1775">
    <p class='ocr_par' dir='ltr' id='par_1_18' title="bbox 259 1702 1804 1775">
     <span class='ocr_line' id='line_1_18' title="bbox 259 1702 1804 1775; baseline -0.002 -19"><span class='ocrx_word' id='word_1_116' title='bbox 259 1707 356 1774; x_wconf 73' lang='grc' dir='ltr'>οὐχ</span> <span class='ocrx_word' id='word_1_117' title='bbox 371 1706 717 1775; x_wconf 83' lang='grc' dir='ltr'>ὑποκείμενόν</span> <span class='ocrx_word' id='word_1_118' title='bbox 738 1723 809 1763; x_wconf 86' lang='grc' dir='ltr'><strong>τι,</strong></span> <span class='ocrx_word' id='word_1_119' title='bbox 824 1704 933 1755; x_wconf 81' lang='grc' dir='ltr'>ἀλλ’</span> <span class='ocrx_word' id='word_1_120' title='bbox 955 1704 1205 1773; x_wconf 81' lang='grc' dir='ltr'>ὁμοίωσις</span> <span class='ocrx_word' id='word_1_121' title='bbox 1221 1703 1531 1772; x_wconf 83' lang='grc' dir='ltr'>φαινομένη·</span> <span class='ocrx_word' id='word_1_122' title='bbox 1554 1705 1601 1755; x_wconf 89' lang='grc' dir='ltr'><strong>εί</strong></span> <span class='ocrx_word' id='word_1_123' title='bbox 1621 1702 1804 1773; x_wconf 77' lang='grc' dir='ltr'>δὲ(κὶε)</span> 
     </span>
    </p>
   </div>
   <div class='ocr_carea' id='block_1_19' title="bbox 1926 619 3474 689">
    <p class='ocr_par' dir='ltr' id='par_1_19' title="bbox 1926 619 3474 689">
     <span class='ocr_line' id='line_1_19' title="bbox 1926 619 3474 689; baseline 0.003 -15"><span class='ocrx_word' id='word_1_124' title='bbox 1926 635 2001 674; x_wconf 69' lang='lat' dir='ltr'><strong>sa:</strong></span> <span class='ocrx_word' id='word_1_125' title='bbox 2024 620 2182 675; x_wconf 90' lang='lat' dir='ltr'><strong>annis</strong></span> <span class='ocrx_word' id='word_1_126' title='bbox 2212 619 2459 674; x_wconf 82' lang='lat' dir='ltr'><strong>ducentis</strong></span> <span class='ocrx_word' id='word_1_127' title='bbox 2476 620 2826 688; x_wconf 84' lang='lat' dir='ltr'><strong>quadraginta</strong></span> <span class='ocrx_word' id='word_1_128' title='bbox 2848 619 3117 689; x_wconf 88' lang='lat' dir='ltr'><strong>quinque;</strong></span> <span class='ocrx_word' id='word_1_129' title='bbox 3148 622 3349 676; x_wconf 90' lang='lat' dir='ltr'><strong>indicat</strong></span> <span class='ocrx_word' id='word_1_130' title='bbox 3377 638 3474 677; x_wconf 83' lang='lat' dir='ltr'><strong>eos</strong></span> 
     </span>
    </p>
   </div>
   <div class='ocr_carea' id='block_1_20' title="bbox 1923 713 3474 781">
    <p class='ocr_par' dir='ltr' id='par_1_20' title="bbox 1923 713 3474 781">
     <span class='ocr_line' id='line_1_20' title="bbox 1923 713 3474 781; baseline 0.005 -18"><span class='ocrx_word' id='word_1_131' title='bbox 1923 720 2203 781; x_wconf 74' lang='lat' dir='ltr'><strong>argentum</strong></span> <span class='ocrx_word' id='word_1_132' title='bbox 2246 728 2259 765; x_wconf 90' lang='lat'>:</span> <span class='ocrx_word' id='word_1_133' title='bbox 2301 718 2617 781; x_wconf 83' lang='lat' dir='ltr'><strong>potestatem</strong></span> <span class='ocrx_word' id='word_1_134' title='bbox 2669 726 2797 766; x_wconf 81' lang='lat' dir='ltr'><strong>vero</strong></span> <span class='ocrx_word' id='word_1_135' title='bbox 2846 713 3147 767; x_wconf 87' lang='lat' dir='ltr'><strong>habuerunt</strong></span> <span class='ocrx_word' id='word_1_136' title='bbox 3189 714 3359 770; x_wconf 73' lang='lat' dir='ltr'><strong>Gnaei</strong></span> <span class='ocrx_word' id='word_1_137' title='bbox 3406 716 3474 770; x_wconf 91' lang='lat' dir='ltr'><strong>ab</strong></span> 
     </span>
    </p>
   </div>
   <div class='ocr_carea' id='block_1_21' title="bbox 1924 802 3470 872">
    <p class='ocr_par' dir='ltr' id='par_1_21' title="bbox 1924 802 3470 872">
     <span class='ocr_line' id='line_1_21' title="bbox 1924 802 3470 872; baseline 0.005 -18"><span class='ocrx_word' id='word_1_138' title='bbox 1924 802 2235 856; x_wconf 78' lang='lat' dir='ltr'><strong>Alexandro</strong></span> <span class='ocrx_word' id='word_1_139' title='bbox 2266 802 2552 857; x_wconf 79' lang='lat' dir='ltr'><strong>Macedone</strong></span> <span class='ocrx_word' id='word_1_140' title='bbox 2580 803 2739 856; x_wconf 89' lang='lat' dir='ltr'><strong>annis</strong></span> <span class='ocrx_word' id='word_1_141' title='bbox 2762 803 3045 869; x_wconf 88' lang='lat' dir='ltr'><strong>trecentis;</strong></span> <span class='ocrx_word' id='word_1_142' title='bbox 3074 802 3173 872; x_wconf 90' lang='lat' dir='ltr'><strong>ipsi</strong></span> <span class='ocrx_word' id='word_1_143' title='bbox 3202 819 3276 858; x_wconf 73' lang='lat' dir='ltr'><strong>tes</strong></span> <span class='ocrx_word' id='word_1_144' title='bbox 3298 814 3470 861; x_wconf 89' lang='lat' dir='ltr'><strong>erant.</strong></span> 
     </span>
    </p>
   </div>
   <div class='ocr_carea' id='block_1_22' title="bbox 1922 889 3474 957">
    <p class='ocr_par' dir='ltr' id='par_1_22' title="bbox 1922 889 3474 957">
     <span class='ocr_line' id='line_1_22' title="bbox 1922 889 3474 957; baseline 0.005 -14"><span class='ocrx_word' id='word_1_145' title='bbox 1922 889 2055 945; x_wconf 87' lang='lat' dir='ltr'><strong>Post</strong></span> <span class='ocrx_word' id='word_1_146' title='bbox 2086 892 2186 946; x_wconf 88' lang='lat' dir='ltr'><strong>hos</strong></span> <span class='ocrx_word' id='word_1_147' title='bbox 2213 893 2461 955; x_wconf 80' lang='lat' dir='ltr'><strong>Romani,</strong></span> <span class='ocrx_word' id='word_1_148' title='bbox 2485 908 2641 947; x_wconf 90' lang='lat' dir='ltr'><strong>crura</strong></span> <span class='ocrx_word' id='word_1_149' title='bbox 2685 892 2857 947; x_wconf 83' lang='lat' dir='ltr'><strong>ierrea</strong></span> <span class='ocrx_word' id='word_1_150' title='bbox 2887 902 3095 957; x_wconf 69' lang='lat' dir='ltr'><strong>statuae,</strong></span> <span class='ocrx_word' id='word_1_151' title='bbox 3123 896 3329 950; x_wconf 85' lang='lat' dir='ltr'><strong>robusti</strong></span> <span class='ocrx_word' id='word_1_152' title='bbox 3370 896 3474 951; x_wconf 88' lang='lat' dir='ltr'><strong>viri</strong></span> 
     </span>
    </p>
   </div>
   <div class='ocr_carea' id='block_1_23' title="bbox 1924 981 3469 1054">
    <p class='ocr_par' dir='ltr' id='par_1_23' title="bbox 1924 981 3469 1054">
     <span class='ocr_line' id='line_1_23' title="bbox 1924 981 3469 1054; baseline 0.005 -20"><span class='ocrx_word' id='word_1_153' title='bbox 1924 993 1985 1035; x_wconf 91' lang='lat' dir='ltr'><strong>ut</strong></span> <span class='ocrx_word' id='word_1_154' title='bbox 2018 981 2219 1037; x_wconf 81' lang='lat' dir='ltr'><strong>ferrum</strong></span> <span class='ocrx_word' id='word_1_155' title='bbox 2246 1002 2260 1038; x_wconf 91' lang='lat'>:</span> <span class='ocrx_word' id='word_1_156' title='bbox 2293 984 2485 1038; x_wconf 89' lang='lat' dir='ltr'><strong>deinde</strong></span> <span class='ocrx_word' id='word_1_157' title='bbox 2516 984 2664 1054; x_wconf 79' lang='lat' dir='ltr'><strong>digiti</strong></span> <span class='ocrx_word' id='word_1_158' title='bbox 2702 985 2927 1054; x_wconf 88' lang='lat' dir='ltr'><strong>pedum,</strong></span> <span class='ocrx_word' id='word_1_159' title='bbox 2971 994 3102 1041; x_wconf 89' lang='lat' dir='ltr'><strong>testa</strong></span> <span class='ocrx_word' id='word_1_160' title='bbox 3132 994 3185 1041; x_wconf 89' lang='lat' dir='ltr'><strong>et</strong></span> <span class='ocrx_word' id='word_1_161' title='bbox 3226 988 3424 1041; x_wconf 82' lang='lat' dir='ltr'><strong>ferrum</strong></span> <span class='ocrx_word' id='word_1_162' title='bbox 3454 1005 3469 1042; x_wconf 89' lang='lat'><strong>:</strong></span> 
     </span>
    </p>
   </div>
   <div class='ocr_carea' id='block_1_24' title="bbox 1927 1075 3470 1141">
    <p class='ocr_par' dir='ltr' id='par_1_24' title="bbox 1927 1075 3470 1141">
     <span class='ocr_line' id='line_1_24' title="bbox 1927 1075 3470 1141; baseline 0.005 -16"><span class='ocrx_word' id='word_1_163' title='bbox 1927 1082 1986 1126; x_wconf 91' lang='lat' dir='ltr'><strong>ut</strong></span> <span class='ocrx_word' id='word_1_164' title='bbox 2016 1083 2447 1129; x_wconf 85' lang='lat' dir='ltr'><strong>monstrarentur</strong></span> <span class='ocrx_word' id='word_1_165' title='bbox 2470 1075 2808 1129; x_wconf 71' lang='lat' dir='ltr'><strong>democratia:</strong></span> <span class='ocrx_word' id='word_1_166' title='bbox 2832 1075 3023 1130; x_wconf 62' lang='lat' dir='ltr'><strong>futura!</strong></span> <span class='ocrx_word' id='word_1_167' title='bbox 3042 1116 3055 1141; x_wconf 93' lang='lat'><strong>,</strong></span> <span class='ocrx_word' id='word_1_168' title='bbox 3092 1078 3275 1131; x_wconf 63' lang='lat' dir='ltr'><strong>divisae</strong></span> <span class='ocrx_word' id='word_1_169' title='bbox 3297 1078 3348 1131; x_wconf 90' lang='lat' dir='ltr'><strong>in</strong></span> <span class='ocrx_word' id='word_1_170' title='bbox 3374 1078 3470 1133; x_wconf 83' lang='lat' dir='ltr'><strong>de-</strong></span> 
     </span>
    </p>
   </div>
   <div class='ocr_carea' id='block_1_25' title="bbox 1922 1160 3468 1245">
    <p class='ocr_par' dir='ltr' id='par_1_25' title="bbox 1922 1160 3468 1245">
     <span class='ocr_line' id='line_1_25' title="bbox 1922 1160 3468 1245; baseline 0.001 -26"><span class='ocrx_word' id='word_1_171' title='bbox 1922 1181 2038 1219; x_wconf 89' lang='lat' dir='ltr'><strong>cem</strong></span> <span class='ocrx_word' id='word_1_172' title='bbox 2071 1166 2270 1237; x_wconf 80' lang='lat' dir='ltr'><strong>digitos</strong></span> <span class='ocrx_word' id='word_1_173' title='bbox 2310 1175 2520 1230; x_wconf 69' lang='lat' dir='ltr'><strong>statuae,</strong></span> <span class='ocrx_word' id='word_1_174' title='bbox 2567 1160 2621 1219; x_wconf 88' lang='lat' dir='ltr'><strong>in</strong></span> <span class='ocrx_word' id='word_1_175' title='bbox 2662 1166 2862 1236; x_wconf 84' lang='lat' dir='ltr'><strong>quibus</strong></span> <span class='ocrx_word' id='word_1_176' title='bbox 2890 1167 2993 1221; x_wconf 90' lang='lat' dir='ltr'><strong>erit</strong></span> <span class='ocrx_word' id='word_1_177' title='bbox 3022 1166 3219 1221; x_wconf 81' lang='lat' dir='ltr'><strong>ferrum</strong></span> <span class='ocrx_word' id='word_1_178' title='bbox 3248 1167 3468 1245; x_wconf 84' lang='lat' dir='ltr'><strong>mistum</strong></span> 
     </span>
    </p>
   </div>
   <div class='ocr_carea' id='block_1_26' title="bbox 1922 1265 2093 1312">
    <p class='ocr_par' dir='ltr' id='par_1_26' title="bbox 1922 1265 2093 1312">
     <span class='ocr_line' id='line_1_26' title="bbox 1922 1265 2093 1312; baseline 0 -2"><span class='ocrx_word' id='word_1_179' title='bbox 1922 1265 2093 1312; x_wconf 62' lang='lat'><strong>18818.</strong></span> 
     </span>
    </p>
   </div>
   <div class='ocr_carea' id='block_1_27' title="bbox 1995 1526 3468 1603">
    <p class='ocr_par' dir='ltr' id='par_1_27' title="bbox 1995 1526 3468 1603">
     <span class='ocr_line' id='line_1_27' title="bbox 1995 1526 3468 1603; baseline 0.007 -25"><span class='ocrx_word' id='word_1_180' title='bbox 1995 1526 2055 1580; x_wconf 82' lang='lat' dir='ltr'><strong>V.</strong></span> <span class='ocrx_word' id='word_1_181' title='bbox 2084 1526 2169 1582; x_wconf 78' lang='lat' dir='ltr'><strong>3i.</strong></span> <span class='ocrx_word' id='word_1_182' title='bbox 2216 1528 2469 1593; x_wconf 72' lang='lat' dir='ltr'><strong>Videbar,</strong></span> <span class='ocrx_word' id='word_1_183' title='bbox 2509 1542 2612 1587; x_wconf 86' lang='lat' dir='ltr'><strong>etc.</strong></span> <span class='ocrx_word' id='word_1_184' title='bbox 2644 1531 2981 1601; x_wconf 84' lang='lat' dir='ltr'><strong>Apollinarii.</strong></span> <span class='ocrx_word' id='word_1_185' title='bbox 3017 1530 3163 1602; x_wconf 80' lang='lat' dir='ltr'><strong>(Non</strong></span> <span class='ocrx_word' id='word_1_186' title='bbox 3196 1550 3311 1586; x_wconf 77' lang='lat' dir='ltr'><strong>vero</strong></span> <span class='ocrx_word' id='word_1_187' title='bbox 3338 1532 3468 1603; x_wconf 79' lang='lat' dir='ltr'><strong>ﬂip-</strong></span> 
     </span>
    </p>
   </div>
   <div class='ocr_carea' id='block_1_28' title="bbox 1919 1615 3468 1691">
    <p class='ocr_par' dir='ltr' id='par_1_28' title="bbox 1919 1615 3468 1691">
     <span class='ocr_line' id='line_1_28' title="bbox 1919 1615 3468 1691; baseline 0.005 -23"><span class='ocrx_word' id='word_1_188' title='bbox 1919 1616 2104 1686; x_wconf 86' lang='lat' dir='ltr'><strong>polyti.</strong></span> <span class='ocrx_word' id='word_1_189' title='bbox 2146 1615 2251 1670; x_wconf 84' lang='lat' dir='ltr'><strong>Hic</strong></span> <span class='ocrx_word' id='word_1_190' title='bbox 2285 1619 2348 1670; x_wconf 83' lang='lat' dir='ltr'><strong>de</strong></span> <span class='ocrx_word' id='word_1_191' title='bbox 2384 1618 2475 1670; x_wconf 86' lang='lat' dir='ltr'><strong>illo</strong></span> <span class='ocrx_word' id='word_1_192' title='bbox 2520 1622 2709 1671; x_wconf 84' lang='lat' dir='ltr'><strong>mentio</strong></span> <span class='ocrx_word' id='word_1_193' title='bbox 2752 1630 2951 1672; x_wconf 81' lang='lat' dir='ltr'><strong>tantum</strong></span> <span class='ocrx_word' id='word_1_194' title='bbox 2993 1620 3103 1691; x_wconf 78' lang='lat' dir='ltr'><strong>ﬁt.)</strong></span> <span class='ocrx_word' id='word_1_195' title='bbox 3141 1623 3468 1689; x_wconf 81' lang='lat' dir='ltr'><strong>Aspiciehat,</strong></span> 
     </span>
    </p>
   </div>
   <div class='ocr_carea' id='block_1_29' title="bbox 1916 1707 3467 1779">
    <p class='ocr_par' dir='ltr' id='par_1_29' title="bbox 1916 1707 3467 1779">
     <span class='ocr_line' id='line_1_29' title="bbox 1916 1707 3467 1779; baseline 0.006 -22"><span class='ocrx_word' id='word_1_196' title='bbox 1916 1718 1969 1757; x_wconf 87' lang='lat' dir='ltr'><strong>et</strong></span> <span class='ocrx_word' id='word_1_197' title='bbox 2015 1720 2139 1758; x_wconf 90' lang='lat' dir='ltr'><strong>ecce</strong></span> <span class='ocrx_word' id='word_1_198' title='bbox 2176 1707 2329 1773; x_wconf 91' lang='lat' dir='ltr'><strong>quasi</strong></span> <span class='ocrx_word' id='word_1_199' title='bbox 2370 1716 2542 1759; x_wconf 89' lang='lat' dir='ltr'><strong>statua</strong></span> <span class='ocrx_word' id='word_1_200' title='bbox 2588 1723 2731 1759; x_wconf 89' lang='lat' dir='ltr'><strong>una:</strong></span> <span class='ocrx_word' id='word_1_201' title='bbox 2774 1718 2888 1761; x_wconf 88' lang='lat' dir='ltr'><strong>erat</strong></span> <span class='ocrx_word' id='word_1_202' title='bbox 2936 1712 3080 1767; x_wconf 84' lang='lat' dir='ltr'><strong>enim</strong></span> <span class='ocrx_word' id='word_1_203' title='bbox 3114 1725 3290 1765; x_wconf 77' lang='lat' dir='ltr'><strong>ent-am</strong></span> <span class='ocrx_word' id='word_1_204' title='bbox 3334 1713 3467 1779; x_wconf 90' lang='lat' dir='ltr'><strong>illo,</strong></span> 
     </span>
    </p>
   </div>
   <div class='ocr_carea' id='block_1_30' title="bbox 264 1793 1817 1863">
    <p class='ocr_par' dir='ltr' id='par_1_30' title="bbox 264 1793 1808 1863">
     <span class='ocr_line' id='line_1_30' title="bbox 264 1793 1808 1863; baseline -0.001 -17"><span class='ocrx_word' id='word_1_205' title='bbox 264 1796 358 1863; x_wconf 77' lang='grc' dir='ltr'><strong>καὶ</strong></span> <span class='ocrx_word' id='word_1_206' title='bbox 394 1796 598 1846; x_wconf 75' lang='grc' dir='ltr'>πολλῶν</span> <span class='ocrx_word' id='word_1_207' title='bbox 644 1795 751 1862; x_wconf 82' lang='grc' dir='ltr'>ἔχει</span> <span class='ocrx_word' id='word_1_208' title='bbox 798 1796 985 1845; x_wconf 75' lang='grc' dir='ltr'>ἕνωσιν</span> <span class='ocrx_word' id='word_1_209' title='bbox 1032 1795 1089 1845; x_wconf 85' lang='grc' dir='ltr'>ὲν</span> <span class='ocrx_word' id='word_1_210' title='bbox 1125 1793 1301 1863; x_wconf 79' lang='grc' dir='ltr'>ἑαυτῷ</span> <span class='ocrx_word' id='word_1_211' title='bbox 1335 1793 1473 1845; x_wconf 85' lang='grc' dir='ltr'>ὥστε</span> <span class='ocrx_word' id='word_1_212' title='bbox 1508 1793 1607 1844; x_wconf 85' lang='grc' dir='ltr'><strong>οὐκ</strong></span> <span class='ocrx_word' id='word_1_213' title='bbox 1641 1793 1808 1854; x_wconf 79' lang='grc' dir='ltr'>ὅντως</span> 
     </span>
    </p>
   </div>
   <div class='ocr_carea' id='block_1_31' title="bbox 1915 1793 3470 1863">
    <p class='ocr_par' dir='ltr' id='par_1_31' title="bbox 1917 1795 3470 1863">
     <span class='ocr_line' id='line_1_31' title="bbox 1917 1795 3470 1863; baseline 0.006 -17"><span class='ocrx_word' id='word_1_214' title='bbox 1917 1809 2021 1846; x_wconf 91' lang='lat' dir='ltr'><strong>non</strong></span> <span class='ocrx_word' id='word_1_215' title='bbox 2051 1803 2109 1846; x_wconf 90' lang='lat' dir='ltr'><strong>ut</strong></span> <span class='ocrx_word' id='word_1_216' title='bbox 2138 1795 2306 1848; x_wconf 84' lang='lat' dir='ltr'><strong>cuivis</strong></span> <span class='ocrx_word' id='word_1_217' title='bbox 2329 1795 2611 1863; x_wconf 86' lang='lat' dir='ltr'><strong>spcctatori</strong></span> <span class='ocrx_word' id='word_1_218' title='bbox 2645 1795 2844 1862; x_wconf 90' lang='lat' dir='ltr'><strong>aliquid</strong></span> <span class='ocrx_word' id='word_1_219' title='bbox 2874 1798 3196 1863; x_wconf 75' lang='lat' dir='ltr'><strong>expositum,</strong></span> <span class='ocrx_word' id='word_1_220' title='bbox 3234 1800 3324 1852; x_wconf 88' lang='lat' dir='ltr'><strong>sed</strong></span> <span class='ocrx_word' id='word_1_221' title='bbox 3354 1811 3470 1856; x_wconf 82' lang='lat' dir='ltr'><strong>erat</strong></span> 
     </span>
    </p>
   </div>
   <div class='ocr_carea' id='block_1_32' title="bbox 255 1872 1817 1951">
    <p class='ocr_par' dir='ltr' id='par_1_32' title="bbox 255 1875 1812 1950">
     <span class='ocr_line' id='line_1_32' title="bbox 255 1875 1812 1950; baseline 0.001 -21"><span class='ocrx_word' id='word_1_222' title='bbox 255 1875 356 1942; x_wconf 75' lang='grc' dir='ltr'>εἷς,</span> <span class='ocrx_word' id='word_1_223' title='bbox 392 1882 556 1944; x_wconf 82' lang='grc' dir='ltr'>πολὺς</span> <span class='ocrx_word' id='word_1_224' title='bbox 588 1883 616 1933; x_wconf 93' lang='lat'><strong>6</strong></span> <span class='ocrx_word' id='word_1_225' title='bbox 650 1881 865 1949; x_wconf 79' lang='grc' dir='ltr'>ἀνδριάς</span> <span class='ocrx_word' id='word_1_226' title='bbox 898 1883 1121 1944; x_wconf 75' lang='grc' dir='ltr'>ἐκεῖνος·</span> <span class='ocrx_word' id='word_1_227' title='bbox 1156 1881 1263 1932; x_wconf 83' lang='grc' dir='ltr'><strong>τῶν</strong></span> <span class='ocrx_word' id='word_1_228' title='bbox 1296 1881 1402 1950; x_wconf 78' lang='grc' dir='ltr'>γὰρ</span> <span class='ocrx_word' id='word_1_229' title='bbox 1435 1881 1619 1932; x_wconf 82' lang='grc' dir='ltr'>πασῶν</span> <span class='ocrx_word' id='word_1_230' title='bbox 1660 1880 1812 1947; x_wconf 89' lang='grc' dir='ltr'>βασι-</span> 
     </span>
    </p>
   </div>
   <div class='ocr_carea' id='block_1_33' title="bbox 1915 1872 3465 1951">
    <p class='ocr_par' dir='ltr' id='par_1_33' title="bbox 1915 1874 3465 1951">
     <span class='ocr_line' id='line_1_33' title="bbox 1915 1874 3465 1951; baseline 0.005 -18"><span class='ocrx_word' id='word_1_231' title='bbox 1915 1897 2179 1949; x_wconf 80' lang='lat' dir='ltr'><strong>apparens</strong></span> <span class='ocrx_word' id='word_1_232' title='bbox 2227 1882 2431 1951; x_wconf 81' lang='lat' dir='ltr'><strong>imago:</strong></span> <span class='ocrx_word' id='word_1_233' title='bbox 2479 1893 2532 1935; x_wconf 87' lang='lat' dir='ltr'><strong>et</strong></span> <span class='ocrx_word' id='word_1_234' title='bbox 2580 1884 2869 1936; x_wconf 85' lang='lat' dir='ltr'><strong>multorum</strong></span> <span class='ocrx_word' id='word_1_235' title='bbox 2919 1886 3076 1938; x_wconf 83' lang='lat' dir='ltr'><strong>habet</strong></span> <span class='ocrx_word' id='word_1_236' title='bbox 3113 1887 3368 1940; x_wconf 86' lang='lat' dir='ltr'><strong>unitatem</strong></span> <span class='ocrx_word' id='word_1_237' title='bbox 3410 1874 3465 1941; x_wconf 92' lang='lat' dir='ltr'><strong>in</strong></span> 
     </span>
    </p>
   </div>
   <div class='ocr_carea' id='block_1_34' title="bbox 254 1965 1811 2038">
    <p class='ocr_par' dir='ltr' id='par_1_34' title="bbox 254 1965 1811 2038">
     <span class='ocr_line' id='line_1_34' title="bbox 254 1965 1811 2038; baseline -0.003 -19"><span class='ocrx_word' id='word_1_238' title='bbox 254 1968 414 2020; x_wconf 85' lang='grc' dir='ltr'>λειῶν</span> <span class='ocrx_word' id='word_1_239' title='bbox 444 1967 585 2038; x_wconf 83' lang='grc' dir='ltr'>εἶχεν</span> <span class='ocrx_word' id='word_1_240' title='bbox 618 1968 1108 2036; x_wconf 60' lang='grc' dir='ltr'>ἀνακεφαλαίωσιν</span> <span class='ocrx_word' id='word_1_241' title='bbox 1139 1969 1231 2019; x_wconf 78' lang='grc' dir='ltr'><strong>καὶ</strong></span> <span class='ocrx_word' id='word_1_242' title='bbox 1261 1968 1487 2018; x_wconf 82' lang='grc' dir='ltr'>εύείδεια</span> <span class='ocrx_word' id='word_1_243' title='bbox 1521 1965 1682 2018; x_wconf 78' lang='grc' dir='ltr'>αὑτοῦ</span> <span class='ocrx_word' id='word_1_244' title='bbox 1713 1981 1811 2015; x_wconf 85' lang='grc' dir='ltr'>πε·-</span> 
     </span>
    </p>
   </div>
   <div class='ocr_carea' id='block_1_35' title="bbox 257 2048 1810 2128">
    <p class='ocr_par' dir='ltr' id='par_1_35' title="bbox 257 2048 1810 2128">
     <span class='ocr_line' id='line_1_35' title="bbox 257 2048 1810 2128; baseline -0.002 -19"><span class='ocrx_word' id='word_1_245' title='bbox 257 2048 419 2128; x_wconf 77' lang='grc' dir='ltr'>ρισσὴ</span> <span class='ocrx_word' id='word_1_246' title='bbox 440 2059 523 2110; x_wconf 83' lang='grc' dir='ltr'><strong>διά</strong></span> <span class='ocrx_word' id='word_1_247' title='bbox 555 2058 652 2127; x_wconf 83' lang='grc' dir='ltr'>τὴν</span> <span class='ocrx_word' id='word_1_248' title='bbox 681 2058 835 2122; x_wconf 80' lang='grc' dir='ltr'>δόξαν</span> <span class='ocrx_word' id='word_1_249' title='bbox 868 2058 973 2109; x_wconf 82' lang='grc' dir='ltr'><strong>τῶν</strong></span> <span class='ocrx_word' id='word_1_250' title='bbox 1003 2055 1281 2126; x_wconf 81' lang='grc' dir='ltr'>βασιλέων·</span> <span class='ocrx_word' id='word_1_251' title='bbox 1314 2057 1404 2108; x_wconf 76' lang='grc' dir='ltr'><strong>καὶ</strong></span> <span class='ocrx_word' id='word_1_252' title='bbox 1435 2058 1466 2125; x_wconf 78' lang='grc' dir='ltr'>ἡ</span> <span class='ocrx_word' id='word_1_253' title='bbox 1502 2054 1681 2125; x_wconf 77' lang='grc' dir='ltr'>μορφὴ</span> <span class='ocrx_word' id='word_1_254' title='bbox 1713 2056 1810 2107; x_wconf 83' lang='grc' dir='ltr'>αύ-</span> 
     </span>
    </p>
   </div>
   <div class='ocr_carea' id='block_1_36' title="bbox 253 2144 1810 2217">
    <p class='ocr_par' dir='ltr' id='par_1_36' title="bbox 253 2144 1810 2217">
     <span class='ocr_line' id='line_1_36' title="bbox 253 2144 1810 2217; baseline -0.003 -18"><span class='ocrx_word' id='word_1_255' title='bbox 253 2148 347 2199; x_wconf 87' lang='grc' dir='ltr'><strong>τοῦ</strong></span> <span class='ocrx_word' id='word_1_256' title='bbox 388 2148 589 2217; x_wconf 75' lang='grc' dir='ltr'>φοϐερά</span> <span class='ocrx_word' id='word_1_257' title='bbox 617 2148 701 2198; x_wconf 76' lang='grc' dir='ltr'>διὰ</span> <span class='ocrx_word' id='word_1_258' title='bbox 746 2148 840 2216; x_wconf 79' lang='grc' dir='ltr'><strong>τὴν</strong></span> <span class='ocrx_word' id='word_1_259' title='bbox 876 2147 1135 2209; x_wconf 79' lang='grc' dir='ltr'>ἐξουσίαν.</span> <span class='ocrx_word' id='word_1_260' title='bbox 1170 2144 1421 2207; x_wconf 80' lang='grc' dir='ltr'>Εὐσέϐιος</span> <span class='ocrx_word' id='word_1_261' title='bbox 1459 2147 1487 2196; x_wconf 98' lang='lat'><strong>6</strong></span> <span class='ocrx_word' id='word_1_262' title='bbox 1529 2145 1810 2214; x_wconf 81' lang='grc' dir='ltr'>Παμφίλου</span> 
     </span>
    </p>
   </div>
   <div class='ocr_carea' id='block_1_37' title="bbox 255 2233 1813 2305">
    <p class='ocr_par' dir='ltr' id='par_1_37' title="bbox 255 2233 1813 2305">
     <span class='ocr_line' id='line_1_37' title="bbox 255 2233 1813 2305; baseline -0.003 -16"><span class='ocrx_word' id='word_1_263' title='bbox 255 2238 349 2291; x_wconf 71' lang='grc' dir='ltr'><strong>καὶ</strong></span> <span class='ocrx_word' id='word_1_264' title='bbox 392 2239 699 2299; x_wconf 74' lang='grc' dir='ltr'>Ἱππόλυτος</span> <span class='ocrx_word' id='word_1_265' title='bbox 721 2241 746 2289; x_wconf 87' lang='lat'><strong>6</strong></span> <span class='ocrx_word' id='word_1_266' title='bbox 767 2236 1063 2305; x_wconf 84' lang='grc' dir='ltr'>ἀγιώτατος</span> <span class='ocrx_word' id='word_1_267' title='bbox 1086 2236 1377 2297; x_wconf 77' lang='grc' dir='ltr'>ἐπίσκοπος</span> <span class='ocrx_word' id='word_1_268' title='bbox 1417 2233 1631 2305; x_wconf 81' lang='grc' dir='ltr'>Ῥώμης</span> <span class='ocrx_word' id='word_1_269' title='bbox 1659 2238 1813 2286; x_wconf 86' lang='grc' dir='ltr'>άπει-</span> 
     </span>
    </p>
   </div>
   <div class='ocr_carea' id='block_1_38' title="bbox 252 2324 1809 2397">
    <p class='ocr_par' dir='ltr' id='par_1_38' title="bbox 252 2324 1809 2397">
     <span class='ocr_line' id='line_1_38' title="bbox 252 2324 1809 2397; baseline 0 -19"><span class='ocrx_word' id='word_1_270' title='bbox 252 2326 481 2390; x_wconf 83' lang='grc' dir='ltr'>κάζουσι</span> <span class='ocrx_word' id='word_1_271' title='bbox 529 2326 624 2397; x_wconf 78' lang='grc' dir='ltr'><strong>τὴν</strong></span> <span class='ocrx_word' id='word_1_272' title='bbox 657 2327 1016 2397; x_wconf 77' lang='grc' dir='ltr'>προκειμένην</span> <span class='ocrx_word' id='word_1_273' title='bbox 1055 2325 1147 2378; x_wconf 86' lang='grc' dir='ltr'><strong>τοῦ</strong></span> <span class='ocrx_word' id='word_1_274' title='bbox 1181 2324 1640 2394; x_wconf 82' lang='grc' dir='ltr'>Ναϐουχοδονόσορ</span> <span class='ocrx_word' id='word_1_275' title='bbox 1678 2327 1809 2395; x_wconf 81' lang='grc' dir='ltr'>δρα-</span> 
     </span>
    </p>
   </div>
   <div class='ocr_carea' id='block_1_39' title="bbox 255 2416 1815 2487">
    <p class='ocr_par' dir='ltr' id='par_1_39' title="bbox 255 2416 1815 2487">
     <span class='ocr_line' id='line_1_39' title="bbox 255 2416 1815 2487; baseline -0.001 -18"><span class='ocrx_word' id='word_1_276' title='bbox 255 2435 338 2470; x_wconf 89' lang='grc' dir='ltr'><strong>σιν</strong></span> <span class='ocrx_word' id='word_1_277' title='bbox 385 2421 451 2487; x_wconf 84' lang='grc' dir='ltr'>τῇ</span> <span class='ocrx_word' id='word_1_278' title='bbox 490 2416 581 2468; x_wconf 88' lang='grc' dir='ltr'><strong>τοῦ</strong></span> <span class='ocrx_word' id='word_1_279' title='bbox 628 2418 903 2487; x_wconf 77' lang='grc' dir='ltr'>προφήτου</span> <span class='ocrx_word' id='word_1_280' title='bbox 935 2416 1129 2487; x_wconf 75' lang='grc' dir='ltr'>Δανιὴλ</span> <span class='ocrx_word' id='word_1_281' title='bbox 1170 2416 1421 2485; x_wconf 69' lang='grc' dir='ltr'>ὀπτασίᾳ·</span> <span class='ocrx_word' id='word_1_282' title='bbox 1472 2416 1654 2485; x_wconf 76' lang='grc' dir='ltr'>ἐπειδὴ</span> <span class='ocrx_word' id='word_1_283' title='bbox 1700 2416 1815 2468; x_wconf 86' lang='grc' dir='ltr'>δια-</span> 
     </span>
    </p>
   </div>
   <div class='ocr_carea' id='block_1_40' title="bbox 253 2506 1813 2579">
    <p class='ocr_par' dir='ltr' id='par_1_40' title="bbox 253 2506 1813 2579">
     <span class='ocr_line' id='line_1_40' title="bbox 253 2506 1813 2579; baseline 0.001 -18"><span class='ocrx_word' id='word_1_284' title='bbox 253 2510 434 2578; x_wconf 82' lang='grc' dir='ltr'>φόρως</span> <span class='ocrx_word' id='word_1_285' title='bbox 466 2508 563 2577; x_wconf 72' lang='grc' dir='ltr'>τὴν</span> <span class='ocrx_word' id='word_1_286' title='bbox 597 2506 962 2579; x_wconf 80' lang='grc' dir='ltr'>προκειμένην</span> <span class='ocrx_word' id='word_1_287' title='bbox 1000 2508 1229 2578; x_wconf 84' lang='grc' dir='ltr'>Θεωρίαν</span> <span class='ocrx_word' id='word_1_288' title='bbox 1262 2506 1508 2573; x_wconf 74' lang='grc' dir='ltr'>ἐξέλαϐον</span> <span class='ocrx_word' id='word_1_289' title='bbox 1536 2509 1585 2560; x_wconf 87' lang='grc' dir='ltr'>οἱ</span> <span class='ocrx_word' id='word_1_290' title='bbox 1611 2509 1813 2579; x_wconf 85' lang='grc' dir='ltr'>ταύτην</span> 
     </span>
    </p>
   </div>
   <div class='ocr_carea' id='block_1_41' title="bbox 255 2599 1813 2671">
    <p class='ocr_par' dir='ltr' id='par_1_41' title="bbox 255 2599 1813 2671">
     <span class='ocr_line' id='line_1_41' title="bbox 255 2599 1813 2671; baseline 0 -18"><span class='ocrx_word' id='word_1_291' title='bbox 255 2599 709 2671; x_wconf 76' lang='grc' dir='ltr'>ἑρμηνεύσαντες,</span> <span class='ocrx_word' id='word_1_292' title='bbox 754 2602 1045 2669; x_wconf 81' lang='grc' dir='ltr'>άναγκαῖον</span> <span class='ocrx_word' id='word_1_293' title='bbox 1081 2600 1407 2671; x_wconf 74' lang='grc' dir='ltr'>ἐλογισάμην</span> <span class='ocrx_word' id='word_1_294' title='bbox 1440 2600 1694 2653; x_wconf 74' lang='grc' dir='ltr'>Εὐπϐίου</span> <span class='ocrx_word' id='word_1_295' title='bbox 1721 2600 1813 2653; x_wconf 90' lang='grc' dir='ltr'><strong>τοῦ</strong></span> 
     </span>
    </p>
   </div>
   <div class='ocr_carea' id='block_1_42' title="bbox 257 2688 1815 2760">
    <p class='ocr_par' dir='ltr' id='par_1_42' title="bbox 257 2688 1815 2760">
     <span class='ocr_line' id='line_1_42' title="bbox 257 2688 1815 2760; baseline 0 -19"><span class='ocrx_word' id='word_1_296' title='bbox 257 2688 589 2760; x_wconf 73' lang='grc' dir='ltr'>Καισαρείας</span> <span class='ocrx_word' id='word_1_297' title='bbox 618 2688 710 2740; x_wconf 88' lang='grc' dir='ltr'><strong>τοῦ</strong></span> <span class='ocrx_word' id='word_1_298' title='bbox 755 2688 980 2759; x_wconf 76' lang='grc' dir='ltr'>ἐπίκλην</span> <span class='ocrx_word' id='word_1_299' title='bbox 1021 2688 1301 2758; x_wconf 85' lang='grc' dir='ltr'>Παμφίλου</span> <span class='ocrx_word' id='word_1_300' title='bbox 1340 2688 1672 2759; x_wconf 80' lang='grc' dir='ltr'>παραθέσθαι</span> <span class='ocrx_word' id='word_1_301' title='bbox 1704 2708 1815 2757; x_wconf 80' lang='grc' dir='ltr'><strong>φω-</strong></span> 
     </span>
    </p>
   </div>
   <div class='ocr_carea' id='block_1_43' title="bbox 248 2778 1814 2850">
    <p class='ocr_par' dir='ltr' id='par_1_43' title="bbox 248 2778 1814 2850">
     <span class='ocr_line' id='line_1_43' title="bbox 248 2778 1814 2850; baseline 0.003 -21"><span class='ocrx_word' id='word_1_302' title='bbox 248 2782 351 2844; x_wconf 72' lang='grc' dir='ltr'><strong>νὰς</strong></span> <span class='ocrx_word' id='word_1_303' title='bbox 380 2781 670 2849; x_wconf 71' lang='grc' dir='ltr'>εἰρημένας</span> <span class='ocrx_word' id='word_1_304' title='bbox 697 2780 753 2831; x_wconf 83' lang='grc' dir='ltr'>ἐν</span> <span class='ocrx_word' id='word_1_305' title='bbox 780 2778 1242 2850; x_wconf 83' lang='grc' dir='ltr'>πεντεκαιδεκάτῳ</span> <span class='ocrx_word' id='word_1_306' title='bbox 1284 2778 1433 2848; x_wconf 83' lang='grc' dir='ltr'>τόμῳ</span> <span class='ocrx_word' id='word_1_307' title='bbox 1456 2780 1553 2849; x_wconf 77' lang='grc' dir='ltr'>τῆς</span> <span class='ocrx_word' id='word_1_308' title='bbox 1578 2780 1814 2850; x_wconf 62' lang='grc' dir='ltr'>εὐαγγε-</span> 
     </span>
    </p>
   </div>
   <div class='ocr_carea' id='block_1_44' title="bbox 251 2863 1815 2941">
    <p class='ocr_par' dir='ltr' id='par_1_44' title="bbox 251 2863 1815 2941">
     <span class='ocr_line' id='line_1_44' title="bbox 251 2863 1815 2941; baseline -0.001 -18"><span class='ocrx_word' id='word_1_309' title='bbox 251 2870 431 2938; x_wconf 71' lang='grc' dir='ltr'>λικῆς</span> <span class='ocrx_word' id='word_1_310' title='bbox 461 2869 828 2935; x_wconf 80' lang='grc' dir='ltr'>Ἀποδείξεως</span> <span class='ocrx_word' id='word_1_311' title='bbox 851 2870 988 2940; x_wconf 64' lang='lat'><strong>(72);</strong></span> <span class='ocrx_word' id='word_1_312' title='bbox 1011 2863 1160 2933; x_wconf 73' lang='grc' dir='ltr'>οὗτος</span> <span class='ocrx_word' id='word_1_313' title='bbox 1186 2870 1291 2940; x_wconf 85' lang='grc' dir='ltr'><strong>γάρ</strong></span> <span class='ocrx_word' id='word_1_314' title='bbox 1322 2871 1501 2923; x_wconf 80' lang='grc' dir='ltr'>πᾶσαν</span> <span class='ocrx_word' id='word_1_315' title='bbox 1530 2870 1815 2941; x_wconf 80' lang='grc' dir='ltr'>ἐκθέμενος</span> 
     </span>
    </p>
   </div>
   <div class='ocr_carea' id='block_1_45' title="bbox 250 2960 1814 3034">
    <p class='ocr_par' dir='ltr' id='par_1_45' title="bbox 250 2960 1814 3034">
     <span class='ocr_line' id='line_1_45' title="bbox 250 2960 1814 3034; baseline 0.001 -22"><span class='ocrx_word' id='word_1_316' title='bbox 250 2961 351 3030; x_wconf 77' lang='grc' dir='ltr'>τὴν</span> <span class='ocrx_word' id='word_1_317' title='bbox 370 2962 558 3034; x_wconf 84' lang='grc' dir='ltr'>ὅρασιν</span> <span class='ocrx_word' id='word_1_318' title='bbox 580 2961 747 3023; x_wconf 72' lang='grc' dir='ltr'>οὕτως</span> <span class='ocrx_word' id='word_1_319' title='bbox 776 2960 925 3031; x_wconf 76' lang='grc' dir='ltr'><strong>ιρησί⁶</strong></span> <span class='ocrx_word' id='word_1_320' title='bbox 943 2961 1287 3031; x_wconf 85' lang='grc' dir='ltr'>-Ἠγοῦμαι</span> <span class='ocrx_word' id='word_1_321' title='bbox 1306 2961 1476 3014; x_wconf 89' lang='grc' dir='ltr'>ταῦτα</span> <span class='ocrx_word' id='word_1_322' title='bbox 1511 2962 1675 3032; x_wconf 87' lang='grc' dir='ltr'>μηδὲν</span> <span class='ocrx_word' id='word_1_323' title='bbox 1702 2962 1814 3013; x_wconf 89' lang='grc' dir='ltr'>δια-</span> 
     </span>
    </p>
   </div>
   <div class='ocr_carea' id='block_1_46' title="bbox 252 3051 1809 3124">
    <p class='ocr_par' dir='ltr' id='par_1_46' title="bbox 252 3051 1809 3124">
     <span class='ocr_line' id='line_1_46' title="bbox 252 3051 1809 3124; baseline -0.009 -14"><span class='ocrx_word' id='word_1_324' title='bbox 252 3052 441 3122; x_wconf 81' lang='grc' dir='ltr'>φέρειν</span> <span class='ocrx_word' id='word_1_325' title='bbox 471 3051 571 3121; x_wconf 86' lang='grc' dir='ltr'>τῆς</span> <span class='ocrx_word' id='word_1_326' title='bbox 601 3051 693 3104; x_wconf 86' lang='grc' dir='ltr'><strong>τοῦ</strong></span> <span class='ocrx_word' id='word_1_327' title='bbox 720 3054 995 3123; x_wconf 79' lang='grc' dir='ltr'>προφήτου</span> <span class='ocrx_word' id='word_1_328' title='bbox 1026 3053 1275 3121; x_wconf 86' lang='grc' dir='ltr'>θεωρίας·</span> <span class='ocrx_word' id='word_1_329' title='bbox 1302 3053 1376 3115; x_wconf 79' lang='grc' dir='ltr'>ὡς</span> <span class='ocrx_word' id='word_1_330' title='bbox 1403 3053 1510 3123; x_wconf 83' lang='grc' dir='ltr'>γὰρ</span> <span class='ocrx_word' id='word_1_331' title='bbox 1540 3056 1568 3106; x_wconf 81' lang='grc' dir='ltr'>ὁ</span> <span class='ocrx_word' id='word_1_332' title='bbox 1604 3054 1809 3124; x_wconf 75' lang='grc' dir='ltr'>προφή.</span> 
     </span>
    </p>
   </div>
   <div class='ocr_carea' id='block_1_47' title="bbox 250 3140 1810 3213">
    <p class='ocr_par' dir='ltr' id='par_1_47' title="bbox 250 3140 1810 3213">
     <span class='ocr_line' id='line_1_47' title="bbox 250 3140 1810 3213; baseline 0.002 -21"><span class='ocrx_word' id='word_1_333' title='bbox 250 3157 352 3206; x_wconf 85' lang='grc' dir='ltr'><strong>της</strong></span> <span class='ocrx_word' id='word_1_334' title='bbox 402 3140 673 3195; x_wconf 88' lang='grc' dir='ltr'>θάλασσαν</span> <span class='ocrx_word' id='word_1_335' title='bbox 727 3140 873 3212; x_wconf 79' lang='grc' dir='ltr'>ἐώρα</span> <span class='ocrx_word' id='word_1_336' title='bbox 926 3142 1198 3213; x_wconf 79' lang='grc' dir='ltr'>μεγάλην,</span> <span class='ocrx_word' id='word_1_337' title='bbox 1262 3142 1431 3205; x_wconf 79' lang='grc' dir='ltr'>οὕτως</span> <span class='ocrx_word' id='word_1_338' title='bbox 1480 3145 1508 3195; x_wconf 89' lang='lat'><strong>6</strong></span> <span class='ocrx_word' id='word_1_339' title='bbox 1562 3143 1810 3213; x_wconf 81' lang='grc' dir='ltr'>βασιλεὺς</span> 
     </span>
    </p>
   </div>
   <div class='ocr_carea' id='block_1_48' title="bbox 249 3196 1876 3304">
    <p class='ocr_par' dir='ltr' id='par_1_48' title="bbox 249 3196 1876 3304">
     <span class='ocr_line' id='line_1_48' title="bbox 249 3196 1876 3304; baseline 0.004 -23"><span class='ocrx_word' id='word_1_340' title='bbox 249 3196 436 3281; x_wconf 45' lang='lat' dir='ltr'><strong>siit-69a</strong></span> <span class='ocrx_word' id='word_1_341' title='bbox 481 3229 709 3301; x_wconf 61' lang='grc' dir='ltr'>πολλήν</span> <span class='ocrx_word' id='word_1_342' title='bbox 764 3196 856 3284; x_wconf 71' lang='grc' dir='ltr'>καὶ</span> <span class='ocrx_word' id='word_1_343' title='bbox 1079 3196 1155 3295; x_wconf 43' lang='grc' dir='ltr'><strong>ὠις</strong></span> <span class='ocrx_word' id='word_1_344' title='bbox 1185 3196 1227 3285; x_wconf 48' lang='grc' dir='ltr'>’ό</span> <span class='ocrx_word' id='word_1_345' title='bbox 1269 3196 1573 3304; x_wconf 52' lang='grc' dir='ltr'><strong>προφητηςι</strong></span> <span class='ocrx_word' id='word_1_346' title='bbox 1593 3233 1735 3303; x_wconf 82' lang='grc' dir='ltr'>ἑώρα</span> <span class='ocrx_word' id='word_1_347' title='bbox 1834 3196 1876 3250; x_wconf 76' lang='lat' dir='ltr'><strong><em>C</em></strong></span> 
     </span>
    </p>
   </div>
   <div class='ocr_carea' id='block_1_49' title="bbox 248 3320 1809 3392">
    <p class='ocr_par' dir='ltr' id='par_1_49' title="bbox 248 3320 1809 3392">
     <span class='ocr_line' id='line_1_49' title="bbox 248 3320 1809 3392; baseline 0.002 -18"><span class='ocrx_word' id='word_1_348' title='bbox 248 3320 432 3392; x_wconf 79' lang='grc' dir='ltr'><strong>θηρία¹</strong></span> <span class='ocrx_word' id='word_1_349' title='bbox 466 3320 611 3390; x_wconf 79' lang='grc' dir='ltr'>άπερ</span> <span class='ocrx_word' id='word_1_350' title='bbox 656 3320 968 3391; x_wconf 80' lang='grc' dir='ltr'>ἑρμηνεύων</span> <span class='ocrx_word' id='word_1_351' title='bbox 1002 3322 1293 3391; x_wconf 84' lang='grc' dir='ltr'>μετέϐαλεν</span> <span class='ocrx_word' id='word_1_352' title='bbox 1323 3327 1402 3386; x_wconf 88' lang='grc' dir='ltr'><strong>είς</strong></span> <span class='ocrx_word' id='word_1_353' title='bbox 1442 3325 1482 3376; x_wconf 83' lang='grc' dir='ltr'>δ’</span> <span class='ocrx_word' id='word_1_354' title='bbox 1516 3324 1809 3392; x_wconf 84' lang='grc' dir='ltr'>βασιλείας,</span> 
     </span>
    </p>
   </div>
   <div class='ocr_carea' id='block_1_50' title="bbox 249 3410 1810 3486">
    <p class='ocr_par' dir='ltr' id='par_1_50' title="bbox 249 3410 1810 3486">
     <span class='ocr_line' id='line_1_50' title="bbox 249 3410 1810 3486; baseline 0.003 -24"><span class='ocrx_word' id='word_1_355' title='bbox 249 3410 429 3472; x_wconf 85' lang='grc' dir='ltr'>οῦτως</span> <span class='ocrx_word' id='word_1_356' title='bbox 469 3412 499 3462; x_wconf 81' lang='lat'><strong>6</strong></span> <span class='ocrx_word' id='word_1_357' title='bbox 547 3410 797 3480; x_wconf 78' lang='grc' dir='ltr'>βασιλεὺς</span> <span class='ocrx_word' id='word_1_358' title='bbox 836 3412 935 3474; x_wconf 84' lang='grc' dir='ltr'>τὰς</span> <span class='ocrx_word' id='word_1_359' title='bbox 964 3411 1051 3465; x_wconf 76' lang='grc' dir='ltr'>διὰ</span> <span class='ocrx_word' id='word_1_360' title='bbox 1080 3413 1173 3465; x_wconf 89' lang='grc' dir='ltr'><strong>τοῦ</strong></span> <span class='ocrx_word' id='word_1_361' title='bbox 1217 3413 1413 3485; x_wconf 82' lang='grc' dir='ltr'>χρυσοῦ</span> <span class='ocrx_word' id='word_1_362' title='bbox 1442 3415 1536 3466; x_wconf 77' lang='grc' dir='ltr'>καὶ</span> <span class='ocrx_word' id='word_1_363' title='bbox 1571 3415 1810 3486; x_wconf 84' lang='grc' dir='ltr'>ἀργύρου</span> 
     </span>
    </p>
   </div>
   <div class='ocr_carea' id='block_1_51' title="bbox 247 3500 1815 3575">
    <p class='ocr_par' dir='ltr' id='par_1_51' title="bbox 247 3500 1815 3575">
     <span class='ocr_line' id='line_1_51' title="bbox 247 3500 1815 3575; baseline 0.004 -21"><span class='ocrx_word' id='word_1_364' title='bbox 247 3502 347 3554; x_wconf 74' lang='grc' dir='ltr'>καὶ</span> <span class='ocrx_word' id='word_1_365' title='bbox 388 3500 592 3571; x_wconf 80' lang='grc' dir='ltr'>χαλκοῦ</span> <span class='ocrx_word' id='word_1_366' title='bbox 635 3504 728 3555; x_wconf 68' lang='grc' dir='ltr'><strong>καὶ</strong></span> <span class='ocrx_word' id='word_1_367' title='bbox 772 3503 1013 3574; x_wconf 80' lang='grc' dir='ltr'>σιδήρου,</span> <span class='ocrx_word' id='word_1_368' title='bbox 1049 3504 1316 3575; x_wconf 89' lang='grc' dir='ltr'>τέσσαρας</span> <span class='ocrx_word' id='word_1_369' title='bbox 1362 3503 1632 3573; x_wconf 84' lang='grc' dir='ltr'>βασιλείας</span> <span class='ocrx_word' id='word_1_370' title='bbox 1668 3506 1815 3575; x_wconf 73' lang='grc' dir='ltr'>ᾐνίτ-</span> 
     </span>
    </p>
   </div>
   <div class='ocr_carea' id='block_1_52' title="bbox 245 3589 1812 3665">
    <p class='ocr_par' dir='ltr' id='par_1_52' title="bbox 245 3589 1812 3665">
     <span class='ocr_line' id='line_1_52' title="bbox 245 3589 1812 3665; baseline 0.002 -20"><span class='ocrx_word' id='word_1_371' title='bbox 245 3609 394 3645; x_wconf 74' lang='grc' dir='ltr'>τετοο</span> <span class='ocrx_word' id='word_1_372' title='bbox 431 3592 526 3645; x_wconf 79' lang='grc' dir='ltr'>καὶ</span> <span class='ocrx_word' id='word_1_373' title='bbox 572 3589 726 3657; x_wconf 84' lang='grc' dir='ltr'>αὖθις</span> <span class='ocrx_word' id='word_1_374' title='bbox 769 3594 844 3657; x_wconf 85' lang='grc' dir='ltr'>ὡς</span> <span class='ocrx_word' id='word_1_375' title='bbox 887 3597 916 3648; x_wconf 91' lang='lat'><strong>6</strong></span> <span class='ocrx_word' id='word_1_376' title='bbox 960 3596 1239 3665; x_wconf 76' lang='grc' dir='ltr'>προφήτης</span> <span class='ocrx_word' id='word_1_377' title='bbox 1284 3594 1390 3646; x_wconf 78' lang='grc' dir='ltr'><strong>τῶν</strong></span> <span class='ocrx_word' id='word_1_378' title='bbox 1439 3593 1533 3645; x_wconf 86' lang='grc' dir='ltr'><strong>τοῦ</strong></span> <span class='ocrx_word' id='word_1_379' title='bbox 1583 3596 1812 3648; x_wconf 81' lang='grc' dir='ltr'>ὑστάτου</span> 
     </span>
    </p>
   </div>
   <div class='ocr_carea' id='block_1_53' title="bbox 141 3683 1814 3755">
    <p class='ocr_par' dir='ltr' id='par_1_53' title="bbox 141 3683 1814 3755">
     <span class='ocr_line' id='line_1_53' title="bbox 141 3683 1814 3755; baseline 0.002 -20"><span class='ocrx_word' id='word_1_380' title='bbox 141 3694 152 3703; x_wconf 82' lang='lat'><strong>‘</strong></span> <span class='ocrx_word' id='word_1_381' title='bbox 248 3683 445 3755; x_wconf 85' lang='grc' dir='ltr'>θηρίου</span> <span class='ocrx_word' id='word_1_382' title='bbox 477 3685 717 3754; x_wconf 81' lang='grc' dir='ltr'>κεράτων</span> <span class='ocrx_word' id='word_1_383' title='bbox 748 3685 884 3739; x_wconf 75' lang='grc' dir='ltr'>δέκα</span> <span class='ocrx_word' id='word_1_384' title='bbox 914 3685 1172 3755; x_wconf 88' lang='grc' dir='ltr'>διαίρεσιν</span> <span class='ocrx_word' id='word_1_385' title='bbox 1213 3683 1358 3753; x_wconf 79' lang='grc' dir='ltr'>ἐώρα</span> <span class='ocrx_word' id='word_1_386' title='bbox 1381 3722 1395 3745; x_wconf 87' lang='grc'><strong>,</strong></span> <span class='ocrx_word' id='word_1_387' title='bbox 1442 3684 1535 3736; x_wconf 72' lang='grc' dir='ltr'>καὶ</span> <span class='ocrx_word' id='word_1_388' title='bbox 1566 3685 1690 3755; x_wconf 90' lang='grc' dir='ltr'>τρία</span> <span class='ocrx_word' id='word_1_389' title='bbox 1721 3686 1814 3738; x_wconf 87' lang='grc' dir='ltr'>κέ-</span> 
     </span>
    </p>
   </div>
   <div class='ocr_carea' id='block_1_54' title="bbox 252 3774 1814 3846">
    <p class='ocr_par' dir='ltr' id='par_1_54' title="bbox 252 3774 1814 3846">
     <span class='ocr_line' id='line_1_54' title="bbox 252 3774 1814 3846; baseline 0 -18"><span class='ocrx_word' id='word_1_390' title='bbox 252 3793 393 3845; x_wconf 89' lang='grc' dir='ltr'>ρατα</span> <span class='ocrx_word' id='word_1_391' title='bbox 422 3776 511 3843; x_wconf 77' lang='grc' dir='ltr'><strong>ὑφ’</strong></span> <span class='ocrx_word' id='word_1_392' title='bbox 536 3776 650 3839; x_wconf 80' lang='grc' dir='ltr'>ἑνὸς</span> <span class='ocrx_word' id='word_1_393' title='bbox 682 3774 1093 3846; x_wconf 79' lang='grc' dir='ltr'>συντριϐόμενα,</span> <span class='ocrx_word' id='word_1_394' title='bbox 1119 3776 1211 3827; x_wconf 76' lang='grc' dir='ltr'><strong>καὶ</strong></span> <span class='ocrx_word' id='word_1_395' title='bbox 1238 3776 1266 3826; x_wconf 87' lang='lat'><strong>6</strong></span> <span class='ocrx_word' id='word_1_396' title='bbox 1290 3774 1535 3843; x_wconf 77' lang='grc' dir='ltr'>βασιλεὺς</span> <span class='ocrx_word' id='word_1_397' title='bbox 1557 3775 1814 3841; x_wconf 86' lang='grc' dir='ltr'>ὡσαύτως</span> 
     </span>
    </p>
   </div>
   <div class='ocr_carea' id='block_1_55' title="bbox 246 3864 1816 3938">
    <p class='ocr_par' dir='ltr' id='par_1_55' title="bbox 246 3864 1816 3938">
     <span class='ocr_line' id='line_1_55' title="bbox 246 3864 1816 3938; baseline 0 -18"><span class='ocrx_word' id='word_1_398' title='bbox 246 3869 346 3920; x_wconf 71' lang='grc' dir='ltr'><strong>ἐπὶ</strong></span> <span class='ocrx_word' id='word_1_399' title='bbox 388 3868 499 3921; x_wconf 83' lang='grc' dir='ltr'>τῶν</span> <span class='ocrx_word' id='word_1_400' title='bbox 528 3865 849 3920; x_wconf 89' lang='grc' dir='ltr'>τελευταίων</span> <span class='ocrx_word' id='word_1_401' title='bbox 878 3867 978 3936; x_wconf 80' lang='grc' dir='ltr'>τῆς</span> <span class='ocrx_word' id='word_1_402' title='bbox 1015 3865 1216 3928; x_wconf 89' lang='grc' dir='ltr'>είκόνος</span> <span class='ocrx_word' id='word_1_403' title='bbox 1267 3864 1431 3936; x_wconf 80' lang='grc' dir='ltr'>μέρος</span> <span class='ocrx_word' id='word_1_404' title='bbox 1469 3882 1520 3917; x_wconf 90' lang='grc' dir='ltr'><strong>τι</strong></span> <span class='ocrx_word' id='word_1_405' title='bbox 1564 3867 1816 3938; x_wconf 83' lang='grc' dir='ltr'>σιδηροῦν</span> 
     </span>
    </p>
   </div>
   <div class='ocr_carea' id='block_1_56' title="bbox 246 3955 1817 4030">
    <p class='ocr_par' dir='ltr' id='par_1_56' title="bbox 246 3955 1817 4030">
     <span class='ocr_line' id='line_1_56' title="bbox 246 3955 1817 4030; baseline -0.001 -17"><span class='ocrx_word' id='word_1_406' title='bbox 246 3962 347 4013; x_wconf 71' lang='grc' dir='ltr'><strong>καὶ</strong></span> <span class='ocrx_word' id='word_1_407' title='bbox 382 3960 549 4029; x_wconf 82' lang='grc' dir='ltr'>μέρος</span> <span class='ocrx_word' id='word_1_408' title='bbox 578 3959 889 4030; x_wconf 85' lang='grc' dir='ltr'>ὀστράκινον</span> <span class='ocrx_word' id='word_1_409' title='bbox 925 3955 1161 4028; x_wconf 81' lang='grc' dir='ltr'>ὲθεώρει’</span> <span class='ocrx_word' id='word_1_410' title='bbox 1206 3957 1299 4009; x_wconf 72' lang='grc' dir='ltr'><strong>καὶ</strong></span> <span class='ocrx_word' id='word_1_411' title='bbox 1332 3958 1424 4010; x_wconf 74' lang='grc' dir='ltr'><strong>ἐπὶ</strong></span> <span class='ocrx_word' id='word_1_412' title='bbox 1454 3958 1659 4021; x_wconf 88' lang='grc' dir='ltr'>τούτοις</span> <span class='ocrx_word' id='word_1_413' title='bbox 1686 3960 1761 4022; x_wconf 78' lang='grc' dir='ltr'>ὡς</span> <span class='ocrx_word' id='word_1_414' title='bbox 1787 3960 1817 4012; x_wconf 90' lang='lat'><strong>6</strong></span> 
     </span>
    </p>
   </div>
   <div class='ocr_carea' id='block_1_57' title="bbox 246 4047 1814 4121">
    <p class='ocr_par' dir='ltr' id='par_1_57' title="bbox 246 4047 1814 4121">
     <span class='ocr_line' id='line_1_57' title="bbox 246 4047 1814 4121; baseline -0.001 -19"><span class='ocrx_word' id='word_1_415' title='bbox 246 4052 542 4120; x_wconf 75' lang='grc' dir='ltr'>προφήτης</span> <span class='ocrx_word' id='word_1_416' title='bbox 572 4050 710 4121; x_wconf 83' lang='grc' dir='ltr'>μετὰ</span> <span class='ocrx_word' id='word_1_417' title='bbox 738 4050 837 4120; x_wconf 83' lang='grc' dir='ltr'>τὴν</span> <span class='ocrx_word' id='word_1_418' title='bbox 869 4047 973 4100; x_wconf 86' lang='grc' dir='ltr'>τῶν</span> <span class='ocrx_word' id='word_1_419' title='bbox 1001 4047 1276 4117; x_wconf 80' lang='grc' dir='ltr'>τεσσάρων</span> <span class='ocrx_word' id='word_1_420' title='bbox 1310 4047 1594 4117; x_wconf 86' lang='grc' dir='ltr'>βασιλειῶν</span> <span class='ocrx_word' id='word_1_421' title='bbox 1628 4050 1814 4119; x_wconf 84' lang='grc' dir='ltr'>ὅρασιν</span> 
     </span>
    </p>
   </div>
   <div class='ocr_carea' id='block_1_58' title="bbox 249 4137 1815 4211">
    <p class='ocr_par' dir='ltr' id='par_1_58' title="bbox 249 4137 1815 4211">
     <span class='ocr_line' id='line_1_58' title="bbox 249 4137 1815 4211; baseline 0.001 -21"><span class='ocrx_word' id='word_1_422' title='bbox 249 4139 403 4211; x_wconf 77' lang='grc' dir='ltr'>ἐώρα</span> <span class='ocrx_word' id='word_1_423' title='bbox 431 4140 559 4192; x_wconf 78' lang='grc' dir='ltr'>Υἱὸν</span> <span class='ocrx_word' id='word_1_424' title='bbox 609 4138 891 4210; x_wconf 81' lang='grc' dir='ltr'>ἀνθρώπου</span> <span class='ocrx_word' id='word_1_425' title='bbox 938 4138 1036 4210; x_wconf 79' lang='grc' dir='ltr'>τὴν</span> <span class='ocrx_word' id='word_1_426' title='bbox 1076 4137 1216 4191; x_wconf 81' lang='grc' dir='ltr'>κατὰ</span> <span class='ocrx_word' id='word_1_427' title='bbox 1260 4139 1476 4193; x_wconf 88' lang='grc' dir='ltr'>πάντων</span> <span class='ocrx_word' id='word_1_428' title='bbox 1520 4139 1690 4210; x_wconf 80' lang='grc' dir='ltr'>ἀρχὴν</span> <span class='ocrx_word' id='word_1_429' title='bbox 1722 4138 1815 4192; x_wconf 79' lang='grc' dir='ltr'><strong>καὶ</strong></span> 
     </span>
    </p>
   </div>
   <div class='ocr_carea' id='block_1_59' title="bbox 1910 1971 3467 2045">
    <p class='ocr_par' dir='ltr' id='par_1_59' title="bbox 1910 1971 3467 2045">
     <span class='ocr_line' id='line_1_59' title="bbox 1910 1971 3467 2045; baseline 0.004 -22"><span class='ocrx_word' id='word_1_430' title='bbox 1910 1971 2109 2039; x_wconf 81' lang='lat' dir='ltr'><strong>seipsa,</strong></span> <span class='ocrx_word' id='word_1_431' title='bbox 2137 1972 2207 2024; x_wconf 91' lang='lat' dir='ltr'><strong>ita</strong></span> <span class='ocrx_word' id='word_1_432' title='bbox 2244 1981 2299 2024; x_wconf 94' lang='lat' dir='ltr'><strong>ut</strong></span> <span class='ocrx_word' id='word_1_433' title='bbox 2323 1988 2427 2025; x_wconf 91' lang='lat' dir='ltr'><strong>non</strong></span> <span class='ocrx_word' id='word_1_434' title='bbox 2454 1972 2667 2026; x_wconf 89' lang='lat' dir='ltr'><strong>realiter</strong></span> <span class='ocrx_word' id='word_1_435' title='bbox 2696 1989 2821 2039; x_wconf 90' lang='lat' dir='ltr'><strong>una,</strong></span> <span class='ocrx_word' id='word_1_436' title='bbox 2852 1974 2944 2028; x_wconf 88' lang='lat' dir='ltr'><strong>sed</strong></span> <span class='ocrx_word' id='word_1_437' title='bbox 2980 1976 3254 2045; x_wconf 80' lang='lat' dir='ltr'><strong>multiplex</strong></span> <span class='ocrx_word' id='word_1_438' title='bbox 3276 1985 3467 2032; x_wconf 88' lang='lat' dir='ltr'><strong>statua</strong></span> 
     </span>
    </p>
   </div>
   <div class='ocr_carea' id='block_1_60' title="bbox 1910 2057 3465 2131">
    <p class='ocr_par' dir='ltr' id='par_1_60' title="bbox 1910 2057 3465 2131">
     <span class='ocr_line' id='line_1_60' title="bbox 1910 2057 3465 2131; baseline 0.007 -20"><span class='ocrx_word' id='word_1_439' title='bbox 1910 2059 2033 2112; x_wconf 88' lang='lat' dir='ltr'><strong>ista.</strong></span> <span class='ocrx_word' id='word_1_440' title='bbox 2082 2057 2335 2113; x_wconf 85' lang='lat' dir='ltr'><strong>Omnium</strong></span> <span class='ocrx_word' id='word_1_441' title='bbox 2367 2062 2509 2116; x_wconf 91' lang='lat' dir='ltr'><strong>enim</strong></span> <span class='ocrx_word' id='word_1_442' title='bbox 2554 2077 2842 2131; x_wconf 79' lang='lat' dir='ltr'><strong>regnorum</strong></span> <span class='ocrx_word' id='word_1_443' title='bbox 2874 2079 3141 2119; x_wconf 85' lang='lat' dir='ltr'><strong>summam</strong></span> <span class='ocrx_word' id='word_1_444' title='bbox 3179 2067 3407 2123; x_wconf 80' lang='lat' dir='ltr'><strong>habebat</strong></span> <span class='ocrx_word' id='word_1_445' title='bbox 3448 2085 3465 2122; x_wconf 90' lang='lat'><strong>:</strong></span> 
     </span>
    </p>
   </div>
   <div class='ocr_carea' id='block_1_61' title="bbox 1910 2149 3471 2225">
    <p class='ocr_par' dir='ltr' id='par_1_61' title="bbox 1910 2149 3471 2225">
     <span class='ocr_line' id='line_1_61' title="bbox 1910 2149 3471 2225; baseline 0.008 -25"><span class='ocrx_word' id='word_1_446' title='bbox 1910 2149 2251 2216; x_wconf 84' lang='lat' dir='ltr'><strong>pulchritudo</strong></span> <span class='ocrx_word' id='word_1_447' title='bbox 2291 2153 2408 2218; x_wconf 96' lang='lat' dir='ltr'><strong>ejus</strong></span> <span class='ocrx_word' id='word_1_448' title='bbox 2434 2153 2630 2212; x_wconf 77' lang='lat' dir='ltr'><strong>decora</strong></span> <span class='ocrx_word' id='word_1_449' title='bbox 2664 2152 2824 2207; x_wconf 91' lang='lat' dir='ltr'><strong>nimis</strong></span> <span class='ocrx_word' id='word_1_450' title='bbox 2871 2166 3088 2224; x_wconf 82' lang='lat' dir='ltr'><strong>propter</strong></span> <span class='ocrx_word' id='word_1_451' title='bbox 3130 2156 3352 2225; x_wconf 76' lang='lat' dir='ltr'><strong>gloriam</strong></span> <span class='ocrx_word' id='word_1_452' title='bbox 3390 2174 3471 2221; x_wconf 82' lang='lat' dir='ltr'><strong>rc-_</strong></span> 
     </span>
    </p>
   </div>
   <div class='ocr_carea' id='block_1_62' title="bbox 1909 2240 3465 2314">
    <p class='ocr_par' dir='ltr' id='par_1_62' title="bbox 1909 2240 3465 2314">
     <span class='ocr_line' id='line_1_62' title="bbox 1909 2240 3465 2314; baseline 0.008 -25"><span class='ocrx_word' id='word_1_453' title='bbox 1909 2252 2074 2305; x_wconf 79' lang='lat' dir='ltr'><strong>gum;</strong></span> <span class='ocrx_word' id='word_1_454' title='bbox 2108 2247 2162 2290; x_wconf 92' lang='lat' dir='ltr'><strong>et</strong></span> <span class='ocrx_word' id='word_1_455' title='bbox 2193 2247 2443 2306; x_wconf 90' lang='lat' dir='ltr'><strong>aspectus</strong></span> <span class='ocrx_word' id='word_1_456' title='bbox 2469 2240 2587 2307; x_wconf 83' lang='lat' dir='ltr'><strong>ejus</strong></span> <span class='ocrx_word' id='word_1_457' title='bbox 2617 2240 2867 2294; x_wconf 84' lang='lat' dir='ltr'><strong>terribilis</strong></span> <span class='ocrx_word' id='word_1_458' title='bbox 2886 2255 3135 2312; x_wconf 91' lang='lat' dir='ltr'><strong>,propter</strong></span> <span class='ocrx_word' id='word_1_459' title='bbox 3153 2246 3465 2314; x_wconf 85' lang='lat' dir='ltr'><strong>potentiam.</strong></span> 
     </span>
    </p>
   </div>
   <div class='ocr_carea' id='block_1_63' title="bbox 1910 2326 3479 2405">
    <p class='ocr_par' dir='ltr' id='par_1_63' title="bbox 1910 2326 3479 2405">
     <span class='ocr_line' id='line_1_63' title="bbox 1910 2326 3479 2405; baseline 0.008 -26"><span class='ocrx_word' id='word_1_460' title='bbox 1910 2326 2175 2381; x_wconf 89' lang='lat' dir='ltr'><strong>Eusebius</strong></span> <span class='ocrx_word' id='word_1_461' title='bbox 2202 2327 2488 2398; x_wconf 85' lang='lat' dir='ltr'><strong>Pamphili,</strong></span> <span class='ocrx_word' id='word_1_462' title='bbox 2528 2337 2582 2383; x_wconf 89' lang='lat' dir='ltr'><strong>ct</strong></span> <span class='ocrx_word' id='word_1_463' title='bbox 2612 2329 2941 2385; x_wconf 78' lang='lat' dir='ltr'><strong>HIPI‘OLYTUS</strong></span> <span class='ocrx_word' id='word_1_464' title='bbox 2962 2334 3335 2389; x_wconf 84' lang='lat' dir='ltr'><strong>sanctissimus</strong></span> <span class='ocrx_word' id='word_1_465' title='bbox 3364 2336 3479 2405; x_wconf 85' lang='lat' dir='ltr'><strong>epi-</strong></span> 
     </span>
    </p>
   </div>
   <div class='ocr_carea' id='block_1_64' title="bbox 1910 2405 3478 2488">
    <p class='ocr_par' dir='ltr' id='par_1_64' title="bbox 1910 2405 3478 2488">
     <span class='ocr_line' id='line_1_64' title="bbox 1910 2405 3478 2488; baseline 0.006 -17"><span class='ocrx_word' id='word_1_466' title='bbox 1910 2432 2106 2485; x_wconf 90' lang='lat' dir='ltr'><strong>scopus</strong></span> <span class='ocrx_word' id='word_1_467' title='bbox 2126 2417 2307 2472; x_wconf 67' lang='lat' dir='ltr'><strong>Romae</strong></span> <span class='ocrx_word' id='word_1_468' title='bbox 2335 2430 2781 2488; x_wconf 86' lang='lat' dir='ltr'><strong>comparaverunt</strong></span> <span class='ocrx_word' id='word_1_469' title='bbox 2808 2405 3299 2479; x_wconf 79' lang='lat' dir='ltr'><strong>Nabuchodonosor</strong></span> <span class='ocrx_word' id='word_1_470' title='bbox 3331 2442 3478 2481; x_wconf 85' lang='lat' dir='ltr'><strong>som-</strong></span> 
     </span>
    </p>
   </div>
   <div class='ocr_carea' id='block_1_65' title="bbox 1912 2507 3469 2577">
    <p class='ocr_par' dir='ltr' id='par_1_65' title="bbox 1912 2507 3469 2577">
     <span class='ocr_line' id='line_1_65' title="bbox 1912 2507 3469 2577; baseline 0.006 -17"><span class='ocrx_word' id='word_1_471' title='bbox 1912 2507 2062 2561; x_wconf 92' lang='lat' dir='ltr'><strong>nium</strong></span> <span class='ocrx_word' id='word_1_472' title='bbox 2097 2510 2368 2577; x_wconf 77' lang='lat' dir='ltr'><strong>pr0phet2e</strong></span> <span class='ocrx_word' id='word_1_473' title='bbox 2415 2509 2649 2565; x_wconf 88' lang='lat' dir='ltr'><strong>Danielis</strong></span> <span class='ocrx_word' id='word_1_474' title='bbox 2679 2511 2892 2565; x_wconf 88' lang='lat' dir='ltr'><strong>visioni.</strong></span> <span class='ocrx_word' id='word_1_475' title='bbox 2938 2512 3203 2577; x_wconf 83' lang='lat' dir='ltr'><strong>Quoniam</strong></span> <span class='ocrx_word' id='word_1_476' title='bbox 3254 2516 3469 2570; x_wconf 86' lang='lat' dir='ltr'><strong>diverso</strong></span> 
     </span>
    </p>
   </div>
   <div class='ocr_carea' id='block_1_66' title="bbox 1910 2595 3467 2669">
    <p class='ocr_par' dir='ltr' id='par_1_66' title="bbox 1910 2595 3467 2669">
     <span class='ocr_line' id='line_1_66' title="bbox 1910 2595 3467 2669; baseline 0.008 -20"><span class='ocrx_word' id='word_1_477' title='bbox 1910 2595 2055 2651; x_wconf 84' lang='lat' dir='ltr'><strong>hanc</strong></span> <span class='ocrx_word' id='word_1_478' title='bbox 2098 2599 2362 2653; x_wconf 74' lang='lat' dir='ltr'><strong>visionem</strong></span> <span class='ocrx_word' id='word_1_479' title='bbox 2412 2601 2896 2669; x_wconf 81' lang='lat' dir='ltr'><strong>interpretaverunt</strong></span> <span class='ocrx_word' id='word_1_480' title='bbox 2946 2602 2999 2655; x_wconf 90' lang='lat' dir='ltr'><strong>in</strong></span> <span class='ocrx_word' id='word_1_481' title='bbox 3049 2603 3467 2661; x_wconf 84' lang='lat' dir='ltr'><strong>Commentariis</strong></span> 
     </span>
    </p>
   </div>
   <div class='ocr_carea' id='block_1_67' title="bbox 1911 2689 3543 2765">
    <p class='ocr_par' dir='ltr' id='par_1_67' title="bbox 1911 2689 3543 2765">
     <span class='ocr_line' id='line_1_67' title="bbox 1911 2689 3543 2765; baseline 0.003 -25"><span class='ocrx_word' id='word_1_482' title='bbox 1911 2689 2046 2752; x_wconf 86' lang='lat' dir='ltr'><strong>suis,</strong></span> <span class='ocrx_word' id='word_1_483' title='bbox 2080 2691 2442 2744; x_wconf 66' lang='lat' dir='ltr'><strong>necessatium</strong></span> <span class='ocrx_word' id='word_1_484' title='bbox 2465 2690 2698 2758; x_wconf 91' lang='lat' dir='ltr'><strong>judicavi</strong></span> <span class='ocrx_word' id='word_1_485' title='bbox 2724 2690 2937 2744; x_wconf 83' lang='lat' dir='ltr'><strong>Eusebii</strong></span> <span class='ocrx_word' id='word_1_486' title='bbox 2962 2692 3237 2755; x_wconf 58' lang='lat' dir='ltr'><strong>Caesareae.</strong></span> <span class='ocrx_word' id='word_1_487' title='bbox 3266 2710 3468 2765; x_wconf 76' lang='lat' dir='ltr'><strong>cogno-</strong></span> <span class='ocrx_word' id='word_1_488' title='bbox 3540 2742 3543 2745; x_wconf 32' lang='grc' dir='ltr'><strong>γ</strong></span> 
     </span>
    </p>
   </div>
   <div class='ocr_carea' id='block_1_68' title="bbox 1912 2776 3469 2849">
    <p class='ocr_par' dir='ltr' id='par_1_68' title="bbox 1912 2776 3469 2849">
     <span class='ocr_line' id='line_1_68' title="bbox 1912 2776 3469 2849; baseline 0.005 -19"><span class='ocrx_word' id='word_1_489' title='bbox 1912 2778 2058 2831; x_wconf 89' lang='lat' dir='ltr'><strong>mine</strong></span> <span class='ocrx_word' id='word_1_490' title='bbox 2095 2776 2359 2846; x_wconf 86' lang='lat' dir='ltr'><strong>Pamphili</strong></span> <span class='ocrx_word' id='word_1_491' title='bbox 2394 2779 2750 2832; x_wconf 84' lang='lat' dir='ltr'><strong>transcribere</strong></span> <span class='ocrx_word' id='word_1_492' title='bbox 2789 2780 2950 2833; x_wconf 84' lang='lat' dir='ltr'><strong>verba</strong></span> <span class='ocrx_word' id='word_1_493' title='bbox 2992 2796 3113 2849; x_wconf 67' lang='lat' dir='ltr'><strong>qua:</strong></span> <span class='ocrx_word' id='word_1_494' title='bbox 3141 2792 3265 2835; x_wconf 92' lang='lat' dir='ltr'><strong>sunt</strong></span> <span class='ocrx_word' id='word_1_495' title='bbox 3292 2783 3345 2836; x_wconf 90' lang='lat' dir='ltr'><strong>in</strong></span> <span class='ocrx_word' id='word_1_496' title='bbox 3374 2786 3469 2837; x_wconf 84' lang='lat' dir='ltr'><strong>de-</strong></span> 
     </span>
    </p>
   </div>
   <div class='ocr_carea' id='block_1_69' title="bbox 1911 2867 3470 2937">
    <p class='ocr_par' dir='ltr' id='par_1_69' title="bbox 1911 2867 3470 2937">
     <span class='ocr_line' id='line_1_69' title="bbox 1911 2867 3470 2937; baseline 0.004 -15"><span class='ocrx_word' id='word_1_497' title='bbox 1911 2868 2054 2922; x_wconf 89' lang='lat' dir='ltr'><strong>cimo</strong></span> <span class='ocrx_word' id='word_1_498' title='bbox 2090 2868 2278 2937; x_wconf 90' lang='lat' dir='ltr'><strong>quinto</strong></span> <span class='ocrx_word' id='word_1_499' title='bbox 2315 2869 2449 2921; x_wconf 91' lang='lat' dir='ltr'><strong>libro</strong></span> <span class='ocrx_word' id='word_1_500' title='bbox 2484 2867 2807 2937; x_wconf 77' lang='lat' dir='ltr'><strong>Evangelica:</strong></span> <span class='ocrx_word' id='word_1_501' title='bbox 2850 2872 3330 2927; x_wconf 74' lang='lat' dir='ltr'><strong>demonstrationis.</strong></span> <span class='ocrx_word' id='word_1_502' title='bbox 3374 2873 3470 2929; x_wconf 83' lang='lat' dir='ltr'><strong>Hic</strong></span> 
     </span>
    </p>
   </div>
   <div class='ocr_carea' id='block_1_70' title="bbox 1910 2957 3231 3031">
    <p class='ocr_par' dir='ltr' id='par_1_70' title="bbox 1910 2957 3231 3031">
     <span class='ocr_line' id='line_1_70' title="bbox 1910 2957 3231 3031; baseline 0.006 -22"><span class='ocrx_word' id='word_1_503' title='bbox 1910 2957 2052 3010; x_wconf 89' lang='lat' dir='ltr'><strong>enim</strong></span> <span class='ocrx_word' id='word_1_504' title='bbox 2084 2966 2247 3009; x_wconf 90' lang='lat' dir='ltr'><strong>totam</strong></span> <span class='ocrx_word' id='word_1_505' title='bbox 2273 2957 2545 3026; x_wconf 79' lang='lat' dir='ltr'><strong>explicans</strong></span> <span class='ocrx_word' id='word_1_506' title='bbox 2573 2959 2833 3013; x_wconf 84' lang='lat' dir='ltr'><strong>visionem</strong></span> <span class='ocrx_word' id='word_1_507' title='bbox 2860 2962 2937 3015; x_wconf 89' lang='lat' dir='ltr'><strong>sic</strong></span> <span class='ocrx_word' id='word_1_508' title='bbox 2963 2963 3231 3031; x_wconf 90' lang='lat' dir='ltr'><strong>loquitur:</strong></span> 
     </span>
    </p>
   </div>
   <div class='ocr_carea' id='block_1_71' title="bbox 1985 3047 3469 3127">
    <p class='ocr_par' dir='ltr' id='par_1_71' title="bbox 1985 3047 3469 3127">
     <span class='ocr_line' id='line_1_71' title="bbox 1985 3047 3469 3127; baseline 0.01 -30"><span class='ocrx_word' id='word_1_509' title='bbox 1985 3064 2004 3097; x_wconf 77' lang='grc' dir='ltr'><strong>ι</strong></span> <span class='ocrx_word' id='word_1_510' title='bbox 2054 3047 2312 3100; x_wconf 73' lang='lat' dir='ltr'><strong>Existimo</strong></span> <span class='ocrx_word' id='word_1_511' title='bbox 2347 3048 2459 3103; x_wconf 70' lang='lat' dir='ltr'><strong>hrec</strong></span> <span class='ocrx_word' id='word_1_512' title='bbox 2490 3049 2629 3113; x_wconf 86' lang='lat' dir='ltr'><strong>(scil.</strong></span> <span class='ocrx_word' id='word_1_513' title='bbox 2660 3052 2920 3106; x_wconf 86' lang='lat' dir='ltr'><strong>visionem</strong></span> <span class='ocrx_word' id='word_1_514' title='bbox 2951 3051 3469 3127; x_wconf 82' lang='lat' dir='ltr'><strong>Nabuchodonosor)</strong></span> 
     </span>
    </p>
   </div>
   <div class='ocr_carea' id='block_1_72' title="bbox 1914 3138 3470 3217">
    <p class='ocr_par' dir='ltr' id='par_1_72' title="bbox 1914 3138 3470 3217">
     <span class='ocr_line' id='line_1_72' title="bbox 1914 3138 3470 3217; baseline 0.008 -28"><span class='ocrx_word' id='word_1_515' title='bbox 1914 3152 2020 3190; x_wconf 88' lang='lat' dir='ltr'><strong>non</strong></span> <span class='ocrx_word' id='word_1_516' title='bbox 2050 3138 2261 3192; x_wconf 77' lang='lat' dir='ltr'><strong>dill‘erre</strong></span> <span class='ocrx_word' id='word_1_517' title='bbox 2290 3155 2322 3193; x_wconf 91' lang='lat' dir='ltr'><strong>a</strong></span> <span class='ocrx_word' id='word_1_518' title='bbox 2359 3140 2565 3195; x_wconf 79' lang='lat' dir='ltr'><strong>visione</strong></span> <span class='ocrx_word' id='word_1_519' title='bbox 2614 3144 2885 3212; x_wconf 63' lang='lat' dir='ltr'><strong>prophetze</strong></span> <span class='ocrx_word' id='word_1_520' title='bbox 2930 3144 3177 3217; x_wconf 89' lang='lat' dir='ltr'><strong>(Daniel).</strong></span> <span class='ocrx_word' id='word_1_521' title='bbox 3223 3146 3291 3201; x_wconf 88' lang='lat' dir='ltr'><strong>Ut</strong></span> <span class='ocrx_word' id='word_1_522' title='bbox 3326 3150 3470 3202; x_wconf 88' lang='lat' dir='ltr'><strong>enim</strong></span> 
     </span>
    </p>
   </div>
   <div class='ocr_carea' id='block_1_73' title="bbox 1912 3227 3472 3325">
    <p class='ocr_par' dir='ltr' id='par_1_73' title="bbox 1912 3227 3472 3325">
     <span class='ocr_line' id='line_1_73' title="bbox 1912 3227 3472 3325; baseline 0.01 -47"><span class='ocrx_word' id='word_1_523' title='bbox 1912 3227 2164 3296; x_wconf 87' lang='lat' dir='ltr'><strong>propheta</strong></span> <span class='ocrx_word' id='word_1_524' title='bbox 2190 3244 2339 3283; x_wconf 90' lang='lat' dir='ltr'><strong>mare</strong></span> <span class='ocrx_word' id='word_1_525' title='bbox 2366 3232 2496 3285; x_wconf 84' lang='lat' dir='ltr'><strong>vidit</strong></span> <span class='ocrx_word' id='word_1_526' title='bbox 2520 3248 2794 3303; x_wconf 78' lang='lat' dir='ltr'><strong>magnum,</strong></span> <span class='ocrx_word' id='word_1_527' title='bbox 2819 3235 2899 3289; x_wconf 91' lang='lat' dir='ltr'><strong>sic</strong></span> <span class='ocrx_word' id='word_1_528' title='bbox 2939 3250 3032 3325; x_wconf 34' lang='lat' dir='ltr'><strong>reex</strong></span> <span class='ocrx_word' id='word_1_529' title='bbox 3068 3247 3297 3295; x_wconf 84' lang='lat' dir='ltr'><strong>statuam</strong></span> <span class='ocrx_word' id='word_1_530' title='bbox 3338 3240 3472 3293; x_wconf 66' lang='lat' dir='ltr'><strong>mul-</strong></span> 
     </span>
    </p>
   </div>
   <div class='ocr_carea' id='block_1_74' title="bbox 1912 3318 3469 3399">
    <p class='ocr_par' dir='ltr' id='par_1_74' title="bbox 1912 3318 3469 3399">
     <span class='ocr_line' id='line_1_74' title="bbox 1912 3318 3469 3399; baseline 0.008 -30"><span class='ocrx_word' id='word_1_531' title='bbox 1912 3318 2185 3387; x_wconf 89' lang='lat' dir='ltr'><strong>tiplicem:</strong></span> <span class='ocrx_word' id='word_1_532' title='bbox 2238 3330 2291 3374; x_wconf 87' lang='lat' dir='ltr'><strong>et</strong></span> <span class='ocrx_word' id='word_1_533' title='bbox 2329 3322 2521 3377; x_wconf 86' lang='lat' dir='ltr'><strong>iterum</strong></span> <span class='ocrx_word' id='word_1_534' title='bbox 2572 3328 2709 3379; x_wconf 81' lang='lat' dir='ltr'><strong>sicut</strong></span> <span class='ocrx_word' id='word_1_535' title='bbox 2754 3318 3011 3393; x_wconf 81' lang='lat' dir='ltr'><strong>prapheta</strong></span> <span class='ocrx_word' id='word_1_536' title='bbox 3056 3328 3186 3382; x_wconf 86' lang='lat' dir='ltr'><strong>vidit</strong></span> <span class='ocrx_word' id='word_1_537' title='bbox 3238 3341 3469 3399; x_wconf 85' lang='lat' dir='ltr'><strong>quatuor</strong></span> 
     </span>
    </p>
   </div>
   <div class='ocr_carea' id='block_1_75' title="bbox 1912 3408 3549 3484">
    <p class='ocr_par' dir='ltr' id='par_1_75' title="bbox 1912 3408 3549 3484">
     <span class='ocr_line' id='line_1_75' title="bbox 1912 3408 3549 3484; baseline 0.006 -21"><span class='ocrx_word' id='word_1_538' title='bbox 1912 3408 2133 3474; x_wconf 87' lang='lat' dir='ltr'><strong>bestias,</strong></span> <span class='ocrx_word' id='word_1_539' title='bbox 2164 3427 2303 3481; x_wconf 87' lang='lat' dir='ltr'><strong>quas</strong></span> <span class='ocrx_word' id='word_1_540' title='bbox 2344 3416 2701 3483; x_wconf 86' lang='lat' dir='ltr'><strong>lnterprctans</strong></span> <span class='ocrx_word' id='word_1_541' title='bbox 2739 3415 3140 3468; x_wconf 80' lang='lat' dir='ltr'><strong>transformavit</strong></span> <span class='ocrx_word' id='word_1_542' title='bbox 3166 3417 3218 3468; x_wconf 90' lang='lat' dir='ltr'><strong>in</strong></span> <span class='ocrx_word' id='word_1_543' title='bbox 3242 3429 3471 3484; x_wconf 83' lang='lat' dir='ltr'><strong>quatuor</strong></span> <span class='ocrx_word' id='word_1_544' title='bbox 3546 3408 3549 3409; x_wconf 15' lang='grc' dir='ltr'><em>ν</em></span> 
     </span>
    </p>
   </div>
   <div class='ocr_carea' id='block_1_76' title="bbox 1910 3503 3471 3572">
    <p class='ocr_par' dir='ltr' id='par_1_76' title="bbox 1910 3503 3471 3572">
     <span class='ocr_line' id='line_1_76' title="bbox 1910 3503 3471 3572; baseline 0.005 -21"><span class='ocrx_word' id='word_1_545' title='bbox 1910 3512 2112 3567; x_wconf 79' lang='lat' dir='ltr'><strong>regna;</strong></span> <span class='ocrx_word' id='word_1_546' title='bbox 2136 3503 2216 3555; x_wconf 92' lang='lat' dir='ltr'><strong>sic</strong></span> <span class='ocrx_word' id='word_1_547' title='bbox 2240 3517 2331 3556; x_wconf 80' lang='lat' dir='ltr'><strong>rex</strong></span> <span class='ocrx_word' id='word_1_548' title='bbox 2366 3519 2459 3572; x_wconf 81' lang='lat' dir='ltr'><strong>per</strong></span> <span class='ocrx_word' id='word_1_549' title='bbox 2485 3518 2696 3567; x_wconf 90' lang='lat' dir='ltr'><strong>aurum,</strong></span> <span class='ocrx_word' id='word_1_550' title='bbox 2725 3512 2777 3557; x_wconf 89' lang='lat' dir='ltr'><strong>et</strong></span> <span class='ocrx_word' id='word_1_551' title='bbox 2803 3511 3157 3572; x_wconf 76' lang='lat' dir='ltr'><strong>argentum,et</strong></span> <span class='ocrx_word' id='word_1_552' title='bbox 3184 3515 3337 3564; x_wconf 75' lang='lat' dir='ltr'><strong>tes,et</strong></span> <span class='ocrx_word' id='word_1_553' title='bbox 3362 3504 3471 3559; x_wconf 82' lang='lat' dir='ltr'><strong>fer-</strong></span> 
     </span>
    </p>
   </div>
   <div class='ocr_carea' id='block_1_77' title="bbox 1909 3589 3467 3665">
    <p class='ocr_par' dir='ltr' id='par_1_77' title="bbox 1909 3589 3467 3665">
     <span class='ocr_line' id='line_1_77' title="bbox 1909 3589 3467 3665; baseline 0.003 -24"><span class='ocrx_word' id='word_1_554' title='bbox 1909 3603 2067 3655; x_wconf 86' lang='lat' dir='ltr'><strong>rum,</strong></span> <span class='ocrx_word' id='word_1_555' title='bbox 2098 3602 2330 3659; x_wconf 88' lang='lat' dir='ltr'><strong>quatuor</strong></span> <span class='ocrx_word' id='word_1_556' title='bbox 2376 3606 2536 3661; x_wconf 79' lang='lat' dir='ltr'><strong>regna</strong></span> <span class='ocrx_word' id='word_1_557' title='bbox 2581 3591 2866 3661; x_wconf 80' lang='lat' dir='ltr'><strong>allegorice</strong></span> <span class='ocrx_word' id='word_1_558' title='bbox 2909 3589 3300 3665; x_wconf 79' lang='lat' dir='ltr'><strong>signiticat.Et</strong></span> <span class='ocrx_word' id='word_1_559' title='bbox 3344 3609 3467 3662; x_wconf 77' lang='lat' dir='ltr'><strong>rur—</strong></span> 
     </span>
    </p>
   </div>
   <div class='ocr_carea' id='block_1_78' title="bbox 1913 3682 3472 3751">
    <p class='ocr_par' dir='ltr' id='par_1_78' title="bbox 1913 3682 3472 3751">
     <span class='ocr_line' id='line_1_78' title="bbox 1913 3682 3472 3751; baseline 0.003 -16"><span class='ocrx_word' id='word_1_560' title='bbox 1913 3696 2032 3735; x_wconf 87' lang='lat' dir='ltr'><strong>sum</strong></span> <span class='ocrx_word' id='word_1_561' title='bbox 2062 3692 2119 3735; x_wconf 91' lang='lat' dir='ltr'><strong>ut</strong></span> <span class='ocrx_word' id='word_1_562' title='bbox 2144 3683 2401 3751; x_wconf 85' lang='lat' dir='ltr'><strong>propheta</strong></span> <span class='ocrx_word' id='word_1_563' title='bbox 2432 3682 2630 3736; x_wconf 76' lang='lat' dir='ltr'><strong>ultima:</strong></span> <span class='ocrx_word' id='word_1_564' title='bbox 2660 3682 2845 3736; x_wconf 67' lang='lat' dir='ltr'><strong>bestia:</strong></span> <span class='ocrx_word' id='word_1_565' title='bbox 2880 3682 3063 3737; x_wconf 82' lang='lat' dir='ltr'><strong>decem</strong></span> <span class='ocrx_word' id='word_1_566' title='bbox 3096 3696 3357 3736; x_wconf 86' lang='lat' dir='ltr'><strong>cornuum</strong></span> <span class='ocrx_word' id='word_1_567' title='bbox 3388 3683 3472 3739; x_wconf 77' lang='lat' dir='ltr'><strong>di-</strong></span> 
     </span>
    </p>
   </div>
   <div class='ocr_carea' id='block_1_79' title="bbox 1912 3772 3468 3840">
    <p class='ocr_par' dir='ltr' id='par_1_79' title="bbox 1912 3772 3468 3840">
     <span class='ocr_line' id='line_1_79' title="bbox 1912 3772 3468 3840; baseline 0.001 -14"><span class='ocrx_word' id='word_1_568' title='bbox 1912 3772 2177 3827; x_wconf 86' lang='lat' dir='ltr'><strong>visionem</strong></span> <span class='ocrx_word' id='word_1_569' title='bbox 2215 3775 2365 3839; x_wconf 85' lang='lat' dir='ltr'><strong>vidit,</strong></span> <span class='ocrx_word' id='word_1_570' title='bbox 2413 3782 2466 3827; x_wconf 89' lang='lat' dir='ltr'><strong>et</strong></span> <span class='ocrx_word' id='word_1_571' title='bbox 2514 3774 2616 3827; x_wconf 89' lang='lat' dir='ltr'><strong>tria</strong></span> <span class='ocrx_word' id='word_1_572' title='bbox 2672 3790 2874 3828; x_wconf 87' lang='lat' dir='ltr'><strong>cornua</strong></span> <span class='ocrx_word' id='word_1_573' title='bbox 2927 3773 2995 3827; x_wconf 92' lang='lat' dir='ltr'><strong>ab</strong></span> <span class='ocrx_word' id='word_1_574' title='bbox 3040 3788 3149 3827; x_wconf 91' lang='lat' dir='ltr'><strong>uno</strong></span> <span class='ocrx_word' id='word_1_575' title='bbox 3200 3774 3468 3840; x_wconf 82' lang='lat' dir='ltr'><strong>contrita;</strong></span> 
     </span>
    </p>
   </div>
   <div class='ocr_carea' id='block_1_80' title="bbox 1914 3862 3471 3918">
    <p class='ocr_par' dir='ltr' id='par_1_80' title="bbox 1914 3862 3471 3918">
     <span class='ocr_line' id='line_1_80' title="bbox 1914 3862 3471 3918; baseline 0.001 -2"><span class='ocrx_word' id='word_1_576' title='bbox 1914 3864 1988 3917; x_wconf 91' lang='lat' dir='ltr'><strong>ita</strong></span> <span class='ocrx_word' id='word_1_577' title='bbox 2028 3880 2121 3917; x_wconf 78' lang='lat' dir='ltr'><strong>rex</strong></span> <span class='ocrx_word' id='word_1_578' title='bbox 2165 3864 2353 3917; x_wconf 90' lang='lat' dir='ltr'><strong>eodem</strong></span> <span class='ocrx_word' id='word_1_579' title='bbox 2399 3865 2558 3918; x_wconf 90' lang='lat' dir='ltr'><strong>modo</strong></span> <span class='ocrx_word' id='word_1_580' title='bbox 2599 3864 2652 3916; x_wconf 90' lang='lat' dir='ltr'><strong>in</strong></span> <span class='ocrx_word' id='word_1_581' title='bbox 2686 3864 2942 3917; x_wconf 86' lang='lat' dir='ltr'><strong>membris</strong></span> <span class='ocrx_word' id='word_1_582' title='bbox 2980 3862 3327 3918; x_wconf 81' lang='lat' dir='ltr'><strong>inferioribus</strong></span> <span class='ocrx_word' id='word_1_583' title='bbox 3361 3877 3471 3917; x_wconf 89' lang='lat' dir='ltr'><strong>sta-</strong></span> 
     </span>
    </p>
   </div>
   <div class='ocr_carea' id='block_1_81' title="bbox 1916 3951 3473 4022">
    <p class='ocr_par' dir='ltr' id='par_1_81' title="bbox 1916 3951 3473 4022">
     <span class='ocr_line' id='line_1_81' title="bbox 1916 3951 3473 4022; baseline 0.001 -16"><span class='ocrx_word' id='word_1_584' title='bbox 1916 3964 2020 4007; x_wconf 70' lang='lat' dir='ltr'><strong>tuae</strong></span> <span class='ocrx_word' id='word_1_585' title='bbox 2050 3962 2254 4022; x_wconf 88' lang='lat' dir='ltr'><strong>partem</strong></span> <span class='ocrx_word' id='word_1_586' title='bbox 2294 3951 2543 4013; x_wconf 83' lang='lat' dir='ltr'><strong>ferream.</strong></span> <span class='ocrx_word' id='word_1_587' title='bbox 2566 3962 2621 4005; x_wconf 88' lang='lat' dir='ltr'><strong>et</strong></span> <span class='ocrx_word' id='word_1_588' title='bbox 2652 3962 2855 4020; x_wconf 87' lang='lat' dir='ltr'><strong>partem</strong></span> <span class='ocrx_word' id='word_1_589' title='bbox 2894 3963 3182 4008; x_wconf 84' lang='lat' dir='ltr'><strong>testaceam</strong></span> <span class='ocrx_word' id='word_1_590' title='bbox 3211 3953 3362 4008; x_wconf 83' lang='lat' dir='ltr'><strong>vidit.</strong></span> <span class='ocrx_word' id='word_1_591' title='bbox 3408 3953 3473 4007; x_wconf 76' lang='lat' dir='ltr'><strong>Et</strong></span> 
     </span>
    </p>
   </div>
   <div class='ocr_carea' id='block_1_82' title="bbox 1914 4042 3471 4112">
    <p class='ocr_par' dir='ltr' id='par_1_82' title="bbox 1914 4042 3471 4112">
     <span class='ocr_line' id='line_1_82' title="bbox 1914 4042 3471 4112; baseline -0.001 -16"><span class='ocrx_word' id='word_1_592' title='bbox 1914 4052 2100 4112; x_wconf 85' lang='lat' dir='ltr'><strong>postea</strong></span> <span class='ocrx_word' id='word_1_593' title='bbox 2131 4055 2188 4095; x_wconf 90' lang='lat' dir='ltr'><strong>ut</strong></span> <span class='ocrx_word' id='word_1_594' title='bbox 2221 4042 2477 4108; x_wconf 86' lang='lat' dir='ltr'><strong>propheta</strong></span> <span class='ocrx_word' id='word_1_595' title='bbox 2523 4049 2645 4109; x_wconf 88' lang='lat' dir='ltr'><strong>post</strong></span> <span class='ocrx_word' id='word_1_596' title='bbox 2688 4051 2921 4107; x_wconf 89' lang='lat' dir='ltr'><strong>quatuor</strong></span> <span class='ocrx_word' id='word_1_597' title='bbox 2971 4056 3257 4110; x_wconf 77' lang='lat' dir='ltr'><strong>regnorum</strong></span> <span class='ocrx_word' id='word_1_598' title='bbox 3306 4044 3471 4097; x_wconf 84' lang='lat' dir='ltr'><strong>visio-</strong></span> 
     </span>
    </p>
   </div>
   <div class='ocr_carea' id='block_1_83' title="bbox 1913 4125 3472 4198">
    <p class='ocr_par' dir='ltr' id='par_1_83' title="bbox 1913 4125 3472 4198">
     <span class='ocr_line' id='line_1_83' title="bbox 1913 4125 3472 4198; baseline -0.001 -13"><span class='ocrx_word' id='word_1_599' title='bbox 1913 4146 2057 4195; x_wconf 88' lang='lat' dir='ltr'><strong>nem,</strong></span> <span class='ocrx_word' id='word_1_600' title='bbox 2084 4131 2214 4183; x_wconf 88' lang='lat' dir='ltr'><strong>vidit</strong></span> <span class='ocrx_word' id='word_1_601' title='bbox 2233 4125 2421 4195; x_wconf 84' lang='lat' dir='ltr'><strong>Filium</strong></span> <span class='ocrx_word' id='word_1_602' title='bbox 2459 4129 2689 4181; x_wconf 91' lang='lat' dir='ltr'><strong>hominis</strong></span> <span class='ocrx_word' id='word_1_603' title='bbox 2721 4144 2881 4196; x_wconf 89' lang='lat' dir='ltr'><strong>super</strong></span> <span class='ocrx_word' id='word_1_604' title='bbox 2912 4130 3090 4181; x_wconf 85' lang='lat' dir='ltr'><strong>omnia</strong></span> <span class='ocrx_word' id='word_1_605' title='bbox 3115 4130 3392 4198; x_wconf 90' lang='lat' dir='ltr'><strong>imperium</strong></span> <span class='ocrx_word' id='word_1_606' title='bbox 3417 4140 3472 4185; x_wconf 87' lang='lat' dir='ltr'><strong>et</strong></span> 
     </span>
    </p>
   </div>
   <div class='ocr_carea' id='block_1_84' title="bbox 248 4201 1817 4299">
    <p class='ocr_par' dir='ltr' id='par_1_84' title="bbox 248 4201 1816 4299">
     <span class='ocr_line' id='line_1_84' title="bbox 248 4201 1816 4299; baseline 0.002 -19"><span class='ocrx_word' id='word_1_607' title='bbox 248 4201 507 4292; x_wconf 71' lang='grc' dir='ltr'>ἐξουσίαν</span> <span class='ocrx_word' id='word_1_608' title='bbox 553 4229 647 4282; x_wconf 76' lang='grc' dir='ltr'>καὶ</span> <span class='ocrx_word' id='word_1_609' title='bbox 690 4201 959 4299; x_wconf 70' lang='grc' dir='ltr'>βασιλείαν</span> <span class='ocrx_word' id='word_1_610' title='bbox 992 4201 1401 4299; x_wconf 60' lang='grc' dir='ltr'>παρειληφότα,</span> <span class='ocrx_word' id='word_1_611' title='bbox 1444 4201 1625 4292; x_wconf 64' lang='grc' dir='ltr'>οιτῴξ</span> <span class='ocrx_word' id='word_1_612' title='bbox 1649 4201 1756 4283; x_wconf 49' lang='grc' dir='ltr'>’καὶ</span> <span class='ocrx_word' id='word_1_613' title='bbox 1785 4231 1816 4283; x_wconf 88' lang='lat'><strong>6</strong></span> 
     </span>
    </p>
   </div>
   <div class='ocr_carea' id='block_1_85' title="bbox 1915 4201 3471 4299">
    <p class='ocr_par' dir='ltr' id='par_1_85' title="bbox 1917 4218 3471 4294">
     <span class='ocr_line' id='line_1_85' title="bbox 1917 4218 3471 4294; baseline 0 -20"><span class='ocrx_word' id='word_1_614' title='bbox 1917 4229 2227 4294; x_wconf 83' lang='lat' dir='ltr'><strong>potestatem</strong></span> <span class='ocrx_word' id='word_1_615' title='bbox 2260 4231 2314 4273; x_wconf 89' lang='lat' dir='ltr'><strong>et</strong></span> <span class='ocrx_word' id='word_1_616' title='bbox 2344 4232 2568 4289; x_wconf 82' lang='lat' dir='ltr'><strong>regnum</strong></span> <span class='ocrx_word' id='word_1_617' title='bbox 2600 4218 2997 4284; x_wconf 88' lang='lat' dir='ltr'><strong>possidentem;</strong></span> <span class='ocrx_word' id='word_1_618' title='bbox 3022 4220 3099 4273; x_wconf 92' lang='lat' dir='ltr'><strong>sic</strong></span> <span class='ocrx_word' id='word_1_619' title='bbox 3125 4229 3176 4271; x_wconf 93' lang='lat' dir='ltr'><strong>ct</strong></span> <span class='ocrx_word' id='word_1_620' title='bbox 3201 4221 3304 4289; x_wconf 78' lang='lat' dir='ltr'><strong>regi</strong></span> <span class='ocrx_word' id='word_1_621' title='bbox 3338 4222 3471 4291; x_wconf 89' lang='lat' dir='ltr'><strong>lapi-</strong></span> 
     </span>
    </p>
   </div>
   <div class='ocr_carea' id='block_1_86' title="bbox 250 4306 1817 4387">
    <p class='ocr_par' dir='ltr' id='par_1_86' title="bbox 250 4315 1816 4387">
     <span class='ocr_line' id='line_1_86' title="bbox 250 4315 1816 4387; baseline 0.003 -21"><span class='ocrx_word' id='word_1_622' title='bbox 250 4315 511 4384; x_wconf 81' lang='grc' dir='ltr'>βασιλεὺς</span> <span class='ocrx_word' id='word_1_623' title='bbox 554 4318 698 4372; x_wconf 88' lang='grc' dir='ltr'>λίθον</span> <span class='ocrx_word' id='word_1_624' title='bbox 730 4318 1084 4385; x_wconf 82' lang='grc' dir='ltr'>συντρίϐοντα</span> <span class='ocrx_word' id='word_1_625' title='bbox 1129 4318 1227 4387; x_wconf 82' lang='grc' dir='ltr'>τὴν</span> <span class='ocrx_word' id='word_1_626' title='bbox 1280 4318 1462 4371; x_wconf 88' lang='grc' dir='ltr'>είκόνα</span> <span class='ocrx_word' id='word_1_627' title='bbox 1502 4321 1678 4371; x_wconf 83' lang='grc' dir='ltr'>πᾶσαν</span> <span class='ocrx_word' id='word_1_628' title='bbox 1722 4318 1816 4371; x_wconf 73' lang='grc' dir='ltr'>καὶ</span> 
     </span>
    </p>
   </div>
   <div class='ocr_carea' id='block_1_87' title="bbox 1915 4306 3469 4387">
    <p class='ocr_par' dir='ltr' id='par_1_87' title="bbox 1915 4306 3469 4376">
     <span class='ocr_line' id='line_1_87' title="bbox 1915 4306 3469 4376; baseline -0.001 -13"><span class='ocrx_word' id='word_1_629' title='bbox 1915 4312 2033 4363; x_wconf 92' lang='lat' dir='ltr'><strong>dem</strong></span> <span class='ocrx_word' id='word_1_630' title='bbox 2058 4309 2505 4363; x_wconf 87' lang='lat' dir='ltr'><strong>comminuentem</strong></span> <span class='ocrx_word' id='word_1_631' title='bbox 2528 4316 2760 4361; x_wconf 83' lang='lat' dir='ltr'><strong>statuam</strong></span> <span class='ocrx_word' id='word_1_632' title='bbox 2791 4316 2954 4362; x_wconf 88' lang='lat' dir='ltr'><strong>totam</strong></span> <span class='ocrx_word' id='word_1_633' title='bbox 2982 4306 3286 4376; x_wconf 82' lang='lat' dir='ltr'><strong>factumque</strong></span> <span class='ocrx_word' id='word_1_634' title='bbox 3314 4323 3469 4362; x_wconf 90' lang='lat' dir='ltr'><strong>mon-</strong></span> 
     </span>
    </p>
   </div>
   <div class='ocr_carea' id='block_1_88' title="bbox 246 4392 1817 4479">
    <p class='ocr_par' dir='ltr' id='par_1_88' title="bbox 246 4404 1817 4479">
     <span class='ocr_line' id='line_1_88' title="bbox 246 4404 1817 4479; baseline 0.004 -25"><span class='ocrx_word' id='word_1_635' title='bbox 246 4404 538 4473; x_wconf 79' lang='grc' dir='ltr'>γινόμενον</span> <span class='ocrx_word' id='word_1_636' title='bbox 577 4409 655 4468; x_wconf 88' lang='grc' dir='ltr'><strong>είς</strong></span> <span class='ocrx_word' id='word_1_637' title='bbox 680 4408 804 4478; x_wconf 78' lang='grc' dir='ltr'>ὅρος</span> <span class='ocrx_word' id='word_1_638' title='bbox 844 4409 983 4479; x_wconf 82' lang='grc' dir='ltr'>μέγα</span> <span class='ocrx_word' id='word_1_639' title='bbox 1010 4408 1104 4461; x_wconf 73' lang='grc' dir='ltr'>καὶ</span> <span class='ocrx_word' id='word_1_640' title='bbox 1140 4407 1379 4479; x_wconf 85' lang='grc' dir='ltr'>πληροῦν</span> <span class='ocrx_word' id='word_1_641' title='bbox 1418 4408 1683 4461; x_wconf 86' lang='grc' dir='ltr'>Θάλασσαν</span> <span class='ocrx_word' id='word_1_642' title='bbox 1707 4406 1817 4460; x_wconf 77' lang='grc' dir='ltr'>ἐδό-</span> 
     </span>
    </p>
   </div>
   <div class='ocr_carea' id='block_1_89' title="bbox 1915 4392 3467 4479">
    <p class='ocr_par' dir='ltr' id='par_1_89' title="bbox 1915 4392 3467 4469">
     <span class='ocr_line' id='line_1_89' title="bbox 1915 4392 3467 4469; baseline 0.001 -20"><span class='ocrx_word' id='word_1_643' title='bbox 1915 4406 2020 4450; x_wconf 91' lang='lat' dir='ltr'><strong>tem</strong></span> <span class='ocrx_word' id='word_1_644' title='bbox 2075 4412 2353 4467; x_wconf 80' lang='lat' dir='ltr'><strong>magnum,</strong></span> <span class='ocrx_word' id='word_1_645' title='bbox 2405 4396 2893 4469; x_wconf 39' lang='lat' dir='ltr'><strong>implentem&#39;mare</strong></span> <span class='ocrx_word' id='word_1_646' title='bbox 2939 4396 3116 4449; x_wconf 79' lang='lat' dir='ltr'><strong>videre</strong></span> <span class='ocrx_word' id='word_1_647' title='bbox 3158 4397 3331 4450; x_wconf 78' lang='lat' dir='ltr'><strong>visum</strong></span> <span class='ocrx_word' id='word_1_648' title='bbox 3365 4392 3467 4451; x_wconf 86' lang='lat' dir='ltr'><strong>est.</strong></span> 
     </span>
    </p>
   </div>
   <div class='ocr_carea' id='block_1_90' title="bbox 247 4493 1813 4569">
    <p class='ocr_par' dir='ltr' id='par_1_90' title="bbox 247 4493 1813 4569">
     <span class='ocr_line' id='line_1_90' title="bbox 247 4493 1813 4569; baseline 0.002 -22"><span class='ocrx_word' id='word_1_649' title='bbox 247 4511 339 4547; x_wconf 91' lang='grc' dir='ltr'><strong>κει</strong></span> <span class='ocrx_word' id='word_1_650' title='bbox 386 4493 540 4562; x_wconf 66' lang='grc' dir='ltr'>ὀρᾷντ</span> <span class='ocrx_word' id='word_1_651' title='bbox 576 4495 669 4545; x_wconf 83' lang='grc' dir='ltr'>καὶ</span> <span class='ocrx_word' id='word_1_652' title='bbox 717 4497 957 4561; x_wconf 73' lang='grc' dir='ltr'>εἰκότωςο</span> <span class='ocrx_word' id='word_1_653' title='bbox 988 4498 1191 4569; x_wconf 77' lang='grc' dir='ltr'>ἔπρεπε</span> <span class='ocrx_word' id='word_1_654' title='bbox 1220 4498 1329 4569; x_wconf 85' lang='grc' dir='ltr'>γὰρ</span> <span class='ocrx_word' id='word_1_655' title='bbox 1365 4498 1441 4568; x_wconf 82' lang='grc' dir='ltr'><strong>τῷ</strong></span> <span class='ocrx_word' id='word_1_656' title='bbox 1476 4498 1573 4568; x_wconf 85' lang='grc' dir='ltr'>μὲν</span> <span class='ocrx_word' id='word_1_657' title='bbox 1602 4500 1813 4569; x_wconf 77' lang='grc' dir='ltr'>ἠπατη-</span> 
     </span>
    </p>
   </div>
   <div class='ocr_carea' id='block_1_91' title="bbox 252 4582 1815 4660">
    <p class='ocr_par' dir='ltr' id='par_1_91' title="bbox 252 4582 1815 4660">
     <span class='ocr_line' id='line_1_91' title="bbox 252 4582 1815 4660; baseline 0.006 -27"><span class='ocrx_word' id='word_1_658' title='bbox 252 4584 407 4656; x_wconf 78' lang='grc' dir='ltr'>μένῳ</span> <span class='ocrx_word' id='word_1_659' title='bbox 440 4582 568 4653; x_wconf 86' lang='grc' dir='ltr'><strong>περί</strong></span> <span class='ocrx_word' id='word_1_660' title='bbox 597 4584 698 4653; x_wconf 79' lang='grc' dir='ltr'>τὴν</span> <span class='ocrx_word' id='word_1_661' title='bbox 722 4585 817 4637; x_wconf 79' lang='grc' dir='ltr'><strong>τοῦ</strong></span> <span class='ocrx_word' id='word_1_662' title='bbox 851 4587 966 4656; x_wconf 85' lang='grc' dir='ltr'>βίου</span> <span class='ocrx_word' id='word_1_663' title='bbox 1004 4592 1299 4659; x_wconf 80' lang='grc' dir='ltr'>φαντασίαν</span> <span class='ocrx_word' id='word_1_664' title='bbox 1332 4590 1558 4659; x_wconf 84' lang='grc' dir='ltr'>βασιλεῖ,</span> <span class='ocrx_word' id='word_1_665' title='bbox 1600 4591 1692 4643; x_wconf 80' lang='grc' dir='ltr'>καὶ</span> <span class='ocrx_word' id='word_1_666' title='bbox 1717 4590 1815 4660; x_wconf 80' lang='grc' dir='ltr'>τὴν</span> 
     </span>
    </p>
   </div>
   <div class='ocr_carea' id='block_1_92' title="bbox 246 4670 1818 4753">
    <p class='ocr_par' dir='ltr' id='par_1_92' title="bbox 246 4670 1818 4753">
     <span class='ocr_line' id='line_1_92' title="bbox 246 4670 1818 4753; baseline 0.034 -23"><span class='ocrx_word' id='word_1_667' title='bbox 246 4679 364 4731; x_wconf 85' lang='grc' dir='ltr'>τῶν</span> <span class='ocrx_word' id='word_1_668' title='bbox 407 4675 677 4746; x_wconf 76' lang='grc' dir='ltr'>αισθητῶν</span> <span class='ocrx_word' id='word_1_669' title='bbox 708 4670 794 4728; x_wconf 68' lang='grc' dir='ltr'><strong>οἶα</strong></span> <span class='ocrx_word' id='word_1_670' title='bbox 826 4682 1129 4750; x_wconf 81' lang='grc' dir='ltr'><strong>χρωμάτων</strong></span> <span class='ocrx_word' id='word_1_671' title='bbox 1166 4683 1471 4753; x_wconf 69' lang='grc' dir='ltr'><strong>ὡραιότητα</strong></span> <span class='ocrx_word' id='word_1_672' title='bbox 1512 4682 1818 4753; x_wconf 57' lang='grc' dir='ltr'><strong>ἐπιγραφῆς</strong></span> 
     </span>
    </p>
   </div>
   <div class='ocr_carea' id='block_1_93' title="bbox 246 4765 1819 4845">
    <p class='ocr_par' dir='ltr' id='par_1_93' title="bbox 246 4765 1819 4845">
     <span class='ocr_line' id='line_1_93' title="bbox 246 4765 1819 4845; baseline 0.001 -22"><span class='ocrx_word' id='word_1_673' title='bbox 246 4769 619 4839; x_wconf 80' lang='grc' dir='ltr'>ἀνακειμένης</span> <span class='ocrx_word' id='word_1_674' title='bbox 644 4765 993 4836; x_wconf 77' lang='grc' dir='ltr'>θαυμάζοντι,</span> <span class='ocrx_word' id='word_1_675' title='bbox 1029 4773 1193 4824; x_wconf 86' lang='grc' dir='ltr'>εἰκόνι</span> <span class='ocrx_word' id='word_1_676' title='bbox 1241 4773 1449 4845; x_wconf 84' lang='grc' dir='ltr'>μεγάλῃ</span> <span class='ocrx_word' id='word_1_677' title='bbox 1488 4772 1578 4826; x_wconf 81' lang='grc' dir='ltr'>τὸν</span> <span class='ocrx_word' id='word_1_678' title='bbox 1606 4773 1819 4825; x_wconf 86' lang='grc' dir='ltr'>πάντων</span> 
     </span>
    </p>
   </div>
   <div class='ocr_carea' id='block_1_94' title="bbox 246 4856 1818 4932">
    <p class='ocr_par' dir='ltr' id='par_1_94' title="bbox 246 4856 1818 4932">
     <span class='ocr_line' id='line_1_94' title="bbox 246 4856 1818 4932; baseline -0.001 -18"><span class='ocrx_word' id='word_1_679' title='bbox 246 4859 561 4931; x_wconf 79' lang='grc' dir='ltr'>ἀνθρώπων</span> <span class='ocrx_word' id='word_1_680' title='bbox 583 4856 893 4920; x_wconf 82' lang='grc' dir='ltr'>ἀπεικάζειν</span> <span class='ocrx_word' id='word_1_681' title='bbox 918 4858 1049 4927; x_wconf 85' lang='grc' dir='ltr'>βίον·</span> <span class='ocrx_word' id='word_1_682' title='bbox 1076 4860 1166 4912; x_wconf 74' lang='grc' dir='ltr'>τὸν</span> <span class='ocrx_word' id='word_1_683' title='bbox 1191 4862 1552 4932; x_wconf 62' lang='grc' dir='ltr'>δὲςπροφήτην</span> <span class='ocrx_word' id='word_1_684' title='bbox 1580 4862 1699 4930; x_wconf 78' lang='lat' dir='ltr'><strong>(uc)</strong></span> <span class='ocrx_word' id='word_1_685' title='bbox 1726 4863 1818 4913; x_wconf 87' lang='grc' dir='ltr'><strong>τὸν</strong></span> 
     </span>
    </p>
   </div>
   <div class='ocr_carea' id='block_1_95' title="bbox 248 4946 1817 5021">
    <p class='ocr_par' dir='ltr' id='par_1_95' title="bbox 248 4946 1817 5021">
     <span class='ocr_line' id='line_1_95' title="bbox 248 4946 1817 5021; baseline -0.004 -16"><span class='ocrx_word' id='word_1_686' title='bbox 248 4953 426 5005; x_wconf 76' lang='grc' dir='ltr'>πολὺν</span> <span class='ocrx_word' id='word_1_687' title='bbox 472 4946 583 5005; x_wconf 62' lang='grc' dir='ltr'><strong>καί</strong></span> <span class='ocrx_word' id='word_1_688' title='bbox 611 4951 779 5021; x_wconf 87' lang='grc' dir='ltr'>μέγαν</span> <span class='ocrx_word' id='word_1_689' title='bbox 828 4948 984 5001; x_wconf 90' lang='grc' dir='ltr'>σάλον</span> <span class='ocrx_word' id='word_1_690' title='bbox 1029 4949 1122 5001; x_wconf 87' lang='grc' dir='ltr'><strong>τοῦ</strong></span> <span class='ocrx_word' id='word_1_691' title='bbox 1170 4950 1285 5017; x_wconf 85' lang='grc' dir='ltr'>βίου</span> <span class='ocrx_word' id='word_1_692' title='bbox 1334 4950 1539 5018; x_wconf 84' lang='grc' dir='ltr'>μεγάλῃ</span> <span class='ocrx_word' id='word_1_693' title='bbox 1573 4948 1817 5021; x_wconf 77' lang='grc' dir='ltr'>θαλάσσῃ</span> 
     </span>
    </p>
   </div>
   <div class='ocr_carea' id='block_1_96' title="bbox 248 5034 1817 5112">
    <p class='ocr_par' dir='ltr' id='par_1_96' title="bbox 248 5034 1817 5112">
     <span class='ocr_line' id='line_1_96' title="bbox 248 5034 1817 5112; baseline -0.004 -19"><span class='ocrx_word' id='word_1_694' title='bbox 248 5041 648 5112; x_wconf 77' lang='grc' dir='ltr'>παραϐάλλειν·</span> <span class='ocrx_word' id='word_1_695' title='bbox 684 5040 774 5093; x_wconf 64' lang='grc' dir='ltr'><strong>καὶ¹</strong></span> <span class='ocrx_word' id='word_1_696' title='bbox 804 5037 882 5108; x_wconf 81' lang='grc' dir='ltr'>τῷ</span> <span class='ocrx_word' id='word_1_697' title='bbox 916 5037 1014 5108; x_wconf 81' lang='grc' dir='ltr'>μὲν</span> <span class='ocrx_word' id='word_1_698' title='bbox 1048 5035 1255 5105; x_wconf 87' lang='grc' dir='ltr'>βασιλεί</span> <span class='ocrx_word' id='word_1_699' title='bbox 1293 5036 1390 5098; x_wconf 85' lang='grc' dir='ltr'>τὰς</span> <span class='ocrx_word' id='word_1_700' title='bbox 1430 5036 1579 5105; x_wconf 81' lang='grc' dir='ltr'>παρὰ</span> <span class='ocrx_word' id='word_1_701' title='bbox 1610 5034 1817 5107; x_wconf 83' lang='grc' dir='ltr'>ἀνθρώ-</span> 
     </span>
    </p>
   </div>
   <div class='ocr_carea' id='block_1_97' title="bbox 250 5123 1810 5201">
    <p class='ocr_par' dir='ltr' id='par_1_97' title="bbox 250 5123 1810 5201">
     <span class='ocr_line' id='line_1_97' title="bbox 250 5123 1810 5201; baseline -0.002 -16"><span class='ocrx_word' id='word_1_702' title='bbox 250 5149 384 5194; x_wconf 73' lang='grc' dir='ltr'>ποις</span> <span class='ocrx_word' id='word_1_703' title='bbox 416 5132 726 5196; x_wconf 73' lang='grc' dir='ltr'>πολυτελεῖς</span> <span class='ocrx_word' id='word_1_704' title='bbox 746 5129 1039 5201; x_wconf 87' lang='grc' dir='ltr'>γενομένας</span> <span class='ocrx_word' id='word_1_705' title='bbox 1067 5126 1196 5188; x_wconf 84' lang='grc' dir='ltr'>ὔλας</span> <span class='ocrx_word' id='word_1_706' title='bbox 1224 5123 1419 5198; x_wconf 83' lang='grc' dir='ltr'>χρυσοῦ</span> <span class='ocrx_word' id='word_1_707' title='bbox 1444 5126 1533 5178; x_wconf 73' lang='grc' dir='ltr'>καὶ</span> <span class='ocrx_word' id='word_1_708' title='bbox 1553 5128 1810 5199; x_wconf 83' lang='grc' dir='ltr'>ἀργύρου,</span> 
     </span>
    </p>
   </div>
   <div class='ocr_carea' id='block_1_98' title="bbox 248 5214 1816 5293">
    <p class='ocr_par' dir='ltr' id='par_1_98' title="bbox 248 5214 1816 5293">
     <span class='ocr_line' id='line_1_98' title="bbox 248 5214 1816 5293; baseline 0.01 -21"><span class='ocrx_word' id='word_1_709' title='bbox 248 5221 465 5293; x_wconf 81' lang='grc' dir='ltr'>χαλκοῦ</span> <span class='ocrx_word' id='word_1_710' title='bbox 514 5240 575 5275; x_wconf 88' lang='grc' dir='ltr'><strong>τε</strong></span> <span class='ocrx_word' id='word_1_711' title='bbox 627 5224 719 5278; x_wconf 76' lang='grc' dir='ltr'><strong>καὶ</strong></span> <span class='ocrx_word' id='word_1_712' title='bbox 764 5224 975 5293; x_wconf 80' lang='grc' dir='ltr'>σιδήρου</span> <span class='ocrx_word' id='word_1_713' title='bbox 1007 5215 1348 5287; x_wconf 75' lang='grc' dir='ltr'>θαυμάζοντι,</span> <span class='ocrx_word' id='word_1_714' title='bbox 1381 5214 1479 5277; x_wconf 74' lang='grc' dir='ltr'>τὰς</span> <span class='ocrx_word' id='word_1_715' title='bbox 1509 5216 1648 5268; x_wconf 77' lang='grc' dir='ltr'>κατά</span> <span class='ocrx_word' id='word_1_716' title='bbox 1689 5217 1816 5286; x_wconf 81' lang='grc' dir='ltr'><strong>χρό-</strong></span> 
     </span>
    </p>
   </div>
   <div class='ocr_carea' id='block_1_99' title="bbox 248 5302 1818 5386">
    <p class='ocr_par' dir='ltr' id='par_1_99' title="bbox 248 5302 1818 5386">
     <span class='ocr_line' id='line_1_99' title="bbox 248 5302 1818 5386; baseline -0.006 -17"><span class='ocrx_word' id='word_1_717' title='bbox 248 5329 385 5375; x_wconf 83' lang='grc' dir='ltr'>νους</span> <span class='ocrx_word' id='word_1_718' title='bbox 419 5314 480 5365; x_wconf 79' lang='grc' dir='ltr'>ὲν</span> <span class='ocrx_word' id='word_1_719' title='bbox 508 5302 586 5381; x_wconf 81' lang='grc' dir='ltr'>τῷ</span> <span class='ocrx_word' id='word_1_720' title='bbox 613 5314 713 5386; x_wconf 83' lang='grc' dir='ltr'>βίῳ</span> <span class='ocrx_word' id='word_1_721' title='bbox 742 5313 850 5368; x_wconf 85' lang='grc' dir='ltr'>τῶν</span> <span class='ocrx_word' id='word_1_722' title='bbox 884 5309 1178 5383; x_wconf 81' lang='grc' dir='ltr'>ἀνθρώπων</span> <span class='ocrx_word' id='word_1_723' title='bbox 1205 5307 1517 5376; x_wconf 78' lang='grc' dir='ltr'>έπικρατεῖς</span> <span class='ocrx_word' id='word_1_724' title='bbox 1544 5305 1818 5375; x_wconf 86' lang='grc' dir='ltr'>βασιλείας</span> 
     </span>
    </p>
   </div>
   <div class='ocr_carea' id='block_1_100' title="bbox 323 5437 1818 5517">
    <p class='ocr_par' dir='ltr' id='par_1_100' title="bbox 323 5437 1818 5517">
     <span class='ocr_line' id='line_1_100' title="bbox 323 5437 1818 5517; baseline -0.001 -20"><span class='ocrx_word' id='word_1_725' title='bbox 323 5444 446 5517; x_wconf 76' lang='grc'><strong>(72)</strong></span> <span class='ocrx_word' id='word_1_726' title='bbox 471 5443 569 5517; x_wconf 79' lang='lat' dir='ltr'><strong>Est</strong></span> <span class='ocrx_word' id='word_1_727' title='bbox 597 5447 651 5500; x_wconf 91' lang='lat' dir='ltr'><strong>in</strong></span> <span class='ocrx_word' id='word_1_728' title='bbox 684 5445 976 5517; x_wconf 88' lang='lat' dir='ltr'><strong>deperditis</strong></span> <span class='ocrx_word' id='word_1_729' title='bbox 1005 5445 1091 5517; x_wconf 90' lang='lat' dir='ltr'><strong>hic</strong></span> <span class='ocrx_word' id='word_1_730' title='bbox 1118 5440 1333 5517; x_wconf 82' lang='lat' dir='ltr'><strong>Eusebii</strong></span> <span class='ocrx_word' id='word_1_731' title='bbox 1374 5439 1525 5493; x_wconf 92' lang='lat' dir='ltr'><strong>liber.</strong></span> <span class='ocrx_word' id='word_1_732' title='bbox 1554 5437 1818 5517; x_wconf 24' lang='lat' dir='ltr'><strong>Eﬁvigin‘ti</strong></span> 
     </span>
    </p>
   </div>
   <div class='ocr_carea' id='block_1_101' title="bbox 246 5510 1821 5582">
    <p class='ocr_par' dir='ltr' id='par_1_101' title="bbox 246 5510 1821 5582">
     <span class='ocr_line' id='line_1_101' title="bbox 246 5510 1821 5582; baseline -0.003 -12"><span class='ocrx_word' id='word_1_733' title='bbox 246 5510 435 5578; x_wconf 66' lang='lat' dir='ltr'><strong>enim,</strong></span> <span class='ocrx_word' id='word_1_734' title='bbox 464 5515 648 5568; x_wconf 89' lang='lat' dir='ltr'><strong>decem</strong></span> <span class='ocrx_word' id='word_1_735' title='bbox 695 5510 1067 5570; x_wconf 78' lang='lat' dir='ltr'><strong>tantummodo</strong></span> <span class='ocrx_word' id='word_1_736' title='bbox 1098 5514 1304 5582; x_wconf 86' lang='lat' dir='ltr'><strong>priores</strong></span> <span class='ocrx_word' id='word_1_737' title='bbox 1333 5519 1562 5565; x_wconf 80' lang='lat' dir='ltr'><strong>exstant.</strong></span> <span class='ocrx_word' id='word_1_738' title='bbox 1598 5510 1717 5576; x_wconf 84' lang='lat' dir='ltr'><strong>Quo</strong></span> <span class='ocrx_word' id='word_1_739' title='bbox 1763 5512 1821 5565; x_wconf 87' lang='lat' dir='ltr'><strong>lit</strong></span> 
     </span>
    </p>
   </div>
   <div class='ocr_carea' id='block_1_102' title="bbox 248 5583 1819 5656">
    <p class='ocr_par' dir='ltr' id='par_1_102' title="bbox 248 5583 1819 5656">
     <span class='ocr_line' id='line_1_102' title="bbox 248 5583 1819 5656; baseline -0.003 -17"><span class='ocrx_word' id='word_1_740' title='bbox 248 5583 551 5656; x_wconf 74' lang='lat' dir='ltr'><strong>pretiosius</strong></span> <span class='ocrx_word' id='word_1_741' title='bbox 580 5584 682 5637; x_wconf 91' lang='lat' dir='ltr'><strong>hoc</strong></span> <span class='ocrx_word' id='word_1_742' title='bbox 718 5587 918 5656; x_wconf 87' lang='lat' dir='ltr'><strong>decim_i</strong></span> <span class='ocrx_word' id='word_1_743' title='bbox 945 5584 1119 5656; x_wconf 80' lang='lat' dir='ltr'><strong>quinti</strong></span> <span class='ocrx_word' id='word_1_744' title='bbox 1153 5583 1541 5656; x_wconf 78' lang='lat' dir='ltr'><strong>fragmentum;</strong></span> <span class='ocrx_word' id='word_1_745' title='bbox 1573 5584 1638 5633; x_wconf 88' lang='lat' dir='ltr'><strong>ad</strong></span> <span class='ocrx_word' id='word_1_746' title='bbox 1673 5583 1819 5656; x_wconf 80' lang='lat' dir='ltr'><strong>quod</strong></span> 
     </span>
    </p>
   </div>
   <div class='ocr_carea' id='block_1_103' title="bbox 248 5650 1818 5715">
    <p class='ocr_par' dir='ltr' id='par_1_103' title="bbox 248 5650 1818 5715">
     <span class='ocr_line' id='line_1_103' title="bbox 248 5650 1818 5715; baseline -0.001 -9"><span class='ocrx_word' id='word_1_747' title='bbox 248 5650 379 5715; x_wconf 65' lang='lat' dir='ltr'><strong>iure</strong></span> <span class='ocrx_word' id='word_1_748' title='bbox 409 5653 578 5705; x_wconf 90' lang='lat' dir='ltr'><strong>dubio</strong></span> <span class='ocrx_word' id='word_1_749' title='bbox 612 5655 847 5715; x_wconf 74' lang='lat' dir='ltr'><strong>respexit</strong></span> <span class='ocrx_word' id='word_1_750' title='bbox 876 5650 1248 5706; x_wconf 80' lang='lat' dir='ltr'><strong>Theodoretus</strong></span> <span class='ocrx_word' id='word_1_751' title='bbox 1282 5650 1334 5703; x_wconf 90' lang='lat' dir='ltr'><strong>in</strong></span> <span class='ocrx_word' id='word_1_752' title='bbox 1374 5665 1470 5703; x_wconf 89' lang='lat' dir='ltr'><strong>sua</strong></span> <span class='ocrx_word' id='word_1_753' title='bbox 1517 5665 1623 5703; x_wconf 91' lang='lat' dir='ltr'><strong>non</strong></span> <span class='ocrx_word' id='word_1_754' title='bbox 1656 5652 1818 5704; x_wconf 87' lang='lat' dir='ltr'><strong>dissi-</strong></span> 
     </span>
    </p>
   </div>
   <div class='ocr_carea' id='block_1_104' title="bbox 253 5668 1821 5789">
    <p class='ocr_par' dir='ltr' id='par_1_104' title="bbox 253 5668 1821 5789">
     <span class='ocr_line' id='line_1_104' title="bbox 253 5668 1818 5714; baseline -0.001 -8"><span class='ocrx_word' id='word_1_755' title='bbox 253 5668 379 5714; x_wconf 61' lang='lat' dir='ltr'><strong>pme</strong></span> <span class='ocrx_word' id='word_1_756' title='bbox 409 5668 578 5705; x_wconf 87' lang='grc' dir='ltr'>ουυιο</span> <span class='ocrx_word' id='word_1_757' title='bbox 612 5668 700 5706; x_wconf 76' lang='lat' dir='ltr'><strong>res</strong></span> <span class='ocrx_word' id='word_1_758' title='bbox 769 5668 847 5707; x_wconf 80' lang='grc' dir='ltr'>ιιι</span> <span class='ocrx_word' id='word_1_759' title='bbox 878 5668 1248 5706; x_wconf 72' lang='lat' dir='ltr'><strong>&#39;t&#39;neoaoretus</strong></span> <span class='ocrx_word' id='word_1_760' title='bbox 1282 5668 1334 5703; x_wconf 82' lang='lat' dir='ltr'><strong>in</strong></span> <span class='ocrx_word' id='word_1_761' title='bbox 1374 5668 1470 5703; x_wconf 88' lang='lat' dir='ltr'><strong>sua</strong></span> <span class='ocrx_word' id='word_1_762' title='bbox 1517 5668 1623 5703; x_wconf 91' lang='lat' dir='ltr'><strong>non</strong></span> <span class='ocrx_word' id='word_1_763' title='bbox 1656 5668 1818 5704; x_wconf 83' lang='lat' dir='ltr'><strong>ﬂlSSl-</strong></span> 
     </span>
     <span class='ocr_line' id='line_1_105' title="bbox 253 5668 1821 5789; baseline -0.003 -11"><span class='ocrx_word' id='word_1_764' title='bbox 253 5724 377 5778; x_wconf 84' lang='lat' dir='ltr'><strong>mili</strong></span> <span class='ocrx_word' id='word_1_765' title='bbox 400 5720 659 5789; x_wconf 74' lang='lat' dir='ltr'><strong>Danielici</strong></span> <span class='ocrx_word' id='word_1_766' title='bbox 694 5668 857 5789; x_wconf 46' lang='lat' dir='ltr'><strong>majus</strong></span> <span class='ocrx_word' id='word_1_767' title='bbox 882 5722 985 5776; x_wconf 82' lang='lat' dir='ltr'><strong>laci</strong></span> <span class='ocrx_word' id='word_1_768' title='bbox 1014 5720 1472 5788; x_wconf 86' lang='lat' dir='ltr'><strong>interpretatione.</strong></span> <span class='ocrx_word' id='word_1_769' title='bbox 1496 5718 1679 5788; x_wconf 85' lang='lat' dir='ltr'><strong>Neque</strong></span> <span class='ocrx_word' id='word_1_770' title='bbox 1711 5720 1821 5773; x_wconf 82' lang='lat' dir='ltr'><strong>fere</strong></span> 
     </span>
    </p>
   </div>
   <div class='ocr_carea' id='block_1_105' title="bbox 250 5787 1817 5869">
    <p class='ocr_par' dir='ltr' id='par_1_105' title="bbox 250 5787 1817 5869">
     <span class='ocr_line' id='line_1_106' title="bbox 250 5787 1817 5869; baseline -0.004 -20"><span class='ocrx_word' id='word_1_771' title='bbox 250 5792 470 5849; x_wconf 81' lang='lat' dir='ltr'><strong>abludit</strong></span> <span class='ocrx_word' id='word_1_772' title='bbox 497 5787 881 5861; x_wconf 81' lang='lat' dir='ltr'><strong>Hieronymus,</strong></span> <span class='ocrx_word' id='word_1_773' title='bbox 913 5804 1073 5859; x_wconf 89' lang='lat' dir='ltr'><strong>quem</strong></span> <span class='ocrx_word' id='word_1_774' title='bbox 1106 5787 1309 5869; x_wconf 77' lang='lat' dir='ltr'><strong>alioqui</strong></span> <span class='ocrx_word' id='word_1_775' title='bbox 1358 5804 1463 5845; x_wconf 92' lang='lat' dir='ltr'><strong>non</strong></span> <span class='ocrx_word' id='word_1_776' title='bbox 1503 5787 1817 5859; x_wconf 79' lang='lat' dir='ltr'><strong>infrequen-</strong></span> 
     </span>
    </p>
   </div>
   <div class='ocr_carea' id='block_1_106' title="bbox 1916 4484 3473 4557">
    <p class='ocr_par' dir='ltr' id='par_1_106' title="bbox 1916 4484 3473 4557">
     <span class='ocr_line' id='line_1_107' title="bbox 1916 4484 3473 4557; baseline -0.001 -18"><span class='ocrx_word' id='word_1_777' title='bbox 1916 4484 1980 4539; x_wconf 76' lang='lat' dir='ltr'><strong>Ex</strong></span> <span class='ocrx_word' id='word_1_778' title='bbox 2002 4485 2132 4556; x_wconf 61' lang='lat' dir='ltr'><strong>jure&quot;</strong></span> <span class='ocrx_word' id='word_1_779' title='bbox 2158 4486 2371 4556; x_wconf 86' lang='lat' dir='ltr'><strong>quidem</strong></span> <span class='ocrx_word' id='word_1_780' title='bbox 2407 4504 2422 4540; x_wconf 90' lang='lat'><strong>:</strong></span> <span class='ocrx_word' id='word_1_781' title='bbox 2447 4486 2669 4541; x_wconf 88' lang='lat' dir='ltr'><strong>decebat</strong></span> <span class='ocrx_word' id='word_1_782' title='bbox 2694 4486 2835 4539; x_wconf 88' lang='lat' dir='ltr'><strong>enim</strong></span> <span class='ocrx_word' id='word_1_783' title='bbox 2866 4499 3042 4557; x_wconf 79' lang='lat' dir='ltr'><strong>regem</strong></span> <span class='ocrx_word' id='word_1_784' title='bbox 3075 4484 3213 4538; x_wconf 87' lang='lat' dir='ltr'><strong>male</strong></span> <span class='ocrx_word' id='word_1_785' title='bbox 3242 4485 3473 4539; x_wconf 84' lang='lat' dir='ltr'><strong>sentien-</strong></span> 
     </span>
    </p>
   </div>
   <div class='ocr_carea' id='block_1_107' title="bbox 1919 4573 3471 4647">
    <p class='ocr_par' dir='ltr' id='par_1_107' title="bbox 1919 4573 3471 4647">
     <span class='ocr_line' id='line_1_108' title="bbox 1919 4573 3471 4647; baseline -0.003 -15"><span class='ocrx_word' id='word_1_786' title='bbox 1919 4588 2023 4632; x_wconf 80' lang='lat' dir='ltr'><strong>tem</strong></span> <span class='ocrx_word' id='word_1_787' title='bbox 2050 4579 2115 4632; x_wconf 90' lang='lat' dir='ltr'><strong>de</strong></span> <span class='ocrx_word' id='word_1_788' title='bbox 2140 4580 2257 4633; x_wconf 65' lang='lat' dir='ltr'><strong>vitae</strong></span> <span class='ocrx_word' id='word_1_789' title='bbox 2282 4573 2611 4647; x_wconf 87' lang='lat' dir='ltr'><strong>spectaculo,</strong></span> <span class='ocrx_word' id='word_1_790' title='bbox 2635 4586 2689 4632; x_wconf 88' lang='lat' dir='ltr'><strong>et</strong></span> <span class='ocrx_word' id='word_1_791' title='bbox 2716 4576 3075 4640; x_wconf 71' lang='lat' dir='ltr'><strong>sensibilium,</strong></span> <span class='ocrx_word' id='word_1_792' title='bbox 3102 4576 3324 4645; x_wconf 80' lang='lat' dir='ltr'><strong>exempli</strong></span> <span class='ocrx_word' id='word_1_793' title='bbox 3351 4590 3471 4644; x_wconf 79' lang='lat' dir='ltr'><strong>gra-</strong></span> 
     </span>
    </p>
   </div>
   <div class='ocr_carea' id='block_1_108' title="bbox 1916 4655 3469 4740">
    <p class='ocr_par' dir='ltr' id='par_1_108' title="bbox 1916 4655 3469 4740">
     <span class='ocr_line' id='line_1_109' title="bbox 1916 4655 3469 4740; baseline -0.001 -16"><span class='ocrx_word' id='word_1_794' title='bbox 1916 4672 2010 4737; x_wconf 89' lang='lat' dir='ltr'><strong>tia,</strong></span> <span class='ocrx_word' id='word_1_795' title='bbox 2059 4672 2297 4725; x_wconf 88' lang='lat' dir='ltr'><strong>colorum</strong></span> <span class='ocrx_word' id='word_1_796' title='bbox 2338 4655 2754 4739; x_wconf 84' lang='lat' dir='ltr'><strong>pulchritudinis</strong></span> <span class='ocrx_word' id='word_1_797' title='bbox 2792 4670 2846 4724; x_wconf 93' lang='lat' dir='ltr'><strong>in</strong></span> <span class='ocrx_word' id='word_1_798' title='bbox 2888 4670 3117 4740; x_wconf 89' lang='lat' dir='ltr'><strong>pictura,</strong></span> <span class='ocrx_word' id='word_1_799' title='bbox 3158 4669 3258 4722; x_wconf 88' lang='lat' dir='ltr'><strong>sub</strong></span> <span class='ocrx_word' id='word_1_800' title='bbox 3300 4669 3469 4722; x_wconf 89' lang='lat' dir='ltr'><strong>oculis</strong></span> 
     </span>
    </p>
   </div>
   <div class='ocr_carea' id='block_1_109' title="bbox 1915 4763 3470 4832">
    <p class='ocr_par' dir='ltr' id='par_1_109' title="bbox 1915 4763 3470 4832">
     <span class='ocr_line' id='line_1_110' title="bbox 1915 4763 3470 4832; baseline -0.002 -14"><span class='ocrx_word' id='word_1_801' title='bbox 1915 4764 2231 4832; x_wconf 80' lang='lat' dir='ltr'><strong>spectatoris</strong></span> <span class='ocrx_word' id='word_1_802' title='bbox 2262 4764 2535 4831; x_wconf 77' lang='lat' dir='ltr'><strong>exposita,</strong></span> <span class='ocrx_word' id='word_1_803' title='bbox 2579 4763 2989 4825; x_wconf 88' lang='lat' dir='ltr'><strong>admiratorem,</strong></span> <span class='ocrx_word' id='word_1_804' title='bbox 3016 4770 3224 4815; x_wconf 67' lang='lat' dir='ltr'><strong>statuae</strong></span> <span class='ocrx_word' id='word_1_805' title='bbox 3263 4775 3470 4828; x_wconf 60' lang='lat' dir='ltr'><strong>magnai</strong></span> 
     </span>
    </p>
   </div>
   <div class='ocr_carea' id='block_1_110' title="bbox 1915 4850 3464 4919">
    <p class='ocr_par' dir='ltr' id='par_1_110' title="bbox 1915 4850 3464 4919">
     <span class='ocr_line' id='line_1_111' title="bbox 1915 4850 3464 4919; baseline 0 -14"><span class='ocrx_word' id='word_1_806' title='bbox 1915 4853 2156 4905; x_wconf 91' lang='lat' dir='ltr'><strong>omnium</strong></span> <span class='ocrx_word' id='word_1_807' title='bbox 2206 4851 2487 4905; x_wconf 87' lang='lat' dir='ltr'><strong>hominum</strong></span> <span class='ocrx_word' id='word_1_808' title='bbox 2542 4854 2843 4909; x_wconf 88' lang='lat' dir='ltr'><strong>assimilarc</strong></span> <span class='ocrx_word' id='word_1_809' title='bbox 2890 4854 3096 4917; x_wconf 86' lang='lat' dir='ltr'><strong>vitam;</strong></span> <span class='ocrx_word' id='word_1_810' title='bbox 3148 4850 3464 4919; x_wconf 85' lang='lat' dir='ltr'><strong>prophetam</strong></span> 
     </span>
    </p>
   </div>
   <div class='ocr_carea' id='block_1_111' title="bbox 1914 4940 3467 5014">
    <p class='ocr_par' dir='ltr' id='par_1_111' title="bbox 1914 4940 3467 5014">
     <span class='ocr_line' id='line_1_112' title="bbox 1914 4940 3467 5014; baseline 0.003 -22"><span class='ocrx_word' id='word_1_811' title='bbox 1914 4956 2043 4993; x_wconf 86' lang='lat' dir='ltr'><strong>vero</strong></span> <span class='ocrx_word' id='word_1_812' title='bbox 2064 4941 2287 4995; x_wconf 91' lang='lat' dir='ltr'><strong>decebat</strong></span> <span class='ocrx_word' id='word_1_813' title='bbox 2315 4942 2511 4997; x_wconf 86' lang='lat' dir='ltr'><strong>multos</strong></span> <span class='ocrx_word' id='word_1_814' title='bbox 2542 4959 2874 5014; x_wconf 79' lang='lat' dir='ltr'><strong>magnosque</strong></span> <span class='ocrx_word' id='word_1_815' title='bbox 2900 4940 3158 4996; x_wconf 82' lang='lat' dir='ltr'><strong>tumultus</strong></span> <span class='ocrx_word' id='word_1_816' title='bbox 3182 4941 3305 4993; x_wconf 69' lang='lat' dir='ltr'><strong>vitae</strong></span> <span class='ocrx_word' id='word_1_817' title='bbox 3329 4944 3467 4997; x_wconf 85' lang='lat' dir='ltr'><strong>mari</strong></span> 
     </span>
    </p>
   </div>
   <div class='ocr_carea' id='block_1_112' title="bbox 1915 5030 3466 5105">
    <p class='ocr_par' dir='ltr' id='par_1_112' title="bbox 1915 5030 3466 5105">
     <span class='ocr_line' id='line_1_113' title="bbox 1915 5030 3466 5105; baseline 0.003 -21"><span class='ocrx_word' id='word_1_818' title='bbox 1915 5044 2111 5099; x_wconf 83' lang='lat' dir='ltr'><strong>magno</strong></span> <span class='ocrx_word' id='word_1_819' title='bbox 2139 5032 2491 5100; x_wconf 70' lang='lat' dir='ltr'><strong>aequiparare.</strong></span> <span class='ocrx_word' id='word_1_820' title='bbox 2535 5032 2649 5089; x_wconf 78' lang='lat' dir='ltr'><strong>Rex</strong></span> <span class='ocrx_word' id='word_1_821' title='bbox 2674 5036 2909 5105; x_wconf 87' lang='lat' dir='ltr'><strong>quidem,</strong></span> <span class='ocrx_word' id='word_1_822' title='bbox 2938 5030 3114 5099; x_wconf 76' lang='lat' dir='ltr'><strong>magni</strong></span> <span class='ocrx_word' id='word_1_823' title='bbox 3140 5031 3293 5098; x_wconf 89' lang='lat' dir='ltr'><strong>pretii</strong></span> <span class='ocrx_word' id='word_1_824' title='bbox 3326 5036 3466 5102; x_wconf 88' lang='lat' dir='ltr'><strong>apud</strong></span> 
     </span>
    </p>
   </div>
   <div class='ocr_carea' id='block_1_113' title="bbox 1915 5118 3465 5191">
    <p class='ocr_par' dir='ltr' id='par_1_113' title="bbox 1915 5118 3465 5191">
     <span class='ocr_line' id='line_1_114' title="bbox 1915 5118 3465 5191; baseline 0.004 -19"><span class='ocrx_word' id='word_1_825' title='bbox 1915 5120 2189 5173; x_wconf 85' lang='lat' dir='ltr'><strong>hominem</strong></span> <span class='ocrx_word' id='word_1_826' title='bbox 2246 5124 2462 5178; x_wconf 87' lang='lat' dir='ltr'><strong>metalla</strong></span> <span class='ocrx_word' id='word_1_827' title='bbox 2496 5118 2727 5191; x_wconf 85' lang='lat' dir='ltr'><strong>aurum,</strong></span> <span class='ocrx_word' id='word_1_828' title='bbox 2761 5131 3035 5191; x_wconf 78' lang='lat' dir='ltr'><strong>argentum</strong></span> <span class='ocrx_word' id='word_1_829' title='bbox 3061 5160 3074 5184; x_wconf 92' lang='lat'><strong>,</strong></span> <span class='ocrx_word' id='word_1_830' title='bbox 3113 5136 3220 5187; x_wconf 66' lang='lat' dir='ltr'><strong>ass,</strong></span> <span class='ocrx_word' id='word_1_831' title='bbox 3268 5122 3465 5178; x_wconf 80' lang='lat' dir='ltr'><strong>ferrum</strong></span> 
     </span>
    </p>
   </div>
   <div class='ocr_carea' id='block_1_114' title="bbox 1916 5210 3468 5283">
    <p class='ocr_par' dir='ltr' id='par_1_114' title="bbox 1916 5210 3468 5283">
     <span class='ocr_line' id='line_1_115' title="bbox 1916 5210 3468 5283; baseline 0.003 -19"><span class='ocrx_word' id='word_1_832' title='bbox 1916 5212 2211 5277; x_wconf 87' lang='lat' dir='ltr'><strong>admirans,</strong></span> <span class='ocrx_word' id='word_1_833' title='bbox 2251 5229 2413 5283; x_wconf 81' lang='lat' dir='ltr'><strong>regna</strong></span> <span class='ocrx_word' id='word_1_834' title='bbox 2463 5215 2734 5269; x_wconf 86' lang='lat' dir='ltr'><strong>variorum</strong></span> <span class='ocrx_word' id='word_1_835' title='bbox 2772 5222 3071 5280; x_wconf 90' lang='lat' dir='ltr'><strong>temporum</strong></span> <span class='ocrx_word' id='word_1_836' title='bbox 3121 5210 3175 5263; x_wconf 86' lang='lat' dir='ltr'><strong>in</strong></span> <span class='ocrx_word' id='word_1_837' title='bbox 3224 5214 3331 5273; x_wconf 82' lang='lat' dir='ltr'><strong>vita</strong></span> <span class='ocrx_word' id='word_1_838' title='bbox 3370 5216 3468 5267; x_wconf 88' lang='lat' dir='ltr'><strong>ho-</strong></span> 
     </span>
    </p>
   </div>
   <div class='ocr_carea' id='block_1_115' title="bbox 1916 5300 3468 5372">
    <p class='ocr_par' dir='ltr' id='par_1_115' title="bbox 1916 5300 3468 5372">
     <span class='ocr_line' id='line_1_116' title="bbox 1916 5300 3468 5372; baseline 0.001 -17"><span class='ocrx_word' id='word_1_839' title='bbox 1916 5301 2123 5355; x_wconf 89' lang='lat' dir='ltr'><strong>minum</strong></span> <span class='ocrx_word' id='word_1_840' title='bbox 2153 5305 2527 5372; x_wconf 87' lang='lat' dir='ltr'><strong>potentissima</strong></span> <span class='ocrx_word' id='word_1_841' title='bbox 2565 5306 2649 5359; x_wconf 90' lang='lat' dir='ltr'><strong>his</strong></span> <span class='ocrx_word' id='word_1_842' title='bbox 2684 5303 2907 5358; x_wconf 83' lang='lat' dir='ltr'><strong>debebat</strong></span> <span class='ocrx_word' id='word_1_843' title='bbox 2934 5300 3237 5357; x_wconf 86' lang='lat' dir='ltr'><strong>assimilare</strong></span> <span class='ocrx_word' id='word_1_844' title='bbox 3277 5304 3468 5369; x_wconf 78' lang='lat' dir='ltr'><strong>metal-</strong></span> 
     </span>
    </p>
   </div>
   <div class='ocr_carea' id='block_1_116' title="bbox 1920 5435 3470 5503">
    <p class='ocr_par' dir='ltr' id='par_1_116' title="bbox 1920 5435 3470 5503">
     <span class='ocr_line' id='line_1_117' title="bbox 1920 5435 3470 5503; baseline -0.001 -12"><span class='ocrx_word' id='word_1_845' title='bbox 1920 5450 2025 5492; x_wconf 83' lang='lat' dir='ltr'><strong>tem</strong></span> <span class='ocrx_word' id='word_1_846' title='bbox 2078 5436 2297 5494; x_wconf 84' lang='lat' dir='ltr'><strong>Eusebii</strong></span> <span class='ocrx_word' id='word_1_847' title='bbox 2338 5443 2611 5496; x_wconf 80' lang='lat' dir='ltr'><strong>asseclam</strong></span> <span class='ocrx_word' id='word_1_848' title='bbox 2663 5452 2780 5493; x_wconf 89' lang='lat' dir='ltr'><strong>esse</strong></span> <span class='ocrx_word' id='word_1_849' title='bbox 2834 5435 3058 5491; x_wconf 87' lang='lat' dir='ltr'><strong>scimus.</strong></span> <span class='ocrx_word' id='word_1_850' title='bbox 3113 5435 3347 5503; x_wconf 85' lang='lat' dir='ltr'><strong>Denique</strong></span> <span class='ocrx_word' id='word_1_851' title='bbox 3402 5452 3470 5489; x_wconf 85' lang='lat' dir='ltr'><strong>ne</strong></span> 
     </span>
    </p>
   </div>
   <div class='ocr_carea' id='block_1_117' title="bbox 1917 5506 3467 5580">
    <p class='ocr_par' dir='ltr' id='par_1_117' title="bbox 1917 5506 3467 5580">
     <span class='ocr_line' id='line_1_118' title="bbox 1917 5506 3467 5580; baseline -0.004 -18"><span class='ocrx_word' id='word_1_852' title='bbox 1917 5507 2333 5577; x_wconf 80' lang='lat' dir='ltr'><strong>Chrysostomus</strong></span> <span class='ocrx_word' id='word_1_853' title='bbox 2375 5511 2588 5580; x_wconf 89' lang='lat' dir='ltr'><strong>quidem</strong></span> <span class='ocrx_word' id='word_1_854' title='bbox 2632 5506 2847 5580; x_wconf 66' lang='lat' dir='ltr'><strong>Eusebii</strong></span> <span class='ocrx_word' id='word_1_855' title='bbox 2886 5506 3029 5580; x_wconf 78' lang='lat' dir='ltr'><strong>hunc</strong></span> <span class='ocrx_word' id='word_1_856' title='bbox 3072 5506 3249 5580; x_wconf 74' lang='lat' dir='ltr'><strong>locum</strong></span> <span class='ocrx_word' id='word_1_857' title='bbox 3284 5507 3467 5580; x_wconf 77' lang='lat' dir='ltr'><strong>nesci-</strong></span> 
     </span>
    </p>
   </div>
   <div class='ocr_carea' id='block_1_118' title="bbox 1918 5573 3469 5634">
    <p class='ocr_par' dir='ltr' id='par_1_118' title="bbox 1918 5573 3469 5634">
     <span class='ocr_line' id='line_1_119' title="bbox 1918 5573 3469 5634; baseline -0.003 -3"><span class='ocrx_word' id='word_1_858' title='bbox 1918 5573 2061 5631; x_wconf 78' lang='lat' dir='ltr'><strong>visse</strong></span> <span class='ocrx_word' id='word_1_859' title='bbox 2102 5580 2330 5633; x_wconf 88' lang='lat' dir='ltr'><strong>videtur.</strong></span> <span class='ocrx_word' id='word_1_860' title='bbox 2378 5573 2639 5634; x_wconf 68' lang='lat' dir='ltr'><strong>Cmterum</strong></span> <span class='ocrx_word' id='word_1_861' title='bbox 2676 5592 2739 5629; x_wconf 83' lang='lat' dir='ltr'><strong>ex</strong></span> <span class='ocrx_word' id='word_1_862' title='bbox 2776 5573 2992 5629; x_wconf 88' lang='lat' dir='ltr'><strong>Eusebii</strong></span> <span class='ocrx_word' id='word_1_863' title='bbox 3028 5575 3249 5631; x_wconf 89' lang='lat' dir='ltr'><strong>scholiis</strong></span> <span class='ocrx_word' id='word_1_864' title='bbox 3280 5575 3331 5625; x_wconf 90' lang='lat' dir='ltr'><strong>in</strong></span> <span class='ocrx_word' id='word_1_865' title='bbox 3370 5577 3469 5626; x_wconf 82' lang='lat' dir='ltr'><strong>hac</strong></span> 
     </span>
    </p>
   </div>
   <div class='ocr_carea' id='block_1_119' title="bbox 1918 5642 3575 5710">
    <p class='ocr_par' dir='ltr' id='par_1_119' title="bbox 1918 5642 3575 5710">
     <span class='ocr_line' id='line_1_120' title="bbox 1918 5642 3575 5710; baseline -0.002 -9"><span class='ocrx_word' id='word_1_866' title='bbox 1918 5656 2105 5701; x_wconf 89' lang='lat' dir='ltr'><strong>catena</strong></span> <span class='ocrx_word' id='word_1_867' title='bbox 2156 5651 2595 5710; x_wconf 84' lang='lat' dir='ltr'><strong>occurrentibus,</strong></span> <span class='ocrx_word' id='word_1_868' title='bbox 2644 5660 2705 5698; x_wconf 86' lang='lat' dir='ltr'><strong>ea</strong></span> <span class='ocrx_word' id='word_1_869' title='bbox 2761 5644 2873 5698; x_wconf 83' lang='lat' dir='ltr'><strong>fere</strong></span> <span class='ocrx_word' id='word_1_870' title='bbox 2916 5644 3213 5703; x_wconf 74' lang='lat' dir='ltr'><strong>omittenda</strong></span> <span class='ocrx_word' id='word_1_871' title='bbox 3261 5642 3467 5707; x_wconf 75' lang='lat' dir='ltr'><strong>curavi,</strong></span> <span class='ocrx_word' id='word_1_872' title='bbox 3574 5688 3575 5691; x_wconf 55' lang='grc' dir='ltr'><strong>η</strong></span> 
     </span>
    </p>
   </div>
   <div class='ocr_carea' id='block_1_120' title="bbox 1913 5714 2933 5794">
    <p class='ocr_par' dir='ltr' id='par_1_120' title="bbox 1913 5714 2933 5794">
     <span class='ocr_line' id='line_1_121' title="bbox 1913 5714 2933 5794; baseline -0.002 -23"><span class='ocrx_word' id='word_1_873' title='bbox 1913 5732 2039 5794; x_wconf 70' lang='lat' dir='ltr'><strong>quae</strong></span> <span class='ocrx_word' id='word_1_874' title='bbox 2067 5718 2121 5773; x_wconf 89' lang='lat' dir='ltr'><strong>in</strong></span> <span class='ocrx_word' id='word_1_875' title='bbox 2150 5720 2311 5775; x_wconf 79' lang='lat' dir='ltr'><strong>editis</strong></span> <span class='ocrx_word' id='word_1_876' title='bbox 2332 5721 2443 5789; x_wconf 88' lang='lat' dir='ltr'><strong>jam</strong></span> <span class='ocrx_word' id='word_1_877' title='bbox 2468 5714 2770 5773; x_wconf 74' lang='lat' dir='ltr'><strong>exstabant.</strong></span> <span class='ocrx_word' id='word_1_878' title='bbox 2808 5714 2933 5769; x_wconf 67' lang='lat' dir='ltr'><strong>MAI.</strong></span> 
     </span>
    </p>
   </div>
  </div>
