4098 6362
649 430 753 488 679

1579 424 1637 479 S.
1686 417 2037 477 HIPPOLYTI
2072 418 2220 474 OPP.
2258 417 2436 472 PARS
2464 416 2503 470 Ι.
2538 448 2601 457 —
2629 405 3031 471 EXEGETICA.

3748 421 3850 477 680

648 562 836 603 servos
862 546 1076 617 quidem
1104 542 1196 599 Dei
1218 538 1332 597 non
1367 540 1560 611 tangit,
1594 539 1832 594 inﬁdeles
1858 553 1985 599 vero
2010 550 2065 591 et
2092 538 2195 590 im-

2299 534 2406 605 γὰρ
2432 533 2631 587 δούλων
2657 532 2751 585 τοῦ
2786 532 2919 585 Θεοῦ
2964 533 3081 603 οὐχ*
3121 512 3315 603 ἥψατο,
3349 533 3473 594 τοὺς
3497 532 3555 586 δὲ
3589 531 3847 596 ἀπίστους

650 639 767 707 pios
782 652 846 692 ex
866 636 1132 692 Chaldaeis
1158 624 1473 689 combussit.
1501 630 1602 695 Qui
1634 635 1789 684 erant
1813 628 1978 689 intus,
2010 627 2063 679 in
2093 625 2201 679 for-

649 745 803 796 nace,
834 729 903 782 ab
936 726 1126 797 angelo
1144 724 1287 781 dulci
1314 740 1434 780 rore
1458 719 1754 790 refrigerati
1780 728 1926 773 sunt.
1960 719 2063 785 Qui
2093 734 2196 775 au-

649 831 757 875 tem
813 818 1132 873 videbantur
1176 826 1327 871 extra
1378 817 1651 871 caminum
1696 815 1874 870 securi
1917 822 2096 878 stare,
2143 810 2200 864 lii

649 912 864 967 ﬁamma
893 910 1132 967 devorati
1157 918 1319 965 sunt:
1342 909 1489 963 viros
1517 907 1610 977 qui
1638 905 1979 976 projecerant
2004 920 2198 975 pueros

648 1001 1012 1058 concremavit
1040 1001 1179 1068 ignis
1197 1038 1213 1063 ,
1248 999 1389 1064 illos,
1425 1000 1608 1063 credo,
1635 998 2043 1068 apprehendens
2068 996 2197 1051 dum

647 1092 921 1147 caminum
966 1089 1402 1155 circumdarent,
1445 1105 1554 1159 quo
1598 1102 1963 1145 convenerant
2000 1105 2197 1160 pueros

647 1181 899 1235 vincturi.

714 1268 781 1325 V.
812 1270 902 1325 92.
922 1298 992 1312 -ι
1010 1269 1079 1323 Et
1100 1270 1291 1339 species
1315 1269 1493 1339 quarti
1527 1268 1714 1323 similis
1741 1267 1883 1322 Filio
1910 1267 2027 1322 Dei.
2062 1266 2197 1338 Hip-

648 1360 838 1429 polyti.
886 1357 981 1413 Dic
1015 1359 1169 1423 mihi,
1231 1357 1745 1427 Nabuchodonosor,
1788 1372 2093 1428 unquamne
2121 1358 2199 1411 vi-

651 1452 780 1506 disti
830 1450 1024 1505 Filium
1084 1450 1200 1516 Dei,
1231 1458 1290 1503 ut
1318 1448 1512 1503 Filium
1546 1449 1825 1505 Dei-hunc
1863 1449 2199 1503 confitearis?

646 1541 782 1609 Quis
820 1551 997 1596 autem
1043 1554 1138 1593 cor
1180 1548 1332 1593 tuum
1379 1539 1722 1606 wmpunxit,
1751 1547 1810 1591 ut
1844 1539 1947 1591 tale
1973 1539 2197 1592 verbum

652 1629 1023 1700 exprimeres‘.’
1084 1628 1294 1694 Quibus
1361 1627 1533 1683 oculis
1595 1628 1815 1696 potuisti
1861 1627 1964 1682 hoc
2015 1628 2196 1683 lumen

648 1720 923 1791 aspicere?
953 1735 1052 1773 cur
1083 1716 1178 1772 tibi
1217 1718 1339 1782 soli,
1362 1726 1415 1771 et
1442 1717 1574 1771 nulli
1605 1726 1917 1772 ceterorum
1956 1724 2197 1789 satrapa-

648 1827 769 1865 rum
801 1805 1200 1865 manifestatum
1221 1810 1342 1863 est?
1366 1806 1469 1863 Sed
1498 1809 1752 1878 quoniam
1785 1808 2043 1877 scriptum
2078 1819 2188 1864 est:

2300 624 2392 675 καὶ
2421 624 2613 685 ἀθέους
2651 623 2757 676 τῶν
2785 622 3065 677 Χαλδαίων
3092 621 3488 693 κατεφλόγησεν
3505 638 3520 653 ·
3544 621 3641 676 καὶ
3669 622 3719 675 oi
3754 623 3848 692 μὲν

2296 715 2405 767 ἔσω
2439 714 2591 777 ὄντες
2631 714 2688 765 ἐν
2718 715 2784 783 τῇ
2830 712 3043 782 καμίνῳ
3088 712 3193 765 οπδ
3234 711 3329 764 τοῦ
3368 711 3601 779 ἀγγέλου
3645 710 3847 781 ἐδροσί-

2296 804 2479 869 ζοντο·
2520 805 2567 857 oi
2608 804 2666 856 δὲ
2708 802 2986 866 δοκοῦντες
3021 802 3125 868 ἐξω
3163 802 3261 873 τῆς
3293 802 3520 872 καμίνου
3559 802 3847 873 ἁμέριμνοι

2236 906 2240 909 ‘
2300 897 2531 960 ἱστάναι,
2564 894 2669 948 ὑπὸ
2696 894 2788 947 τοῦ
2821 892 2989 963 πυρὸς
3015 889 3158 946 οῦτοι
3181 892 3577 964 διεφθάρησαν⁸
3607 893 3734 955 τοὺς
3758 893 3841 945 ἄν

2295 982 2426 1054 δρας
2453 984 2577 1045 τοὺς
2598 980 3033 1043 ἐνδιαϐαλλοντας
3064 981 3188 1043 τοὺς
3221 980 3412 1043 παῖδας
3450 980 3780 1050 ἐνεπύρησεν
3812 982 3845 1049 ἡ

2296 1072 2444 1143 φλὸξ,
2479 1072 2752 1125 κύκλωθεν
2781 1067 2931 1140 οἶμαι
2958 1068 3193 1141 εὑροῦσα
3221 1069 3356 1139 πρὸς
3398 1068 3490 1123 τὸν
3525 1069 3722 1140 δεσμὸν
3751 1069 3847 1122 αὑ-

2293 1164 2401 1217 τῶν
2427 1162 2535 1215 τῶν
2568 1162 2768 1214 παίδων
2801 1160 3172 1231 χωρήσαντας.

2364 1256 2469 1326 ιιβι.
2493 1252 2601 1329 Καὶ
2628 1254 2664 1321 ἠ
2686 1251 2893 1318 ὅρασις
2914 1248 3017 1301 τοῦ
3042 1247 3318 1316 τετάρτου
3341 1247 3511 1317 ὁμοία
3540 1246 3650 1313 Υιῷ
3672 1247 3840 1302 θεοῦ.

2305 1341 2639 1395 Ἱππολύτου.
2677 1340 2811 1393 Εἰπέ
2861 1357 2969 1410 μοι,
3000 1338 3491 1409 Ναϐουχοδονόσορ,
3537 1339 3667 1391 πότε
3708 1336 3845 1401 εἶδες

2296 1429 2421 1482 Υίὸν
2447 1428 2601 1493 Θεοῦ,
2634 1430 2717 1481 ἵνα
2741 1428 2866 1480 Υίδν
2898 1427 3031 1479 Θεοῦ
3057 1426 3241 1499 τοῦτον
3266 1425 3635 1499 ὁμολογήσῃςς
3669 1425 3753 1487 τίς
3785 1425 3843 1478 δὲ

2294 1523 2322 1573 ὁ
2368 1522 2465 1589 τὴν
2505 1520 2723 1591 καρδίαν
2774 1537 2864 1571 σου
2911 1517 3231 1582 κατανύξας,
3272 1518 3359 1569 ἴνα
3403 1513 3641 1568 τοιοῦτον
3695 1514 3844 1585 ῥῆμα

2293 1610 2637 1681 ἀποφθέγξῃ;
2683 1610 2852 1673 ποίοις
2899 1609 2953 1661 δὲ
2983 1608 3275 1677 ὀφθαλμοῖς
3296 1605 3564 1677 ἐδυνήθης
3594 1603 3751 1659 τοῦτο
3785 1606 3846 1657 τὸ

2296 1701 2411 1770 φῶς
2439 1700 2887 1772 ἐνοπτρίσασθαι;
2920 1698 3006 1751 διὰ
3048 1698 3099 1750 τί
3140 1698 3196 1750 δὲ
3226 1698 3307 1749 σοὶ
3358 1697 3500 1767 μόνῳ
3542 1696 3635 1748 καῒ
3671 1694 3845 1747 οὐδενὶ

2294 1792 2399 1844 τῶν
2420 1791 2589 1845 ἄλλων
2615 1791 2904 1861 σατραπῶν
2928 1788 3208 1859 ἐπεδείχθη
3228 1804 3242 1851 ;
3266 1787 3378 1840 ἀλλ’
3402 1786 3585 1854 ἐπειδὴ
3607 1801 3847 1853 γεγραμ-

647 1900 755 1957 Cor
775 1901 908 1970 regis
936 1901 989 1953 in
1016 1915 1175 1953 manu
1191 1898 1445 1969 Dei:ipsa
1470 1870 1553 1953 est
1579 1872 1671 1952 Dci
1687 1870 2010 1967 manum-per
2032 1915 2193 1968 quam

2297 1881 2451 1950 μένον
2480 1880 2614 1945 ἐστὶ,
2643 1882 2863 1947 Καρδία
2883 1878 3185 1943 βασιλέως
3218 1878 3287 1929 ὲν
3326 1877 3473 1946 χειρὶ
3506 1875 3671 1937 Θεοῦ,
3706 1874 3844 1942 αῦτη

654 1991 888 2047 Verbum
935 2006 1030 2047 cor
1056 1990 1219 2060 hujus
1252 1991 1601 2058 compunxit;
1649 1999 1709 2044 ut
1733 2005 2032 2057 agnoscens
2068 2006 2193 2044 eum

646 2085 702 2139 in
746 2082 964 2139 fornace
1006 2081 1329 2153 glorificaret
1370 2095 1531 2146 eum;
1587 2094 1687 2134 nec
1711 2080 1917 2135 ratione
1941 2089 2088 2134 caret
2115 2083 2195 2134 in-

644 2173 954 2243 terpretatio
992 2182 1209 2237 nostra;
1247 2187 1370 2226 nam
1400 2172 1660 2240 quoniam
1704 2168 1944 2224 futurum
1973 2180 2107 2245 erat
2135 2178 2195 2224 ut

644 2265 757 2321 ﬁlii.
779 2263 943 2335 Israel
970 2262 1164 2319 Filium
1194 2262 1286 2317 Dei
1310 2262 1550 2317 videntes
1576 2262 1630 2315 in
1664 2262 1887 2328 mundo,
1924 2274 2031 2315 non
2076 2276 2194 2316 cre-

643 2353 871 2427 derent,
920 2352 1175 2406 revelavit
1219 2350 1497 2420 Scriptura
1538 2352 1680 2421 quod
1726 2367 1943 2421 operam
1988 2352 2193 2405 dabunt

641 2449 830 2511 gentes
855 2448 913 2495 ut
949 2442 1094 2496 hunc
1121 2442 1459 2496 incarnatum
1495 2450 1840 2510 cognoscant,
1868 2456 2026 2510 quem
2060 2441 2191 2494 olim

644 2533 1019 2602 incorporeum
1045 2532 1253 2596 videns,
1282 2533 1499 2601 agnovit
1526 2532 1579 2587 in
1608 2530 1823 2587 fornace
1838 2530 2193 2587 Nabuchodo-

641 2637 826 2689 nosor,
852 2630 908 2676 et
929 2621 1125 2678 Filium
1149 2620 1246 2678 Dei
1288 2638 1408 2679 esse
1433 2623 1577 2677 hunc
1607 2621 1891 2679 confessus
1911 2632 2014 2677 est.
2066 2696 2071 2697 γ

710 2797 779 2852 ν.
810 2799 901 2854 93.
924 2826 994 2838 —-
1015 2796 1085 2851 Et
1128 2799 1204 2853 ait
1230 2814 1248 2852 :
1290 2796 1515 2853 Sidraclt
1541 2837 1557 2863 ,
1604 2798 1805 2852 lliaaclr
1829 2837 1844 2863 ,
1891 2800 2188 2871 Abdenago.

641 2888 935 2961 Hippolyti.
1002 2888 1071 2943 Et
1129 2888 1294 2945 trium
1342 2905 1632 2958 puerorum
1688 2891 1905 2944 nomina
1960 2892 2189 2956 vocavit,

640 2981 820 3049 quarti
842 2994 969 3035 vero
996 2995 1194 3035 nomen
1241 2995 1346 3035 non
1378 2980 1583 3035 invenit
1610 2982 1751 3035 unde
1779 2966 2012 3048 diceret;
2051 2998 2190 3037 non-

640 3070 769 3127 dum
800 3072 943 3127 enim
965 3081 1081 3127 erat
1106 3088 1173 3126 ex
1186 3070 1404 3145 Virgine
1440 3080 1599 3127 natus
1626 3071 1805 3128 Iesus.
2170 3092 2174 3096 ‘

2249 1965 2256 1971 ’
2295 1975 2326 2044 ὴ
2360 1972 2450 2025 τοῦ
2476 1972 2607 2024 Θεοῦ
2632 1973 2768 2042 χεὶρ,
2797 1972 2924 2042 περὶ
2948 1966 3013 2040 ἦς
3042 1973 3070 2022 ό
3093 1970 3260 2037 Λόγος
3282 1970 3381 2041 τὴν
3405 1967 3629 2038 καρδίαν
3654 1964 3845 2017 τούτου

2293 2063 2603 2133 κατήνυξεν,
2655 2062 2740 2113 ἴνα
2778 2062 3029 2128 ἐπιγνοὺς
3066 2059 3252 2112 τοῦτον
3294 2061 3351 2110 ἐν
3400 2060 3465 2129 τῇ
3514 2056 3726 2125 καμίνῳ
3756 2054 3844 2105 δο-

2293 2153 2426 2223 ξάσῃ
2446 2168 2461 2183 ο
2508 2154 2601 2204 καὶ
2639 2138 2793 2204 τοῦτο
2832 2151 2889 2202 δὲ
2924 2150 3024 2203 οὐκ
3056 2148 3222 2221 ἀργὸν
3253 2148 3317 2200 τὸ
3357 2148 3445 2216 ὑφ’
3476 2146 3629 2216 ήμῶν
3659 2161 3846 2215 νενοη-

2295 2244 2453 2314 μένον
2476 2260 2489 2272 ·
2522 2242 2704 2319 ἐπειδὴ
2747 2241 2855 2312 γὰρ
2887 2240 3107 2310 ἔμελλον
3140 2240 3189 2291 ot
3224 2238 3329 2290 υἱοὶ
3370 2235 3581 2307 Ἰσραὴλ
3608 2235 3697 2309 τὸν
3719 2234 3847 2287 Υίὸν

2290 2332 2384 2386 τοῦ
2416 2330 2549 2385 Θεοῦ
2589 2332 2785 2394 ἰδόντες
2818 2332 2875 2382 ἐν
2917 2329 3141 2398 κόσμῳ,
3168 2326 3241 2397 μὴ
3278 2324 3570 2387 πιστεύειν,
3605 2321 3848 2394 προαπέ-

2255 2432 2264 2440 '
2290 2422 2513 2492 δειξενὴ
2543 2422 2731 2492 Γραφὴ
2757 2421 2839 2472 ὅτι
2865 2418 3188 2490 μελλήσουσι
3210 2415 3277 2469 τὰ
3300 2415 3425 2486 ἔθνη
3450 2414 3634 2467 τοῦτον
3655 2414 3849 2484 ἒνσαρ-

2292 2528 2387 2563 κον
2418 2510 2815 2579 ἐπιγινώσκειν,
2848 2510 2907 2563 ὃν
2944 2510 3112 2563 πάλαι
3140 2509 3376 2577 ἄσαρκον
3412 2505 3530 2558 ἰδὼν
3552 2504 3763 2571 ἐπέγνω
3789 2505 3847 2555 ἐν

2292 2602 2505 2672 καμίνῳ
2531 2603 2559 2652 ό
2588 2601 3070 2673 Ναϐουχοδονόσορ,
3104 2602 3196 2653 καὶ
3228 2599 3354 2651 Υἰὸν
3393 2596 3526 2651 Θεοῦ
3560 2592 3697 2649 εἶναι
3723 2594 3848 2648 τοῦ-

2291 2710 2384 2746 τον
2418 2692 2787 2763 ὡμολόγησεν.

2360 2789 2465 2855 ια’.
2517 2784 2626 2839 Καὶ
2679 2778 2866 2847 εἶπεν,
2920 2780 3168 2850 Σεδρὰχ,
3225 2778 3445 2847 Μισὰχ,
3508 2776 3845 2845 Ἀϐδεναγώ.

2303 2875 2633 2930 Ἱππολύτου.
2652 2878 2761 2929 Καὶ
2782 2875 2888 2927 τῶν
2916 2874 3014 2943 μὲν
3032 2860 3196 2943 τριῶν
3217 2871 3285 2924 τὰ
3300 2872 3536 2941 ὀνόματα
3555 2869 3814 2922 ἐκάλεσεν
3828 2884 3845 2899 ⁸

2290 2962 2385 3017 τοῦ
2420 2964 2477 3016 δὲ
2502 2962 2875 3034 τετάρτουόὺχ
2913 2957 3069 3033 εὗρεν
3094 2957 3364 3026 ἐξειπεῖν·
3396 2959 3607 3012 οὐδέπω
3646 2958 3755 3029 γὰρ
3778 2952 3847 3028 ἦν

2292 3054 2358 3106 ἐκ
2383 3054 2481 3123 τῆς
2502 3056 2768 3127 Παρθένου
2804 3054 3163 3124 γεγενημένος
3197 3054 3227 3103 ὁ
3267 3050 3491 3121 Ἰησοῦς.

711 3160 777 3215 V.
810 3158 985 3216 97.-—-
1008 3162 1151 3216 Tum:
1189 3139 1589 3232 rex—promovit.
1626 3163 1914 3237 Hippolyti.
1950 3164 2018 3220 Ut
2043 3164 2187 3220 enim

2361 3147 2464 3212 ιιζν.
2511 3146 2646 3198 Τότε
2670 3148 2703 3197 ό
2741 3143 3040 3209 ,ϐασιλεὺς
3084 3143 3475 3209 κατηύθυνεν.
3508 3139 3846 3193 Ἱππολύτδυ.

644 3248 812 3304 Deum
841 3250 1024 3320 ipsum,
1048 3251 1482 3320 gloriﬁcaverunt
1503 3252 1633 3307 dum
1674 3250 1794 3329 sese
1821 3257 1978 3309 morti
2009 3254 2187 3309 trade-

641 3349 783 3405 rent,
821 3342 899 3395 sic
934 3339 1175 3396 vicissim
1224 3342 1443 3414 ipsimet
1487 3357 1593 3396 non
1631 3332 1842 3397 tantum
1885 3362 1914 3399 a
1944 3344 2072 3409 Deo,
2091 3344 2187 3399 sed

638 3432 803 3487 etiam
832 3447 865 3487 a
891 3446 1014 3503 rege
1043 3429 1325 3501 gloriﬁcati
1353 3437 1505 3497 sunt,
1526 3438 1581 3485 et
1607 3432 1796 3487 aliena:
1840 3433 2189 3505 barbamque

641 3532 827 3597 gentes
858 3522 1025 3579 Deum
1056 3522 1233 3578 colere
1254 3521 1579 3578 didicerunt.

1259 3690 1412 3746 CAP.
1454 3689 1577 3747 Vll.

711 3778 782 3836 Υ.
814 3762 865 3837 1.
887 3810 944 3821 -
980 3768 1063 3834 Et
1090 3759 1351 3835 somniant
1390 3784 1637 3836 scribens.
1681 3782 1974 3858 Hippolyti.
2024 3785 2188 3853 Qua:-

601 3934 605 3939 ,
646 3886 859 3943 cunque
910 3885 1039 3940 ergo
1081 3872 1265 3925 omnia
1310 3887 1405 3942 per
1432 3871 1687 3941 Spiritum
1735 3877 1789 3928 in
1831 3879 2056 3932 somniis
2104 3893 2191 3933 re-

648 3963 821 4017 velata
853 3969 981 4015 sunt
1008 3961 1164 4016 beato
1207 3962 1498 4033 prephetae,
1546 3964 1661 4019 haec
1696 3974 1751 4019 et
1790 3966 1910 4021 aliis
1938 3969 2191 4024 muniﬁce

644 4052 976 4124 explicabat,
1018 4061 1079 4108 ut
1116 4067 1222 4108 non
1260 4063 1466 4110 tantum
1508 4058 1624 4127 ipse
1665 4059 1880 4113 sibimet
1922 4062 2192 4129 propheti-

648 4160 775 4203 ται-θ
813 4143 995 4200 futura
1026 4144 1315 4213 videretur,
1346 4148 1439 4202 sed
1475 4156 1527 4201 et
1560 4149 1681 4204 aliis
1707 4142 2011 4205 volentibus
2040 4166 2191 4205 scru-

646 4235 750 4290 tari
775 4236 985 4291 divinas
1005 4235 1311 4306 Scripturas
1340 4239 1593 4307 propheta
1623 4241 1982 4297 exhiberetur.

715 4322 781 4379 V.
799 4324 996 4381 2.-Ει
1014 4343 1127 4380 ecce
1138 4338 1364 4397 quatuor
1379 4330 1529 4380 venti.
1549 4327 1833 4401 Hippolyti.
1852 4332 2192 4388 Creationetn

649 4416 753 4469 sub
785 4425 1013 4485 quatuor
1034 4420 1156 4473 οωιί
1179 4420 1486 4475 climatibus
1508 4423 1944 4489 comprehensam
1971 4424 2190 4480 indicat.

2293 3236 2461 3289 Ὠσπε
2468 3254 2499 3306 ρ
2527 3236 2634 3307 γὰρ
2657 3234 2815 3287 αὑτὸν
2834 3234 2924 3287 τὸν
2956 3233 3086 3287 Θεὸν
3117 3233 3386 3299 ἐδόξασαν,
3405 3233 3626 3293 ἑαυτοὺς
3651 3230 3731 3299 τῷ
3754 3229 3851 3284 θα-

2291 3329 2435 3399 νάτῳ
2468 3328 2814 3398 παραδόντες,
2852 3325 2994 3378 οὕτω
3036 3325 3195 3380 πάλιν
3243 3325 3337 3379 καὶ
3383 3322 3537 3377 αὐτοὶ
3577 3323 3653 3384 ait
3685 3322 3850 3391 μόνον

2291 3420 2395 3474 ὑπὸ
2424 3419 2580 3483 Θεοῦ,
2608 3418 2743 3472 ἀλλὰ
2769 3418 2862 3471 καὶ
2893 3416 2995 3471 ὑπὸ
3024 3417 3118 3470 τοῦ
3161 3417 3419 3488 βασιλέως
3446 3414 3844 3484 ἐδοξάσθησαψ

2288 3492 2386 3563 καὶ
2408 3509 2475 3562 τὰ
2500 3509 2769 3579 ἀλλόφυλα
2801 3502 2893 3563 καὶ
2935 3509 3182 3581 βάρϐαρα
3225 3508 3352 3579 ἔθνη
3381 3509 3473 3561 τὸν
3496 3507 3628 3561 Θεὸν
3666 3506 3849 3559 σέϐειν

2289 3600 2551 3667 ἐδίδαξαν.

2949 3688 3105 3742 ΚΕΦ.
3147 3690 3219 3743 Z'.

2359 3779 2416 3838 a'.
2428 3780 2535 3835 Καὶ
2547 3780 2613 3833 τὸ
2635 3780 2918 3834 ἐνύπνιον
2928 3780 3219 3848 ’ἔγραψεν.
3237 3779 3567 3832 Ἱππολύτου.
3582 3778 3727 3832 Ὅσα
3747 3778 3848 3848 μὲν

2290 3869 2383 3926 οὖν
2424 3871 2529 3925 ὑπὸ
2558 3871 2652 3925 τοῦ
2698 3870 3010 3942 Πνεύματος
3049 3871 3114 3923 δι’
3167 3872 3452 3942 ὁραμάτων
3486 3869 3846 3938 ἀπεκαλύφθη

2289 3966 2367 4037 τῷ
2409 3964 2659 4035 μακαρίῳ
2703 3965 2975 4036 προφήτῃ,
3018 3961 3189 4016 ταῦτα
3228 3963 3321 4016 καὶ
3366 3962 3571 4031 ἑτέροις
3598 3961 3846 4030 ἀφθόνως
3953 3977 3957 3981 '

2290 4058 2601 4129 διηγήσατο,
2639 4058 2725 4123 ῖνα
2765 4058 2837 4127 μὴ
2869 4056 3024 4125 μόνον
3065 4055 3226 4119 αὐτὸς
3270 4055 3444 4125 ἐαυτῷ
3485 4053 3847 4126 προφητεύων

2290 4147 2357 4201 τὰ
2386 4146 2643 4217 μέλλοντα
2665 4150 2825 4217 φανῇ,
2857 4146 2990 4199 ἀλλὰ
3019 4148 3110 4200 καὶ
3140 4146 3341 4218 ἑτέροις
3362 4150 3472 4208 τοῖς
3500 4144 3844 4214 βουλομένοις

2292 4241 2514 4311 ἐρευνᾷν
2544 4238 2640 4301 τὰς
2674 4238 2819 4301 θείας
2844 4238 3082 4309 Γραφὰς,
3116 4238 3394 4308 προφήτης
3422 4234 3734 4304 ἀποδειχθῇ.

2363 4328 2428 4398 β’.
2473 4329 2583 4382 Καὶ
2626 4328 2751 4381 ἰδοὺ
2792 4330 2846 4381 οι
2890 4326 3179 4395 τέσσαρες
3220 4328 3441 4393 ἄνεμοι.
3505 4323 3850 4377 Ἱππολύτουί
3922 4352 3927 4355 ι

2294 4418 2403 4487 Τὴν
2423 4418 2821 4488 τετραπέρατον
2848 4407 3113 4486 κτίσινση
3123 4417 3317 4491 μαίνει.

720 4503 787 4559 V.
830 4506 885 4561 5.
915 4536 987 4547 —-
1024 4508 1091 4561 Et
1134 4521 1360 4581 quatuor
1406 4511 1581 4564 bestia;
1624 4486 1863 4580 grandes.
1899 4515 2187 4588 Hippolyti.

2363 4486 2555 4577 γ’.Καί
2575 4486 2837 4573 τέσσαρα
2864 4508 3031 4574 θτωία
3047 4486 3294 4575 μεγάλα.
3328 4492 3660 4560 Ἱππολύτου.
3694 4508 3847 4560 Ἐπεὶ

649 4580 916 4663 Quoniam
952 4611 1078 4667 ergo
1100 4580 1261 4655 variae
1288 4602 1473 4657 bestia:
1524 4611 1834 4659 monstratae
1872 4580 2191 4665 sunt-beato

650 4685 864 4749 Daniel,
897 4694 951 4739 et
974 4685 1055 4740 ba:
1085 4688 1224 4743 inter
1254 4706 1311 4745 se
1342 4691 1586 4756 diversae,
1614 4701 1825 4762 oportet
1860 4710 1959 4749 nos
1993 4696 2191 4752 intelli—

620 4793 775 4849 gere
816 4794 925 4833 non
963 4778 1107 4832 circa
1135 4780 1335 4835 bestias
1370 4784 1631 4851 quasdam
1667 4787 1842 4855 reipsa
1866 4790 2069 4842 versari
2097 4805 2192 4846 ve-

652 4869 865 4924 ritatem
898 4868 1183 4943 sermonis,
1216 4872 1309 4944 sed
1342 4873 1443 4927 sub
1477 4884 1601 4943 typo
1646 4886 1699 4929 et
1735 4878 1965 4947 imagine
2012 4878 2194 4934 diver-

570 5038 575 5044 .
652 4974 831 5014 sarum
885 4959 1175 5041 bestiarum
1224 4960 1435 5016 diversa
1482 4964 1815 5021 manifestari
1844 4974 2032 5038 regna
2073 4986 2192 5038 qua:

617 5050 625 5055 ’
652 5044 884 5113 humano
914 5046 1094 5117 generi
1121 5045 1392 5101 dominata
1424 5059 1567 5103 sunt.
1598 5048 1740 5102 Mare
1772 5051 1915 5104 enim
1942 5066 2197 5123 magnum

652 5134 963 5189 universum
988 5138 1175 5192 orbem
1210 5146 1384 5191 vocat.

720 5221 785 5277 ν.
826 5225 879 5277 4.
906 5255 977 5266 —
1011 5226 1181 5282 Donec
1219 5226 1405 5281 evulsa!
1439 5239 1556 5281 sunt
1593 5226 1695 5283 alia
1736 5229 1868 5299 ejus.
1908 5227 2198 5299 Hippolyti;

651 5311 767 5367 Hoc
787 5314 928 5367 enim
942 5314 1153 5371 realiter
1169 5316 1656 5372 Nabuchodonosor
1671 5318 1869 5381 evenit,
1886 5318 1974 5386 jux
1985 5328 2034 5373 ta
2056 5317 2199 5387 quod

652 5402 708 5457 in
732 5404 1053 5473 praecedenti
1077 5406 1212 5461 libro
1238 5408 1539 5462 nuntiatum
1568 5417 1678 5473 est;
1706 5418 1760 5463 et
1788 5407 1889 5462 hoc
1917 5410 2094 5479 statim
2123 5410 2199 5463 sic

653 5495 708 5549 in
746 5495 1034 5565 semetipso
1061 5499 1343 5570 contigisse
1382 5506 1626 5561 testatur,
1659 5502 1859 5556 scilicet
1887 5516 2048 5571 regno
2078 5500 2197 5569 pul—

654 5601 773 5640 sum
812 5584 979 5640 fuisse
1022 5595 1078 5640 et
1122 5589 1339 5659 gloriam
1378 5606 1529 5644 suam
1570 5589 1669 5642 sibi
1708 5592 1967 5645 sublatam
1998 5592 2197 5656 fuisse,

654 5689 757 5729 nec
784 5690 892 5729 non
921 5683 976 5729 et
999 5680 1251 5744 potentiae
1277 5679 1545 5750 fastigium
1565 5719 1579 5744 ,
1605 5681 1747 5749 quod
1774 5691 1929 5735 antea
1956 5682 2192 5735 tenebat.
2232 5676 2235 5681 ’

654 5761 723 5817 Et
753 5766 913 5837 paulo
940 5775 1053 5836 post
1080 5781 1098 5820 :
1128 5766 1253 5826 Hac
1285 5770 1463 5838 verba,
1503 5787 1655 5841 super
1694 5774 1842 5840 pedes
1871 5774 2021 5842 quasi
2048 5774 2199 5826 homo

2294 4596 2385 4652 οὖν
2418 4599 2648 4669 διάφορα
2681 4598 2842 4669 θηρία
2883 4597 3162 4668 ἐπεδείχθη
3204 4596 3281 4667 τῷ
3326 4599 3576 4669 μακαρίῳ
3620 4596 3840 4667 Δανιὴλ,

2293 4690 2386 4754 xa‘t
2418 4688 2588 4741 ταῦτα
2614 4687 2852 4759 ἀλλήλων
2882 4682 3222 4761 διαφέροντα,
3250 4686 3329 4738 δεῖ
3354 4686 3538 4757 νοῆσαι
3565 4689 3732 4756 ἡμᾶς.
3762 4688 3843 4740 ὅτι

2291 4781 2353 4832 ού
2397 4780 2521 4849 περὶ
2564 4778 2763 4850 θηρίων
2791 4779 2950 4831 τινῶν
2975 4781 3007 4848 ή
3037 4777 3272 4848 ἀλήθεια
3294 4768 3614 4845 διαλέγεται,
3785 4778 3843 4827 ἐν

2291 4871 2445 4941 τύπῳ
2479 4871 2571 4924 καὶ
2599 4871 2657 4923 ἐν
2688 4871 2852 4924 εἰκόνι
2883 4870 3121 4921 δείκνυσι
3147 4866 3245 4930 τὰς
3272 4870 3328 4920 ἐν
3355 4867 3431 4939 τῷ
3451 4868 3639 4936 κόσμῳ
3668 4866 3842 4934 τούτῳ

2290 4962 2665 5024 ἐπαναστάσας
2700 4960 2970 5031 βασιλείας
2997 4957 3182 5030 ὥσπερ
3206 4958 3367 5030 θηρία
3392 4958 3711 5027 διαφέροντα
3742 4957 3840 5027 τὴν

2290 5051 2706 5123 ἀνθρωπότητα·
2753 5052 2850 5119 τὴν
2890 5049 2997 5120 γὰρ
3033 5048 3298 5104 θάλασσαν
3338 5051 3434 5120 τὴν
3480 5048 3722 5117 μεγάλην
3754 5048 3842 5100 τὸν

2292 5142 2579 5213 σύμπαντα
2603 5142 2803 5212 κόσμον
2836 5140 3001 5207 λέγει.
3067 5170 3071 5173 -
3388 5196 3389 5199 η

2359 5233 2571 5300 δ’.”Εως
2614 5230 2686 5288 οὗ
2714 5232 2947 5300 ἐξετίλῃ
2978 5231 3049 5284 τὰ
3074 5231 3254 5300 πτερὰ
3284 5228 3837 5296 αὑτῆς.Ίππολύτου.

2292 5322 2459 5375 Τοῦτο
2503 5322 2611 5392 γὰρ
2659 5323 2825 5383 ὅντως
2868 5322 2957 5373 ἐπὶ
2992 5321 3084 5373 τοῦ
3126 5318 3585 5389 Ναϐουχοδονόσορ
3618 5320 3843 5389 συνέϐη,

2265 5411 2469 5483 ,καθὼς
2516 5416 2573 5466 ἐν
2622 5415 2687 5483 τῇ
2737 5414 2842 5483 πρὸ
2889 5412 3089 5482 ταύτης
3135 5410 3297 5480 βίϐλῳ
3333 5410 3703 5479 σεσήμανται·
3754 5412 3845 5462 καὶ

2291 5502 2419 5555 αὐτὸ
2466 5503 2625 5565 εὐθὺς
2660 5504 2815 5555 τοῦτο
2845 5504 3015 5566 οὕτως
3046 5502 3131 5554 ἐπ’
3157 5499 3302 5569 αύτῷ
3328 5500 3649 5568 γεγενῆσθαι
3698 5518 3845 5571 μαρυ
3935 5510 3941 5519 ’

2290 5594 2459 5659 τυρεί,
2489 5593 2563 5653 ὡς
2595 5591 2878 5662 ἐξεδιώχθη
2922 5594 2984 5645 ἐκ
3010 5591 3109 5659 τῆς
3142 5588 3428 5659 βασιλείας,
3462 5590 3553 5642 καὶ
3592 5589 3840 5661 ἀφῃρέθη

2292 5681 2382 5732 ἀπ’
2410 5681 2569 5734 αὑτοῦ
2598 5684 2629 5751 ή
2657 5681 2781 5747 δόξα
2806 5682 2987 5745 αὑτοῦ,
3020 5682 3111 5734 καὶ
3131 5682 3163 5747 ἡ
3202 5679 3553 5752 μεγαλωσύνη
3582 5681 3652 5749 ἢν
3684 5680 3843 5732 ἐκέκ-

2291 5786 2417 5839 τητο
2438 5771 2498 5823 τδ
2526 5770 2805 5843 πρότερον.
2833 5774 2941 5828 Καὶ
2962 5771 3089 5841 μετ’
3116 5772 3303 5843 ὀλιγα-
3329 5769 3401 5825 Τὸ
3423 5765 3515 5823 οὖν
3530 5770 3723 5834 εἰπεῖν,
3744 5770 3839 5822 ἐπὶ
