4098 6362
737 437 841 520 sas
1309 494 1312 498 ι
1598 458 1661 523 's.
1699 467 2050 524 HIPPOLYTI
2084 467 2231 523 ore.
2267 467 2443 522 mas
2485 466 2524 522 ι.
2565 495 2634 506 -
2669 464 3076 522 exarsurum.
3726 441 3729 444 ’
3837 465 3935 521 εει

738 579 796 635 Si
828 582 968 638 enim
1027 600 1360 656 quaecunque
1414 589 1682 642 anteriora
1728 603 1759 642 a
1808 589 2084 658 prephetis
2142 603 2256 656 prze

2346 588 2476 648 ,οὐκ
2534 588 2766 655 ἐγένετο,
2829 588 2963 656 μήτε
3021 584 3191 638 ταῦτα
3220 586 3547 656 προσδοκᾷν·
3582 587 3631 638 εἰ
3661 585 3717 637 δὲ
3757 587 3932 638 ἐκεῖνα

734 672 879 728 dicta
947 691 1054 730 non
1112 687 1438 742 evenerunt,
1486 695 1659 748 neque
1712 679 1828 734 hac
1875 689 2245 749 exspectemus

2380 677 2622 744 ἐγένοντο
2661 676 2798 730 κατὰ
2864 676 3086 747 καιροὺς
3132 675 3326 739 ίδίους,
3365 674 3550 745 καθὼς,
3595 675 3931 746 προείρηται,

732 767 827 822 aed
870 770 914 827 si
951 753 1140 825 contra
1178 771 1267 826 illa
1295 773 1474 826 omnia
1509 775 1781 843 contigere
1808 773 2105 829 secundum
2146 779 2256 825 tem-

2379 766 2594 828 πάντως
2628 765 2910 820 καὶταῦτα
2940 763 3336 834 τελεσθήσεται.

729 873 832 928 pus
885 861 989 916 illis
1008 863 1362 932 assignatum,
1398 873 1457 918 ut
1502 863 1816 934 praedictum
1851 873 1953 931 est,
1980 863 2094 918 haec
2126 877 2277 932 pror-

729 967 824 1007 sus
848 951 1232 1010 implebantur.

802 969 824 1007 ε
848 969 1232 1022 tmpteuuntur.

802 1040 864 1096 ν.
892 1043 947 1097 8.
969 1075 1037 1084 -
1058 1044 1460 1099 Considerabam
1485 1060 1699 1099 cornua.
1730 1042 2020 1114 Hippolyti.
2053 1041 2168 1098 Hoc
2194 1058 2249 1095 es

2441 1054 2510 1116 η’.
2532 1048 2908 1114 Προσενόουν
2936 1045 3058 1110 τοῖς
3081 1045 3339 1112 κέρασιν.
3379 1045 3929 1101 Ἱππολύτου..Τουτέο

725 1138 923 1186 attente
956 1133 1302 1188 considerans
1335 1134 1581 1198 bestiam,
1608 1141 1670 1200 et
1712 1132 1987 1187 admirans
2019 1147 2139 1187 cum
2167 1133 2256 1185 ali:

2375 1153 2488 1189 στιν
2513 1138 2694 1199 ἀτενὲς
2731 1136 2914 1206 ἑώρων
2962 1136 3097 1205 πρὸς
3145 1136 3205 1189 τὸ
3243 1136 3448 1208 θηρίον,
3501 1139 3593 1190 καὶ
3629 1133 3929 1208 ἐθαῦμαζον

726 1219 928 1284 omnia,
974 1230 1083 1274 tum
1104 1212 1379 1275 'cornuum
1426 1237 1711 1275 numerum
1751 1240 1764 1274 :
1809 1221 2083 1275 diﬂ‘crebat
2128 1222 2256 1276 enin

2376 1227 2511 1298 μετὰ
2537 1227 2640 1280 τῶν
2673 1227 2872 1280 λοιπῶν
2896 1228 3145 1281 ἁπάντων
3167 1230 3261 1280 καὶ
3280 1228 3386 1279 τῶν
3411 1228 3652 1299 κεράτων
3672 1227 3762 1280 τὸν
3787 1227 3930 1294 ἀριθ-

727 1323 757 1361 a
783 1319 1096 1363 ceterarum
1127 1311 1419 1365 bestiarum
1446 1320 1638 1365 natura
1671 1311 1832 1380 hujus
1858 1311 2014 1367 visio.

2375 1317 2489 1387 μόν·
2516 1317 2880 1388 ἐξηλλαγμένη
2923 1316 3030 1389 γὰρ
3069 1317 3217 1390 παρὰ
3248 1318 3344 1388 τὴν
3368 1317 3472 1370 τῶν
3499 1317 3694 1370 λοιπῶν
3723 1318 3924 1388 θηρίων

795 1479 860 1536 ν.
893 1483 980 1534 15.
1020 1511 1088 1520 -
1113 1481 1182 1535 Et
1209 1499 1365 1550 usque
1393 1484 1460 1535 ad
1487 1483 1768 1553 Antiquam
1795 1485 1994 1538 dierum
2021 1486 2266 1552 pervenit.

726 1569 1010 1642 Hippolyti.
1077 1573 1373 1635 Antiquum
1417 1574 1630 1642 quidem
1679 1575 1884 1627 dierum
1946 1590 2052 1627 non
2102 1576 2265 1628 alium

735 1662 866 1715 dicit
895 1663 995 1716 nisi
1017 1661 1296 1717 Dominum
1314 1663 1589 1740 Deumque
1617 1652 1983 1733 arbitrumque
2003 1665 2264 1728 omnium,

723 1750 1028 1821 Christique
1067 1753 1254 1820 ipsius,
1296 1754 1388 1820 qui
1426 1768 1706 1808 senescere
1747 1752 1871 1807 facit
1904 1754 2036 1819 dies,
2075 1764 2262 1809 etnon

724 1850 1021 1910 temporum
1053 1843 1241 1897 diebus
1281 1845 1393 1913 ipse
1423 1859 1730 1900 senescens.

796 1931 858 1984 ν.
888 1934 968 1988 14.
991 1966 1057 1974 —-
1079 1934 1318 1989 Potestas
1343 1935 1475 2004 ejus,
1511 1947 1739 2004 potestas
1793 1946 2004 1992 a'terna.
2062 1936 2262 2008 Hippo-
2291 1921 2334 1976 Β

722 2024 834 2093 lyti.
858 2025 1078 2094 Proprie
1105 2025 1239 2080 Filio
1272 2023 1437 2081 Pater.
1456 2029 1634 2082 omnia
1663 2028 1969 2098 subjiciens,
1992 2039 2040 2084 et
2058 2046 2118 2084 ea
2145 2045 2264 2100 qua:

2367 1411 2528 1481 φύσιν
2552 1407 2617 1480 ἦν
2646 1412 2678 1481 ἠ
2703 1410 2888 1463 τούτου
2916 1409 3133 1480 θεωρία.

2439 1509 2506 1569 γ’.
2535 1504 2679 1566 Ἕως
2699 1501 2803 1555 τοῦ
2817 1500 3084 1556 Παλαιοῦ
3100 1499 3215 1573 τῶν
3243 1500 3720 1570 ἠμερῶνέρθασε.
3751 1503 3926 1554 Ἱππο-

2368 1594 2543 1648 λύτου.
2596 1594 2826 1648 Παλαιὸν
2866 1595 2959 1663 μὲν
3003 1583 3094 1650 οὖν
3141 1593 3360 1664 ἡμερῶν
3407 1595 3504 1665 οὐχ
3545 1595 3728 1666 ἕτερον
3757 1596 3920 1661 λέγει,

2365 1686 2477 1738 ἀλλ’
2507 1687 2538 1755 ἦ
2564 1686 2651 1738 τὸν
2694 1686 2945 1738 ἁπάντων
2975 1683 3172 1754 Κύριον
3216 1688 3308 1739 κα)⁸
3332 1685 3462 1740 Θεὸν
3496 1687 3589 1740 καὶ
3629 1688 3920 1758 Δεσπότην,

2363 1777 2453 1829 τὸν
2476 1778 2565 1829 καὶ
2589 1764 2752 1829 αὐτοῦ
2784 1773 3039 1847 Χριστοῦ,
3074 1775 3165 1827 τὸν
3203 1774 3533 1830 παλαιοῦντα
3568 1775 3667 1840 τὰς
3694 1776 3919 1848 ἡμέρας,

2363 1852 2456 1918 καὶ
2479 1865 2566 1918 τὸν
2588 1865 2696 1936 υπὸ
2725 1864 2927 1936 χρόνων
2952 1862 3170 1933 ἡμερῶν
3207 1865 3280 1934 μὴ
3305 1863 3717 1935 παλαιούμενον.
3741 1870 3747 1874 ”

2446 1958 2506 2013 Ἠ
2528 1927 2776 2020 ἐξρυσίᾶ
2795 1927 3254 2018 αὐτοῦηέέουσία
3268 1927 3550 2022 αἰώνιος..
3584 1956 3915 2009 Ἱππολύτου.

2366 2046 2454 2116 Τῷ
2480 2043 2570 2099 οὖν
2614 2045 2726 2116 ἰδίῳ
2760 2043 2872 2115 Υἱῷ
2905 2047 2934 2098 ό
2972 2043 3160 2115 Πατὴρ
3187 2045 3359 2098 πάντα
3386 2046 3654 2113 ὑποτάξας
3679 2046 3748 2100 τά
3777 2062 3834 2098 τε
3863 2047 3918 2097 to

722 2125 850 2170 sunt
903 2116 955 2169 in
1000 2117 1170 2180 ccelis,
1214 2126 1266 2170 et
1306 2133 1427 2186 qua:
1474 2133 1635 2186 super
1684 2127 1913 2181 terram,
1961 2135 2056 2188 per
2084 2120 2256 2173 omnia

2363 2136 2741 2205 τοῖς-οὐρανοῖς
2767 2135 2860 2186 καὶ
2895 2133 2962 2185 τά
2989 2132 3082 2185 ἐπὶ
3109 2133 3212 2202 τῆς
3232 2132 3354 2202 γῆς,
3401 2135 3488 2188 διά
3529 2135 3746 2188 πάντων
3786 2136 3918 2187 ἁπε-

719 2205 1085 2295 ξηθηίίοειθνίι
1140 2221 1262 2260 eum
1312 2209 1724 2277 Ρτίιηοῧθηίίυηι
1771 2224 1838 2261 ex
1874 2208 2002 2273 θεον
2048 2217 2106 2263 ιιι
2140 2224 2262 2262 cum
2360 2223 2528 2288 δειξεν
2556 2225 2717 2276 αὑτὸν
2747 2222 3082 2293 πρωτότοκον
3103 2223 3166 2274 ὲκ
3184 2221 3339 2286 Θεοῦ,
3365 2224 3450 2278 ἵνα
3480 2209 3616 2295 μετά
3633 2223 3916 2278 τοῦΠατέ-

716 2293 874 2349 Patre
929 2295 1093 2351 Filius
1120 2296 1210 2350 Dei
1245 2312 1364 2350 esse
1393 2297 1825 2351 manifestaretur
1859 2307 1979 2350 ante
2023 2299 2260 2366 angelos,

720 2393 778 2438 ut
838 2385 1146 2453 angelorum
1222 2385 1480 2440 Dominus
1541 2396 1853 2453 appareret;
1941 2386 2261 2456 primOgeni-

716 2484 830 2528 tum
889 2488 952 2528 ex
1004 2473 1227 2543 virgine,
1301 2485 1357 2528 ut
1398 2477 1786 2543 protOplastum
1839 2473 2006 2526 Adam
2074 2475 2125 2528 in
2175 2490 2259 2528 se-

717 2565 835 2632 ipso
886 2562 1198 2618 «reformans
1251 2565 1661 2630 ostenderetur;
1718 2564 2128 2632 primogenitum
2189 2581 2256 2618 ex

717 2654 961 2719 mortuis,
999 2663 1056 2709 ut
1091 2654 1410 2724 principium
1455 2665 1653 2708 nostrae
1699 2654 2106 2709 resurrectionis
2143 2655 2256 2722 ipse

716 2747 887 2799 ﬁeret.

783 2837 913 2900 Qua:
963 2853 1061 2890 non
1111 2835 1399 2896 auferetur.
1461 2831 1751 2901 Hippolyti.
1793 2831 2114 2888 Potestatem
2143 2850 2255 2889 om-

714 2942 834 2980 nem
896 2926 1124 3000 aoPatre
1178 2923 1315 2977 Filio
1369 2922 1549 2977 datam
1612 2922 1863 2988 ostendit,
1909 2925 1999 2991 qui
2057 2925 2251 2978 coeles-

713 3017 845 3069 tium
866 3053 881 3078 ,
915 3014 1246 3069 terrestrium
1277 3020 1328 3067 et
1368 3011 1696 3066 inl‘ernorum
1746 3027 1839 3066 rex
1867 3023 1920 3067 et
1946 3014 2103 3082 iudex
2137 3030 2253 3067 om-

711 3108 863 3159 nium
921 3104 1294 3159 manifestatus
1341 3112 1464 3158 est:
1499 3103 1796 3175 cmlestium
1840 3103 2075 3171 quidem,
2123 3105 2247 3173 quia

2364 2331 2452 2386 ρος
2475 2315 2600 2378 Υἱὸς
2631 2314 2763 2367 Θεοῦ
2812 2307 2885 2367 ὢν
2927 2314 3216 2386 ἀποδειχθῇ
3250 2317 3357 2387 πρὸ
3404 2317 3664 2387 ἀγγέλων,
3698 2317 3785 2380 ἶνα
3825 2318 3916 2369 καὶ

2359 2403 2598 2471 ἀγγέλων
2629 2404 2812 2473 κύριος
2843 2407 2999 2474 φανῇ·
3025 2406 3362 2474 πρωτότοκον
3383 2406 3449 2457 ὲκ
3487 2405 3776 2473 παρθένου,
3831 2405 3914 2456 ἵνα

2356 2494 2446 2545 τὸν
2468 2494 2886 2564 πρωτόπλαστον
2939 2495 3108 2565 Ἀδὰμ
3146 2498 3203 2549 ὲν
3244 2493 3390 2565 αὑτῷ
3429 2495 3782 2548 άναπλάσσων
3810 2495 3913 2547 δει-

2356 2582 2477 2652 χθῖγ
2513 2582 2948 2654 πρωτότοκον-ὲκ
2977 2582 3204 2654 νεκρῶν,
3237 2583 3324 2637 ἵνα
3353 2582 3572 2654 ἀπαρχὴ
3595 2582 3693 2653 τῆς
3717 2581 3912 2653 ἡμετέο

2357 2689 2455 2740 ρας
2491 2670 2840 2732 ἀναστάσεως
2861 2671 3023 2735 αὐτὸς
3059 2672 3283 2743 γενηθῇ.

2429 2841 2567 2895 Ibid.
2603 2843 2757 2907 Ἧτις
2803 2845 2873 2896 οὐ
2916 2845 3371 2910 παρελεύσεται.
3413 2842 3744 2898 Ἱππολύτου.
3801 2844 3910 2914 Τὴν

2356 2933 2472 2998 ὲξου
2483 2935 2599 2986 σίαν
2615 2937 2789 2987 πᾶσαν
2802 2927 2897 3004 τὴν
2915 2951 2988 2986 πα
2997 2935 3061 3004 ρὰ
3076 2934 3166 2986 τοῦ
3187 2935 3395 3004 Πατρός
3407 2933 3688 3004 δεδομένην
3702 2933 3782 3002 τῷ
3798 2933 3908 3002 Υἱῷ
3981 2965 3988 2973 -

2353 3023 2642 3088 ὑπέδειξεν,
2674 3015 3090 3095 ὅς’ὲπουρανίων
3118 3025 3210 3076 καὶ
3244 3023 3496 3090 ἐπιγείων
3525 3023 3618 3083 καὶ
3642 3023 3906 3094 καταχθο-

2350 3114 2475 3166 νίων
2507 3113 2758 3183 βασιλεὺς
2783 3114 2875 3166 καὶ¹
2891 3112 3078 3183 κριτὴς
3108 3112 3319 3165 πάντων
3337 3111 3720 3166 ἀποδέδεικται·
3752 3115 3907 3166 ἐπου-

711 3194 946 3246 Verbum
981 3208 1043 3245 ex
1084 3193 1242 3247 corde
1288 3192 1462 3246 Patris
1507 3201 1630 3246 ante
1674 3193 1860 3246 omnia
1911 3204 2092 3247 natum
2131 3206 2245 3259 est;

2356 3205 2549 3275 ρανίων
2582 3205 2699 3274 μὲν,
2730 3206 2810 3256 ὅτι
2843 3205 3012 3270 Λόγος
3043 3206 3106 3256 ὲκ
3137 3204 3362 3276 καρδίας
3393 3205 3600 3276 Πατρὸς
3631 3205 3738 3277 πρὸ
3768 3205 3904 3258 πάνυ

706 3282 1041 3335 νιειτεειιῆιιιι]
1077 3292 1272 3343 autem,
1300 3281 1423 3348 quia
1449 3281 1610 3332 homo
1641 3279 1777 3333 inter
1805 3282 2046 3336 homines
2078 3281 2250 3338 factus

708 3381 813 3435 est,
850 3388 941 3440 per
961 3374 1205 3440 seipsum
1240 3371 1534 3422 rel'ormans
1549 3370 1743 3433 Adam;
1778 3369 2104 3424 infernorum
2136 3382 2255 3424 tan-

707 3452 850 3528 dem,
883 3464 1009 3532 quia
1059 3462 1196 3514 inter
1247 3468 1486 3513 mortuos
1532 3469 1874 3528 compulatus
1910 3469 2012 3525 est,
2039 3477 2250 3514 annun-

709 3554 848 3606 tians
915 3551 1221 3605 felicitatem
1274 3557 1585 3603 sanctorum
1652 3549 1877 3615 animis,
1910 3551 2024 3618 ipse
2077 3559 2251 3605 morte

709 3643 898 3696 mortis
923 3643 1113 3696 vietor.

782 3727 844 3802 Ἴ.
874 3730 958 3783 Π.
987 3759 1051 3767 —
1083 3729 1210 3793 Qua:
1247 3740 1574 3800 consurgent.
1610 3729 1896 3800 Hippolyti.
1937 3730 2068 3784 Cum
2105 3731 2246 3784 enim

712 3827 818 3872 tres
859 3819 1041 3872 bestiae
1085 3835 1303 3872 cursum
1349 3819 1709 3888 impleverint,
1749 3830 1801 3874 et
1826 3820 2093 3874 translata":
2131 3821 2245 3875 fue-

711 3909 838 3973 rint,
869 3909 914 3962 si
951 3909 1134 3962 ultima
1151 3924 1272 3978 quae
1296 3923 1440 3963 nunc
1458 3909 1630 3962 adhuc
1665 3912 1828 3978 viget,
1875 3910 1990 3978 ipsa
2035 3913 2241 3965 sublata

706 3999 892 4064 fuerit,
923 3999 1215 4052 cessabunt
1249 3998 1464 4052 tandem
1491 3999 1784 4063 terrestria,
1815 3999 2070 4068 incipient
2097 4002 2244 4054 deni-

707 4107 812 4162 que
825 4091 1081 4156 cozlestia,
1100 4100 1154 4145 ut
1171 4099 1477 4145 sanctorum
1501 4090 1868 4151 indissolubile
1879 4098 2243 4159 aeternumque

707 4198 930 4254 regnum
964 4182 1296 4245 ostendatur,
1325 4191 1379 4236 et
1406 4197 1498 4235 rex
1529 4181 1763 4236 cmlestis
1793 4181 1964 4250 palam
1985 4182 2241 4236 omnibus

705 4273 1095 4339 manifestetur,
1127 4288 1233 4327 non
1261 4273 1372 4342 jam
1401 4287 1495 4341 per
1531 4272 1747 4342 ﬁguras,
1779 4271 1932 4340 quasi
1949 4272 2003 4326 in
2038 4273 2242 4327 visione

706 4375 990 4432 aspectus,
1039 4379 1212 4434 neque
1280 4365 1332 4417 in
1377 4365 1627 4419 columna
1674 4365 1831 4419 nubis
1878 4379 2039 4434 super
2081 4380 2242 4422 cacu-

705 4455 849 4505 mine
886 4454 1085 4507 montis
1127 4453 1389 4518 occultus,
1436 4455 1527 4510 sed
1573 4457 1713 4511 inter
1755 4466 2045 4529 potestates
2087 4474 2239 4515 exer-

2351 3312 2457 3348 των
2484 3294 2839 3363 γεγενημένος
2867 3290 2932 3364 ἦν
2951 3293 3232 3361 ’ἐπιγείων
3259 3295 3335 3359 δὲ,
3358 3290 3729 3367 ὅτιᾶνθρωπος
3757 3297 3904 3364 ὲγεν-

2351 3385 2507 3454 νήθη,
2538 3385 2890 3437 άναπλάσσων
2911 3385 2976 3437 δι’
3003 3385 3162 3438 αὑτοῦ
3192 3385 3280 3438 τὸν
3322 3386 3508 3454 Ἀδάμο
3539 3385 3902 3454 καταχθονίων

2349 3474 2425 3535 δὲ,
2459 3475 2539 3525 ὅτι
2567 3475 2658 3526 καὶ
2691 3476 2748 3527 ὲν
2776 3477 2984 3544 νεκροῖς
3013 3474 3382 3545 κατελογίσθη,
3423 3475 3901 3550 εὐαγγελιζόμενος

2349 3565 2465 3625 ταῖς
2493 3563 2600 3619 τῶν
2621 3563 2786 3631 ἁγίων
2817 3563 3031 3633 ψυχαῖς,
3067 3564 3152 3617 διά
3189 3563 3416 3617 θανάτου
3448 3564 3669 3618 θάνατον
3713 3562 3896 3615 νικῶν.

2417 3740 2500 3806 ιζ’.
2526 3742 2598 3795 At
2611 3741 3001 3810 dpﬁﬁdowat.
3022 3739 3350 3792 Ἱππολύτου.
3370 3738 3487 3791 Τῶν
3502 3739 3607 3809 γὰρ
3625 3738 3794 3809 τριῶν
3805 3738 3896 3808 θη-

2346 3833 2474 3902 ρίων
2519 3833 2618 3903 ἤδη
2669 3829 3063 3902 διαδραμόντων
3093 3830 3185 3882 καὶ
3231 3816 3624 3900 μεταστάντων,
3669 3830 3767 3882 καὶ
3802 3831 3893 3881 τοῦ

2344 3921 2458 3982 ἐνὸς
2502 3921 2684 3989 ἀκμὴν
2715 3918 2792 3970 ἔτι
2831 3916 3141 3981 ἐνεστῶτος,
3175 3917 3268 3970 ὲὰν
3311 3919 3404 3970 καὶ
3437 3915 3590 3970 τοῦτο
3630 3915 3896 3986 parum,

2343 4007 2570 4060 παύεται
2601 4005 2780 4058 λοιπὸν
2801 4004 2869 4056 τά
2907 4003 3139 4071 ἐπίγεια,
3171 4005 3395 4075 ἄρχεται
3424 4002 3606 4056 λοιπὸν
3635 4003 3707 4056 τὰ
3735 4006 3897 4056 imo.

2344 4099 2518 4166 ράνια,
2554 4097 2639 4148 ἵνα
2672 4097 2730 4147 τὸ
2763 4095 2869 4147 τῶν
2897 4096 3064 4163 ἁγίων
3089 4096 3420 4149 άκατάλυτον
3441 4092 3533 4146 καὶ
3563 4093 3781 4147 αίώνιον
3805 4093 3894 4165 βα-

2342 4185 2534 4239 σίλειον
2577 4184 2777 4254 δειχθῇ’
2827 4184 2918 4237 καὶ
2965 4186 2993 4236 ὁ
3033 4183 3280 4252 βασιλεὺς
3321 4182 3563 4252 οὐράνιος
3601 4182 3892 4251 προφανῶς

2340 4277 2501 4328 πᾶσιν
2541 4274 2848 4345 ἐπιδειχθῇ,
2897 4275 3090 4345 μηκέτι
3133 4274 3221 4326 διὰ
3259 4273 3452 4335 είδους,
3489 4272 3563 4335 ὡς
3605 4274 3664 4326 ὲν
3709 4273 3891 4344 ὁράσει

2339 4365 2684 4436 βλεπόμενος,
2734 4366 2869 4435 μήτε
2911 4367 2968 4416 ὲν
3020 4363 3191 4430 στύλῳ
3231 4361 3455 4432 νεφέλης
3509 4362 3600 4415 ἐπὶ
3646 4364 3890 4435 κορυφῆς

2336 4456 2493 4526 ὅρους
2545 4455 3070 4522 ἀποκαλυπτόμενος,
3117 4451 3249 4503 ἀλλὰ
3301 4451 3436 4520 μετὰ
3479 4451 3757 4523 δυνάμεων
3799 4457 3889 4508 καὶ

706 4546 947 4611 citusque
973 4541 1239 4611 angelicas
1271 4544 1578 4598 incarnatus
1610 4545 1748 4599 Deus
1776 4557 1829 4601 et
1853 4548 2036 4612 homo,
2068 4547 2236 4602 Filius

2346 4545 2600 4615 στρατιῶν
2642 4543 2941 4614 άγγελικῶν
2981 4542 3236 4611 ἐνσαρκος
3286 4541 3416 4605 Θεὸς
3459 4530 3884 4615 καὶάνθρωπος,

703 4633 796 4686 Dei
838 4641 890 4686 et
938 4630 1106 4685 Filius
1144 4631 1398 4695 hominis,
1437 4647 1468 4684 a
1505 4631 1659 4687 ctnlis
1698 4634 1866 4700 judex
1925 4635 2113 4690 mundi
2144 4637 2240 4691 ad-

770 4737 940 4775 mens.

770 4741 799 4775 n
825 4739 854 4775 e
896 4739 940 4775 s.

702 4739 956 4867 ve\’|.';9.
993 4809 1216 4864 -Ροει
1277 4809 1371 4862 hoc
1424 4810 1562 4863 volui
1614 4808 1884 4879 diligenter
1937 4812 2134 4865 discere
2175 4812 2240 4865 de

706 4903 866 4954 bestia
923 4910 1130 4969 quarta.
1190 4897 1472 4970 Hippolyti.
1530 4897 1605 4954 De
1645 4906 1837 4968 quarto
1878 4898 2137 4968 imperio,
2179 4908 2238 4953 ut

704 5003 861 5059 supra
893 4990 1127 5044 diximus
1150 5030 1164 5055 ,
1197 4991 1452 5060 loquitur,
1488 4990 1616 5045 illud
1637 4989 1841 5045 scilicet
1865 4989 2104 5045 indicans
2129 5005 2237 5058 quo

703 5082 874 5148 majus
901 5080 1048 5136 aliud
1101 5095 1210 5134 non
1272 5082 1545 5140 surrexit;
1585 5096 1650 5135 ex
1695 5094 1804 5149 quo
1851 5079 2057 5132 oritura
2105 5089 2231 5133 sunt

679 5171 878 5227 ,ilecem
912 5185 1147 5236 cornua,
1181 5178 1235 5222 et
1274 5167 1573 5222 dividentur
1599 5169 1654 5222 in
1685 5169 1866 5222 decem
1907 5165 2230 5220 diademata.

699 5259 838 5312 inter
893 5262 978 5316 illa
1053 5275 1253 5318 cornua
1306 5257 1448 5313 aliud
1486 5251 1705 5326 parvum
1785 5273 1955 5314 cornu
2007 5267 2187 5326 surget
2218 5296 2234 5320 ,

700 5351 843 5420 quod
905 5360 986 5406 est
1039 5368 1206 5406 cornu
1269 5347 1609 5410 Antichristi,
1665 5357 1719 5404 et
1786 5348 2078 5402 eradicabit
2134 5348 2234 5402 tria

649 5490 652 5493 .
701 5456 903 5496 cornua
955 5455 984 5493 a
1045 5441 1179 5496 facie
1227 5440 1396 5511 .ejus,
1458 5438 1558 5490 hoc
1615 5445 1698 5488 εει
1761 5437 1864 5489 lria
1921 5452 2083 5507 regna
2141 5437 2237 5490 de—

702 5543 874 5588 struet
898 5529 1111 5602 Egypti
1137 5571 1152 5596 ,
1187 5532 1399 5603 Libyae,
1434 5526 1720 5594 Ethiopian
1744 5566 1758 5592 ,
1803 5527 1986 5582 volens
2014 5529 2114 5584 sibi
2145 5544 2232 5582 ar-

701 5637 891 5692 rogare
957 5635 1166 5675 omnem
1255 5619 1697 5674 deminationem.
1778 5615 1911 5669 Cum
1974 5619 2232 5673 devicerit

699 5714 903 5783 reliqua
955 5725 1155 5768 cornua
1194 5719 1410 5778 septem
1441 5752 1456 5775 ,
1501 5709 1717 5778 incipiet
1773 5707 2010 5775 demum,
2056 5710 2232 5763 alieno

696 5815 748 5860 et
787 5806 924 5860 malo
967 5803 1160 5873 spiritu
1190 5810 1420 5870 tumens,
1453 5803 1712 5858 suscitare
1743 5799 1936 5854 bellum
1974 5800 2228 5857 adversus

2342 4635 2466 4696 Υίὸς
2496 4633 2629 4686 Θεοῦ
2675 4634 2769 4688 καὶ
2799 4633 2912 4694 υίὸς
2949 4629 3249 4701 ἀνθρώπου,
3296 4634 3390 4686 ἀπ’
3430 4633 3668 4704 οὐρανῶν
3701 4629 3889 4705 κριτὴς

2337 4725 2415 4794 τῷ
2439 4725 2622 4794 κόσμῳ
2639 4722 3083 4794 παραγινόμενος.
3351 4725 3356 4729 ’

2406 4813 2489 4864 ιθθ.
2517 4813 2624 4865 Καὶ
2654 4810 2894 4878 ἐζήτουν
2917 4810 3048 4878 περὶ
3080 4806 3184 4866 τοῦ
3214 4811 3417 4878 θηρίου
3445 4810 3556 4864 τοῦ
3587 4810 3882 4879 τετάρτου.

2347 4901 2677 4955 Ἱππολύτου.
2723 4899 2918 4964 Καθὼς
2960 4900 3259 4970 φθάσαντες
3293 4899 3391 4969 τὴν
3427 4898 3694 4970 τετάρτην
3745 4901 3885 4954 εἷπο-

2337 5009 2432 5062 μεν
2455 4991 2742 5061 βασιλείαν,
2770 4990 2969 5062 ταύτην
2990 4991 3164 5062 δηλῶν
3184 4991 3312 5059 παρ’
3344 4991 3422 5067 ἢν
3433 4989 3594 5059 ἑτέρα
3613 4988 3752 5059 άλλη
3781 4985 3885 5060 μεὶὀ

2333 5083 2440 5146 ζων
2472 5083 2563 5135 καὶ
2593 5082 2809 5153 τοιαύτη
2845 5081 3085 5153 βασιλεία
3112 5081 3202 5132 ἐπὶ
3229 5080 3327 5148 τῆς
3367 5067 3472 5147 γῆς
3523 5079 3622 5130 οὐκ
3657 5079 3882 5151 ἐγήγερ-

2330 5184 2439 5230 ται,
2475 5167 2533 5233 EE
2561 5163 2629 5239 ἧς
2653 5168 2835 5240 μέλλει
2866 5165 3194 5234 ἀναφύεσθαι
3229 5165 3361 5218 δέκα
3393 5165 3614 5234 κέρατα,
3655 5167 3754 5221 καὶ
3800 5183 3880 5238 με·

2333 5260 2642 5331 ρισθήσεται
2671 5263 2751 5323 είς
2775 5261 2904 5314 δέκα
2930 5257 3244 5327 διαδήματα·
3279 5254 3371 5308 καὶ
3397 5255 3456 5307 ιν
3481 5255 3662 5320 αὐτοῖς
3699 5257 3876 5329 ἕτερον

2335 5351 2521 5422 μικρὸν
2540 5351 2707 5422 κέρας
2731 5349 3078 5416 ἀναϐήσεται,
3103 5344 3238 5414 ὅπερ
3270 5345 3387 5397 εστὶ
3419 5345 3479 5398 τὺ
3519 5345 3605 5400 τοῦ
3642 5349 3874 5419 ἀντιχρί-

2335 5457 2475 5493 στου*
2500 5443 2594 5494 καὶ
2614 5437 2896 5509 ὲκριζώσει
2919 5435 3044 5499 τρία
3059 5435 3162 5488 τῶν
3189 5424 3488 5505 ἔμπροσθεν
3517 5437 3703 5490 αὐτοῦ’
3725 5453 3874 5493 τουτ-

2332 5531 2443 5584 έστι
2495 5534 2618 5594 τοὺς
2646 5532 2791 5597 τρεῖς
2837 5525 3070 5595 βασιλεῖς
3105 5525 3298 5583 ἀνελεῖ.
3341 5525 3869 5593 Δίγύπτου,’Λι6ύων

2330 5632 2421 5685 τε,’
2452 5621 2544 5673 καὶ
2596 5617 2884 5678 Αἰθιόπων,
2919 5612 3231 5683 βουλόμενος
3257 5612 3430 5683 ἑαυτῷ
3477 5612 3867 5685 περιποιεῖσθαι

2329 5711 2424 5780 τὴν
2469 5711 2648 5762 πᾶσαν
2700 5705 2985 5776 βασιλείαν·
3036 5704 3205 5774 ὅσπερ
3245 5706 3518 5776 κρατήσας
3539 5705 3648 5758 τῶν
3671 5701 3865 5755 λοιπῶν

2331 5801 2569 5872 κεράτων
2603 5797 2758 5863 ἑπτὰ,
2791 5797 3010 5867 ἄρχεται
3042 5794 3242 5858 λοιπὸν,
3276 5795 3379 5850 ὑπὸ
3420 5793 3512 5849 τοῦ
3548 5792 3694 5864 αὐτῷ
3719 5790 3863 5848 ἁλλο-

3997 5489 3999 5543 Ι

3993 5595 3997 5731 Ιι

3989 5755 3993 5834 l

3984 6147 3985 6200 ἰ
