4098 6362
229 429 337 489 693

1376 422 1791 480 FRAGMENTA
1830 421 1897 475 IN
1933 423 2296 493 DANlELEM.

3317 421 3423 477 ΒΜ

234 552 554 623 σμήγματα,
580 547 691 602 ἀλλ’
716 547 750 618 ἢ
779 546 870 601 τοῦ
903 518 1055 614 ἇγίου
1084 546 1253 613 Λόγου
1278 544 1517 610 ὲντολαί;
1564 544 1615 596 τί
1645 543 1699 597 δὲ
1724 542 1783 595 τὸ

1885 547 2179 600 mandata?
2210 546 2477 615 quodnam
2506 553 2681 600 autem
2704 543 2900 608 oleum,
2925 541 3031 597 nisi
3051 540 3219 596 virtus
3247 538 3419 609 Spirin

231 643 433 704 ελαιον,
476 640 590 694 ἀλλ’
633 638 668 710 ἢ
714 637 821 707 τοῦ,
848 636 1003 705 ἁγίου
1046 636 1355 707 Πνεύματος
1399 634 1650 704 δύναμις;
1697 627 1783 695 αἷς

223 732 378 805 μετὰ
413 730 478 785 τδ
513 729 732 800 λουτρὸν
768 728 843 792 ὠς
878 728 1048 798 μύρου
1090 728 1327 797 χρίονται
1353 726 1403 777 oi
1427 724 1779 786 πιστεύοντες.

221 821 420 877 Ταῦτα
443 817 947 874 πάνταδιετυποῦτο
966 816 1052 869 διὰ
1072 812 1181 886 τῆς
1200 814 1473 886 μακαρίας
1502 814 1783 883 Σωσάννης

221 913 290 966 δι’
322 912 497 983 ἡμᾶς·
525 910 612 963 ἵνα
634 906 727 962 νῦν
747 910 927 979 ἡμεῖς,
950 908 1000 961 οί
1023 907 1101 978 τῷ
1135 904 1254 976 Θεῷ
1298 898 1654 969 πιστεύοντες,
1708 905 1781 975 μὴ

223 1002 301 1065 ὡς
339 1001 463 1067 ξένα
488 1000 557 1054 τὰ
581 1000 673 1055 νῦν
700 999 960 1070 γενόμενα
978 999 1037 1051 ὲν
1062 1000 1130 1069 τῇ
1165 996 1453 1066 Ἐκκλησία
1487 999 1781 1066 νοήσωμεν,

226 1093 339 1145 ἀλλ’
376 1091 411 1162 ἢ
443 1090 615 1144 πάντα
654 1088 826 1143 ταῦτα
868 1088 957 1141 διὰ
1003 1086 1108 1139 τῶν
1149 1084 1490 1156 πατριαρχῶν
1527 1101 1783 1154 προτετύ-

228 1197 317 1233 πω
329 1182 467 1251 μένα
495 1178 887 1247 πιστεύσωμεν,
915 1174 1055 1229 καθὰ
1076 1175 1169 1229 καὶ¹
1193 1176 1222 1228 ό
1266 1164 1576 1236 ’Ᾱπόστολος
1606 1174 1777 1241 λέγει·

239 1273 433 1328 Ταῦτα
459 1272 526 1325 δὲ
552 1270 809 1336 τυπικῶς
844 1268 1195 1324 συνέϐαινεν
1238 1267 1513 1337 ἐκεινοις·
1560 1264 1782 1334 ἐτράφη

230 1362 300 1415 δὲ
341 1362 489 1430 πρὸς
527 1361 848 1415 νουθεσίαν
890 1357 1091 1428 ἡμῶν,
1118 1360 1203 1424 εὶς
1233 1357 1339 1424 οὓς
1378 1350 1453 1411 τὰ
1491 1355 1631 1423 τέλη
1666 1353 1784 1409 τῶν

228 1451 461 1504 αἰώνων
490 1449 888 1516 κατήντησαν.
1042 1501 1044 1503 ,

302 1541 415 1596 Kal
447 1539 703 1609 ἐξῆλθον
726 1542 874 1595 κατὰ
898 1543 1002 1609 τὰς
1025 1542 1280 1613 πλαγίας
1323 1541 1521 1609 θύρας.
1562 1538 1783 1611 Προμη-

230 1629 480 1695 νύουσαι,
514 1633 593 1684 ὃτι
616 1632 644 1684 ό
670 1630 987 1702 βουλόμενος
1012 1632 1104 1685 τοῦ
1130 1635 1185 1684 ἐν
1208 1631 1285 1702 τῷ
1314 1632 1623 1701 παραδείσῳ
1657 1629 1782 1682 ὕδα-

229 1737 328 1782 τος
362 1721 697 1791 μεταλαϐεῖν,
727 1720 1094 1786 ἀποτάξασθαι
1119 1720 1216 1791 μὲν
1240 1719 1438 1789 ὀφείλει
1467 1722 1534 1789 τῇ
1560 1719 1785 1788 πλατείᾳ

232 1796 412 1882 θύρα·
441 1810 525 1863 διὰ
546 1810 601 1863 δὲ
631 1811 728 1881 τῆς
760 1811 954 1880 στενῆς
980 1811 1073 1863 καὶ
1103 1809 1461 1879 τεθλιμμένης
1505 1807 1779 1861 εἰσελθεῖν.

303 1868 415 1957 Kal
443 1904 551 1956 οὐκ
585 1868 746 1956 ειδῶ
762 1868 1385 1969 τοὺςαρεσϐυτέρρυᾳ
1418 1868 1637 1969 ’έΩσπερ
1678 1899 1783 1967 γὰρ
1815 1868 1860 1927 Β

230 1993 357 2046 τότε
382 1995 441 2046 ὲν
462 1991 540 2063 τῷ
572 1992 880 2063 παραδείσῳ
925 1990 1225 2063 συνεκρύϐη
1258 1995 1285 2046 ὁ
1331 1991 1569 2055 διάϐολος
1605 1993 1663 2044 ἐν
1707 1990 1785 2061 τῷ

231 2081 379 2150 ὕφει,
405 2081 543 2134 οὕτω
563 2083 657 2134 καὶ
692 2081 783 2134 νῦν
814 2084 871 2134 ὲν
904 2085 1015 2144 τοῖς
1062 2081 1448 2153 πρεσϐυτέροις
1481 2079 1781 2151 ὲγκρυϐεὶς,

230 2173 338 2243 τὴν
357 2172 548 2225 ἑαυτοῦ
575 2172 915 2243 ὲνεκίσσησεν
944 2172 1253 2242 ἐπιθυμίαν,
1286 2172 1372 2226 ίνα
1401 2171 1558 2226 πάλιν
1587 2172 1650 2224 ὲκ
1671 2170 1786 2225 5co-

231 2259 399 2331 τέρου
428 2261 708 2334 διαφθείρῃ
738 2262 836 2333 τὴν
869 2259 1041 2335 Εὕαν.

322 2350 466 2405 Ἰδοὺ
508 2354 568 2405 al
604 2353 769 2419 θύραι
807 2351 911 2403 τοῦ
953 2352 1312 2419 παραδείσου
1337 2350 1685 2407 κέκλεινται.
1713 2347 1785 2404 Ὦ

233 2441 564 2512 παρανόμων
581 2441 850 2512 ἀρχόντων
879 2442 972 2493 καὶ
1000 2441 1303 2512 διαϐολικῆς
1317 2443 1593 2511 ἐνεργείας
1617 2459 1785 2512 μεμε-

234 2532 528 2603 στωμένων
547 2548 561 2561 ο
586 2531 757 2585 ταῦτα
787 2531 913 2601 ύμῖν
935 2533 1215 2602 παρέδωκε
1251 2520 1489 2602 Μωῡσῆς
1509 2550 1534 2607 ;.
1562 2531 1701 2586 οὕτω
1729 2533 1786 2586 δὲ

230 2623 330 2675 τὸν
373 2622 533 2692 νόμον
552 2620 1007 2689 ἀναγινώσκοντες
1029 2623 1245 2694 ἐτέρους
1267 2622 1541 2675 διδάσκετε
1562 2639 1576 2688 ;
1622 2622 1677 2675 '0
1698 2622 1785 2674 λέ-

232 2735 352 2786 γων
389 2717 461 2787 μὴ
481 2706 739 2785 φονεύειν,
772 2716 930 2778 αὐτὸς
956 2714 1227 2785 φονεύεις;
1270 2713 1336 2769 ’θ’
1356 2713 1526 2783 λέγων
1564 2715 1636 2785 μὴ
1666 2716 1786 2767 επι-

232 2808 452 2878 θυμεῖν,
481 2806 640 2870 αὐτὸς
666 2807 761 2876 τὴν
789 2808 1016 2874 γυναῖκα
1060 2803 1152 2858 τοῦ
1198 2804 1420 2875 πλησίον
1461 2803 1787 2874 διαφθείρειν

232 2898 415 2960 θέλεις
436 2908 451 2963 ς

313 2990 422 3044 Kal
437 2988 786 3057 ἐνέπιθυμίᾳ
809 3003 922 3042 σου
939 2986 1210 3057 ἐσμέν.Τί
1229 2985 1564 3053 ἀναπείθετε,
1580 2986 1785 3056 ἄνομοι,

236 3083 492 3151 σώφρονα
517 3081 608 3133 καὶ
629 3081 883 3149 ἀκέραιον
908 3077 1081 3148 ψυχὴν
1099 3077 1275 3146 λόγοις
1292 3075 1560 3145 ψευδέσιν,
1583 3074 1670 3126 ἵνα
1690 3075 1789 3143 τὴν

232 3172 444 3245 οἰκείαν
473 3169 760 3239 ἐπιθυμίαν
795 3172 1060 3240 στήσητες

309 3265 380 3317 El
406 3262 473 3315 δὲ
494 3260 599 3330 μὴ,
628 3259 1228 3329 καταμαρτυρήσομέν
1254 3274 1388 3313 σου.
1421 3256 1622 3322 Ταῦτα,
1639 3256 1789 3326 ὑμῶν

235 3353 308 3408 τὰ
336 3354 430 3406 ἀπ’
450 3352 624 3422 ἀρχῆς
642 3350 784 3403 δεινὰ
806 3350 1142 3420 τολμήματα,
1174 3350 1261 3404 διὰ
1282 3350 1375 3403 τὸν
1406 3350 1497 3403 ἀπ’
1539 3348 1708 3421 ἀρχῆς
1736 3350 1793 3400 ὲν

236 3446 368 3514 ὑμῖν
409 3440 828 3511 ὲμφωλεύσαντα
869 3440 1085 3493 πλάνον.
1109 3440 1215 3493 *Ην
1274 3440 1381 3510 γὰρ
1438 3440 1605 3503 ὅντως
1660 3438 1792 3510 μετὰ

170 3573 174 3576 .
236 3538 440 3603 ταύτης
463 3534 739 3596 νεανίσκος
762 3533 853 3586 ἀπ’
884 3531 1122 3602 οὐρανῶν
1151 3530 1409 3600 ὑμέτερος
1435 3529 1533 3599 (1),
1563 3531 1623 3582 ού
1659 3547 1789 3599 συγ-

203 3662 216 3670 .
234 3625 522 3696 γινόμενος
546 3620 698 3693 αὐτῇ,
725 3620 859 3675 ἀλλὰ
891 3618 1287 3691 συμμαρτυρῶν
1317 3620 1382 3683 τῆ
1410 3618 1653 3689 ἀληθείᾳ.

310 3796 426 3851 Kal
459 3794 857 3858 ἀνεστέναξεν
886 3792 1187 3847 Σωσάννα.
1216 3788 1428 3842 Τούτων
1449 3783 1539 3844 οὖν
1566 3789 1672 3842 τῶν
1703 3793 1795 3859 ρη-

240 3888 428 3958 μάτων
464 3884 741 3938 ἀκούσασα
769 3888 802 3955 ἡ
842 3884 1081 3955 μακαρία
1112 3881 1384 3945 Σωσάννα,
1419 3880 1683 3951 κατενύγη
1698 3879 1794 3948 τὴν

235 3975 498 4047 καρδίαν,
536 3976 631 4027 καὶ
680 3975 881 4045 ἔφραξε
913 3975 973 4027 τὸ
998 3974 1166 4043 στόμα
1192 4012 1205 4037 ,
1256 3971 1328 4043 μὴ
1368 3971 1657 4041 βουλομένη
1692 3970 1795 4023 ὑπὸ

234 4068 457 4136 ἀνόμων
488 4067 866 4138 πρεσϐυτέρων
898 4068 1194 4139 μιανθῆναι.
1232 4068 1386 4121 Ἐστι
1408 4071 1463 4123 δὲ
1498 4073 1595 4124 καὶ·
1632 4088 1796 4125 κατα-

235 4155 499 4210 λαϐέσθαι
522 4155 735 4227 ἀληθῶς
761 4160 821 4211 τὸ
845 4157 1053 4228 συμϐὰν
1076 4158 1167 4211 ἐπὶ
1193 4161 1257 4229 τῇ
1303 4161 1573 4233 Σωσάννῃ.
1627 4161 1796 4215 Τοῦτο

234 4247 349 4317 γὰρ
381 4246 483 4305 νῦν
506 4246 599 4298 καὶ
630 4246 721 4298 ἐπὶ
740 4251 803 4317 τῇ
856 4247 1143 4320 Ἐκκλησία
1184 4250 1553 4321 πληρούμενον
1594 4252 1790 4323 εὕροις.

247 4336 443 4389 Ἠνίκα
468 4333 575 4403 γὰρ
600 4335 649 4386 οί
674 4336 765 4389 δύο
795 4338 912 4390 λαοὶ
938 4336 1347 4409 συμφωνήσουσι
1379 4339 1677 4411 διαφθεῖραί
1709 4357 1792 4393 τι-

233 4446 335 4491 νας
359 4426 465 4479 τῶν
491 4423 679 4492 ἁγίων,
723 4429 1157 4500 παρατηροῦνται
1186 4428 1399 4500 ἡμέραν
1429 4429 1661 4494 εὔθετον,
1700 4432 1792 4484 καὶ

1885 646 1969 692 tus
2000 638 2204 692 sancti?
2230 640 2425 708 quibus
2440 648 2560 709 post
2587 639 2859 692 lavacrum
2877 647 3132 706 tanquam
3150 640 3423 701 unguento

1882 726 2064 785 ﬁdeles
2086 740 2476 802 perunguntur.
2505 731 2707 786 Cuncta
2729 729 2840 784 haec
2868 743 2961 798 per
2979 727 3191 782 beatam
3214 724 3419 779 Susan-

1884 834 2007 873 nam
2035 822 2206 876 nostri
2251 836 2414 875 causa
2454 820 2856 891 ﬁgurabantur:
2904 833 2971 873 ne
3006 818 3167 872 modo
3195 815 3419 881 scilicet,

1883 911 1974 979 qui
2002 909 2112 965 Deo
2139 911 2430 976 credimus,
2455 925 2519 965 ea
2546 924 2666 981 qua:
2706 907 3184 977 impresentiarum
3233 906 3286 960 iu
3322 904 3425 959 Ee-

1884 1001 2046 1056 elcsia
2070 1001 2223 1065 ﬁunt,
2260 1010 2514 1071 tanquam
2553 1015 2688 1055 nova
2730 1015 2794 1054 ac
2832 996 3112 1069 peregrina
3145 996 3423 1050 existime—

1885 1106 2035 1155 mus;
2065 1091 2162 1147 sed
2189 1099 2381 1147 cuncta
2406 1090 2520 1145 haec
2549 1090 2677 1145 olim
2702 1104 2795 1159 per
2822 1086 3155 1158 patriarchas
3197 1085 3421 1155 ﬁgurata

1885 1181 2202 1246 credamus,
2271 1180 2727 1251 quemadmodum
2763 1179 2925 1233 etiam
2978 1174 3263 1246 Apostolus
3312 1174 3447 1227 ait:'

1890 1268 2017 1324 Haec
2046 1269 2407 1340 contingebant
2434 1269 2543 1323 illis
2568 1270 2621 1323 in
2642 1269 2861 1338 ﬁguris;
2887 1268 3081 1336 scripta
3100 1275 3273 1319 autem
3302 1272 3422 1316 sunt

1886 1359 1955 1411 ad
1987 1368 2221 1412 nostram
2247 1359 2677 1424 exhortationem,
2699 1359 2755 1411 in
2772 1375 2899 1429 quos
2921 1359 3047 1427 ﬁnes
3070 1356 3247 1410 διεσαίὶ
3277 1354 3422 1407 devc-

1883 1460 2066 1505 nerunt
2102 1449 2144 1501 ’.
2422 1504 2425 1505 ,

1956 1539 2023 1594 ν.
2052 1542 2146 1595 18ε
2187 1540 2257 1595 Et
2285 1541 2521 1595 exierunt
2562 1556 2654 1608 per
2678 1540 2953 1609 posticum.
2996 1537 3197 1607 Nempe
3238 1537 3423 1607 praesi-

1887 1642 2134 1703 gnantes,
2165 1634 2259 1703 qui
2296 1634 2421 1688 velit
2450 1632 2505 1687 in
2526 1632 2768 1702 pomario
2807 1646 2943 1700 aqua
2982 1630 3203 1699 intingi,
3230 1630 3425 1703 debere

1889 1721 2138 1775 nuntium
2161 1721 2436 1776 remittere
2466 1730 2633 1791 portae
2672 1721 2865 1788 latae’,
2901 1728 2955 1774 et
2995 1734 3091 1789 per
3128 1728 3326 1773 arctam
3370 1727 3424 1774 et

1885 1822 2283 1883 coangustatam
2319 1814 2546 1882 ingredi.
3490 1812 3492 1814 ’

1955 1902 2024 1956 Et
2069 1919 2173 1957 non
2211 1905 2448 1958 uiderunt
2495 1904 2738 1958 seniores.
2780 1898 3237 1978 Quemadmodum
3279 1900 3425 1955 enim

1885 2002 2014 2047 tunc
2039 1994 2093 2047 in
2119 1995 2362 2062 pomario
2388 1992 2701 2063 (paradiso)
2736 1991 2946 2045 delituit
2966 1991 3208 2046 diabolus
3236 1991 3287 2043 in
3314 2005 3428 2045 ser-

1884 2091 2042 2154 pente
2066 2085 2116 2149 ’;
2144 2085 2223 2139 sie
2253 2098 2397 2137 nunc
2423 2097 2638 2153 quoque
2664 2083 2717 2135 in
2743 2081 3045 2137 senioribus
3073 2081 3306 2143 latitans.
3326 2096 3426 2136 sua

1885 2176 2009 2230 illos
2037 2173 2471 2243 concupiscentia
2500 2173 2763 2239 accendit,
2794 2180 2853 2225 ut
2887 2185 3075 2225 rursus
3104 2171 3279 2226 denuo
3306 2187 3427 2226 eor-

1886 2273 2097 2335 rumpat
2130 2264 2314 2319 Evam.

1955 2353 2020 2410 V.
2057 2355 2154 2409 19:
2191 2354 2324 2409 Ecce
2350 2356 2487 2409 ostia
2514 2354 2733 2420 pomarii
2761 2349 2938 2406 clausa
2959 2361 3098 2407 sunt.
3130 2350 3174 2405 Ο
3204 2352 3428 2406 scelera-

1885 2456 1971 2501 tos
1995 2430 2204 2513 iudices
2247 2445 2538 2513 plenosque
2578 2444 2841 2497 diabolico
2891 2442 3106 2495 afflatu!
3143 2439 3280 2495 Num
3315 2441 3427 2494 hate

1887 2535 2039 2590 vobis
2069 2533 2288 2588 tradidit
2326 2532 2571 2605 Moyses?
2604 2532 2762 2587 Siene
2811 2532 3043 2599 legentes
3089 2532 3258 2601 legem
3292 2529 3430 2583 alios

1887 2624 2129 2680 docetis?
2160 2623 2264 2689 Qui
2288 2624 2547 2693 praedicas
2576 2636 2680 2677 non
2722 2620 3024 2685 faciendum
3057 2618 3426 2682 homicidium,

1887 2714 2235 2771 homicidium
2266 2713 2437 2769 facis?
2463 2712 2565 2778 Qui
2596 2714 2731 2768 dicis
2769 2729 2875 2767 non
2921 2710 3426 2780 concupiscendum,

1886 2803 1999 2874 ipse
2021 2819 2240 2859 uxorem
2266 2802 2498 2873 proximi
2528 2792 2868 2872 corrumpere
2892 2800 3081 2871 cupis?

1862 2896 1883 2954 ἐ
1956 2891 2025 2946 Et
2058 2894 2114 2947 in
2137 2893 2547 2961 concupiscentia
2582 2892 2882 2945 tui'sumus.
2916 2890 3138 2961 thuid,
3191 2883 3429 2957 scelesti,

1887 2992 2089 3038 castam
2114 2982 2347 3037 animam
2378 2990 2537 3051 atque
2556 2982 2850 3051 simplicem
2871 2982 3048 3037 verbis
3072 2970 3433 3037 mendacibus

1886 3088 1920 3128 ι
1950 3072 2144 3127 mentis
2188 3070 2450 3126 sententia
2490 3071 2756 3137 avocatis,
2784 3078 2844 3124 ut
2879 3070 3153 3127 libidinem
3194 3080 3429 3127 vestram

1813 3202 1857 3260 ε
1890 3164 2171 3218 statuatis?

1963 3250 2028 3305 Υ.
2063 3253 2158 3307 21ε
2194 3252 2345 3317 Quod
2372 3254 2417 3306 si
2442 3252 2687 3318 nolueris,
2714 3253 2943 3307 dicemus
2975 3262 3156 3306 contra
3198 3263 3245 3307 te
3281 3256 3429 3307 testi-

1892 3344 2143 3397 monium.
2180 3342 2303 3397 Haec
2328 3351 2503 3396 vestra
2528 3343 2596 3396 ab
2616 3342 2768 3396 initio
2793 3342 3044 3411 proiecta:
3079 3342 3272 3396 mentis
3294 3356 3428 3397 ausa

1893 3432 2174 3501 improba,
2222 3434 2521 3488 seductoris
2564 3433 2732 3501 gratia
2778 3433 2869 3500 qui
2896 3432 2949 3485 in
2975 3430 3128 3485 vobis
3170 3431 3236 3484 ab
3255 3422 3427 3495 linitio
3504 3430 3507 3435 ’

1892 3523 2146 3578 latitaret.
2177 3522 2305 3576 Erat
2326 3537 2558 3591 namque
2586 3537 2710 3576 vere
2747 3536 2869 3577 cum
2906 3533 2970 3576 ea
2998 3514 3175 3577 vester
3203 3537 3234 3576 e
3276 3507 3430 3577 caelis

1884 3615 2122 3683 juvenis,
2168 3628 2274 3668 non
2297 3614 2388 3684 qui
2420 3628 2543 3668 cum
2574 3612 2663 3667 illa
2690 3614 3148 3681 commisceretnr,
3193 3613 3287 3667 sed
3333 3614 3425 3682 qui
3454 3592 3462 3610 λ

1893 3706 2048 3760 testis
2072 3704 2208 3759 foret
2234 3704 2464 3759 veritati.
3280 3724 3283 3726 ·

1968 3793 2027 3846 V.
2056 3794 2157 3848 22:
2195 3794 2263 3848 Et
2289 3796 2536 3865 ingemuit
2577 3786 2834 3849 Susanna.
2879 3792 2973 3847 liis
3018 3792 3198 3863 itaque
3250 3796 3428 3851 verbis

1893 3885 2108 3948 auditis.
2136 3888 2288 3942 beata
2338 3888 2585 3942 Susanna
2611 3886 2811 3939 doloris
2834 3883 3076 3938 aculeum
3101 3886 3281 3939 animo
3306 3902 3430 3940 sen-
3468 3870 3471 3873 γ

1893 3977 1982 4041 sit,
2030 3992 2201 4048 osque
2240 3978 2527 4047 obturavit,
2555 3990 2674 4045 qua:
2717 3976 2881 4030 nollet
2926 3976 3423 4046 scelestissimoruni

1892 4070 2160 4123 seniorum
2190 4068 2381 4136 injuria
2404 4065 2765 4134 constuprari.
2796 4064 2944 4120 Licet
2970 4074 3099 4120 vero
3117 4066 3273 4135 etiam
3301 4078 3426 4116 vere

1895 4157 2201 4227 intelligere,
2227 4156 2371 4226 quod
2410 4150 2465 4210 in
2525 4154 2770 4211 Susanna
2833 4155 3069 4224 contigit.
3120 4152 3232 4207 Hoc
3279 4152 3423 4208 enim

1892 4264 2033 4302 nunc
2084 4262 2296 4317 quoque
2342 4247 2397 4301 in
2444 4245 2678 4303 Ecclesia
2735 4247 2940 4317 impleri
2984 4244 3241 4300 invenias.
3288 4244 3435 4299 Cum-

1890 4342 2031 4394 enim
2070 4338 2175 4393 duo
2204 4338 2381 4408 populi
2415 4340 2805 4402 consenserint,
2838 4346 2895 4391 ut
2920 4335 3183 4405 quosdam
3221 4338 3286 4395 de
3323 4337 3429 4393 Ec-

1892 4428 2048 4481 clesia
2077 4426 2321 4496 perdant,
2349 4425 2489 4481 diem
2516 4436 2699 4495 aptum
2730 4426 3043 4485 observant;
3089 4422 3427 4494 ingressique

233 4514 575 4577 εἰσελθόντες
598 4514 676 4576 εἰς
706 4516 797 4569 τὸν
824 4514 970 4571 οἶκον
1000 4519 1091 4571 τοῦ
1134 4518 1299 4583 Θεοῦ,
1350 4522 1790 4591 προσευχομένων

1895 4522 1945 4573 in
1971 4522 2187 4573 domum
2216 4517 2330 4584 Dei,
2359 4520 2565 4573 cunctis
2587 4519 2659 4573 ibi
2696 4516 2977 4571 orantibus
3007 4516 3282 4586 Deumque
3304 4518 3428 4570 lan-

132 4596 145 4601 ⁴
233 4608 357 4659 ἐκεῖ
380 4607 595 4658 πάντων
625 4606 717 4656 καὶ
742 4607 831 4659 τὸν
861 4608 991 4661 Θεὸν
1020 4610 1328 4680 ὑμνούντων
1350 4652 1363 4676 ,
1418 4612 1789 4683 ἐπιλαϐόμενοι

230 4700 457 4753 ’ἑλκουσί
476 4716 624 4762 τινας
644 4699 737 4751 καί⁵
761 4703 1039 4770 κρατοῦσι,
1068 4703 1313 4771 λέγοντες
1334 4721 1346 4734 ⁶
1393 4706 1565 4760 Δεῦτε
1586 4748 1600 4771 ,
1642 4723 1788 4777 συγ-

233 4789 571 4844 κατάθεσθε
596 4788 756 4857 ἡμῖν,
781 4791 877 4843 καὶ
894 4793 1217 4860 τοὺςθεσὺς
1238 4797 1615 4861 θρησκεύετε·
1650 4800 1698 4850 εί
1724 4797 1791 4849 δὲ

228 4878 345 4946 μὴ,
392 4877 992 4951 καταμαρτυρήσομεν
1012 4883 1195 4952 ὑμῶν.
1220 4885 1356 4946 Τοὺς
1390 4884 1445 4936 δὲ
1488 4886 1560 4955 μὴ
1604 4886 1801 4954 βουλο-”

237 4966 459 5033 μένους,
488 4968 847 5039 προσάγουσιν
868 4970 1059 5037 αὐτοὺς
1082 4975 1215 5045 πρὸς
1232 4974 1298 5027 τὰ
1389 4991 1529 5042 ματα
1544 4978 1635 5034 καὶ
1657 4992 1786 5027 κατ-

229 5056 554 5125 ηγοροῦσιν,
582 5060 657 5121 ὡς
679 5060 889 5112 ἐναντία
914 5059 1007 5112 τοῦ
1040 5062 1302 5134 δόγματος
1328 5064 1601 5133 Καίσαρος
1618 5065 1785 5133 πράτ-

231 5161 455 5208 τοντας,
489 5151 581 5201 καὶ
608 5149 982 5219 κατακρίνουσι
1006 5150 1235 5223 θανάτῳ.

308 5232 500 5284 Στενά
520 5253 621 5301 μοι
656 5235 959 5290 πάντοθεν.
992 5238 1153 5293 Ἴδετε
1180 5245 1393 5313 ῥήματα
1414 5242 1786 5314 σωφρονούσης

232 5319 519 5401 γυναικὸς,
550 5326 644 5377 καὶ
674 5324 788 5394 Θεῷ
817 5325 1207 5398 μεμελημένης.
1241 5334 1426 5386 sum
1458 5352 1554 5403 μοι
1573 5374 1585 5395 ,
1631 5334 1783 5401 φησὶ,

231 5407 538 5463 πάντοθεν
558 5426 572 5438 ·
591 5413 625 5479 ἠ
650 5411 754 5485 γὰρ
796 5414 1083 5484 Ἐκκλησία
1107 5417 1167 5467 ού
1204 5419 1358 5485 μόνον
1381 5422 1484 5473 ὑπὸ
1525 5421 1785 5475 Ἰουδαίων

230 5494 481 5553 θλίϐεται
511 5498 604 5549 καὶ
630 5508 1051 5574 στενοχωρεῖται,
1075 5504 1207 5557 ἀλλὰ
1234 5509 1325 5560 καὶ
1345 5510 1446 5563 ὑπὸ
1477 5511 1661 5573 ὲθνῶν,
1693 5514 1786 5565 καὶ⁸

307 5638 330 5667 '
370 5636 542 5692 lCor.
574 5653 630 5705 ι,
659 5639 743 5694 ll.
818 5644 840 5675 ⁸
867 5643 1054 5699 Matth.
1086 5661 1179 5725 vn,
1211 5647 1296 5715 15,
1326 5649 1411 5706 il.
1484 5654 1507 5688 ⁸
1532 5652 1662 5707 Gen.
1694 5667 1776 5719 ιιι,
1819 5653 1869 5707 1.

1890 4611 2158 4675 dantibus,
2182 4610 2544 4678 appreltensos
2577 4609 2833 4678 quosdam
2873 4608 3112 4674 trahunt,
3136 4616 3424 4672 tenentque

1890 4704 2157 4756 dicentes:
2198 4699 2392 4763 Venite,
2412 4700 2644 4769 idemque
2671 4699 2769 4764 ipsi
2794 4714 2855 4749 ac
2885 4713 2975 4749 nos
3007 4700 3212 4761 sentite,
3238 4712 3298 4748 ac
3319 4695 3421 4747 diis

1890 4794 2087 4845 cultum
2106 4791 2357 4845 adhibete.
2382 4790 2533 4854 Quod
2554 4790 2598 4842 si
2635 4786 2927 4853 nolueritis,
2954 4787 3299 4842 testimonium
3325 4784 3424 4836 ad-

1890 4900 2089 4937 versum
2120 4898 2206 4937 vos
2248 4884 2498 4937 dicemus.
2528 4880 2633 4934 Eos
2664 4889 2844 4933 autem
2883 4880 2975 4949 qui
3020 4877 3313 4939 noluerim,
3350 4875 3423 4929 ad

1888 4972 2173 5025 tribunalia
2220 4973 2525 5035 adducunt,
2568 4978 2622 5022 et
2668 4980 2921 5024 accusant
2955 4970 3096 5023 velut
3129 4965 3425 5035 quioagant

1889 5071 2073 5115 contra
2101 5063 2369 5117 decretum
2393 5058 2640 5128 Caesaris,
2671 5074 2736 5115 ac
2768 5071 2936 5115 morte
2962 5075 3054 5115 eos
3083 5057 3359 5112 damnant.

1953 5241 2224 5311 Angustiw
2248 5247 2367 5291 sunt
2396 5239 2521 5293 mihi
2561 5240 2800 5310 undique.
2840 5235 3021 5289 Videte
3060 5235 3220 5290 verba
3262 5244 3428 5291 castre

1885 5332 2146 5397 mulieris,
2173 5344 2235 5384 ac
2277 5330 2432 5399 cujus
2477 5329 2587 5388 Deo
2620 5326 2749 5385 cura
2773 5335 2870 5382 est.
2898 5326 3186 5395 Anguslia,
3221 5322 3427 5395 inquit,

1886 5438 2004 5475 sunt
2032 5420 2157 5474 mihi
2190 5418 2433 5487 undique.
2476 5420 2731 5481 Eeclesia_
2753 5416 2894 5470 enim
2925 5417 3119 5471 nedum
3148 5431 3179 5470 a
3223 5413 3429 5470 ludatis

1843 5585 1853 5598 ι
1892 5513 2138 5581 allligitur
2170 5526 2232 5565 ac
2258 5514 2533 5582 angustias
2562 5512 2777 5581 patitur,
2804 5526 2988 5566 verum
3017 5513 3176 5565 etiam
3203 5526 3231 5563 ιι
3253 5524 3315 5579 ge
3366 5510 3401 5559 ti

307 5789 386 5859 (l)
428 5791 755 5859 Νεανίσκος·
781 5794 1073 5864 ὑμέτερος.
1120 5798 1171 5851 ld
1220 5808 1300 5853 cst
1330 5800 1542 5872 Daniel,
1584 5807 1790 5876 spiritu‘

1884 5807 2118 5876 aphetico
2148 5818 2403 5875 praesens.
2432 5804 2658 5860 Counsr.
2694 5792 2697 5795 ⁷
