4098 6362
665 424 770 482 695

1530 428 1607 491 8.Χ
1627 425 1983 480 HIPPOLYTI
2014 426 2163 481 ΟΙῬ.
2202 426 2379 479 PARS
2414 427 2452 480 ῐ.
2495 456 2562 466 -·
2596 423 3000 480 EXEGETICA.

3764 420 3883 474 696

666 543 805 607 bus;
834 554 1039 596 necnon
1080 542 1147 596 ab
1174 541 1241 595 iis
1262 538 1355 611 qui
1379 540 1670 595 Christiani
1700 541 1971 603 dicuntur,
1998 556 2095 595 nec
2129 550 2194 593 ta-

2320 539 2423 591 ὑπὸ
2459 522 2565 591 τῶν
2605 538 2905 609 λεγομένων
2951 539 3065 608 μὲν,
3114 538 3211 590 οὐκ
3238 537 3401 591 ὅντων
3423 537 3475 590 δὲ
3504 536 3878 607 Χριστιανῶν⁴

665 638 789 686 men
818 628 1122 697 ευιιι.οΕ]ιιε
1149 630 1291 683 enim
1323 630 1635 698 pudicitiam
1657 646 1717 683 ac
1737 629 2046 683 felicitatem
2069 630 2187 683 velu

2314 628 2473 679 οἱονεὶ
2512 628 2572 679 τὸ
2623 625 2853 698 σῶφρον.
2885 627 2977 679 καὶ
3032 626 3261 689 εὐπαθὲς
3302 626 3499 695 ταύτης
3550 626 3881 694 ἐνορῶντες,

662 729 1001 785 contuentes,
1032 734 1375 789 corrumpere
1405 734 1525 774 eam
1568 721 1834 773 nituntur.

732 805 850 864 Sive
876 810 1011 862 enim
1034 810 1129 862 hoc
1154 825 1321 878 egero,
1369 824 1506 862 mors
1536 810 1665 862 mihi
1692 819 1789 863 est.
1820 809 1928 865 Deo
1955 809 2094 862 enim
2128 809 2208 861 in—

661 899 1001 953 obedientem
1036 914 1174 963 esse,
1220 914 1283 953 ac
1326 899 1640 954 hominibus
1679 900 1927 962 obedire,
1958 907 2210 952 azternam

660 1002 884 1043 mortem
916 1005 985 1044 ac
1015 990 1339 1059 supplicium
1370 992 1537 1059 parit.
1594 1050 1596 1059 ,
1662 980 1665 983 ’
1920 990 1921 993 “

729 1076 788 1133 Si
818 1090 992 1132 autem
1023 1095 1125 1133 non
1152 1096 1332 1149 egero,
1370 1097 1473 1133 non
1496 1079 1745 1148 eﬂ'ugiam
1778 1095 1964 1132 manus
1993 1089 2206 1132 vestras.

658 1165 774 1223 Hoc
805 1184 1019 1238 quoque
1049 1154 1355 1225 vere'dixit.
1400 1170 1502 1235 Qui
1534 1171 1680 1223 enim
1719 1170 2059 1223 adducuntur
2088 1185 2210 1239 pro-

2314 718 2552 787 φθείρειν
2576 718 2775 787 ταύτην
2806 718 3093 786 βιάζονται.

2330 846 2335 849 -
2377 802 2510 861 Ἐάν
2554 824 2617 860 τε
2655 808 2763 876 γὰρ
2798 808 2974 861 τοῦτο
3014 805 3234 873 πράξω,
3262 804 3515 870 θάνατός
3540 804 3644 873 μοι
3671 804 3879 858 ἐστιν.

2311 896 2385 947 Τὸ
2425 896 2530 965 γάρ
2576 896 2914 968 παρακοῦσαι
2963 894 3128 960 Θεοῦ,
3171 895 3263 947 καὶ
3308 893 3612 949 ὑπακοῦσαι
3656 894 3881 965 ἀνθρὼ-

2310 1003 2452 1048 ποις,
2487 986 2709 1039 θάνατον
2740 988 2833 1040 καὶ
2854 987 3072 1040 κόλασιν
3099 984 3309 1038 αίώνιον
3337 983 3640 1055 ἐργάζεται.

2391 1076 2530 1129 Ἐὰν
2555 1075 2623 1127 δὲ
2640 1074 2723 1143 μὴ
2740 1074 2960 1143 πράξω,
2982 1077 3092 1129 οὐκ
3124 1072 3519 1142 ὲκφευξοῦμαι
3538 1074 3642 1138 τὰς
3664 1071 3883 1142 χεῷας

2309 1165 2490 1234 ὑμῶν.
2520 1165 2626 1217 Καὶ
2654 1164 2809 1218 τοῦτο
2835 1165 3025 1235 ἀληθὲς
3058 1163 3294 1235 εἴρηκεν.
3311 1164 3371 1214 Οί
3398 1164 3505 1232 γὰρ
3522 1162 3882 1232 προσαγόμε-

658 1267 1009 1328 pter-nomen
1046 1258 1162 1325 Dei,
1198 1261 1461 1330 siquidem
1507 1258 1733 1314 fecerint
1776 1260 1916 1329 quod
1954 1260 2194 1329 jubentui

2309 1275 2387 1308 νοι
2416 1257 2597 1308 ἕνεκεν
2618 1256 2710 1307 τοῦ
2736 1256 2992 1324 ὀνόματος
3007 1254 3097 1308 τοῦ
3129 1252 3285 1315 Θεοῦ,
3317 1252 3412 1307 ἐὰν
3426 1254 3523 1323 μὲν
3540 1254 3787 1323 πράξωσι
3812 1253 3883 1306 τὺ

657 1347 729 1400 ab
776 1348 1115 1415 hominibus,
1148 1348 1258 1403 Deo
1300 1350 1641 1416 moriuntur,
1690 1365 1754 1404 ac
1794 1350 1851 1403 in
1892 1350 2098 1403 mundo
2129 1349 2208 1401 ri-

656 1445 822 1501 vunt;
852 1438 897 1491 si
926 1448 1117 1492 autem.
1136 1455 1241 1493 non
1270 1440 1479 1509 egerint
1503 1441 1646 1508 quod
1679 1440 1756 1494 illi
1788 1442 2075 1509 imperant,
2100 1453 2208 1492 non

2310 1349 2400 1401 ὑπ’
2435 1346 2730 1416 ἀνθρώπων
2770 1345 3138 1409 κελευόμενον,
3167 1345 3561 1414 ἀποθνήσκουσι
3592 1343 3669 1411 τῷ
3704 1343 3835 1412 Θεῷ
3856 1361 3873 1373 ο

2309 1438 2528 1507 ζήσουσι
2558 1438 2614 1491 δὲ
2635 1440 2692 1489 ἐν
2720 1438 2927 1508 κόσμῳ·
2973 1437 3066 1496 ἐὰν
3095 1438 3152 1490 δὲ
3181 1437 3253 1508 μὴ
3269 1437 3515 1508 πράξωσι
3544 1437 3604 1489 τδ
3632 1438 3736 1490 ὑπὸ
3767 1440 3881 1490 ἀν-

655 1526 917 1597 eﬂ'ugiunt
963 1528 1226 1596 judicium
1278 1544 1492 1596 manus,
1539 1546 1570 1583 a
1616 1532 1817 1599 quibus
1860 1531 1991 1598 ipsis
2038 1539 2194 1583 morti

2309 1529 2337 1579 θ
2347 1528 2539 1598 ρώπων
2567 1527 2934 1598 κελευόμενον,
2960 1528 3058 1581 οὐκ
3085 1527 3405 1597 ἐκφεύγουσι
3423 1527 3520 1589 τὰς
3540 1532 3727 1599 χεῖρας
3753 1530 3879 1582 τῶν

655 1616 1003 1673 damnantur.

725 1704 791 1761 ν.
822 1708 894 1760 25
926 1727 940 1762 :
980 1707 1173 1762 Melius
1198 1718 1275 1762 est
1312 1708 1441 1761 mihi
1470 1709 1586 1763 sine
1618 1725 1787 1778 opere.
1824 1706 1939 1763 Hoc
1975 1725 2209 1779 namque

2306 1616 2592 1681 δικαστῶν,
2625 1618 2714 1671 ὑπ’
2748 1617 2924 1670 αὐτῶν
2956 1617 3174 1670 ἐκείνων
3203 1618 3665 1687 κατακρινόμενοι.

2380 1707 2627 1773 Αἱρετόν
2644 1707 2749 1775 μοι
2775 1707 2907 1760 ἐστι
2934 1706 3020 1774 μὴ
3049 1705 3385 1774 πράξασαν.
3422 1708 3591 1760 Τοῦτο
3616 1709 3724 1779 γὰρ
3750 1707 3882 1761 δια-

652 1798 1020 1865 pmstantius,
1056 1800 1125 1853 ab
1170 1799 1371 1867 iniquis
1404 1800 1717 1854 hominibus
1763 1800 1937 1863 mori,
1981 1812 2040 1855 ιιι
2081 1817 2194 1855 cum

2309 1796 2637 1867 φορώτερον,
2686 1798 2974 1851 ἀποθανεῖν
3006 1797 3110 1850 ὑπὸ
3152 1798 3451 1871 ἀνθρώπων
3497 1798 3734 1860 ἀδίκων,
3781 1799 3880 1864 ἵνα

654 1885 765 1940 Deo
805 1885 1017 1954 vivant;
1056 1902 1219 1955 quam
1253 1888 1361 1941 illis
1390 1889 1780 1944 consentiendo
1806 1898 1863 1944 et
1891 1890 1959 1945 ab
1991 1891 2071 1945 eis
2111 1906 2194 1945 so-

2307 1862 2457 1957 rra‘pi
2485 1862 2602 1956 Θεῷ
2632 1885 2898 1958 ζήσωσινο
2931 1887 2964 1958 ἢ
2995 1862 3346 1958 συνθεμένους
3369 1890 3569 1953 αὐτοῖς,
3603 1888 3697 1942 καὶ
3728 1862 3879 1942 dm:

650 1974 820 2042 tutos,
852 1976 1087 2033 incidere
1115 1978 1171 2033 in
1205 1993 1400 2033 manus
1424 1978 1540 2034 Dei.

719 2147 784 2204 ν.
810 2150 882 2205 24
911 2170 925 2205 :
961 2150 1031 2205 Et
1055 2136 1299 2207 clamauit
1321 2168 1436 2207 voce
1458 2169 1675 2223 magna.
1712 2154 1791 2207 Ad
1818 2169 1976 2223 quem
1994 2195 2009 2221 ,
2038 2168 2201 2225 rogo,

648 2242 904 2297 clamavit
946 2242 1217 2309 Susanna,
1257 2246 1364 2297 nisi
1405 2245 1471 2297 ad
1511 2243 2203 2313 Deum?quemadmodum

548 2398 549 2401 η
648 2334 728 2389 ait
749 2333 916 2389 Isaias
943 2354 955 2388 :
1004 2322 1145 2390 Tunc
1180 2336 1454 2397 clamabis,
1482 2343 1530 2387 et
1562 2335 1701 2387 Deus
1731 2338 1975 2389 exaudiet
2001 2346 2081 2401 te;
2107 2339 2203 2390 ad-

634 2425 749 2478 .ltuc
769 2426 1005 2494 loquente
1026 2436 1073 2478 te
1091 2426 1225 2479 dicet
1247 2442 1265 2479 :
1301 2425 1435 2479 Ecce
1484 2426 1671 2479 adsum
1698 2427 1761 2479 ³⁸.

722 2516 1089 2570 Clamaverunt
1127 2527 1177 2571 et
1213 2517 1317 2570 duo
1355 2516 1579 2573 seniores
1619 2526 1802 2570 contra
1842 2534 1975 2573 eam.
2027 2518 2201 2589 Iniqui

648 2608 795 2662 enim
838 2616 891 2661 et
936 2607 1165 2676 improbi
1212 2623 1322 2663 non
1375 2618 1595 2665 cessant
1628 2610 1865 2664 clamare
1912 2610 2201 2668 adversum

647 2713 769 2764 nos,
809 2706 863 2753 et
903 2699 1123 2755 dicere:
1162 2698 1305 2755 Tolle
1344 2717 1373 2754 e
1408 2709 1570 2768 terra,
1609 2702 1699 2770 qui
1745 2701 1877 2757 tales
1921 2703 2061 2767 sint;
2096 2718 2200 2757 non

642 2793 782 2843 enim
802 2791 942 2843 decet
964 2808 1049 2844 eos
1071 2793 1258 2847 vivere.

712 2880 1031 2953 Evangelico
1083 2899 1246 2939 sensu
1297 2882 1547 2939 Susanna
1593 2885 1920 2950 contempsit
1967 2898 2062 2937 eos
2103 2884 2199 2953 qui

2306 1976 2560 2040 λυθέντας
2606 1977 2695 2030 ὑπ’
2733 1976 2930 2042 αὐτῶν,
2977 1979 3233 2047 ἐμπεσεῖν
3271 1980 3351 2043 είς
3394 1979 3493 2041 τάς
3549 1980 3731 2049 χεῖρας
3771 1976 3881 2029 τοῦ

2308 2065 2461 2122 Θεοῦ.

2372 2159 2480 2214 Καὶ
2510 2156 2798 2224 ἀνεϐόησε
2818 2155 2987 2226 φωνῇ
3004 2156 3257 2226 μεγάλῃ.
3284 2158 3426 2229 Πρὸς
3454 2157 3574 2211 τίνα
3605 2152 3699 2210 οὖν
3731 2158 3877 2211 ἀνε-

2304 2250 2495 2321 ϐόησεν
2548 2251 2580 2320 ἡ
2619 2250 2893 2313 Σωσάννα,
2926 2250 3040 2303 ἀλλ’
3075 2249 3109 2318 ἢ
3145 2249 3279 2321 πρὸς
3312 2248 3475 2315 Θεόν;
3520 2250 3595 2313 ὡς
3637 2250 3877 2310 Ἡσαΐας

2304 2340 2481 2408 λέγει·
2534 2345 2671 2397 Τότε
2708 2341 2984 2410 βοήσεις,
3032 2343 3131 2396 καὶ
3179 2346 3213 2396 ό
3259 2342 3403 2408 Θεὸς
3446 2342 3876 2397 εὶσακοὺσεται

2302 2445 2436 2485 σου·
2459 2435 2549 2487 ἔτι
2577 2434 2915 2502 λαλοῦντός
2935 2447 3072 2492 σου.
3098 2432 3252 2502 ἐρεῖο
3294 2433 3437 2488 Ἰδοὺ
3466 2432 3721 2503 πάρειμι.

2385 2523 2736 2590 Ἀνεϐόησαν
2770 2525 2870 2578 καὶ
2899 2527 2951 2579 ot
2979 2524 3089 2579 δύο
3127 2526 3510 2593 πρεσϐύτεροι
3552 2525 3874 2579 κατέναντι

2296 2612 2507 2681 αὐτῆς.
2559 2616 2621 2667 Ol
2669 2614 2779 2685 γὰρ
2822 2615 3009 2686 ἄνομοι
3052 2616 3113 2668 οὐ
3154 2616 3416 2669 παύονται
3459 2616 3693 2686 βοῶντες
3740 2614 3874 2667 καθ’

2300 2706 2333 2773 ἠ
2344 2704 2478 2773 μῶν,
2528 2707 2620 2759 καὶ
2657 2706 2931 2774 λέγοντες·
2961 2702 3101 2774 Αἶρε
3129 2706 3198 2759 ἐκ
3234 2706 3343 2773 τῆς
3368 2706 3481 2776 γῆς
3505 2707 3644 2771 τοὺς
3671 2706 3872 2759 τοιού-

2300 2811 2463 2859 τους,
2490 2796 2560 2849 οὐ
2588 2794 2699 2865 γὰρ
2721 2794 2988 2863 καθῆκον
3014 2796 3233 2863 αὐτοὺς
3264 2797 3388 2865 ζῇν.

2372 2883 2751 2951 Εὐαγγελικῶς
2772 2888 2804 2956 ἡ
2823 2886 3076 2941 Σωσάννα
3092 2888 3459 2957 κατεφρόνησε
3478 2883 3585 2937 τῶν
3610 2885 3876 2937 ἀποκτει-

643 2974 896 3027 occidunt
941 2990 1138 3043 corpus
1165 2976 1231 3039 ¹¹,
1282 2983 1341 3029 ut
1390 2976 1627 3029 salvaret
1674 2976 1913 3029 animam
1965 2990 2120 3029 suam
2168 2991 2194 3028 a

2297 2975 2495 3028 νόντων
2522 2974 2582 3027 τὸ
2611 2973 2787 3044 σῶμα,
2821 2978 2909 3031 ἵνα
2940 2977 3088 3049 σώσῃ
3120 2978 3217 3048 τὴν
3245 2976 3418 3045 ψυχὴν
3452 2974 3651 3044 ἑαυτῆς
3688 2976 3754 3027 ἐκ
3778 2974 3875 3027 θα-

642 3074 837 3119 morte.
886 3064 1017 3119 Nam
1041 3060 1319 3135 peccatum
1349 3081 1496 3119 mors
1530 3065 1725 3119 anima:
1753 3075 1866 3131 est;
1898 3066 2194 3136 praesertim

2298 3064 2477 3118 νάτου.
2512 3063 2748 3128 Θάνατος
2777 3066 2834 3119 δέ
2861 3067 3058 3139 ψυχῆς,
3105 3069 3137 3139 ἠ
3171 3065 3443 3137 ἁμαρτία,
3479 3065 3773 3135 ἐξαιρέτως
3811 3068 3872 3121 δέ

643 3162 822 3207 autem
853 3156 1105 3209 mmchia.
1137 3155 1274 3219 Quia
1303 3155 1448 3209 enim
1473 3154 1654 3209 anima
1678 3154 1895 3210 Christo
1918 3156 2191 3224 copulata,

2298 3158 2330 3228 ὴ
2377 3156 2605 3227 μοιχεία.
2668 3157 2880 3230 Ἐπειδὴ
2926 3160 3049 3231 γὰρ·
3077 3162 3110 3230 ἡ
3158 3155 3485 3225 συναφθεῖσα
3524 3156 3601 3227 τῷ
3641 3160 3871 3229 Χριστῴ

640 3244 973 3298 discessione
1008 3258 1039 3297 a
1082 3243 1183 3297 ﬁde
1214 3244 1268 3298 in
1309 3260 1597 3313 perennem
1645 3244 1876 3311 traditur
1925 3257 2188 3311 mortem,

639 3348 856 3403 pcenam
886 3334 1089 3389 scilicet
1116 3345 1405 3400 :eternam;
1436 3336 1503 3389 ad
1528 3336 1647 3404 ejus
1678 3336 1752 3388 rei
1780 3335 1959 3399 ﬁdem,
1992 3338 2192 3392 violato

638 3441 854 3495 quoque
886 3429 1244 3496 corporalium
1289 3428 1601 3498 nuptiarum
1649 3428 1853 3484 fmdere
1893 3432 2193 3499 perversis-

552 3528 557 3531 '
636 3529 744 3585 que
776 3516 1048 3584 thalamis,
1080 3519 1165 3573 lex
1194 3535 1411 3589 pinnam
1442 3522 1632 3576 mortis
1662 3521 1877 3576 indixit.

708 3686 772 3741 ιτ.
808 3688 877 3742 25
904 3708 918 3742 :
948 3688 1014 3743 Et
1043 3692 1276 3744 cucurrit
1304 3708 1460 3754 unus,
1496 3702 1546 3746 et
1569 3696 1771 3761 aperuit
1810 3694 1967 3748 ostia.
1990 3692 2192 3764 Nempe

637 3775 801 3829 latam
852 3786 906 3833 et
945 3780 1238 3846 spatiosam
1286 3782 1575 3836 ostendens
1623 3784 1783 3845 viam,
1829 3799 1993 3852 quam
2041 3786 2191 3839 ince-

635 3867 832 3935 dendo,
866 3870 957 3937 qni
988 3870 1093 3925 illis
1126 3886 1329 3925 morem
1362 3883 1575 3942 gerunt,
1604 3883 1849 3942 pereunt.

676 3994 679 3997 »
710 3956 772 4013 ν.
798 3958 868 4013 50
909 3978 921 4013 :
956 3959 1125 4015 Porro
1170 3962 1417 4016 Susanna
1456 3974 1571 4017 erat
1607 3965 1839 4018 delicata
1870 3965 2036 4018 ualde.
2071 3965 2187 4023 Non

632 4043 777 4113 quod
806 4048 1141 4103 meretricios
1176 4051 1329 4106 fucos
1357 4052 1573 4120 corpori
1614 4052 1905 4122 adspersos
1946 4055 2186 4121 haberet,

634 4134 711 4185 nti
767 4135 996 4191 habebat
1033 4136 1265 4205 Iezabel,
1320 4151 1413 4195 aut
1452 4142 1639 4198 oculos
1685 4144 1852 4199 variis
1903 4146 2189 4213 pigmentis

633 4234 960 4290 cerussaqne
988 4239 1052 4277 ac
1087 4226 1255 4279 minio
1299 4227 1526 4292 oblitos;
1562 4230 1657 4284 sed
1689 4231 1813 4283 lidei
1840 4240 1894 4283 et
1920 4233 2188 4287 castitatis

633 4322 697 4361 ac
726 4311 1095 4367 sanctimonia:
1121 4316 1313 4369 decore
1341 4318 1592 4383 pollebat.

706 4395 769 4452 V.
798 4398 865 4451 54
894 4417 907 4451 ;
933 4399 1001 4452 Et
1030 4416 1309 4469 posuerunt
1350 4425 1536 4463 manus
1576 4428 1731 4479 super
1755 4424 1909 4481 caput
1944 4417 2075 4483 ejus.
2119 4414 2187 4470 Ut

631 4488 715 4542 vel
742 4487 861 4556 ejus
886 4498 1159 4556 contactu,
1192 4494 1466 4550 libidinem
1499 4514 1653 4551 snam
1687 4502 2031 4557 exsatiarent.

702 4664 766 4720 ν.
798 4666 867 4722 ’55
890 4686 909 4721 ;
942 4668 1010 4722 At
1051 4669 1149 4722 illa
1196 4673 1374 4740 ﬂebat.
1424 4672 1705 4745 Lacrymis
1737 4680 1882 4731 enim
1918 4690 1970 4733 ct
1996 4680 2122 4735 ﬂetu
2161 4700 2192 4738 e

631 4756 784 4811 caelis
812 4756 1043 4812 Verbum
1068 4761 1297 4824 excibat,
1334 4763 1475 4829 quod
1512 4763 1766 4835 lacrymis
1798 4770 2189 4827 suscitaturnm

632 4854 750 4899 erat
780 4861 1050 4903 mortuum
1096 4847 1361 4904 Lazarum
1392 4852 1451 4903 ¹².

700 4935 766 4991 V'.
802 4940 864 4994 Η
896 4960 908 4995 :
948 4941 1017 4995 Et
1044 4946 1267 4996 credidit
1288 4946 1361 4999 eis
1400 4944 1705 4999 multitudo.
1734 4945 1923 5014 Opera:
1956 4952 2187 5019 pretium

631 5024 790 5093 igitur
808 5020 916 5099 est,
943 5033 1078 5087 utin
1104 5036 1248 5088 omni
1266 5035 1405 5090 ﬁrmi
1432 5038 1668 5105 negotio,
1693 5038 2041 5095 mendacibus
2073 5042 2189 5094 ani-

631 5137 779 5174 mum
810 5140 917 5179 non
942 5126 1322 5193 attendamus;
1361 5145 1460 5183 nec
1485 5130 1644 5184 facile
1660 5130 1908 5198 judicum
1938 5134 2186 5199 personis

629 5221 689 5264 ut
731 5212 1100 5285 obsequamur
1130 5219 1325 5272 adduci
1367 5235 1479 5274 non
1508 5222 1775 5288 sinamus,
1812 5224 1905 5291 qui
1938 5239 2035 5277 nos
2079 5224 2184 5277 Deo

626 5300 894 5356 rationem
935 5308 1241 5364 reddituros
1277 5325 1397 5365 esse
1419 5326 1527 5365 non
1562 5314 1868 5367 nesciamus
1912 5330 1924 5365 :
1968 5314 2061 5367 sed
2100 5328 2182 5367 sc-

628 5389 827 5445 etando
868 5393 1164 5461 veritatem,
1196 5409 1509 5455 accuratam
1542 5402 1662 5457 ﬁdei
1696 5404 1963 5458 rationem
2005 5404 2183 5471 inqui-

628 5482 816 5546 rendo,
847 5480 956 5537 Deo
983 5489 1183 5554 accepti
1210 5492 1433 5546 erimus.

702 5573 767 5627 V.
802 5572 873 5626 44
898 5590 913 5626 :
940 5570 1010 5624 Et
1032 5579 1293 5630 exaudiuit
1322 5581 1461 5635 Deus
1499 5567 1669 5638 vocem
1707 5590 1838 5654 ejus.
1870 5589 2191 5658 Quicunque

628 5665 769 5720 enim
818 5664 1074 5719 invocant
1116 5662 1239 5720 eum
1284 5684 1349 5724 ex
1402 5677 1565 5729 corde
1615 5692 1771 5746 puro,
1825 5681 1923 5735 hos
1968 5684 2189 5736 exaudit

700 5777 745 5809 ⁶⁹
770 5776 875 5835 lsa.
911 5794 985 5848 ιι,
1017 5779 1068 5836 9.
1148 5780 1189 5813 ¹⁸
1212 5779 1411 5854 Matth.
1456 5806 1507 5855 ς,
1536 5790 1622 5847 28.
1710 5798 1748 5826 ”
1781 5796 1934 5853 Joan.
1983 5815 2057 5868 xl,
2093 5799 2179 5854 55.

2295 3241 2461 3312 ψυχὴ,
2506 3244 2784 3299 ἀποστᾶσα
2813 3248 2911 3318 τῆς
2942 3248 3176 3309 πίστεως
3205 3246 3284 3309 είς
3314 3244 3407 3297 τὸν
3438 3246 3657 3317 διηνεκῆ
3684 3266 3869 3317 παρα-

2298 3330 2572 3399 πέμπεται
2605 3334 2850 3399 θάνατον,
2874 3338 2970 3406 τὴν
2995 3336 3209 3389 αἰώνιον
3243 3336 3459 3390 κόλασιν
3479 3355 3493 3369 ·
3520 3338 3655 3408 πρὸς
3678 3339 3873 3390 πίστιν

2296 3416 2503 3482 τούτου,
2540 3424 2633 3475 καὶ
2663 3425 2755 3477 ἐπὶ
2785 3424 2893 3477 τῶν
2938 3424 3263 3494 σωματικῶν
3290 3426 3481 3496 γάμων
3522 3427 3871 3497 παραλυομέ-

2296 3524 2401 3560 νων
2428 3512 2521 3564 καὶ
2548 3512 2991 3584 διορυττομένων,
3020 3513 3244 3569 θάνατον
3270 3516 3466 3589 ὥρισεν
3496 3518 3523 3570 ὁ
3550 3518 3714 3581 νόμος
3742 3521 3869 3570 ἐπι-

2295 3598 2492 3669 τίμιον.

2366 3690 2475 3743 Καὶ
2512 3690 2747 3758 δραμὼν
2778 3693 2811 3746 ὀ
2841 3685 2951 3757 εἷς,
2983 3691 3189 3760 ἤνοιξε
3216 3695 3321 3760 τὰς
3348 3695 3546 3762 θύρας.
3580 3693 3693 3760 Τὴν
3725 3692 3870 3744 πλα-

2295 3788 2443 3837 τεῖαν
2476 3782 2569 3835 καὶ
2597 3781 2905 3853 εὐρύχωρον
2925 3783 3043 3837 ὁδὸν
3070 3785 3440 3851 ἐπιδεικνύων,
3472 3785 3539 3839 δι’
3568 3778 3635 3853 ἧς
3665 3784 3716 3837 οἱ
3740 3786 3871 3837 τού-

2298 3893 2410 3938 τοις
2438 3873 2747 3943 πειθόμενοι
2780 3872 3123 3928 ἀπόλλυνται.
3453 3908 3457 3912 ~

2376 3966 2437 4017 Ἠ
2472 3962 2537 4015 δὲ
2565 3961 2853 4017 Σωσάννα
2876 3960 2956 4034 ἦν
2988 3964 3243 4034 τρυφερὰ
3264 3962 3514 4033 σφόδρα.
3549 3963 3623 4016 Οὐ
3663 3964 3865 4029 κάλλος

2295 4058 2422 4127 περ)¹
2457 4054 2613 4125 σῶμα
2646 4054 2917 4126 πορνικὸν,
2945 4056 3003 4110 ὃν
3032 4058 3231 4129 τρόπον
3258 4055 3561 4128 περιέκειτο
3580 4059 3645 4127 τῇ
3688 4056 3863 4120 Ἰεζά-

2295 4150 2409 4211 ϐελ,
2442 4146 2562 4199 οὐδὲ
2593 4146 2711 4215 δψις
2744 4148 3006 4212 ποικίλοις
3037 4147 3288 4219 χρώμασι
3318 4146 3684 4216 πεφυκωμένη
3704 4163 3717 4173 ·
3738 4147 3862 4199 ἀλλ’

2294 4238 2406 4310 εἶχε
2453 4238 2647 4301 κάλλος
2692 4239 2926 4303 πίστεως
2969 4242 3061 4294 κα)¹
3109 4236 3457 4309 σωφροσύνης
3510 4240 3605 4291 καὶ
3656 4239 3861 4305 ἁγιασ-

2296 4353 2418 4404 μου.

2366 4427 2626 4491 Ἕθηκαν
2677 4424 2784 4490 τὰς
2828 4425 3029 4493 χεῖρας
3074 4422 3173 4476 ἐπὶ
3196 4422 3308 4490 τῆς
3347 4424 3614 4492 κεφαλῆς
3641 4421 3855 4488 αὐτῆς.

2218 4548 2261 4602 D
2295 4516 2409 4567 Ἵνα
2442 4516 2545 4569 κάν
2572 4518 2631 4568 ἐν
2668 4516 2745 4585 τῷ
2770 4517 3010 4585 ἅψασθαι
3041 4507 3228 4583 αὐτῆς,
3259 4514 3358 4583 τῆς
3388 4515 3525 4579 ἰδίας
3560 4513 3859 4581 ἐπιθυμίας

2288 4606 2380 4659 τὸν
2415 4608 2574 4678 κόρον
2601 4606 2879 4659 τελέσωσι.

2373 4700 2432 4752 Ἠ
2464 4698 2532 4751 δὲ
2556 4695 2635 4767 ἦν
2660 4700 2975 4752 κλαίουσα.
3008 4695 3105 4747 Διά
3134 4694 3239 4767 γὰρ
3268 4696 3374 4749 τῶν
3402 4694 3649 4766 δακρύων
3675 4695 3859 4761 ἐφείλ-

2290 4805 2413 4841 κετο
2458 4789 2547 4841 τὸν
2577 4790 2673 4841 ἀπ’
2712 4786 2953 4857 οὐρανῶν
2991 4786 3182 4854 Λόγον,
3215 4788 3305 4840 τὸν
3336 4788 3593 4857 μέλλοντα
3636 4785 3723 4839 διὰ
3762 4788 3853 4841 δα-

2292 4876 2469 4945 κρύων
2501 4878 2730 4947 ἐγείρειν
2759 4878 2849 4929 τὸν
2882 4874 3128 4945 Λάζαρον
3158 4878 3467 4947 τεθνηκότα.

2357 4968 2467 5021 Καὶ
2514 4969 2873 5023 ἐπίστευσεν
2916 4969 3117 5035 αὐτοῖς
3157 4970 3195 5037 ἠ
3240 4951 3575 5035 συναγωγή.
3615 4968 3707 5019 Δεῖ
3754 4966 3853 5024 οὐν

2289 5060 2451 5129 ἡμᾶς,
2476 5061 2534 5112 ἐν
2566 5063 2728 5114 παντὶ
2769 5060 3051 5131 πράγματι
3088 5060 3329 5132 ἑδραίους
3376 5057 3726 5125 γενομένους,
3772 5062 3849 5132 μὴ

2285 5156 2397 5213 τοῖς
2439 5150 2688 5220 ψευδέσιν
2717 5151 3020 5222 προσέχειν,
3056 5153 3186 5223 μηδὲ
3224 5146 3531 5219 προσώποις
3570 5150 3850 5219 ἀρχόντων

2287 5243 2519 5306 εὐκόλως
2559 5241 3063 5314 συναρπαζομένους
3114 5241 3413 5301 πείθεσθαι,
3445 5238 3845 5307 γινώσκοντας,

2283 5330 2361 5383 ὅτι
2394 5331 2567 5399 λόγονΔ
2592 5332 2785 5402 ἔχομεν
2830 5333 3011 5388 δοῦναι
3056 5334 3134 5403 τῷ
3172 5329 3316 5398 Θεῷ·
3348 5328 3484 5380 ἀλλά
3511 5333 3576 5400 τῇ
3612 5331 3847 5401 ἀληθείᾳ

2287 5423 2638 5491 ποιχοῦντες,
2674 5425 2768 5476 καὶ
2798 5426 2858 5478 τὸ
2891 5426 3115 5495 ἀκριδὲς
3137 5422 3235 5491 τῆς
3258 5420 3491 5483 πίστεως
3521 5422 3845 5493 ἐπιζητῶν-

2283 5526 2391 5571 τες.
2421 5516 2698 5583 εὐάρεστοι
2730 5516 2962 5585 ἐσόμεθα
2987 5516 3063 5583 τῷ
3087 5512 3223 5581 Θεῷ.

2350 5606 2453 5655 Καὶ
2480 5605 2841 5669 εὶσιὶκουσεν
2870 5610 2901 5659 ό
2928 5604 3069 5668 Θεὸς
3087 5600 3191 5665 τῆς
3218 5601 3416 5669 φωνῆς
3435 5604 3638 5671 αὐτῆς.
3683 5605 3844 5657 Ὅσοι

2281 5691 2385 5760 γὰρ
2417 5695 2794 5749 ἐπικαλοῦνται
2827 5696 2985 5748 αὐτὸν
3039 5695 3101 5746 ἐκ
3129 5693 3371 5764 καθαρᾶς
3415 5698 3661 5765 καρδίας,
3714 5696 3843 5752 τοὺ-
