4098 6362
724 410 827 467 7θό

1556 372 1561 375 Δ
1600 418 1657 470 S.
1694 418 2049 473 HIPPOLY‘TI
2087 418 2233 472 OPP.
2270 417 2447 472 PARS
2481 418 2521 472 l.
2555 450 2622 460 —-
2660 421 3057 477 EXEGETICA.

3834 429 3932 508 τρι

716 534 975 601 explicuit
1004 536 1077 591 eif
1118 535 1382 604 prof-mila
1428 537 1547 605 ejus
1592 541 1844 609 mysteria
1887 549 1940 593 et
1982 542 2276 594 obscurita-
2305 544 2349 598 A
2450 539 2801 611 Tradiditque
2856 543 3004 597 illam
3032 542 3271 597 Cliizllicl
3294 544 3551 613 propheta
3584 544 3776 601 lloseaa
3806 563 3935 617 pro-

714 627 831 686 les;
866 626 1222 693 exposuitque
1252 641 1331 679 ea.
1370 641 1481 695 quae
1503 638 1660 681 erant
1682 631 1869 684 minus
1898 629 2099 695 facilia,
2129 642 2288 700 prout
2387 633 2579 701 plietze,
2610 634 2720 687 ﬁlio
2745 634 2891 688 Bazi.
3006 664 3009 667 <

708 710 859 771 Deus
888 714 990 781 ipsi
1020 715 1299 783 permisit;
1324 724 1399 771 .et
1431 716 1628 773 celant
1654 734 1746 774 eos
1779 722 1867 774 illa
1900 721 2029 790 legis
2061 736 2281 777 arcana,

710 814 872 869 prout
902 806 1177 873 prohibuit
1201 806 1352 861 illum
1389 806 1549 863 Deus.
1580 808 1764 879 Neque
1795 815 2004 867 exstitit
2040 814 2177 869 inter
2215 816 2282 869 ii-

711 892 814 957 ios,
845 897 939 962 qui
974 898 1198 965 peritior
1219 910 1366 956 esset
1390 902 1443 955 in
1463 903 1683 971 judiciis
1714 914 1770 959 et
1809 907 2041 962 decretis
2077 907 2195 976 ejus
2227 917 2282 964 et

710 984 896 1041 abdita
949 989 1207 1056 doctrina:
1256 992 1376 1060 ejus
1427 1008 1582 1049 sensa
1630 995 1847 1065 planius
1889 998 2276 1067 inipertiretur,

708 1072 881 1129 donec
912 1079 1229 1135 transferret
1254 1082 1405 1135 illum
1433 1074 1668 1139 Deus‘ad
1705 1101 1785 1150 se,
1818 1100 2102 1159 postquam
2148 1106 2273 1146 eum

706 1165 1002 1234 pel-fectum
1049 1172 1356 1227 reddiderat
1392 1174 1447 1231 in
1485 1177 1701 1233 deserto
1730 1192 1829 1248 per
1860 1188 2001 1236 totos
2035 1183 2273 1251 quadra-

706 1258 852 1325 ginta
879 1274 1070 1315 annos.

776 1346 953 1416 Atque
978 1351 1096 1404 haec
1126 1359 1253 1405 sunt
1282 1352 1503 1432 nomina
1529 1355 1814 1415 doctorum
1842 1361 1932 1432 (ab
1956 1361 2121 1420 Hebr.
2146 1365 2266 1429 ’πη

705 1435 910 1505 socius)
936 1440 1030 1507 qui
1060 1443 1320 1497 continua
1352 1428 1697 1502 successione
1727 1451 2062 1507 tradiderunt
2090 1453 2261 1523 legem

702 1538 825 1597 post
849 1528 1049 1583 Mosem
1080 1534 1392 1601 prophetam
1426 1552 1597 1606 usque
1622 1539 1689 1615 ad
1712 1541 1999 1598 adventum
2026 1545 2255 1603 Messize.

664 1662 667 1663 ν
770 1617 920 1683 Scito
952 1621 1211 1690 itaque,o
1236 1624 1421 1692 frater,
1458 1626 1760 1686 benefaciat
1793 1632 1888 1687 tibi
1917 1633 2077 1699 Deus,
2112 1639 2257 1705 quod

701 1704 843 1762 Deus
874 1711 1283 1780 tradiditlegem
1313 1719 1818 1784 praestantissimam
1841 1724 1899 1779 in
1922 1704 2258 1784 mauusiilo-

700 1796 779 1850 sis
803 1800 1097 1866 prophetae,
1120 1802 1214 1856 ﬁlii
1241 1803 1467 1876 Amran.
1576 1878 1579 1880 _
1816 1860 1817 1863 η

769 1881 1117 1957 Tradiditque
1148 1892 1290 1945 illam
1320 1892 1495 1949 Moses
1525 1882 1862 1963 Josuaaﬂiiio
1888 1898 2032 1957 Non.

769 1972 1118 2048 Tradiditqlle
1155 1981 1493 2041 iiiamJosua
1520 1988 1666 2045 illius
1688 1988 1809 2067 Nun
1832 1990 1910 2062 τῷ
1938 1992 2189 2051 Annibal.

765 2065 1115 2141 Tradiditque
1140 2075 1285 2129 illam
1313 2078 1541 2133 Anatllal
1567 2081 1644 2153 τῷ
1671 2080 1870 2141 Jcliud.

762 2156 1112 2233 Tradiditque
1138 2165 1283 2221 illam
1308 2167 1483 2227 Jehud
1502 2172 1582 2243 τῷ
1606 2174 1850 2246 Samgar.

761 2248 1114 2323 Tradiditque
1139 2257 1283 2312 illam
1313 2260 1541 2330 Samgar
1562 2264 1640 2334 τῷ
1668 2266 1867 2325 Baruk.

760 2339 1112 2413 Tradiditque
1135 2349 1280 2402 illam
1310 2349 1487 2407 Barult
1511 2354 1587 2425 τῷ
1607 2357 1832 2413 Gideon.

708 2493 710 2495 j
758 2428 1108 2503 Tradiditque
1133 2436 1276 2499 illam
1301 2440 1504 2497 Gideon
1526 2446 1603 2515 τῷ
1624 2449 1956 2507 Abimelech.

760 2518 1111 2594 Tradiditque
1134 2528 1277 2583 illam
1300 2532 1609 2591 Ahimeiecii
1634 2539 1711 2609 τῷ
1736 2539 1919 2612 Taleg.
2093 2615 2096 2619 ν

756 2607 1107 2682 Tradiditque
1128 2617 1273 2670 illam
1300 2618 1463 2691 Taleg
1484 2624 1562 2694 τῷ
1585 2625 1624 2677 B
1643 2607 1750 2681 lliin
1774 2607 2072 2689 Gilaaditae.

755 2697 1106 2773 Tradiditque
1130 2708 1274 2763 illam
1303 2709 1470 2767 Babin
1496 2715 1572 2786 τῷ
1592 2716 1863 2787 Jiphtach.

752 2787 1105 2864 Tradiditque
1128 2798 1273 2853 illam
1302 2800 1553 2871 Jiplltach
1575 2808 1653 2879 τῷ
1676 2808 1915 2878 Epilran.

677 2879 1101 3029 “irradiditque
1140 2889 1287 2948 illam
1316 2892 1548 2967 .Ephran
1586 2872 1662 2971 rip
1698 2872 1820 2958 Elui
1860 2918 1929 2960 ex
1963 2907 2104 2964 tribu
2135 2872 2253 2966 Ze-i

772 2990 860 3029 on.
1561 3026 1566 3029 μ

772 2990 860 3033 ου.

750 3064 1098 3141 Tradiditque
1126 3073 1271 3129 illam
1292 3074 1420 3143 Elui
1447 3077 1524 3149 τῷ
1546 3079 1759 3137 Abdan.

747 3153 1095 3227 Tradiditque
1120 3161 1263 3215 illam
1285 3162 1473 3219 Abdan
1499 3167 1575 3237 τῷ
1599 3168 1889 3228 Shimshon
1919 3173 2059 3231 forti.

2458 718 2806 791 Tradiditque
2837 722 2984 776 illam
3008 718 3182 776 Hosea
3209 720 3361 776 Joieli
3396 725 3687 799 propheta.

2455 811 2804 882 'i‘radiditque
2825 814 2970 868 illam
2996 813 3129 869 Joici
3152 814 3229 883 τῷ
3254 816 3420 869 Amos
3449 817 3761 887 propheta:

2452 899 2798 972 Tradiditque
2822 903 2967 957 illam
2992 903 3155 959 Amos
3178 903 3413 959 Ohadite.

2451 988 2804 1063 Tradiditque
2829 993 2973 1047 illam
2995 990 3196 1048 Obadia
3218 994 3295 1064 τῷ
3314 992 3487 1048 Jonan
3504 995 3795 1063 propheta’,
3823 992 3932 1047 ﬁlio

2375 1076 2574 1148 liathi,
2610 1083 2705 1138 filii
2738 1084 2832 1137 τοῦ
2861 1085 3147 1152 Armelah,
3174 1086 3267 1154 qui
3305 1084 3408 1141 fuit
3442 1085 3608 1141 frater
3634 1084 3761 1140 Elim
3796 1100 3927 1154 pro-

2370 1170 2563 1238 piietae.

2444 1260 2795 1332 Tradiditque
2807 1263 2950 1317 illam
2966 1261 3139 1319 Jonan
3151 1262 3351 1333 illicita:
3364 1264 3806 1333 Morashitaniue,
3838 1267 3943 1336 qui

2443 1354 2688 1409 Tradidit
2718 1356 2861 1410 illam
2882 1340 2960 1424 τῷ
2981 1353 3226 1410 Nachum
3249 1356 3560 1412 Alkousiiae.

2442 1443 2796 1515 Tradiditque
2841 1444 2991 1499 illam
3038 1443 3285 1501 Nachum
3329 1445 3410 1517 τῷ
3459 1444 3757 1503 Chabakuk
3796 1463 3925 1518 pro-

2364 1531 2565 1600 pheta.

2428 1614 2785 1696 Tradiditque
2812 1625 2961 1680 illam
2984 1624 3281 1681 Chabakuk
3311 1624 3598 1705 Sophonize
3622 1628 3918 1697 prophetae.

2428 1711 2781 1785 Tradiditque
2823 1716 2969 1771 illam
3005 1715 3282 1786 Sophonia
3320 1718 3585 1789 Cllaggazo
3622 1718 3919 1792 propheta.

2431 1802 2786 1875 Tradiditque
2821 1806 2969 1861 illam
2999 1798 3301 1880 Chaggieus
3332 1806 3606 1864 Zeehariae
3643 1807 3920 1878 propheta:

2270 1876 2333 1935 Β
2359 1893 2469 1948 lilio
2492 1894 2747 1951 Bershiaa.

2430 1980 2785 2056 Tradiditque
2817 1985 2964 2041 illam
2990 1985 3248 2042 Zecharia
3272 1985 3551 2042 Malachia:
3572 1987 3857 2065 captivus.

2425 2074 2781 2146 Tradiditque
2812 2078 2959 2132 illam
2993 2075 3253 2148 Malacbia
3275 2075 3426 2131 Ezrae
3451 2076 3683 2131 doctori.

2419 2166 2493 2237 (6)
2529 2166 2875 2238 Tradiditque
2898 2169 3043 2222 illam
3065 2167 3201 2223 Ezra
3224 2167 3301 2239 τῷ
3323 2168 3544 2223 Shamai
3568 2167 3799 2224 antistiti
3817 2169 3844 2223 Υ
3861 2179 3914 2225 et

2348 2254 2519 2312 Jadua
2548 2256 2625 2328 τῷ
2655 2257 3163 2324 δειωεθη,,8ειωθ³η
3194 2259 3413 2316 tradidit
3444 2259 3585 2313 illam
3616 2261 3905 2331 Antigono.

2420 2347 2773 2418 Tradiditque
2796 2349 2940 2403 illam
2964 2349 3266 2421 Antigonus
3288 2352 3525 2425 Josepho
3549 2352 3661 2408 ﬁlio
3680 2350 3911 2409 Jobele-

2346 2438 2423 2493 ris
2448 2440 2543 2508 (et)
2575 2438 2809 2509 Josepiio
2838 2441 2947 2495 ﬁlio
2974 2440 3320 2511 Gjucllanan.

2418 2529 2769 2601 Tradidilque
2794 2534 2936 2587 illam
2963 2533 3158 2604 Josepil
3184 2534 3432 2592 Jehosuai
3463 2536 3573 2597 ﬁlio
3604 2535 3901 2615 Barachial.

2414 2618 2769 2692 Tradiditque
2792 2624 2935 2679 illam
2964 2623 3199 2681 Jehosua
3235 2625 3466 2706 Nathani
3489 2628 3762 2684 Arbelite.
3864 2642 3873 2653 '

2413 2709 2766 2785 Tradiditque
2795 2715 2942 2770 illam
2968 2714 3178 2773 Nathan
3208 2716 3509 2784 Shimeoni,
3548 2720 3756 2777 seniori
3786 2718 3904 2776 ﬁlio

2343 2796 2599 2856 Shetach.

2412 2891 2530 2959 Ipse
2544 2878 2667 2973 est,"
2683 2876 2776 2963 qui
2806 2895 3041 2967 portavit
3063 2895 3320 2953 Messiam’
3343 2896 3402 2975 in.
3423 2896 3569 2956 ulnis
3595 2900 3737 2958 suis.
3787 2977 3794 2984 ι

2410 2966 2630 3037 Sinleon
2658 2964 2883 3041 tradidit
2909 2985 3053 3039 illam
3082 2984 3323 3042 Jeiludze.

2404 3067 2612 3126 Jehuda
2641 3074 2861 3135 tradidit
2889 3074 3033 3127 illam
3061 3073 3335 3131 Zecharire
3359 3075 3647 3133 sacerdoti.

2259 3198 2304 3258 ο
2378 3205 2382 3209 ,
2409 3156 2761 3230 Tradiditque
2789 3163 2935 3218 illam
2964 3163 3218 3219 Zecllaria
3255 3168 3529 3236 sacerdos,
3554 3178 3711 3239 pater
3728 3160 3898 3229 Joan-

746 3243 1095 3318 Tradiditque
1138 3250 1283 3311 illam
1325 3252 1621 3334 Sliimshon
1667 3260 1745 3331 τῷ
1790 3262 2099 3333 [ignauam
2121 3269 2233 3327 ωίο
2261 3243 2304 3258 “”
2335 3249 2423 3304 nis
2446 3250 2717 3321 Baptistae,
2743 3253 2977 3325 Josepbo
3009 3255 3214 3311 doctori
3244 3271 3310 3311 ex
3341 3259 3483 3313 tribu
3521 3275 3643 3316 sua.

670 3331 981 3404 Jerachmu,
1017 3340 1127 3395 tilio
1151 3339 1347 3397 Jehud.
1372 3344 1465 3400 ille
1490 3331 1669 3402 entiam
1700 3350 1801 3407 fuit
1828 3366 1979 3424 pater
2005 3331 2234 3417 Samue-

671 3419 738 3475 iis
765 3426 1057 3494 prophette.
1090 3428 1165 3485 De
1194 3446 1305 3502 quo
1333 3430 1574 3491 Heikana
1592 3441 1796 3496 mentio
1817 3419 1901 3501 est
1928 3448 2083 3507 initio
2104 3452 2229 3510 libri

669 3508 874 3581 Regum
907 3520 1086 3588 primi.
1101 3572 1115 3586 ,
1444 3564 1453 3571 ‹

738 3605 1089 3681 Tralliditque
1118 3615 1263 3671 illam
1299 3616 1541 3676 Helkana
1572 3620 1649 3693 τῷ
1674 3622 1757 3679 Eli
1794 3631 2085 3690 sacerdoti.

734 3694 1084 3786 Iradeitque
1114 3704 1259 3760 illam
1290 3708 1370 3762 Eli
1400 3709 1637 3767 Samueli
1668 3717 1965 3786 prophetae.

734 3783 1082 3879 Iradiditque
1112 3793 1256 3849 illam
1289 3797 1507 3856 Samuel
1534 3783 1786 3860 Nathani
1808 3812 2103 3879 prophetae.

737 3871 1253 3947 Tradiditque'iilam
1277 3884 1487 3945 Nathan
1514 3893 1591 3964 τῷ
1616 3895 1726 3949 Gad
1762 3871 2058 3968 prophetat.

648 4007 650 4010 .
734 3963 1079 4039 Tradiditque
1101 3972 1247 4028 illam
1271 3974 1384 4032 Gad
1412 3963 1674 4053 prapheta
1699 3963 1973 4047 Shemaia:
2010 3994 2218 4053 doctori

660 4058 875 4131 (socio).

731 4150 1075 4241 :l'radiditque
1104 4158 1247 4213 illam
1280 4160 1531 4221 Shemaia
1563 4167 1640 4241 τῷ
1658 4168 1787 4230 Iddo
1809 4175 2037 4234 doctori.

726 4238 1073 4317 Tl'adiditque
1102 4251 1247 4306 illam
1276 4252 1403 4311 lddo
1426 4238 1629 4318 Achite.

727 4328 1073 4404 Tradiditque
1103 4340 1249 4395 illam
1280 4345 1446 4401 Achia
1472 4349 1549 4420 τῷ
1572 4352 1771 4411 Abihu.

724 4417 1074 4514 Iradiditque
1101 4429 1244 4483 illam
1272 4434 1449 4491 Abihu
1476 4417 1604 4494 tiliae
1628 4447 1925 4514 prophetae.

722 4508 1072 4593 Tradiditque
1098 4520 1242 4575 illam
1269 4522 1384 4579 Elia
1409 4508 1677 4599 discipulo
1701 4508 1801 4591 suo
1832 4541 2041 4599 Elisaeo.

720 4602 1237 4678 Tradiditqueillam
1268 4614 1491 4672 Elisaaus
1516 4621 1792 4680 Maiacllia:
1817 4638 2111 4703 pr0phetze.

718 4693 1068 4770 Tradiditque
1095 4703 1240 4757 illam
1277 4702 1538 4763 Malacllia
1568 4712 1646 4783 τῷ
1674 4693 1944 4775 Αὺάίξιιιυζ

716 4787 1067 4863 Tradiditque
1092 4795 1236 4851 illam
1266 4798 1512 4854 Abdiallu
1542 4804 1619 4874 τῷ
1639 4804 1868 4867 Jeliuda.

713 4880 1065 4956 Tradiditque
1094 4889 1236 4947 illam
1262 4893 1469 4954 Jehuda
1499 4900 1777 4956 Zachariae
1804 4904 2031 4962 doctori.

709 4972 767 5027 in
798 4974 988 5031 diebus
1021 4979 1127 5035 illis
1152 4987 1297 5039 venit
1335 4988 1727 5058 Bacilthansar,
1768 5011 1863 5049 rex
1898 4997 2096 5064 Babei,
2141 5013 2194 5059 et

637 5067 870 5120 vastavit
892 5069 1112 5125 domum
1143 5081 1459 5146 sanctuarii,
1489 5094 1541 5135 et
1566 5084 1620 5138 in
1650 5088 2011 5155 captivitatem
2040 5092 2193 5146 duxit

639 5153 776 5211 ﬁlios
800 5160 1019 5214 israelis
1040 5162 1092 5215 in
1120 5161 1302 5219 Babei.
1324 5166 1388 5220 Et
1412 5183 1529 5237 post
1549 5153 1909 5245 captivitatem
1936 5180 2121 5246 Babel,

708 5246 947 5326 Tradidit
982 5252 1127 5307 illam
1173 5252 1428 5312 Zecharia
1457 5261 1645 5319 doctor
1682 5265 1858 5323 Esaiae
1896 5272 2190 5343 prophetas,

636 5336 747 5390 filio
769 5340 951 5397 Amos.
1896 5336 1917 5342 —
1994 5336 2007 5397 ί

705 5426 1052 5504 Tradiditque
1079 5439 1223 5493 illam
1260 5439 1417 5495 Esaia
1446 5440 1689 5502 Ieremia:
1713 5453 2009 5521 propheta}.

703 5516 1051 5593 T"adiditque
1078 5530 1222 5586 illam
1246 5531 1477 5588 Jerenlia
1506 5516 1763 5605 propheta
1788 5516 2065 5599 Ciliakieii.

2404 3340 2925 3416 Tradiditqueillam
2948 3349 3146 3420 Ioseph
3175 3352 3385 3408 Hanani
3415 3356 3468 3408 et
3496 3352 3770 3424 Caiaphai.
3806 3353 3893 3408 Ab

2329 3432 2450 3491 istis
2478 3445 2657 3492 autem
2685 3439 2925 3499 ablatum
2951 3455 3037 3501 εει
3058 3445 3447 3524 sacerdotium,
3475 3455 3530 3505 et
3556 3460 3811 3515 regnum.
3837 3440 3894 3500 α

2326 3531 2625 3599 prophetia.

2390 3624 2483 3680 isti
2513 3626 2734 3685 fuerunt
2770 3630 3022 3687 doctores
3053 3646 3228 3705 usque
3246 3632 3313 3687 ad
3335 3632 3630 3690 adventum
3650 3631 3886 3703 leuia;

2238 3761 2242 3765 .
2321 3718 2484 3772 ambo
2516 3729 2672 3774 erant
2703 3722 3009 3777 sacerdotes
3038 3722 3271 3777 ﬁliorum
3295 3721 3528 3781 lsraeiis.

2393 3809 2517 3864 Fuit
2548 3812 2731 3882 itaque
2771 3829 2981 3868 summa
3016 3815 3320 3871 antistitum
3352 3820 3738 3874 venerabilium
3777 3820 3885 3875 ho-

2320 3901 2649 3957 norabiiium
2680 3905 2814 3960 ﬁdes
2846 3906 2913 3959 de
2945 3905 3046 3961 hac
3082 3906 3199 3977 iege
3230 3912 3677 3978 praestantissima
3711 3912 3880 3979 quin-

2319 3990 2579 4059 quaginta
2607 4010 2702 4050 sex
2740 3996 3077 4053 sacerdotum
3096 4040 3111 4065 ,
3138 4001 3375 4070 exceptis
3408 4000 3599 4057 Hanan
3624 4010 3679 4057 et
3707 4000 3879 4057 Caia-

2314 4080 2439 4150 pila.
2732 4104 2735 4105 ν
2763 4118 2767 4121 -
3736 4090 3739 4091 ν

2380 4174 2528 4244 lique
2555 4185 2682 4231 sunt
2705 4177 2795 4247 qui
2835 4178 2982 4235 illam
3012 4183 3352 4240 tradiderunt
3371 4184 3424 4239 in
3455 4184 3659 4241 ultimis
3678 4186 3876 4244 diebus

2310 4266 2620 4335 reipublicae
2651 4267 2883 4325 ﬁliorum
2906 4273 3139 4342 israelis,
3161 4291 3336 4347 neque
3361 4277 3592 4347 amplius
3612 4281 3875 4337 exstitere

2309 4359 2615 4413 sacerdotes
2640 4369 2759 4428 post
2784 4364 2940 4418 istos.

2278 4494 2281 4497 ,
2379 4447 2503 4504 Ητεο
2525 4460 2606 4504 est
2629 4452 2852 4507 historia
2872 4469 3082 4523 eorum,
3106 4469 3227 4526 qua
3253 4456 3593 4540 contigerunt
3619 4462 3763 4519 circa
3786 4465 3873 4522 le-

2234 4536 2280 4593 D
2305 4556 2422 4611 gem
2455 4543 2971 4607 prmstantissimam.
3010 4552 3013 4555 ’

2376 4633 2517 4688 Dixit
2569 4633 2821 4701 Armius,
2875 4645 3062 4689 auctor
3101 4635 3225 4690 libri
3269 4635 3645 4710 Temporum:
3696 4644 3866 4700 Anno

2300 4725 2511 4780 decimo
2550 4741 2695 4781 nono
2729 4729 2880 4797 regni
2914 4727 3185 4780 Ptolemaei
3229 4732 3391 4799 regis,
3429 4733 3597 4801 jussit
3627 4744 3685 4789 ut
3724 4752 3866 4791 con-

2299 4826 2651 4886 gregarentur
2694 4819 2935 4872 seniores
2968 4817 3203 4871 ﬁliorum
3250 4817 3496 4891 Israelis,
3535 4837 3595 4880 ut
3640 4829 3741 4882 sibi
3801 4832 3860 4885 in

2297 4923 2492 4962 manus
2526 4915 2917 4976 praesentarent
2948 4907 3143 4961 librum
3172 4908 3326 4981 legis,
3355 4924 3409 4969 et
3440 4924 3500 4969 ut
3531 4918 3724 4988 singuli
3752 4935 3858 4975 eo-

2298 4981 2417 5052 rum
2443 5009 2642 5068 praesto
2664 5009 2845 5055 essent
2873 4999 2941 5052 ad
2968 5000 3331 5068 expianandos
3360 5022 3550 5064 sensus
3570 5006 3709 5080 ejus.

2367 5091 2668 5167 Astiterunt
2699 5093 2879 5160 itaque
2906 5092 3166 5159 seniores,
3195 5111 3377 5151 secum
3397 5099 3652 5157 habentes
3675 5104 3853 5175 legem

2294 5162 2815 5247 praestantissimam.
2844 5179 2995 5235 Tunc
3029 5182 3195 5250 jussit
3242 5194 3301 5239 ut
3349 5193 3714 5263 unusquisque
3748 5210 3855 5249 eo—

2292 5288 2412 5324 rum
2443 5273 2887 5342 interpretaretur
2916 5272 3018 5327 sibi
3045 5275 3238 5329 librum
3268 5274 3423 5346 legis.

2360 5366 2427 5418 At
2476 5368 2563 5437 ille
2602 5366 2935 5437 repugnabat
2968 5366 3335 5435 (dissentiebat
3374 5370 3441 5425 ab
3482 5374 3847 5443 erpositlone)

2292 5460 2637 5524 expositioni.
2668 5475 2832 5528 quam
2864 5461 3245 5515 transtulerant
3276 5465 3533 5525 seniores.
3576 5468 3639 5523 Et
3669 5471 3849 5538 jussit

2261 5586 2266 5591 .
2287 5551 2527 5603 seniores
2548 5551 2757 5607 detrudi
2784 5551 2838 5604 in
2863 5566 3107 5607 carceres
3128 5563 3180 5609 et
3208 5555 3438 5615 vincula.

673 5739 779 5805 H6)
810 5739 1010 5802 Confer
1030 5752 1284 5815 Tsemach
1320 5759 1480 5817 David
1502 5805 1517 5827 ,
1547 5774 1597 5821 et
1626 5734 1875 5827 Matinion.
1914 5774 2122 5833 Pl-miat.
2169 5778 2231 5833 ad
2266 5778 2427 5834 Sedcr
2459 5776 2663 5835 Zerailn
2698 5780 2750 5836 in
2782 5779 3030 5844 Pokocltii
3065 5783 3228 5844 Porta
3258 5788 3441 5859 Hosis,
3472 5807 3522 5861 p.
3552 5788 3637 5845 56.
