4098 6362
637 444 739 502 τοτ

636 654 1023 725 Habalalielis,
1058 654 1259 721 Jaredi,
1290 654 1705 719 Mathusalacbi,
1747 653 2019 709 Lamechi.
2049 652 2185 709 Octo

638 746 731 801 illa
757 761 983 817 corpora
1016 754 1167 803 erant
1193 748 1248 802 in
1278 746 1585 802 conditorio
1615 745 2011 807 thesaurorum,
2036 746 2185 799 vide-

636 834 765 911 licet
792 837 1002 902 Adami,
1040 835 1210 899 Sethi,
1241 835 1465 902 Enoshi,
1499 834 1777 901 Kaiuanis,
1814 834 2183 901 Mabalalielis,

632 922 837 990 Jaredi,
862 924 1274 990 Mathusalachi,
1298 922 1573 978 Lamecbi.

706 1015 854 1071 Tulit
903 1027 1080 1072 autem
1123 1014 1274 1070 Noab
1320 1028 1517 1082 corpus
1559 1012 1773 1067 Adami.
1818 1010 2187 1081 Tuleruntque

635 1109 731 1163 tilii
762 1108 880 1178 ejus
909 1122 1151 1161 munera.
1183 1105 1435 1163 Portabat
1462 1097 1587 1158 Sem
1615 1118 1830 1167 aurum,
1855 1102 2022 1157 Cham
2048 1120 2187 1174 myr-

636 1200 813 1263 rham,
837 1196 1065 1267 Japheth
1101 1198 1246 1251 thus.
1282 1194 1484 1251 Deinde
1516 1193 1715 1261 egressi
1742 1208 1773 1248 e
1802 1208 2028 1248 caverna
2070 1195 2187 1247 the-

614 1303 947 1349 .saurorum.
971 1286 1364 1341 transtulerunt
1403 1299 1630 1340 munera
1668 1293 1723 1339 et
1758 1298 1952 1355 corpus
1993 1285 2185 1340 Adami

636 1380 692 1434 in
719 1388 953 1433 montem
976 1386 1239 1432 sanctum.

708 1470 952 1538 Cumque
980 1469 1241 1523 sedissent
1256 1466 1409 1535 juxta
1437 1480 1633 1534 corpus
1657 1465 1845 1519 Adami
1868 1482 1930 1521 ex
1958 1466 2184 1524 adverso

637 1562 893 1629 paradisi,
920 1568 1201 1630 eruperunt
1237 1559 1515 1614 lamentari
1548 1568 1602 1614 et
1639 1554 1767 1613 [fere
1788 1558 2054 1629 jacturam
2088 1575 2184 1629 pa—

638 1652 829 1707 radisi.

706 1740 845 1796 Tum
876 1740 1261 1795 descendentes
1300 1740 1365 1793 de
1400 1746 1584 1793 monte
1620 1747 1809 1795 sancto
1854 1739 2188 1808 sublatisque

636 1831 809 1885 oculis
860 1843 1046 1883 versus
1091 1827 1399 1896 paradisum
1446 1824 1875 1894 redintegrarunt
1915 1825 2097 1880 ﬂetum
2134 1833 2187 1877 et

636 1918 921 1987 ejulatum,
950 1926 1207 1970 aeternum
1235 1914 1352 1967 vale
1381 1912 1633 1966 dixerunt
1678 1913 1763 1967 his
1788 1913 2014 1993 agrbis:
2056 1908 2187 1965 Vale

638 2008 765 2078 (pax
789 2006 925 2072 tibi),
942 2005 1230 2074 oparadise
1252 2002 1367 2058 Dei.
1389 2001 1534 2066 Vale,
1563 2016 1596 2056 ο
1618 2001 1948 2057 domicilium
1974 2002 2188 2071 religio-

638 2100 725 2153 nis
739 2106 791 2151 et
811 2097 1078 2167 puritatis.
1098 2095 1247 2159 Vale,
1264 2110 1297 2149 ο
1316 2096 1468 2150 sedes
1483 2094 1769 2163 voluptatis
1784 2102 1835 2147 et
1851 2092 2183 2149 deliciarum.

710 2186 851 2240 Tum
883 2186 1117 2255 amplexi
1143 2193 1271 2241 sunt
1298 2184 1501 2253 lapides
1531 2184 1731 2238 montis
1754 2184 1926 2239 sancti
1952 2194 2004 2237 et
2033 2184 2188 2236 arbo-

637 2292 745 2340 res,
772 2277 1140 2344 ﬂeveruntque
1175 2285 1228 2329 et
1269 2276 1561 2330 dixerunt:
1596 2274 1744 2340 Vale,
1783 2290 1816 2329 0
1854 2275 2186 2329 domicilium

639 2367 929 2421 bonorum.
967 2364 1111 2428 Vale,
1141 2381 1175 2421 ο
1206 2365 1414 2438 mansio
1436 2380 1722 2433 corporum
1748 2373 2081 2419 sanctorum.

710 2440 913 2510 Deinde
961 2455 1137 2509 triduo
1186 2455 1481 2524 completo,
1516 2454 1790 2508 descendit
1832 2452 2021 2516 Noah,
2064 2466 2187 2506 cum

639 2543 767 2597 filiis
803 2544 918 2598 suis
951 2555 1003 2597 et
1044 2544 1302 2598 uxoribus
1344 2556 1592 2599 natorum
1638 2559 1860 2599 suorum
1901 2544 1969 2599 de
2008 2554 2188 2599 monte

641 2640 829 2687 sancto
862 2632 927 2685 ad
970 2632 1178 2687 radices
1218 2633 1417 2687 montis
1458 2632 1629 2687 sancti
1676 2633 1742 2685 ad
1784 2632 1963 2689 locum
2008 2633 2185 2687 navis.

642 2722 769 2777 Erat
805 2725 950 2778 enim
976 2723 1147 2794 (arca)
1173 2723 1275 2777 sub
1304 2722 1662 2793 prominentia
1703 2718 1946 2791 (l‘abri)'
1987 2723 2188 2776 montis

640 2814 836 2871 sancti.

709 2905 776 2958 Et
819 2905 1093 2973 ingressus
1134 2910 1218 2958 est
1262 2899 1415 2957 Noah
1464 2903 1521 2957 in
1566 2916 1787 2967 navem;
1835 2900 2189 2971 deposuitque

638 3008 836 3062 corpus
887 2992 1079 3046 Adami
1122 3000 1176 3047 et
1216 3007 1445 3049 munera
1484 2993 1540 3046 in
1588 2992 1765 3046 medio
1814 2992 1968 3047 navis
2026 3006 2187 3058 super

641 3083 840 3138 feretro
876 3078 1074 3153 ligneo,
1114 3084 1261 3154 quod
1303 3068 1611 3155 recipiendo
1652 3084 1867 3151 corpori
1919 3097 2187 3152 prepara-

640 3181 811 3228 verat.

709 3260 1107 3329 Admonuitque
1158 3260 1297 3315 Deus
1338 3260 1616 3316 Noacbum
1656 3262 1839 3317 dicens
1876 3281 1890 3316 :
1934 3262 2043 3317 Fac
2089 3262 2186 3319 tibi

626 3346 966 3421 'crepitacula
996 3368 1025 3406 e
1051 3355 1194 3424 ligno
1233 3354 1361 3410 buxi
1393 3356 1494 3424 (vel
1520 3356 1803 3424 cupressi).
1830 3365 2060 3415 nam
2091 3370 2188 3408 au-

644 3451 748 3497 tem
778 3452 857 3495 est
892 3442 1094 3510 lignum
1136 3443 1337 3497 dictum
1370 3441 1670 3512 Sagb,i.e.
1706 3443 2185 3512 platanusolndica.

714 3530 941 3585 Fabrica
971 3531 1132 3584 etiam
1164 3531 1468 3584 malleolum
1497 3532 1611 3599 ejus
1634 3531 2091 3603 (tintinnabulum)
2121 3547 2188 3587 ex

643 3623 831 3676 eodem
882 3622 1113 3691 (ligno).
1164 3620 1465 3690 Longitudo
1500 3632 1680 3677 autem
1728 3625 2040 3692 crepitaculi
2086 3628 2188 3679 erit

644 3712 809 3764 trium
848 3712 1152 3765 cubitorum
1185 3712 1510 3781 integrorum
1542 3723 1597 3769 et
1626 3714 1853 3770 latitudo
1882 3714 2000 3785 ejus
2026 3718 2189 3774 unius

645 3800 811 3853 cubiti
847 3800 1243 3855 cumdimidio.
1296 3827 1308 3840 ι

720 3888 785 3941 Et
814 3891 1062 3958 praecepit
1101 3891 1149 3943 ei
1188 3890 1348 3952 Deus,
1379 3900 1439 3945 ut
1468 3892 1703 3961 pulsaret
1734 3898 2057 3967 crepitacula
2096 3913 2191 3967 per

647 3979 890 4059 singulos
930 3980 1045 4034 dies
1086 3982 1259 4036 tribus
1300 3982 1525 4037 vicibus.
1567 3981 1821 4040 Videlicet
1864 3990 2033 4055 prima
2076 3991 2191 4043 vice

647 4085 862 4125 summo
895 4068 1163 4135 diluculo;
1204 4072 1434 4125 secunda
1465 4072 1601 4135 vice,
1643 4071 1696 4125 in
1730 4064 1918 4130 (medio
1941 4064 2095 4141 'diei;
2137 4085 2192 4132 et

645 4161 802 4235 tertia
839 4160 955 4213 vice
986 4160 1051 4213 ad
1080 4175 1327 4215 occasum
1357 4162 1505 4216 solis.

714 4250 921 4304 Accidit
948 4259 1145 4316 autem,
1174 4250 1353 4305 statim
1396 4260 1555 4319 atque
1591 4253 1858 4321 pulsasset
1890 4252 2041 4309 Noah
2077 4270 2192 4309 cre-

648 4340 901 4409 pitacula,
929 4349 989 4394 ut
1020 4343 1263 4409 protinus
1294 4352 1635 4397 accurrerent
1663 4344 1755 4396 lilii
1799 4341 1982 4398 Cainis
2015 4354 2069 4399 et
2095 4346 2191 4400 ﬁlii

616 4425 859 4481 'Vabimi
891 4430 955 4483 ad
984 4430 1190 4497 ipsum;
1221 4446 1356 4498 quos
1378 4431 1654 4485 admonuit
1680 4441 1733 4486 et
1756 4434 2037 4502 perterruit
2064 4451 2190 4489 nar-

1408 497 1412 500 .
1492 444 1549 499 s.
1588 442 1941 501 lllPPOLY’l'l
1974 442 2123 498 ore.
2163 440 2342 496 PARS
2376 396 2523 496 '1.—
2547 440 2951 499 exsomnes.

634 579 771 635 pora
817 563 1069 631 Patrum,
1107 560 1333 630 Adami,
1364 562 1513 621 Setbi
1535 605 1552 632 ,
1598 562 1836 631 Enoshi,
1885 561 2176 627 Kainanis,
2205 566 2252 621 Δ
2277 562 2421 631 pisse
2445 560 2685 626 Noacho,
2710 569 2775 616 ut
2798 561 2988 618 ordine
3028 560 3336 631 disponeret
3374 560 3573 635 bestias
3617 561 3829 620 feroces
3920 563 3925 566 ’

3718 445 3827 502 708

2283 652 2341 707 in
2372 653 2771 723 contignatione
2801 655 2915 710 sive
2935 652 3173 709 tabulato
3196 634 3466 720 inferiore,
3488 664 3541 711 et
3564 656 3830 725 divideret

2280 758 2462 801 mares
2490 760 2531 800 a'
2553 744 2797 808 lemellis,
2822 744 3095 801 asseribus
3112 745 3313 816 ligneis
3336 746 3685 816 interpositis.

2352 832 2529 903 Atque
2570 835 2645 890 ita
2685 834 3095 891 fecit'omnibus
3122 835 3310 897 bestiis
3326 836 3504 909 (feris)
3527 836 3827 908 jumentis;

2281 934 2337 978 et
2364 925 2525 979 etiam
2556 912 2865 981 volucribus
2886 926 2941 983 in
2965 926 3202 981 tabulato
3228 927 3424 981 medio.

2350 1012 2523 1075 Jussit
2557 1018 2737 1069 autem
2768 1014 2953 1085 (Deus)
2983 1015 3055 1069 ita
3085 1016 3529 1085 separarimares
3552 1029 3581 1069 a
3604 1014 3827 1070 feminis

2283 1099 2538 1157 decentia:
2561 1112 2615 1157 et
2644 1104 3145 1169 honestatiscausa,
3173 1120 3241 1165 ne
3270 1106 3475 1160 scilicet
3506 1107 3828 1161 eommisee-
3892 1154 3895 1157 .

2282 1202 2469 1243 rentur
2501 1190 2815 1244 adinvicem.

2357 1279 2499 1333 Dixit
2528 1296 2685 1348 porro
2711 1281 2850 1335 Deus
2873 1279 3002 1335 Mosi
3028 1298 3042 1334 :
3069 1278 3296 1357 Provide
3333 1281 3537 1337 cibaria
3576 1280 3671 1334 tibi
3720 1277 3829 1347 ipsi

2282 1379 2338 1423 et
2365 1372 2504 1427 natis
2529 1371 2656 1424 tuis.
2681 1369 2745 1424 Et
2772 1371 2876 1425 sint
2900 1386 2965 1425 ex
2990 1371 3168 1424 tritico
3188 1372 3393 1434 molito,
3416 1373 3573 1441 pisto,
3600 1372 3827 1426 subacto

2284 1476 2444 1531 aqua,
2473 1448 2779 1513 exsiccato.’
2803 1458 2869 1511 Et
2898 1459 3060 1528 jussit
3097 1458 3238 1512 illico
3261 1456 3442 1511 Noach
3471 1459 3685 1528 conjugi
3714 1476 3828 1513 sua:

2282 1559 2337 1603 et
2367 1549 2627 1602 uxoribus
2661 1547 2893 1601 ﬁliorum
2925 1562 3171 1614 suorum,
3207 1554 3511 1615 utDStrenue
3550 1548 3830 1601 incumbe-

2283 1650 2403 1695 rent
2443 1639 2738 1709 subigendo
2782 1654 3014 1694 massam
3058 1649 3112 1694 et
3152 1625 3501 1692 reconderent
3541 1639 3595 1691 in
3643 1636 3825 1691 furno.

2286 1732 2619 1799 Subegcrunt
2676 1745 2803 1798 ergo
2859 1745 3127 1794 massam,
3176 1739 3230 1783 et
3284 1730 3622 1798 pinsue‘runt.
3658 1728 3829 1787 ferme

2286 1831 2546 1891 quantum
2596 1820 2727 1889 ipsis
2769 1818 3059 1884 suﬁiceret,
3102 1820 3236 1875 adeo
3278 1810 3481 1874 utnon
3525 1826 3831 1873 remaneret

2287 1913 2389 1965 nisi
2418 1925 2725 1979 perparum.
3285 1936 3289 1943 ι
3450 1982 3453 1985 Α

2356 2002 2421 2055 Et
2455 2000 2733 2055 admonuit
2756 1996 2897 2053 Deus
2926 1996 3198 2053 Noaclium
3230 1999 3421 2054 dicens
3444 1999 3534 2052 ei:
3568 1996 3829 2066 Quisquis

2286 2091 2687 2147 annuntiaverit
2713 2090 2806 2144 tibi
2837 2089 2905 2144 de
2926 2088 3153 2143 adventu
3179 2086 3358 2144 diluvii
3385 2089 3611 2159 primus,
3636 2089 3829 2154 perdes

2286 2186 2434 2240 illum
2464 2188 2580 2256 ipso
2612 2194 2903 2238 momento.
2936 2180 3139 2234 interea
3159 2196 3285 2234 vero
3309 2196 3445 2235 uxor
3466 2174 3655 2235 Cbami
3673 2183 3833 2232 'asta-

2286 2275 2378 2328 bat
2422 2264 2731 2329 imtnissura
2773 2287 2964 2342 panem
3012 2274 3241 2337 ingentis
3273 2272 3431 2327 molis
3477 2271 3531 2324 in
3581 2269 3829 2323 furnum.

2183 2425 2187 2429 _
2285 2350 2351 2417 Et
2380 2356 2562 2420 ‘subito
2595 2364 2849 2433 proﬂuxit
2882 2377 3018 2429 aqua
3045 2379 3073 2417 e
3104 2362 3259 2417 furno
3292 2362 3437 2431 iuxta
3464 2361 3685 2416 verbum
3708 2359 3828 2411 Do-

2285 2456 2437 2519 mini,
2460 2465 2513 2510 et
2535 2454 2853 2524 penetravit,
2875 2452 3119 2507 dissolvit
3148 2454 3414 2521 scaturigo
3436 2466 3588 2525 aquae
3612 2466 3828 2518 panem.

2283 2547 2619 2603 Exclamavit
2652 2547 2832 2616 itaQue
2864 2560 2999 2599 uxor
3036 2544 3201 2598 Cham
3238 2543 3304 2597 ad
3338 2542 3616 2597 Noachum
3643 2542 3830 2594 dicens

2284 2638 2333 2692 ei
2352 2638 2425 2691 :0
2446 2638 2681 2702 domine.
2696 2641 2835 2696 venit
2850 2636 3067 2692 verbum
3086 2634 3202 2701 Dei,
3222 2635 3355 2687 venit
3384 2633 3513 2687 illud
3545 2633 3681 2701 quod
3710 2649 3833 2700 pro-

2286 2729 2428 2780 misit
2452 2728 2735 2796 (prcdixit)
2754 2727 2911 2783 Deus.
2934 2725 3233 2795 Exsequere
3257 2724 3417 2793 igitur
3444 2723 3496 2777 id
3524 2724 3665 2791 quod
3692 2738 3833 2791 pra:-

2286 2818 2426 2886 cepit
2451 2817 2730 2872 Dominus.

2355 2904 2599 2974 Cumque
2622 2905 2913 2959 audivisset
2928 2902 3078 2957 Noab
3103 2902 3261 2955 verba
3284 2901 3468 2954 uxoris
3482 2899 3671 2965 Cham,
3695 2902 3833 2955 dixit

2287 2996 2333 3049 ci
2363 3013 2377 3049 :
2414 2984 2531 3049 Ja'm
2560 3010 2686 3065 ergo
2712 2996 2858 3049 venit
2889 2991 3175 3048 diluvium?
3202 2990 3345 3045 Dixit
3364 2991 3417 3044 ei
3447 2992 3581 3045 uxor
3616 2991 3787 3044 Cbam
3814 3010 3831 3046 :

2286 3084 2367 3161 'f'u
2399 3085 2583 3140 dixisti
2613 3085 2735 3139 hoc.
2796 3112 2798 3114 τ
3313 3143 3316 3151 η
3464 3143 3475 3157 ,

2355 3176 2646 3230 Admonuit
2672 3184 2845 3228 autem
2864 3164 3133 3228 Dominus
3156 3173 3441 3241 derepente
3474 3169 3661 3231 dicens
3685 3169 3835 3224 Nea-

2286 3267 2410 3330 cho,
2442 3264 2527 3319 Ne
2572 3265 2767 3334 perdas
2809 3280 3029 3319 uxorem
3060 3263 3279 3326 Cbami;
3326 3277 3447 3315 nam
3482 3260 3548 3313 ab
3597 3275 3689 3314 ore
3735 3272 3836 3317 tuo

2287 3356 2449 3423 cmpit
2475 3354 2701 3422 perditio
2734 3352 2961 3421 (primus
2992 3352 3171 3406 dixisti
3199 3369 3213 3405 :
3245 3349 3402 3405 Venit
3420 3350 3721 3420 diluvium).
3746 3352 3832 3404 Ad

2291 3435 2477 3499 vocem
2523 3442 2726 3497 Noacbi
2757 3444 2904 3496 venit
2944 3441 3221 3505 diluvium,
3253 3449 3307 3494 et
3347 3440 3831 3510 subito-scaturigo

2286 3533 2532 3590 dissolvit
2556 3534 2702 3587 illum
2732 3547 2942 3602 panem.
3260 3592 3265 3605 ί

2357 3621 2655 3691 Et-apertae
2694 3630 3144 3677 sunt-cataractae
3182 3620 3323 3685 coeli,
3361 3626 3415 3674 et
3452 3634 3605 3689 aquae
3636 3618 3833 3686 pluvias

2288 3713 2604 3783 ingruerunt
2637 3729 2796 3782 super
2820 3722 3036 3767 terram.
3067 3710 3266 3779 Nempe
3296 3711 3383 3764 illa
3408 3725 3530 3774 vox,
3554 3726 3673 3778 qua:
3701 3711 3830 3762 olim

2288 3802 2497 3856 dixerat
2522 3821 2536 3855 :
2573 3802 2957 3871 Congregentur
2978 3817 3123 3868 aqua:
3146 3801 3197 3852 in
3226 3802 3394 3851 locum
3412 3815 3571 3852 unum
3592 3810 3639 3853 et
3671 3815 3831 3867 appa—

2289 3900 2399 3944 reat
2454 3902 2591 3944 terra
2615 3891 2682 3956 ¹⁸,
2710 3892 2895 3945 eadem
2930 3906 3033 3945 vox
3086 3890 3353 3958 permisit,
3395 3898 3453 3943 ut
3496 3898 3685 3957 sponte
3731 3903 3831 3942 sua

2290 3991 2597 4050 erumperet
2623 3983 2893 4052 scaturigo
2927 3997 3185 4052 aquarum
3235 3990 3288 4035 et
3307 3982 3491 4035 ﬂuxus
3515 3983 3745 4035 marium
3776 3992 3832 4036 et

2288 4074 2472 4129 eduxit
2499 4087 2687 4141 aquas.

2359 4164 2611 4235 Recogita
2639 4163 2766 4233 quid
2796 4162 2988 4217 dixerit
3016 4161 3155 4216 Deus
3178 4162 3243 4217 de
3266 4162 3464 4217 mundo
3491 4178 3505 4216 :
3534 4158 3833 4217 Humilien-

2290 4262 2379 4306 tur
2410 4257 2589 4308 omnia
2622 4254 2830 4309 excelsa
2870 4253 3008 4321 ejus,
3038 4262 3090 4306 et
3118 4252 3393 4306 bumiliata
3418 4262 3577 4319 sunt;
3619 4262 3673 4309 et
3714 4242 3827 4308 ele~

2289 4358 2481 4402 ventur
2515 4345 2737 4401 humilia
2762 4345 2880 4413 ejus
2903 4345 2969 4397 de
2994 4343 3269 4411 profundis
3300 4343 3487 4409 ipsius.

2359 4438 2424 4493 Et
2473 4439 2611 4492 facta
2647 4436 2750 4489 fuit
2796 4445 2937 4487 terra
2978 4449 3148 4487 vacua
3187 4434 3395 4502 privata
3434 4428 3658 4487 entibus
3704 4433 3820 4487 suis

648 4516 823 4571 rando
862 4518 929 4571 de
959 4517 1187 4571 adventu
1221 4520 1465 4585 proximo
1507 4521 1722 4586 diluvii,
1770 4532 1824 4577 et
1860 4525 1924 4578 de
1970 4525 2187 4580 interitu
2220 4523 2265 4577 D
2292 4527 2738 4598 quemadmodum
2762 4535 2875 4601 erat
2898 4524 3065 4595 initio.

646 4608 866 4678 jamjam
896 4607 1177 4663 festinante
1204 4618 1256 4661 et
1284 4609 1611 4661 imminente.

717 4700 791 4754 Ea
820 4714 947 4753 vero
976 4699 1078 4752 fuit
1114 4699 1475 4753 misericordia
1508 4698 1601 4752 Dei
1633 4714 1757 4769 erga
1798 4701 1935 4763 illos,
1971 4711 2031 4755 ut
2055 4718 2189 4756 con-

648 4799 983 4845 verterentur
1012 4800 1065 4843 et
1088 4790 1481 4857 resipiscerent;
1511 4793 1602 4843 sed
1634 4804 1738 4843 non
1779 4805 1980 4844 morem
2012 4806 2191 4859 gesse-

649 4889 778 4934 runt
798 4881 898 4932 'tilii
924 4881 1107 4934 Cainis
1138 4879 1377 4943 Noacho,
1418 4881 1473 4931 in
1519 4894 1583 4933 eo
1616 4881 1758 4949 quod
1788 4881 1900 4935 illis
1932 4883 2186 4949 praedica-

651 4971 759 5023 bat.
804 4966 871 5020 Et
912 4968 1253 5035 congregavit
1290 4965 1441 5023 Noah
1484 4982 1550 5019 ex
1589 4968 1839 5021 omnibus
1882 4968 2189 5023 volucribus

650 5054 826 5109 omnis
857 5054 1066 5122 generis
1098 5054 1242 5119 paria
1284 5067 1460 5107 mares
1499 5062 1551 5107 et
1594 5054 1858 5119 femellas;
1907 5066 2066 5125 atque
2117 5058 2190 5111 ita

648 5145 816 5197 etiam
848 5159 913 5197 ex
945 5141 1193 5195 omnibus
1228 5143 1431 5207 bestiis,
1473 5153 1582 5197 tam
1624 5145 1874 5201 cicuratis
1907 5164 2068 5217 quam
2098 5148 2191 5203 sil-

650 5232 941 5301 vestribus,
968 5230 1118 5300 paria
1148 5237 1200 5281 et
1229 5230 1399 5295 paria.

1238 5339 1474 5396 SECTIO
1520 5345 1608 5399 IV.

1069 5433 1152 5487 Ad
1185 5431 1366 5487 Cenes.
1392 5449 1505 5500 cap.
1532 5451 1626 5499 vn,
1654 5453 1698 5491 υ.
1726 5438 1780 5491 6.

728 5520 873 5575 Dixit
898 5520 1208 5593 Hippolytus
1234 5524 1504 5593 expositor
1534 5523 1697 5595 Syrus
1731 5526 1962 5603 Targum
1993 5552 2003 5585 :
2042 5528 2191 5584 Inve-

660 5615 841 5669 nimus
868 5611 922 5665 iu
951 5616 1234 5685 exemplari
1268 5615 1488 5687 antiquo
1516 5613 1757 5685 Hebraeo,
1788 5617 1954 5676 Deum
1993 5635 2190 5691 praece-

732 5755 775 5787 "
810 5751 943 5811 Gen.
976 5769 1013 5821 t,
1054 5754 1106 5810 9.

2359 4618 2425 4669 Et
2453 4616 2663 4685 quidem
2690 4616 2867 4683 pluvia
2897 4614 3249 4668 descendebat
3276 4614 3578 4682 desursum,
3607 4624 3660 4669 et
3688 4624 3828 4669 terra

2291 4704 2605 4771 erumpebat
2638 4703 2909 4756 deorsum.
2945 4703 3010 4756 Et
3040 4705 3197 4772 periit
3240 4706 3557 4773 compositio
3606 4707 3825 4767 mundi,

2292 4795 2551 4862 abruptus
2581 4792 2695 4855 ,fuit
2734 4792 2879 4845 ordo'
2908 4793 2992 4845 ille
3037 4793 3357 4860 primitivus.
3404 4793 3705 4861 Factusque
3746 4804 3832 4847 est

2293 4880 2746 4949 mundus,~qualis
2785 4889 2896 4932 erat
2939 4881 3005 4933 ab
3047 4881 3196 4935 initio
3228 4883 3499 4936 desolatus
3543 4884 3611 4935 ab
3651 4884 3831 4949 aquis,

2294 4989 2413 5040 qum
2462 4972 2608 5024 illum
2654 4968 3061 5023 inundaverunt.
3108 4969 3288 5039 Neque
3323 4972 3564 5024 relictum
3612 4968 3715 5023 fuit
3766 4987 3830 5023 ex

2296 5064 2413 5129 ejus
2438 5062 2652 5115 cntibus
2684 5062 2976 5129 quidquam
3003 5060 3055 5112 in
3091 5061 3388 5129 integritate
3418 5075 3536 5112 sua.

2365 5152 2712 5204 Pcssumdata
2748 5150 2846 5204 fuit
2873 5160 3136 5205 structura
3168 5152 3331 5218 prior,
3358 5158 3410 5201 et
3435 5148 3693 5202 deformis
3730 5148 3833 5203 fuit

2298 5252 2439 5295 terra
2470 5240 2628 5292 ﬂuctu
2661 5256 2919 5308 aquarum
2966 5239 3321 5307 ingruentium
3369 5251 3528 5304 super
3567 5238 3735 5303 illam,
3779 5252 3834 5295 rt

2302 5330 2667 5399 magnitudine
2698 5330 3101 5383 inundationum
3127 5327 3263 5393 ejus,
3287 5336 3339 5379 et
3364 5327 3702 5382 multitudine
3729 5329 3830 5383 im-

2298 5420 2495 5486 brium,
2520 5430 2571 5475 ct
2606 5422 2883 5491 eruptione
2921 5420 3233 5487 abyssorum
3270 5417 3407 5487 ejus,
3443 5419 3599 5489 aquis
3636 5435 3827 5489 perpe-

2291 5521 2391 5565 tuo
2431 5513 2847 5585 erumpentibus.
2892 5511 3127 5579 Denique
3159 5508 3342 5565 relicta
3376 5507 3476 5566 fuit
3506 5511 3683 5581 qualis
3708 5516 3830 5567 erat

2298 5612 2471 5659 antea.
