4098 6362
873 559 1114 618 SECTlO
1152 562 1217 618 γ.

664 653 749 706 Ad
778 650 958 708 Gener.
989 668 1104 721 cap.
1136 669 1254 718 vut,
1281 671 1329 712 υ.
1359 655 1412 709 1.
1501 678 1506 681 <

332 738 482 796 Dixit
513 739 853 813 Hippolytus,
879 743 1156 811 expositor
1181 742 1439 815 Tarsum,
1467 752 1520 799 et
1555 743 1813 798 Dominus

259 843 438 895 meus,
467 829 704 888 Jacobus
735 832 1087 906 Rohaviensis
1124 849 1137 886 :
1168 834 1439 904 Vigesimo
1471 835 1702 904 septimo
1727 836 1813 889 die

259 920 463 974 mensis
490 918 628 986 Jiar,
650 921 746 990 qui
774 928 859 975 est
886 924 1090 975 mensis
1117 923 1386 976 secundus
1405 921 1678 987 Hebraeus,
1699 926 1809 978 ele-

225 1000 383 1066 vata
435 1011 536 1066 fuit
585 1027 711 1067 arca
762 1013 832 1073 ab
883 1012 1101 1088 introitu
1152 1022 1214 1084 (a
1259 1014 1558 1088 radicibus)
1593 1019 1811 1072 .montis

257 1103 455 1167 sancti,
482 1102 706 1172 jamque
734 1103 878 1158 illam
904 1096 1190 1173 portabant
1219 1095 1390 1175 aquae,
1423 1117 1479 1162 et
1516 1124 1677 1178 super
1707 1110 1810 1164 illis

257 1193 314 1260 in
353 1207 544 1263 gyrum
589 1193 915 1248 circumacta
959 1192 1060 1248 fuit
1111 1210 1298 1250 versus
1346 1207 1576 1266 quatuor
1624 1203 1808 1256 mundi

255 1285 528 1338 cardines.
562 1284 701 1359 Area
720 1285 890 1355 igitur
905 1298 945 1341 ‘a
975 1297 1153 1341 monte
1185 1299 1374 1343 sancto
1395 1291 1613 1346 tetendit
1633 1294 1808 1346 orien-

256 1384 365 1428 tem
402 1383 613 1439 verSus,
646 1384 758 1428 tum
779 1367 1005 1430 reversa
1033 1387 1114 1431 est
1145 1378 1201 1431 in
1229 1379 1581 1445 occidentem,
1617 1383 1808 1438 deinde

254 1473 522 1518 conversa
553 1464 653 1519 fuit
695 1465 760 1519 ad
787 1467 1086 1531 meridiem,
1117 1466 1350 1537 denique
1389 1470 1643 1526 orientem
1683 1487 1804 1526 ver-

226 1567 353 1615 ,sus
385 1555 614 1609 tendens
643 1542 847 1625 appulit
889 1558 955 1611 ad
998 1566 1234 1630 montem
1270 1559 1467 1625 Kardn,
1503 1562 1589 1616 die
1630 1565 1806 1631 primo
1838 1563 1840 1565 ’

256 1643 471 1696 mensis.
494 1643 688 1699 decimi
719 1644 1042 1714 (ti).Atque
1073 1647 1119 1701 is
1140 1657 1221 1702 est
1263 1651 1464 1705 mensis
1495 1649 1682 1706 Kanuu
1716 1668 1804 1707 se-

250 1730 492 1786 cundus.
649 1763 656 1771 ι
764 1795 769 1799 η
1397 1738 1409 1744 ’

324 1821 390 1875 Ει
422 1835 673 1891 egressus
697 1830 780 1877 est
805 1819 956 1876 Noah
1003 1822 1072 1877 ab
1110 1838 1234 1879 arca
1277 1826 1533 1896 vigesimo
1575 1829 1802 1896 septimo

175 1983 180 1986 Ι
250 1911 340 1966 die
369 1913 571 1967 mensis
608 1911 720 1968 Jiar
765 1930 906 1968 anno
945 1917 1213 1982 secundo;
1243 1932 1369 1998 nam
1422 1925 1545 1972 arca
1595 1929 1801 1973 morata

249 2018 346 2071 per
373 2005 615 2073 quinque
637 2020 849 2060 menses
882 2009 1118 2076 integros
1148 2004 1381 2066 natando
1410 2012 1685 2067 ﬂuctuavit
1711 2029 1802 2067 su-

247 2109 344 2162 per
374 2111 566 2163 aquas,
591 2094 642 2150 et
683 2099 856 2165 spatio
898 2099 1104 2153 dierum
1139 2104 1526 2172 quinquaginta
1557 2116 1608 2159 et
1639 2106 1800 2158 unius

247 2186 457 2253 appulit
498 2187 564 2238 ad
599 2195 816 2240 terram.
855 2185 1038 2258 Neque
1070 2203 1256 2258 postea
1288 2195 1463 2248 adhuc
1500 2194 1796 2247 lluc'tuavit.

249 2275 355 2327 Sed
411 2277 781 2352 tantummodo
831 2283 1137 2350 successive
1179 2283 1406 2337 obversa
1461 2284 1561 2356 fuit
1611 2299 1800 2338 versus

244 2376 484 2434 quatuor
507 2367 750 2421 cardines
782 2377 956 2434 teme,
982 2386 1044 2425 ac
1069 2371 1300 2441 denique
1333 2375 1524 2429 iterum
1562 2378 1801 2444 substitit

244 2457 511 2509 orientem
548 2470 758 2515 versus.
798 2457 1034 2522 Dicimus
1072 2471 1248 2515 autem
1288 2463 1338 2516 id
1381 2462 1549 2518 fuisse
1585 2466 1798 2538 signum

245 2543 445 2611 crucis.
481 2545 618 2625 Area
655 2558 830 2601 autem
867 2548 972 2631 l‘uit
1018 2548 1187 2605 instar
1225 2553 1446 2620 Christi,
1474 2555 1566 2624 qui
1603 2571 1813 2633 exspeg

242 2636 518 2689 ctabatur.
548 2619 641 2689 illa
680 2637 822 2689 enim
865 2626 1130 2694 arcal'uit
1174 2656 1334 2695 causa
1366 2619 1554 2711 salutis
1595 2619 1797 2705 Non-chi

241 2737 296 2779 et
326 2727 562 2779 ﬁliorum
598 2727 749 2794 ejus;
785 2729 1021 2805 itemque
1046 2713 1724 2806 jumentorum,‘ferarum,
1746 2751 1800 2799 et

241 2817 566 2871 volatilium.
593 2817 841 2874 Christus
877 2830 1086 2885 autem,
1133 2825 1346 2891 quando
1377 2840 1570 2894 passus
1605 2827 1706 2884 fuit
1741 2830 1796 2883 in

235 2899 433 2970 ‘cruce,
483 2909 729 2966 liberavit
777 2929 876 2970 nos
921 2917 968 2968 a'
1001 2916 1316 2976 criminibus
1360 2924 1416 2969 et
1448 2920 1798 2986 peccatis,“

244 2994 420 3048 abluit
447 3013 546 3052 nos
582 3000 634 3052 in
667 3005 926 3071 sanguine
960 3019 1059 3076 suo
1085 3005 1397 3073 purissimo.

316 3085 382 3138 Et
409 3091 856 3156 quemadmodum
883 3109 1093 3148 reversa
1126 3094 1224 3148 fuit
1254 3111 1382 3150 arca
1415 3095 1468 3152 in
1511 3098 1792 3165 orientem,

1097 402 1532 501 suisui-mnf
1553 417 1780 502 DUBIA.
1817 471 1886 483 --
1909 437 2383 521 ΡεΝτΑτι-ςυοη.
2399 519 2401 526 ι
2419 416 2624 516 Anan.
2656 512 2662 524 Ι

1843 553 1912 626 Δί
1987 557 2186 618 Deinde
2212 519 2494 612 admonuit
2509 515 2662 614 Deus]
2681 515 2882 640 Mosem
2904 555 3092 613 dicens
3113 550 3196 613 ei:
3223 556 3465 615 Ascende
3509 544 3511 546 ’

1910 649 1966 703 in
2001 662 2236 703 montem
2263 645 2434 714 Nebo,
2465 645 2558 719 qui
2590 644 2806 715 quidem
2839 647 3083 723 cognitus
3120 646 3469 702 est'vnomino
3555 724 3558 728 Δ

3334 439 3465 494 -Ήο

1910 739 2109 792 montis
2148 735 2628 806 Hebrteorum,qui
2669 744 2755 791 est
2801 735 2857 790 in
2903 745 3046 790 terra
3077 734 3236 803 Moab
3274 744 3469 803 contra

1911 827 2101 882 faciem
2129 826 2366 880 Iericho.
2720 819 2723 822 ’
2819 842 2822 844 ·
2945 837 2985 876 '.
3297 841 3300 845 ·

1947 917 1959 930 ⁵
1979 919 2043 973 Et
2070 919 2206 973 dixit
2231 919 2279 974 ei
2307 937 2323 978 :_
2347 901 2727 985 Contemplare
2750 922 2950 995 terram
2975 915 3255 983 Chanaan,
3293 933 3463 988 quam
3509 974 3512 976 γ

1908 1023 2006 1077 ego
2033 1008 2259 1064 daturus
2306 1020 2425 1060 sum
2476 1003 2600 1058 ﬁliis
2640 1002 2803 1057 Israel
2851 1003 2904 1056 in
2948 1002 3334 1056 hzereditatem.
3383 1000 3497 1056 Τιι-

1907 1118 2035 1156 vero
2079 1114 2418 1170 nequaquam
2469 1098 2790 1167 ingredieris
2831 1097 2886 1151 in
2929 1097 3094 1160 illam,
3135 1107 3462 1166 quaprOpter

1908 1191 2274 1244 intuereiliam
2292 1191 2516 1258 alonge.
2534 1187 2669 1240 Cum
2696 1201 2824 1254 ergo
2846 1170 3297 1259 contemplaretur
3313 1187 3472 1246 illaut.
3522 1257 3526 1260 .

1906 1280 2105 1346 Moses,
2147 1265 2291 1334 vidit.
2314 1279 2458 1332 illam
2495 1287 2690 1330 terram
2712 1317 2726 1341 ,
2761 1278 3241 1345 terg-amvirentem
3264 1316 3280 1340 ,
3311 1276 3457 1331 omni

1905 1367 2058 1440 copia
2087 1381 2140 1426 et
2165 1371 2406 1424 ubertate
2446 1369 2804 1424 abundantem
2825 1408 2841 1431 ,
2875 1366 3249 1436 frequentibus
3279 1368 3459 1422 consi-

1907 1473 2011 1518 tam
2031 1453 2344 1528 arboribus,
2368 1469 2421 1514 et
2444 1458 2721 1527 obstupuit
2743 1456 2916 1511 Moses
2937 1469 2992 1512 et
3024 1458 3184 1512 ﬂevit.
3217 1479 3219 1481 ί
3544 1450 3547 1451 ⁷

1974 1552 2182 1606 Etcum
2215 1538 2583 1605 descendisset
2614 1547 2787 1601 Moses
2830 1549 2896 1601 de
2944 1546 3124 1600 monte
3156 1544 3324 1610 Nebo’,
3361 1562 3453 1602 vo-

1900 1644 2042 1701 cavit
2079 1640 2300 1695 Josuam
2333 1639 2501 1692 ﬁlium
2533 1637 2673 1702 Non,
2725 1646 2796 1691 et
2824 1637 2960 1690 dixit
3007 1637 3058 1689 ei
3103 1632 3284 1691 corain
3331 1622 3455 1691 ﬁliis

1901 1733 2102 1789 Israel:
2133 1731 2449 1785 Coniortare
2495 1738 2547 1783 et
2579 1739 2695 1783 esto
2734 1729 3008 1784 robustus.
3057 1729 3136 1780 Tu
3180 1729 3321 1782 enim
3371 1730 3455 1782 itt-

1901 1805 2247 1878 troducturus
2268 1837 2325 1875 es
2348 1819 2671 1874 ﬁlioslsrael
2703 1820 2756 1872 in
2780 1829 2989 1873 terram
3018 1829 3178 1888 qnam
3205 1821 3455 1888 premisit

1832 1894 1873 1947 Β
1903 1913 2044 1968 Deus
2071 1913 2312 1982 patribus
2341 1927 2549 1976 eorum,
2583 1925 2640 1963 se
2669 1910 2777 1964 illis
2804 1907 3055 1963 daturum
3087 1909 3139 1962 in
3173 1909 3452 1962 hae-redita»
3497 1907 3500 1909 Α

1865 2025 1876 2072 ς
1903 2015 2030 2061 tem.
2063 2001 2141 2056 Ne
2171 2018 2299 2070 ergo
2325 2001 2516 2054 timeas
2541 2015 2571 2052 a
2598 2000 2831 2067 pupulis,
2862 2012 3035 2068 neque
3063 1998 3381 2068 reformides
3419 2016 3452 2055 a

1900 2091 2176 2162 Βθηῑίῧυεζ
2205 2104 2328 2143 nam
2357 2088 2498 2141 Deus
2524 2089 2626 2140 erit
2657 2097 2853 2140 tecum.
3053 2117 3066 2120 -»
3109 2152 3111 2154 _
3503 2094 3509 2102 -

1968 2183 2032 2234 Et
2061 2178 2280 2248 scripsit
2305 2177 2478 2232 Moses
2502 2177 2645 2230 illam
2674 2175 2907 2229 Senuam
2936 2171 3046 2243 (M)
3073 2173 3256 2242 (Hebr.
3282 2188 3450 2238 nam
3497 2181 3499 2183 ‘

1896 2270 2271 2326 secundariam
2303 2269 2494 2338 legem,
2532 2267 2643 2322 sive
2669 2266 3183 2336 Deutcronomium),
3208 2253 3470 2340 tradidit?

1896 2378 2002 2432 quo
2031 2362 2178 2416 illam
2211 2360 2579 2416 sacerdoubus
2610 2360 2732 2437 ﬁliis
2770 2359 2917 2424 Levi,
2962 2361 3317 2429 praecepitque
3347 2361 3451 2415 illis

1894 2453 2115 2519 ciceris:
2143 2450 2324 2521 Usque
2339 2452 2402 2504 ad
2425 2462 2626 2518 septem
2656 2452 2829 2504 annos
2859 2450 3126 2504 occultate
3154 2451 3294 2504 hane
3315 2451 3451 2504 Sett-

1895 2557 2043 2608 nam,
2085 2558 2258 2611 neque
2297 2541 2649 2595 maniiestetis
2679 2541 2824 2594 illam
2866 2540 2920 2592 in
2965 2539 3176 2608 integro
3203 2540 3450 2595 decursu

1895 2641 2100 2703 septem
2116 2647 2398 2685 annorum.
2422 2629 2704 2698 (Tuncque)
2729 2631 2781 2683 in
2807 2629 2940 2683 festo
2957 2628 3446 2684 Tabernaculorum

1894 2723 2070 2795 legent
2102 2724 2406 2778 sacerdotes
2432 2721 2522 2773 lilii
2557 2719 2682 2796 Levi
2713 2720 2864 2787 hanc
2895 2718 3064 2787 legem
3095 2732 3275 2772 coram
3321 2719 3449 2773 ﬁliis

1895 2814 2080 2878 lsrael,
2112 2823 2168 2867 ut
2203 2813 2504 2874 observent,
2539 2809 2714 2863 omnis
2738 2809 2985 2877 populus,
3010 2817 3116 2862 tam
3141 2808 3261 2872 viri,
3281 2825 3445 2878 quam
3493 2853 3497 2855 .

1894 2903 2133 2966 feminae,
2172 2917 2446 2958 sermones
2475 2899 2588 2952 Dei.
2617 2897 2874 2966 Praecipe,
2906 2908 2963 2952 ut
2992 2899 3300 2953 custodiant
3329 2915 3446 2953 ver-

1893 2992 2156 3055 bum'Dei,
2175 2991 2316 3060 quod
2342 2999 2424 3043 est
2451 2990 2502 3041 in
2530 2990 2615 3041 illa
2642 2987 3053 3057 legerQuisquis
3079 3000 3255 3043 autem
3277 2979 3455 3046 viola.

1893 3066 2213 3137 veritunnm
2252 3095 2316 3133 ex
2361 3072 2803 3152 istispraeceptis,
2833 3086 2948 3133 esto
2971 3079 3304 3134 maledictus.

241 3171 559 3245 appulitque
575 3177 641 3229 ad
669 3188 899 3232 montem
915 3179 1092 3234 Kardu
1118 3181 1250 3251 (12);
1273 3183 1346 3238 ita
1367 3185 1526 3264 etiam
1544 3160 1792 3266 Christus
1815 3241 1819 3250 ,

1962 3169 2253 3238 Postquam
2279 3169 2458 3236 itaque
2488 3169 2868 3237 complevisset
2895 3167 3072 3224 Moses
3097 3160 3451 3239 scriptionem'

242 3264 486 3332 perlecta
522 3276 575 3319 et
602 3270 864 3336 completo
885 3285 1064 3338 Opere,
1097 3274 1240 3340 quod
1279 3261 1382 3327 sibi
1416 3262 1811 3346 proposuerat;

1892 3260 2044 3330 legis,
2086 3259 2300 3312 tradidit
2341 3259 2484 3312 illam
2532 3257 2710 3313 Josme
2749 3259 2861 3313 ﬁlio
2891 3256 3028 3318 Nun.
3073 3263 3458 3327 praecepitque-

240 3364 499 3410 r‘eversus
522 3366 606 3410 est
630 3359 681 3410 in
704 3360 898 3412 coelum
933 3361 983 3412 in
1017 3356 1192 3416 sinum
1222 3362 1394 3419 Patris
1422 3365 1528 3431 sui,
1553 3369 1621 3436 jet
1656 3369 1794 3424 sedit

240 3468 410 3520 super
438 3450 575 3502 solio
607 3450 788 3517 gloriae
813 3465 924 3503 suae
949 3451 1012 3503 ad
1031 3452 1276 3506 dextram
1299 3453 1493 3508 Patris.

312 3540 504 3607 Quoad
534 3548 764 3593 montem
784 3537 984 3602 Kardu,
1012 3541 1056 3593 is
1079 3531 1161 3594 est
1184 3543 1235 3594 in
1260 3544 1465 3597 oriente
1497 3545 1552 3597 in
1574 3545 1790 3615 regione

238 3634 478 3686 ﬁliorum
514 3630 712 3693 Rabaa,
749 3615 1118 3700 appellantque
1144 3633 1289 3685 illum
1311 3618 1610 3690 Orientales
1636 3651 1791 3690 mon-

238 3741 351 3781 tem
384 3727 602 3782 Godas'h
635 3726 1007 3799 (Cordywuni),
1051 3739 1243 3783 vocant
1273 3739 1451 3794 autem
1490 3729 1694 3788 Arabes
1736 3740 1803 3786 et-

235 3817 419 3873 Perseo
449 3821 642 3872 Ararat
665 3820 797 3889 (15).
1242 3870 1244 3872 ,

309 3910 378 3964 Et
405 3919 490 3965 est
517 3910 722 3973 civitas,
756 3911 843 3964 cui
871 3925 1064 3963 nomen
1097 3917 1177 3963 est
1208 3893 1410 3974 Kardu,
1432 3918 1486 3964 et
1505 3926 1662 3966 mons
1689 3911 1789 3965 iste

235 4004 306 4059 ab
333 4019 400 4058 ea
435 4004 516 4057 sic
553 4003 867 4071 appellatur,
897 4001 988 4070 qui
1027 4002 1240 4070 quidem
1283 4001 1578 4056 altissimus
1611 4013 1691 4058 est
1731 4013 1786 4060 et

235 4090 652 4156 inaecessihilis,
685 4091 750 4144 ad
777 4090 932 4160 cujus
959 4091 1212 4144 verticem
1245 4105 1401 4165 nemo
1426 4106 1662 4161 unquam
1691 4107 1787 4162 po-

237 4185 343 4238 tuit
375 4165 666 4236 ascendere
695 4170 910 4249 propter
945 4180 1051 4232 vim
1085 4188 1364 4232 ventorum
1396 4189 1450 4232 et
1482 4181 1623 4234 aeris
1654 4197 1783 4251 pro-

234 4272 526 4333 cellarum,
559 4286 678 4340 quae
697 4264 787 4322 ibi
813 4278 1071 4338 perpetuo
1102 4261 1344 4336 regnant.
1390 4269 1541 4333 Quod
1572 4271 1619 4322 si
1643 4272 1782 4342 .‘quis

233 4377 420 4421 autem
461 4349 797 4430 attentaverit
840 4362 1228 4421 conscendere,
1272 4360 1483 4432 irruunt
1528 4362 1582 4414 in
1631 4362 1778 4416 illum

233 4458 540 4516 daemones,
567 4458 620 4503 et
646 4448 712 4503 de
746 4435 943 4502 montis
969 4448 1098 4517 jugo
1135 4449 1187 4500 in
1228 4448 1498 4517 planitiem
1533 4442 1777 4520 praecipi-

1890 3361 1949 3405 ut
1992 3349 2222 3404 traderet
2264 3365 2381 3403 eam
2423 3350 2544 3404 ﬁliis
2586 3349 2712 3404 Levi
2750 3351 3137 3404 sacerdotibus.
3183 3348 3444 3419 Praecepit

1887 3456 2103 3511 quoque
2133 3439 2238 3494 illis
2277 3438 2450 3494 Moses
2493 3449 2546 3493 et
2583 3440 2765 3508 jussit,
2800 3449 2856 3493 ut
2902 3449 3217 3506 reponerent
3244 3440 3438 3492 librum

1887 3529 2019 3597 legis
2059 3529 2198 3582 intra
2235 3543 2413 3582 arcam
2447 3526 2664 3582 fcederis
2701 3527 2942 3594 Domini,
2985 3536 3043 3581 ut
3083 3527 3156 3581 ibi
3199 3537 3442 3583 maneret

1888 3621 1942 3674 in
1976 3619 2344 3674 testimonium
2378 3619 2429 3670 in
2455 3628 2732 3672 aeternum.
3271 3606 3283 3618 ’

1954 3708 2199 3778 Cumque
2237 3711 2393 3763 ﬁnem
2425 3707 2764 3775 praecipiendi
2794 3704 3020 3761 fecisset
3052 3705 3246 3773 Moses,
3272 3709 3438 3778 jussit

1885 3799 1934 3855 ei
1963 3798 2105 3859 Deus
2142 3810 2204 3854 ut
2249 3797 2556 3868 ascenderet
2588 3796 2640 3848 in
2668 3805 2906 3851 montem
2938 3795 3109 3864 Nebo,
3140 3799 3231 3867 qui
3257 3809 3338 3853 est
3369 3816 3436 3854 ex

1887 3889 2114 3944 adverso
2149 3887 2379 3941 Jericho.
2429 3872 2674 3939 Ostendit
2710 3886 2786 3939 illi
2832 3886 3092 3942 Dominus
3128 3891 3437 3964 upiversam

1886 3990 2082 4034 terram
2127 3975 2499 4047 promissionis
2543 3990 2573 4028 a
2620 3986 2853 4045 quatuor
2881 3979 3192 4045 cardinibus
3228 3979 3366 4047 ejus,
3405 3996 3437 4033 a

1883 4071 2094 4134 deserto
2121 4083 2289 4136 usque
2314 4066 2379 4120 ad
2408 4083 2576 4130 mare,
2611 4077 2664 4121 ct
2708 4082 2738 4121 a
2783 4070 2919 4120 mari
2955 4085 3125 4134 usque
3154 4069 3220 4120 ad
3263 4083 3428 4121 mare.

1882 4157 2130 4224 Dixitque
2160 4156 2234 4208 illi
2270 4154 2411 4210 Deus
2444 4175 2456 4209 :
2489 4155 2570 4210 Tu
2615 4157 2829 4227 quidem
2867 4157 3011 4209 illam
3045 4156 3221 4208 vidisti
3263 4157 3433 4210 oculis

1883 4248 2010 4312 tuis,
2040 4257 2094 4300 at
2117 4261 2241 4300 vero
2265 4260 2607 4315 nequaquam
2631 4232 2964 4315 Iingredieris
2993 4246 3043 4296 in
3084 4245 3252 4298 illam.
3291 4245 3431 4297 Mor-

1880 4347 2006 4391 tuus
2043 4325 2128 4392 est
2166 4339 2344 4407 itaque
2384 4339 2495 4392 illic
2536 4339 2731 4397 Moses,
2763 4351 2949 4388 servus
2988 4333 3101 4397 Dei,
3125 4334 3281 4402 jussu
3313 4335 3426 4389 Dei.

1879 4424 1945 4479 Et
1972 4426 2294 4495 sepelierunt
2332 4441 2453 4480 eum
2490 4425 2663 4492 angeli
2704 4424 2758 4476 in
2792 4429 2972 4476 monte
2999 4417 3179 4484 Nebo,
3209 4422 3302 4491 qui
3348 4431 3431 4474 est

232 4557 346 4600 tem
387 4514 665 4611 dejiciunt,
692 4548 745 4592 et
780 4514 1415 4617 moritur.'Nemo—atltetti
1444 4514 1587 4594 novit
1606 4583 1620 4606 ,
1653 4514 1857 4612 quidb
1881 4516 2196 4617 θκξάνθτεο
2219 4516 2348 4572 Bc!"
2371 4514 2597 4617 ξὺεξεοττ

229 4641 305 4693 sit
355 4634 410 4686 in
461 4629 739 4698 superﬁcie
785 4630 1003 4694 montis,
1032 4631 1136 4682 nisi
1182 4629 1323 4697 quod
1370 4631 1611 4699 quaedam
1657 4635 1784 4687 reli-

227 4713 380 4793 quia:
405 4718 536 4788 ligni
573 4716 725 4770 Area:
751 4716 926 4773 adhuc
949 4719 1131 4787 jaceut
1170 4719 1220 4771 in
1254 4720 1532 4787 superﬁcie
1569 4723 1785 4776 verticis

227 4811 455 4866 montis.

837 4893 1079 4950 SECTIO
1114 4896 1182 4952 Χ.

610 4985 692 5040 Ad
724 4983 1023 5053 Deut.'cap.
1056 5003 1253 5050 xum,
1280 5007 1325 5043 υ.
1360 4992 1411 5044 1.

193 5103 214 5111 λ
303 5078 456 5132 Dixit
487 5075 802 5147 Hippolytus
831 5073 1101 5144 expositor
1129 5076 1383 5147 Targum,
1412 5083 1552 5150 quod
1586 5082 1778 5142 Moses,

227 5184 365 5222 cum
386 5169 712 5223 absolvisset
745 5168 882 5221 hanc
922 5166 1276 5234 prophetiam,
1314 5172 1582 5225 benedixit
1622 5172 1778 5225 etiam

229 5272 402 5326 super
439 5245 628 5313 omnes
663 5259 799 5314 ﬁlios
824 5256 1006 5320 Israel,
1034 5258 1395 5327 per‘singulas
1430 5263 1601 5316 tribus
1636 5245 1781 5314 seor;

229 5347 368 5408 sim,
395 5338 450 5399 et
479 5358 725 5414 precatus
750 5357 832 5403 est
859 5361 955 5418 pro
983 5347 1105 5400 illis.
1429 5360 1431 5362 ·

307 5537 423 5606 (tt)
455 5539 531 5591 ita
553 5522 785 5608 Tarsum
807 5538 1180 5595 OnkelosGen.
1212 5554 1325 5600 vm,
1355 5539 1405 5591 4.
1435 5538 1662 5608 Targum
1690 5541 1780 5595 Jo-

232 5606 444 5662 natban
475 5616 635 5662 ποτε.
1205 5640 1207 5642 -

311 5616 444 5660 tuan
623 5647 635 5658 .
1205 5640 1207 5642 -

307 5688 424 5758 (η)
447 5616 783 5760 lmrgum
811 5685 1042 5754 Onkelos
1073 5690 1204 5745 Gen.
1237 5703 1354 5750 vm,
1381 5688 1432 5741 4.

304 5771 424 5844 (13)
441 5769 505 5825 ν.
524 5770 722 5827 Fuller.
748 5771 895 5828 Iliae.
923 5771 1094 5860 Sacra,
1116 5773 1206 5826 lib.
1236 5786 1270 5836 ι,
1297 5787 1347 5825 c.
1372 5770 1425 5833 ι,
1451 5777 1501 5824 et
1528 5769 1773 5825 Bochart.

1953 4607 2018 4663 Et
2061 4623 2220 4662 nemo
2268 4607 2415 4660 novit
2460 4603 2760 4671 sepulcrum
2802 4597 2919 4674 ejus
2958 4613 3132 4669 usque
3175 4599 3243 4653 ad
3285 4598 3428 4652 hunc

1884 4699 2044 4753 diem.
2069 4697 2366 4752 Occultavit
2399 4695 2539 4747 enim
2569 4691 2710 4769 Deus
2741 4689 3046 4758 sepulcrum
3079 4689 3218 4756 ejus.

1954 4785 2099 4839 Vixit
2124 4797 2302 4840 autem
2334 4782 2507 4835 Moses
2534 4787 2746 4833 centum
2777 4786 2828 4833 et
2867 4778 3052 4846 viginti
3094 4789 3297 4841 annos;
3333 4785 3424 4829 ne;

1879 4892 1986 4946 que
2030 4877 2350 4942 caligaverat
2393 4872 2538 4924 visus
2573 4868 2720 4938 ejus,
2768 4863 2948 4937 neque
2984 4875 3266 4936 corrugata
3308 4872 3424 4918 erat

1880 4968 2032 5042 pellis
2057 4966 2233 5017 vultus
2260 4963 2395 5030 ejus.
2532 5015 2536 5020 ,

1922 5058 2194 5115 .Mortuus
2225 5053 2324 5126 fuit
2353 5051 2526 5106 Moses
2565 5053 2650 5106 die
2689 5052 2920 5120 quodam
2952 5050 3082 5102 hora
3114 5045 3267 5098 tertia
3293 5044 3419 5107 diei,

1880 5151 2107 5219 septimo
2135 5149 2220 5202 die
2245 5146 2449 5211 mensis
2482 5146 2725 5210 secundi,
2753 5146 2840 5213 qui
2867 5153 2948 5197 est
2973 5134 3316 5194 mensiS'Jiar.

1952 5251 2018 5302 Et
2039 5248 2311 5304 lamentati
2339 5256 2464 5300 sunt
2494 5263 2654 5316 super
2675 5261 2738 5300 eo
2765 5245 2856 5299 ﬁlii
2883 5237 3172 5298 Israelis'in
3205 5251 3420 5306 campe-

1879 5341 2076 5397 stribus
2097 5338 2251 5392 Moab
2277 5355 2369 5406 per
2395 5350 2502 5394 tres
2527 5339 2662 5392 dies.
2755 5363 2758 5366 ~

1834 5530 1840 5536 ’
1878 5539 2094 5606 Phalcg.
2129 5551 2180 5603 ι).
2207 5535 2298 5592 22.

1948 5666 2058 5743 (HV)
2093 5670 2205 5732 Hoc
2221 5664 2890 5743 nornine_bloliammedani
2925 5678 3050 5719 suas
3081 5658 3416 5733 Traditiones

1878 5737 2140 5823 appellant
2172 5750 2363 5822 praeter
2396 5737 2746 5793 Alkorandm.
