4098 6362
618 397 718 451 719

1476 401 1531 451 S.
1572 395 1921 453 HlPPOLYTl
1953 395 2099 449 OPP.
2136 393 2329 463 iPARS
2376 394 2416 447 1.
2452 427 2523 436 --
2562 394 2966 455 EXEGETICA.

3719 396 3819 452 720

616 528 736 579 quae
772 511 973 581 agenda
1020 521 1145 566 sunt
1173 526 1291 591 sese
1325 512 1575 566 traducit.
1603 512 1939 580 Quapmptcr
1974 512 2025 561 in
2058 507 2164 561 ﬁne

2266 507 2408 574 ἅγιοι
2440 508 2668 572 ἔσονται,
2698 510 2730 580 ἢ
2775 510 2907 580 πρὸς
2942 510 3083 580 μόνῳ
3116 509 3191 579 τῷ
3217 509 3458 580 θεωρεῖν.
3496 510 3608 563 Καὶ
3654 512 3816 563 ταῦτα

617 603 799 656 multa!
828 612 954 657 sunt
982 605 1117 667 odaz,
1150 614 1311 673 atque
1341 604 1430 657 ubi
1458 604 1673 672 gradus,
1698 602 1886 655 nullibi
1910 602 2165 668 psalmus,

616 710 790 762 neque
817 694 1126 763 singulatim
1159 710 1253 763 per
1274 709 1350 757 se,
1376 710 1548 763 neque
1569 708 1689 747 cum
1714 694 1816 745 alia
1846 687 2171 757 complexio-

2274 599 2512 668 εἰρήσθω
2531 601 2659 670 ἡμῖν
2686 601 2960 665 καθολικὰ,
2984 600 3313 654 δουλεύουσιν
3344 604 3453 663 τοίς
3489 602 3817 671 σημαινομέ-

2275 704 2382 751 νοις
2405 690 2502 759 τῆς
2532 691 2820 761 ἑρμηνείας
2848 692 2954 744 τῶν
2994 691 3408 768 Ἑϐδομήκοντα.
3770 700 3773 701 ⁷

616 800 703 850 ne,
733 794 788 839 at
836 801 1023 839 omnes
1072 786 1187 839 eda:
1228 801 1469 839 seorsum
1526 785 1815 838 collocaue.
1855 782 1909 834 In
1942 795 2156 834 ascensu
2207 778 2349 831 enim
2396 783 2563 835 sancti
2622 785 2770 839 nullo
2806 792 2965 837 erunt
3011 784 3224 852 negotio
3269 781 3546 850 implicati,
3608 791 3819 848 prazter-

614 891 776 945 quam
830 876 940 929 sola
991 876 1457 942 contemplatione.
1490 876 1661 943 Atque
1707 877 1819 929 haec
1850 874 2097 927 universe
2129 884 2160 921 a
2198 868 2355 923 nobis
2406 870 2547 925 dicta
2578 874 2710 942 sint,
2738 873 2821 927 bis
2874 870 3219 941 obsequendo
3268 888 3388 942 qua:
3426 872 3479 925 in
3535 886 3639 925 us
3668 868 3817 925 virali

615 965 1057 1032 interpretatione
1086 964 1412 1018 indicantur.

682 1093 813 1149 Vlll.
854 1093 970 1149 Jam
1020 1112 1146 1150 vero
1193 1113 1317 1151 cum
1363 1099 1697 1152 inveniamus
1750 1100 1886 1165 apud
1939 1112 2040 1149 Lxx
2103 1110 2163 1149 ac

612 1185 1031 1240 Theodotionem
1061 1198 1113 1240 et
1156 1187 1539 1257 Symmachum
1578 1205 1631 1241 ιη
1664 1190 1985 1258 quibusdam
2020 1188 2162 1255 psal-

611 1277 735 1339 mis,
770 1276 961 1343 hisque
1008 1292 1111 1331 non
1143 1279 1349 1346 paucis,
1384 1280 1435 1331 in
1467 1280 1641 1334 medio
1669 1280 1899 1347 positum
1926 1277 2162 1345 diapsal—

610 1381 716 1427 ma,
743 1365 996 1434 suspicati
1031 1381 1237 1431 sumus,
1277 1383 1344 1420 an
1380 1366 1517 1421 forte
1552 1368 1939 1421 subiudicarint
1973 1368 2063 1435 qui
2099 1367 2161 1419 il-

610 1451 702 1505 iud
734 1466 1048 1520 apposuere,
1076 1454 1157 1509 vel
1192 1456 1401 1509 numeri
1423 1457 1503 1510 vel
1536 1457 1677 1509 modi
1708 1456 1900 1509 factam
1926 1472 2044 1510 esse
2064 1470 2162 1524 pro

611 1543 864 1598 hisilocis
897 1544 1244 1598 mutationem
1274 1563 1286 1598 :
1311 1546 1423 1599 sive
1453 1547 1611 1599 etiam
1638 1527 1931 1613 disciplina:
1953 1547 2164 1600 traden-

609 1636 691 1689 da:
735 1635 961 1697 formam
997 1639 1049 1690 in
1089 1640 1269 1702 aliam,
1306 1641 1417 1694 sive
1441 1640 1863 1709 intelligentiam,
1899 1643 2010 1693 sive
2041 1657 2163 1693 ora—

608 1724 773 1778 tionis
800 1724 906 1778 vim
935 1741 1055 1780 esse
1083 1727 1439 1782 immutatam.
1485 1729 1585 1782 Sed
1624 1745 1795 1797 neque
1822 1730 1962 1798 apud
1991 1729 2151 1797 Aqui

610 1812 722 1868 lam
766 1815 1054 1878 invenitur,
1091 1830 1264 1883 neque
1298 1818 1349 1869 in
1389 1816 1667 1880 Hebraico,
1705 1828 1759 1871 at
1794 1833 1888 1886 pro
1930 1816 2161 1884 diapsal-
2198 1848 2237 1899 Β

607 1911 746 1958 mute
761 1903 1016 1974 scriptum
1039 1916 1121 1960 est
1140 1906 1468 1974 semper.Nec
1483 1908 1631 1969 illud,
1650 1923 1682 1960 ο
1695 1910 1927 1962 scientiae
1942 1918 2169 1967 amator,

610 2002 663 2047 te
691 2002 990 2062 praetereat,
1017 1995 1159 2063 quod
1192 1993 1397 2048 Hebrzei
1424 1996 1738 2050 Psalterium
1769 1998 1820 2049 in
1847 1998 2085 2065 quinque
2106 1997 2171 2048 li-

609 2081 740 2137 bros
766 2084 1081 2149 diviserunt,
1120 2096 1177 2139 ut
1225 2086 1398 2141 instar
1442 2088 1513 2140 sit
1547 2086 1768 2139 alterius
1799 2085 2164 2139 Pentateucbi.

608 2170 850 2241 Namque
877 2188 908 2226 a
938 2175 1110 2242 primo
1139 2176 1347 2243 psalmo
1375 2175 1441 2229 ad
1469 2191 1557 2237 XL,
1593 2192 1756 2229 unum
1793 2176 1988 2228 librum
2015 2190 2165 2229 com—

2339 1088 2418 1139 H'.
2462 1085 2609 1139 Ἐπεὶ
2640 1087 2697 1139 δὲ
2726 1082 2954 1158 εὕρομεν
2981 1088 3131 1158 παρὰ
3152 1092 3260 1152 τοῖς
3290 1090 3708 1161 Ἐϐδομήκοντα,
3730 1092 3818 1144 καὶ

2268 1179 2593 1239 Θεοδοτίωνι,
2624 1180 2717 1231 καὶ
2738 1180 3015 1250 Συμμάχῳ
3046 1180 3136 1233 ἐπί
3165 1198 3321 1233 τινων
3349 1182 3595 1252 κείμενον
3629 1184 3688 1235 ὲν
3727 1184 3817 1253 μέ-

2268 1285 2345 1339 σῳ
2367 1268 2591 1338 ψαλμῶν
2624 1270 2720 1321 οὐκ
2750 1269 3029 1337 ὀλίγωνητὸ
3053 1270 3376 1339 διάψαλμα,
3409 1273 3817 1344 ὲστοχασὰμεθα

2270 1366 2472 1430 μήποτε
2506 1360 2855 1429 ὑπεσήμαναν
2890 1362 2937 1411 οἱ
2970 1361 3149 1423 θέντες
3182 1363 3336 1426 αὐτὸ,
3359 1363 3563 1434 ῥυθμοῦ
3593 1380 3755 1426 τινος,
3779 1364 3817 1433 ἦ

2271 1436 2462 1519 μέλους
2487 1448 2782 1520 μεταϐολὴν
2809 1444 3084 1517 γεγονέναι
3111 1452 3251 1504 κατὰ
3282 1454 3404 1514 τοὺς
3426 1454 3641 1516 τόπους,
3666 1454 3699 1523 ἢ
3726 1455 3817 1506 καί

2264 1539 2463 1606 τρόπου
2494 1539 2836 1602 διδασκαλίας
2878 1542 2956 1603 είς
2983 1542 3167 1613 ἕτερον
3197 1543 3413 1613 τρόπον,
3440 1544 3473 1614 ἢ
3497 1545 3752 1610 διανοίας,
3781 1545 3813 1615 ἢ

2264 1630 2540 1698 δυνάμεως
2562 1629 2719 1697 λόγου
2742 1629 3063 1701 ὲνάλλαγμα.
3088 1631 3222 1685 Οὔτε
3247 1634 3303 1685 δὲ
3327 1634 3476 1704 παρὰ
3506 1634 3585 1703 τῷ
3619 1635 3814 1705 ’Δκύλα

2269 1723 2461 1782 κεῖται,
2492 1719 2615 1773 οὔτε
2664 1723 2722 1773 ὲν
2763 1721 2839 1791 τῷ
2876 1708 3163 1793 Ἐϐραῐκῷ,
3196 1723 3308 1777 ἀλλ’
3334 1726 3452 1779 ἀντὶ
3478 1724 3813 1794 διαψάλμα-

2265 1826 2382 1873 τος,
2412 1810 2715 1879 γέγραπται
2745 1811 2857 1865 ἀεί.
2889 1812 2998 1866 Καὶ
3027 1813 3183 1876 τοῦτο
3202 1814 3257 1867 δέ
3278 1832 3337 1867 σε
3371 1815 3445 1887 μὴ
3478 1810 3815 1886 παρέλθοι,ὧ

2271 1899 2535 1968 φιλολόγε,
2559 1901 2640 1953 ὃτι
2672 1902 2763 1954 καὶ
2800 1903 2859 1955 τὸ
2895 1902 3183 1975 ψαλτήριον
3221 1907 3299 1966 είς
3320 1905 3479 1957 ,πέντε
3506 1904 3699 1956 διεῖλον
3730 1904 3815 1973 βι-

2269 1986 2391 2038 ϐλία
2431 1991 2479 2039 οἱ
2521 1988 2775 2059 Ἑϐραῖοι,
2802 1990 2941 2042 ὣστε
2981 1986 3114 2043 εἶναι
3143 1993 3238 2044 καὶ
3264 1992 3397 2044 αὺτδ
3427 1992 3582 2045 ἄλλον
3612 1993 3815 2045 Πεντά-

2268 2092 2470 2145 τευχον.
2491 2077 2617 2128 Ἀπὸ
2641 2080 2747 2148 γὰρ
2770 2086 2817 2131 α’
2842 2078 3052 2148 ψαλμοῦ
3077 2080 3235 2153 μέχρι
3257 2090 3329 2153 μ’,
3355 2082 3485 2154 μίαν.
3507 2082 3817 2150 ὲλογίσαντο

2268 2166 2461 2235 βίϐλον·
2482 2170 2657 2221 ἀπὸδὲ
2685 2176 2770 2239 μα’
2796 2171 2899 2233 ἕως
2926 2178 3001 2224 οα⁹
3025 2172 3280 2243 δευτέραν
3300 2177 3603 2249 ἡγήσαντο’
3632 2175 3737 2227 ἀπὸ
3757 2176 3816 2227 δὲ

607 2273 895 2331 putarunt;
942 2279 973 2317 a
1010 2279 1097 2316 xu
1141 2266 1205 2317 ad
1247 2280 1395 2328 uxr,
1456 2265 1681 2318 alterum
1728 2265 2096 2329 deduxerunt;
2134 2282 2164 2318 a

2262 2261 2338 2333 οβ’
2361 2261 2461 2323 ἕως
2478 2263 2772 2332 πηντρίτην
2798 2262 3267 2336 βίϐλοναὲποίησανθ
3293 2266 3397 2319 ἀπὸ
3419 2268 3476 2320 δὲ
3494 2267 3580 2319 πθ¹
3600 2267 3705 2329 ἕως
3729 2272 3808 2337 ρξ’

612 2352 761 2407 um
793 2353 859 2407 ad
894 2369 1154 2417 Lxxxvm,
1183 2356 1397 2411 tertium
1433 2355 1723 2409 eﬂ‘ecerunt
1749 2357 1977 2419 librum;
2001 2372 2164 2425 quar-

2262 2354 2525 2421 τετάρτην
2545 2370 2557 2381 ·
2589 2353 2694 2405 ἀπὸ
2722 2353 2777 2406 δὲ
2808 2362 2894 2424 ρς·1
2923 2355 3025 2418 ἕως
3054 2356 3147 2407 τοῦ
3185 2364 3257 2425 ρν¹
3291 2358 3389 2427 τὴν
3408 2357 3660 2427 πέμπτην
3680 2352 3814 2409 ’συν-

612 2452 743 2497 tum-
775 2444 843 2496 ab
879 2459 1075 2497 Luxu
1125 2445 1188 2497 ad
1241 2461 1339 2511 cv;
1380 2461 1407 2498 a
1446 2461 1530 2498 ενι
1570 2446 1634 2499 ad
1662 2462 1723 2500 ct.
1752 2455 2163 2514 composuerunt

2262 2440 2491 2510 έθηκανο
2540 2444 2765 2496 ἕκαστον
2813 2446 2919 2516 γὰρ
2955 2439 3161 2517 ψαλμδν
3206 2449 3264 2499 ὲν
3310 2447 3387 2518 τῷ
3428 2447 3568 2501 τέλει
3605 2448 3814 2517 ἔχοντα,

612 2536 895 2603 quintum;
920 2537 1018 2589 rati
1046 2536 1246 2591 scilicet
1271 2553 1536 2606 quemque
1558 2538 1823 2607 psalmum
1854 2538 1947 2605 qui
1973 2538 2023 2589 in
2053 2536 2160 2591 [ine

2262 2533 2600 2601 Εὐλογητὸς
2630 2536 2862 2603 Κύριος,
2907 2540 3152 2606 γένοιτο,
3197 2540 3438 2608 γένοιτο,
3467 2539 3624 2592 τοῦτο
3665 2539 3815 2601 τέλος

609 2626 846 2692 haberet,
878 2625 1186 2682 Benedictus
1212 2628 1372 2693 Deus,
1411 2629 1526 2696 ﬁat,
1568 2630 1681 2696 ﬁat,
1718 2630 1858 2682 hunc
1895 2628 2015 2681 libri
2043 2642 2161 2683 esse

2263 2620 2462 2689 βιϐλίου
2514 2623 2848 2679 ἐδικαίωσαν.
2880 2629 3033 2680 Ἔστι
3081 2629 3137 2681 δὲ
3185 2629 3510 2698 προσευχὴ,
3568 2630 3815 2699 ἱκετηρία

606 2726 960 2784 postremum.
989 2717 1045 2769 ln
1093 2718 1177 2771 liis
1220 2728 1395 2772 autem
1426 2720 1672 2785 precatio,
1707 2726 1788 2772 est
1832 2720 2006 2772 oblata
2052 2717 2159 2773 Deo

2262 2710 2386 2780 περί
2431 2728 2572 2775 τινος
2615 2714 2719 2767 τῶν
2752 2718 3130 2787 συμφερόντων
3160 2718 3531 2788 προσαγομένη
3566 2719 3643 2788 τῷ
3674 2717 3813 2787 Θεῷ,

608 2806 925 2874 supplicatio
958 2822 1054 2875 pro
1083 2807 1259 2875 aliqua
1288 2808 1501 2861 utilium
1536 2824 1713 2862 rerum
1740 2827 1752 2873 ;
1786 2821 1961 2861 votum
2004 2811 2158 2878 equi-

608 2895 727 2949 dem
760 2896 1077 2963 promissio;
1124 2896 1342 2963 liymnus
1384 2907 1466 2951 est
1511 2913 1609 2965 pro
1636 2898 1812 2960 bonis,
1848 2914 1966 2967 qua:
1994 2898 2156 2952 habe-

608 3000 746 3049 mus,
780 2984 954 3040 fausta
980 2983 1296 3039 acclamatio
1323 2984 1434 3040 Deo
1457 2987 1696 3048 exhibita
1719 3004 1733 3051 ;
1770 2989 1885 3041 tau:
1907 2990 2019 3042 sive
2040 2990 2157 3042 lau-

608 3076 774 3139 datio,
806 3075 1198 3129 admirabilium
1233 3076 1325 3131 Dei
1349 3091 1571 3146 operum
1598 3078 2012 3131 commendatio.
2049 3078 2152 3133 Ne.-

609 3178 713 3233 que
737 3164 879 3217 enim
914 3166 1304 3219 commendatio
1339 3177 1421 3220 est
1446 3167 1611 3233 aliud,
1644 3182 1805 3235 quam
1845 3168 2016 3221 laudis
2048 3185 2161 3222 am-
2189 3165 2235 3222 C

596 3255 890 3330 _p|ilicatio.

680 3385 767 3438 IX.
810 3385 927 3451 Quo
956 3395 1132 3439 autem
1166 3397 1422 3454 tempore,
1449 3402 1621 3455 quove
1644 3380 1801 3456 pacto
1840 3392 1977 3445 hanc
2010 3390 2161 3446 Psal-

612 3489 821 3529 morum
856 3476 1114 3529 rationem
1154 3475 1369 3528 divinus
1394 3475 1560 3529 David
1584 3479 1921 3547 excogitarit;
1954 3481 2160 3548 primus

609 3566 824 3633 quidem
852 3581 915 3619 ac
945 3566 1092 3619 solus
1119 3564 1283 3619 fuisse
1311 3566 1538 3628 videtur,
1565 3567 1727 3636 idque
1756 3569 1822 3621 ab
1841 3571 2011 3635 initio,
2036 3586 2158 3626 cum

612 3657 920 3724 psalterium
952 3656 1383 3710 concinnandum
1429 3657 1610 3726 digitis
1635 3659 1995 3727 praecipiebat.
2026 3660 2158 3716 Nam

613 3750 658 3802 si
691 3751 811 3816 quis
851 3748 987 3804 alius
1029 3753 1276 3818 psalteri'r
1302 3768 1457 3807 usum
1486 3762 1539 3807 et
1564 3753 1956 3821 citharaeprior
1981 3764 2161 3809 osten-

618 3838 717 3901 dit,
750 3838 797 3890 is
823 3839 978 3905 plane
1006 3840 1238 3904 diverse,
1269 3842 1412 3895 iners
1438 3842 1691 3909 quiddam
1713 3852 1766 3895 et
1787 3845 2003 3913 vulgare
2024 3860 2164 3898 com-

616 3937 830 3981 mentus
866 3929 950 3981 vel
980 3929 1031 3981 in
1076 3931 1192 3997 ipso
1225 3932 1560 3985 instrumenti
1587 3947 1862 4001 apparatu,
1900 3951 2069 4003 neque
2096 3938 2162 3990 ad

611 4031 827 4070 carmen
889 4019 1199 4079 concinens,
1240 4031 1410 4084 neque
1470 4016 1536 4069 ad
1591 4032 1911 4084 sermonem,
1967 4021 2162 4088 agresti

611 4106 845 4176 quodam
880 4106 1001 4159 lusu
1032 4107 1323 4160 delectatus
1370 4115 1471 4162 est.
1505 4106 1595 4160 Ille
1633 4115 1832 4171 autem,
1873 4119 1991 4177 post
2020 4109 2163 4177 ejus-

616 4196 781 4263 modi,
818 4196 1021 4263 primus
1050 4197 1115 4249 ad
1147 4211 1450 4259 numerum,
1481 4206 1640 4264 atque
1666 4182 1928 4259 ordinem,
1962 4206 2161 4251 artem-

614 4298 717 4350 que
761 4298 896 4351 Opus
945 4285 1212 4336 revocavit
1252 4302 1264 4336 :
1297 4292 1656 4351 prmtereaque
1684 4285 1909 4337 carmini
1944 4295 2161 4339 cantum

615 4374 927 4431 immiscuit,
960 4373 1209 4441 quodque
1250 4374 1507 4426 eximium
1561 4382 1661 4440 est,
1688 4390 1813 4444 erga
1861 4374 2048 4442 Deum,
2081 4379 2163 4431 vel

2257 2799 2407 2869 εὐχὴ
2446 2802 2503 2854 δὲ
2534 2799 2853 2873 ὑπόσχεσιςέ
2888 2806 3152 2876 ὕμνος,ἡ
3199 2808 3291 2859 ἐπὶ
3333 2810 3442 2870 τοῖς
3481 2808 3816 2877 ὑπάρχουσιν

2258 2893 2387 2959 ἡμῖν
2414 2893 2636 2965 ἀγαθοῖς
2666 2896 3018 2965 ἁνατιθεμένη
3058 2896 3134 2966 τῷ
3174 2896 3289 2966 Θεῷ
3319 2898 3558 2967 εὐφημία
3580 2914 3594 2927 ·
3646 2893 3816 2963 αἶνος

2256 2981 2369 3051 ἢτοι
2397 2983 2619 3049 αῖνεσις,
2644 2987 2755 3039 τῶν
2766 2987 2920 3043 θεῶν
2941 2987 3229 3058 θαυμάτων
3262 2988 3502 3051 ἔπαινος.
3538 2989 3679 3043 Οὐδὲ
3703 2989 3814 3060 γὰρ

2257 3072 2386 3125 ἄλλο
2416 3075 2651 3143 ἔπαινος,
2686 3078 2719 3147 ἢ
2758 3078 2850 3131 τοῦ
2877 3079 3025 3130 αἴνου
3059 3080 3323 3142 ἐπίτασις.

2332 3378 2409 3429 Θ¹.
2452 3377 2587 3429 Πότε
2620 3376 2713 3429 καὶ
2738 3372 2882 3441 ὅπως
2924 3380 3003 3440 είς
3031 3378 3231 3448 ταύτην
3273 3375 3401 3448 ἦλθε
3431 3378 3538 3432 τῶν
3570 3378 3813 3451 Ψαλμῶν

2261 3467 2355 3537 τὴν
2382 3468 2615 3521 ἐπίνοιαν
2639 3470 2667 3520 ὁ
2693 3468 2830 3530 θεῖος
2854 3468 3032 3533 Δαυὶδ,
3063 3468 3211 3521 δοκεῖ
3232 3469 3328 3539 μὲν
3351 3470 3693 3541 καὶνπρῶτος.
3717 3473 3816 3526 καὶ

2265 3557 2439 3627 μόνος,
2473 3556 2565 3610 καὶ⁵
2604 3555 2663 3619 ἐξ
2690 3548 2881 3631 ἀρχῆς,
2914 3557 3002 3608 ὅτε
3045 3546 3139 3609 καὶ
3172 3560 3283 3620 τοῖς
3321 3558 3597 3620 δακτύλοις
3627 3558 3812 3626 ἔλεγεν

2261 3637 2585 3719 ἁρμόζεσθαι
2635 3647 2706 3707 τὺΔ
2738 3645 3046 3715 ψαλτήριον.
3076 3647 3137 3697 El
3185 3646 3291 3714 γὰρ
3339 3648 3429 3698 καὶ
3475 3646 3659 3717 ἔτερος
3686 3642 3756 3716 ἦν
3785 3649 3815 3700 ὁ

2264 3736 2576 3799 καταδείξας
2595 3735 2908 3804 ψαλτήριον,
2938 3731 3031 3785 καὶ
3062 3732 3305 3804 κιθάραν,
3334 3732 3445 3786 ἀλλ’
3475 3733 3647 3795 ἄλλως
3669 3734 3816 3786 ὲκεῐ-

2261 3844 2348 3889 νος
2379 3826 2597 3895 ἄτεχνόν
2625 3842 2696 3886 τι,
2724 3824 2817 3877 καὶ
2857 3814 3116 3875 ἰδιωτικὸν
3141 3823 3444 3893 συμπήξας,
3474 3824 3506 3892 ἧ
3540 3823 3814 3886 διατείνας

2262 3917 2483 3985 ὖργανον
2499 3932 2510 3943 ⁵
2536 3915 2628 3967 καὶ
2647 3914 2769 3966 οὕτε
2794 3913 2928 3983 πρὸς
2954 3911 3128 3981 μέλος,
3156 3912 3277 3984 οὕτε
3303 3913 3435 3983 πρὸς
3465 3913 3617 3980 λόγον
3645 3913 3811 3983 ᾄδων,

2263 4006 2372 4058 ἀλλ’
2406 4005 2667 4076 ἀγροίκην
2702 4019 2817 4058 τινα
2838 4005 3044 4068 παίζων
3067 4004 3270 4076 τέρψιν.
3288 4004 3343 4057 '0
3366 4004 3420 4056 δὲ
3452 4004 3661 4073 πρῶτος
3689 4004 3811 4073 μετ’

2263 4098 2463 4149 ἐκεῖνον
2488 4097 2566 4159 είς
2583 4095 2784 4166 ῥυθμὸν
2799 4094 3016 4163 ἀγαγὼν
3045 4094 3104 4147 τὸ
3136 4097 3378 4165 πρᾶγμα,
3408 4095 3500 4147 καὶ
3525 4082 3693 4159 τάξιν,
3716 4095 3813 4161 xui.

2264 4186 2474 4257 τέχνην,
2517 4185 2649 4238 ἀλλὰ
2678 4186 2767 4237 καὶ
2796 4184 2873 4255 τῷ
2903 4185 3046 4254 μέλει
3082 4184 3479 4255 συγκαταμίξας
3525 4185 3585 4237 τὸ
3633 4181 3809 4255 ᾆσμα,

2263 4278 2355 4329 καὶ
2381 4278 2439 4328 τὸ
2467 4277 2664 4346 μεῖζον,
2698 4274 2830 4345 πρὸς
2854 4274 3005 4337 Θεὸν,
3032 4276 3063 4346 ἢ
3089 4275 3219 4328 Θεὸν
3250 4276 3403 4345 ᾄσας,
3429 4269 3580 4338 οὗτος
3622 4275 3653 4326 ὁ
3684 4273 3811 4327 Geo.

2266 4367 2641 4436 φορητότατος,
2673 4363 2971 4432 ἀρξάμενος
2996 4358 3101 4432 μὲν
3129 4363 3192 4413 ὲκ
3222 4361 3508 4429 ποιμένων,
3542 4360 3638 4412 καὶ
3679 4359 3814 4413 παί-

615 4461 781 4515 Deum
820 4462 993 4530 ipsum
1024 4461 1288 4525 canendo,
1327 4464 1463 4514 idem
1504 4464 1841 4521 divinissimo
1883 4478 2161 4537 correptus

2264 4456 2365 4508 δων
2394 4456 2775 4523 ἰδιωτικότερόν
2802 4471 2861 4504 τε
2897 4453 2989 4506 καὶ
3014 4449 3411 4521 ταπεινότερον·
3436 4451 3722 4521 γενόμενος

615 4551 813 4610 aﬂatu.
841 4565 965 4604 cum
1000 4559 1183 4619 pastor
1227 4566 1291 4604 ac
1340 4566 1469 4618 puer
1492 4561 1634 4606 esset
1666 4555 1927 4620 privatum
1961 4559 2160 4627 aliquid

616 4658 679 4695 ac
720 4642 1011 4696 demissum
1056 4657 1301 4706 exorsus,
1331 4634 1677 4712 posteaquam
1713 4645 1764 4697 in
1796 4647 1969 4701 virum
1997 4660 2049 4703 et
2074 4666 2158 4703 re-

618 4746 736 4799 gem
762 4733 949 4794 evasit,
978 4733 1239 4786 illustrius
1263 4732 1517 4800 quiddam
1548 4748 1610 4786 ac
1638 4733 1851 4802 dignius
1880 4735 2158 4790 hominum

614 4819 916 4886 frequentia
950 4822 1201 4889 suscepit.
1230 4820 1383 4886 Quod
1409 4823 1779 4893 qualecunque
1810 4822 1991 4885 fuerit,
2021 4840 2163 4877 sum-

617 4910 791 4978 psisse
824 4918 949 4961 tunc
978 4912 1208 4963 maxime
1236 4914 1621 4965 incrementum
1656 4912 1840 4978 fertur,
1869 4930 1990 4968 cum
2037 4931 2159 4969 arca

619 5011 699 5053 est
740 5001 808 5053 ab
850 5001 964 5067 ipso
1015 5000 1067 5053 in
1127 4999 1308 5053 urbem
1357 5012 1565 5069 recepta
1596 5019 1609 5053 :
1641 4989 1744 5070 qu'a
1793 5012 1973 5057 coram
2022 5020 2160 5073 szepe

612 5087 843 5146 choreas
872 5090 1094 5153 ducens,
1125 5089 1322 5159 plur-ies
1343 5106 1555 5160 quoque
1579 5090 1643 5143 ad
1672 5094 1958 5160 gratiarum
1990 5095 2157 5148 actio-

621 5196 763 5247 nem,
797 5182 1137 5250 faustumque
1169 5183 1329 5235 simul
1356 5191 1621 5251 receptum
1654 5183 2047 5249 celebrandum,
2067 5185 2161 5238 ad-

622 5267 796 5322 hibuit
844 5277 1077 5322 cantum.
1111 5268 1228 5321 Mox
1277 5270 1577 5322 universam
1626 5267 1930 5322 Levitarum
1961 5270 2175 5322 tribum

626 5359 678 5410 in
708 5366 905 5410 sortem
944 5350 1257 5425 conficiens,
1289 5356 1550 5425 principes
1582 5358 1795 5427 quidem
1832 5360 1922 5426 qui
1964 5360 2157 5413 choros

625 5449 898 5506 ducerent,
927 5456 1153 5513 quatuor
1181 5446 1394 5513 delegit,
1439 5446 1636 5515 Asaph,
1687 5446 1897 5507 Eman,
1937 5449 2153 5519 .{Etliain

625 5538 878 5595 ldithum.
906 5537 1332 5604 quandoquidem
1360 5548 1480 5589 sunt
1508 5548 1736 5607 quatuor
1762 5540 2019 5605 omnium,
2038 5554 2157 5605 quae

627 5628 726 5679 sub
752 5634 1022 5693 aspectum
1050 5628 1262 5690 cadunt,
1293 5641 1471 5680 rerum
1499 5628 1752 5695 principia
1779 5646 1791 5691 ;
1824 5636 1932 5677 tum
1965 5624 2155 5681 elioros

514 5764 519 5769 ι
627 5734 688 5771 ex
716 5716 1021 5771 hominibus
1048 5718 1320 5772 constituit
1342 5733 1407 5773 ex
1438 5717 1659 5773 aliorum
1681 5732 1899 5773 numero
1922 5719 2150 5782 selectis,

2264 4546 2353 4597 καὶ
2398 4546 2479 4606 είς
2527 4544 2690 4611 ἄνδρα
2732 4543 2826 4594 καὶ
2872 4540 3109 4611 βασιλέα,
3142 4538 3470 4607 ἐνδοξότερον
3515 4537 3647 4608 ὁμοῦ
3712 4536 3809 4590 καὶ

2261 4636 2558 4703 κοινότερον
2579 4649 2590 4661 ’
2615 4630 2792 4683 λαϐεῖν
2834 4632 2888 4683 δὲ
2917 4630 3126 4697 λέγεται
3174 4628 3399 4699 μάλιστα
3440 4628 3537 4698 τὴν
3568 4629 3811 4681 ἐπίδοσιν

2259 4725 2431 4784 τοῦτο,
2464 4724 2596 4793 μετὰ
2624 4723 2721 4792 τὴν
2749 4722 2837 4773 ὑπ’
2868 4720 3027 4773 αὑτοῦ
3054 4720 3150 4787 τῆς
3181 4716 3406 4769 κιϐωτοῦ
3430 4718 3564 4788 πρὸς
3589 4718 3686 4786 τὴν
3711 4719 3810 4769 πό-

2260 4816 2342 4867 λιν
2370 4805 2931 4872 ἀποκατάστασινῙΗς
2963 4810 3128 4861 πολλὰ
3160 4807 3275 4860 τότε
3310 4808 3674 4879 προχορεύσας
3706 4810 3809 4873 ,καὶ

2262 4902 2528 4972 πολλαχοῦ
2569 4904 2719 4972 ᾅσας,
2758 4899 3160 4970 εὐχαρηστήριά
3208 4915 3265 4973 τε
3311 4900 3403 4950 καὶ
3433 4898 3803 4967 είσδεκτήρια·

2262 4996 2372 5063 ἅμα
2402 4995 2514 5063 μετ’
2541 4992 2715 5059 ὀλίγον
2749 4993 2838 5043 καὶ
2867 4991 2960 5059 τὴν
2989 4990 3155 5059 φύλην
3192 4989 3316 5057 ὃλην
3336 4991 3423 5058 είς
3464 4987 3660 5057 κλῆρον
3697 4988 3806 5040 τῶν

2258 5084 2490 5136 Λευιτῶν
2539 5081 2737 5144 λαϐὼν,
2774 5081 2945 5150 ἀρχὰς
2986 5080 3081 5149 μὲν
3125 5078 3441 5145 ἀπολέγεται
3480 5078 3588 5129 τῶν
3628 5077 3806 5147 χὸρων

2256 5178 2542 5246 τέσσαρας,
2562 5172 2948 5242 ’Δσὰφ,’Δμὰν,
2982 5171 3167 5232 Αἰθὶιν,
3201 5170 3449 5237 ’1διθοὺμ,
3482 5169 3666 5237 ἐπειδὴ
3709 5172 3806 5221 καὶ

2260 5268 2471 5320 πάντων
2498 5266 2603 5317 τῶν
2638 5265 2921 5334 ὁρωμένων
2948 5265 3108 5333 ἀρχαὶ
3138 5263 3394 5330 τέσσαρες
3414 5277 3425 5289 ·
3464 5251 3588 5324 τοὺς
3615 5261 3668 5313 δὲ
3707 5279 3804 5331 χοη

2260 5359 2383 5426 ρους
2410 5355 2465 5419 ἐξ
2498 5354 2699 5425 ἀνδρῶν
2736 5355 3056 5424 συνίστησιν,
3090 5351 3280 5419 ἐξελὼν
3318 5351 3424 5411 τῶν
3466 5353 3667 5407 ἄλλων·
3701 5354 3806 5410 ,καὶ

2250 5447 2471 5519 τούτους
2518 5445 2608 5497 δύο
2663 5445 2753 5496 καὶ
2806 5444 3191 5513 ἑϐδομήκοντα,
3230 5443 3362 5513 πρὸς
3406 5442 3503 5505 τὰς
3554 5441 3805 5509 γλώσσας

2256 5538 2633 5609 ἀπαριθμήσας
2661 5536 2827 5605 οἶμαι,
2852 5535 2949 5596 τὰς
3003 5532 3371 5602 συγχυθείσας,
3402 5534 3436 5602 ἢ
3463 5533 3658 5601 μᾶλλον
3686 5531 3807 5584 δια-

2256 5628 2525 5697 κριθείσας
2574 5630 2628 5679 ὲν
2668 5630 2730 5697 τῇ
2784 5626 3121 5696 πυργοποιίᾳ.
3174 5625 3237 5677 Τί
3272 5622 3460 5690 ¹τούτῳ
3504 5619 3711 5683 τυπῶν,
3752 5621 3800 5673 εἰ

2234 5716 2329 5789 μὴ
2359 5719 2528 5787 δηλῶν
2568 5718 2625 5770 τὸ
2669 5719 2758 5770 καὶ
2788 5718 2960 5777 πάσας
2993 5713 3135 5784 αὐτῷ
3160 5713 3404 5782 γλώσσας
3435 5710 3558 5792 ὕστε
3567 5727 3653 5780 ρον
3680 5709 3804 5775 ἑξο-
