4098 6362
237 483 332 539 721
722 486 725 489 “
1192 490 1614 545 FRAGMENTA
1652 490 1875 547 DUBIA.
1918 517 1981 535 ε-
2022 492 2086 545 IN
2126 490 2455 549 PSALMOS.
3332 497 3431 549 723

234 604 579 674 μολογιῖσθαι
616 606 805 670 κοινῶς
837 608 1083 677 ἥμελλον,
1118 610 1203 662 ὅτε
1227 611 1321 663 καὶ
1350 613 1526 664 πᾶσαν
1555 612 1585 661 ὁ
1614 612 1782 678 Λόγος
1807 618 1854 673 Α
1882 619 1928 664 al

1840 636 1854 672 ι
1882 619 2043 679 atque
2067 613 2166 665 bos
2191 612 2298 665 duo
2321 626 2481 679 supra
2508 610 2841 680 Septuaginta
2870 625 2986 665 esse
3013 610 3206 675 voluit;
3237 612 3301 664 ad
3332 614 3430 665 lin-

231 696 496 769 περιλάϐῃ
534 700 634 769 τὴν
658 700 804 751 οἱκου
812 701 994 769 μένην.
1882 718 1928 771 gl

1882 717 2016 771 guas
2040 704 2356 771 respiciens,
2383 704 2595 772 opinor,
2627 701 2897 762 confusas,
2922 702 3003 753 vel
3032 701 3228 756 divisas
3257 704 3429 770 potius

230 789 282 844 in
311 793 481 847 turris
507 791 1029 863 adiﬁcatione.Quid
1048 796 1147 848 hoc
1163 795 1279 864 ipso
1292 805 1746 860 eommonstrans,
1770 794 1875 848 nisi
1894 796 2038 863 quod
2061 810 2249 850 omnes
2273 796 2561 864 aliquando
2583 796 2777 862 lingua:
2797 810 2974 847 secum
2992 803 3172 846 essent
3204 794 3429 861 conjun-

228 884 351 937 ctiin
382 882 440 936 in
468 882 714 937 eamdem
744 883 921 939 laudis
938 882 1165 939 formam
1192 901 1555 955 consensum,
1581 900 1702 940 cum
1722 883 1927 939 scilicet
1962 884 2196 941 Verbum
2215 896 2479 941 terrarum
2502 887 2685 939 orbem
2712 886 3014 938 universum
3048 888 3395 953 occupasset?

1192 1018 1679 1082 FRAGMENTA
1746 983 1932 1083 Α’ᾖΑ
1984 1021 2063 1080 1N
2113 1018 2491 1079 PSALMOS.

1020 1110 1119 1166 (De
1147 1112 1418 1173 lunonis,
1443 1119 1562 1164 Acta
1584 1117 1857 1182 lartyrum
1883 1115 2114 1175 Ostiam,
2142 1129 2191 1177 p.
2227 1114 2317 1161 2‘56
2342 1116 2393 1162 in
2429 1114 2603 1175 textu.)

992 1264 1061 1319 In
1088 1266 1347 1334 psalmum
1397 1284 1523 1333 xxx,
1576 1268 1665 1323 2‘2.
1700 1300 1771 1340 -—_-
1794 1202 1865 1324 lie
1897 1271 2158 1336 triumpho
2181 1270 2303 1338 ﬁdei
2332 1269 2662 1322 Christianae.

291 1355 367 1409 οὐ
414 1356 666 1411 τοσοῦτον
700 1358 971 1428 θαύματος
1021 1360 1164 1425 ἄξιον
1185 1400 1199 1422 ,
1241 1362 1365 1413 ὅταν
1403 1362 1717 1431 ἐμφαίνεται
1752 1367 1780 1416 ό

1955 1363 2107 1417 Haud
2144 1375 2290 1417 tanta
2324 1365 2542 1432 dignum
2577 1379 2698 1417 esse
2730 1364 3080 1420 admiratione
3114 1383 3233 1422 cum
3268 1372 3425 1426 mise-

225 1446 367 1510 ἔλεος
413 1448 510 1500 τοῦ
546 1448 681 1501 Θεοῦ
720 1450 779 1501 ὲν
805 1454 926 1513 ταῖς
972 1452 1312 1521 ήπλωμέναις
1360 1454 1609 1520 πόλεσιν,
1656 1457 1786 1507 ὅσον
1880 1453 1923 1505 ri

1880 1452 2112 1506 ricordia
2180 1451 2272 1505 Dei
2328 1454 2380 1504 in
2442 1455 2775 1509 tenuioribus
2835 1458 3138 1512 civitatibus
3190 1470 3423 1527 apparet.

224 1536 698 1608 θαυμαστούμινος
722 1539 863 1602 τότε,
894 1541 1019 1593 ὅταν
1054 1544 1111 1593 ὲν
1144 1543 1291 1595 πόλει
1326 1547 1579 1614 περιοχῆς
1616 1546 1774 1614 γένη-
1878 1556 1928 1608 qi

1878 1548 2074 1608 quanta
2104 1541 2247 1608 quod
2278 1558 2298 1588 ι
2334 1540 2384 1591 in
2409 1540 2619 1593 civitate
2652 1544 2855 1596 munita
2892 1545 2965 1613 (l)
3009 1565 3026 1596 ι
3060 1547 3109 1599 id
3158 1550 3266 1614 liat,
3301 1566 3424 1617 pro-

224 1641 331 1702 ται,
362 1625 440 1689 ὡς
474 1626 567 1679 καὶ
596 1625 683 1679 διὰ
709 1626 1177 1701 ωὗτοθεὺλόγητον
1207 1627 1363 1685 εἷναι.
1876 1640 1928 1698 pt

1876 1640 2160 1699 ptcreaque
2191 1629 2356 1683 Deum
2380 1645 2498 1687 esse
2530 1633 2873 1687 laudandum.

1792 1726 1830 1778 1.
2198 1768 2201 1777 λ

550 1844 555 1849 .
1528 1794 1595 1847 In
1635 1727 1902 1847 Psali'iltum
1938 1810 2046 1857 LIV,
2080 1792 2162 1844 16.

264 1884 267 1887 ’
293 1878 521 1949 Ἔλεγεν
543 1897 626 1943 τις
656 1884 761 1935 τῶν
798 1882 1057 1946 παλαιῶν,
1086 1884 1288 1947 ζῶντας
1324 1888 1401 1947 εἰς
1429 1886 1553 1955 ᾅδου
1588 1890 1775 1957 κατέρ-
1808 1902 1848 1953 Β

1840 1908 1848 1950 ς
1948 1884 2230 1938 Referebat
2275 1872 2304 1938 ὲ
2339 1885 2642 1939 senioribus
2679 1888 2892 1955 quidam
2938 1890 3081 1943 solos
3108 1891 3225 1945 illos
3255 1894 3305 1946 in
3334 1894 3419 1947 in-

226 1967 412 2037 ιεσθαι
446 1969 639 2040 μόνους
666 1971 791 2034 τοὺς
819 1973 1116 2041 κατήχησιν
1153 1974 1257 2025 τῶν
1294 1974 1448 2026 θείων
1482 1976 1772 2044 παιδευμά-
1877 1976 1925 2029 fe

1877 1976 2085 2029 fernum
2122 1976 2359 2029 viventes
2382 1976 2705 2031 descendere
2725 2014 2739 2041 ,
2786 1983 2877 2047 qui
2903 1980 3097 2035 divinis
3120 1994 3298 2037 essent
3324 1985 3421 2039 do—

224 2074 329 2109 των
358 2056 581 2127 ἔχοντας
598 2077 612 2091 ’
660 2063 688 2113 ό
715 2060 820 2132 γὰρ
856 2063 1110 2130 ἄγευστος
1138 2062 1246 2115 τῶν
1288 2064 1386 2133 τῆς
1415 2065 1557 2135 ζωῆς
1584 2066 1772 2131 λόγων,
1876 2074 1928 2118 ct

1876 2066 2064 2119 ctrinis
2115 2064 2344 2117 instituti
2382 2080 2401 2115 :
2440 2081 2564 2118 nam
2598 2068 2689 2135 qui
2722 2068 2840 2120 vitae
2873 2082 3148 2125 sermones
3187 2088 3292 2127 non
3322 2074 3417 2128 de-

222 2148 428 2217 νεκρός.
1881 2174 1928 2227 gl

1881 2158 2131 2227 gustavit,
2163 2166 2407 2210 mortuus
2434 2166 2533 2209 est.
2988 2180 3007 2216 ,ο

1776 2247 1861 2303 ΙΙΙ.

232 2336 294 2393 ιιι
326 2338 594 2407 psalmum
630 2356 759 2404 Lvu,
798 2343 879 2394 l2.
916 2374 984 2383 —-
1010 2344 1249 2398 Scribam
1277 2358 1429 2396 suum
1457 2342 1774 2463 alloquitzr,‘
1796 2346 1985 2465 viritim,
2009 2354 2065 2395 ut
2089 2345 2313 2408 videtur,
2339 2360 2437 2396 non
2465 2344 2745 2397 indoctum.
2783 2342 2911 2397 Cum
2939 2346 3072 2398 enim
3105 2345 3409 2416 Hippolytus

1709 2429 1754 2463 ιε
1781 2430 1894 2465 asse
1939 2430 1955 2465 :
3378 2432 3399 2457 κ

1709 2429 1913 2466 ιειαειει
1939 2430 1955 2465 .'
3378 2432 3399 2457 Γ

300 2502 453 2554 Ἐπεὶ
490 2502 548 2554 δέ
576 2503 689 2555 ἐστί
727 2521 810 2566 τις
851 2506 1056 2576 καιρὸς,
1090 2507 1146 2557 ὲν
1168 2500 1213 2573 ᾧ
1239 2508 1268 2557 ό
1303 2507 1400 2575 μὲν
1438 2506 1641 2567 δίκαιος
1672 2522 1772 2575 χα-

1938 2506 2041 2561 Sed
2069 2505 2325 2574 quoniam
2356 2514 2566 2574 tempus
2590 2514 2671 2559 est
2691 2500 2977 2575 quoddam,
3009 2509 3060 2560 in
3096 2523 3203 2576 quo
3228 2508 3412 2576 justus

224 2593 465 2661 ρήσεται,
495 2596 543 2645 οἱ
561 2593 616 2646 δὲ
636 2594 940 2665 ἁμαρτωλοὶ
970 2596 1031 2647 τὺ
1057 2594 1241 2665 λεχθὲν
1272 2600 1396 2666 περὶ
1421 2596 1597 2649 αὐτῶν
1624 2597 1774 2659 τέλος
1868 2614 1928 2665 qu

1868 2597 2085 2665 quidem
2132 2596 2385 2662 gaudebit
2411 2635 2427 2659 ,
2456 2605 2762 2665 peccatores
2798 2612 2921 2649 vero
2961 2598 3271 2665 praadictum
3309 2597 3414 2653 illis

222 2682 449 2745 ἕξουσιν,
468 2684 687 2747 εἰκότως
704 2686 983 2754 ὁμολογεῖν
1006 2686 1217 2749 πάντως
1243 2688 1503 2757 προσήκει
1534 2689 1629 2740 καὶ⁵
1652 2689 1777 2740 ἀπο-
1871 2688 1928 2739 Ιίι·

1871 2688 2032 2741 tinem
2083 2687 2355 2741 habebunt
2388 2703 2401 2737 :
2438 2686 2626 2738 nlerito
2672 2683 2943 2738 fatendum
2986 2687 3206 2739 omnino
3240 2701 3304 2741 ac
3330 2689 3415 2741 di-

222 2770 523 2838 φαίνεσθαι,
554 2773 634 2824 ὅτι
675 2773 789 2825 ἐστι
822 2773 954 2835 Θεὸς
990 2772 1181 2845 ἔφορος
1221 2776 1313 2827 καὶ
1348 2775 1639 2838 ἐπίσκοπος
1671 2775 1776 2828 τῶν
1871 2792 1928 2831 ce

1871 2776 2100 2831 cendum
2132 2785 2232 2837 est,
2270 2789 2390 2828 esse
2417 2773 2582 2826 Deum
2610 2774 3103 2843 contemplatorem,
3140 2776 3410 2844 inspecto—

222 2863 277 2913 ἐν
303 2861 606 2933 ἀνθρώποις
635 2865 1035 2933 πραττομένων,
1067 2863 1262 2936 κρίνων
1292 2865 1538 2928 ἅπαντας
1561 2866 1684 2929 τοὺς
1713 2867 1770 2917 ὲν
1874 2880 1928 2917 re

1874 2879 2094 2931 remque
2120 2864 2389 2917 actionum
2418 2862 2772 2913 humanarum
2792 2902 2807 2925 ,
2834 2861 2922 2925 qui
2950 2860 3202 2930 dijudicet
3223 2876 3409 2916 omnes

220 2956 283 3022 τῇ
326 2956 398 3022 γῇ
457 2954 955 3024 πολιτευσαμένους.
1021 2956 1336 3024 Ἐπιστῆσαι
1386 2958 1441 3009 δὲ
1488 2957 1773 3027 προσήκει,
1878 2971 1928 3025 qt

1878 2955 1971 3025 qui
2013 2955 2067 3008 in
2105 2963 2246 3007 terra
2287 2962 2585 3006 versantur.
2638 2948 2804 3003 Porro
2832 2951 3205 3019 inquirendum
3245 2967 3311 3005 an
3346 2968 3409 3005 ea

224 3047 431 3115 μήποτε
472 3047 510 3117 ἠ
548 3045 685 3115 μετὰ
722 3049 903 3116 χεῖρας
938 3048 1254 3117 προφητεία,
1306 3050 1451 3100 πᾶσα
1489 3047 1771 3110 ἀκόλουθος
1876 3062 1928 3114 (ιι

1876 3062 1996 3114 qua:
2022 3059 2129 3114 pra:
2158 3043 2405 3097 manibus
2435 3049 2516 3095 est
2541 3042 2816 3109 prophetia
2835 3081 2848 3104 ,
2883 3055 3005 3093 cum
3037 3055 3256 3108 prorsus
3281 3055 3411 3094 con--

219 3134 350 3189 οὖσα
390 3138 484 3188 καὶ
526 3138 837 3207 συνημμένη
874 3140 991 3202 ταῖς
1032 3137 1136 3208 πρὸ
1170 3137 1338 3205 αὐτῆς
1362 3180 1377 3196 ,
1407 3136 1475 3187 τὰ
1504 3136 1631 3207 τέλη
1657 3136 1771 3189 δια-
1874 3151 1928 3190 se

1874 3144 2124 3194 sentanea
2163 3142 2218 3188 et
2246 3146 2486 3186 connexa
2527 3134 2597 3185 sit
2622 3131 3065 3199 praecedentibus,
3102 3131 3409 3200 liujusmodi

219 3230 405 3300 τράφη
436 3246 448 3258 ⁸
1872 3227 2005 3280 ﬁnes
2022 3224 2391 3295 peccatoribus
2423 3223 2719 3285 describat;

292 3318 421 3373 Hac
458 3317 741 3388 Hippolyto
788 3320 1016 3372 dictante
1040 3362 1057 3385 ,
1079 3322 1447 3389 grammaticus
1478 3320 1645 3386 ipsum
1674 3318 1892 3386 rogavit.
1923 3334 2075 3389 eccur
2097 3318 2237 3389 circa
2256 3314 2717 3389 eam_p_rophetiam
2763 3311 3048 3376 hwsitaret,
3073 3314 3282 3379 perinde
3334 3331 3409 3367 ac.

1087 3384 1133 3442 si
1163 3391 1225 3442 de
1251 3407 1341 3458 ope
1376 3384 1555 3442 divina
1598 3389 1652 3439 in
1681 3384 1749 3440 ea
1769 3388 1941 3439 exsilii
1971 3386 2273 3439 calamitate
2295 3384 2545 3453 diffideret
2568 3398 2586 3434 :
2704 3388 2711 3393 ”

297 3482 609 3552 Ἐπίστησιν
640 3482 668 3533 ό
706 3481 1098 3551 γραμματικὸς,
1147 3482 1288 3544 τίνος
1340 3483 1519 3535 ἕνεκεν
1564 3484 1757 3548 ὲπεση-
1784 3487 1826 3542 C

1929 3481 2096 3533 Instat
2138 3478 2540 3546 grammaticus,
2591 3492 2685 3529 cur
2718 3476 2940 3558 verbum
2973 3475 3261 3547 διαγράφῃ,
3322 3480 3408 3530 de—

222 3574 423 3661 μειώθη
452 3590 541 3643 μοι
564 3572 625 3625 τὸ
642 3572 929 3641 dia-masc"
948 3573 1336 3636 ὑπτακτικῶς,
1359 3574 1432 3635 ὡς
1460 3574 1754 3642 δισταγμὸν
1858 3587 1928 3625 sc:

1858 3570 2075 3630 scribat,
2092 3567 2431 3633 subjunctivo
2454 3567 2612 3618 modo
2642 3582 2678 3619 a
2703 3581 2787 3619 me
2810 3576 3122 3634 usurpatum
3140 3568 3228 3631 sit,
3251 3568 3402 3636 quasi

218 3655 544 3733 ὑποφαίνων.
1861 3659 1928 3712 du

1861 3656 2243 3712 dubitationem
2264 3655 2513 3707 insinuet.

1426 3753 1734 3823 Hippolytus
1760 3769 1880 3821 ergo
1911 3750 2175 3818 respondit
2202 3768 2217 3800 :

264 3842 267 3847 ι
283 3856 442 3922 Οἶδας
455 3860 511 3912 δὲ
526 3859 758 3920 πάντως,
782 3857 861 3908 ὅτι
878 3853 945 3905 τὰ
970 3852 1078 3905 τῶν
1104 3850 1352 3903 τοιούτων
1368 3847 1756 3919 σχηματισμῶν

1929 3843 2049 3897 Scis
2090 3851 2266 3896 autem
2309 3840 2547 3901 omnino,
2587 3840 2675 3893 illa
2708 3854 2826 3909 quae
2875 3839 3172 3894 istiusmodi
3213 3840 3408 3896 forma-

140 3960 141 3963 “
215 3954 291 4016 ei;
320 3951 690 4019 ὑποτακτικὴν
717 3946 1068 4016 ἀναφέρονται
1104 3942 1353 4011 ἔκκλησιν
1383 3939 1487 3991 τῶν
1512 3938 1608 4001 τὰς
1633 3936 1757 4007 περὶ
1782 3930 1785 3931 ν
1858 3934 1928 3987 tio

1858 3934 2062 3987 tionum
2090 3940 2232 3992 sunt,
2261 3929 2326 3983 ad
2355 3929 2747 3997 subjunctivam
2782 3926 2967 3981 referri
2994 3930 3405 3998 increpationem

214 4036 447 4107 Χριστοῦ
474 4034 803 4107 προφητείας
829 4030 1183 4103 μελετώντων,
1209 4030 1299 4081 καὶ
1330 4027 1665 4095 δικαιοσύνην
1684 4024 1759 4094 τῷ

214 4131 441 4199 στόματι
491 4125 805 4189 λαλούντων,
852 4121 925 4192 μὴ
968 4120 1065 4190 μὲν
1115 4119 1561 4189 παραδεξαμένων
1601 4118 1761 4171 αὐτὸν

212 4208 453 4282 ἐλθόντα,
488 4217 619 4289 μηδὲ
644 4212 1049 4269 ὲπακουσάντων
1083 4209 1245 4264 αὑτοῦ
1267 4211 1363 4279 τῆς
1391 4211 1570 4279 φωνῆς
1599 4208 1762 4279 βοῶν-

211 4329 300 4375 τος
359 4310 498 4379 πρὸς
549 4308 741 4370 αὐτοὺς
792 4306 884 4357 καὶ
937 4304 1180 4371 λέγοντος
1199 4317 1211 4330 ·
1270 4319 1288 4351 ι
1358 4302 1411 4351 '0
1451 4301 1610 4369 ἔχων
1638 4296 1759 4354 ὦτα

207 4402 451 4456 ἀκούειν
504 4395 788 4451 ἀκουέτωο
834 4396 1022 4458 οἵτινες
1085 4393 1366 4463 ὠμοίωσαν
1406 4393 1625 4452 ἑαυτοὺς
1680 4389 1757 4458 τῷ

207 4494 327 4561 ὕφει
348 4530 364 4552 ,
408 4489 504 4565 καὶ
530 4487 599 4540 τὰ
627 4480 740 4539 ὦτα
768 4484 942 4539 αὐτῶν
986 4484 1336 4553 πεποιήκασιν
1378 4481 1506 4532 ὡσεὶ
1542 4478 1758 4565 ἀσπίδος

208 4580 421 4649 ωφῆς,
452 4562 489 4629 Vs
534 4576 627 4629 καὶ
653 4575 720 4627 τὰ
752 4574 877 4642 ἑξῆς
898 4573 1097 4626 τούτων
1133 4569 1405 4641 εἰρημένα.
1460 4570 1643 4619 Ἔστιν
1663 4562 1755 4618 οὖν

112 4690 121 4693 -
208 4663 424 4734 ἀληθῶς
459 4663 489 4715 6
519 4661 901 4731 ἐπιμελόμενος
922 4659 1028 4712 τῶν
1056 4660 1276 4713 δικαίων
1305 4656 1453 4718 Θεὸς,
1487 4656 1581 4707 καὶ
1609 4655 1757 4709 δικά-

207 4757 317 4819 ζων
343 4756 442 4825 μὲν
472 4755 648 4814 αὐτοῖς
682 4749 1045 4820 ἀδικουμένοις
1073 4751 1162 4803 ἐπὶ
1197 4747 1454 4817 τῆςγῆςῇ
1484 4745 1754 4816 τιμωρού-

209 4859 371 4912 μενος
395 4843 451 4895 δὲ
476 4844 599 4904 τοὺς
616 4838 923 4909 τολμῶντας
948 4839 1140 4901 αὐτοὺς
1156 4837 1373 4890 ἀδικεῖν.

1754 4928 1836 4981 ιγ.

1180 5021 1243 5072 In
1283 5019 1537 5086 psalmum
1573 5017 1833 5081 t.vm,2"l.

276 5114 373 5167 Διδ
428 5114 520 5167 καὶ
565 5115 724 5187 μέχρι
755 5116 851 5185 τῆς
892 5115 1126 5184 σήμερον
1156 5115 1386 5185 ὁρῶντες
1419 5114 1544 5175 τοὺς
1583 5113 1755 5182 ὅρους,

208 5206 301 5259 καὶ
324 5204 509 5274 κύκλῳ
529 5207 822 5274 περιϊόντες
844 5203 1120 5274 πόῤῥωθεν
1150 5204 1403 5256 ἵστανται.
1437 5202 1632 5255 Οὐκέτι
1655 5196 1747 5253 οὖν

207 5292 478 5361 βασιλεὺς,
517 5294 637 5345 οὐδὲ
677 5293 959 5364 ἀρχιερεὺς
1002 5280 1119 5343 οὐδὲ
1151 5294 1455 5363 προφήτης,
1492 5292 1603 5343 ἀλλ’
1635 5291 1752 5344 οὐδὲ

206 5383 553 5453 γραμματεῖς
583 5384 674 5434 καὶ
714 5383 982 5454 φαρισαῖοι
1020 5380 1111 5430 καὶ
1144 5380 1469 5435 σαδδουκατοι
1506 5381 1631 5451 παρ’
1659 5381 1754 5433 αὺ-

205 5472 317 5531 τοῖς
351 5467 504 5519 εῐσίν.
536 5470 610 5521 Οὐ
647 5470 744 5539 μὲν
772 5472 862 5525 καὶ
890 5467 1283 5535 ἀποκτανθῆναι
1317 5487 1479 5539 φησι·
1520 5470 1599 5522 διὸ
1635 5487 1754 5522 συν-

207 5559 440 5626 ιστηκεν
478 5557 653 5609 αὐτῶν
691 5560 751 5612 τὸ
779 5560 930 5628 γένος
950 5602 964 5624 ,
997 5560 1092 5612 καὶ
1117 5556 1223 5609 τῶν
1254 5558 1452 5611 παίδων
1480 5561 1511 5628 ἦ
1544 5560 1754 5631 διαδοχὴ

277 5673 299 5704 τ
331 5669 522 5725 latth.
546 5685 620 5732 ιι,
648 5670 733 5723 15.

284 5784 371 5853 υ)
410 5786 585 5854 Ipsam
617 5783 802 5840 urbem
834 5784 1043 5854 imperii
1078 5788 1254 5843 sedem
1291 5786 1555 5857 intelligit.

1859 4037 2046 4077 eorum
2073 4021 2163 4090 qui
2192 4021 2310 4074 illas
2337 4036 2457 4089 quae
2477 4021 2542 4074 de
2570 4019 2783 4072 Christo
2810 4026 2936 4072 sunt
2963 4019 3265 4088 propbetias
3293 4036 3406 4074 mc-
3430 4028 3431 4031 ‘

1861 4115 2103 4168 ditantur
2140 4113 2376 4180 quidem,
2421 4118 2475 4166 et
2516 4111 2775 4179 justitiam
2823 4122 2917 4160 ore
2962 4109 3353 4177 proloquuntur
3388 4128 3400 4162 :

1865 4204 1957 4257 sed
1992 4203 2165 4270 ipsum
2196 4202 2566 4254 advenientem
2586 4217 2694 4254 non
2720 4197 3004 4265 recipiunt,
3031 4192 3401 4265 neQuevocem

1859 4296 1979 4361 ejus
2012 4293 2236 4345 audiunt
2262 4292 2545 4344 clamantis
2561 4300 2719 4359 atque
2745 4287 2973 4341 dicentis
3004 4304 3017 4338 ι
3062 4308 3079 4339 ι
3114 4287 3217 4354 Qui
3248 4291 3402 4345 habet

1860 4398 2009 4434 aures
2038 4381 2285 4434 audiendi
2329 4382 2509 4435 audiat
2537 4383 2591 4435 ':
2640 4383 2733 4463 qui
2778 4384 3180 4452 assimilaruntl
3208 4393 3401 4437 semet-

1859 4472 2003 4541 ipsos
2063 4472 2331 4539 serpenti,
2378 4482 2431 4526 et
2454 4486 2610 4526 aures
2639 4487 2767 4527 suas
2800 4472 3045 4528 fecerunt
3086 4473 3225 4528 sicut
3265 4473 3403 4539 aspi-

1859 4561 1942 4617 dis
2006 4561 2233 4616 surdae:
2276 4582 2295 4615 ι
2341 4572 2393 4617 et
2422 4579 2541 4634 quae
2585 4563 2777 4618 exinde
2846 4563 2987 4619 dicta
3050 4572 3192 4617 sunt.
3258 4559 3399 4612 Deus

1860 4652 2039 4721 itaque
2062 4654 2327 4721 justorum
2359 4670 2542 4709 revera
2566 4670 2750 4708 curam
2772 4655 2925 4724 gerit,
2954 4664 3112 4721 atque
3128 4651 3257 4719 ipsis
3281 4652 3373 4717 qui

1860 4742 1979 4796 dem
2012 4744 2261 4811 injuriani
2294 4748 2469 4812 passis
2500 4747 2553 4799 in
2589 4756 2727 4799 terra
2747 4746 2835 4814 jus
2859 4745 3019 4807 dicit;
3051 4743 3242 4811 premit
3275 4757 3397 4796 vero

1860 4834 1981 4887 illos
2012 4834 2102 4904 qui
2137 4834 2361 4903 injurias
2390 4835 2520 4902 ipsis
2553 4834 2749 4887 inferre
2770 4842 3117 4901 praesumunt.

1863 5046 1929 5057 --
1958 5014 1996 5069 C
2003 5027 2152 5068 antra
2193 5016 2435 5068 Iudaeos-

1935 5112 2136 5165 Idcirco
2159 5112 2316 5163 etiam
2346 5124 2514 5177 usque
2539 5109 2589 5161 in
2621 5109 2759 5162 hanc
2793 5110 2935 5163 diem
2957 5110 3191 5163 videntes
3221 5108 3393 5176 regio-

1857 5201 1940 5253 nis
1968 5200 2237 5252 limites'et
2259 5198 2672 5263 circumeuntes,
2696 5197 2907 5253 eminus
2926 5196 3242 5251 consistunt.
3278 5194 3391 5249 Non

1860 5290 2088 5357 amplius
2121 5288 2301 5355 itaque
2332 5288 2413 5341 vel
2450 5304 2563 5353 rex,
2602 5290 2681 5343 vel
2708 5288 2963 5358 pontifex.
3009 5285 3086 5337 vel
3113 5286 3390 5356 pr0plicta,

1859 5379 1950 5433 sed
1999 5392 2169 5445 neque
2219 5376 2418 5434 Scriba
2457 5389 2512 5432 et
2563 5378 2812 5435 Pharisazi
2856 5394 2919 5434 ac
2949 5375 3225 5432 Sadducati
3255 5379 3392 5447 apud

1862 5471 2007 5538 ipsos
2046 5478 2188 5522 sunt.
2230 5468 2604 5523 Verumtamen
2642 5484 2744 5523 non
2770 5469 2901 5537 petit
2928 5475 2988 5521 ut
3026 5468 3337 5523 occidantur
3373 5484 3388 5518 :

1861 5567 2181 5630 quapropter
2210 5567 2263 5614 et
2295 5575 2463 5630 genus
2489 5575 2672 5620 eorum
2700 5558 2976 5627 subsistit,
3014 5569 3067 5615 et
3102 5558 3391 5614 liberorum
