4098 6362
742 495 839 551 751

1370 496 1428 551 S.
1470 494 1828 551 HIPPOLYTI
1860 494 2026 552 OPP.‘
2061 495 2241 551 PARS
2277 495 2281 549 l

2394 472 2463 535 -ί
2514 468 2815 571 pocna'r.
2867 460 2954 548 ET
2993 488 3333 548 HlSTOth.

3848 496 3953 551 73?.

740 627 925 664 veram
950 626 1106 666 suam
1134 611 1272 664 viam
1304 610 1591 665 convertit.
1622 610 1797 679 Atque
1829 609 1916 664 his
1952 611 2170 679 quidem
2196 609 2281 679 qui

2392 606 2481 661 τοῦ
2519 607 2775 679 ἀληθινὴν
2807 606 2952 660 ὁδόν·
2982 608 3083 665 καὶ
3127 611 3240 669 τοῖς
3272 608 3541 676 μὲνμετὰ
3578 605 3813 671 πίστεως
3853 608 3952 679 (si-

740 702 843 755 fide
876 710 1146 769 quaerunt,
1181 699 1335 753 facile
1360 700 1669 754 invenitur:
1702 701 1787 754 his
1816 709 1995 754 autem
2023 702 2114 769 qui
2137 701 2294 753 mun-

739 790 824 846 dis
854 788 1026 843 oculis
1046 797 1100 841 et
1130 799 1279 849 casto
1306 788 1467 841 corde
1491 788 1689 842 ostium
1718 786 1934 858 pulsare
1960 776 2289 855 desiderant,

739 878 1031 935 confestim
1065 877 1258 946 aperit.
1308 875 1527 931 Nullum
1558 878 1703 932 enim
1737 894 1962 935 suorum
2012 879 2291 933 servorum

730 970 951 1037 reiicit,
994 970 1149 1037 quasi
1193 969 1501 1022 divinorum
1552 970 1937 1039 mysteriorum
1985 971 2286 1041 indignum.

739 1058 856 1115 Non
890 1060 1107 1113 divitem
1141 1074 1377 1129 paupere
1419 1058 1587 1126 pluris
1613 1060 1759 1123 facit,
1791 1076 1969 1130 neque
2002 1077 2289 1130 pauperem

737 1168 836 1222 pro
866 1151 984 1219 ejus
1016 1151 1276 1205 tenuitate
1305 1150 1528 1216 spernit.
1559 1147 1675 1202 Non
1708 1150 1943 1204 barbaro
1969 1153 2287 1219 exprobrat,

736 1260 835 1297 nec
868 1243 1176 1297 eunuchum
1210 1241 1365 1309 quasi
1397 1254 1505 1292 non
1545 1238 1719 1292 virum
1753 1241 1981 1309 ablegat.
2022 1241 2137 1303 Non
2181 1244 2292 1297 odit

735 1334 992 1387 feminam
1026 1337 1096 1385 ob
1122 1333 1309 1401 primae
1341 1332 1566 1401 originis
1599 1333 2038 1398 inobedientiam,
2068 1350 2168 1388 nec
2210 1336 2289 1391 vi-

735 1439 856 1477 rum
884 1422 952 1475 ob
978 1420 1423 1489 transgressionis
1452 1431 1656 1473 reatum
1684 1419 1959 1488 deturpat;
1987 1422 2078 1475 sed
2099 1438 2287 1477 omnes

735 1517 851 1568 vult
878 1527 1173 1580 omnesque
1214 1514 1421 1566 salvare
1459 1514 1745 1566 desiderat.
1785 1512 1984 1567 Omnes
2022 1512 2115 1569 Dei
2150 1514 2288 1568 tllios

708 1614 995 1674 .praestare
1022 1604 1153 1665 vult,
1176 1613 1502 1672 sanctosque
1527 1618 1715 1656 omnes
1738 1604 1790 1657 in
1820 1620 1985 1657 unum
2015 1605 2286 1659 hominem

710 1696 1031 1765 ,perfectum
1060 1706 1234 1749 vocat.
1262 1694 1478 1749 Nam-et
1511 1712 1649 1750 unus
1669 1695 1764 1750 Dei
1794 1697 1964 1752 Filius
1994 1707 2097 1761 est,
2130 1698 2286 1768 cujus

733 1786 899 1839 etiam
961 1802 1060 1840 nos
1120 1802 1341 1841 munere
1404 1802 1497 1854 per
1547 1786 1804 1854 Spiritum
1845 1796 2091 1843 sanctum
2160 1788 2289 1841 ade-

731 1878 806 1944 pti
846 1878 1338 1945 regenerationem,
1374 1878 1429 1930 in
1464 1891 1629 1930 unum
1684 1876 1978 1945 perfectum
2016 1893 2079 1932 ac
2122 1878 2284 1933 caele-

730 1976 869 2021 stem
897 1968 1169 2022 hominem
1200 1984 1388 2027 omnes
1414 1985 1699 2024 occurrere
1727 1978 1977 2038 optamus
1997 1971 2037 2023 ⁷.

750 2176 753 2177 ν
798 2144 887 2199 lV.
931 2146 1020 2201 Dei
1054 2148 1197 2201 enim
1243 2146 1514 2210 Verbum,
1555 2164 1679 2203 cum
1747 2162 1890 2203 esset
1956 2149 2137 2203 carnis
2177 2162 2279 2201 ει.

726 2250 873 2304 pers,
928 2246 1166 2290 sanctam
1225 2252 1444 2291 carnem
1484 2252 1549 2290 ex
1606 2248 1792 2291 sancta
1825 2221 2044 2308 Virgine
2090 2236 2281 2302 induit,

728 2332 986 2392 tanquam
1040 2340 1272 2392 sponsus
1336 2328 1436 2380 sibi
1490 2328 1662 2395 ipsam
1716 2329 1771 2381 in
1814 2329 1993 2381 crucis
2043 2329 2285 2396 patibulo

727 2423 930 2467 vestem
979 2424 1307 2480 contexens;
1362 2429 1471 2484 quo
1520 2415 1779 2469 nimirum
1823 2418 2049 2471 mortale
2088 2430 2283 2485 corpus

726 2514 971 2558 nostrum
1032 2520 1145 2558 sua:
1203 2506 1491 2560 adunando
1543 2508 1770 2569 virtuti,
1806 2517 1885 2560 'et
1939 2508 2283 2576 corruptibile

726 2595 1160 2664 incorruptibili,
1217 2598 1490 2651 infirmum
1559 2598 1683 2651 forti
1748 2598 2018 2662 miscens,
2080 2598 2284 2653 homini

725 2686 818 2756 qui
850 2688 1081 2756 perierat
1112 2688 1341 2742 salutem
1373 2697 1677 2767 praestaret,
1708 2688 1801 2742 Est
1830 2690 1989 2758 igitur
2021 2690 2283 2746 textorius

722 2777 919 2842 malus,
950 2792 1074 2847 quae
1124 2778 1178 2832 in
1230 2793 1392 2833 cruce
1438 2790 1649 2847 peracta
1702 2778 1916 2833 Domini
1954 2781 2137 2848 passio
2165 2790 2279 2845 est;

721 2876 932 2921 stamen
984 2868 1038 2921 in
1080 2883 1167 2933 eo,
1206 2871 1378 2923 sancti
1415 2868 1649 2939 Spiritus
1689 2870 1897 2933 virtus;
1928 2878 2122 2934 trama,
2157 2886 2283 2923 san-

722 2967 808 3013 cta
837 2974 965 3011 caro
997 2957 1202 3028 Spiritu
1233 2969 1516 3028 contexta;
1559 2962 1766 3025 licium,
1796 2977 1917 3030 quae
1953 2977 2049 3030 per
2074 2961 2278 3016 Christi

721 3048 1036 3101 charitatem
1056 3051 1223 3118 gratia
1246 3060 1473 3119 utraque
1496 3053 1744 3122 astringit
1758 3062 1809 3106 et
1827 3054 1881 3106 in
1900 3069 2065 3107 unum
2084 3054 2277 3114 nectit':

721 3137 881 3201 radii,
909 3135 1181 3203 Verbum;
1217 3148 1450 3197 textores
1504 3142 1735 3209 denique
1767 3143 2021 3207 artiﬁces,
2054 3144 2281 3211 patriar-

670 3290 679 3301 .
712 3226 837 3307 ‘chae
861 3235 914 3280 et
944 3229 1233 3294 prophetae,
1260 3230 1542 3296 pulchrum
1570 3230 1769 3283 Christi
1801 3240 2146 3286 cdntexentes
2183 3247 2277 3302 po—
2302 3266 2345 3321 ϐ
2384 3232 2404 3279 ι

2392 694 2575 747 τοῦσιν
2606 694 2839 758 εὐκόλως
2877 695 3286 766 εὑρισκόμενος·
3335 700 3445 758 τοῖς
3474 695 3529 748 δὲ
3558 695 3815 768 καθαροῖς
3853 697 3952 766 6p.-

2396 802 2525 854 μασι
2546 786 2638 869 καὶ
2666 786 2801 855 ἁγνῇ
2830 784 3025 855 καρδίᾳ
3047 786 3261 857 κρούειν
3289 785 3385 855 τὴν
3417 776 3586 856 θύραν
3620 787 3733 857 (15)
3760 787 3952 839 ἐπιθυ-

2395 875 2603 945 μοῦσιν,
2629 875 2790 937 εὐθὺς
2813 876 3174 945 ἀνοιγόμενος.
3212 875 3410 928 Οὐδένα
3453 874 3560 947 γάρ
3585 875 3949 930 ἁποὸάλλεται

2390 966 2496 1018 τῶν
2546 965 2735 1019 ἑαυτοῦ
2783 966 3001 1031 δούλων,
3052 968 3125 1031 ὡς
3160 968 3232 1037 μὴ
3267 968 3392 1021 ὄντα
3437 970 3583 1034 ἄξιον
3634 969 3742 1020 τῶν
3786 967 3947 1018 θείων

2372 1057 2731 1127 νμυστηρίωνο
2782 1060 2841 1109 ού
2887 1058 3136 1110 πλούσιον
3191 1059 3468 1128 προτιμῶν
3510 1059 3773 1129 πένητος’
3823 1056 3948 1108 οὐδὲ

2391 1146 2594 1214 πένητα
2637 1146 2724 1198 διὰ
2767 1146 2827 1198 τὸ
2868 1148 3081 1217 μέτριον
3129 1146 3451 1212 ὲξουθενῶνο
3502 1146 3950 1216 οὐδὲ¹βάρ6αρον

2388 1236 2678 1299 ὀνειδίζων,
2718 1219 2835 1289 οὐδέ
2882 1238 2973 1290 τὸν
2999 1236 3249 1305 εὐνοῦχον
3277 1237 3350 1300 ὼς
3390 1237 3462 1307 μὴ
3488 1236 3792 1308 ἄνθρωπον,
3822 1237 3953 1303 ἀφο-

2391 1327 2582 1400 ρίξων⁸
2614 1329 2732 1381 οὐδὲ
2766 1328 2897 1397 θῆλυ
2930 1328 3019 1380 διὰ
3056 1330 3153 1397 τὴν
3186 1329 3416 1398 ὲξαρχῆς
3443 1327 3738 1397 γενομένην
3772 1341 3951 1396 παρα-

2390 1419 2518 1488 κοὴν
2541 1420 2730 1490 μισῶν,
2766 1420 2885 1471 οὐδὲ
2915 1420 3007 1472 τὸν
3041 1419 3243 1489 ἁρῤενα
3276 1419 3359 1471 διὰ
3385 1419 3482 1489 τὴν
3514 1418 3825 1489 παράϐασιν
3840 1417 3951 1469 ἀτι-

2391 1509 2606 1579 μάζων·
2642 1509 2775 1561 ἁλλὰ
2804 1510 3008 1571 πάντας
3040 1510 3204 1561 θέλων
3230 1512 3322 1562 καὶ
3355 1509 3559 1571 πάντας
3592 1508 3784 1571 σώζειν
3826 1509 3947 1559 ἐπι-

2388 1599 2845 1670 θυμῶν,”πάντας
2900 1601 3048 1662 υἱοὺς
3096 1600 3228 1652 Θεοῦ
3272 1601 3592 1670 καταρτίσαι
3637 1599 3808 1651 θέλων
3853 1598 3948 1649 καὶ

2385 1693 2509 1755 τοὺς
2542 1691 2748 1753 πάντας
2767 1692 2952 1757 ἁγίους
2980 1694 3057 1753 είς
3078 1691 3172 1742 ἕνα
3196 1692 3398 1743 τέλειον
3431 1690 3716 1760 ἄνθρωπον
3738 1686 3940 1739 καλῶν·

2386 1778 2462 1845 εἷς
2492 1781 2603 1851 γάρ
2635 1782 2727 1833 κα)⁵
2749 1782 2775 1832 ὁ
2795 1778 2887 1831 τοῦ
2922 1778 3056 1832 Θεοῦ
3096 1783 3241 1842 παῖς,
3269 1782 3337 1832 δι’
3356 1776 3415 1833 οῦ
3443 1781 3536 1833 καὶ
3562 1780 3721 1848 ἡμεῖς
3764 1775 3950 1847 τυχόν-

2387 1888 2477 1935 τες
2507 1871 2605 1941 τὴν
2637 1869 2725 1923 διὰ
2774 1867 2867 1921 τοῦ
2908 1869 3062 1937 ἁγίου
3100 1870 3408 1939 Πνεύματος
3444 1869 3823 1937 ἁναγέννησιν,
3870 1868 3948 1927 είς

2318 1941 2359 2007 Β
2385 1960 2481 2013 ἕνα
2504 1960 2701 2013 τέλειον
2733 1959 2825 2011 καὶ
2857 1962 3171 2030 ἐπουράνιον
3202 1961 3479 2032 ἄνθρωπον
3500 1961 3549 2012 οἱ
3568 1959 3769 2021 πάντες
3805 1956 3942 2011 κατε-

2383 2052 2608 2120 αντῆσαι
2637 2050 3031 2121 ἐπιθυμοῦμεν.
3420 2050 3423 2053 ’
3596 2092 3599 2095 ,
3715 2119 3721 2127 .

2462 2142 2679 2212 Ἐπειδὴ
2712 2142 2818 2213 γάρ
2858 2144 2885 2194 ὁ
2912 2143 3087 2209 Λόγος
3134 2140 3225 2200 τοῦ
3267 2140 3401 2193 Θεοῦ
3448 2142 3683 2211 ἄσαρκος
3710 2138 3786 2191 ὢν
3812 2137 3949 2209 (16),

2347 2232 2664 2294 ’ἐνεδύσατο
2704 2233 2800 2303 τὴν
2844 2233 3003 2300 ἁγίαν
3049 2232 3226 2301 σάρκα
3271 2233 3333 2283 ἐκ
3387 2231 3487 2300 τῆς
3524 2232 3681 2299 ἁγίας
3732 2228 3951 2301 Παρθέ-

2384 2340 2508 2386 νου,
2561 2324 2639 2385 ὼς
2690 2323 2917 2391 νυμφίος
2962 2322 3171 2391 ἱμάτιον
3225 2320 3487 2388 ὲξυφάνας
3530 2321 3709 2391 ἑαυτῷ
3758 2324 3819 2375 ὲν
3874 2321 3951 2390 τῷ

2386 2414 2658 2485 σταυρικῷ
2705 2414 2880 2477 πάθει,
2925 2409 3080 2475 ὅπως
3111 2414 3448 2483 συγκεράσας
3477 2415 3538 2465 τὸ
3566 2414 3758 2485 θνητὸν
3789 2414 3954 2483 ἡμῶν

2386 2507 2543 2576 σῶμα
2583 2504 2652 2576 τῇ
2702 2504 2892 2559 ἑαυτοῦ
2935 2505 3192 2575 δυνάμει,
3238 2507 3329 2557 καὶ
3373 2506 3529 2576 μίξας
3564 2504 3639 2574 τῷ
3685 2505 3955 2577 ἀφθάρτῳ

2386 2598 2499 2668 (17)
2532 2596 2591 2649 τὺ
2626 2596 2860 2668 φθαρτὸν
2909 2598 3001 2650 καὶ
3048 2592 3109 2650 τὸ
3153 2596 3374 2658 ἀσθενὲς
3424 2596 3501 2667 τῷ
3535 2598 3757 2666 ἰσχυρῷ,
3798 2596 3956 2667 σώσῃ

2383 2688 2473 2741 τὸν
2520 2688 2884 2758 ἀπολλύμενον
2925 2687 3225 2761 ἄνθρωπον.
3268 2688 3424 2739 Ἔστι
3455 2690 3551 2757 μὲν
3579 2684 3673 2740 οὖν
3717 2689 3745 2739 ὁ
3778 2687 3951 2751 ἱστὸς,

2382 2776 2475 2832 τοῦ
2507 2780 2706 2852 Κυρίου
2757 2782 2817 2833 τὸ
2848 2778 3017 2841 πάθος
3057 2777 3117 2830 τὸ
3146 2777 3239 2831 ἐπὶ
3274 2777 3363 2847 τῷ·
3401 2776 3619 2847 σταυρῷ
3644 2780 3956 2847 γεγενημέο

2382 2887 2491 2921 νον⁶
2539 2872 2759 2941 στήμων
2804 2870 2860 2923 δὲ
2907 2870 2964 2921 ὲν
2993 2866 3170 2935 αὐτῷ,
3204 2868 3237 2936 ὴ
3280 2866 3372 2917 τοῦ
3426 2866 3579 2932 ἁγίου
3628 2865 3955 2934 Πνεύματος

2382 2960 2625 3031 δύναμις·
2662 2961 2832 3029 κρόκη
2864 2958 2943 3019 δὲ,
2971 2958 3004 3027 ἡ
3028 2956 3157 3023 ἁγία
3186 2944 3322 3025 σὰρξ
3351 2952 3740 3025 ἐνυφαινομένη
3778 2956 3957 3014 Πνεύ-

2383 3067 2529 3121 ματι·
2571 3050 2721 3119 μίτος
2752 3048 2806 3099 δὲ
2833 3088 2845 3107 ,
2898 3048 2932 3115 ἡ
2980 3043 3045 3097 δι’
3077 3044 3293 3114 ἀγάπης
3325 3044 3557 3114 Χριστοῦ
3589 3044 3746 3114 χάρις
3790 3046 3959 3113 σφίγ-

2380 3155 2548 3206 γουσα
2575 3138 2667 3189 καὶ
2700 3133 2985 3189 ἐνοῦσατὰ
3022 3134 3303 3205 ἀμφότερα
3351 3137 3430 3203 εἰς
3461 3136 3539 3189 ἓν·
3575 3135 3829 3207 κερκίδες
3863 3138 3950 3201 δὲ,

2460 3230 2644 3293 Λόγοςο
2695 3228 2741 3275 οἱ
2781 3223 3183 3293 διεργαζόμενοι
3222 3224 3353 3296 (18),
3394 3227 3728 3297 πατριάρχαι
3757 3244 3821 3279 τε
3860 3229 3954 3280 καὶ

720 3316 901 3369 derem
953 3333 1014 3370 ac
1063 3317 1352 3385 perfectam
1401 3320 1674 3382 tunicam;
1726 3334 1820 3386 per
1864 3337 1998 3387 quas
2043 3319 2275 3373 Verbum

2380 3316 2678 3399 προφῇται,
2726 3315 2774 3366 οἱ
2821 3314 2910 3365 τὸν
2945 3315 3105 3368 καλὸν
3141 3317 3344 3388 ποδήρη
3379 3319 3470 3371 καὶ
3509 3318 3711 3372 τέλειον
3741 3319 3953 3387 χιτῶνα

720 3408 1039 3474 pervadens,
1068 3407 1342 3461 radiorum
1388 3425 1555 3473 more,
1591 3410 1799 3462 illarum
1830 3425 1990 3477 opera
2021 3412 2275 3473 contexit,

720 3511 781 3550 ea
813 3513 932 3565 qua:
958 3496 1099 3551 Patri
1135 3500 1319 3552 libent.

792 3673 858 3726 ν.
899 3674 1094 3729 Verum
1116 3676 1376 3743 quoniam
1403 3674 1514 3742 jam
1550 3684 1763 3743 tempus
1790 3681 1944 3742 urget
1971 3673 2038 3726 ad
2064 3664 2125 3728 ea
2156 3690 2275 3742 quae

722 3768 879 3820 nobis
931 3777 1249 3836 argumento
1300 3767 1573 3835 proposita
1625 3776 1787 3828 sunt,
1842 3779 1965 3819 cum
2014 3764 2279 3821 sufﬁciant

718 3872 840 3924 qua
865 3859 917 3911 in
941 3859 1161 3910 exordio
1185 3859 1253 3910 ad
1284 3858 1375 3911 Dei
1403 3858 1627 3926 gloriam
1654 3858 2041 3924 perora-vimus,
2063 3872 2275 3926 aequum

2377 3408 2684 3474 ὑφαίνοντες
2735 3405 2981 3475 Χριστῷ,
3015 3405 3082 3457 δι’
3134 3401 3206 3459 ὦν
3261 3409 3289 3458 ὁ
3335 3409 3502 3475 Λόγος
3554 3407 3950 3477 διῖκνούμενος,

2328 3504 2329 3507 ‘
2377 3492 2634 3561 κερκίδων
2668 3493 2839 3562 δίκην,
2878 3491 3152 3561 ἐξυφαίνει
3184 3494 3248 3545 δι’
3283 3495 3457 3548 αὐτῶν
3490 3495 3639 3547 ταῦθ’
3664 3497 3809 3566 άπερ
3835 3496 3954 3564 βού-

2377 3580 2524 3633 λεται
2554 3584 2819 3652 ὁιηατήρ,

2466 3680 2601 3731 Ἀλλ’
2638 3681 2823 3751 ἐπειδὴ
2855 3684 3038 3752 καιρὸς
3070 3683 3251 3733 λοιπὸν
3286 3683 3392 3753 (19)
3420 3685 3639 3735 ἀπαιτεῖ
3667 3683 3780 3751 (ἳο)
3812 3683 3950 3753 πρὸς

2382 3771 2447 3822 τὰ
2481 3770 2842 3840 ὑποκείμενα,
2884 3772 3166 3842 αὐταρκῶν
3204 3772 3370 3825 ὄντων
3400 3773 3507 3825 τῶν
3547 3776 3604 3825 ἐν
3645 3773 3723 3843 τῷ
3758 3790 3949 3841 προοι-

2386 3861 2492 3929 μίῳ
2535 3860 2644 3929 (21)
2682 3863 2761 3923 εἰς
2802 3861 2957 3924 δόξαν
3008 3862 3142 3914 Θεοῦ
3186 3864 3504 3933 εἰρημένων,
3548 3862 3753 3915 δίκαιόν
3794 3865 3947 3915 ἐστιν

718 3954 800 3999 est
830 3955 885 3998 ut
932 3946 1300 4014 aggredientes
1354 3946 1499 4013 ipsas
1547 3945 1758 4000 divinas
1806 3944 2149 4013 Scripturas,
2206 3963 2271 4002 ex

2378 3953 2519 4021 ἡμᾶς
2565 3951 2940 4020 ἐφαψαμένους
2974 3952 3082 4021 (2‘2)
3124 3954 3296 4006 αὐτῶν
3339 3953 3444 4006 τῶν
3492 3953 3646 4007 θείων
3686 3952 3942 4020 Γραφῶν,

792 4060 813 4086 ¹
846 4058 1041 4129 Ephes.
1069 4077 1140 4124 ιν,
1176 4060 1261 4113 15.

792 4175 899 4249 (15)
932 4176 1074 4249 ’Τὴν
1124 4178 1325 4249 (ignare.
1385 4175 1507 4231 Haec
1561 4176 1698 4231 male
1755 4175 2079 4231 omittuntur
2134 4178 2273 4247 apud
2377 4178 2624 4249 Cumque
2653 4188 2762 4234 tota
2794 4182 3115 4237 tractatione
3159 4180 3539 4249 Antichri‘stum
3574 4170 3795 4233 Christo
3837 4195 3941 4249 0p-

720 4241 1118 4298 Combelisinm.
1158 4241 1372 4301 Finem.

796 4313 905 4443 (16)
936 4315 1056 4365 Ὧν.
1090 4314 1214 4383 Leg.
1245 4312 1331 4385 ἦν.
1359 4315 1493 4369 Gnn.

796 4382 882 4443 (17
934 4384 1039 4433 Καὶ
1062 4384 1241 4443 μίξας
1266 4384 1344 4443 τῷ
1376 4386 1493 4443 dsco

795 4382 905 4447 (17)
934 4384 1039 4433 Καὶ
1062 4382 1241 4449 μίξας
1266 4382 1344 4447 τῷ
1376 4385 1665 4451 ἀφθάρτῳ.
1699 4382 1818 4449 Quo
1862 4385 1952 4437 lux
1987 4385 2116 4439 huic
2155 4386 2274 4439 loco

722 4450 1012 4527 mulgeat...
1042 4453 1321 4527 consulere
1356 4450 1573 4520 priestat
1601 4453 2027 4527 _'_I'ho_massinum
2068 4454 2145 4507 De
2176 4454 2271 4527 In-

720 4517 929 4572 carni“.
971 4517 1144 4582 Verbi,
1175 4520 1265 4571 lib.
1315 4517 1405 4588 ni,
1430 4536 1546 4586 cap.
1598 4521 1648 4583 5,
1685 4522 1773 4573 ubi
1820 4523 1902 4573 vir
1932 4518 2121 4585 doctus
2160 4526 2275 4577 exi-

720 4591 861 4651 mios
890 4601 1136 4657 quosque
1172 4603 1202 4639 e
1232 4587 1431 4641 Graecis
1460 4598 1513 4640 et
1548 4587 1755 4641 Latinis
1781 4588 2033 4643 Patribus
2054 4594 2271 4653 excitat,

717 4660 811 4730 qui
847 4659 1133 4725 utriusque
1177 4666 1385 4730 natura:
1421 4657 1759 4730 inconfusam
1791 4658 2029 4723 quidem,
2056 4661 2155 4730 sed
2186 4676 2276 4726 pe-

719 4725 1047 4783 liitissimam
1087 4726 1540 4789 commistionem,
1573 4725 1793 4776 unitatis
1824 4726 2123 4791 personalis
2156 4725 2277 4779 vin-

718 4800 901 4853 culum
926 4794 1226 4863 ipsumque
1260 4810 1455 4863 nexum
1488 4793 1989 4863 esseinculcarunt.

818 4868 900 4937 l8)
932 4860 1378 4937 ,Δῦιςργνίιίζἰ5,ιιίετνοιΪ
1414 4861 1537 4931 Leg.
1578 4861 1620 4913 δ’
1649 4860 2015 4937 ἐργαζόμενοι.
2040 4861 2173 4937 Giin.

820 4931 1411 5004 19')Aoi:rdr.'_Cuivis
1438 4941 1723 5004 ‘appareat
1785 4947 1884 5001 pro
1941 4931 2123 4985 λοιπόν
2177 4931 2278 4999 legi

722 5000 971 5071 oportere
1000 5005 1169 5057 οὐδέν.
1203 5002 1402 5064 ΤΑΝΑρ.
1437 5000 1562 5055 FAB.
1788 5000 1815 5049 ἶ

798 5074 905 5139 (20)
946 5072 1207 5125 Ἁκαιτεῖ.
1236 5073 1373 5135 Quin
1404 5072 1682 5140 legendum
1714 5072 1942 5140 ἐπείγει,
1974 5069 2154 5126 nullus
2179 5069 2281 5122 du-

727 5137 861 5194 bito.
890 5137 981 5195 Vel
1015 5144 1057 5195 si
1086 5144 1320 5203 ἀπαιτεῖ,
1360 5137 1478 5193 ουδ’
1493 5156 1592 5193 vox
1622 5137 1895 5211 jungenda
1926 5150 2086 5193 esset.
2112 5139 2278 5211 Clara

726 5221 856 5279 ergo
897 5214 1155 5265 sententia
1178 5253 1191 5273 ,
1243 5213 1348 5277 iam
1382 5225 1571 5279 urgere
1603 5209 1811 5278 tempus
1840 5209 2123 5274 (tractandi
2173 5209 2279 5261 sci-

728 5275 853 5329 licet
878 5275 1511 5347 occasionemlexpedito
1535 5275 1778 5344 exordio,
1813 5290 1871 5333 ut
1891 5281 1961 5331 ad
1977 5280 2275 5347 subiectam

730 5348 1007 5398 materiam
1043 5350 1377 5412 procedatur.
1416 5347 1597 5417 Itaque
1640 5350 1729 5402 hic
1772 5350 1949 5417 operis
1980 5349 2170 5401 divisio
2197 5353 2279 5417 est

726 5417 1116 5487 etargumenti
1171 5416 1751 5487 insinuatioLColligit
1800 5419 1923 5470 hinc
1974 5416 2278 5487 Gudius‘de

730 5482 849 5559 solo
877 5481 1204 5559 Antichristo
1230 5488 1562 5559 propositum
1588 5481 1870 5559 llip'polyto
1900 5487 2078 5559 dicere
2093 5505 2109 5559 _;
2143 5485 2278 5537 relu-

727 5554 908 5618 tisque
938 5551 1119 5619 raucis
1147 5551 1268 5606 hinc
1302 5551 1472 5617 lineis,
1509 5558 1580 5608 ita
1619 5551 1844 5609 assumit
1874 5575 1886 5608 :
1924 5575 1941 5606 ι
1970 5556 2104 5619 Quid
2136 5569 2277 5607 nunc

730 5628 817 5679 est
846 5618 1114 5692 apertius,
1144 5636 1303 5685 quam
1338 5640 1441 5675 non
1478 5626 1541 5676 ad
1582 5636 1953 5692 argumentum
1988 5618 2274 5692 pertinere,

773 5705 852 5743 ua:
879 5686 945 5742 de
988 5686 1203 5741 Christo
1234 5692 1479 5760 dixerat?
1517 5713 1533 5742 ι
1576 5686 1671 5746 Ιιεῖ
1690 5695 1845 5760 plane
1874 5710 1886 5743 :
1921 5686 2129 5745 at'num
2159 5708 2278 5759 qua:

773 5762 997 5815 ictorum
1051 5770 1112 5811 se
1160 5757 1473 5826 pollicetur.
1507 5764 1572 5811 de
1624 5757 1905 5814 revelando
1950 5762 2150 5815 Christi
2179 5757 2277 5813 ad-

735 5844 893 5886 veutu
926 5830 990 5885 de
1012 5827 1183 5894 cmlo;
1223 5826 1287 5881 de
1327 5838 1634 5883 sanctorum
1669 5843 1788 5883 cum
1828 5829 2043 5885 Christo
2068 5830 2277 5896 regno?

2382 4259 2563 4316 ponat,
2599 4264 2704 4302 non
2741 4252 2810 4303 ita
2844 4252 2980 4304 male
3016 4253 3129 4304 sive
3158 4252 3269 4317 ipse
3300 4248 3634 4317 Hippolytus,
3664 4250 3781 4303 sive
3810 4248 3938 4317 qui-

2383 4318 2464 4371 vis
2495 4319 2696 4399 alius,‘
2718 4320 3220 4399 prwnotavit',_llep‘t
3252 4317 3611 4399 Χριστοῦκαὶ
3662 4318 3933 4399 ’ᾼντιχρίε

2384 4403 2525 4438 στου·
2555 4387 2698 4455 quod
2746 4389 2818 4441 ita
2866 4397 2983 4457 post
3029 4387 3345 4457 Pbotianum
3388 4387 3863 4457 codicemretiam"
3906 4389 3939 4441 ii

2380 4454 2765 4523 repraesentant
2787 4491 2811 4519 ,-
2858 4454 2923 4510 ex
2967 4456 3165 4525 quibus
3214 4468 3467 4524 expressa
3517 4454 3673 4509 Gudii
3724 4458 3937 4511 editio;

2416 4591 2617 4647 eferre.’
2638 4592 3021 4664 Hieronymum
3066 4591 3244 4664 (cujus
3279 4591 3346 4664 _et
3373 4593 3485 4661 ipse
3518 4591 3697 4663 magni
3742 4604 3937 4649 aucto-

2382 4664 2591 4715 ritatem
2630 4662 2789 4727 facio)
2825 4660 3097 4717 adversari
3136 4660 3327 4715 Photio
3360 4660 3465 4716 non
3501 4660 3653 4718 facile
3677 4664 3935 4724 dixerim,

2379 4731 2522 4801 quod
2564 4730 2837 4801 Hippolyti
2890 4731 3064 4801 plura
3097 4730 3444 4795 recensendo,
3485 4731 3561 4785 De
3608 4734 3938 4787 Antichristi:

2380 4795 2719 4871 solummodo
2760 4795 2971 4853 dixerit.
3020 4795 3220 4871 Nempe
3259 4814 3357 4853 nec
3387 4801 3453 4854 de
3489 4801 3709 4857 Christo
3768 4817 3937 4871 nega-

2379 4866 2475 4927 vit,
2516 4866 2607 4919 sed
2660 4868 2738 4936 sic
2784 4882 3015 4927 summa,
3054 4870 3195 4920 unde
3240 4876 3499 4925 tractatus
3538 4880 3683 4925 esset
3730 4866 3935 4936 notior,

2380 4936 2665 5007 οδω-ἱρείιέ
2706 4934 2931 5007 Photius
2958 4951 3021 4989 ex
3051 4936 3233 4990 codice
3277 4938 3541 5007 integrum
3586 4938 3807 4993 titulum
3848 4934 3935 4991 re;

2380 5004 2605 5072 censuit.
2634 5003 2834 5057 Deinde
2890 5019 2954 5055 eo
2995 5013 3197 5072 spectat
3233 5014 3343 5060 tota
3380 5003 3653 5071 tractatio,
3690 5018 3748 5061 ut
3776 5009 3934 5061 Anti-

2380 5071 2565 5125 christi
2594 5088 2658 5126 ex
2688 5073 2984 5140 Scripturis
3029 5071 3480 5140 ‘emonstratione,
3503 5078 3570 5129 ab
3594 5091 3660 5130 eo
3683 5077 3934 5131 ﬁdelibus

2379 5151 2596 5202 caveat,
2641 5150 2696 5213 et_
2732 5140 2950 5213 Christo
3000 5142 3283 5212 adjungat,
3318 5147 3710 5213 amborumque
3742 5147 3931 5201 discri-

2380 5222 2653 5281 tneneum
2684 5210 2736 5281 in
2766 5210 2923 5261 tinem
2958 5210 3192 5278 aperiat';
3224 5214 3367 5281 quod
3394 5210 3669 5268 Christum
3703 5230 3815 5268 non
3844 5230 3934 5268 ex-

2379 5277 2565 5350 cludit,
2612 5293 2679 5330 ne
2724 5278 2837 5344 ipse
2884 5277 3007 5346 pars
3054 5277 3352 5350 argumenti
3402 5282 3675 5346 videatur,
3719 5293 3776 5338 et
3809 5283 3931 5337 tinis

2380 5347 2642 5424 genuinus
2694 5356 2853 5424 atque
2905 5347 3149 5418 proprius
3194 5350 3550 5417 tractationis,
3594 5366 3707 5406 non
3753 5354 3928 5407 solum

2379 5426 2729 5483 CSU‘IIISCCUS.
2758 5426 2988 5470 UOHDEF.

2450 5484 2561 5556 (21)
2582 5484 2696 5556 ξεν
2736 5483 2815 5548 τῷ
2857 5488 3153 5556 προοιμίῳ.
3188 5487 3396 5541 Citatur
3428 5487 3516 5541 hic
3550 5489 3706 5545 locus
3734 5489 3792 5543 in
3824 5487 3930 5541 Ρα-

2381 5551 2549 5605 ταιιειζ
2582 5551 2849 5629 Damasc.,
2878 5551 3119 5629 tomfll,
3163 5572 3285 5627 pag.
3313 5556 3437 5611 781.
3472 5556 3593 5613 Vid.
3631 5573 3804 5629 supra
3843 5573 3930 5610 ve-

2382 5634 2478 5678 ter.
2518 5625 2743 5683 testim.,
2769 5637 2917 5675 num.
2952 5625 3007 5679 9.

2448 5692 2559 5760 (22)
2602 5691 3063 5760 Ἐφαψαμέθδους.
3095 5692 3167 5747 Ita
3196 5691 3507 5759 Combeﬁs.;
3545 5695 3602 5750 in
3635 5694 3789 5750 edito
3832 5710 3928 5749 au-

2382 5772 2483 5815 tem
2512 5760 2826 5816 Fabriciano
2854 5778 3111 5819 excusum
3143 5761 3521 5835 ἑφαψαμένων.

2419 4522 2575 4578 uibus
2606 4526 2831 4594 proinde
2860 4522 3024 4578 malui
3059 4522 3295 4589 haerere,
3315 4539 3474 4592 quam
3504 4525 3622 4593 ejus
3645 4528 3938 4579 mutationi

2307 4541 2603 4647 1Daeferre.
2638 4592 3021 4647 Hieronvmum
3066 4591 3244 4647 (cuius
3289 4601 3342 4645 et
3373 4593 3485 4647 inse
3518 4596 3697 4647 magni
3742 4604 3937 4647 aucto-
