4098 6362
223 508 325 567 m
399 459 403 463 _

1271 513 1360 567 DE
1398 510 1693 567 CHRISTO
1734 510 1818 590 ΕΤ
1857 506 2332 565 ANTICIIBISIO.

3299 494 3405 550 734

222 627 424 684 ἐπιδεῖν
468 628 535 679 δι’
572 594 779 690 αὐτῶν,
803 629 895 690 ’τις
939 628 1029 682 καὶ
1074 628 1286 697 ποταπὴ
1316 630 1348 697 ἡ
1381 628 1471 680 τοῦ
1520 626 1774 696 Ἀντιχρίε

1881 624 1984 676 illis
2015 609 2288 677 videamus
2313 623 2429 691 quis
2460 633 2506 676 et
2547 623 2719 692 qualis
2763 615 3075 673 Antichristi
3108 613 3367 667 adventus
3387 648 3404 675 ,
3452 687 3455 695 Ι

174 754 175 757 η
224 730 354 771 στου
390 717 675 788 παρουσία·
712 718 846 787 ποίῳ
876 718 931 770 δὲ
962 716 1136 787 καιρῷ
1167 718 1258 768 καί
1307 718 1478 789 χρόνῳ
1518 720 1546 770 6
1583 718 1778 785 ἄνομος

223 807 754 877 ἀτωκαλυφθήσεται·
787 808 948 860 πόθεν
971 808 1025 859 δὲ
1057 808 1148 860 καί
1180 810 1242 859 ἐκ
1276 808 1432 871 ποίας
1464 807 1651 877 φυλῆς,
1688 808 1780 858 καὶ

219 898 277 953 τί
308 900 496 952 τούτου
538 899 726 969 ὄνομα,
770 898 830 950 τὸ
870 898 955 952 διὰ
1002 898 1094 951 τοῦ
1125 898 1354 968 ἀριθμοῦ
1397 901 1453 951 ἐν
1494 901 1558 968 τῇ
1592 899 1776 969 Γραφῇ

225 989 578 1060 μηνυόμενον·
625 988 740 1052 πῶς
789 988 847 1041 δὲ
887 988 1090 1059 πλάνην
1135 990 1229 1058 μὲν
1272 989 1349 1058 τῷ
1382 988 1493 1059 λαῷ
1530 991 1779 1059 ὲγγεννή-

150 1085 155 1089 ’
222 1094 344 1143 σει,
392 1078 717 1142 ἑπισυνάξας
755 1079 947 1141 αὐτοὺς
991 1081 1054 1131 ὲκ
1094 1078 1201 1130 τῶν
1245 1080 1490 1149 περάτων
1530 1082 1626 1148 τῆς
1656 1079 1775 1147 γῆς·

220 1168 403 1236 ολίψιν
453 1169 507 1221 δὲ
552 1171 648 1221 καὶ
690 1162 925 1239 διωγμὸν
972 1170 1063 1222 ἐπὶ
1110 1169 1231 1231 τοὺς
1276 1171 1462 1237 ἁγίους
1506 1172 1771 1241 ἐπεγερεῖ·

222 1260 323 1312 καὶ
355 1260 470 1323 πῶς
517 1262 705 1314 ἑαυτὸν
751 1261 957 1325 δοξάσει
999 1263 1074 1324 ὡς
1114 1261 1275 1314 Θεόν·
1313 1262 1399 1324 τίς
1439 1261 1496 1315 δι
1525 1263 1560 1333 ἡ
1590 1261 1775 1336 τούτου

188 1402 191 1403 ,
230 1349 532 1401 συντέλεια·
578 1350 691 1411 πῶς
735 1350 790 1402 δὲ
831 1352 863 1421 ἡ
897 1351 1177 1420 ἐπιφάνεια
1214 1348 1305 1401 τοῦ
1344 1349 1541 1421 Κυρίου
1572 1352 1776 1404 ἀποκα-

216 1436 550 1507 λυφθήσεται
586 1437 679 1489 ἀπ’
713 1439 973 1509 οὐρανῶν·
1019 1441 1112 1492 καὶ
1142 1439 1222 1501 τίς
1254 1440 1287 1507 ή
1332 1432 1445 1491 τοῦ
1468 1438 1775 1508 σύμπαντος

218 1527 435 1597 κόσμου
466 1526 790 1598 ἐκπύρωσις·
836 1530 919 1592 τίς
949 1529 1004 1581 δὲ
1046 1531 1077 1600 ἡ
1119 1530 1225 1582 τῶν
1254 1529 1420 1597 ἀγίων
1451 1528 1650 1595 ἔνδοξος
1682 1530 1775 1582 καὶ

177 1614 186 1621 ’
219 1617 543 1689 ἐπουράνιος
579 1618 822 1687 βασιλεία
864 1619 972 1671 τῶν
1005 1619 1499 1690 συμϐασιλευόντων
1530 1618 1607 1689 τῷ
1641 1620 1773 1690 Χρι-

217 1705 355 1777 στῷ·
516 1706 597 1769 τίς
626 1708 658 1776 ἠ
698 1705 803 1758 τῶν
826 1707 1039 1777 ἀνόμων
1066 1708 1154 1760 διὰ
1176 1704 1603 1783 πυρὸςκόλασις.

300 1797 407 1850 Τοῦ
440 1798 536 1868 μὲν
570 1791 662 1850 οὖν
688 1796 893 1867 Κυρίου
932 1797 1102 1868 Ἰησοῦ
1144 1799 1372 1868 Χριστοῦ
1403 1798 1493 1851 τοῦ
1525 1797 1656 1851 Θεοῦ
1689 1796 1776 1851 διά

190 1885 282 1937 τὸ
313 1886 585 1955 βασιλικὸν
622 1885 712 1939 καὶ
742 1884 946 1950 ἔνδοξον
976 1886 1051 1949 ὡς
1090 1885 1297 1949 λέοντος
1324 1886 1772 1958 προκεκηρυγμέ-

214 1992 335 2027 νου·
370 1977 459 2047 τῷ
496 1975 641 2046 αὐτῷ
692 1975 873 2047 τρόπῳ
915 1976 1007 2029 καὶ
1046 1975 1136 2029 τὸν
1175 1976 1531 2047 Ἀντίχριστον
1575 1975 1773 2045 ὁμοίως

212 2063 411 2121 λέοντα
456 2066 924 2139 προανηγόρευσαν
949 2067 1058 2135 (2'5)
1096 2066 1150 2119 αί
1194 2066 1405 2138 Γραφαὶ
1446 2065 1531 2118 διὰ
1575 2067 1636 2118 τὸ
1674 2084 1769 2119 τυ-

217 2159 474 2226 ραννικὸν
496 2157 655 2211 αὐτοῦ
690 2159 782 2212 καὶ
816 2158 1000 2227 βίαιον.
1026 2157 1182 2210 Κατὰ
1209 2158 1386 2210 πάντα
1425 2156 1531 2227 γὰρ
1568 2157 1773 2225 ἐξομοι-

184 2239 408 2295 -οῦσθαι
449 2241 689 2311 βούλεται
727 2245 757 2296 6
801 2243 996 2306 πλάνος
1042 2244 1119 2313 τῷ
1156 2242 1271 2313 Υἱῷ
1302 2242 1395 2296 τοῦ
1436 2243 1587 2297 Θεοῦ.
1621 2244 1777 2297 Λέων

214 2330 324 2400 μὲν
352 2333 381 2383 6
409 2332 658 2403 Χριστὸς,
689 2334 781 2386 καὶ
812 2334 947 2387 λέων
988 2338 1016 2388 6
1060 2336 1436 2405 ’Δντίχριστος
1469 2335 1713 2405 βασιλεὺς
1743 2337 1772 2388 6

211 2418 480 2488 Χριστὸς,
522 2421 613 2472 καὶ
656 2420 905 2489 βασιλεὺς
952 2423 980 2473 6
1027 2420 1402 2492 Ἀντίχριστος.
1459 2420 1694 2492 Ἐδείχθη
1744 2424 1773 2474 ὁ

208 2507 407 2578 Σωτὴρ
445 2509 519 2572 ὡς
558 2510 760 2580 ἀρνίον,
806 2512 899 2563 καὶ
940 2512 1098 2573 αὐτὸς
1138 2512 1334 2580 ὁμοίως
1374 2514 1669 2583 φανήσεται
1697 2512 1772 2577 ὼς

207 2598 423 2667 ἀρνίον,
472 2586 677 2651 ἔνδοθεν
727 2599 883 2663 λύκος
926 2598 1019 2651 ῶν.
1068 2601 1155 2652 Ἐν
1207 2605 1468 2671 περιτομῇ
1516 2605 1544 2655 6
1584 2604 1772 2673 Σωτὴρ

205 2683 380 2759 ἦλθεν
412 2690 489 2749 είς
529 2689 620 2742 τὸν
664 2690 881 2760 κόσμον,
915 2690 1008 2744 καὶ
1038 2692 1196 2754 αὐτὸς
1236 2692 1433 2760 ὁμοίως
1475 2692 1769 2747 ἐλεύσεται.

221 2778 567 2833 Ἀπέστειλεν
590 2782 619 2833 6
641 2780 841 2851 Κύριος
867 2782 1187 2843 ἀποστόλους
1219 2783 1296 2844 εἰς
1329 2783 1501 2835 πάντα
1524 2784 1592 2835 τὰ
1620 2783 1769 2853 ἔθνη,

206 2868 313 2921 καὶ
335 2868 498 2930 αὐτὸς
526 2868 722 2938 ὁμοίως
757 2869 959 2938 πέμψει
995 2868 1466 2938 ψευδατοοστόλους.
1495 2872 1771 2942 Συνήγαγε

206 2957 289 3008 τὰ
339 2957 791 3031 διισχορπισμένα
842 2959 1087 3029 πρόϐατα
1128 2960 1157 3012 6
1202 2960 1425 3029 Σωτὴρ,
1476 2963 1573 3014 καῖ
1611 2961 1772 3022 αὐτὸς

206 3042 417 3114 ὁμοίως
460 3047 769 3109 ἐπισυνάξει
805 3048 893 3098 τὸν
921 3045 1392 3115 διεσκορπισμένον
1427 3045 1571 3102 λαόν.
1608 3047 1773 3097 ’ῑιίδω-

209 3149 315 3186 κεν
355 3134 383 3185 6
414 3133 616 3203 Κύριος
656 3136 923 3203 σφραγῖδα
957 3137 1069 3199 τοῖς
1115 3138 1192 3197 εις
1234 3139 1395 3188 αὑτὸν
1442 3136 1769 3199 πιστεύουσι,

1880 729 1985 781 qua
2040 722 2194 766 :etate
2238 728 2298 767 ac
2349 724 2578 783 tempore
2632 710 2949 766 revelabitur
3004 705 3222 775 iniquus
3286 700 3405 761 ille;

1880 803 2148 855 undenam
2176 811 2227 855 et
2256 818 2317 855 ex
2344 816 2445 869 qna
2478 801 2640 863 tribu,
2675 800 2884 869 quodve
2908 797 2984 851 illi
3014 807 3231 855 nomen,
3262 786 3407 857 Quod

1878 908 1973 961 per
2016 908 2298 946 numerum
2333 892 2385 945 in
2428 891 2699 959 Scriptura
2738 891 3097 959 signiﬁcatur;
3142 877 3413 951 quomodo
3444 906 3479 943 κ

1877 984 2129 1051 populum
2168 986 2219 1036 in
2246 998 2483 1037 errorem
2525 985 2755 1045 inducet,
2791 993 3121 1048 congregans
3152 991 3183 1028 a
3215 971 3410 1026 ﬁnibus

1879 1083 2060 1139 teme;
2088 1089 2247 1141 quam
2283 1074 2402 1126 item
2456 1073 2654 1129 sanctis
2696 1071 3094 1126 tribulationem
3134 1063 3327 1119 inferet
3358 1069 3411 1115 et

1876 1165 2329 1233 persecutionem;
2356 1172 2409 1217 et
2438 1165 2705 1232 quomodo
2734 1164 2845 1229 ipse
2872 1176 2929 1214 se
2968 1168 3026 1212 ut
3059 1158 3223 1211 Deum
3252 1152 3412 1208 clari-

1877 1254 2088 1318 ticahit;
2122 1255 2242 1323 quis
2275 1254 2392 1323 ejus
2421 1253 2694 1316 interitus;
2734 1249 3002 1320 quomodo
3030 1243 3313 1301 revelanda
3343 1239 3413 1321 de

1875 1346 2027 1399 caelis
2061 1343 2275 1397 Domini
2304 1344 2587 1413 apparitio,
2617 1359 2679 1396 ac
2702 1358 2819 1411 qua:
2848 1338 3082 1393 universi
3112 1336 3257 1390 orbis
3283 1347 3413 1386 eon-

1874 1433 2147 1503 flagratio;
2198 1436 2341 1504 quod
2378 1423 2697 1497 Sanctorum
2749 1434 3038 1501 gloriosum
3086 1444 3150 1483 ac
3193 1426 3417 1481 ‘ctelestu

1875 1538 2099 1587 regnum
2130 1539 2251 1577 cum
2280 1508 2503 1578 Christo
2536 1525 2905 1588 regnantium;
2935 1538 2997 1575 ac
3028 1519 3172 1591 quod
3207 1518 3418 1586 iniquo-

1877 1630 1999 1669 rum
2026 1628 2121 1684 per
2144 1616 2324 1684 ignem
2357 1616 2696 1683 supplicium.
3424 1622 3434 1627 “

1948 1788 2032 1844 Vl.
2064 1789 2201 1845 Nam
2230 1806 2354 1845 eum
2384 1790 2648 1845 Dominus
2691 1800 2873 1845 noster
2896 1786 3054 1842 Jesns
3080 1787 3329 1841 Christus
3356 1801 3420 1839 ac

1877 1880 2041 1946 Deus,
2072 1881 2216 1951 regia
2260 1883 2502 1937 celsitate
2545 1892 2707 1951 atque
2744 1879 2926 1950 gloria:
2963 1877 3223 1940 claritate,
3250 1886 3310 1929 ut
3336 1876 3422 1927 leo

1802 1959 1845 2014 Β
1873 1970 2193 2039 praedicatus
2225 1970 2297 2026 sit
2321 1971 2378 2035 ';
2410 1970 2599 2026 eodem
2632 1971 2793 2022 modo
2820 1976 2875 2023 et
2906 1966 3292 2020 Autichristum
3322 1957 3441 2030 pau'

1871 2061 2003 2114 riter
2034 2060 2246 2115 leonem
2290 2058 2581 2129 Scriptum
2617 2060 2950 2118 vocitarunt,
2978 2072 3072 2125 pro
3095 2056 3214 2124 ejus
3241 2063 3421 2123 tyran-

1867 2152 1992 2205 nide
2012 2151 2398 2216 ,violentiaque.
2430 2150 2692 2205 Seductnr
2722 2150 2865 2202 enim
2896 2164 2991 2215 per
3022 2147 3201 2201 omnia
3229 2146 3421 2200 similis

1868 2242 2037 2296 videri
2069 2242 2182 2296 vult
2224 2240 2318 2297 Dei
2361 2241 2530 2296 Filio..
2552 2240 2661 2294 Leu
2695 2241 2910 2315 quidem
2937 2238 3211 2302 Christus,
3243 2247 3297 2291 et
3335 2237 3422 2290 leo

1870 2333 2273 2397 Antichristus;
2317 2349 2412 2388 rex
2456 2332 2708 2387 Christus
2729 2331 2773 2396 ’,
2803 2345 2867 2384 ac
2906 2346 3003 2385 rex
3035 2329 3419 2401 Anticjhristus.

1870 2423 2153 2480 Exhibitus
2197 2433 2280 2479 est
2327 2423 2579 2477 Salvator
2624 2430 2683 2475 ut
2729 2436 2900 2493 agnus
2948 2421 3024 2485 “;
3056 2420 3171 2489 ipse
3207 2420 3423 2490 quoque

1870 2510 2069 2583 pariter
2095 2526 2154 2570 ut
2181 2531 2354 2585 agnus
2384 2512 2679 2583 apparebit,
2707 2527 2830 2566 cum
2859 2512 3087 2567 interius
3125 2512 3198 2575 sit
3240 2513 3418 2580 lupus.

1872 2607 2029 2662 Venit
2056 2606 2297 2663 Salvator
2324 2608 2379 2660 in
2412 2605 2823 2660 circumcisione
2848 2604 2901 2657 in
2939 2603 3224 2668 mundum,
3245 2605 3423 2657 veniet

1870 2706 1925 2753 et
1956 2697 2044 2751 ille
2072 2697 2345 2750 similiter.
2378 2694 2523 2748 Misit
2552 2693 2811 2748 Dominus
2836 2692 3108 2760 apostolos
3140 2690 3197 2743 in
3228 2706 3419 2747 omnes

1869 2794 2088 2856 gentes;
2133 2786 2309 2837 mittet
2361 2791 2413 2836 et
2473 2783 2585 2850 ipse
2632 2780 2855 2851 perinde
2909 2778 3415 2848 pseudoapostolos.

1868 2873 2226 2941 Congregavit
2254 2870 2499 2925 Salvator
2535 2884 2662 2931 oves
2683 2908 2698 2931 ,
2725 2882 2845 2936 qua:
2877 2867 3134 2934 dispersae
3160 2876 3312 2921 erant
3342 2870 3418 2934 ";

1872 2961 1986 3028 ipse
2012 2976 2229 3031 quoque
2274 2962 2472 3027 pariter
2516 2960 2769 3025 populum
2815 2955 3187 3021 congregabit,
3216 2958 3308 3023 qui
3337 2960 3422 3012 di—

1871 3064 2093 3113 spersus
2124 3056 2223 3101 est.
2262 3047 2415 3101 Dedit
2442 3048 2702 3098 Dominus
2747 3043 2993 3095 ﬁdelibus
3021 3044 3137 3096 suis
3170 3045 3423 3109 signum-

1873 3139 2016 3200 In;
2064 3134 2178 3202 ipse
2214 3148 2427 3201 quoque
2474 3134 2719 3187 similiter
2747 3130 2916 3183 dabit.
2946 3129 3205 3199 Apparuit
3239 3129 3425 3183 Salva-

209 3221 318 3268 καὶ
362 3220 521 3277 αὐτὸς
578 3221 735 3272 cibari
786 3224 999 3293 ὁμοίως.
1063 3220 1149 3275 ἐν
1210 3224 1441 3301 σχήματι
1491 3222 1774 3288 ανθρώπου

1880 3228 1966 3274 tor
1993 3223 2228 3277 hominis
2256 3222 2471 3284 habitu;
2508 3223 2621 3286 ipse
2653 3236 2868 3291 quoque
2898 3221 2951 3272 in
2982 3220 3216 3272 hominis
3239 3218 3424 3272 itnbttlt

209 3302 393 3371 ἐφάνη
441 3305 471 3354 6
517 3306 741 3375 Σωτὴρ,
790 3279 881 3358 nisi.
926 3279 1085 3372 nino:
1126 3310 1182 3360 ὲν
1221 3279 1455 3378 ἇίίμιτι
1494 3279 1773 3379 ἀνθρώπου

1881 3309 2078 3359 veniet.
2134 3309 2399 3359 Etciinvil
2446 3305 2731 3361 Sﬁivator,
2788 3324 2849 3359 ac
2910 3316 3148 3360 sanctam
3211 3318 3425 3358 carnem

211 3394 522 3447 ἐλεύσεται.
563 3393 877 3464 Ἀνέστησεν
899 3398 928 3446 6
954 3398 1140 3465 Σωτὴρ
1172 3402 1262 3449 καὶ
1296 3397 1460 3461 ἔδειξε
1489 3399 1588 3467 τὴν
1620 3397 1774 3465 ἁγίαν

1882 3409 2035 3449 suam
2085 3405 2142 3447 ut
2186 3398 2443 3463 templum
2489 3395 2614 3449 fecit
2668 3398 2739 3459 ης
2788 3397 2899 3463 ipse
2940 3396 3118 3449 itidem
3172 3395 3424 3463 templum

210 3485 397 3553 σάρκα
428 3484 505 3545 ὡς
540 3485 685 3546 ναὸν,
731 3487 823 3537 καὶ
867 3484 1023 3548 αὐτὸς
1060 3486 1349 3555 ἀναστήσει
1383 3491 1441 3539 ὲν
1484 3489 1774 3557 Ἱεροσολύ-

1882 3482 2146 3549 lapidibus
2193 3492 2561 3535 constructum
2614 3481 2997 3552 Hierosolymis
3041 3485 3309 3537 excitabit.
3353 3484 3427 3537 Ac

214 3592 346 3647 μοις
375 3576 467 3628 τὸν
507 3575 701 3627 λίθινον
732 3577 877 3628 ναόν.
918 3577 1023 3628 Καὶ
1053 3576 1117 3627 τὰ
1162 3578 1257 3645 μὲν
1287 3577 1459 3629 πλάνα
1501 3578 1661 3629 αὑτοῦ
1694 3595 1774 3628 τε-

1880 3569 2097 3635 quidcm
2140 3568 2257 3635 ejus
2285 3570 2573 3621 setlucentli
2609 3570 2835 3622 artiﬁcia
2872 3572 3218 3637 sequentibus
3246 3571 3425 3624 decla-

209 3668 473 3739 χνήματα
521 3668 578 3717 ὲν
624 3670 733 3729 τοῖς
778 3666 903 3733 ἑῇς
945 3666 1276 3736 δηλώσομεν·
1328 3667 1439 3718 νυνὶ
1468 3667 1522 3718 δὲ
1556 3668 1687 3736 πρὸς
1720 3668 1774 3717 τὸ

1883 3656 2156 3716 rabimus;
2206 3672 2349 3708 nunc
2402 3672 2530 3710 vero
2582 3658 2645 3710 ad
2703 3659 3004 3727 subjectum
3054 3675 3426 3729 argumentum

215 3758 585 3829 προκείμενον
609 3755 919 3825 τραπῶμεν.

1879 3754 2173 3797 vertamur.

294 3850 453 3915 Λέγει
498 3843 590 3898 οὖν
634 3848 662 3897 6
715 3848 979 3915 μακάριος
1036 3847 1223 3900 Ἰακὼϐ
1259 3851 1313 3900 ὲν
1364 3850 1480 3908 ταῖς
1509 3848 1774 3915 εὐλογίαις

1953 3835 2062 3889 VII.
2095 3836 2230 3890 Dicit
2256 3836 2434 3904 itaque
2466 3837 2654 3892 beatus
2680 3836 2844 3892 Jacob
2866 3840 2921 3893 in
2947 3839 3427 3904 benedictionibus,

213 3936 629 4013 προαναφωνῶν
686 3936 753 3988 τά
810 3939 935 4005 περὶ
987 3936 1079 3989 τοῦ
1134 3940 1334 4007 Κυρίου
1389 3940 1482 3990 καὶ
1534 3940 1774 4011 Σωτῆρος

1882 3928 2250 3995 praenuntians
2290 3944 2408 3996 quae
2447 3930 2511 3981 ad
2544 3929 2828 3983 Dominum
2870 3947 2930 3983 ac
2964 3929 3291 3987 Salvatorem
3329 3946 3428 3983 no-

212 4031 401 4103 ὴμῶν.
449 4028 636 4089 οὕτως·
679 4046 695 4076 ι
746 4025 931 4087 Ἰούδα,
984 4028 1042 4078 σὲ
1086 4028 1449 4080 αἱνεσάτωσαν
1488 4031 1534 4080 οἱ
1564 4028 1774 4093 ἀδελφοί

1883 4027 2053 4071 strum
2105 4025 2367 4083 spectant,
2423 4018 2496 4070 ita
2532 4014 2806 4086 loquens:
2840 4038 2857 4069 ι
2904 4018 3075 4084 Juda,
3112 4021 3323 4073 laudent
3374 4028 3426 4072 te

213 4140 338 4178 σου.
371 4124 435 4173 Αἱ
470 4121 649 4191 χεῖρές
678 4135 768 4170 σου
811 4117 903 4167 ἐπὶ
930 4116 1094 4168 νώτου
1137 4119 1243 4170 τῶν
1283 4119 1509 4189 ἐχθρῶν,
1546 4136 1774 4188 προσκυ-

1883 4108 2075 4162 fratres
2108 4108 2207 4163 tui.
2242 4107 2433 4161 Manus
2472 4118 2575 4160 tua:
2601 4110 2654 4161 in
2684 4109 2847 4163 dorso
2893 4110 3261 4171 inimicorum;
3297 4110 3428 4161 ado-

213 4212 446 4283 νήσουσί
496 4208 575 4262 σοι
622 4211 669 4260 οί
716 4208 818 4260 υἱοὶ
860 4204 951 4257 τοῦ
984 4208 1185 4275 πατρός
1217 4224 1327 4259 σου.
1366 4209 1606 4277 Σκύμνος
1636 4210 1774 4261 λέον-

1881 4200 2077 4252 rahunt
2119 4206 2168 4250 te
2201 4197 2293 4251 lilii
2336 4199 2503 4266 patris
2548 4200 2645 4251 tui.
2696 4198 2919 4253 Catulus
2952 4200 3123 4254 leonis
3154 4198 3289 4253 Juda
3316 4218 3329 4265 ;
3360 4217 3425 4253 ex

166 4360 167 4363 η
210 4321 309 4366 τος
348 4302 537 4355 Ἰούδα·
575 4304 636 4353 ὲκ
671 4297 917 4369 βλαστοῦ,
963 4297 1045 4347 υἱέ
1082 4313 1202 4365 μου,
1241 4300 1458 4369 ἀνέϐης,
1489 4298 1774 4351 ἀναπεσὼν

1881 4291 2138 4358 germine,
2184 4288 2259 4342 [ili
2304 4291 2397 4352 mi,
2443 4289 2755 4343 ascendisti.
2801 4289 3137 4345 Recumbens
3180 4282 3426 4346 dormisti

214 4390 529 4460 ἐκοιμήθης
556 4390 626 4453 ὡς
653 4389 788 4441 λέων
828 4386 919 4439 καὶ
948 4384 1022 4448 ὡς
1068 4384 1328 4454 σκύμνος·
1365 4388 1445 4449 τίς
1478 4390 1653 4457 ἐγερεῖ
1682 4387 1774 4438 0.6-

1883 4390 1939 4432 ut
1972 4379 2073 4440 leo,
2110 4387 2164 4433 et
2197 4374 2257 4432 ut
2296 4380 2506 4433 catulus
2552 4379 2724 4433 leonis
2752 4396 2764 4432 :
2798 4382 2921 4449 quis
2958 4383 3237 4436 suscitabit
3264 4381 3429 4437 eum?

210 4482 343 4545 16v;
398 4481 512 4532 Οὐκ
545 4480 779 4549 ἐκλείψει
826 4479 1005 4549 ἄρχων
1047 4474 1102 4547 ἐξ
1159 4476 1323 4527 Ἰούδα
1353 4478 1445 4529 καὶ
1487 4477 1774 4546 ἡγούμενος

1882 4466 1997 4520 Non
2029 4467 2240 4522 deficiet
2271 4469 2515 4537 princeps
2545 4484 2611 4523 ex
2640 4467 2775 4523 Juda
2812 4480 2866 4526 et
2906 4472 3015 4525 dux
3044 4489 3107 4526 ex
3137 4472 3429 4527 femoribus

213 4576 285 4625 ὲκ
311 4567 423 4622 τῶν
455 4567 642 4637 μηρῶν
672 4566 854 4630 αὐτοῦ,
886 4567 987 4627 ἓως
1020 4563 1084 4617 ἂν
1105 4562 1250 4633 ἔλθῃ,
1274 4558 1317 4629 ᾧ
1348 4564 1644 4617 ἀπόκειται.
1672 4566 1774 4617 Καὶ

1882 4557 2019 4625 ejus,
2055 4556 2226 4612 donec
2271 4558 2447 4611 veniat
2475 4557 2562 4611 cui
2607 4560 2899 4626 repositum
2927 4567 3041 4625 est;
3076 4568 3129 4614 et
3174 4561 3286 4629 ipse
3326 4561 3430 4614 erit

213 4659 389 4721 αὐτὸς
438 4657 590 4711 ἔσται
637 4655 931 4727 προσδοκία
973 4653 1159 4707 ἐθνῶν.
1204 4652 1484 4723 Δεσμεύων
1511 4654 1643 4725 πρὸς
1673 4656 1779 4724 ἄμ-

213 4752 387 4807 πελον
438 4747 536 4817 τὴν
578 4745 695 4797 ὅνον
733 4746 914 4811 αὑτοῦ,
947 4746 1038 4800 καὶ
1079 4748 1142 4815 τῇ
1177 4732 1316 4796 ἕλωέι
1348 4744 1436 4795 τὸν
1479 4745 1652 4797 πῶλον
1682 4747 1782 4817 τῆς

212 4843 345 4896 ενου
380 4828 564 4891 αὐτοῦ.
594 4834 787 4885 Πλυνεί
817 4837 872 4886 ὲν
901 4833 1026 4904 οἴνῳ
1048 4832 1144 4902 τὴν
1172 4831 1363 4901 στολὴν
1394 4832 1583 4895 αὑτοῦ,
1606 4836 1697 4887 καὶ
1724 4837 1782 4887 ὲν

212 4933 419 5001 αἵματι
466 4922 736 4993 σταφυλῆς
782 4924 880 4993 τὴν
925 4922 1209 4994 περιϐολὴν
1245 4921 1435 4975 αὑτοῦ.
1463 4909 1704 4995 Χαροποὶ
1734 4928 1780 4977 οἱ

213 5020 493 5091 ὀφθαλμοὶ
533 5008 695 5069 αὑτοῦ
726 5012 799 5073 ὡς
843 5014 948 5066 ἀπὸ
978 5014 1139 5076 οίνου,
1175 5015 1266 5066 καὶ
1298 5013 1477 5065 λευκοὶ
1504 5017 1550 5066 oi
1575 5014 1780 5078 ὀδόντες

1884 4646 2215 4717 exspectatio
2269 4648 2525 4717 gentium.
2589 4648 2827 4719 Alligans
2881 4649 2947 4705 ad
3003 4650 3162 4703 vitem
3218 4648 3425 4700 asinam

1886 4753 2062 4803 suam,
2089 4747 2141 4792 et
2169 4738 2236 4792 ad
2268 4739 2491 4794 heliecm
2524 4732 2725 4808 pullum
2758 4739 2922 4793 asinae
2962 4754 3091 4792 suae.
3120 4738 3341 4793 Lavabit
3370 4739 3425 4790 in

1886 4827 2011 4880 vino
2062 4826 2256 4880 stolam
2306 4840 2497 4889 suam,
2541 4834 2594 4881 et
2641 4826 2696 4879 in
2747 4826 3018 4892 sanguine~
3053 4840 3167 4879 uva:
3208 4825 3425 4893 pallium

1887 4933 2067 4973 suum.
2117 4917 2327 4971 Hilares
2374 4916 2515 4970 oculi
2570 4916 2690 4984 ejus
2728 4928 2757 4967 a
2808 4915 2956 4983 vino,
3001 4923 3054 4970 et
3096 4914 3283 4969 dentes
3308 4918 3428 4985 ejus

1883 5013 2031 5063 lacte
2046 5007 2383 5062 candidiores
2402 5005 2474 5061 ³⁸.
2508 5023 2527 5057 ι
2876 5045 2882 5050 .
3138 5022 3141 5023 ν

364 5111 391 5157 ὓ
426 5111 458 5157 ἢ
491 5111 646 5157 γάλα.
685 5120 705 5154 ι

217 5111 391 5167 ιὺτοῦ
426 5110 459 5179 ἢ
491 5106 646 5177 γάλα.
685 5120 705 5154 ι

297 5201 488 5254 Ταῦτα
541 5198 636 5269 μὲν
678 5187 768 5246 οὖν
826 5194 1198 5263 παραφράξειν
1254 5194 1607 5264 ἐπιστάμενός
1665 5212 1774 5254 σοι,

1958 5190 2090 5246 Vlll.
2126 5191 2250 5247 llaec
2283 5209 2405 5247 cum
2435 5193 2677 5263 pluribus
2713 5208 2777 5247 ac
2799 5190 3024 5245 circuitu
3057 5188 3237 5258 eloqui
3265 5205 3426 5245 nove-

219 5294 369 5348 αὐτά
414 5292 563 5345 δοκεῖ
591 5286 701 5359 (24)
742 5282 905 5337 τανῦν
949 5284 1353 5353 παρατίθεσθαι.
1418 5286 1551 5337 Ἀλλ’
1602 5286 1774 5337 ὲπειδὶ

1890 5283 2013 5345 rim,
2040 5285 2212 5351 ipsum
2245 5285 2406 5340 modo
2444 5296 2649 5340 textum
2678 5294 2941 5353 apponere
2972 5278 3148 5333 libuit.
3178 5280 3313 5345 Quia
3342 5291 3423 5331 ta-

222 5383 373 5437 αύτά
402 5383 470 5435 τὰ
510 5384 726 5453 ῥήματα
769 5372 1057 5446 προτρέπει
1090 5374 1182 5425 τοῦ
1229 5375 1424 5441 λέγειν,
1476 5376 1593 5428 οὐδὲ
1635 5374 1774 5447 τοῦτ(

1889 5390 2008 5426 men
2041 5376 2155 5444 ipsa
2178 5376 2357 5431 divina
2395 5379 2556 5432 verba
2583 5377 2807 5431 suadent
2844 5372 3012 5441 loqui,
3042 5388 3105 5424 ne
3135 5372 3184 5423 id
3211 5372 3420 5451 quidem

223 5473 653 5545 παραλείψομαι·
704 5470 817 5522 ἐστι
850 5466 955 5534 γὰρ
1000 5463 1162 5524 ὄντως
1200 5463 1316 5517 Θεῖα
1340 5467 1431 5518 καὶ
1462 5465 1661 5527 ἔνδοξα,
1695 5464 1774 5514 δυ-

1890 5464 2159 5522 omittam.
2208 5466 2372 5522 Plane
2414 5468 2555 5523 enim
2602 5464 2780 5518 divina
2810 5472 2937 5517 sunt
2974 5472 3027 5515 et
3073 5461 3315 5521 illustria,
3358 5472 3422 5510 ac

301 5634 325 5665 ⁸
353 5633 519 5700 Apoc.
546 5647 601 5694 v,
634 5632 685 5685 5.
760 5631 781 5661 ’
811 5626 966 5681 Joan.
1013 5624 1269 5691 xviu,37.
1350 5625 1391 5655 ὀ
1417 5623 1569 5678 Joan.
1603 5639 1640 5687 ι,
1664 5622 1756 5707 29.

1871 5627 1873 5649 ⁵
1904 5620 2058 5677 Joan.
2094 5642 2167 5694 XI,
2203 5626 2289 5680 52.
2358 5627 2398 5657 ”
2430 5621 2582 5677 Joan.
2618 5596 2677 5685 it,
2714 5619 2797 5673 19.
2878 5619 2919 5652 ¹³
2943 5618 3073 5673 Gen.
3102 5611 3243 5680 nix,
3271 5609 3417 5665 8-12.

306 5784 417 5853 (εδ)
444 5785 987 5853 Προανηγόρευσαν.
1016 5777 1329 5853 Combelis“
1360 5776 1781 5849 προηγόρευσαν.
1824 5776 2034 5833 Faenza.

306 5785 395 5853 (εδ
444 5785 987 5851 Προανηγόρευσαν.
1023 5784 1286 5834 Combelis

304 5784 417 5923 (iii
454 5852 634 5908 Δοκεῖ.
670 5853 793 5920 Leg.
828 5852 983 5905 δοκῶ.
1016 5850 1139 5905 Tan.
1171 5847 1294 5901 Fas.
