4098 6362
614 4700 637 4711 η
723 4641 909 4696 statim
942 4651 1237 4711 sequuntur

708 486 808 541 735

1344 483 1400 538 S.
1441 481 1792 537 HIPPOLY'I‘I
1828 483 1975 537 OPP.
2015 480 2193 535 PARS
2231 479 2291 531 11.
2332 508 2400 518 -—-
2438 472 2737 529 DOGMAT.
2778 469 2865 524 ET
2902 465 3235 523 HISTORIC.

3798 455 3894 512 756

706 617 836 659 sane
865 602 1055 657 anima:
1080 600 1379 655 conducere
1406 610 1649 668 possunt.
1685 600 1929 653 Catulum
1955 599 2125 652 leonis
2154 611 2249 648 vo-

2358 594 2555 663 νάμενα
2592 589 2865 658 ὠφελῆσαι
2906 586 3100 654 ψυχήν.
3138 580 3381 649 Σκύμνον
3423 576 3633 638 λέοντος
3672 571 3842 627 εἰπὼν
3867 575 3896 626 ὁ

706 694 848 747 cavit
886 693 1165 761 prepheta,
1194 691 1283 759 qui
1336 706 1401 743 ex
1448 688 1584 741 Juda
1626 699 1679 743 et
1730 688 1923 741 Davide
1952 687 2244 742 secundum

707 795 925 834 carnem
970 780 1144 833 factus
1174 788 1273 842 est,
1306 791 1415 830 non
1444 777 1661 844 quidem
1705 790 1770 829 ex
1802 775 2016 829 Davidis
2044 774 2244 827 factum

708 869 948 934 semine,
993 870 1084 923 sed
1123 869 1213 936 qui
1261 867 1327 921 de
1373 866 1575 933 Spiritu
1609 875 1796 919 saneto
1828 866 2155 934 concipiatur
2195 873 2250 918 et

708 978 774 1014 ex
805 970 989 1014 saneto
1012 960 1249 1028 germine
1271 974 1299 1011 e
1326 965 1464 1011 terra
1490 956 1763 1024 procedat.
1794 954 1944 1020 Quod
1978 957 2051 1009 ita
2082 955 2249 1009 Isaias

708 1053 862 1106 eﬂ‘ert
897 1071 909 1106 :
945 1070 964 1103 ι
996 1051 1307 1120 Egredietur
1347 1047 1491 1115 virga
1538 1045 1604 1099 de
1636 1046 1813 1099 radice
1855 1038 2023 1110 Iesse,
2067 1058 2122 1099 et
2150 1045 2249 1100 ﬂos

710 1160 777 1197 ex
809 1144 920 1211 ipsa
954 1142 1204 1195 ascendet
1238 1139 1301 1192 ιδ.
1339 1156 1358 1189 ι
1392 1136 1541 1201 Quod
1586 1135 1737 1190 Isaiae
1770 1136 1867 1189 ﬂos
1913 1136 2114 1189 dictum
2149 1146 2248 1198 est,

709 1234 763 1286 id
789 1230 955 1285 Iacob
982 1229 1268 1299 appellavit
1300 1242 1538 1297 germen.
1593 1225 1829 1279 Primum
1877 1239 2107 1293 namque
2134 1241 2253 1293 ger-

709 1324 953 1386 minavit,
982 1320 1174 1375 deinde
1213 1318 1397 1372 ﬂoruit
1442 1319 1495 1370 in
1522 1316 1742 1370 mundo.
1775 1315 2005 1368 Dicendo
2032 1325 2205 1369 autem
2235 1335 2247 1368 :

714 1431 734 1462 ι
766 1411 1104 1464 Recumbens
1129 1408 1371 1462 dormisti
1396 1417 1453 1461 ut
1485 1410 1587 1469 leo.
1619 1418 1671 1463 et
1695 1416 1754 1461 ut
1778 1407 1987 1460 catulus
2010 1404 2199 1470 leonis,
2228 1423 2247 1454 ι

708 1500 1011 1552 triduanam
1062 1497 1262 1551 Christi
1311 1497 1687 1550 dormitionem
1746 1493 2105 1564 signiﬁcavit,
2174 1492 2251 1544 uti

708 1588 869 1641 etiam
922 1586 1088 1640 Isaias
1138 1588 1213 1639 ait
1257 1604 1269 1639 :
1305 1604 1323 1637 ι
1370 1584 1648 1650 Quomodo
1696 1584 1833 1638 facta
1876 1593 1961 1638 est
2004 1582 2253 1636 meretrix

710 1677 881 1729 ﬁdelis
912 1674 1063 1739 Sion,
1094 1675 1245 1743 plena
1270 1675 1491 1741 judieii?
1527 1674 1581 1726 in
1604 1688 1707 1741 qua
1734 1671 1985 1725 dormivit
2012 1671 2252 1739 justitia;

711 1765 869 1818 nunc
906 1774 1082 1817 autem
1130 1763 1410 1816 homicidae
1457 1762 1522 1816 ¹⁸.
1578 1779 1596 1811 ι
1642 1759 1769 1813 Item
1812 1760 1971 1813 etiam
2024 1759 2188 1813 David
2238 1775 2251 1809 :

2348 687 2629 756 προφήτης
2661 684 2750 736 τὸν
2780 682 2839 746 ἐξ
2876 680 3042 733 Ἰούδα
3071 677 3164 731 καὶ
3192 674 3348 728 Δαυὶδ
3372 671 3510 726 κατὰ
3542 670 3719 741 σάρκα
3748 685 3899 736 γεγε-

2348 774 2599 842 νημένον,
2646 772 2719 841 μὴ
2768 771 2831 823 ἐκ
2880 769 3188 837 σπέρματος
3232 763 3390 815 Δαυὶδ
3437 761 3723 829 γενόμενον
3760 756 3895 827 (25),

2346 862 2457 915 ἀλλ’
2486 862 2546 925 ἐξ
2570 862 2723 929 ἁγίου
2742 860 3062 927 Πνεύματος
3104 852 3622 923 συλλαμϐανόμενον,
3656 849 3749 905 καὶ
3776 847 3899 901 τού-

2347 969 2440 1003 του
2490 954 2554 1004 ἐκ
2602 949 2824 1019 βλαστοῦ
2879 947 2989 1017 (26)
3040 946 3193 1013 ἁγίου
3234 946 3299 995 ὲκ
3336 943 3436 1012 γῆς
3478 938 3894 1013 προερχομένου.

2356 1042 2582 1101 Ἡσαΐας
2638 1040 2735 1108 μὲν
2781 1038 2889 1106 γὰρ
2932 1036 3104 1103 λέγει⁸
3144 1052 3163 1084 ι
3216 1030 3577 1097 Ἐξελεύσεται
3617 1027 3807 1099 ῥάϐδος
3833 1028 3898 1077 ἐκ

2347 1130 2446 1199 τῆς
2494 1127 2646 1197 ῥίζης
2703 1126 2918 1188 Ἰεσσαὶ,
2970 1124 3065 1176 καὶ
3112 1121 3269 1183 ἄνθος
3322 1119 3381 1183 ἐξ
3417 1118 3585 1187 αὐτῆς
3630 1115 3898 1183 ἀναϐήσε-

2348 1240 2455 1274 ται.
2498 1240 2514 1272 ι
2549 1221 2621 1271 Τὸ
2670 1220 2766 1288 μὲν
2800 1217 2902 1269 inde
2934 1214 3027 1268 τοῦ
3074 1213 3291 1266 Ἡσαΐου
3337 1209 3492 1271 ἄνθος
3533 1206 3840 1277 εἰρημένον,
3871 1206 3903 1256 ὀ

2365 1309 2555 1363 Ἰακὼϐ
2600 1308 2821 1377 βλαστὸν
2872 1307 3076 1374 εἴρηκε.
3131 1288 3350 1371 Πρῶτον
3396 1297 3503 1369 γὰρ
3552 1296 3900 1365 ἐϐλάστησεν,

2352 1397 2466 1452 εἶτα
2498 1399 2726 1467 ἦνθησεν
2758 1398 2815 1448 ἐν
2846 1396 2923 1464 τῷ
2956 1394 3161 1461 κόσμῳ.
3190 1391 3263 1442 Τὸ
3289 1390 3345 1441 δὲ
3378 1388 3554 1455 λέγειν
3582 1387 3715 1456 (27)·
3753 1404 3773 1436 ι
3816 1385 3905 1436 ’Δρ

2352 1492 2595 1542 ναπεσὼν
2643 1485 2936 1555 ἐκοιμήθης
2961 1484 3037 1545 ὡς
3072 1482 3205 1534 λέων
3236 1478 3328 1534 καὶ
3355 1479 3430 1541 ὡς
3466 1477 3720 1547 σκύμνος,
3760 1494 3780 1526 a
3804 1473 3905 1543 τὴν

2351 1580 2645 1649 τριήμερον
2688 1577 2782 1629 τοῦ
2832 1572 3065 1645 Χριστοῦ
3115 1572 3349 1641 ἐδήλωσε
3396 1569 3670 1637 κοίμησιν,
3703 1566 3780 1627 ὡς
3810 1565 3906 1617 καὶ

2362 1671 2586 1731 Ἡσαΐας
2622 1668 2787 1733 λέγει’
2835 1684 2853 1715 ‹
2901 1664 3022 1735 Πῶς
3065 1666 3275 1732 ἐγένετο
3321 1662 3488 1733 πόρνη
3529 1660 3692 1729 πιστὴ
3742 1656 3903 1718 Σιὼν,

2353 1759 2561 1829 πλήρης
2593 1757 2854 1825 κρίσεως;
2891 1755 2948 1806 ἐν
3037 1754 3344 1824 δικαιοσύνη
3371 1750 3629 1821 ἐκοιμήθη
3662 1750 3721 1800 ἐν
3744 1747 3905 1817 αὐτῇ,

715 1874 734 1905 ε
768 1854 875 1924 Ego
902 1854 1129 1907 dormivi
1178 1863 1231 1907 et
1268 1862 1553 1921 soporatus
1599 1866 1749 1915 sum;
1784 1851 2094 1913 exsurrexi,
2128 1849 2254 1918 quia

2358 1838 2547 1899 νῦν’δέ
2598 1843 2861 1913 φονευταί.
2916 1862 2935 1893 ι
2984 1844 3101 1896 Καὶ
3138 1845 3167 1896 ὁ
3216 1842 3375 1896 Δαυὶδ
3425 1840 3649 1911 ὁμοίως·
3692 1856 3713 1888 ί
3763 1834 3908 1903 Ἐγὼ

709 1945 969 1998 Dominus
1006 1944 1353 1997 auxiliahitur
1402 1943 1529 1995 mihi
1562 1943 1649 1993 ηε
1694 1961 1711 1993 ι
1762 1954 1822 1995 ιιι
1864 1956 1926 1994 ea
1969 1940 2253 2002 sententia,

2358 1935 2649 2006 ἐκοιμήθην
2683 1934 2774 1987 καὶ
2821 1932 3061 1995 ὓπνωσα,
3110 1932 3436 2003 ἐξηγέρθην,
3467 1932 3549 1983 ὅτι
3580 1928 3785 1997 Κύριος
3812 1928 3909 1979 ἀν·-

707 2046 762 2090 et
808 2036 1072 2090 dormisse
1125 2050 1284 2101 eum,
1338 2044 1389 2095 et
1442 2033 1756 2087 suscitatum
1813 2046 1934 2085 esse
1986 2031 2254 2085 ostendat.

706 2125 872 2180 Jaeob
923 2135 1099 2179 autem
1149 2126 1280 2179 dicit
1325 2132 1345 2177 :‘
1388 2143 1409 2176 ‹
1461 2123 1593 2189 Quis
1639 2122 1919 2179 suscitabit
1953 2120 2114 2174 eum?
2149 2139 2166 2171 ι
2199 2119 2256 2173 1d

709 2218 885 2285 ipsum
932 2226 1014 2270 est
1044 2217 1186 2285 quod
1238 2216 1436 2278 David,
1468 2216 1543 2270 uti
1595 2225 1648 2269 et
1690 2214 1888 2269 Paulus
1913 2254 1930 2281 ,
1966 2214 2041 2267 ait
2087 2232 2099 2267 :
2133 2232 2151 2264 ι
2192 2212 2259 2268 Et

710 2308 875 2362 Deum
908 2306 1153 2373 Patrem,
1197 2307 1289 2375 qui
1334 2306 1613 2376 suscitavit
1648 2321 1771 2360 eum
1805 2321 1835 2358 a
1869 2306 2099 2359 mortuis
2131 2306 2191 2359 ".
2232 2325 2251 2357 ι

702 2519 709 2525 -
780 2483 869 2537 IX.
908 2484 1146 2538 Dicendo
1182 2492 1403 2537 autem:
1443 2501 1461 2534 ‹
1493 2481 1609 2535 Non
1651 2482 1861 2536 deﬁciet
1894 2487 2141 2552 princeps
2178 2500 2246 2538 ex

710 2573 870 2639 Juda,
902 2584 955 2627 et
994 2573 1103 2625 dux
1145 2590 1209 2626 ex
1250 2573 1544 2626 femoribus
1576 2573 1712 2640 ejus,
1744 2572 1913 2627 donec
1944 2574 2142 2635 veniat,
2168 2575 2253 2628 cui

710 2666 1002 2735 repositum
1033 2673 1113 2718 est
1144 2682 1158 2717 ε
1205 2674 1258 2718 et
1294 2664 1408 2732 ipse
1432 2663 1534 2717 erit
1566 2656 2184 2734 exspectatiogentium,
2229 2685 2247 2716 ι

710 2756 945 2809 ostendit
990 2756 1265 2823 impletum
1312 2770 1431 2809 esse
1473 2756 1806 2810 vaticinium.
1837 2757 1955 2825 Ipse
1999 2758 2144 2811 enim
2175 2764 2257 2809 est

713 2860 897 2903 nostra
951 2847 1299 2914 exspectatio.
1355 2844 1744 2914 Exspectamus
1800 2848 1945 2901 enim
2006 2853 2257 2909 eum,.et

710 2938 1011 2993 venientem
1042 2952 1075 2990 e
1112 2939 1249 2991 cmlo
1279 2938 1475 2991 virtute
1509 2952 1605 3005 per
1636 2938 1791 2993 Iidem
1817 2938 2114 2992 cernimus.

788 3105 854 3159 Χ.
888 3123 906 3156 ι
946 3106 1184 3175 Alligans
1206 3107 1271 3161 ad
1304 3108 1463 3161 vitem
1499 3107 1706 3162 asinam
1739 3125 1890 3164 suam
1920 3130 1932 3164 :
1973 3131 1991 3163 ι
2027 3113 2131 3167 hoc
2150 3122 2252 3178 est,

715 3196 970 3265 populum
1014 3211 1172 3249 suum
1219 3212 1283 3250 ex
1334 3198 1764 3262 circumcisione,
1813 3201 1880 3252 ad
1921 3202 2252 3256 vocationem

715 3301 891 3341 suam.
918 3282 1049 3339 Nam
1082 3285 1193 3352 ipse
1218 3284 1344 3337 vitis
1371 3283 1663 3337 erat“.eEt
1696 3285 1762 3337 ad
1792 3286 2014 3341 lielicem
2048 3291 2253 3358 pullum

715 3378 882 3433 asina:
907 3390 1056 3437 suae;
1116 3391 1136 3424 ι
1192 3376 1445 3444 populum
1473 3390 1540 3429 ex
1570 3377 1837 3446 gentibus,
1873 3380 2026 3446 quasi
2056 3396 2255 3434 novum

714 3468 921 3539 pullum
972 3466 1273 3529 adducens,
1327 3466 1485 3534 quasi
1532 3466 1622 3535 qui
1671 3469 2144 3523 circumcisiouem
2202 3479 2257 3523 et

633 3579 640 3583 ν
716 3559 1034 3629 praeputium
1075 3566 1227 3611 vocet
1271 3558 1321 3609 in
1366 3572 1527 3610 unam
1556 3556 1739 3610 Iidem.

792 3648 877 3701 XI.
907 3664 927 3699 ί
978 3646 1199 3700 Lavabit
1229 3648 1281 3699 in
1313 3648 1434 3701 vino
1464 3648 1653 3701 stolam
1677 3662 1862 3712 suam;
1904 3666 1922 3697 ι
1952 3648 2103 3717 juxta
2152 3647 2257 3701 Pa-

719 3747 923 3791 ternam
956 3753 1049 3805 per
1084 3736 1341 3805 Spiritum
1372 3746 1639 3802 sanctum,
1667 3754 1785 3807 qua:
1818 3738 1869 3791 in
1901 3736 2135 3792 Jordane
2160 3740 2255 3792 de-

721 3826 962 3888 scendit,
1004 3842 1209 3880 vocem.
1266 3846 1284 3878 (
1338 3825 1405 3880 Et
1459 3827 1513 3879 in
1559 3830 1821 3897 sanguine
1878 3843 1993 3882 uva:
2035 3829 2255 3897 pallium

664 3972 667 3975 ἰ
715 3931 900 3970 suum.
954 3934 971 3967 ι
1018 3915 1204 3984 Cujus,
1253 3932 1401 3987 rogo,
1450 3920 1713 3986 sanguine
1760 3934 1894 3981 uvae,
1936 3920 2041 3972 nisi
2078 3920 2259 3973 carnis

792 4073 832 4104 “
862 4070 1062 4135 Isa.xr,
1096 4072 1142 4124 I.
1223 4073 1261 4104 ⁸³
1312 4072 1414 4127 Isa.
1461 4089 1496 4137 ι,
1534 4073 1620 4126 21.

790 4228 900 4296 (25)
927 4226 1021 4293 Μὴ
1052 4227 1132 4296 ἐκ,
1162 4226 1493 4296 σπέρματος
1542 4226 1723 4281 Δαυὶδ
1772 4228 2108 4296 γενόμενον.
2143 4224 2264 4279 Haec

724 4298 907 4349 minus
935 4304 1076 4347 recte
1108 4295 1247 4365 dicta
1281 4295 1509 4351 fortasse
1543 4297 1708 4350 videri
1738 4295 1957 4365 queant.
1990 4296 2269 4365 Suspicio-

722 4380 843 4434 nem
875 4364 1220 4434 vel_maxi_me
1258 4377 1415 4434 auget
1448 4368 1725 4420 Paulinum
1767 4366 1896 4420 illud
1929 4364 2161 4430 RomIt,
2190 4367 2263 4419 ὃς

722 4430 981 4505 Περξιᾷτοῦ
1014 4430 1357 4505 Ϊίοῦαύτού]
1398 4435 1491 4487 τοῦ
1538 4436 1823 4505 γενομένου
1858 4438 1932 4505 ἐκ
1942 4435 2269 4505 σπέρματος

722 4500 883 4572 Δαυὶδ
914 4500 1055 4572 κατά
1085 4501 1289 4572 σάρκα..
1310 4502 1529 4572 Yerum,
1553 4500 1624 4572 ut
1656 4500 1854 4570 optime
1889 4500 2256 4572 Tillemontius

2368 4505 2585 4559 veniant
2618 4523 2630 4556 :
2681 4519 2779 4557 nec

728 4571 883 4625 Mém.
931 4570 1056 4623 εδει.
1101 4568 1232 4625 toin.
1273 4568 1362 4635 IlI,
1396 4586 1515 4639 pag.
1560 4571 1660 4623 678
1682 4568 1706 4633 ,“
1731 4581 1844 4624 not.
1874 4571 1926 4631 6,
1953 4588 2020 4624 ex
2052 4572 2117 4639 iis
2149 4589 2267 4639 quae

1307 4638 1499 4707 nisque
1528 4640 1798 4707 percipere
1840 4648 2036 4707 potest,
2075 4638 2131 4695 S.
2167 4638 2268 4693 Pa-

723 4721 859 4765 trem
885 4723 955 4763 ει
981 4708 1145 4775 Stirpe
1164 4706 1378 4776 quidem
1414 4706 1663 4762 Davidiea
1678 4706 1863 4760 ortum
1898 4706 2081 4762 Iesum
2114 4710 2269 4762 Chri-

724 4790 867 4833 stum
899 4791 1192 4848 agnoscere
1212 4778 1338 4848 ;Aita
1382 4788 1557 4831 tamen
1592 4787 1652 4831 ut
1696 4786 1851 4848 neget
1880 4779 2053 4847 ipsum
2082 4793 2142 4831 ea
2181 4792 2269 4829 or-

725 4856 837 4900 tum
886 4843 1023 4917 {ex
1069 4843 1284 4917 Davidis
1335 4849 1537 4900 semine
1588 4866 1604 4898 ι
1651 4843 1853 4900 ratione
1899 4843 2108 4917 vulgari
2161 4863 2267 4915 qua

726 4916 903 4968 caeteri
958 4914 1238 4985 homines,
1290 4917 1483 4983 quippe
1515 4934 1535 4966 ‹
1570 4918 1663 4985 qui
1706 4918 1771 4968 de
1830 4914 2029 4985 Spiritu
2082 4914 2269 4971 sancto

725 4994 1014 5062 conceptus
1046 4983 1229 5048 fuerit,
1261 4992 1314 5035 et
1339 4998 1403 5036 ex
1440 4983 1626 5040 sanetb
1650 4983 1887 5056 germine
1915 5002 1945 5041 e
1977 4996 2117 5041 terra
2147 5004 2269 5062 pro-

727 5060 964 5105 cesserit.
999 5072 1018 5102 ι
1714 5070 1717 5073 ·
2242 5060 2247 5065 ·

797 5120 906 5185 (26)
957 5121 1172 5191 Τούτου
1221 5120 1297 5191 ἐξ
1330 5120 1627 5191 βλαστοῦ.
1674 5120 2007 5191 Conjiciebat
2062 5124 2270 5179 Gudius

726 5189 1004 5267 legendum
1044 5189 1217 5243 τοῦτο.
1264 5188 1370 5243 Sed
1401 5189 1628 5267 rectius,
1656 5201 1713 5241 ut
1736 5188 1964 5258 videtur,
2005 5194 2268 5248 Combeli-

728 5257 845 5327 sius
859 5255 1082 5327 τοῦτον,
1098 5267 1151 5312 et
1171 5274 1294 5311 mox
1328 5257 1736 5327 προερχόμενον.

729 5323 909 5463 τις-ι)
944 5326 1012 5375 re
1056 5325 1122 5377 ea
1160 5327 1377 5395 λέγειν.
1415 5323 1575 5379 Εᾱὶιξ
1606 5325 1920 5389 Combefis.,
1944 5328 2130 5400 τῷνδέ
2177 5332 2264 5386 λέ-

729 5458 911 5586 ὲβέ)
948 5458 1256 5513 Τουτέστιν
1285 5463 1316 5516 ὃ
1359 5462 1550 5518 Δαυιδ.
1597 5462 1723 5531 Leg.
1770 5481 1911 5517 τουτ.
1958 5467 1987 5518 ὃ
2028 5468 2056 5517 ὀ
2084 5470 2263 5523 Δαυίδ.

776 5548 836 5585 an
880 5567 895 5581 .

776 5548 895 5585 ΔΒΙ.

801 5598 943 5669 (29)-
972 5596 1080 5649 Kal
1566 5599 1771 5655 ἐθνῶν.
1822 5598 1987 5656 Uncis
2058 5604 2263 5660 inclusa

732 5666 871 5723 male
897 5666 1118 5719 aberant
1142 5679 1171 5717 a
1204 5681 1333 5719 mss.
1367 5667 1502 5723 ϐω).

800 5736 910 5810 ('59)
932 5732 1375 5810 Πλῃρουμένην.
1402 5736 1562 5810 Addit
1582 5737 1935 5796 Combelisius
1960 5742 2263 5810 parenthesi

730 5802 986 5861 (auditu
1012 5802 1129 5876 (τὴν
1157 5804 1523 5875 προφητείαν).

2355 2024 2629 2095 τιλήψεταί
2666 2040 2785 2094 μου·
2828 2043 2846 2073 ι
2879 2024 2965 2075 ἵνα
2995 2020 3141 2095 δείξῃ
3164 2024 3221 2075 ἐν
3249 2021 3326 2092 τῷ
3359 2019 3505 2093 ρητῷ
3530 2018 3627 2089 τὴν
3653 2018 3911 2086 κοίμησιν

2358 2120 2521 2175 αὑτοῦ
2551 2119 2644 2173 καὶ
2673 2118 2960 2172 ἀνάστασιν
2992 2116 3376 2185 γεγενημένην.
3424 2112 3614 2167 Ἰακὼϐ
3646 2112 3708 2163 δέ
3734 2110 3904 2177 λέγει·

2360 2232 2379 2264 ι
2420 2211 2513 2275 Τίς
2540 2212 2721 2281 ἐγερεῖ
2744 2210 2937 2274 αύτόν;
2973 2227 2991 2260 ι
3017 2207 3302 2261 Τουτέστιν
3331 2204 3361 2256 ὃ
3380 2203 3539 2256 Δαυὶδ
3568 2201 3703 2272 (28),
3728 2198 3914 2261 καθὼς

2356 2304 2448 2355 καὶ
2481 2300 2709 2365 Παῦλος,
2737 2300 2904 2368 λέγει⁸
2947 2317 2966 2349 ι
3002 2298 3111 2350 Καὶ
3137 2293 3269 2348 Θεοῦ
3300 2292 3511 2364 Πατρδς
3540 2290 3633 2343 τοῦ
3665 2290 3916 2360 ἐγείραν-

2357 2408 2448 2455 τος
2481 2392 2639 2445 αὐτὸν
2661 2391 2726 2443 ἐκ
2748 2388 2973 2459 νεκρῶν.
3013 2406 3033 2438 ι

2427 2482 2517 2554 Τῷ
2557 2482 2613 2535 δέ
2663 2483 2867 2534 εἰπεῖν’
2916 2497 2936 2531 ι
2982 2478 3093 2531 Οὐκ
3124 2472 3361 2542 ἐκλείψει
3386 2472 3564 2542 ἄρχων
3603 2468 3663 2533 ἐξ
3718 2468 3919 2529 Ἰούδα,

2356 2575 2449 2626 καὶ
2489 2572 2785 2643 ἡγούμενος
2821 2573 2885 2623 ἐκ
2919 2568 3026 2622 τῶν
3066 2565 3253 2637 μηρῶν
3295 2562 3479 2630 αὐτοῦ,
3509 2563 3613 2624 ἕως
3652 2561 3722 2615 ἂν
3760 2558 3915 2631 ἔλθῃ,

2353 2656 2397 2729 ᾧ
2423 2663 2727 2715 ἀπόκειται·
2751 2661 2845 2713 καὶ
2866 2660 3024 2721 αὐτὸς
3048 2658 3200 2709 ἔσται
3222 2654 3514 2725 προσδοκία
3534 2651 3706 2707 ἐθνῶν
3723 2650 3859 2721 (29)°
3888 2668 3908 2700 ι

2358 2753 2738 2824 πληρουμένην
2772 2752 2881 2819 (50)
2904 2750 2997 2802 ἐπὶ
3022 2749 3113 2801 τὸν
3154 2746 3384 2819 Χριστὸν
3422 2745 3711 2815 ἐδήλωσεν.
3740 2741 3916 2803 Δύτδς

2353 2844 2460 2915 γὰρ
2488 2844 2641 2914 ήμῶν
2665 2845 2777 2895 ἐστι
2804 2840 3122 2913 προσδοκίαο
3157 2837 3552 2909 προσδεχόμεθα
3586 2833 3696 2903 γὰρ
3722 2832 3908 2894 αὐτὸν,

2356 2934 2648 3004 ἐρχόμενον
2696 2933 2805 3000 (51)
2853 2932 2947 2983 ἀπ’
2989 2926 3217 3001 ούρανοῦ
3265 2928 3489 2997 δυνάμει
3538 2923 3626 2976 διὰ
3676 2922 3912 2984 πίστεως

2356 3025 2515 3095 ἡμῶν
2546 3024 2835 3094 βλέπομεν.

2422 3114 2705 3185 Δεσμεύων
2735 3114 2867 3185 πρὸς
2897 3112 3137 3183 ἄμπελον
3156 3110 3253 3180 τὴν
3281 3109 3401 3173 δνον
3449 3104 3635 3168 αὑτοῦ,
3671 3122 3691 3155 ι
3723 3101 3911 3156 τουτέ-

2357 3220 2463 3265 στι,
2488 3204 2580 3256 τὸν
2608 3204 2673 3255 ἐκ
2703 3202 3000 3273 περιτομῆς
3044 3199 3169 3253 λαὸν
3197 3193 3359 3248 αὑτοῦ
3400 3193 3533 3264 πρὸς
3573 3192 3672 3263 τὴν
3717 3188 3916 3244 ἑαυτοῦ

2282 3252 2324 3308 C
2612 3252 2799 3353 αύτδςΓ
2816 3252 3040 3359 γὰρήιᾷιν
3081 3287 3113 3356 ἡ
3156 3282 3415 3355 ἄμπελος.
3444 3252 3469 3331 ἰ
3515 3252 3640 3334 Ital.
3680 3280 3745 3348 τῇ
3774 3276 3915 3329 una

2355 3384 2447 3434 τὸν
2489 3381 2664 3432 πῶλον
2695 3381 2795 3450 τῆς
2830 3378 2952 3429 ὄνου
2992 3372 3189 3429 αὐτοῦ’
3229 3390 3247 3423 ι
3282 3372 3374 3424 τὸν
3410 3370 3555 3431 λαὸν,
3592 3368 3684 3420 τὸν
3728 3366 3789 3431 ἐξ
3816 3363 3909 3416 ἐθ-

2360 3469 2487 3530 νῶν,
2514 3467 2589 3528 ὠς
2622 3466 2922 3535 περιτομὴν
2957 3464 3050 3518 καὶ
3078 3460 3438 3534 ἀκροϐυστίαν
3465 3459 3543 3519 είς
3575 3457 3703 3527 μίαν
3729 3454 3915 3507 πίστιν

2363 3559 2565 3612 καλῶν.

2439 3669 2456 3700 ι
2501 3648 2695 3700 Πλυνεί
2717 3647 2774 3697 ἐν
2806 3643 2933 3715 οἴνῳ
2959 3644 3056 3714 τὴν
3084 3641 3271 3712 στολὴν
3295 3639 3456 3694 αὑτοῦ
3478 3656 3491 3669 ·
3536 3657 3555 3689 ι
3589 3634 3782 3708 [κατὰ]
3813 3634 3917 3702 τὴν

2365 3740 2499 3811 [διὰ]
2548 3738 2639 3791 τοῦ
2694 3737 2802 3807 (52)
2852 3736 3007 3804 ἁγίου
3056 3733 3369 3802 Πνεύματος
3416 3727 3775 3783 κατελθοῦσαν
3821 3725 3916 3777 ἐπὶ

2375 3830 2638 3900 Ἰορδάνην
2669 3826 2941 3898 Πατρικὴν
2970 3825 3168 3893 φωνήν.
3208 3840 3227 3872 ι
3264 3821 3373 3873 Καὶ
3396 3822 3453 3874 ἐν
3484 3820 3674 3889 αἵματι
3710 3830 3915 3880 σταφυ-

2362 3921 2459 3990 λῆς
2499 3921 2595 3990 τὴν
2642 3919 2929 3989 περιϐολὴν
2966 3912 3149 3969 αὑτοῦ.
3190 3931 3208 3964 ι
3251 3912 3452 3983 Δῖματι
3499 3906 3589 3963 οὖν
3636 3905 3918 3975 σταφυλῆς

1730 4072 1772 4104 ⁸⁸
1802 4071 2001 4127 Psalm.
2034 4088 2115 4137 ιιι,
2162 4072 2213 4125 6.
2309 4075 2352 4105 "
2389 4034 2506 4128 Gai.
2542 4090 2579 4136 ι,
2619 4076 2667 4127 1.
2746 4074 2789 4105 ¹⁸
2815 4072 2972 4126 Joan.
2999 4087 3090 4135 xv,
3126 4071 3178 4124 1.

2448 4228 2559 4295 (51)
2602 4228 2970 4295 Ἐρχόμενον.
3000 4227 3316 4292 Combelis.,
3350 4226 3444 4279 καὶ
3473 4225 3785 4295 ἐρχόμενον.

2448 4234 2532 4291 (51
2602 4234 2970 4295 Ἐρχόμενον.
3000 4234 3316 4292 Combelis.,
3350 4234 3444 4279 καὶ
3473 4234 3599 4295 ἐρχό
3676 4242 3785 4277 νον.

2596 4294 2939 4371 [Κατὰ]·τῂν
2966 4296 3103 4371 [διὰ]
3142 4296 3267 4354 τοῦ.
3300 4296 3570 4371 Duplicem
3605 4241 3748 4347 isne
3774 4310 3914 4371 pra}-

2446 4366 2691 4420 sitionem
2744 4365 2876 4418 mihi
2930 4365 3234 4424 tiecessario
3291 4365 3637 4433 supplendam
3694 4366 3902 4432 putavi.

2446 4382 2691 4420 suionein
2744 4382 2876 4418 ιιιιιιι
2930 4383 3234 4424 necessario
3291 4382 3637 4433 supplenoalll
3694 4382 3902 4432 putavi.

2372 4382 2488 4509 gini
2517 4435 2659 4489 enim
2689 4436 2855 4509 στολήν
2878 4443 2931 4489 et
2956 4440 3102 4509 φωνή
3130 4438 3237 4491 uIIo
3258 4434 3531 4509 allegoria
3562 4447 3760 4509 genere
3778 4449 3912 4509 con-

2868 4500 3051 4582 aterna
3091 4500 3196 4560 'vox
3242 4500 3460 4582 dicetne
3492 4500 3614 4582 “vos
3667 4500 3911 4582 Spiritus

2368 4575 2558 4636 sancti,
2584 4574 2739 4642 quasi
2761 4572 2992 4643 Spiritus
3011 4585 3230 4629 sanctus
3254 4571 3462 4643 Christi
3490 4569 3643 4643 Pater
3665 4569 3903 4643 dicatur,

2366 4645 2511 4711 quod
2540 4640 2814 4710 theologia
2839 4658 2944 4696 non
2970 4645 3219 4697 admittit.
3251 4642 3382 4696 Mira
3413 4644 3590 4710 itaque
3624 4640 3909 4711 brevitate,

2367 4708 2547 4765 vinum
2578 4708 2797 4766 deitaiis
2822 4713 2991 4780 figura
3018 4712 3228 4780 accipit,
3256 4726 3363 4780 quo
3390 4708 3622 4765 delibuta
3650 4718 3705 4762 et
3750 4708 3909 4780 dea]:

2368 4782 2492 4833 bata
2544 4782 2633 4834 illa
2670 4777 2885 4846 Christi
2913 4781 3092 4849 tunica
3134 4777 3286 4849 (ejus
3316 4780 3522 4835 scilicet
3572 4777 3909 4849 humanitas)

2364 4851 2517 4917 juxta
2566 4852 2709 4918 quod
2752 4850 2912 4905 Pater
2948 4850 3002 4901 in
3045 4846 3297 4911 Jordane,
3325 4865 3456 4904 voce
3502 4864 3597 4917 per
3637 4846 3908 4918 Spiritum

2367 4914 2604 4985 delapsa}
2650 4929 2975 4986 protestatus
3026 4928 3128 4979 est,
3173 4934 3292 4973 esse
3334 4914 3527 4973 Filium
3576 4929 3736 4969 suum
3773 4914 3909 4967 dile-

2368 4995 2534 5055 ctum,
2559 5001 2665 5038 non
2705 4988 3035 5055 adoptivum,
3069 4988 3161 5041 sed
3194 4989 3511 5049 naturalem,
3537 4986 3651 5053 ipsa
3682 4993 3909 5055 unctum

2368 5054 2667 5115 divinitate,
2690 5070 2793 5121 qua
2810 5053 3005 5119 ‘homo,
3025 5070 3131 5109 non
3158 5056 3296 5111 sicut
3322 5057 3499 5112 caeteri
3530 5074 3543 5107 :
3573 5062 3625 5108 et
3656 5053 3905 5121 pallium,

2367 5123 2524 5191 quasi
2545 5123 2673 5191 quid
2698 5124 3079 5189 extrinseeuin,
3107 5126 3358 5181 derivatis
3387 5141 3451 5180 ex
3484 5124 3575 5177 illo
3604 5122 3906 5177 charisma-

2368 5193 2514 5247 tihus
2543 5210 2556 5244 :
2589 5208 2710 5265 quae
2753 5201 2901 5265 certe
2934 5193 3037 5265 alta
3085 5191 3607 5265 theologiaisirnplici
3640 5204 3778 5256 avo,
3810 5208 3904 5265 ve-

2368 5276 2533 5333 reque
2578 5262 2961 5333 ecclesiastica.
3003 5261 3153 5329 Quod
3198 5261 3291 5320 est'
3328 5261 3628 5333 βληθείσης,
3680 5264 3907 5333 propius

2367 5332 2445 5403 ad
2467 5331 2833 5403 metaphoram
2867 5332 3025 5403 fuerit
3051 5331 3337 5403 θλιϐείσης,
3365 5331 3504 5399 quod
3533 5331 3598 5383 de
3629 5332 3747 5403 uvis
3778 5345 3904 5398 pro-

2406 5400 2483 5451 rie
2513 5401 2623 5453 sive
2648 5415 2773 5453 cum
2803 5401 3076 5455 calcantur
3096 5400 3310 5463 dicitur,
3345 5403 3458 5453 sive
3482 5414 3603 5453 eum
3640 5400 3695 5453 in
3727 5411 3882 5454 torcu

2388 5469 2466 5540 ari
2497 5470 2885 5540 exprimuntur.
2918 5470 3085 5540 Cujus
3131 5473 3291 5523 etiam
3334 5483 3454 5540 una
3487 5470 3802 5540 metaphora
3846 5475 3908 5522 et
3962 5500 3975 5515 ο

2368 5537 2625 5607 tinctione
2653 5540 2785 5602 vini,
2810 5540 2877 5593 de
2906 5537 3009 5593 sua
3032 5540 3289 5593 Dominus
3315 5537 3583 5607 passione.
3604 5537 3708 5593 Isa.
3742 5551 3901 5598 mu.

2366 5608 2401 5659 3
2432 5624 2446 5675 ς
2493 5624 2511 5657 ι
2554 5606 2811 5660 Torcular
2840 5608 3040 5661 calcavi
3074 5610 3243 5672 solus,
3282 5606 3438 5661 νοις.
3477 5625 3491 5659 :
3532 5610 3633 5661 nisi
3670 5608 3797 5675 quia
3835 5608 3907 5658 de

2368 5674 2706 5744 inimicorum
2735 5676 2937 5728 ultione
2956 5676 3198 5744 accipere
3223 5676 3389 5730 malit.
3418 5677 3546 5730 ’Δπδ
3565 5674 3709 5730 οῑνου
3734 5676 3905 5744 eti}!-

2363 5745 2642 5866 ὶιξῖἓὲἱΔξὲι.
2675 5743 2953 5799 Col-sris.
2982 5774 3053 5783 —
3075 5741 3245 5802 'Aliter
3270 5745 3474 5802 Cadius
3502 5748 3588 5801 hic
3622 5744 3766 5814 apud
3798 5741 3904 5794 Fa-

2504 5830 2533 5865 u
2599 5851 2613 5866 ο

2402 5828 2613 5867 rlcmtn.
