4098 6362
684 410 785 468 765

1326 410 1385 465 s.
1425 410 1779 466 HIPPOLYTI
1817 374 1961 465 o’rp.
2005 410 2182 465 pains

2308 438 2376 450 --
2415 409 2714 466 DOGMAT.
2756 410 2842 465 ET
2881 410 3218 468 IIISTORIC.

3761 414 3870 467 7M

679 531 785 586 lius
807 529 933 601 quid
962 521 1105 586 dicat
1123 528 1307 585 Daniel
1333 531 1386 583 in
1414 531 1731 585 visionibus.
1758 529 1856 584 llic
1876 532 2017 583 enim
2038 529 2203 583 futura

2319 510 2721 600 μερέστεροντί
2749 528 2890 597 λέγει
2918 528 3114 598 Δανιὴλ
3152 530 3207 580 ἐν
3235 531 3358 591 οτοῖς
3388 528 3673 598 δράμασιν.
3702 521 3871 587 Οὗτος

680 622 930 691 deinceps
966 637 1135 692 regna
1161 621 1518 691 distinguens,
1549 620 1784 674 Ostendit
1810 620 2063 675 extremis
2087 630 2216 675 tem-

679 711 900 783 poribus
948 712 1109 766 etiam
1159 711 1473 765 Antichristi
1521 710 1764 763 futurum
1812 710 2117 775 adventum,
2166 717 2218 761 et

680 801 866 855 mundi
895 800 1131 855 universi
1160 799 1697 854 consummationem.
1724 800 1810 850 Ait
1857 800 2036 865 itaque
2088 799 2214 851 dum

678 891 839 947 solvit
858 889 1403 944 Nabuchodonosoris
1438 890 1612 943 visum
1638 906 1651 941 :
1681 906 1703 939 ‹
1746 888 1831 941 Tu
1855 904 1949 941 rex
1978 888 2214 951 videbas,

677 989 732 1035 et
777 996 903 1035 ecce
948 980 1294 1033 simulacrum
1343 992 1596 1048 magnum
1643 989 1794 1034 stans
1846 989 1971 1033 ante
2023 978 2213 1033 faciem

676 1081 857 1145 tuam;
889 1073 1046 1142 cujus
1082 1083 1240 1143 caput
1270 1090 1337 1127 ex
1385 1089 1519 1127 auro
1567 1074 1800 1142 optimo:
1850 1072 2069 1126 brachia
2100 1073 2215 1140 ejus

674 1173 729 1217 et
754 1162 984 1228 humeri,
1015 1172 1302 1230 argentea;
1350 1170 1536 1215 venter
1566 1172 1622 1215 et
1674 1160 1900 1221 femora,
1948 1176 2124 1221 aerea;
2164 1169 2215 1213 et

673 1253 818 1307 tibia:
841 1253 1054 1319 ferreas;
1112 1254 1295 1321 pedes,
1348 1268 1475 1321 pars
1532 1253 1749 1322 quidem
1783 1252 1973 1316 ferrea,
2018 1260 2070 1304 et
2092 1266 2213 1319 pars

674 1350 862 1395 testea.
890 1340 1121 1396 Videbas
1166 1342 1346 1411 igitur,
1374 1343 1544 1396 donec
1572 1343 1845 1395 abscissus
1881 1350 1961 1394 est
1991 1341 2125 1409 lapis
2148 1342 2213 1395 de

674 1441 857 1486 monte
882 1433 999 1487 sine
1025 1432 1303 1485 manilius:
1356 1441 1411 1486 et
1441 1433 1707 1499 percussit
1752 1433 2098 1485 simulacrum
2121 1446 2214 1484 su-

672 1536 767 1589 per
796 1520 955 1588 pedes
988 1520 1189 1574 l'erreos
1235 1530 1287 1574 et
1317 1529 1536 1583 testeos,
1571 1529 1625 1573 et
1669 1520 1987 1591 comminuit
2024 1533 2117 1572 eos
2157 1520 2209 1571 in

670 1610 851 1664 tinem.
884 1609 1035 1663 Tunc
1052 1611 1262 1678 penitus
1280 1610 1613 1663 comminuta
1645 1618 1771 1662 sunt
1792 1619 1951 1671 testa,
1984 1607 2209 1671 ferrum,

668 1716 762 1764 αις,
801 1711 1099 1768 argentum,
1126 1708 1341 1763 aurum,
1375 1707 1429 1752 et
1456 1698 1598 1753 facta
1618 1709 1743 1753 sunt
1763 1698 1916 1766 quasi
1942 1698 2116 1766 pulvis
2144 1698 2211 1751 de

668 1803 793 1842 area
822 1789 1031 1852 instita;
1070 1796 1124 1840 et
1146 1788 1365 1841 sustulit
1408 1802 1471 1841 ea
1497 1788 1746 1855 copiosus
1775 1798 1985 1852 ventus,
2030 1795 2085 1841 et
2124 1787 2206 1841 lo-

2317 619 2425 686 γάρ
2456 618 2769 670 διαστέλλων
2795 617 2892 680 τὰς
2924 618 3057 687 μετά
3080 617 3251 670 ταῦτα
3276 620 3533 687 ἐσομένας
3571 614 3869 686 βασιλείας,

2314 707 2580 770 ἐπέδειξεν
2608 708 2667 759 ἐν
2696 707 2941 776 ἐσχάτοις
2974 707 3087 776 (47)
3114 710 3322 777 καιροῖς
3353 708 3446 759 καὶ
3493 708 3588 775 τὴν
3617 697 3712 757 τοῦ
3750 704 3869 759 Ἀν-

2312 797 2582 867 τιχρίστου
2611 796 2923 864 παρουσίαν,
2955 797 3047 847 καὶ
3072 794 3166 864 τὴν
3195 794 3286 847 τοῦ
3320 794 3513 868 παντὸς
3529 795 3730 861 κόσμου
3750 808 3871 843 συν-

2314 887 2541 939 τέλειαν.
2586 887 2744 953 Λέγει
2782 881 2871 937 οὖν
2898 884 3128 937 ἐπιλύων
3158 886 3217 936 τὸ
3252 886 3431 954 ὅραμα
3478 882 3868 951 Ναϐουχοδονό-

2316 993 2443 1045 σορ’
2487 995 2504 1026 ι
2540 978 2609 1026 Σὺ
2642 974 2854 1045 βασιλεῦ
2880 974 2990 1045 (48)
3024 974 3292 1045 ἑθεώρεις,
3324 976 3413 1025 καὶ
3449 974 3553 1026 ἰδοὺ
3579 972 3740 1023 εἰκὼν
3769 988 3866 1040 με-

2312 1065 2450 1134 γάλη
2480 1065 2685 1116 ἑστῶσα
2712 1064 2815 1135 πρὸ
2848 1064 3132 1132 προσώπου
3160 1078 3282 1114 σου⁶
3345 1060 3412 1132 ἧς
3440 1065 3471 1133 ἡ
3500 1060 3707 1129 κεφαλὴ
3732 1077 3866 1130 χρυ-

2315 1156 2426 1207 σίου
2477 1154 2731 1225 χρηστοῦ⁹
2787 1155 2836 1207 οἱ
2887 1154 3161 1224 βραχίονες
3205 1153 3419 1220 αὐτῆς,
3474 1154 3566 1204 καὶ
3618 1154 3669 1204 οἰ
3722 1146 3867 1220 ὦμοι

2312 1247 2541 1317 ἀργυροῖ
2562 1262 2573 1273 ⁸
2600 1248 2632 1316 ἡ
2664 1244 2836 1297 κοιλία
2861 1247 2952 1298 καὶ
2971 1248 3017 1296 οἱ
3052 1246 3213 1314 μηροὶ
3242 1244 3425 1313 χαλκοῖ
3443 1243 3555 1295 ’καὶ
3578 1245 3631 1295 αἱ
3658 1230 3867 1312 κνῆμαι

2314 1335 2553 1405 σιδηραῖ·
2583 1337 2629 1386 οἱ
2661 1337 2837 1398 πόδες.
2872 1336 3035 1409 μέρος
3063 1386 3066 1389 _
3090 1336 3189 1404 μέν
3220 1352 3301 1387 τοι
3349 1333 3618 1403 σιδηροῦν,
3641 1333 3736 1385 καὶ
3763 1333 3865 1402 μέοο

2312 1440 2403 1495 ρος
2431 1424 2756 1493 ὸστράκινον.
2800 1423 3077 1494 Ἐθεώρεις
3100 1420 3190 1475 οὖν
3231 1424 3334 1485 ἕως
3364 1414 3424 1473 οὗ
3459 1421 3683 1495 ἐσχίσθη
3716 1420 3865 1483 λίθος

2311 1514 2434 1564 ἄνευ
2468 1513 2683 1581 χειρῶν,
2717 1514 2809 1566 καὶ
2829 1512 3058 1577 ἐπάταξε
3092 1502 3189 1583 τὴν
3215 1512 3393 1563 εἰκόνα
3436 1512 3525 1562 ἐπὶ
3544 1512 3669 1571 τοὺς
3691 1510 3857 1571 πόδας

2310 1600 2431 1661 τοὺς
2462 1600 2708 1669 σιδηροῦς
2729 1602 2819 1652 καὶ
2843 1600 3206 1668 ὀστρακίνους,
3237 1602 3330 1651 καὶ
3355 1600 3635 1651 ἐλέπτυνεν
3660 1598 3859 1661 αὐτοὺς

2311 1691 2392 1751 εἰς
2427 1690 2576 1752 τέλος
2597 1730 2608 1741 .
2642 1690 2771 1741 Τότε
2803 1689 3194 1759 ἐλεπτύνθησαν
3231 1689 3458 1753 εἰσάπαξ
3486 1689 3545 1740 τὸ
3570 1687 3861 1757 ὄστρακον,

2307 1781 2336 1831 6
2364 1779 2591 1849 σίδηρος,
2620 1782 2649 1831 6
2694 1779 2908 1848 χαλκὸς,
2943 1782 2971 1830 6
3000 1779 3253 1849 ἄργυρος,
3287 1782 3314 1830 6
3351 1779 3566 1849 χρυσὸς,
3600 1779 3693 1829 καί
3739 1776 3863 1844 ἐγέ-

666 1886 777 1935 cus‘
804 1896 909 1933 non
943 1886 1024 1933 est
1055 1879 1300 1933 inventus
1329 1879 1427 1933 eis.
1453 1878 1520 1932 Et
1554 1879 1690 1946 lapis
1717 1879 1807 1948 qui
1852 1877 2116 1946 percussit
2138 1877 2203 1932 si-

2309 1885 2457 1920 νοντο
2477 1869 2609 1920 ὡσεὶ
2634 1868 2902 1937 κονιορτὸς
2936 1867 3041 1945 ἀπὸ
3061 1867 3272 1929 ἅλωνος
3285 1867 3516 1938 θερινῆς,
3552 1868 3645 1919 καὶ
3666 1869 3859 1936 ἐξῇρεν

669 1973 989 2037 mulacrum,
1020 1972 1193 2026 laetus
1216 1976 1312 2025 est‘
1342 1971 1396 2023 in
1446 1984 1681 2025 montem
1715 1985 1989 2038 magnum.
2020 1977 2072 2023 et
2101 1968 2205 2021 im-

665 2067 828 2135 plevit
856 2067 1160 2120 universam
1188 2076 1382 2119 terrain
1406 2064 1471 2115 ³⁸.
1510 2080 1531 2113 ι

734 2242 854 2297 XX.
883 2242 965 2296 Ad
1017 2242 1129 2296 hazc
1171 2240 1332 2309 igitur
1362 2246 1634 2291 nectentes
1686 2237 1831 2305 ipsas
1872 2234 2105 2287 Danielis
2125 2232 2206 2286 vi-

665 2334 867 2398 siones,
893 2339 1054 2385 un‘am
1101 2332 1345 2397 utrisque
1385 2328 1771 2395 expositionem
1810 2325 2203 2390 adhibebimus,

664 2404 1029 2479 monstrantes
1057 2436 1221 2490 quam
1267 2420 1368 2474 sibi
1403 2419 1763 2478 consentiant,
1792 2431 2036 2483 veraeque
2064 2414 2207 2468 exsi-

616 2518 828 2569 t-vstant.
858 2510 991 2567 Nam
1026 2513 1106 2566 sic
1154 2512 1266 2563 ait:
1293 2528 1338 2559 ·‹
1375 2508 1484 2578 Ego
1535 2507 1721 2560 Daniel
1768 2506 2120 2574 aspiciebam:
2152 2512 2207 2557 et

662 2620 788 2661 ecce
821 2615 1054 2674 quatuor
1104 2602 1248 2655 venti
1290 2600 1413 2655 οωιί
1456 2599 1732 2652 irruebant
1789 2599 1843 2651 in
1889 2611 2034 2649 mare
2085 2609 2202 2648 ma-

661 2709 861 2765 gnum;
909 2702 960 2747 et
986 2701 1217 2761 quatuor
1242 2692 1426 2745 bestiae
1466 2691 1692 2754 grandes
1743 2687 2101 2741 ascendebant
2139 2684 2203 2737 de

664 2786 824 2850 mari,
855 2785 1081 2839 diversa
1109 2783 1246 2837 inter
1275 2796 1352 2835 se.
1380 2780 1559 2833 Prima
1606 2780 1761 2848 quasi
1800 2779 1985 2842 leaena,
2020 2784 2073 2829 et
2106 2776 2204 2829 alte

663 2875 782 2945 ejus
807 2876 945 2928 sicut
970 2872 1180 2942 aquilae.
1234 2870 1572 2938 Aspicieliain
1625 2868 1795 2921 donec
1836 2868 2032 2921 evulsae
2081 2875 2205 2918 sunt

662 2966 763 3020 ala
781 2964 928 3034 ejus:
963 2972 1017 3019 et
1066 2962 1275 3017 sublata
1330 2969 1413 3014 est
1440 2960 1505 3013 de
1538 2968 1709 3024 terra;
1744 2967 1797 3011 et
1844 2972 2003 3023 super
2047 2956 2205 3024 pedes

663 3058 899 3113 hominis
927 3056 1097 3120 stetit,
1124 3063 1178 3108 et
1214 3068 1309 3108 cor
1339 3052 1570 3105 hominis
1599 3050 1779 3104 datum
1802 3061 1885 3103 est
1922 3051 1991 3103 ei.
2028 3048 2094 3101 Et
2122 3063 2205 3101 sev

2304 1958 2441 2010 αὐτὰ
2470 1958 2530 2009 τὸ
2558 1958 2754 2027 πλῆθος
2805 1958 2900 2010 τοῦ
2928 1958 3253 2027 πνεύματος,
3280 1959 3373 2010 καὶ
3420 1958 3582 2030 τόπος
3630 1957 3728 2026 οὐχ
3769 1958 3861 2008 εὑ·-

2308 2048 2438 2118 ρέθη
2486 2049 2543 2099 ἐν
2575 2050 2784 2110 αὐτοῖς’
2819 2050 2965 2101 καϊὸ
3003 2047 3143 2110 λίθος
3166 2049 3193 2098 6
3224 2048 3478 2111 πατάξας
3514 2048 3611 2117 τὴν
3653 2050 3858 2113 εἰκόνα,

2304 2137 2528 2206 ἐγενήθη
2548 2140 2624 2200 είς
2646 2138 2765 2208 ὅρος
2785 2139 2944 2207 μέγα,
2961 2139 3050 2190 καὶ
3085 2138 3359 2207 ἐπλήρωσε
3379 2141 3554 2213 πᾶσαν
3565 2139 3663 2207 τὴν
3833 2156 3855 2191 ι

2356 2231 2692 2299 Συνάψαντες
2706 2228 2796 2283 οὖν
2811 2232 2944 2302 πρὸς
2957 2231 3162 2292 τούτοις
3177 2231 3373 2293 καὶτὰς
3386 2231 3543 2285 αὑτοῦ
3556 2233 3647 2285 τοῦ
3662 2231 3861 2303 Δανιὴλ

2302 2317 2536 2387 ὁράσεις,
2572 2318 2697 2387 μίαν
2740 2318 3062 2388 ἀμφοτέροις
3095 2316 3190 2388 τὴν
3223 2319 3465 2387 διήγησιν
3500 2320 3858 2388 ποιησόμεθα,

2304 2408 2692 2470 ἐπιδεικνύντες
2705 2410 2848 2469 ὅπως
2869 2409 2954 2476 εἴη
2971 2408 3229 2476 σύμφωνα
3250 2409 3342 2460 καὶ
3363 2409 3551 2479 ἀληθῆ.
3580 2410 3734 2477 Λέγει
3748 2409 3860 2478 γάρ

2302 2498 2489 2562 οὕτως’
2518 2496 2657 2565 Ἐγὼ
2672 2497 2864 2569 Δανιὴλ
2879 2498 3161 2567 ἐθεώρουν.
3178 2501 3269 2553 καὶ
3288 2499 3393 2551 ἰδοὺ
3406 2503 3452 2551 οἱ
3466 2502 3723 2569 τέσσαρες
3734 2499 3861 2552 ἀνε-

2305 2604 2391 2656 μοι
2422 2585 2513 2639 τοῦ
2528 2587 2755 2658 οὐρανοῦ
2774 2586 3098 2657 προσέϐαλον
3127 2587 3313 2657 εἰςτὴν
3342 2587 3609 2641 Θάλασσαν
3634 2589 3733 2658 τὴν
3760 2604 3860 2656 με-

2303 2677 2469 2747 γάλην
2492 2694 2505 2707 ο
2537 2678 2631 2729 καὶ
2656 2677 2896 2749 τέσσαρα
2930 2678 3090 2749 θηρία
3125 2679 3331 2748 μεγάλα
3362 2677 3637 2732 ἀνέϐαινον
3668 2678 3731 2729 ἐκ
3757 2678 3857 2746 τῆς
3929 2687 3936 2696 ”

2302 2766 2591 2837 θαλάσσης,
2620 2767 2937 2840 διαφέροντα
2963 2768 3225 2837 ἀλλήλων,
3253 2770 3295 2821 Τ
3297 2768 3325 2820 ὸ
3347 2768 3578 2838 πρῶτον,
3607 2769 3738 2819 ὡσεὶ
3764 2768 3857 2821 λέ-

2302 2874 2445 2915 αινα,
2468 2857 2559 2909 καὶ
2591 2858 2762 2929 πτερά
2789 2859 2921 2927 αὐτῇ
2959 2859 3032 2920 ὡς
3060 2859 3239 2912 ἀετοῦ.
3278 2860 3567 2931 Ἐθεώρουν
3599 2860 3703 2922 ἓως
3733 2859 3854 2922 ἐξε-

2301 2945 2421 3014 τίλη
2452 2946 2521 2998 τὰ
2550 2947 2721 3015 πτερά
2747 2947 2933 3016 αὐτῆς,
2961 2949 3053 3000 καὶ
3108 2949 3305 3019 ἐξήρθη
3347 2950 3451 3002 ἀπὸ
3478 2950 3573 3022 τῆς
3603 2951 3727 3020 γῆς,
3762 2951 3856 3003 καὶ

2303 3036 2394 3087 ἐπὶ
2422 3036 2596 3088 ποδῶν
2627 3034 2929 3107 ἀνθρώπου¹
2960 3038 3178 3109 ἐστάθη,
3207 3039 3300 3093 καὶ
3344 3042 3535 3111 καρδία
3566 3042 3855 3112 ἀνθρώπου

662 3149 837 3205 cunda
869 3147 1037 3201 bestia
1066 3144 1259 3199 similis
1288 3157 1439 3208 urso,
1469 3151 1523 3196 et
1552 3142 1604 3193 in
1636 3152 1784 3209 parte
1810 3156 1914 3193 una
1937 3140 2117 3202 stetit;
2150 3146 2203 3190 et

2305 3124 2455 3193 ἐδόθη
2483 3125 2637 3194 αὐτῇ.
2661 3127 2768 3178 Καὶ
2790 3126 2897 3177 ἰδοὺ
2963 3127 3144 3199 θηρίον
3182 3127 3425 3198 δεύτερον
3466 3131 3647 3198 ὅμοιον
3681 3132 3855 3198 ἄρκῳ,

664 3246 773 3291 tres
795 3244 957 3291 costa:
982 3236 1035 3287 in
1060 3249 1155 3288 ore
1183 3234 1300 3300 ejus
1332 3233 1469 3284 inter
1503 3231 1690 3284 dentes
1717 3224 1947 3298 ejus;‘et
1997 3231 2076 3282 sic
2113 3228 2197 3281 di-

2303 3216 2397 3267 καὶ
2425 3217 2501 3276 είς
2535 3216 2696 3284 μέρος
2731 3216 2927 3285 ἐστάθη
2957 3197 3154 3278 ἒν,-καλ⁸
3167 3219 3293 3291 τρία
3324 3197 3524 3286 πλευρά
3548 3221 3606 3271 ἐν
3635 3197 3873 3291 τῷγστό-Δ

655 3328 853 3383 .cebant
884 3326 964 3380 ei:
1005 3324 1195 3392 Surge,
1232 3322 1451 3377 comede
1473 3335 1664 3374 carnes
1714 3321 1930 3373 multas.
1956 3318 2199 3389 Aspicie—

661 3420 806 3482 bam,
830 3426 887 3472 et
916 3431 1043 3471 ecce
1068 3413 1237 3469 bestia
1262 3412 1417 3479 quasi
1446 3410 1675 3480 pardus:
1714 3419 1767 3462 et
1791 3410 1920 3462 huic
1942 3411 2039 3463 alae
2065 3424 2199 3479 qna-

659 3515 784 3560 tuor
806 3498 1039 3558 volucris
1062 3519 1223 3573 super
1258 3514 1400 3567 eam,
1428 3508 1483 3554 et
1522 3508 1753 3568 quatuor
1783 3498 1956 3566 capita
1994 3500 2194 3553 bestiae.

658 3594 789 3651 Post
821 3597 961 3651 hanc
993 3594 1341 3663 aspiciebam,
1382 3601 1436 3646 et
1458 3606 1585 3646 ecce
1608 3590 1776 3645 bestia
1819 3600 2007 3658 quarta
2036 3591 2196 3643 terri-

657 3688 783 3742 bilis
808 3701 873 3741 ac
890 3684 1171 3754 stupenda,
1194 3693 1247 3737 et
1267 3682 1422 3736 fortis
1448 3683 1643 3748 nimis;
1668 3683 1856 3756 dentes
1879 3680 1996 3747 ejus
2017 3678 2195 3743 ferrei,

659 3786 713 3830 rt
744 3790 947 3846 ungues
970 3775 1087 3844 ejus
1106 3774 1258 3837 muei,
1284 3773 1572 3826 comedens
1615 3781 1667 3825 et
1710 3772 2102 3833 comminuens,
2145 3777 2199 3823 et

658 3870 862 3937 reliqua
894 3868 1117 3937 pedibus
1151 3866 1265 3920 suis
1298 3858 1684 3929 conculcabat;
1727 3876 1781 3919 et
1828 3866 1942 3933 ipsa
1984 3862 2197 3917 diversa

660 3959 820 4013 nimis
842 3972 949 4027 prie
976 3957 1225 4011 omnibus
1247 3955 1457 4020 bestiis,
1483 3968 1604 4023 quae
1639 3963 1759 4007 ante
1794 3968 1949 4019 eam;
2000 3960 2053 4005 et
2077 3951 2197 4022 ejus

658 4061 863 4104 cornua
884 4047 1086 4101 decem.
1116 4044 1539 4099 Considerabam
1568 4059 1773 4099 cornua
1812 4044 1929 4110 ejus
1948 4081 1963 4106 ,
1991 4052 2046 4097 et
2070 4058 2196 4096 ecce

655 4154 826 4194 cornu
850 4138 993 4191 aliud
1025 4151 1245 4205 parvum
1276 4137 1515 4190 ascendit
1546 4138 1597 4189 in
1654 4134 1829 4188 medio
1876 4148 2101 4195 eorum;
2144 4146 2198 4187 et

656 4236 759 4288 tria
782 4247 984 4287 cornua
1006 4247 1073 4285 ex
1093 4228 1463 4299 superioribus
1485 4228 1665 4282 evulsa
1693 4234 1869 4281 sunt‘e
1890 4224 2025 4279 facie
2057 4226 2191 4294 ejus.

656 4323 722 4379 Et
755 4338 879 4380 ecce
910 4322 1074 4387 oculi,
1112 4321 1268 4391 quasi
1326 4320 1469 4374 oculi
1498 4319 1732 4373 hominis
1763 4319 1814 4371 in
1858 4332 2029 4371 cornu
2081 4317 2193 4383 illo,

654 4426 709 4470 et
739 4433 803 4472 os
833 4418 1065 4486 loquens
1100 4413 1324 4484 grandia
1347 4412 1392 4443 ”

739 4607 758 4639 ‹
798 4587 937 4644 XXI.
974 4607 993 4639 ‹
1028 4589 1364 4657 Aspiciebam
1395 4587 1564 4641 donec
1588 4586 1764 4639 throni
1796 4586 1954 4653 positi
1990 4595 2114 4640 sunt
2136 4595 2188 4640 et

658 4678 925 4745 Autiquus
956 4678 1160 4731 dierum
1194 4678 1348 4732 sedit.
1373 4676 1437 4730 Et
1465 4678 1838 4730 vestimentum
1866 4676 1983 4743 ejus
2005 4677 2189 4728 candic

656 4768 784 4821 dum
807 4766 963 4835 quasi
998 4767 1110 4829 nix,
1141 4776 1193 4820 et
1218 4766 1442 4835 capillus
1476 4765 1665 4832 capitis
1692 4763 1809 4831 ejus
1855 4761 2011 4830 quasi
2066 4762 2187 4814 lana

659 4857 876 4931 munda.
917 4856 1168 4911 Thronus
1217 4860 1335 4924 ejus
1374 4856 1587 4910 ﬂamma
1641 4855 1799 4925 ignis,
1838 4861 1889 4907 et
1919 4862 2050 4905 rotae
2074 4852 2191 4921 ejus

722 4980 768 5011 “
801 4979 932 5033 Dan.
975 4995 1036 5042 ii,
1068 4976 1252 5032 51-35.
1325 4980 1370 5010 ²⁹
1398 4977 1529 5031 Dan.
1559 4992 1654 5039 vn,
1678 4977 1787 5030 2-8.

658 5117 1182 5238 ὲζξπέδειξεν
1195 5119 1263 5172 ἐν
1276 5119 1565 5187 ἐσχάτοις.
1586 5119 1689 5181 ‘ld.,
1706 5118 1977 5182 ἀπέδειξεν
1998 5121 2055 5170 ἐν
2085 5118 2193 5177 τοῖς

748 5204 755 5219 '
854 5204 869 5236 ι
907 5228 918 5238 .
1014 5210 1018 5214 ‘

748 5204 941 5321 ῗθτῖἓὺ
965 5256 1241 5321 βασιλεῦ.
1286 5254 1494 5309 Citatur
1519 5259 1604 5310 hic
1643 5259 1790 5310 locus
1816 5256 1869 5309 in
1896 5273 1993 5310 ms.
2039 5264 2189 5307 vetu-

657 5323 898 5377 stissimo
924 5326 1051 5379 bibl.
1079 5326 1345 5391 Mediceis,
1362 5326 1414 5378 in
1429 5342 1536 5393 quo
1562 5328 1761 5380 Catena
1794 5327 1859 5378 ad
1887 5342 1936 5378 iv
1965 5328 2193 5393 prophe-

658 5402 741 5445 tas
768 5394 1017 5458 majores.
1043 5395 1175 5448 (ἔσο.

728 5461 841 5531 (ιθ)
858 5456 969 5513 Ἔν
989 5463 1069 5531 τῷ
1092 5466 1335 5531 στόματι
1366 5456 1571 5527 αὐτῆς.
1618 5465 1775 5517 Addit
1812 5462 2188 5520 Combeﬁsius.

653 5529 921 5602 ἀναμέσον
946 5529 1050 5581 τῶν
1072 5529 1289 5602 όδόντων
1317 5534 1501 5602 αὐτῆς,
1529 5531 1619 5582 καὶ
1645 5533 1815 5598 οὕτως
1835 5534 2015 5600 ἔλεγον
2037 5534 2192 5601 αὑτῇο

656 5598 978 5721 ἒῶξέἷηθι.
1020 5601 1155 5666 φάγε
1176 5604 1377 5670 σάρκας
1414 5598 1625 5663 πολλάς.
1663 5602 1813 5665 Quod
1837 5598 2067 5657 reddidit
2110 5598 2194 5655 in-

712 5683 965 5804 “(illim
1004 5742 1058 5791 οι
1089 5738 1300 5808 ὄνυχες
1324 5742 1508 5796 αὑτοῦ
1536 5740 1767 5810 χαλκοῖ.
1802 5740 2010 5812 Reliqui
2043 5742 2189 5798 desi~

2304 3320 2432 3372 ματι
2465 3303 2645 3373 αὐτῆς
2688 3304 2818 3372 (49).
2866 3303 3176 3376 Ἐθεώρουν,
3224 3308 3317 3360 καὶ
3351 3308 3456 3362 ἰδοὺ
3506 3309 3694 3380 θηρίον
3723 3309 3854 3362 ώσεὶ

2300 3391 2577 3462 πάρδαλις,
2599 3394 2690 3445 καὶ
2709 3394 2843 3466 αὐτῇ
2874 3396 3045 3467 πτερά
3063 3396 3298 3469 τέσσαρα
3337 3400 3575 3452 πετεινοῦ
3599 3400 3855 3473 ὑπεράνω

2298 3485 2484 3553 αὐτῆς,
2500 3486 2593 3537 καὶ
2612 3485 2871 3557 τέσσαρες
2894 3488 3121 3556 κεφαλαὶ
3141 3489 3217 3559 τῷ
3238 3491 3425 3561 θηρίῳ.
3445 3490 3645 3545 Ὀπίσω
3668 3488 3851 3545 τούτου

2297 3575 2585 3646 ἐθεώρουν,
2608 3579 2701 3630 καὶ
2719 3578 2824 3631 ίδοὺ
2848 3580 3027 3651 θηρίον
3049 3581 3300 3651 τέταρτον
3315 3582 3537 3652 φοϐερὸν
3550 3584 3642 3636 καὶ
3656 3583 3855 3653 ἐκθαμν-

2296 3665 2389 3718 6ον
2422 3667 2515 3721 καὶ
2546 3670 2759 3739 ἰσχυρὴν
2800 3664 3071 3741 περισσῶς
3096 3689 3108 3701 ·
3144 3676 3191 3725 oi
3221 3673 3427 3737 ὀδόντες
3458 3676 3620 3729 αὑτοῦ
3643 3678 3854 3747 σιδηροῖ

2300 3751 2413 3823 [καὶ
2430 3757 2478 3807 οι
2499 3754 2682 3824 ὄνυχες
2704 3758 2864 3809 αὑτοῦ
2890 3758 3103 3828 χαλκοῖ(
3110 3760 3243 3831 50)],
3267 3758 3440 3816 ἐσθίον
3456 3765 3546 3815 καὶ
3567 3752 3848 3832 λεπτύνον,

2295 3844 2387 3894 καὶ
2435 3843 2503 3897 τὰ
2543 3845 2793 3898 ἐπίλοιπα
2834 3851 2944 3910 τοῖς
2973 3851 3129 3901 ποσὶν
3172 3851 3334 3903 αὑτοῦ
3391 3854 3708 3907 συνεπάτει·
3758 3858 3847 3908 καὶ

2296 3932 2425 3983 αὐτὸ
2444 3932 2712 4005 διαφόρως
2739 3935 2858 4006 ἔχον
2886 3938 3032 4009 παρά
3065 3939 3239 3992 πάντα
3266 3941 3333 3993 τὰ
3357 3943 3520 4014 θηρία
3540 3943 3608 3996 τὰ
3643 3944 3845 4016 ἔμπρο-

2298 4022 2419 4076 σθεν
2445 4025 2628 4091 αὑτοῦ,
2664 4029 2756 4079 καὶ
2784 4028 2987 4098 κέρατα
3026 4030 3156 4083 δέκα
3173 4031 3340 4100 αὐτῷ.
3376 4033 3706 4102 Προσενὸουν
3740 4037 3846 4095 τοῖς

2296 4110 2515 4181 κέρασιν
2542 4114 2723 4178 αὑτοῦ,
2754 4116 2847 4167 καὶ
2899 4117 3003 4169 ἰδοὺ
3034 4117 3198 4188 κέρας
3242 4119 3421 4191 ἕτερον
3464 4121 3663 4191 μικρὸν
3686 4123 3841 4192 ἀνέϐη

2296 4199 2352 4247 ἐν
2387 4197 2532 4267 μέσῳ
2564 4200 2759 4268 αὐτῶν,
2793 4202 2883 4255 καὶ
2911 4205 3035 4274 τρία
3064 4206 3267 4275 κέρατα
3286 4208 3392 4260 τῶν
3413 4209 3721 4279 ἔμπροσθεν
3754 4212 3845 4262 αὐ-

2294 4286 2385 4336 τοῦ
2438 4288 2765 4359 ἐξερῤιζώθη
2816 4293 2920 4345 ἀπὸ
2982 4298 3269 4365 προσώπου
3330 4300 3489 4352 αὑτοῦ
3521 4318 3533 4330 ’
3590 4302 3686 4356 καὶ
3740 4304 3842 4355 ίδοὺ

2294 4375 2556 4468 ὀφθαλμοὶ
2602 4381 2730 4432 ὡσεὶ
2766 4383 3046 4468 ἀνθρώπου
3092 4388 3149 4437 ἐν
3198 4388 3273 4456 τῷ
3322 4388 3507 4458 κέρατι
3548 4393 3723 4463 τούτῳ
3756 4394 3843 4444 καὶ

2298 4466 2464 4535 στόμα
2489 4467 2676 4520 λαλοῦν
2711 4466 2938 4540 μεγάλα.
3073 4511 3085 4514 -
3128 4484 3131 4485 ⁷

2366 4597 2385 4628 ι
2426 4579 2713 4651 Ἐθεώρουν
2740 4584 2839 4646 ἓως
2868 4580 2926 4636 οὗ
2950 4585 3120 4657 θρόνοι
3141 4589 3416 4658 ἐτέθησαν,
3450 4592 3543 4642 καὶ
3568 4595 3596 4644 6
3616 4595 3841 4656 Παλαιὲς

2291 4671 2397 4722 τῶν
2438 4674 2656 4742 ἡμερῶν
2684 4676 2917 4747 ἐκάθητο
2941 4697 2952 4707 ·
2996 4682 3086 4733 καὶ
3115 4682 3173 4732 τὸ
3206 4680 3405 4751 ἔνδυμα
3452 4684 3617 4736 αὑτοῦ
3650 4687 3835 4738 λευκὸν

2292 4763 2423 4815 ώσεὶ
2444 4762 2595 4831 χιὼν,
2625 4767 2717 4818 καὶ
2746 4770 2777 4837 ἡ
2808 4770 2929 4840 θρὶξ
2961 4772 3057 4840 τῆς
3085 4773 3321 4840 κεφαλῆς
3349 4774 3509 4827 αὑτοῦ
3540 4778 3676 4829 dust
3703 4780 3838 4847 ἔριον

2296 4856 2547 4928 καθαρόν·
2570 4861 2597 4911 6
2626 4859 2810 4929 θρόνος
2832 4863 2990 4914 αὐτοῦ
3029 4863 3156 4930 φλὸξ
3177 4858 3437 4934 πυρὸς,ὀὶ
3468 4872 3650 4937 τροχοὶ
3681 4873 3835 4924 αὑτοῦ

2287 5106 2494 5186 derant,
2523 5108 2682 5186 etiam
2712 5107 2895 5186 Hebr-.3
2913 5107 3155 5186 inferius
3179 5122 3375 5186 tamen,
3402 5114 3455 5186 in
3483 5117 3835 5184 explicatione

2288 5177 2508 5255 visionis
2543 5177 2700 5246 (Dan.
2732 5193 2836 5255 vit,
2876 5178 2983 5244 19),
3024 5178 3077 5255 in
3118 5181 3302 5255 Grreco
3320 5177 3618 5255 habentur,
3652 5190 3834 5241 viden-

2288 5254 2487 5323 turque.
2522 5250 2842 5323 peccssaria,
2892 5258 2951 5323 ut
3002 5250 3138 5323 sicut
3188 5251 3431 5323 dentium.
3477 5252 3557 5323 vis
3613 5258 3834 5309 eorumi-

2292 5313 2571 5394 nuendiuin
2606 5314 2729 5391 ferri
2759 5316 2976 5394 materia
3012 5320 3341 5394 designatur,
3372 5320 3447 5371 sic
3469 5322 3532 5394 _i_n
3569 5328 3833 5394 unguibus

2291 5389 2345 5433 et
2366 5382 2597 5461 pedibus
2629 5382 2709 5461 vis
2739 5387 3049 5461 conterendi
3076 5382 3499 5461 rtfconculcandi
3534 5395 3587 5443 in
3615 5382 3833 5449 m’ateria

2289 5450 2441 5528 aeris;
2491 5450 2603 5528 sive
2648 5453 2695 5500 οἱ
2746 5450 3105 5528 septuaginta
3132 5456 3433 5528 habuerunt
3480 5459 3532 5512 in
3576 5462 3829 5523 Hebrieo.

2291 5519 2415 5595 sive
2458 5519 2967 5595 aliqua__t_ra_ditinné
3010 5525 3115 5595 ipsi
3162 5525 3499 5595 addiderunt.
3554 5532 3665 5583 Nec
3712 5519 3831 5587 vero

2294 5587 2541 5668 credendi
2571 5588 2851 5668 addidisse
2894 5592 2945 5643 in
2981 5587 3359 5668 eiplicatione,
3388 5598 3513 5668 quin
3559 5602 3710 5665 prius
3731 5618 3830 5668 po-

2295 5659 2527 5733 suissent
2568 5659 2621 5733 in
2654 5659 2888 5733 visione;
2915 5670 2980 5733 _ut
3025 5662 3239 5733 reliquis
3269 5659 3476 5726 plenior
3502 5659 3826 5722 et'emen'dm

2289 5724 2398 5781 tio:
2424 5723 2687 5793 Hippolyti
2716 5728 2890 5782 littera
2915 5730 3026 5781 haec
3049 5723 3313 5786 videatur.
3383 5734 3607 5788 COIBEI.
