4098 6362
207 516 312 574 753

1279 524 1367 581 DE
1400 522 1697 582 (ΞΗωὸτο
1731 521 1819 578 ΕΤ
1852 519 2323 577 ΑΝτιοΗιιιδτο.

3280 520 3389 578 758

208 638 418 691 πάντα·
464 636 565 710 ἤδη
608 638 898 693 meum
950 639 1152 704 πάντας
1190 644 1313 706 τοὺς
1362 643 1433 714 μὴ
1466 642 1747 705 θέλοντας·

1853 650 1906 694 et
1934 636 2448 695 comminuitomnia
2469 652 2485 700 ;
2508 633 2619 705 jam
2644 633 2843 689 invitos
2863 648 3050 690 omnes
3078 633 3179 690 sub
3196 634 3391 703 jugum

206 726 321 805 ἥδη-
349 726 616 798 βλέπομεν
654 729 792 782 αὐτὰ
817 731 1002 800 ἡμεῖς·
1035 730 1133 802 ήδη
1173 730 1460 802 δοξάζομεν
1497 731 1588 785 τὸν
1617 731 1747 784 Θεὸν

207 816 309 869 ὐπὺ
340 816 437 870 σοῦ
467 818 856 889 διδασκόμενοι.

288 906 427 957 ’Δλλ’
491 909 672 978 ἐπειδὴ
692 908 990 979 πωῦκειτο
1038 910 1167 980 ἡμῖν
1217 908 1342 980 περὶ
1392 908 1489 979 τῆς
1548 908 1749 980 πόρνης

207 996 403 1055 εἰπεῖν.
462 998 725 1067 πάρελθε,
771 994 817 1052 ὦ
867 1001 1098 1070 μακάριε
1142 998 1373 1052 .Ἥσαῑα.
1430 999 1654 1069 Ἰδωμεν
1699 998 1751 1051 τί

205 1082 386 1152 λέγεις
424 1087 551 1155 περὶ
592 1087 922 1152 Βαϐυλῶνος.
972 1109 991 1141 ‹
1028 1089 1339 1159 Κατάόηθι,
1397 1088 1615 1142 κάθισον
1660 1088 1751 1142 ἐπὶ

204 1172 338 1240 γῆς,
374 1174 620 1249 θυγάτηρ
649 1178 914 1249 παρθένος
942 1178 1281 1242 Βαϐυλῶνος·
1316 1176 1562 1244 κάθισον,
1584 1177 1750 1245 θυγά-

203 1276 308 1330 τηρ
360 1264 641 1318 Χαλδαίων
668 1283 681 1297 ο
773 1267 953 1320 οὐκέτι
1017 1266 1280 1337 προστεθῇ
1350 1283 1431 1320 σοι
1493 1267 1752 1339 κληθῆναι

203 1349 386 1421 ἁπαλὴ
418 1354 513 1406 καὶ
544 1354 801 1426 τρυφερά.
834 1355 980 1409 Λάϐε
1015 1355 1227 1426 μύλωνα
1247 1396 1261 1418 ,
1292 1355 1477 1410 ἀλεσον
1505 1355 1748 1427 ἄλευρον,

201 1440 553 1509 meum
592 1442 654 1495 to
688 1443 946 1515 κάλυμμα
993 1461 1108 1508 σου,
1155 1444 1474 1515 ἀναξὺρισον
1509 1445 1620 1515 (72)
1655 1446 1752 1509 τὰς

202 1530 427 1594 πολιὰς,
454 1532 786 1602 ἀνακάλυψαι
813 1534 911 1598 τὰς
935 1536 1168 1606 κνήμας,
1198 1534 1409 1605 διάὸηθι
1445 1536 1715 1605 ποταμούς
1733 1552 1747 1565 ·

202 1620 712 1693 ἀνακαλυφθήσεται
751 1626 784 1694 ἡ
824 1625 1192 1695 αίσχημοσύνη
1243 1642 1370 1691 σου,
1430 1629 1751 1697 φανήσονται

200 1714 249 1765 οί
277 1712 571 1783 ὀνειδισμοί
616 1728 741 1765 σου·
784 1714 845 1767 τὸ
884 1716 1086 1769 δίκαιον
1123 1719 1187 1769 ἐκ
1225 1716 1317 1769 σοῦ
1350 1716 1581 1787 λήψομαι
1619 1716 1761 1789 (75),

199 1803 385 1856 οὐκέτι
423 1804 497 1869 οὐ,
528 1804 603 1873 μὴ
642 1804 865 1874 παραδῶ
904 1822 963 1857 σε
1002 1805 1321 1877 ἀνθρώποις.
1370 1808 1427 1861 '0
1458 1808 1765 1880 ρυσάμενός

205 1909 264 1945 σε
293 1893 500 1963 Κύριος
548 1892 806 1960 Σαϐαὼθ,
862 1895 1031 1967 ὄνομα
1084 1897 1229 1967 αὐτῷ
1271 1899 1456 1965 Ἄγιος
1519 1897 1747 1970 Ἰσραήλ·

1853 730 2035 783 mittit.
2070 726 2193 782 Haec
2220 742 2317 782 nos
2341 725 2451 795 jam
2476 725 2754 790 videmus;
2782 724 2895 795 jam
2924 739 2957 780 a
2981 734 3032 779 te
3060 725 3200 781 docti
3220 725 3389 781 Deum

1850 821 2232 887 glorificamus.
3122 856 3127 863 ι

1920 911 2157 965 XXXIV.
2216 910 2478 976 Quoniam
2508 923 2638 964 vero
2668 908 3002 980 propositum
3035 910 3190 963 nobis
3220 907 3395 962 fuerat

1856 1014 1913 1059 ut
1949 1004 2015 1059 de
2052 1004 2337 1059 meretrice
2368 992 2747 1073 loqueremur,
2789 1001 2997 1066 adesto,
3039 1001 3193 1055 beate
3230 999 3391 1055 Isaia.

1853 1092 2146 1150 Videamus
2192 1095 2319 1164 quid
2366 1095 2516 1149 dicas
2560 1093 2628 1148 de
2673 1092 2962 1163 Babylone.
3027 1109 3047 1143 ι
3098 1090 3392 1157 Descende,

1854 1185 1980 1240 sede
2026 1185 2080 1239 in
2128 1194 2304 1249 terra,
2353 1183 2458 1238 filia
2505 1183 2656 1254 virgo
2696 1180 3016 1252 Babylonis;
3075 1178 3235 1242 sede,
3282 1179 3394 1235 tilia

1854 1273 2262 1340 Chaldaeorum;
2308 1290 2417 1329 non
2453 1274 2684 1344 amplius
2726 1272 3006 1342 adjicietur
3048 1269 3144 1325 tibi
3196 1277 3255 1323 ut
3297 1283 3395 1323 vo-

1855 1364 1995 1419 ceris
2032 1364 2209 1418 mollis
2241 1371 2297 1418 et
2332 1363 2578 1418 delicata;
2620 1362 2771 1417 Tolle
2808 1354 3007 1417 molam
3048 1378 3063 1414 :
3096 1359 3236 1414 mole
3264 1357 3395 1412 fari-

1823 1469 2001 1521 nam,
2041 1454 2215 1508 revela
2254 1454 2643 1523 Operimentum
2696 1462 2870 1517 tuum,
2904 1453 3031 1507 rade
3066 1466 3253 1513 canos,
3284 1450 3397 1504 dis-

1856 1544 2071 1613 cooperi
2116 1544 2294 1605 tibias,
2337 1542 2504 1598 transi
2549 1542 2804 1609 flumina;
2860 1539 3185 1598 revelabitur
3220 1541 3395 1609 turpi-

1855 1634 1985 1687 tudo
2024 1642 2147 1700 tua;
2182 1633 2513 1702 apparebunt
2544 1633 2847 1702 opprobria.
2874 1642 3003 1698 tua;
3041 1632 3297 1688 ultionem
3328 1646 3396 1685 ex

1855 1732 1906 1778 te
1932 1739 2175 1790 sumam;
2210 1728 2548 1797 nequaquam
2581 1724 2720 1778 ultra
2748 1733 2800 1778 te
2825 1724 3133 1778 hominibus
3165 1724 3395 1777 tradam.
3431 1710 3439 1715 ”

1856 1813 1959 1880 Qui
1988 1815 2129 1868 eruit
2168 1823 2220 1869 te
2245 1813 2502 1869 Dominus
2534 1814 2801 1881 Sabaoth,
2833 1829 3029 1868 nomen
3075 1813 3125 1867 ei
3164 1812 3397 1868 Sanctus
3456 1824 3463 1830 '

1854 1901 2036 1957 Israel.
2093 1902 2229 1958 Sede
2276 1912 2629 1974 compuncta;
2692 1904 2970 1974 ingredere
3022 1903 3077 1957 in
3119 1903 3394 1969 tenebras,

204 1981 428 2036 κάθισον
486 1985 956 2056 κατανενυγμένη,
1026 1987 1235 2059 είσελθε
1282 1990 1380 2061 ,είς
1432 1988 1492 2041 τὸ
1546 1989 1747 2054 σκότος,

1854 1993 1962 2047 filia
1991 1991 2401 2061 Chaldaeorum;
2435 2008 2773 2065 nequaquam
2809 1993 2950 2049 ultra
2977 1992 3254 2049 vocaberis
3282 1991 3395 2048 for-

206 2072 452 2145 θυγάτηρ
499 2074 799 2143 Χαλδαίων,
853 2072 1031 2131 οὐκέτι
1083 2078 1145 2131 οὐ
1198 2077 1273 2150 μὴ
1314 2078 1561 2152 κληθήσῃ
1605 2080 1755 2149 ἰσχὺς

207 2164 502 2234 βασιλείας.

279 2273 298 2305 ι
329 2254 691 2328 Παρωξύνθην
723 2258 816 2311 ἐπί
844 2258 935 2313 τὸν
962 2260 1086 2314 λαόν
1114 2278 1214 2331 μου
1235 2278 1250 2292 ⁸
1287 2262 1481 2334 ἐμίανα
1517 2263 1625 2333 (74)
1658 2264 1755 2334 τὴν

204 2344 567 2416 κληρονομίαν
612 2366 733 2419 μου.
790 2347 931 2418 Ἐγὼ
977 2350 1151 2403 ἔδωκα
1190 2354 1269 2415 είς
1308 2354 1405 2422 τὴν
1448 2354 1601 2424 χεῖρά
1636 2356 1749 2406 σου·

206 2436 270 2488 σὺ
315 2436 373 2488 δὲ
416 2440 515 2491 οὐκ
560 2439 764 2503 ἔδωκας
816 2441 997 2503 αὐτοῖς
1045 2442 1223 2496 έλεον·
1283 2443 1348 2496 σὺ
1396 2444 1453 2497 δέ
1496 2445 1588 2496 ἐπὶ
1631 2445 1754 2507 τοὺς

204 2525 603 2598 πρεσϐυτέρους
641 2528 905 2601 ἐόἀρυνας
944 2531 1034 2584 τὸν
1076 2530 1256 2600 ζυγὸν,
1304 2534 1397 2586 καὶ
1439 2530 1628 2600 εἶπας,
1660 2536 1754 2599 Είς

201 2615 294 2667 τὸν
335 2614 504 2668 αἰῶνα
552 2618 742 2688 ἔσομαι
784 2620 1040 2691 ἄρχουσα.
1083 2622 1194 2674 Οὐκ
1235 2622 1457 2692 ἐνόησας
1496 2624 1663 2677 ταῦτα
1696 2626 1753 2677 ἐν

201 2705 269 2775 τῇ
300 2702 495 2775 καρδίᾳ
537 2721 652 2769 σου,
686 2706 807 2761 οὐδὲ
848 2710 1122 2781 ἐμνήσθης
1147 2711 1217 2764 τά
1252 2711 1452 2782 ἔσχατά
1488 2730 1599 2767 σου.
1641 2714 1753 2767 Νῦν

202 2793 261 2847 δὲ
296 2795 460 2847 ἄκουε
496 2794 685 2861 ταῦτα,
721 2799 753 2868 ἡ
783 2800 1043 2870 τρυφερὰ,
1090 2803 1124 2870 ή
1158 2802 1466 2874 καθημένη,
1504 2806 1538 2875 ἡ
1567 2822 1753 2858 πεποι-

204 2882 363 2951 θυῖα,
398 2888 431 2955 ἡ
470 2886 699 2954 λέγουσα
728 2891 785 2941 ἐν
816 2892 881 2959 τῇ
918 2889 1145 2962 καρδίᾳ·
1189 2893 1327 2959 Ἐγώ
1361 2897 1493 2965 είμι,
1529 2896 1621 2949 καὶ
1652 2896 1751 2948 οὐκ

202 2973 349 3026 ἐστιν
397 2974 585 3045 ἐτέρα-
654 2977 710 3028 οὑ
770 2977 941 3029 καθιῶ
981 2981 1142 3048 χήρα,
1185 2981 1302 3034 οὐδὲ
1334 2982 1606 3051 γνώσομαι
1655 2985 1750 3053 όρε

202 3066 344 3134 φανή
394 3064 525 3134 (75).
580 3066 715 3120 Νυνὶ
754 3068 810 3120 δὲ
852 3068 969 3138 ἥξει
1007 3071 1100 3123 ἐπὶ
1148 3072 1206 3125 σὲ
1252 3073 1319 3125 τά
1352 3072 1443 3125 δύο
1482 3072 1651 3125 ταῦτα
1692 3075 1747 3123 ἐν

201 3156 384 3225 ἡμέρᾳ
414 3157 530 3225 μιᾷ,
563 3159 753 3228 χηρεία
792 3160 883 3212 καὶ
922 3161 1159 3213 ἀτεκνία.
1190 3162 1341 3226 ’Ἥξει
1380 3162 1628 3229 ἐξαίφνης
1657 3162 1747 3212 ἐπὶ

201 3243 264 3295 σὲ
289 3245 445 3314 ἐψτῇ
494 3251 808 3318 φαρμακείᾳ
842 3265 956 3313 σου,
985 3250 1042 3301 ἐν
1069 3252 1132 3319 τῇ
1164 3251 1305 3319 ίσχύῖ
1340 3249 1443 3303 τῶν
1486 3247 1746 3300 ἐπαοιδῶν

199 3351 295 3388 σου
336 3336 568 3406 σφόδρα,
613 3342 677 3408 τῇ
720 3339 893 3390 ἐλπίδι
938 3341 1037 3409 τῆς
1078 3342 1328 3411 πορνείας
1373 3356 1483 3393 σου.
1534 3339 1603 3390 Σὺ
1644 3338 1750 3409 γὰρ

197 3420 393 3487 εἶπας,
442 3424 577 3491 Ἐγώ
615 3429 747 3494 είμι,
789 3427 879 3479 καὶ
927 3428 1024 3479 οὐκ
1064 3429 1207 3481 ἐστιν
1236 3427 1410 3495 ἑτέρα.
1462 3427 1568 3478 Καὶ
1599 3425 1746 3478 ἔσται

198 3512 234 3581 ἠ
272 3512 497 3581 πορνεία
534 3529 626 3566 σου
664 3514 743 3566 σοὶ
774 3513 1029 3584 αἰσχύνη,
1072 3516 1150 3567 ὅτι
1178 3511 1335 3575 εἶπας
1372 3515 1428 3565 ἐν
1462 3518 1525 3585 τῇ
1560 3514 1750 3585 καρδίᾳ

199 3620 316 3668 σου,
336 3606 475 3674 Ἑγώ
495 3609 628 3675 είμι.
659 3608 766 3659 Καὶ
795 3607 912 3675 ἥξει
942 3607 1034 3658 ἐπὶ
1067 3606 1127 3657 σὲ
1158 3603 1426 3667 ἀπώλεια,
1461 3608 1553 3657 καὶ
1582 3606 1639 3657 οὐ
1676 3606 1747 3675 μὴ

197 3695 363 3767 γνῷς.
394 3695 662 3767 [Βόθυνος,
692 3698 785 3750 καὶ
811 3699 1019 3767 ἐμπεσῇ
1047 3698 1124 3758 είς
1151 3694 1327 3748 αὐτόν.
1368 3695 1475 3746 Καὶ
1510 3695 1626 3764 ἥξει
1657 3696 1748 3747 ἐπὶ

138 3853 147 3859 ᾗ
200 3786 262 3840 σὲ
288 3786 657 3857 ταλαιπωρία,
696 3789 788 3839 καί
811 3788 872 3838 οὐ
902 3788 974 3857 μὴ
998 3786 1199 3857 δυνήσῃ
1235 3784 1444 3855 καθαρά
1474 3787 1743 3854 γενέσθαι.

196 3880 310 3932 Καὶ
354 3879 473 3947 ἥξει
529 3881 620 3932 ἐπὶ
670 3880 729 3935 σὲ
784 3878 1039 3949 ἐξαπίνης
1091 3877 1367 3945 ἀπώλεια,
1422 3883 1513 3934 καὶ
1560 3882 1619 3933 οὐ
1675 3881 1748 3951 μὴ

467 3967 631 4036 Στῆθι
664 3968 758 4021 νῦν
788 3971 846 4021 ἐν
883 3972 999 4031 ταῖς
1028 3968 1300 4030 ἐπαοιδαῖς
1332 3984 1447 4032 σου,
1476 3969 1570 4023 καὶ
1598 3971 1654 4021 ἐν
1681 3972 1746 4039 τῇ

195 4055 367 4125 πολλῇ
400 4057 711 4127 φαρμακείᾳ
739 4074 852 4123 σου,
880 4057 916 4110 ἀ
944 4056 1237 4127 ἐμάνθανες
1267 4058 1330 4109 ἐκ
1357 4058 1602 4128 νεότητός
1630 4074 1744 4120 σου,

196 4146 248 4197 εί
283 4144 487 4214 δυνήσῃ
518 4143 877 4215 ὠφεληθῆναι.
922 4144 1267 4207 Κεκοπίακας
1294 4148 1352 4198 ἐν
1392 4149 1511 4208 ταῖς
1537 4144 1749 4215 βουλαῖς

198 4251 293 4288 σου
312 4250 327 4264 σ
366 4234 642 4303 στήτωσαν
660 4237 764 4303 κα)⁷
801 4236 1123 4305 σωσάτωσάν
1147 4252 1205 4287 σε
1243 4236 1291 4287 οί
1318 4236 1627 4306 ἀστρολόγοι
1654 4234 1746 4287 τοῦ

195 4324 428 4397 οὐρανοῦ
449 4343 462 4355 ο
512 4326 561 4378 οἱ
601 4326 830 4398 ὁρῶντες
865 4328 990 4389 τοὺς
1018 4326 1251 4397 ἀστέρας
1278 4326 1747 4395 ἀναγγειλάτωσάν

201 4434 306 4481 σοι,
356 4416 407 4468 τί
464 4416 641 4485 μέλλει
692 4419 783 4470 ἐπὶ
827 4416 885 4469 σέ
929 4416 1197 4487 ἔρχεσθαι.
1257 4416 1384 4471 Ἰδοὺ
1434 4419 1630 4479 πάντες
1674 4416 1748 4478 ὡς

198 4505 452 4577 φρύγανα
518 4506 720 4576 πυρὸς,
778 4504 919 4558 οὕτω
971 4504 1360 4574 καυθήσονται,
1420 4508 1512 4559 καὶ
1558 4507 1617 4558 οὐ
1675 4504 1746 4575 μὴ

1852 2078 2025 2133 titudo
2050 2078 2221 2148 regni.

1920 2245 2134 2304 XXXV.
2195 2268 2214 2300 ι
2253 2210 2429 2305 Iratus
2490 2265 2611 2304 sum
2671 2266 2833 2321 super
2882 2253 3137 2322 populum
3178 2269 3391 2320 meum;

1852 2335 2211 2389 contaminavi
2254 2336 2618 2392 hereditatem
2666 2353 2860 2393 meam.
2908 2338 3019 2411 Ego
3059 2342 3181 2397 dedi
3212 2357 3306 2398 eos
3335 2343 3393 2399 in

1852 2437 2014 2476 manu
2048 2433 2170 2491 tua;
2205 2434 2261 2480 tu
2290 2440 2419 2481 vero
2454 2442 2559 2483 non
2587 2428 2778 2484 dedisti
2808 2430 2887 2485 eis
2928 2431 3386 2501 misericordiam;

1854 2524 1909 2566 tu
1936 2530 2062 2569 vero
2087 2532 2247 2585 super
2270 2518 2509 2574 seniores
2537 2522 2834 2589 aggravasti
2846 2522 3068 2592 jugum,
3093 2534 3146 2579 et
3170 2508 3381 2586 dixisti:

1853 2604 1908 2658 In
1960 2614 2216 2661 aeternum
2266 2623 2361 2663 ero
2403 2609 2637 2664 domina.
2689 2610 2805 2667 Non
2855 2614 3100 2682 cogitasti
3160 2617 3275 2672 haec
3335 2619 3391 2673 in

1852 2698 2015 2750 corde
2054 2706 2168 2761 tuo,
2200 2714 2299 2752 nec
2336 2699 2752 2754 novissimorum
2804 2704 3081 2759 recordata
3111 2721 3189 2761 es.
3240 2706 3397 2764 Nunc

1852 2799 2027 2842 autem
2055 2791 2179 2842 audi
2205 2791 2337 2853 inec,
2365 2789 2614 2853 delicata,
2645 2809 2764 2862 quae
2794 2796 2971 2860 sedes,
2998 2814 3118 2867 qua:
3143 2787 3391 2865 confidis,

1852 2895 1969 2949 qme
1992 2879 2128 2931 dicis
2157 2879 2209 2931 in
2238 2879 2396 2932 corde
2421 2891 2546 2935 tuo:
2569 2881 2678 2951 Ego
2701 2899 2842 2949 sum,
2870 2894 2923 2940 et
2950 2903 3058 2942 non
3089 2898 3170 2944 est
3193 2892 3391 2960 altera;

1851 2981 1901 3020 et
1937 2982 2039 3020 non
2066 2967 2262 3020 sedebo
2290 2969 2466 3034 vidua,
2496 2987 2668 3040 neque
2695 2976 2860 3029 sciam
2886 2978 3189 3034 orbitatem.
3237 2979 3394 3039 Nunc

1848 3067 2025 3110 autem
2071 3056 2287 3110 venient
2316 3074 2479 3127 super
2518 3070 2570 3114 te
2600 3063 2711 3117 haec
2739 3064 2846 3120 duo
2878 3066 2932 3119 in
2973 3083 3078 3137 una
3104 3067 3210 3132 die,
3245 3071 3392 3139 quod

1848 3146 2006 3199 vidua
2033 3146 2109 3199 sis
2145 3161 2209 3200 ac
2239 3148 2367 3201 orba
2402 3148 2605 3204 liberis.
2634 3150 2860 3208 Venient
2899 3165 3115 3225 repente
3147 3159 3200 3212 in
3233 3159 3394 3215 veric-

1849 3236 1970 3289 ficio
2022 3245 2151 3297 tuo,
2209 3237 2263 3289 in
2314 3236 2626 3295 fortitudine
2691 3242 3111 3301 incantationum
3175 3258 3392 3305 tuarum

1850 3325 2021 3396 valde,
2057 3340 2150 3395 spe
2176 3325 2546 3383 fornicationis
2578 3339 2699 3385 tum.
2733 3331 2811 3387 Tu
2847 3336 2989 3389 enim
3019 3337 3201 3392 dixisti
3234 3355 3246 3392 :
3279 3333 3391 3409 Ego

1848 3426 1989 3477 sum,
2038 3424 2091 3467 et
2130 3430 2237 3469 non
2280 3426 2363 3471 est
2410 3419 2595 3475 altera.
2640 3420 2705 3475 Et
2733 3423 2835 3476 erit
2863 3422 3146 3480 fornicatio
3172 3436 3262 3481 tua

1816 3502 2113 3567 'confusio,
2169 3508 2313 3575 quod
2358 3509 2540 3564 dixisti
2597 3511 2651 3563 in
2700 3515 2859 3567 corde
2907 3522 2999 3567 tuo
3038 3531 3053 3566 :
3096 3512 3207 3584 Ego
3243 3499 3385 3573 sum.
3440 3554 3450 3561 .

1846 3588 1913 3643 Et
1946 3593 2125 3646 veniet
2168 3610 2331 3664 super
2375 3606 2425 3652 te
2469 3599 2715 3667 perditio,
2748 3608 2802 3654 et
2830 3603 3069 3670 nescies;
3113 3613 3167 3657 et
3208 3605 3383 3672 fovea,
3430 3660 3433 3663 γ

1846 3692 1900 3737 et
1927 3686 2127 3741 incides
2182 3689 2236 3742 in
2280 3706 2418 3744 eam.
2468 3689 2533 3744 Et
2576 3692 2750 3745 veniet
2795 3707 2956 3762 super
2985 3703 3034 3748 te
3064 3696 3300 3761 miseria,
3333 3707 3388 3753 et

1848 3787 1954 3826 non
1978 3778 2180 3843 poteris
2210 3781 2407 3832 munda
2436 3778 2568 3831 fieri.
2596 3778 2661 3834 Et
2682 3782 2859 3840 veniet
2887 3798 3050 3853 super
3084 3793 3135 3840 te
3168 3796 3389 3856 repente

1847 3861 2126 3930 interitus,
2161 3875 2213 3920 et
2246 3883 2350 3921 non
2385 3868 2664 3939 intelliges.
2691 3870 2784 3925 Sta
2809 3888 2951 3929 nunc
2980 3876 3035 3929 in
3061 3876 3385 3935 incantatio-

1845 3953 2005 4008 nibus
2039 3957 2163 4018 tuis,
2196 3964 2249 4009 et
2287 3956 2339 4009 in
2376 3959 2559 4014 multis
2588 3963 2860 4018 veneficiis
2901 3943 3031 4033 tuis;
3058 3983 3178 4037 qua:
3211 3968 3378 4039 disce-

1846 4043 1943 4099 bas
1982 4060 2011 4098 a
2034 4046 2313 4113 juventute
2337 4057 2459 4116 tua,
2498 4050 2542 4105 si
2572 4054 2771 4121 poteris
2803 4054 3065 4123 adjuvari.
3099 4057 3389 4112 Laborasti

1848 4135 1900 4189 in
1932 4136 2167 4191 consiliis
2200 4139 2305 4194 tuis
2331 4159 2343 4193 :
2373 4150 2517 4197 stent
2558 4152 2612 4198 et
2648 4144 2848 4200 salvam
2882 4154 2932 4199 te
2959 4146 3158 4199 faciant
3198 4156 3382 4200 astro-

1846 4227 1950 4297 logi
2000 4230 2118 4283 cceli
2164 4247 2178 4283 :
2222 4233 2312 4301 qui
2358 4235 2787 4302 contemplantur
2827 4238 3027 4301 stellas,
3064 4240 3387 4294 annuntieat

1846 4319 1942 4373 tibi
1984 4321 2113 4388 quid
2152 4321 2390 4377 futurum
2431 4325 2499 4378 sit
2537 4326 2698 4393 sdper
2737 4333 2809 4379 te.
2851 4322 2989 4382 Ecce
3033 4341 3221 4385 omnes
3266 4340 3388 4385 tan—

1844 4428 2005 4480 quam
2036 4414 2231 4484 stipula
2262 4417 2419 4485 ignis,
2448 4416 2525 4469 sic
2556 4416 2957 4482 comburentur,
2982 4428 3037 4473 et
3060 4435 3167 4474 non
3195 4430 3387 4478 eruent

1846 4505 2080 4560 animam
2129 4522 2281 4562 suam
2333 4507 2399 4559 de
2441 4505 2673 4567 flamma.
2727 4507 3173 4579 Quandoquidem
3220 4512 3387 4567 habes
3472 4576 3473 4581 η

198 4599 485 4665 ἐξέλωνται
535 4600 630 4666 τὴν
673 4598 848 4669 ψυχὴν
890 4598 1063 4651 αὐτῶν
1106 4598 1169 4649 ἐκ
1204 4598 1413 4665 φλογός.
1458 4599 1574 4651 Ὀτι
1606 4597 1746 4666 ἔχεις

1847 4597 2107 4651 carbones
2139 4598 2294 4666 ignis,
2325 4598 2450 4651 sede
2476 4611 2637 4667 super
2660 4615 2752 4655 eos
2778 4617 2791 4652 :
2831 4602 2911 4656 sic
2948 4602 3069 4657 inde
3090 4602 3383 4671 juvaberis.

195 4689 479 4760 ἄνθρακας
512 4687 707 4757 πυρὸς,
742 4687 958 4741 κάθισαι
1004 4687 1088 4741 ἐπ’
1124 4686 1333 4749 αὐτούς.
1379 4687 1563 4750 Οὕτως
1594 4688 1741 4739 ἔσται

196 4788 291 4834 σου
329 4776 437 4850 (76)
478 4778 555 4838 είς
598 4775 865 4845 βοήθειαν.
914 4778 1235 4839 Ἐκοπίασας
1279 4778 1335 4828 ἐν
1372 4779 1437 4846 τῇ
1479 4776 1741 4847 μεταδολῇ

265 4916 317 4947 ⁸⁸
338 4915 442 4969 lsa.
468 4927 631 4976 vau,
662 4913 797 4966 1-15.

266 5057 383 5128 (72)
420 5053 813 5128 Ἁναεύρισον.
843 5052 1008 5118 Quasi
1040 5073 1060 5107 ι
1083 5052 1339 5128 novacula
1366 5052 1517 5128 rade;
1546 5072 1564 5105 ι
1595 5056 1739 5128 quod

194 5121 509 5194 expressius
539 5132 641 5194 est,
674 5123 951 5194 majusque
994 5124 1266 5194 servitutis
1297 5137 1357 5194 ac
1396 5121 1740 5194 luctusi’ndi-

197 5190 367 5249 cium.
405 5193 612 5261 Reliqui
645 5201 818 5244 tamen
854 5191 1206 5259 ἀνακάλυψαι,
1245 5210 1261 5241 ι
1296 5190 1529 5261 denuda,
1558 5193 1739 5261 detege

196 5279 413 5316 comam
461 5260 640 5324 tuam;
683 5280 701 5309 ι
759 5276 856 5313 nec
906 5262 1057 5314 aliter
1090 5263 1334 5321 Hebraea;
1390 5268 1447 5311 ut
1487 5260 1557 5311 sit
1599 5260 1739 5313 iswd

198 5333 474 5401 Hippolyti
505 5332 691 5384 scriba!
725 5330 992 5383 mendum.
1027 5328 1328 5401 Hpocteﬂﬁ
1362 5343 1475 5381 σοι.
1508 5327 1664 5401 Forte
1686 5337 1741 5381 et

199 5397 418 5469 ipsum'
458 5401 795 5467 expressius,
860 5414 1019 5465 quam
1076 5399 1413 5469 προστεθήση
1488 5397 1736 5463 aliorum.

192 5474 437 5525 Cancer.

268 5538 384 5605 (73)
425 5535 491 5588 Τὸ
522 5535 751 5589 δίκαιον
773 5535 839 5588 ἐκ
862 5536 974 5587 σοῦ
996 5534 1277 5602 λήψομαι.
1312 5536 1473 5588 Plana
1505 5532 1735 5605 phrasis,

195 5600 385 5677 quam
421 5605 501 5657 sic
556 5621 866 5677 expressere
906 5620 1111 5677 _omnes
1145 5600 1732 5677 _Vinterpretes.‘AVulg.

200 5667 228 5728 ι’
253 5674 478 5741 Capiam
521 5667 797 5727 ultionem.
828 5694 847 5724 ›
906 5673 1083 5741 Τοῖς.
1105 5691 1121 5721 ι
1145 5667 1413 5726 Ultionem
1446 5667 1733 5741 perfectam

196 5740 413 5813 capiam
464 5758 527 5795 ex
561 5752 628 5813 te:
665 5762 685 5792 ι
748 5744 951 5813 Syriae.
998 5761 1032 5813 ﬁt
1065 5740 1394 5813 Supplicium
1424 5740 1504 5813 ide
1551 5749 1600 5792 te
1644 5755 1737 5792 su-

198 5810 366 5875 mam,
404 5829 421 5862 ι
459 5822 562 5865 etc.
598 5810 687 5865 Sic
717 5810 850 5865 belle
877 5812 1117 5865 Nobilius
1145 5829 1156 5862 :
1188 5830 1204 5861 ι
1236 5812 1389 5875 Quod
1416 5812 1619 5880 justum
1654 5817 1738 5861 est

197 5891 264 5943 de
310 5894 361 5937 te
405 5879 665 5935 auferam.
696 5899 715 5933 ι
776 5880 1049 5950 Significat
1100 5881 1393 5949 propheta,
1421 5879 1736 5948 ’ipsummet

1847 4685 2127 4742 Laborasti
2172 4689 2225 4741 in
2258 4687 2556 4742 mutatione
2607 4698 2698 4744 tua
2745 4706 2774 4745 a
2799 4690 3096 4761 iuventute.
3134 4690 3305 4745 Homo
3329 4690 3387 4745 in

1848 4778 2137 4847 semetipso
2174 4778 2371 4832 erravit
2405 4797 2421 4833 :
2454 4780 2550 4835 tibi
2584 4789 2761 4835 autem
2814 4797 2922 4837 non
2950 4783 3053 4843 erit
3091 4781 3237 4835 salus
3258 4778 3322 4832 “.
3355 4795 3379 4831 ι

1844 5054 2009 5106 Deum
2062 5054 2290 5105 ultorem
2342 5050 2476 5115 fore,
2508 5067 2607 5105 nec
2640 5051 2760 5105 aliis
2801 5051 3060 5105 tradendo
3107 5049 3384 5107 ulturum:

1842 5121 1983 5190 quod
2012 5122 2225 5188 gravius
2258 5122 2322 5174 ad
2358 5130 2652 5190 terrorem.
2672 5120 2759 5173 Sic
2781 5120 2981 5175 Paulus
3007 5120 3166 5190 Hebr.
3202 5136 3257 5182 x,
3277 5121 3341 5173 2i
3366 5139 3381 5175 :

1842 5188 1873 5311 ἶ
1896 5189 2231 5244 Horrendum
2264 5197 2347 5245 est
2380 5190 2611 5242 incidere
2644 5189 2697 5242 in
2731 5206 2921 5255 manus
2956 5190 3047 5243 Dei
3074 5188 3322 5244 viventis.
3357 5208 3381 5241 ι

1864 5274 1987 5311 neu.

1864 5274 1987 5311 DEI.

1911 5328 2020 5395 (74)
2056 5329 2308 5396 Ἐμίανα.
2340 5325 2428 5380 Sic
2455 5326 2630 5394 palam
2658 5324 2875 5380 Hebraea
2904 5340 2965 5378 ac
2994 5325 3182 5396 reliqui
3214 5328 3385 5380 Interh

1845 5405 2051 5461 pretes;
2111 5395 2212 5451 nec
2264 5396 2365 5449 nisi
2414 5410 2598 5464 errore
2657 5398 2909 5464 scriptum
2939 5395 3205 5464 ἐμίανας,
3240 5396 3381 5463 quod

1843 5464 2026 5519 Graeca
2054 5465 2208 5533 Vulg.
2243 5465 2455 5517 habent.
2502 5463 2708 5518 Passim
2740 5463 2969 5517 Occurrit
3021 5466 3073 5516 in
3104 5464 3381 5531 Scriptura

1840 5538 1891 5587 in
1935 5551 2157 5604 persona
2219 5533 2312 5604 Dei
2380 5534 2854 5604 sic_ulciscentis,
2921 5543 2975 5585 et
3020 5534 3376 5602 permittentis

1838 5601 2024 5658 sancta
2054 5601 2427 5657 contaminari.
2471 5602 2617 5655 locu.

1840 5674 2016 5795 m8?)
2062 5668 2331 5738 ὀρὲοανάο
2382 5671 2647 5735 Comini“,
2679 5668 2957 5739 ὀρφανίαν.
3015 5668 3104 5724 Sic
3134 5678 3187 5724 et
3235 5665 3371 5733 apul

1908 5809 2016 5881 (76)
2047 5811 2251 5867 Ἔσται
2289 5825 2427 5867 σου.
2450 5808 2549 5876 ld.,
2572 5806 2718 5861 ἔσται
2750 5823 2850 5860 σοι.
