4098 6362
210 407 309 463 737

1285 398 1374 457 DE
1411 395 1710 471 CHRISTO
1746 392 1835 449 ET
1875 393 2352 452 ANTICHRISTO.

3300 434 3301 441 ι
3312 402 3415 459 758

210 527 468 581 λευόντων
507 524 623 577 ὲστί
642 540 654 552 ·
693 521 786 575 καὶ
809 519 1009 589 οῑ’μετ’
1040 514 1225 581 αὐτοῦ,
1260 516 1467 588 κλητοὶ,
1500 515 1591 569 καὶ
1621 511 1769 565 ἐκλε-

1872 494 2137 579 ειιιηςέι
2183 514 2275 582 qui
2328 527 2451 568 cum
2502 513 2617 582 illo,
2661 516 2866 581 vocati,
2921 518 3072 575 electi
3120 529 3174 575 et
3235 522 3418 580 ﬁdeles

208 620 343 683 κτοὶ,
376 618 470 671 καὶ
500 614 699 670 πιστοί.

283 730 302 762 ι
339 712 449 766 Καὶ
498 695 654 777 λέγει
676 721 790 777 μοι·
824 703 904 757 Τὰ
934 703 1104 757 ὕδατα
1131 699 1166 755 ἃ
1194 697 1350 767 εἶδες,
1386 693 1447 752 οὗ
1480 698 1764 769 κάθηταιὴ

212 804 414 875 πόρνη,
437 802 556 855 λαοὶ
607 800 699 853 καὶ
730 797 875 868 ὄχλοι
914 788 1011 851 καὶ
1065 796 1190 865 ἔθνη
1225 795 1332 855 εἰσὶ
1375 793 1469 849 καὶ
1506 790 1765 875 γλῶσσαι.

211 874 315 947 καὶ
341 893 412 947 τὰ
460 892 592 944 δέκα
650 889 857 960 κέρατα
888 889 924 942 ἃ.
970 883 1130 950 εἶδες,
1163 886 1259 939 καὶ
1286 885 1347 938 τὸ
1391 883 1597 965 θηρίον,
1626 874 1770 933 οὗτοι

214 985 500 1055 μισήσουσι
570 979 669 1051 τὴν
723 979 966 1052 πόρνην,
1025 977 1118 1031 καὶ⁴
1170 975 1540 1049 ἠρημωμένην
1600 972 1771 1043 αὐτὴν

212 1074 495 1141 ποιήσουσι
528 1072 622 1125 καὶ
674 1071 906 1144 γυμνὴν,
935 1068 1029 1124 καὶ
1072 1068 1169 1131 τὰς
1213 1066 1423 1137 σάρκας
1466 1062 1636 1135 αὐτῆς
1663 1064 1769 1131 φά-

211 1177 415 1229 voveat,
448 1162 540 1213 καὶ
590 1160 758 1232 αὐτὴν
804 1158 1239 1213 κατακαύσουσιν
1274 1158 1330 1209 ὲν
1374 1154 1524 1226 πυρί.
1567 1156 1624 1207 '0
1662 1153 1770 1223 γὰρ

210 1248 336 1313 Θεὸς
367 1248 563 1302 ἔδωκεν
595 1252 671 1312 είς
697 1248 794 1319 τὴν
824 1249 1044 1321 καρδίαν
1068 1246 1244 1302 αὐτῶν
1270 1246 1490 1316 ποιῆσαι
1516 1245 1614 1315 τὴν
1635 1244 1772 1312 γνώ-

214 1355 316 1408 μην
350 1338 535 1401 αὐτοῦ,
586 1338 679 1391 καὶ
736 1340 959 1410 ποιῆσαι
993 1338 1214 1410 γνώμην
1273 1338 1422 1409 μίαν.
1458 1338 1551 1390 καὶ
1589 1335 1767 1389 δοῦναι

209 1429 303 1498 τὴν
333 1426 607 1497 βασιλείαν
639 1429 818 1481 αὐτῶν
955 1429 1146 1501 θηρίῳ,
1174 1428 1308 1499 ἄχρι
1353 1426 1766 1497 τελεσθήσονται

208 1521 255 1571 οἱ
284 1519 433 1587 λόγοι
459 1518 551 1571 τοῦ
581 1517 737 1571 Θεοῦ.
779 1521 888 1573 Καὶ
912 1522 946 1591 ἡ
975 1520 1110 1590 γυνὴ
1140 1521 1205 1590 ἣν
1232 1515 1391 1582 εῖδες,
1448 1517 1647 1587 ὲστὶνή
1677 1516 1771 1568 πό-

208 1614 291 1671 λις
319 1611 352 1680 ἡ
388 1608 617 1680 μεγάλη,
714 1610 911 1679 ἔχουσα
946 1610 1219 1681 βασιλείαν
1248 1610 1340 1664 ἐπὶ
1369 1609 1475 1665 τῶν
1510 1606 1770 1679 βασιλέων

195 1702 304 1782 ,τῆς
340 1702 466 1772 γῆςο

1866 610 2013 658 sunt.

1941 696 2181 751 XXXIX.
2222 717 2241 751 ι
2280 699 2342 754 Et
2372 700 2508 755 dixit
2534 702 2708 756 mihi:
2742 702 2908 772 Aqua:
2952 718 3087 772 quas
3124 704 3304 759 vidisti
3328 705 3419 759 ubi

1870 791 2130 844 meretrix
2160 790 2333 855 sedet,
2389 793 2571 861 populi
2605 801 2732 847 sunt
2792 805 2844 847 et
2872 796 3044 850 turbae
3070 803 3125 849 et
3160 805 3343 865 gentes
3370 802 3424 850 et

1873 881 2089 951 linguae.
2120 881 2186 934 Et
2207 882 2391 936 decem
2420 897 2624 937 cornua
2655 898 2776 952 qua:
2809 884 3013 947 vidisti,
3048 894 3102 953 et
3135 887 3303 940 bestia
3323 927 3339 953 ,
3370 886 3424 939 hi

1874 972 2062 1026 odient
2091 974 2450 1037 meretricem,
2474 983 2529 1028 et
2557 974 2853 1028 desolatam
2881 990 2999 1029 eam
3026 974 3223 1030 facient
3244 986 3297 1031 et
3324 993 3426 1031 nu-

1872 1062 2018 1128 dam,
2042 1070 2096 1116 et
2122 1076 2316 1116 carnes
2365 1062 2482 1130 ejus
2525 1064 2830 1127 comedent,
2873 1072 2927 1116 et
2958 1064 3127 1132 ipsam
3160 1065 3267 1134 igni
3296 1081 3425 1119 con—

1874 1152 2211 1205 cremabunt.
2247 1149 2389 1206 Deus
2449 1151 2593 1205 enim
2627 1153 2772 1206 dedit
2801 1150 2854 1204 in
2902 1168 2994 1207 cor
3031 1170 3215 1209 eorum
3245 1164 3301 1209 ut
3344 1154 3425 1213 fa.-

1873 1242 2020 1296 ciant
2050 1242 2193 1312 quod
2225 1244 2299 1298 illi
2333 1243 2614 1315 placuerit,
2643 1250 2698 1296 et
2751 1241 2950 1298 faciant
2985 1260 3142 1299 unam
3175 1245 3425 1299 volunta-

1874 1321 2001 1400 tem;
2025 1346 2079 1403 et
2122 1335 2250 1390 dent
2277 1351 2500 1405 regnum
2529 1350 2687 1390 suum
2716 1335 2921 1400 bestiaa,
2979 1337 3149 1389 donec
3174 1351 3426 1391 consum-

1875 1434 2094 1479 mentur
2143 1425 2307 1479 verba
2356 1424 2469 1480 Dei.
2522 1426 2589 1480 Et
2645 1426 2836 1479 mulier
2887 1442 3051 1495 quam
3099 1427 3297 1492 vidisti,
3344 1435 3426 1482 est

1872 1516 2066 1571 civitas
2130 1531 2361 1585 magna,
2428 1531 2547 1585 qua:
2608 1517 2767 1571 habet
2816 1533 3039 1587 regnum
3078 1533 3237 1587 super
3276 1512 3437 1590 reges,

1870 1616 2027 1662 terra:
2050 1608 2117 1662 ⁸⁸.

260 1767 298 1843 ί(
325 1767 482 1845 Μέτά
507 1789 677 1844 ταῦτα
704 1786 839 1844 εἶδον
863 1792 1019 1847 ἄλλον
1041 1793 1267 1862 ἄγγελον
1293 1791 1685 1846 καταϐαίνοντα
1705 1790 1770 1842 ὲκ

1942 1785 2055 1839 XL.
2092 1803 2112 1837 ι
2132 1784 2257 1841 Post
2296 1786 2409 1839 haec
2435 1786 2540 1840 vidi
2571 1786 2797 1841 alterum
2822 1767 3069 1861 angelum
3098 1787 3429 1844 descenden-

207 1882 297 1935 τοῦ
330 1881 584 1954 οὐρανοῦ,
616 1881 805 1952 ἔχοντα
859 1884 1108 1948 ἐξουσίαν
1156 1882 1415 1953 μεγάλην⁴
1480 1882 1574 1934 καὶ
1618 1882 1652 1950 ἡ
1699 1880 1771 1948 γῆ

1875 1890 1981 1933 tem
2009 1880 2075 1935 de
2105 1879 2287 1945 tccelo,
2345 1878 2627 1933 habentem
2676 1889 2990 1947 potestatem
3039 1895 3325 1950 magnam;
3373 1889 3429 1934 et

208 1973 475 2043 ἐφωτίσθη
508 1973 574 2025 ἐκ
628 1972 729 2042 τῆς
762 1972 919 2045 δόξης
964 1974 1149 2028 αὐτοῦ.
1197 1975 1307 2026 Καὶ
1354 1971 1580 2043 ἔκραξεν
1624 1973 1773 2039 ίσχυ-

211 2066 273 2135 Ρᾷ
306 2064 415 2135 (81)
451 2066 598 2134 (Ρωνῇ
630 2063 859 2135 μεγάλῃ,
888 2064 1080 2133 λέγων·
1116 2066 1368 2128 Ἔπεσεν,
1404 2066 1564 2117 ἔπεσε
1594 2063 1771 2117 Βαόυ-

206 2155 308 2208 ‘M‘ov
330 2158 366 2225 ἡ
400 2155 627 2224 μεγάλη,
662 2156 756 2209 καὶ
783 2154 1002 2223 ἐγένετο
1041 2157 1457 2228 κατοικητήριον
1482 2154 1769 2223 δαιμόνων,

207 2247 297 2299 καὶ
320 2244 535 2314 φυλακὴ
580 2244 781 2307 παντὸς
810 2245 1116 2314 πνεύματος
1173 2244 1482 2315 ἀκαθάρτου
1527 2242 1645 2312 [καὶ
1672 2260 1772 2311 φυ-

206 2336 341 2407 λακὴ
381 2336 580 2401 παντὸς
638 2336 826 2408 ὀρνέου
860 2335 1218 2408 ἀκαθάρτου],
1247 2336 1341 2389 καὶ
1375 2336 1766 2405 μεμισημένου·

206 2429 282 2480 ὅτι
308 2429 371 2480 ὲκ
400 2426 495 2479 τοῦ
548 2428 691 2480 οενου
720 2426 813 2480 τοῦ
843 2413 1015 2497 θυμοῦ
1044 2426 1146 2497 τῆς
1198 2428 1449 2499 πορνείας
1477 2426 1645 2495 αὐτῆς
1672 2426 1771 2478 πέ-

208 2536 354 2572 πωκε
385 2518 561 2573 πάντα
603 2516 671 2569 τὰ
698 2517 847 2590 ἔθνη.
880 2519 991 2571 Καὶ
1018 2518 1068 2571 οἱ
1112 2518 1349 2588 βασιλεῖς
1381 2519 1478 2589 τῆς
1507 2518 1609 2588 γῆς
1654 2520 1770 2588 μετ’

208 2608 378 2677 αὐτῆς
428 2607 782 2677 ἐπόρνευσαν,
815 2607 913 2661 καὶ
947 2610 995 2661 oi
1044 2608 1278 2682 ἔμποροι
1311 2612 1407 2681 τῆς
1436 2610 1541 2681 γῆς
1584 2611 1649 2664 ὲκ
1675 2610 1773 2681 τῆς

206 2698 486 2768 δυνάμεως
538 2697 633 2751 τοῦ
698 2699 961 2770 στρήνους
1015 2700 1214 2769 αὐτῆς
1249 2702 1605 2773 ἐπλούτησαν.
1662 2701 1773 2755 Καὶ

208 2789 413 2873 ήκρυσα
442 2789 606 2859 ἀλλην
635 2789 814 2861 φωνὴν
840 2791 905 2844 ὲκ
933 2791 1042 2846 τῶν
1070 2788 1313 2863 οὐρανῶν
1334 2793 1614 2862 λέγουσαν·
1658 2795 1773 2858 Ἐξ-

208 2880 389 2933 έλθετε
411 2881 471 2945 ἐξ
494 2880 682 2951 αὐτῆς,
714 2882 742 2935 6
776 2881 903 2945 λαός
937 2900 1061 2953 μου,
1090 2884 1175 2935 ἵνα
1202 2883 1275 2954 μὴ
1305 2887 1770 2956 συγκοινωνήσητε

205 2973 325 3031 ταῖς
350 2970 645 3041 ἁμαρτίαις
670 2972 859 3043 αὐτῆς,
886 2972 981 3026 καὶ
1004 2975 1069 3035 ὲκ
1101 2972 1208 3026 τῶν
1238 2972 1457 3044 πληγῶν
1486 2974 1656 3041 αὐτῆς
1686 2975 1771 3028 ἵνα

1875 1980 2017 2026 terra
2055 1971 2349 2025 illuminata
2385 1980 2466 2024 est
2495 1985 2525 2023 a
2557 1969 2802 2024 claritate
2826 1971 2963 2038 ejus.
3000 1969 3066 2023 Et
3089 1970 3342 2025 clamavit
3372 1972 3426 2025 in

1874 2060 2191 2117 fortitudine
2250 2076 2382 2116 voce
2435 2076 2648 2132 magna,
2705 2061 2891 2116 dicens
2926 2056 2951 2114 τ’
2978 2060 3208 2128 Cecidit,
3230 2062 3430 2117 'cecidit

1876 2150 2115 2221 Babylon
2144 2166 2360 2219 magna,
2381 2160 2434 2207 et
2460 2152 2599 2207 facta
2622 2162 2705 2207 est
2730 2153 2988 2208 habitatio
3015 2137 3425 2207 damoniorum:

1875 2249 1929 2294 et
1954 2242 2199 2296 custodia
2237 2244 2417 2298 omnis
2477 2244 2702 2313 spiritus
2748 2243 3030 2309 immundi,
3082 2252 3135 2298 et
3181 2244 3428 2313 custodia

1871 2330 2052 2384 omnis
2077 2331 2313 2387 volucris
2368 2335 2658 2390 immundae
2684 2344 2737 2389 et
2752 2349 2968 2400 exosaa;
3028 2335 3158 2405 quia
3200 2335 3267 2389 de
3302 2332 3430 2389 vino

1871 2419 1966 2474 irae
1994 2422 2341 2477 scortationis
2365 2424 2481 2491 ejus
2507 2425 2760 2479 biberunt
2805 2441 2994 2480 omnes
3024 2435 3228 2496 gentes.
3257 2424 3325 2479 Et
3347 2442 3430 2481 re-

1874 2525 1967 2581 ges
1990 2519 2145 2566 ωτι-ω
2203 2514 2326 2566 enm
2378 2512 2469 2565 illa
2498 2511 2748 2568 fornicati
2802 2523 2947 2579 sunt,
2994 2525 3049 2569 et
3098 2523 3431 2571 mercatores

1874 2609 2033 2656 terra
2064 2600 2133 2655 de
2163 2601 2364 2655 virtute
2391 2602 2706 2656 deliciarum
2753 2602 2873 2672 ejus
2901 2603 3096 2657 divites
3121 2602 3251 2657 facti
3278 2614 3427 2658 sunt.

1818 2689 1820 2691 ’
1873 2690 1941 2747 Ει
1960 2690 2143 2747 audivi
2172 2692 2334 2746 aliam
2365 2709 2550 2747 vocem
2583 2694 2649 2748 de
2674 2692 2812 2749 caelo
2852 2693 3115 2747 dicentem
3142 2710 3155 2745 :
3180 2690 3337 2747 Exite
3359 2692 3427 2748 de

1873 2784 1986 2849 illa,
2016 2772 2249 2857 populus
2283 2800 2457 2847 meus,
2508 2800 2575 2839 ne
2622 2785 2912 2856 participes
2948 2783 3065 2839 sitis
3106 2782 3422 2839 delictorum

1872 2876 2013 2946 ejus,
2042 2884 2097 2930 et
2122 2875 2391 2944 de-plagis
2424 2874 2543 2944 ejus
2574 2878 2642 2929 ne
2688 2872 2982 2944 accipiatis.
3035 2873 3302 2941 Quoniam
3326 2872 3427 2929 ad»

1875 2966 2145 3020 haeserunt
2174 2973 2389 3033 peccata
2444 2963 2563 3032 ejus
2605 2977 2779 3033 usque
2818 2962 2886 3017 ad
2909 2963 3135 3029 coelum,
3160 2970 3214 3019 et
3238 2975 3424 3029 recor-

202 3054 283 3130 ’μὴ
326 3060 550 3129 λάϐητε·
582 3061 664 3114 δτι
688 3062 1058 3136 Δἐκολλήθησαν
1092 3064 1204 3137 (82)
1260 3067 1318 3119 αί
1358 3066 1624 3139 ἁμαρτίαι
1660 3064 1768 3135 (85)

1873 3056 2032 3111 datus
2058 3063 2142 3109 est
2168 3052 2430 3109 Dominus
2457 3053 2801 3123 iniquitatum
2831 3054 2972 3124 ejus.

205 3148 309 3210 ἕως
336 3148 433 3200 τοῦ
467 3149 719 3219 οὐρανοῦ,
741 3154 832 3205 καὶ
852 3153 1251 3225 ἐμνημόνευσεν
1276 3157 1305 3209 6
1326 3156 1455 3220 Θεὸς
1482 3156 1551 3210 τὰ
1579 3154 1767 3226 άδική-
1795 3161 1841 3224 (ς

210 3255 352 3309 ματα
386 3239 577 3308 αὐτῆς.
994 3296 998 3301 ,

276 3349 294 3380 ι
327 3330 576 3383 Ἀπόδοτε
599 3331 735 3402 αὐτῇ
766 3330 840 3395 ὡς
868 3334 961 3386 καὶ
999 3335 1135 3405 αὑτὴ
1160 3338 1403 3391 ἀπέδωκε
1429 3340 1559 3411 (84),
1578 3343 1669 3395 καὶ
1688 3342 1767 3394 δι-

203 3420 441 3474 πλὰσατε
468 3420 537 3475 τὰ
569 3422 893 3477 emtam-:3:
916 3423 985 3477 τὰ
1021 3425 1158 3495 ἔργα
1182 3428 1369 3498 αὐτῆς·
1406 3431 1464 3483 ὲν
1493 3431 1571 3501 τῷ
1603 3449 1768 3503 ποτη-

205 3511 303 3581 ρίῳ
327 3505 371 3579 ᾧ
397 3512 646 3583 ἐκέρασε,
678 3513 947 3585 κεράσατε
973 3516 1109 3587 αὐτῇ
1138 3517 1377 3572 διπλοῦν.
1417 3520 1557 3575 Ὅσα
1589 3523 1769 3589 ἐδόξα-

127 3635 136 3643 .
201 3619 288 3655 σεν
309 3604 527 3674 ἑαυτὴν,
569 3605 661 3657 καὶ
691 3607 1032 3678 ἐστρηνίασε,
1078 3608 1330 3662 τοσοῦτον
1355 3611 1471 3664 δότε
1499 3600 1645 3686 αὐτῇ¹
1669 3616 1766 3685 βα-

204 3695 463 3765 σανισμὸν
494 3695 589 3748 καὶ
618 3695 833 3760 πένθος·
868 3697 949 3750 ὅτι
980 3700 1037 3751 ὲν
1070 3701 1149 3769 τῇ
1177 3700 1373 3772 καρδίᾳ
1400 3703 1571 3776 αὐτῆς
1598 3707 1762 3777 λέγει·

199 3784 459 3856 Κάθημαι
493 3785 776 3855 βασίλισσα
816 3787 914 3841 καὶ
944 3789 1085 3857 χήρα
1113 3790 1213 3842 οὐκ
1272 3792 1407 3861 εἰμὶ,
1449 3796 1542 3849 καὶ
1569 3798 1766 3860 πένθος

197 3876 256 3926 οὐ
287 3875 362 3946 μὴ
402 3876 514 3929 ῐδω.
542 3876 639 3930 Διὰ
685 3876 843 3930 τοῦτο
886 3879 943 3932 ὲν
976 3879 1073 3949 μιᾷ
1096 3879 1280 3951 ἡμέρα
1299 3882 1518 3951 ἥξουσιν
1539 3890 1594 3941 αἱ
1629 3889 1766 3959 πλη-

195 3966 287 4033 γαὶ
319 3966 491 4036 αὐτῆς
540 3966 785 4032 θάνατος,
811 3968 905 4020 καὶ
946 3965 1163 4031 πένθος,
1219 3972 1315 4025 καὶ
1350 3971 1526 4045 λιμὸς,
1584 3981 1678 4032 καὶ
1706 3982 1763 4032 ὲν

196 4061 328 4131 πυρὶ
360 4059 866 4131 κατακαυθήσεται·
914 4060 993 4112 ὄτι
1030 4061 1248 4132 ἰσχυρὸς
1292 4065 1497 4138 Κύριος
1527 4070 1555 4120 6
1608 4070 1759 4133 Θεὸς,

1939 3316 2075 3371 XLI.
2109 3336 2127 3369 ι
2161 3314 2385 3371 Reddite
2416 3316 2491 3370 illi
2519 3316 2659 3370 sicut
2683 3324 2735 3372 et
2759 3315 2873 3385 ipsa
2896 3315 3127 3371 reddidit
3145 3317 3302 3374 vobis
3328 3331 3348 3372 :
3374 3323 3430 3374 et

1870 3409 2143 3480 duplicate
2176 3409 2411 3479 duplicia
2441 3408 2733 3463 secundum
2778 3422 2938 3474 opera
2960 3408 3097 3476 ejus.
3130 3405 3189 3461 In
3229 3407 3431 3476 poculo.

1871 3517 1979 3572 quo
2012 3501 2251 3577 miscuit,
2307 3501 2528 3556 miscete
2572 3498 2647 3551 illi
2674 3496 2918 3565 duplum.
2946 3496 3216 3561 Quantum
3259 3498 3426 3567 glori-

1872 3595 2053 3650 ﬁcavit
2078 3610 2136 3651 se
2156 3604 2211 3649 et
2244 3595 2298 3647 in
2322 3591 2527 3646 deliciis
2556 3588 2676 3651 fuit,
2713 3596 2919 3642 tantum
2942 3589 3065 3643 date
3092 3588 3168 3642 illi
3193 3597 3426 3647 tormen-

1870 3699 1984 3741 tum
2015 3698 2068 3742 et
2094 3688 2331 3746 luctum;
2366 3683 2491 3751 quia
2523 3680 2575 3732 in
2606 3679 2768 3734 corde
2801 3694 2903 3733 suo
2926 3678 3091 3733 dicit:
3135 3676 3307 3733 Sedeo
3340 3694 3425 3734 re—

1870 3780 2016 3848 gina,
2049 3788 2104 3832 et
2134 3778 2294 3830 vidua
2357 3786 2463 3826 non
2526 3786 2679 3837 sum;
2722 3771 3030 3843 etiuctum
3061 3784 3167 3824 non
3197 3755 3421 3825 'videbo.

1868 3869 1993 3924 ideo
2015 3872 2067 3922 in
2093 3883 2196 3921 una
2254 3864 2340 3917 die
2369 3862 2587 3915 venient
2619 3862 2789 3932 plagae
2820 3862 2961 3931 ejus,
2993 3878 3141 3919 mors
3166 3872 3221 3918 et
3245 3864 3424 3921 luctus

1867 3969 1921 4012 et
1950 3958 2140 4021 fames,
2170 3966 2224 4008 et
2246 3952 2355 4023 igni
2381 3951 2758 4017 comburetur;
2793 3951 2922 4020 quia
2967 3951 3125 4008 fortis
3151 3962 3233 4007 est
3256 3951 3419 4017 Deus,

1864 4047 2237 4119 quijudicavit
2273 4060 2414 4099 eam.
2464 4043 2531 4097 Et
2580 4043 2838 4113 lugebunt
2882 4053 2937 4099 et
2970 4045 3225 4116 plangeut
3261 4060 3424 4114 super

193 4150 221 4201 6
256 4151 450 4221 κρίνας
500 4150 687 4219 αὐτήν.
722 4149 832 4203 Καὶ
892 4150 1213 4207 κλαύσονται
1250 4156 1343 4210 καὶ
1383 4134 1645 4228 ,κόψονται
1673 4164 1759 4213 ἐπ’

1870 4158 1981 4197 eam
2020 4154 2172 4209 reges
2203 4147 2381 4202 terrai,
2412 4136 2503 4205 qui
2532 4151 2653 4190 cum
2702 4136 2791 4189 illa
2836 4134 3094 4191 fornicati
3120 4145 3266 4202 sunt,
3290 4137 3418 4197 etin

195 4240 363 4311 αὐτὴν
396 4243 443 4293 οἱ
471 4239 706 4310 βασιλεῖς
728 4241 826 4311 τῆς
850 4242 971 4312 γῆς,
1004 4243 1051 4294 ei
1094 4260 1159 4312 με
1177 4244 1211 4297 .’
1241 4247 1413 4315 αὐτῆς
1441 4226 1761 4319 πορνεύσαν-

1870 4232 2069 4287 deliciis
2093 4230 2504 4290 vixerunt,cum
2527 4227 2762 4293 viderint
2786 4226 2992 4283 fumum
3017 4226 3248 4282 incendii
3280 4228 3416 4296 ejus,

194 4349 281 4395 τες
302 4333 399 4385 καὶ
430 4331 867 4401 στρηνιάσαντες,
896 4334 1022 4387 ὅταν
1065 4334 1301 4404 βλέπωσι
1323 4338 1413 4390 τὸν
1435 4340 1640 4392 καπνὸν
1660 4340 1757 4409 τῆς
1864 4326 2021 4394 101³86
2069 4331 2275 4379 sumes
2314 4329 2532 4393 ντοριθτ
2584 4330 2789 4375 Πιθωω
2847 4328 3237 4409 ιοιᾞὶθηιοΐυηι
3274 4319 3415 4409 ei”:

198 4421 493 4493 πυρώσεως
523 4422 713 4492 αὐτῆς,
748 4422 856 4476 ἀπὸ
888 4425 1159 4496 μακρόθεν
1188 4426 1496 4496 ἑστηκότες,
1550 4430 1639 4483 διὰ
1666 4408 1755 4483 τόν

1870 4416 2101 4469 dicentes
2140 4431 2153 4467 :
2187 4411 2300 4475 Vae,
2324 4428 2425 4487 vae,
2461 4412 2652 4467 civitas
2679 4411 2769 4466 illa
2804 4426 3017 4481 magna,
3046 4408 3304 4478 Babylon,
3334 4408 3417 4461 ei»

197 4481 359 4582 φόόον
390 4512 483 4565 τοῦ
519 4481 851 4585 βασανισμοῦ
884 4481 1073 4586 αὐτ-ἧς,
1104 4481 1367 4585 λέγοντες·
1429 4481 1585 4587 (irini,
1611 4524 1752 4586 οὐαὶ,

1870 4508 2003 4561 vitas
2029 4506 2121 4560 illa
2152 4484 2331 4572 fortis,
2356 4506 2611 4574 quoniam
2660 4518 2767 4559 una
2812 4503 2947 4556 hora
2979 4502 3125 4557 venit
3150 4499 3414 4568 judicium

197 4607 229 4675 η
259 4605 470 4673 πόλιςή
502 4592 730 4674 μεγάλη,
785 4605 1062 4671 Βαϐυλὼν,
1099 4611 1131 4679 η
1164 4609 1315 4673 πόλις
1350 4611 1383 4681 ἡ
1427 4613 1637 4684 ἰσχυρά·
1676 4616 1756 4668 ὅτι

1870 4610 2040 4655 tuum.
2091 4600 2157 4653 Et
2202 4601 2568 4671 negotiatores
2613 4606 2771 4651 terrae
2805 4595 3006 4649 ﬂebunt
3055 4601 3110 4647 et
3159 4593 3417 4664 lugebunt

199 4696 295 4766 μιᾷ
346 4694 466 4765 ὥρᾳ
494 4689 654 4762 ἦλθεν
694 4696 728 4764 ἡ
756 4695 935 4765 κρίσις
984 4715 1097 4754 σου.
1156 4701 1265 4754 Καὶ
1296 4704 1343 4755 οἱ
1402 4702 1631 4775 ἔμποροι
1658 4708 1757 4774 τῆς

1870 4708 2027 4762 super
2054 4707 2192 4755 eam,
2250 4690 2507 4760 quoniam
2565 4700 2773 4742 merces
2822 4699 3010 4738 eorum
3061 4698 3220 4739 nemo
3273 4693 3415 4739 emet

192 4784 295 4854 γῆς
324 4784 618 4839 κλαύσουσι
643 4784 737 4836 καὶ
787 4784 1140 4857 πενθήσουσιν
1173 4791 1259 4843 ἐπ’
1286 4793 1485 4862 αὐτήν·
1540 4795 1621 4847 ὅτι
1665 4797 1757 4849 τὸν

1870 4786 2097 4854 amplius
2127 4802 2143 4837 :
2170 4795 2379 4836 merces
2415 4780 2554 4843 auri,
2599 4790 2651 4833 et
2701 4777 2931 4847 argenti,
2961 4786 3015 4834 et
3046 4776 3238 4846 lapidis
3284 4790 3411 4845 pre-

192 4875 361 4945 γόμον
387 4876 564 4931 αὐτῶν
586 4875 757 4937 οὐδεὶς
787 4875 1047 4945 ἀγοράσει
1073 4880 1278 4935 οὐκέτι·
1304 4882 1470 4953 γόμον
1509 4885 1769 4955 χρυσίου,⁴

1870 4876 2009 4940 tiosi,
2032 4882 2091 4940 et
2119 4872 2442 4941 margaritae,
2473 4878 2526 4922 et
2551 4868 2720 4939 byssi,
2749 4878 2803 4924 et
2849 4885 3121 4940 purpurae,
3151 4876 3204 4921 et
3228 4868 3410 4937 serici,

193 4967 284 5019 καὶ
314 4968 602 5040 ἀργυρίου,
632 4966 726 5020 καὶ
761 4966 908 5020 λίθου
931 4971 1130 5039 τιμίου,
1160 4975 1252 5026 καὶ
1282 4978 1640 5046 μαργαρίτου,
1662 4979 1755 5029 καὶ

1870 4981 1916 5025 et
1941 4966 2144 5023 coccini
2180 4965 2253 5032 (et
2281 4977 2441 5017 omne
2468 4963 2672 5033 lignum
2710 4962 2979 5033 thyinum,
3006 4973 3058 5016 et
3078 4961 3255 5016 omnia
3280 4977 3407 5018 vasa

197 5053 415 5122 βύσσου,
450 5059 543 5111 καὶ
575 5054 877 5127 πορφύρας,
912 5059 1006 5111 καὶ
1066 5063 1313 5131 σηρικοῦ,
1354 5065 1447 5117 καὶ
1478 5068 1749 5119 κοκκίνου·

1870 5057 2062 5119 eboris,
2091 5063 2145 5109 et
2170 5068 2331 5107 omne
2350 5068 2448 5107 vas
2477 5068 2542 5108 ex
2577 5055 2723 5125 ligno
2755 5054 3165 5125 pretiosissimo,
3193 5061 3244 5106 et
3269 5048 3413 5110 mra?

197 5148 287 5200 καὶ
316 5151 426 5202 πᾶν
459 5151 612 5214 ξύλον
636 5150 831 5214 θύῖνον,
878 5151 969 5203 καὶ
1013 5154 1120 5206 πᾶν
1156 5155 1347 5222 σκεῦος
1389 5159 1751 5229 ἐλεφάντινον,

1870 5157 2060 5212 mento,
2088 5156 2141 5202 et
2171 5145 2337 5211 ferro,
2366 5155 2421 5202 et
2447 5161 2756 5213 marmore;
2791 5154 2851 5201 et
2891 5145 3315 5213 cinnamomum,
3356 5158 3409 5203 et

260 5325 307 5359 “
342 5328 511 5396 Apoc.
536 5346 671 5395 xvii,
701 5330 845 5387 1-18.

263 5488 373 5569 (ει)
420 5490 676 5562 Ἰσχυρᾷ.
724 5496 825 5564 Id.,
868 5498 926 5552 ὲν
976 5497 1133 5567 ἰσχύϊ.
1171 5495 1262 5551 Sic
1306 5507 1485 5556 textus
1529 5504 1747 5560 Graccus

1870 5507 2063 5569 runt.)
2126 5494 2259 5569 Qua:
2298 5510 2409 5569 non
2462 5492 2689 5569 multum
2718 5501 2894 5569 sensu
2926 5489 3139 5569 absunt.
3164 5489 3417 5569 Coges-ra

193 5570 223 5608 ν
451 5599 464 5610 .
1717 5594 1727 5607 κ

228 5560 874 5679 Πέξὲξυέκολλῆθηηην-
934 5656 952 5679 ι
990 5636 1389 5679 ΑΛΙιφςΜηιηῐ-»
1418 5627 1616 5679 Famam
1646 5643 1745 5679 ςιν-

1870 5637 1890 5655 Ἰ
1925 5566 2033 5637 (85)
2086 5555 2173 5621 Αῖ
2193 5565 2484 5637 ἁμαρτίαι.
2532 5561 2631 5626 Id.,
2674 5557 2841 5629 αὐτῆς
2887 5563 2943 5614 αἱ
2974 5562 3177 5633 ἀμαρτ,
3227 5555 3298 5609 Ut
3348 5555 3419 5635 in;

226 5629 370 5704 ,(8⁸2)
408 5630 874 5704 ἐκοτὶγῐήθῃσωκ
934 5656 952 5687 ι
985 5636 1389 5690 Δόιιαξεονιιηι.›
1418 5629 1617 5694 Eadem
1646 5643 1745 5704 Sy.

226 5637 370 5704 δίδη
409 5637 874 5699 Εκολλήθησαν.
934 5656 952 5687 ι
985 5637 1389 5690 Δόιιαξεονιιηι.›
1418 5638 1617 5694 Eadem
1646 5643 1745 5695 Sv-

198 5711 321 5749 rlac.
350 5706 402 5750 et
427 5698 646 5752 Arabic.
675 5701 859 5787 Graaca
897 5707 984 5758 vui
1029 5747 1041 5759 .
1072 5706 1461 5827 ἡκολθύθησαν,
1500 5728 1516 5757 ι
1566 5702 1743 5765 secuta

198 5774 323 5821 sunt
362 5777 579 5827 peccata
607 5784 779 5827 usaue
815 5775 880 5827 ad
907 5723 1155 5827 cmfum.»
1233 5777 1343 5827 uia.
1376 5795 1389 5827 :
1430 5796 1447 5827 ι
1478 5776 1743 5827 Pervene-

1870 5654 2033 5794 Ξΐξῗίδ
2075 5708 2376 5785 Ἁατέδωαε.
2420 5701 2525 5769 Id.,
2555 5699 2829 5757 ἀπέδωκεν
2869 5702 3017 5775 ὑμῖν.
3041 5696 3226 5767 Neque
3249 5692 3394 5748 alitﬂ

1870 5792 2057 5827 ηεροδ-

198 5774 323 5821 sunt
362 5777 579 5837 peccata
607 5784 779 5840 usque
815 5775 880 5829 ad
907 5773 1155 5831 omium.»
1189 5773 1343 5844 Vulg.
1376 5795 1389 5832 ;
1430 5796 1447 5827 ‹
1478 5776 1743 5835 Pervene-
1850 5773 2058 5834 Grieca.
