4098 6362
590 427 822 495 .759

1339 437 1397 494 s.
1438 420 1801 496 mprouri
1839 440 1991 497 ore.
2031 441 2222 511 rans.

2355 472 2426 502 -τ
2466 441 2773 498 noenu.
2813 441 2904 497 ET
2940 404 3287 501 msromc.‘

3821 449 3921 507 760

713 570 1009 624 amomum,
1039 565 1092 612 et
1112 555 1549 627 odoramentum,
1577 567 1632 615 et
1656 570 2012 631 unguentum,
2039 551 2095 616 et
2115 561 2222 617 tbui

2324 587 2337 626 ι
2365 565 2458 617 καὶ
2484 567 2591 616 πᾶν
2620 561 2814 627 σκεῦος
2844 567 2908 617 ὲκ
2940 563 3096 629 ξύλου
3139 564 3489 636 τιμιωτάτϐυ,
3551 568 3647 622 καὶ
3694 569 3916 638 χαλκοῦ,

710 656 764 700 et
797 648 1006 711 vinum,
1033 655 1087 702 et
1113 649 1315 714 oleum,
1345 656 1400 703 et
1428 652 1659 706 similam
1678 689 1694 716 ,
1727 661 1782 706 et
1809 652 2072 717 triticum,
2095 663 2147 707 et
2170 668 2264 722 pe-

708 752 857 802 cora,
889 747 943 792 et
971 755 1117 806 oves,
1164 749 1218 794 et
1275 741 1518 810 haedos);
1550 751 1604 797 et
1654 757 1942 812 equorum,
1975 751 2030 798 et
2065 743 2262 797 rbeda-

2369 655 2462 707 καὶ
2496 654 2733 724 σιδήρου,
2784 654 2876 707 καὶ
2937 657 3245 727 μαρμάρου·
3297 657 3390 710 καὶ
3433 658 3772 727 κιναμώμοψ
3821 659 3916 712 καὶ

2364 742 2614 813 ἄμωμον,
2646 745 2738 796 καὶ
2775 743 3042 816 θυμίαμα,
3097 746 3190 799 καὶ
3219 745 3408 817 μύρον,
3436 747 3528 800 καὶ
3563 747 3795 812 λίϐανον,
3821 749 3917 801 καὶ

706 839 852 896 rum,
870 843 923 885 et
943 834 1356 902 mancipidrum,
1380 843 1433 891 et
1455 837 1666 893 animas
1685 837 1988 892 hominum.
2017 834 2082 891 Et
2105 851 2222 905 pom

2359 826 2522 898 οἶνον,
2579 835 2674 887 καὶ
2727 833 2934 898 ἔλαιον,
2984 836 3078 889 καὶ
3103 835 3406 906 σεμίδαλιν,
3463 837 3558 891 καὶ
3607 840 3769 902 σῖτον,
3818 837 3914 891 καὶ

705 920 958 976 desiderii
1010 926 1206 983 animae
1249 934 1357 980 tua
1413 937 1754 982 recesserunt
1790 943 1834 982 a~
1864 935 1940 989 te,
1977 937 2032 982 et
2073 928 2260 983 omnia

661 1055 665 1063 .
705 1012 926 1082 pinguia
959 1023 1013 1069 et
1044 1015 1192 1069 clara
1221 1016 1504 1085 perierunt
1530 1032 1562 1071 a
1591 1025 1675 1084 te,
1695 1025 1750 1072 et
1769 1017 1998 1094 amplius
2027 1019 2124 1075 illa
2139 1018 2253 1088 jam

702 1114 810 1157 non
865 1103 1128 1160 invenies.
1171 1103 1724 1164 Mercatores‘horum
1775 1111 1870 1178 qui
1917 1108 2108 1164 divites
2129 1107 2259 1164 facti

701 1200 876 1258 erant,
904 1208 935 1248 a
978 1195 1136 1264 longe
1180 1195 1418 1262 stabunt,
1446 1207 1666 1267 propter
1708 1207 1911 1254 metum
1959 1207 2257 1255 tormento-

700 1297 822 1337 rum
849 1284 991 1354 ejus,
1018 1284 1207 1342 ﬂentes
1232 1295 1286 1341 et
1329 1288 1594 1358 lugentes,
1639 1298 1802 1360 atque
1831 1290 2069 1345 dicentes
2093 1308 2106 1344 :
2137 1288 2252 1355 Va,

698 1377 808 1440 vae,
829 1376 1020 1431 civitas
1049 1378 1140 1433 illa
1173 1393 1386 1447 magna,
1421 1395 1542 1450 qua:
1588 1382 1785 1438 amicta
1816 1389 1935 1436 erat
1967 1381 2149 1451 bysso,
2199 1389 2256 1436 et
2292 1437 2301 1447 ,

699 1480 961 1536 purpura,
989 1477 1042 1523 et
1089 1469 1330 1537 comino,
1360 1481 1416 1526 et
1454 1471 1710 1526 deaurata
1748 1482 1867 1526 erat
1913 1487 2048 1526 auro
2080 1481 2135 1527 et
2168 1471 2252 1525 la-

695 1558 820 1626 pide
860 1559 1101 1628 pretioso
1126 1568 1181 1616 et
1211 1562 1546 1631 margaritis,
1581 1562 1726 1632 quod
1753 1577 1861 1616 una
1903 1561 2039 1618 bora
2081 1561 2251 1617 desti-

693 1649 824 1701 tuta:
846 1656 972 1703 sunt
1015 1657 1180 1704 tanta:
1223 1651 1442 1706 divitia.
1489 1649 1558 1706 Et
1580 1651 1761 1706 omnis
1805 1650 2162 1723 gubernator,
2194 1662 2251 1708 et

672 1728 870 1791 ’omnis
901 1737 957 1792 in
1015 1739 1243 1795 navibus
1275 1741 1610 1802 versantium
1668 1742 1826 1796 turba
1859 1751 1914 1798 et
1949 1750 2148 1808 nautae,
2191 1753 2248 1798 et

687 1827 782 1892 qui
820 1840 971 1882 mare
993 1837 1247 1883 exercent
1279 1845 1491 1896 omnes,
1523 1845 1553 1885 a
1579 1831 1738 1902 longe
1763 1840 2030 1888 steterunt
2055 1843 2108 1888 et
2132 1834 2243 1890 cla—

688 1925 972 1973 maverunt
1003 1917 1246 1989 videntes
1276 1918 1485 1975 fumum
1524 1922 1757 1978 incendii
1785 1924 1925 1994 ejus,
1956 1925 2197 1981 dicentes
2223 1945 2237 1980 :

686 2006 818 2071 Quae
862 2007 1057 2064 similis
1113 2009 1316 2065 civitati
1363 2011 1490 2066 huic
1527 2013 1775 2081 magnae?
1843 2010 1909 2066 Et
1974 2011 2241 2068 miserunt

681 2097 954 2164 pulverem
992 2115 1156 2171 super
1185 2102 1360 2173 capita
1392 2119 1512 2171 sua,
1551 2113 1606 2158 et
1646 2105 2019 2159 clamaverunt
2049 2105 2237 2160 ﬂentes

682 2194 739 2240 et
764 2187 1027 2256 lugentes,
1053 2191 1337 2246 dicentes:
1382 2190 1498 2258 Vae,
1549 2209 1651 2260 vas,
1680 2193 1874 2249 civitas
1894 2193 1984 2247 illa
2016 2209 2232 2263 magna,

685 2274 740 2328 in
789 2291 895 2345 qua
927 2278 1120 2334 divites
1141 2279 1273 2334 lacti
1304 2291 1433 2336 sunt
1462 2297 1653 2337 omnes
1692 2283 1784 2351 qui
1837 2282 2109 2339 habebant
2137 2299 2236 2338 na-

679 2381 773 2420 ves
800 2367 853 2420 in
887 2370 1047 2436 mari,
1104 2372 1169 2425 de
1221 2373 1546 2444 pinguedine
1603 2373 1760 2444 ejus;
1812 2375 2075 2446 quoniam
2125 2390 2233 2430 una

677 2455 809 2510 liora
833 2459 1070 2516 desolata
1094 2471 1197 2518 est.

2336 926 2551 996 -κτήνη,
2582 924 2677 978 καὶ
2708 925 2975 996 πρόϐατα,
3008 926 3103 982 καὶ
3145 925 3394 996 τράγους·
3423 927 3515 980 καὶ
3569 926 3766 990 ἵππων,
3812 928 3912 981 καὶ

2359 1016 2548 1087 ῥεδῶν,
2574 1017 2667 1070 καὶ
2700 1016 2984 1086 σωμάτων,
3016 1018 3109 1071 καὶ
3145 1016 3322 1086 ψυχὰς
3374 1015 3689 1088 ἀνθρώτανν.
3733 1019 3846 1074 Καὶ
3875 1019 3908 1089 ή

2355 1104 2546 1177 ὀπώρα
2579 1106 2676 1176 τῆς
2723 1106 3015 1177 ἐπιθυμίας
3044 1107 3142 1176 τῆς
3186 1106 3359 1177 ψυχῆς
3403 1122 3495 1159 σου
3521 1107 3756 1179 ἀπῆλθεν
3797 1107 3911 1163 ἀπὺ

2356 1193 2472 1257 σοῦ,
2503 1195 2597 1247 καὶ
2622 1195 2798 1248 πάντα
2822 1195 2890 1248 τά
2922 1195 3127 1267 λιπαρὰ
3153 1198 3246 1250 καὶ
3295 1197 3365 1251 τὰ
3411 1192 3634 1268 λαμπρά
3662 1197 3910 1254 ἀπώλετο

2353 1283 2462 1337 ἀπὺ
2491 1283 2606 1348 σοῦ,
2639 1285 2733 1338 καὶ
2782 1274 2964 1339 οὐκέτι
2997 1285 3058 1338 ού
3089 1285 3163 1355 μὴ
3187 1285 3324 1341 αὐτὰ
3351 1285 3534 1360 εὕρῃς.
3561 1289 3623 1341 0i
3674 1287 3909 1361 ἔμποροι
3951 1358 3956 1362 .

2348 1374 2568 1428 τούτων
2592 1377 2641 1428 oi
2690 1374 3072 1439 πλουτίσαντες
3091 1413 3107 1441 ,
3163 1375 3271 1429 ἀπὸ
3301 1377 3569 1448 μακρόθεν
3600 1377 3905 1450 στήσονται,

2347 1462 2436 1518 διὰ
2456 1463 2546 1517 τὸν
2576 1463 2738 1532 φόϐον
2763 1463 2857 1519 τοῦ
2885 1464 3217 1536 βασανισμοῦ
3245 1466 3432 1537 αὐτῆς,
3466 1466 3758 1533 κλαίοντες,
3810 1471 3907 1524 καὶ

2347 1555 2685 1622 πενθοῦντες,
2717 1556 2812 1611 καὶ
2844 1557 3107 1624 λέγοντες·
3133 1559 3274 1623 οὐαὶ,
3300 1559 3456 1625 Οὐαὶ,
3487 1560 3521 1630 ή
3550 1559 3701 1624 πόλις
3729 1563 3762 1631 ή
3807 1576 3905 1631 με·

2345 1645 2507 1718 γάλη.
2554 1648 2589 1717 ή
2645 1645 3076 1718 περιϐεϐλημένη
3119 1645 3386 1716 βύσσινον,
3444 1650 3537 1702 καὶ
3568 1648 3901 1721 πορφυροῦν,

2345 1739 2440 1791 καὶ
2463 1737 2733 1800 κόκκινον,
2763 1735 2858 1790 καὶ
2884 1737 3268 1808 κεχρυσωμένη
3295 1740 3352 1792 tv
3397 1740 3622 1810 χρυσίῳ,
3655 1741 3748 1794 καὶ
3771 1740 3904 1811 λίθῳ

2343 1828 2526 1899 τιμίῳ,
2540 1826 2634 1882 καὶ
2650 1828 3031 1899 μαργαρίταις*
3048 1828 3128 1880 ὅτι
3148 1829 3243 1898 μιᾷ
3258 1828 3374 1901 ὥρᾳ
3390 1830 3653 1901 ἠρημώθη
3670 1833 3698 1883 ό
3715 1831 3904 1884 τοσοῦ-

2276 1891 2318 1946 B
2341 1891 2434 1978 τος
2461 1891 2705 1979 πλοῦτος.
2732 1891 2858 1972 ’Καί
2879 1920 2986 1980 πᾶς
3009 1891 3364 1991 κυϐερνήτης,
3404 1891 3767 1985 καίνπᾶςΠὲπὶ
3791 1921 3902 1975 τῶν

2344 2007 2544 2060 πλοίων
2575 2011 2606 2062 ό
2629 2007 2832 2079 ὅμιλος,
2864 2010 2956 2063 καὶ
2984 2008 3196 2074 ναῦται,
3230 2012 3321 2064 καὶ
3365 2014 3478 2066 ὅσοι
3504 2013 3600 2083 τὴν
3627 2012 3899 2066 θάλασσαν

2340 2097 2680 2170 ἐργάζονται,
2713 2099 2820 2151 ἀπὸ
2845 2096 3115 2171 μακρόθεν
3142 2100 3375 2172 ἔστησαν
3403 2105 3496 2158 καὶ⁸
3518 2103 3751 2176 ἔκραξαν
3779 2101 3900 2172 βλι-

2339 2204 2529 2250 ποντες
2563 2187 2654 2240 τὸν
2699 2187 2904 2240 καπνὸν
2929 2189 3029 2258 τῆς
3067 2187 3363 2258 πυρώσεως
3408 2192 3595 2261 αὐτῆς,
3625 2190 3895 2258 λέγοντι-,ς’

2337 2278 2430 2342 Τίς
2455 2279 2615 2350 όμοία
2667 2281 2732 2350 τῇ
2782 2279 2934 2332 πόλει
2977 2281 3045 2350 τῇ
3093 2281 3337 2352 μεγάλης
3390 2283 3499 2336 Καὶ
3552 2281 3742 2335 ἔϐαλον
3767 2280 3896 2352 χοῦν

2335 2370 2429 2423 ἐπὶ
2448 2370 2546 2432 τὰς
2575 2369 2814 2439 κεφαλάς
2845 2369 3045 2435 αὐτῶν,
3105 2372 3196 2424 καὶ
3227 2369 3462 2442 ἔκραξαν
3506 2373 3782 2436 κλαίοντες
3802 2373 3898 2426 καὶ

2333 2463 2673 2528 πενθοῦντες,
2722 2464 2988 2532 λέγοντες·
3026 2465 3180 2525 Οὐαὶ,
3209 2464 3352 2528 οὐαὶ,
3405 2467 3439 2536 ή
3491 2465 3642 2528 πόλις
3705 2468 3741 2537 ή
3796 2481 3894 2536 με·

628 2550 636 2558 “
667 2550 829 2622 γάλη,
874 2553 931 2606 tv
965 2547 1380 2638 ᾗ’ἔπλούτησαν
1423 2559 1620 2625 πάντες
1671 2562 1720 2615 οί
1765 2561 1975 2633 ἔχοντες
2005 2561 2074 2615 τά
2139 2561 2298 2617 πλοῖα
2334 2561 2392 2614 tv
2423 2562 2488 2630 τῇ
2525 2559 2766 2632 θαλάσσῃ
2800 2562 2864 2613 ἔκ
2885 2560 2983 2630 τῆς
3030 2560 3280 2630 πιότητος
3313 2560 3420 2632 (85)
3455 2561 3640 2637 αὐτῆς·
3663 2562 3748 2614 ὅτι
3797 2559 3897 2631 μιᾷ

666 2643 786 2718 ὥρᾳ
815 2647 1104 2721 ἠρημώθηο
1532 2666 1535 2669 ’
1617 2646 1630 2656 ’
1839 2713 1844 2717 -

738 2740 896 2795 XLII.
943 2761 960 2793 ι
1004 2743 1208 2799 laetare
1232 2761 1393 2815 super
1425 2763 1568 2812 eam,
1602 2749 1822 2810 cmlum,
1863 2759 1918 2804 et
1948 2752 2144 2822 angeli,
2171 2758 2226 2805 et

671 2833 922 2900 apostoli,
954 2841 1008 2888 et
1047 2835 1341 2904 prophetas,
1387 2839 1643 2907 quoniam
1672 2839 1934 2908 judicavit
1965 2839 2105 2895 Deus
2132 2841 2225 2910 ju-

669 2925 872 2979 ilicium
919 2933 1157 2980 vestrum
1197 2926 1264 2982 de
1299 2926 1408 2982 illa.
1464 2928 1530 2984 Et
1572 2930 1790 2984 sustulit
1835 2947 1974 2988 unus
2002 2932 2225 3000 angelus

2406 2763 2426 2797 ι
2454 2742 2754 2814 Εὐφραίνου
2782 2740 2867 2794 ἐπ’
2897 2740 3058 2811 αὐτῇ,
3091 2739 3306 2812 ούρανέ,
3339 2739 3432 2793 καὶ
3455 2740 3504 2792 oi
3535 2741 3772 2808 ἄγγελοι,
3798 2739 3892 2792 καὶ

2329 2839 2378 2891 οί
2411 2833 2712 2897 ἀπόστολοι,
2753 2832 2848 2886 καὶ
2883 2832 2932 2884 οἱ
2970 2831 3272 2902 προφῆται,
3314 2832 3397 2884 ὃτι
3439 2831 3649 2902 ἔκρινεν
3697 2832 3726 2882 ό
3757 2828 3891 2892 Θεδς

2327 2922 2388 2975 τὸ
2423 2923 2597 2993 κρῖμα
2637 2917 2789 2989 ὑμῶν
2843 2914 2903 2981 ἔξ
2954 2918 3139 2986 αὐτῆς.
3189 2918 3299 2971 Καὶ
3347 2914 3480 2988 ἦρεν
3528 2909 3608 2978 εἷς
3660 2914 3890 2984 ἅγγελος

662 3015 818 3070 fortis
848 3016 1077 3086 lapidem
1101 3019 1259 3087 quasi
1285 3021 1558 3076 molarem
1593 3037 1870 3089 magnum,
1910 3031 1964 3077 et
1991 3023 2140 3079 misit
2169 3022 2222 3075 in

2331 3012 2546 3085 ίσχυρδς
2573 3011 2738 3074 λίθον,
2776 3009 2850 3072 ῶς
2895 3007 3056 3078 μύλον
3087 3009 3280 3078 μέγαν,
3322 3009 3417 3062 καὶ
3458 3007 3645 3060 ἔϐαλεν
3681 3010 3760 3071 είς
3789 3007 3889 3079 τὴν

665 3119 837 3171 mare,
870 3106 1055 3161 dicens
1087 3125 1100 3161 :
1133 3105 1224 3163 Sic
1247 3108 1448 3178 impetu
1488 3111 1734 3165 mittetur
1761 3111 1997 3182 Babylon
2030 3112 2222 3167 civitas

2324 3103 2619 3167 θάλασσαν,
2648 3100 2841 3167 λέγων’
2881 3096 3067 3160 Οὕτως
3100 3099 3379 3169 ὁρμήματι
3428 3096 3750 3169 βληθήσεται
3782 3099 3889 3150 Ba-

660 3193 753 3247 illa
780 3209 998 3263 magna,
1024 3205 1078 3248 et
1108 3196 1243 3250 ultra
1272 3198 1380 3263 iam
1411 3213 1518 3253 non
1547 3200 1866 3256 invenietur.
1908 3200 1976 3255 Et
2007 3216 2112 3256 vox
2141 3202 2220 3256 ci-

660 3285 1027 3339 tliarmdorum
1071 3293 1128 3340 et
1177 3287 1509 3341 musicorum
1547 3296 1601 3342 et
1630 3288 1762 3343 tibia
1807 3292 2119 3347 canentium
2166 3300 2219 3347 et

657 3376 809 3443 tuba,
845 3391 951 3431 non
982 3377 1230 3433 audietur
1261 3379 1315 3433 in
1352 3387 1403 3433 te
1430 3379 1697 3449 amplius;
1731 3391 1784 3435 et
1817 3382 1995 3437 omnis
2022 3381 2218 3438 artifex

653 3468 833 3523 omnis
877 3469 1007 3524 artis
1051 3484 1160 3523 non
1213 3469 1519 3524 invenietur
1549 3471 1604 3524 in
1637 3479 1690 3526 te
1715 3472 1980 3542 amplius,
2015 3485 2070 3531 et
2112 3489 2213 3530 vox

545 3616 550 3621 ,
654 3559 810 3613 molae
851 3575 960 3614 non
1009 3560 1257 3618 audietur
1287 3561 1341 3615 in
1379 3572 1430 3617 te
1460 3563 1729 3633 amplius;
1765 3571 1819 3617 et
1855 3564 1945 3618 lux
1982 3565 2215 3622 lucerna:

653 3663 760 3702 non
793 3649 993 3704 lucebit
1025 3650 1081 3707 in
1121 3658 1172 3704 te
1201 3651 1471 3720 amplius;
1521 3661 1577 3708 et
1616 3669 1721 3708 vox
1751 3653 1938 3723 sponsi
1967 3663 2020 3708 et
2053 3670 2216 3724 spon-

650 3751 724 3790 sae
747 3753 856 3792 non
883 3739 1136 3796 audietur
1187 3741 1368 3796 adhuc
1409 3742 1464 3796 in
1493 3752 1568 3808 te,
1618 3744 1746 3814 quia
1776 3755 2104 3799 mercatores
2134 3745 2213 3800 tui

535 3830 539 3833 “
651 3837 808 3881 erant
839 3829 1113 3899 principes
1142 3840 1333 3896 terras;
1380 3831 1508 3900 quia
1534 3833 1589 3887 in
1618 3836 1892 3892 veneﬁciis
1924 3835 2032 3892 tuis
2062 3851 2212 3891 erra-

650 3930 844 3974 verunt
867 3933 1056 3974 omnes
1084 3930 1300 3990 gentes;
1321 3930 1376 3976 et
1400 3921 1454 3975 in
1480 3937 1544 3978 ea
1578 3928 1798 3996 sanguis
1825 3930 2208 3997 prophetarum

648 4017 702 4063 et
726 4017 1039 4064 sanctorum
1077 4010 1330 4067 inventus
1358 4019 1477 4080 est,
1521 4022 1575 4068 et
1602 4016 1842 4070 omnium
1871 4019 1964 4087 qui
1994 4017 2210 4072 interfe-

646 4099 718 4154 cti
744 4108 871 4154 sunt
897 4101 949 4154 in
982 4111 1125 4154 terra
1157 4101 1223 4155 “.
1262 4120 1280 4153 ι

714 4188 897 4245 XLIII.
937 4192 1292 4261 Apertissime
1337 4193 1392 4247 in
1438 4193 1523 4250 his
1567 4193 1894 4251 testimoniis
1932 4200 2206 4270 sigillatim

643 4279 974 4335 declaratum
1017 4293 1102 4339 est
1144 4284 1211 4340 de
1259 4293 1650 4341 tormentorum
1690 4287 1917 4359 judicio,
1964 4307 2082 4360 quae
2110 4310 2202 4348 ex-

2317 3193 2495 3250 ϐυλὼν
2524 3195 2558 3264 ἡ
2596 3189 2803 3262 μεγάλη
2841 3189 3013 3253 πόλις,
3048 3191 3143 3244 καὶ⁵
3185 3189 3248 3242 ού
3293 3189 3366 3260 μὴ
3397 3187 3590 3260 εὑρεθῇ
3630 3188 3732 3243 ἔτι.
3777 3190 3887 3242 Καὶ

2319 3284 2467 3356 φωνὴ
2504 3279 2839 3352 κιθαρῳδῶν,
2879 3280 2974 3332 καὶ
3022 3279 3314 3350 μουσικῶν,
3353 3280 3446 3333 καὶ
3482 3279 3748 3350 αὐλητῶν,
3787 3282 3885 3333 καὶ

2318 3371 2678 3441 σαλπιγκτῶν,
2725 3371 2787 3425 ού
2841 3371 2915 3441 μὴ
2961 3371 3199 3443 ἀκουσθῇ
3253 3375 3311 3425 ὲν
3361 3373 3445 3426 σοὶ
3487 3372 3598 3425 ἔτι·
3648 3374 3742 3426 καὶ
3771 3374 3884 3436 πᾶς

2315 3465 2563 3536 τεχνίτης
2604 3463 2782 3532 πάσης
2820 3463 3044 3532 τέχνης,
3083 3463 3143 3515 οὐ
3188 3463 3259 3533 μὴ
3304 3462 3494 3534 εὑρεθῇ
3540 3465 3598 3516 tv
3631 3464 3714 3517 σοὶ
3764 3464 3878 3530 ἔτι·

2316 3555 2408 3609 καὶ
2441 3554 2589 3624 φωνὴ
2618 3554 2783 3623 μύλου
2811 3555 2872 3608 ού
2908 3555 2982 3626 μὴ
3013 3552 3249 3625 ἀκουσθῇ
3272 3555 3340 3607 .tv
3371 3555 3451 3606 σοὶ
3477 3554 3592 3607 ἔτι·
3635 3556 3730 3608 καὶ¹
3762 3553 3879 3624 φῶς

2313 3644 2506 3716 λύχνου
2544 3643 2606 3697 ού
2650 3644 2723 3715 μὴ
2767 3645 2905 3714 φανῇ
2953 3646 3010 3697 tv
3055 3644 3137 3696 σοὶ
3176 3644 3284 3696 ἔτι·
3328 3643 3420 3696 καὶ
3460 3643 3609 3714 φωνὴ
3643 3642 3878 3714 νδμφίου

2313 3733 2408 3788 καὶ
2440 3731 2654 3802 νύμφης
2691 3734 2753 3786 ού
2787 3734 2862 3805 μὴ
2907 3731 3148 3804 ἀκουσθῇ
3189 3734 3245 3784 tv
3289 3731 3372 3784 σοὶ
3409 3730 3522 3782 ἔτι·
3567 3732 3648 3785 δτι
3688 3731 3740 3783 oi
3778 3730 3879 3802 ἔμ-

2313 3825 2471 3900 ποροί
2519 3840 2610 3877 σου
2649 3820 2790 3895 ἦσαν
2834 3827 2883 3879 ol
2925 3825 3243 3896 μεγιστᾶνες
3282 3821 3383 3891 τῆς
3429 3822 3561 3892 γῆς’
3595 3823 3677 3876 ὅτι
3716 3825 3778 3877 tv
3805 3824 3875 3896 τῇ

2313 3914 2629 3989 φαρμακείᾳ
2662 3931 2755 3969 σου
2782 3915 3160 3988 ἐπλανήθησαν
3194 3913 3370 3967 πάντα
3398 3914 3466 3968 τά
3497 3914 3652 3988 ἔθνηο
3683 3917 3778 3970 καὶ
3813 3919 3872 3969 tv

2307 4011 2375 4080 τῇ
2408 4007 2542 4076 αὐτῇ
2572 4001 2704 4075 αἷμα
2737 4006 2847 4059 τῶν
2878 4006 3168 4078 προφητῶν
3206 4003 3298 4058 καὶ
3324 4003 3492 4072 ἀγίων
3520 4005 3738 4078 εὑρέθη,
3775 4005 3870 4062 καὶ

2308 4098 2525 4153 πάντων
2548 4094 2656 4149 τῶν
2683 4095 3039 4167 ἐσφαγμένων
3071 4095 3162 4148 ἐπὶ
3192 4095 3440 4165 τῆςεγῆς.
3458 4104 3490 4147 ‘a

2376 4207 2511 4280 Περὶ
2565 4206 2662 4277 μὲν
2708 4207 2806 4278 τῆς
2855 4207 2964 4260 τῶν
3013 4207 3280 4278 βασάνων,
3335 4205 3444 4260 τῶν
3486 4206 3867 4278 ἐπερχομένων

2306 4301 2443 4372 αὐτῇ
2476 4299 2562 4351 ἐπ’
2591 4297 2832 4377 ἐσχάτων
2875 4299 2979 4352 ὑπὸ
3018 4298 3127 4370 (86)
3159 4299 3267 4350 τῶν
3307 4296 3424 4350 τότε
3466 4299 3738 4369 ἐσομένων
3774 4316 3864 4352 τυ-

645 4371 830 4423 tremis
858 4373 1190 4439 temporibus
1208 4415 1223 4439 ,
1258 4392 1354 4445 per
1382 4387 1738 4448 tyrannorum
1763 4381 1854 4450 qui
1891 4391 2016 4436 tunc
2045 4395 2203 4439 erunt

2324 4371 2514 4445 δάννων
2554 4371 2784 4458 neptuni;
2823 4389 3085 4459 κρίσεως,
3127 4377 3433 4454 σαφέστατα
3459 4387 3517 4440 ἐν
3541 4391 3652 4451 τοῖς
3678 4391 3863 4460 ῥητοῖς

640 4461 921 4529 injuriam,
955 4463 1100 4517 illam
1127 4465 1408 4522 ineessura
1436 4477 1567 4553 sunt
1597 4487 1611 4524 :
1645 4485 1823 4541 opera:
1849 4474 2080 4543 pretium
2111 4491 2202 4531 ve-

2324 4481 2510 4542 ὀύτοις
2548 4478 2865 4550 δεδήλωται⁸
2899 4478 3060 4533 δεῖδὲ
3093 4477 3240 4547 ἡμᾶς
3274 4476 3368 4564 καὶ
3399 4478 3489 4564 τὸν
3519 4479 3708 4549 χρόνον
3739 4479 3862 4548 ἐξησ-

645 4569 707 4606 ro
732 4561 835 4620 est,
887 4562 946 4607 ut
971 4561 1025 4608 et
1047 4551 1261 4624 tempus
1286 4551 1529 4628 diligenti
1565 4565 1815 4619 examine
1841 4579 2199 4635 exponamus,

639 4645 856 4711 quando
884 4645 1366 4710 scilicet'l'uturum
1398 4649 1470 4703 sit
1495 4659 1552 4705 ut
1577 4653 1688 4708 hate
1709 4657 1977 4722 eveniant,
2008 4665 2062 4711 et
2080 4673 2202 4712 cor-

643 4749 712 4785 nu
755 4733 885 4807 illud
915 4750 1142 4803 parvum
1187 4739 1328 4792 inter
1355 4753 1451 4793 eos
1479 4753 1736 4810 emergat.
1791 4744 1992 4817 Nempe
2019 4763 2196 4816 quan-

636 4826 705 4878 do
733 4843 892 4882 crura
942 4828 1116 4883 ferrea
1161 4844 1283 4899 qua:
1325 4830 1619 4884 etiamnum
1667 4848 1845 4889 rerum
1889 4841 2188 4907 potiuntur,

637 4918 702 4970 ad
727 4919 948 4990 vestigia
979 4919 1178 4990 pedum
1208 4921 1514 4993 digitosque
1539 4924 1828 4991 evaserint,
1851 4927 2007 4996 juxta
2025 4931 2191 4987 simu-

703 5121 750 5153 ⁵⁸
783 5125 950 5196 Apoc.
988 5142 1146 5194 xvm,
1179 5129 1326 5186 1-24.

700 5303 809 5389 (85)
854 5308 952 5360 Ἐκ
978 5309 1089 5378 τῆς
1141 5313 1435 5389 πιότητος,
1462 5316 1791 5389 Singularis
1826 5318 1939 5389 llaac
1989 5321 2178 5389 lectio;

627 5386 750 5442 apta
784 5385 960 5428 tamen
985 5394 1047 5457 ea
1066 5396 1194 5457 _vox,
1230 5385 1357 5457 siet
1385 5388 1473 5457 alii
1503 5389 1720 5442 codices
1743 5385 2178 5457 astipularentur,

629 5461 752 5527 cnn-
782 5460 970 5527 omnes
995 5447 1244 5527 habeant,
1277 5455 1340 5506 ἐκ
1383 5456 1484 5524 τῆς
1528 5447 1864 5526 τιμιότητοςξ
1926 5475 2047 5527 quae
2078 5447 2177 5514 vox

629 5515 759 5596 satis
783 5515 1093 5596 dura,___nec
1138 5515 1481 5596 adsensum
1532 5515 1994 5595 expeditas-Nam
2034 5531 2177 5596 quod

630 5581 792 5664 Vulg.
820 5583 993 5664 reddit
1027 5602 1046 5635 ι
1081 5593 1364 5664 ex_p_r_etiis
1389 5597 1524 5664 suis,
1555 5616 1571 5646 ›
1594 5581 1746 5664 quasi
1773 5581 2031 5651 remotius
2052 5581 2169 5663 Iest;

627 5655 725 5726 eisi
780 5655 850 5726 Ita
885 5655 1047 5707 etiam
1105 5655 1394 5726 Ethiopic.
1449 5655 1563 5717 Non
1612 5655 1756 5719 inale
1797 5669 2014 5721 Arabio.
2066 5655 2174 5719 «ex

627 5719 768 5804 tistu
802 5725 954 5804 ejus;
1002 5741 1020 5774 ι
1079 5719 1347 5804 est-enirn
1384 5748 1446 5786 ea
1479 5737 1618 5788 ratio
1649 5734 1823 5791 facilis
1848 5719 2174 5792 distractio-

625 5795 711 5846 nis
761 5795 1042 5863 IllL‘I'Clum,
1101 5795 1194 5850 scd
1251 5805 1526 5868 supposita
1583 5807 1852 5874 opulentia
1907 5808 2179 5875 civitatis,

2297 4569 2667 4644 κριϐωμένους
2715 4571 2826 4642 (87)
2877 4569 3162 4631 ἐκθέσθαι,
3210 4570 3267 4622 tv
3309 4563 3638 4642 οἷςίκαιροίς
3685 4570 3860 4624 ταῦτα

2297 4661 2657 4731 συμϐήσεται,
2703 4664 2796 4716 καὶ
2839 4663 2914 4726 ὡς
2949 4661 3009 4714 τὸ
3051 4660 3214 4731 κέρας
3247 4660 3306 4713 τὸ
3348 4664 3537 4733 μικρὸν
3579 4665 3634 4716 tv
3672 4663 3858 4726 αὐτοις

2294 4751 2715 4822 ἀναφανήσεται.
2764 4752 2886 4805 Τῶν
2927 4751 3034 4822 γάρ
3079 4742 3299 4820 κνημῶν
3337 4753 3444 4806 τῶν
3483 4751 3718 4823 σιδηρῶν
3748 4751 3855 4805 τῶν

2296 4841 2392 4896 νῦν
2431 4842 2511 4895 ἔτι
2555 4843 2885 4913 κρατουσῶν,
2939 4842 3032 4893 ἐπὶ
3075 4841 3141 4894 τὰ
3189 4841 3314 4912 ίχνη
3365 4842 3472 4896 τῶν
3517 4841 3714 4903 ποδῶν.
3760 4841 3853 4896 καὶ

2295 4932 2420 4995 τοὺς
2455 4932 2751 4999 δακτύλους
2787 4931 3148 5004 χωρησάντων
3190 4935 3336 4989 κατὰ.
3369 4935 3466 5005 τὴν
3509 4933 3607 5003 τῆς
3641 4931 3855 4997 εἰκόνος

2291 5339 2453 5393 quam
2485 5337 2732 5378 nostrum
2760 5324 2888 5377 illud
2919 5325 3017 5378 rite
3047 5327 3324 5396 designat;
3373 5340 3605 5393 veraque
3638 5337 3691 5382 et
3741 5335 3846 5383 tor-
3921 5383 3923 5386 .

2290 5397 2447 5449 malis
2481 5395 2616 5447 ratio
2665 5402 2743 5446 est
2791 5395 3436 5450 constituendi’celebris
3485 5399 3736 5463 emporii,
3793 5406 3842 5452 rt

2287 5465 2431 5531 quod
2481 5467 2551 5517 ita
2609 5473 2932 5517 mercatores
2989 5467 3080 5518 illo
3143 5465 3449 5516 ditescant:
3504 5468 3764 5522 nobilitas
3791 5475 3845 5521 et

2285 5533 2480 5595 fastus,
2511 5532 2664 5600 quasi
2697 5545 2895 5585 remota
2944 5547 2995 5589 et
3030 5533 3354 5586 communis.
3387 5532 3618 5589 Count.

2287 5646 2290 5652 .
2355 5603 2463 5668 (86)
2516 5603 2643 5651 Ὑπὸ
2671 5600 2801 5651 τῶν.
2836 5603 3101 5668 Cornbef.,
3129 5603 3235 5652 ἀπὸ
3259 5603 3381 5652 τῶν.

2287 5739 2316 5802 ζ
2358 5672 2466 5756 (8'7)
2522 5671 3070 5792 Ἐιὲηκριϐωμένουᾳ
3113 5671 3212 5725 Ms.
3240 5670 3490 5740 Ehroic.,
3549 5674 3840 5746 ἐξαιρισα-

2319 5757 2559 5802 ομενους.
2637 5755 2722 5792 ιιι).

2319 5743 2559 5810 ομένους.
2588 5743 2722 5792 Gut).
