4098 6362
181 434 288 490 765

1262 436 1348 493 DE
1389 436 1686 495 CHRISTO
1724 436 1810 490 ΕΤ
1850 434 2329 493 ANTICHRISTO.

3293 436 3394 490 766

187 569 269 605 σει
301 526 550 617 δικαίων,
579 550 783 623 μήποτε
804 549 996 610 ,ἐλθὼν
1027 550 1249 618 πατάξω
1277 552 1377 625 τήν
1400 553 1500 624 γῆν
1522 536 1703 627 άρδην.
1726 571 1741 602 ι

1850 561 1901 605 et
1927 551 2299 608 inobedientes
2328 548 2393 605 ad
2423 548 2769 627 prudentiam
2811 549 3081 619 iustorum
3115 566 3129 603 :
3160 563 3226 604 ne
3258 547 3395 609 forte
3432 540 3435 541 ⁷

187 636 346 697 Οὗτοι
392 638 489 697 οῦν
532 638 958 713 παραγενόμενοι
1004 642 1295 713 κηρύξουσι
1326 644 1422 715 τὴν
1454 643 1743 715 μέλλουσαν

192 730 413 785 ἔσεσθαι
454 728 565 784 ἀπὸ
609 730 849 801 οὐρανῶν
889 730 1124 800 Χριστοῦ
1170 732 1518 801 ἐπιφάνειαν·
1560 733 1608 785 οἶ
1652 732 1744 785 καὶ

187 820 473 890 ποιήσουσι
535 821 730 889 σημεῖα
782 819 874 872 καὶ
928 818 1128 890 τέρατα
1177 822 1256 883 εἰς
1304 821 1366 873 τὸ
1414 821 1517 874 κᾶν
1575 820 1745 884 οὕτως

185 909 508 978 δυσωπῆσαι
567 908 663 961 καὶ
724 894 1043 978 ἐπιστρέψαι
1078 908 1239 970 ’τοὺς
1298 906 1611 979 ἀνθρώπους
1666 909 1744 971 είς

192 997 511 1067 μετάνοιαν,
554 996 642 1050 διὰ
679 997 778 1069 τὴν
816 997 1253 1070 ὑπερϐάλλουσαν
1295 997 1473 1051 αὐτῶν
1516 998 1749 1069 ἀνομίαν

186 1106 248 1142 τε
288 1088 384 1141 καὶ
415 1086 690 1141 ἀσέϐειαν.

257 1180 422 1247 Λέγει
441 1178 549 1251 γὰρ
597 1178 879 1250 Ἰωάννης·
922 1197 941 1229 ι
980 1178 1090 1232 Kal
1116 1177 1269 1233 δώσω
1302 1182 1411 1244 τοῖς
1443 1181 1562 1234 δυσὶ
1602 1181 1742 1251 μάρ-

185 1269 310 1322 τυσί
338 1286 459 1339 μου,
495 1269 588 1321 xal
610 1268 1073 1340 προφητεύσουσιν
1098 1269 1305 1340 ἡμέρας
1339 1268 1515 1338 χιλίας
1558 1269 1742 1322 διακο-

187 1361 313 1423 σίας
338 1360 617 1432 ἐξήκοντα,
650 1360 1095 1430 περιϐεϐλημένοι
1120 1358 1352 1423 σάκκους
1371 1376 1384 1389 ⁶
1411 1379 1430 1411 ›
1466 1360 1739 1424 Τουτέστι,

188 1448 253 1497 τὸ
280 1450 447 1518 ἣμισυ
477 1450 576 1517 τῆς
595 1450 901 1517 ἑϐδομάδος,
927 1445 997 1520 ἦς
1036 1451 1225 1521 εἴρηκε
1265 1449 1481 1520 Δανιήλ.
1533 1468 1552 1501 ι
1586 1445 1743 1504 Οὗτοί

189 1536 329 1585 εἰσιν
359 1536 413 1587 al
440 1536 532 1589 δύο
560 1538 734 1591 ἐλαῖαι
760 1538 854 1590 καὶ
873 1538 933 1592 al
964 1536 1058 1594 δύο
1078 1537 1285 1607 λυχνίαι
1310 1540 1365 1592 al
1397 1537 1622 1592 ἐνώπιον
1652 1538 1743 1591 τοῦ

192 1621 403 1691 Κυρίου
431 1626 527 1692 τῆς
553 1626 652 1693 γῆς
677 1625 816 1680 tua},
925 1644 938 1657 ο
969 1628 1061 1680 καὶ
1086 1626 1143 1682 εἴ
1166 1644 1248 1691 τις
1292 1629 1485 1692 αὐτοὺς
1533 1628 1746 1700 θελήσει

190 1707 468 1777 ἀδικῆσαι,
498 1706 606 1778 πῦρ
636 1708 913 1773 egenum
1006 1714 1071 1768 ἐκ
1103 1712 1198 1765 τοῦ
1234 1715 1497 1784 στόματος
1543 1718 1745 1782 αὐτῶν,

1846 642 2055 695 veniam
2082 681 2099 708 ,
2156 650 2211 695 et
2242 641 2538 711 percutiam
2574 652 2769 695 terram
2798 642 3012 709 penitus
3040 640 3106 694 “.
3137 658 3157 691 ι
3212 638 3277 694 Hi
3298 641 3399 694 ita-

1844 747 1950 802 que
1979 732 2256 789 venientes
2288 731 2652 801 pmdicabunt
2689 731 2925 785 futuram
2969 730 3169 786 Christi
3193 745 3224 785 e
3245 731 3396 786 caelis

1844 822 2269 892 apparitionem;
2318 821 2623 890 facientque
2662 821 2817 891 signa
2844 830 2898 875 et
2939 820 3201 891 prodigia,
3233 829 3293 874 ut
3315 820 3401 876 vel
3434 892 3441 897 ἱ

1842 912 1924 966 sic
1955 910 2227 965 inﬂectant
2249 919 2411 980 atque
2442 902 2759 964 convertant
2786 910 3064 964 hominum
3088 910 3300 964 animos
3331 906 3398 962 ad

1844 1001 2240 1070 penitentiam,
2267 1000 2337 1055 ob
2363 1000 2585 1054 nimiam
2622 999 3017 1070 improbitatem
3058 1016 3124 1055 ac
3153 1000 3400 1070 impieta-

1842 1100 1953 1145 tem
1986 1106 2093 1159 qua
2119 1091 2387 1161 laborant.

1914 1180 2119 1234 XLVII.
2149 1180 2238 1234 Ait
2264 1180 2407 1233 enim
2440 1176 2711 1233 Joannes:
2752 1197 2776 1230 ι
2804 1178 2871 1232 Et
2903 1179 3041 1235 dabo
3073 1180 3284 1235 duobus
3318 1188 3401 1234 te-

1843 1272 2018 1325 stibus
2066 1271 2233 1333 meis,
2275 1280 2330 1325 et
2376 1270 2774 1339 prophetabunt
2814 1270 2928 1324 dies
2960 1272 3105 1325 mille
3145 1268 3405 1327 ducentos

1843 1360 2153 1430 sexaginta,
2204 1359 2386 1412 amicti
2433 1360 2607 1413 saccis
2642 1360 2708 1411 ".
2748 1378 2766 1411 ι
2819 1358 2934 1414 Hoc
2951 1368 3082 1415 test:
3122 1362 3403 1417 dimidium

1843 1448 1988 1507 istud
2037 1446 2409 1512 hebdomadas,
2464 1449 2532 1502 de
2574 1464 2679 1518 qua
2725 1447 2913 1502 Daniel
2964 1449 3176 1506 locutus
3215 1451 3262 1490 ⁸⁸
3300 1460 3404 1507 est.

1850 1557 1869 1589 ι
1904 1538 1991 1593 Isti
2035 1546 2163 1593 sunt
2189 1537 2489 1593 duaasolivae
2521 1546 2573 1590 et
2605 1538 2714 1591 duo
2738 1537 3058 1591 candelabra
3098 1540 3151 1591 in
3182 1530 3410 1611 conspe-

1844 1640 1933 1685 ctu
1956 1629 2047 1683 Dei
2080 1638 2239 1683 terra:
2265 1629 2482 1683 stantia.
2508 1626 2574 1681 Et
2604 1628 2797 1697 siquis
2825 1628 3056 1682 voluerit
3082 1629 3161 1683 eis
3188 1643 3405 1693 nocere,

1848 1722 1987 1791 ignis
2019 1722 2160 1775 exiet
2188 1721 2252 1775 de
2283 1736 2377 1774 ore
2403 1735 2622 1784 eorum,
2657 1730 2710 1774 et
2733 1720 3010 1774 devorabit
3038 1720 3287 1775 inimicos
3314 1736 3409 1775 eos

312 1794 582 1848 κατεσθίει
607 1795 732 1858 τοὺς
754 1796 979 1867 ἐχθροὺς
1006 1799 1184 1853 αὐτῶν
1200 1817 1214 1831 ⁸
1245 1802 1339 1853 καὶ
1362 1802 1417 1855 εί
1434 1819 1513 1866 τις
1534 1803 1741 1874 θελήσει

1847 1827 1992 1866 rum.
2024 1812 2089 1866 Et
2112 1814 2157 1867 si
2189 1813 2311 1882 quis
2331 1814 2561 1867 voluerit
2587 1828 2681 1867 eos
2709 1814 2916 1881 laedere,
2942 1814 3021 1869 sic
3052 1824 3261 1884 oportet
3285 1830 3406 1869 eum

191 1873 254 1933 ἐν
284 1884 487 1947 τούτοις
510 1884 783 1953 ἀδικῆσαι,
806 1885 975 1948 οὕτως
1013 1886 1094 1940 δεῖ
1130 1888 1291 1941 αὑτὸν
1328 1873 1741 1961 ἀποκτανθῆναι.

1851 1900 2042 1955 occidi.
2089 1900 2153 1955 Hi
2188 1873 2386 1955 habent
2420 1910 2735 1972 potestatem
2762 1873 3045 1957 claudendi
3076 1873 3269 1958 caelum
3291 1943 3306 1965 ,
3343 1918 3412 1958 ne

189 1964 357 2025 Οὗτοι
387 1972 595 2042 ἔχουσιν
622 1973 864 2037 ἐξουσίαν
891 1976 1096 2031 κλεῖσαι
1119 1968 1211 2031 τὸν
1240 1979 1499 2050 οὐρανὸν,
1543 1982 1629 2034 ἵνα
1678 1981 1752 2053 μὴ

189 2064 350 2127 ὑετὸς
376 2063 537 2134 βρέξῃ
566 2062 664 2126 τὰς
691 2065 903 2137 ἡμέρας
922 2069 1020 2137 τῆς
1052 2072 1382 2140 προφητείας
1411 2068 1589 2124 αὐτῶν
1610 2112 1626 2135 ,
1659 2075 1752 2126 καὶ

188 2153 435 2219 ἐξουσίαν
464 2154 674 2224 ἔχουσιν
706 2156 798 2208 ἐπὶ
826 2156 932 2209 τῶν
960 2158 1164 2212 ὑδάτων
1208 2161 1456 2231 στρέφειν
1496 2161 1634 2214 αὐτά
1672 2164 1751 2225 είς

186 2241 351 2316 αἷμα,
391 2246 485 2299 καὶ
509 2246 742 2311 πατάξαι
772 2248 868 2319 τὴν
899 2249 1002 2319 γῆν
1026 2252 1087 2303 ὲν
1120 2250 1266 2322 πάσῃ
1313 2251 1527 2321 πληγῇ,
1562 2253 1750 2317 ὁσάκις

186 2336 288 2389 ἐὰν
316 2336 334 2408 [
356 2335 637 2408 θελήσωσι.
673 2356 693 2390 ι
716 2340 827 2393 Kal
853 2341 980 2394 ὅταν
998 2337 1021 2410 ]
1042 2341 1294 2395 τελέσωσι
1319 2342 1411 2395 τὸν
1436 2342 1629 2412 δρόμον
1649 2344 1747 2397 αὑ-

186 2428 299 2481 τῶν
321 2428 414 2480 καὶ
440 2429 537 2499 τήν
567 2429 869 2501 μαρτυρίαν
893 2431 1089 2495 αὐτῶν,
1117 2433 1170 2485 τί
1195 2450 1355 2503 φησιν
1374 2434 1403 2485 ὀ
1429 2436 1709 2506 προφήτης
1732 2453 1747 2501 ;

191 2537 211 2568 ι
247 2519 320 2571 Τὸ
344 2518 528 2589 θηρίον
578 2520 638 2572 τὸ
681 2519 964 2575 ἀναϐαῖνον
990 2521 1057 2573 ἐκ
1094 2521 1208 2592 τῆς
1252 2522 1486 2577 ἀϐύσσου
1534 2528 1748 2597 ποιήσει

188 2610 311 2679 μετ’
338 2610 514 2663 αὐτῶν
555 2609 815 2681 πόλεμον,
842 2613 935 2665 καὶ
965 2615 1173 2685 νικήσει
1215 2614 1410 2678 αὐτοὺς
1433 2656 1446 2678 .
1490 2617 1583 2670 καὶ
1616 2619 1749 2672 ἀπο-

184 2702 370 2753 κτενεῖ
389 2702 604 2768 αὐτοὺς,
625 2720 654 2767 ,ι
797 2702 858 2756 τὸ
887 2705 964 2774 μὴ
994 2703 1165 2758 θέλειν
1183 2706 1377 2770 αὐτοὺς
1391 2706 1544 2773 δόξαν
1566 2708 1748 2764 δοῦναι

178 2790 266 2859 τῷ
304 2792 673 2864 ’Δγτιχρίστφ
694 2793 972 2859 Τουτὲστι,
996 2795 1057 2847 τὸ
1080 2782 1312 2865 ἀναφῦον
1337 2800 1531 2870 μικρὸν
1558 2802 1743 2872 κέρας.

182 2881 289 2943 Ὃς
316 2882 573 2953 ἐπαρθεὶς
594 2882 778 2937 λοιπὸν
796 2887 863 2955 τῇ
889 2885 1102 2956 καρδίᾳ,
1124 2887 1343 2958 ἄρχεται
1369 2891 1555 2945 ἑαυτὸν
1582 2886 1765 2963 ὑψοῦν

180 2972 283 3025 καὶ
308 2970 548 3039 δοξάζειν
669 2974 821 3040 Θεὸν,
848 2975 1057 3032 διώκων
1080 2979 1204 3040 τοὺς
1232 2980 1422 3049 ἁγίους
1439 3020 1453 3046 ,
1483 2984 1576 3037 καὶ
1615 2984 1746 3055 βλα-

443 3064 533 3118 τὺν
552 3065 803 3138 Χριστὸν,
838 3067 1017 3132 καθὼς
1049 3068 1192 3138 λέγει
1221 3073 1417 3143 Δανιήλ
1439 3089 1454 3105 ο
1492 3093 1510 3125 ι
1538 3076 1745 3146 Προσε-

176 3149 337 3203 νόουν
365 3151 443 3222 τῷ
470 3153 691 3224 κέρατι,
720 3157 814 3209 καὶ
842 3157 951 3211 ίδοὺ
990 3158 1254 3231 ὀφθαλμοὶ
1283 3161 1415 3216 ὡσεὶ
1459 3164 1744 3235 ἀνθρώπου

175 3238 342 3310 ἐνιτῷ
364 3240 577 3321 κέρατι,
611 3244 706 3296 καὶ
733 3244 907 3315 στόμα
942 3246 1134 3303 λαλοῦν
1162 3251 1399 3320 μεγάλα,
1431 3254 1525 3305 καὶ
1566 3254 1743 3323 ἤνοιξε

169 3330 241 3382 τὸ
271 3330 447 3400 στόμα
470 3331 637 3385 αὐτοῦ
663 3334 743 3397 εἰς
770 3334 1114 3406 βλασφημίαν
1144 3338 1277 3410 πρὸς
1312 3341 1403 3393 τὸν
1434 3341 1565 3395 Θεόν
1583 3359 1596 3373 ’
1652 3347 1744 3399 καὶ

126 3486 131 3490 ⁸
172 3418 240 3472 τὺ
266 3419 439 3491 κέρας
466 3421 641 3475 ἐκεῖνο
671 3421 841 3504 ἐποίει
869 3424 1101 3495 πόλεμον
1130 3426 1268 3496 μετὰ
1289 3426 1397 3481 τῶν
1428 3430 1619 3498 ἁγίων,
1649 3434 1745 3487 καὶ

168 3512 369 3582 [quae
397 3512 533 3584 πρὸς
551 3514 766 3579 αὐτοὺς,
792 3514 897 3580 ἕως
923 3516 989 3570 ἂν
1018 3517 1257 3589 ἀνῃρέθη
1284 3519 1345 3573 τὸ
1373 3520 1561 3593 θηρίον
1584 3565 1599 3591 ,
1650 3526 1745 3579 ml

171 3602 464 3667 ἀπώλετο,
490 3603 585 3661 καὶ
610 3604 671 3658 τὸ
701 3605 860 3677 σῶμα
887 3606 1050 3661 αὐτοῦ
1094 3600 1248 3679 ἐδόθη
1301 3613 1380 3675 είς
1413 3612 1609 3669 καῦσιν
1641 3633 1742 3669 πυ-

78 3692 357 3763 ,ράςη
1354 3732 1517 3753 ί,

256 3781 405 3836 Ἀλλ’
434 3781 555 3835 ἐπεὶ
580 3783 661 3836 δεῖ
685 3782 1172 3859 λεπτομερέστερον
1207 3790 1333 3861 περὶ
1360 3791 1523 3846 αὑτοῦ
1554 3794 1742 3867 διηγή-

169 3873 399 3937 σασθαι,
426 3872 620 3937 πῶςτε
641 3872 701 3927 τὸ
730 3872 1138 3947 ἆγιοψΠνεῦμα
1168 3878 1233 3930 δι’
1270 3880 1501 3953 ἀριθμοῦ
1543 3886 1637 3939 καὶ
1679 3886 1742 3939 τὸ

166 3963 350 4033 δνομα
368 3962 534 4017 αὐτοῦ
564 3963 837 4037 μυστικῶς
862 3964 1116 4036 ἐδήλωσε,
1148 3968 1480 4043 σαφέστερον
1521 3969 1588 4027 τὰ
1616 3976 1743 4046 περὶ

166 4054 345 4108 αὐτοῦ
363 4055 747 4126 διηγησόμεθα.
771 4056 932 4126 Δὲγει
962 4056 1068 4129 γὰρ
1092 4059 1340 4132 Ἰωάννης
1363 4062 1530 4128 οὕτως
1548 4081 1562 4095 ο
1588 4084 1607 4116 ι
1633 4066 1742 4118 Καὶ

164 4140 314 4198 εἶδον
344 4144 473 4199 ἄλλο
502 4144 686 4217 θηρίον
714 4146 996 4202 ἀναϐαῖνον
1024 4150 1089 4202 ἐκ
1112 4150 1209 4221 τῆς
1236 4152 1359 4222 γῆς,
1386 4155 1480 4207 καὶ
1512 4151 1623 4227 εἷχε
1650 4155 1741 4209 κέ-

166 4252 317 4305 ρατα
348 4234 442 4287 δύο
466 4274 481 4299 ,
532 4237 691 4308 ὅμοια
716 4239 905 4312 ἀρνίῳ,
938 4241 1032 4295 καὶ
1052 4240 1228 4295 ἐλάλει
1257 4243 1333 4307 ὡς
1356 4244 1587 4315 δράκων.
1630 4247 1739 4300 Kal

163 4325 268 4396 τὴν
289 4323 543 4391 ἐξουσίαν
566 4326 660 4379 τοῦ
675 4322 891 4400 πρώτου
912 4330 1098 4401 θηρίου
1125 4332 1301 4385 πᾶσαν
1317 4332 1489 4389 ἐποίει
1512 4334 1737 4388 ἐνώπιον

162 4412 362 4477 αὐτοῦ,
393 4413 487 4466 καὶ
513 4414 685 4468 ἐποίει
716 4418 817 4488 τὴν
847 4408 951 4490 γῆν
966 4407 1086 4474 ’καὶ
1126 4421 1250 4484 τοὺς
1288 4425 1345 4475 ὲν
1384 4425 1520 4495 αὐτῇ
1557 4441 1737 4477 κατοι-

1848 1989 1997 2057 pluat
2026 1990 2215 2045 diebus
2244 1992 2539 2060 prophetia:
2572 1992 2849 2059 ipsorum:
2886 2000 2939 2046 et
2968 2001 3281 2061 potestatem
3315 1994 3411 2047 ba-
3469 2007 3472 2010 ‘

1848 2078 1977 2133 bent
2002 2096 2164 2149 super
2191 2096 2381 2149 aquas,
2410 2082 2650 2136 vertendi
2686 2067 2777 2136 eas
2809 2082 2864 2136 in
2896 2084 3232 2150 sanguinem,
3268 2092 3322 2138 et
3351 2092 3411 2137 ut

1848 2174 2045 2220 terram
2088 2168 2390 2237 percutiant
2431 2171 2576 2239 omni
2616 2171 2805 2242 plaga,
2848 2172 3273 2242 quotiescunque
3317 2188 3413 2226 voc

1848 2258 2047 2313 lucrint
2083 2260 2153 2314 ⁸⁸.
2204 2278 2224 2312 ι
2282 2260 2382 2315 Ubi
2411 2270 2589 2315 autem
2628 2277 2845 2317 cursum
2892 2279 3049 2318 suum
3086 2262 3413 2333 pcrfecerint

1848 2362 2116 2419 suumque
2167 2351 2575 2419 testimonium,
2635 2353 2891 2425 quidnam
2938 2353 3067 2408 dicit
3109 2341 3413 2423 propheta?

1855 2462 1873 2494 c
1911 2442 2090 2499 Bestia
2126 2460 2247 2515 qua
2288 2446 2531 2501 ascendit
2572 2447 2638 2501 de
2667 2442 2883 2518 abyséo,
2943 2443 3104 2502 faciet
3156 2448 3413 2502 adversus

1847 2538 1941 2592 e03
1982 2538 2205 2603 bellum,
2240 2546 2294 2602 et
2326 2538 2505 2592 vincet
2549 2538 2705 2601 illos,
2756 2547 2809 2592 et
2849 2539 3059 2593 occidet
3111 2528 3232 2592 illos
3279 2539 3407 2602 °°;'»

1846 2628 1989 2699 quOd
2021 2630 2277 2683 nimirum
2326 2630 2614 2684 noluerunt
2640 2631 2767 2684 dare
2800 2631 3024 2700 gloriam
3056 2630 3409 2705 Antichristo.

1848 2720 1960 2776 Hoc
2002 2720 2143 2777 enim
2207 2733 2292 2775 est
2348 2736 2514 2775 cornu
2568 2722 2696 2775 illud
2754 2712 2981 2793 parvum
3044 2736 3409 2777 succrescens.

1846 2806 1897 2862 ls
1945 2822 2179 2876 namque
2202 2806 2314 2877 jam
2345 2808 2517 2861 elatus
2564 2807 2753 2871 corde,
2784 2805 3023 2875 seipsum
3053 2807 3291 2862 exaltare
3324 2808 3411 2861 in-

1846 2899 2013 2968 cipiet,
2032 2908 2086 2952 et
2112 2906 2168 2952 ut
2195 2897 2361 2950 Deum
2388 2896 2708 2966 glorificare,
2743 2910 3072 2966 persequens
3099 2906 3316 2955 sanctos
3349 2909 3419 2955 ac

1845 2978 2123 3043 Christum
2152 2985 2564 3055 blasphemans,
2594 2986 3049 3054 quemadmodum
3081 2987 3155 3040 ait
3186 2986 3407 3045 Daniel:

1852 3094 1871 3127 ι
1904 3075 1970 3130 Ει
2011 3074 2419 3131 considerabam
2466 3090 2672 3140 cornu;
2710 3083 2765 3129 et
2804 3089 2929 3129 ecce
2966 3064 3110 3131 Oculi
3152 3084 3410 3149 tanquam

1846 3170 2082 3224 hominis
2111 3169 2163 3222 in
2198 3183 2390 3233 cornu,
2418 3177 2471 3222 et
2497 3183 2560 3222 os
2585 3168 2811 3239 loquens
2835 3169 3075 3238 grandia.
3112 3169 3174 3224 Et
3202 3172 3413 3239 aperuit

1845 3272 1908 3311 os
1939 3264 2097 3311 s’uum
2128 3256 2185 3309 in
2218 3252 2612 3329 blasphemiam
2643 3251 2899 3311 adversus
2929 3255 3122 3310 Deum.
3154 3254 3221 3310 Et
3242 3271 3411 3333 cornu

1843 3345 1974 3399 illud
2004 3344 2234 3401 faciebat
2262 3346 2457 3400 bellum
2488 3346 2750 3400 adversus
2777 3353 2990 3400 sanctos
3010 3385 3023 3409 ,
3054 3354 3107 3398 et
3132 3346 3411 3413 praevaluit

1843 3440 2102 3495 adversus
2143 3454 2272 3505 eos;
2305 3440 2659 3508 quoadusque
2687 3436 2965 3491 interfecta
2996 3443 3079 3490 est
3122 3434 3325 3502 bestia,
3350 3444 3409 3491 et

1800 3570 1803 3573 η
1842 3529 2021 3598 periit,
2052 3538 2107 3583 et
2144 3543 2341 3598 corpus
2363 3528 2480 3599 ejus
2504 3527 2759 3583 traditum
2780 3534 2863 3580 est
2889 3525 2945 3580 in
2977 3524 3406 3582 combustienem

1842 3610 1984 3691 ignis
2011 3621 2074 3675 “.
2112 3641 2132 3673 ι

1887 3758 2144 3868 πινιίι.
2188 3788 2289 3845 Sed
2316 3789 2442 3859 quia
2481 3804 2703 3846 necesse
2738 3799 2823 3848 est
2855 3791 3107 3851 subtilius
3133 3762 3284 3849 δέω
3307 3793 3411 3848 dis-

1838 3888 2062 3950 putare,
2144 3890 2197 3934 et
2229 3880 2498 3949 quomodo
2541 3879 2776 3950 Spiritus
2814 3891 3032 3939 sanctus
3076 3897 3143 3937 ex
3181 3898 3406 3939 numeno

1840 3973 2001 4025 etiam
2041 3970 2158 4039 ejus
2208 3984 2405 4023 nomen
2455 3970 2877 4037 significaverit,
2939 3988 3061 4041 qua:
3107 3972 3173 4027 ad
3213 3959 3401 4041 ipsum

1839 4064 2099 4122 attinent,
2149 4059 2349 4115 clarius
2390 4062 2771 4117 edisseremUS.
2823 4062 2914 4116 Sic
2938 4064 3081 4116 enim
3117 4062 3193 4124 ait
3234 4060 3398 4115 Joan-

1839 4167 1971 4206 nes:
2011 4169 2031 4202 ‹
2067 4149 2135 4204 Et
2151 4150 2259 4205 vidi
2284 4152 2443 4206 aliam
2480 4151 2705 4206 bestiam
2734 4151 3106 4205 ascendentem
3143 4150 3208 4205 de
3236 4159 3398 4214 terra,

1838 4252 1890 4296 et
1934 4240 2164 4296 habebat
2203 4257 2405 4296 cornua
2452 4243 2560 4296 duo
2615 4241 2809 4295 similia
2850 4240 3006 4308 agni,
3048 4250 3103 4293 et
3147 4240 3400 4309 loqueba-

1838 4340 1927 4384 tur
1946 4331 2084 4385 sicut
2112 4332 2294 4386 draco.
2322 4330 2387 4385 Et
2414 4338 2725 4399 potestatem
2750 4328 2946 4399 prioris
2976 4330 3159 4384 bestia:
3183 4345 3397 4385 onmem

1838 4422 2067 4477 faciebat
2112 4425 2166 4477 in
2210 4432 2497 4491 conspectu
2541 4421 2698 4489 ejus:
2749 4430 2803 4475 et
2840 4419 3071 4475 faciebat
3110 4432 3305 4476 terram
3343 4430 3401 4476 et

162 4500 428 4567 κοῦντας,
460 4503 550 4557 ἴνα
575 4509 991 4580 προσκυνήσωσι
1017 4511 1078 4565 τὸ
1106 4510 1291 4585 θηρίον
1316 4513 1375 4567 τὸ
1403 4514 1632 4585 πρῶτον,
1671 4506 1732 4566 οὗ

1840 4514 2140 4568 habitantes
2184 4513 2238 4567 in
2286 4527 2348 4565 ea
2386 4511 2611 4564 adorare
2648 4512 2879 4579 primam
2931 4512 3195 4580 bestiam,
3242 4513 3398 4583 cujus

161 4590 514 4663 ἐθεραπεύθη
547 4594 787 4667 ήπληγὴ
808 4596 901 4651 τοῦ
948 4598 1174 4653 θανάτου
1214 4600 1399 4655 αὐτοῦὶ
1434 4603 1544 4657 Kal
1567 4602 1737 4655 ἐποίει

163 4688 374 4757 σημεῖα
400 4686 645 4756 μεγάλα,
669 4688 756 4745 ἵνα
920 4689 1030 4763 πῦρ
1053 4694 1178 4763 ποιῇ
1203 4694 1503 4763 καταϐῆναι
1540 4694 1605 4746 ἐκ
1641 4693 1735 4746 τοῦ

158 4774 403 4847 οὐρανοῦ
432 4778 515 4840 είς
663 4778 768 4849 γῆν
793 4780 1123 4836 κατενώπιον
1150 4784 1257 4837 τῶν
1279 4783 1598 4855 ἀνθρώπων.
1629 4787 1741 4840 Kal

160 4867 347 4937 πλανᾷ
373 4868 503 4932 τοὺς
534 4870 917 4936 κατοικοῦντας
940 4875 1033 4928 ἐπὶ
1063 4876 1160 4944 τῆς
1184 4876 1286 4943 γῆς
1300 4875 1387 4927 διά
1412 4876 1480 4929 τά
1513 4881 1733 4948 σημεῖα,

156 4957 195 5017 ἃ
227 4957 389 5029 ἐδόθη
425 4961 572 5033 αὐτῷ
588 4963 808 5033 ποιῆσαι
829 4960 1058 5016 ἐνώπιον
1087 4964 1179 5016 τοῦ
1206 4964 1415 5036 θηρίου,
1448 4966 1606 5036 λέγον
1624 4974 1736 5035 τοῖς

156 5049 485 5104 κατοικοῦσι
505 5052 603 5124 τήν
630 5053 753 5123 γῆν,
783 5053 1005 5124 ποιῆσαι
1032 5039 1215 5108 είκόνα
1243 5054 1319 5125 τῷ
1348 5055 1539 5128 θηρίῳ,
1568 5059 1597 5113 ὃ
1624 5059 1735 5130 ἔχει

156 5140 260 5210 τὴν
288 5139 509 5212 πληγὴν
537 5143 637 5214 τῆς
653 5141 923 5214 μαχαίρας
952 5143 1047 5196 καὶ
1071 5143 1249 5215 ἔζησε.
1278 5148 1387 5201 Kal
1409 5149 1561 5221 ἐδόθη
1588 5151 1735 5220 αὐτῷ

157 5226 390 5298 πνεῦμα
422 5227 606 5285 δοῦναι
630 5231 878 5307 τῇείκόνι
906 5231 998 5285 τοῦ
1028 5230 1215 5305 θηρίου
1242 5233 1365 5307 [ίνα
1398 5239 1493 5291 καὶ
1528 5239 1734 5311 λαλήσῃ

157 5324 190 5391 η
215 5316 391 5373 εἰκὼν
427 5318 524 5373 τοῦ
564 5321 749 5394 θηρίου
764 5320 807 5395 Ι,
854 5322 948 5381 καὶ
983 5324 1181 5396 ποιήσῃ
1211 5364 1225 5388 ,
1267 5326 1354 5380 ἵνα
1394 5329 1507 5381 ὅσοι
1525 5329 1621 5382 ἐὰν
1650 5328 1724 5399 μὴ

159 5410 586 5482 προσκυνήσωσι
627 5417 693 5485 τῇ
742 5411 908 5468 εικόνι
950 5412 1048 5467 τοῦ
1068 5414 1287 5484 θηρίου,
1325 5417 1722 5471 άποκτανθῶσι.

157 5505 272 5556 Kal
304 5504 454 5556 ποιεῖ
483 5501 707 5570 πάντας,
732 5507 859 5570 τοὺς
887 5506 1108 5578 μικροὺς
1147 5503 1241 5558 καὶ
1278 5508 1402 5570 τοὺς
1439 5508 1724 5578 μεγάλους,

157 5592 260 5644 zal
282 5589 413 5653 τοὺς
443 5587 729 5656 πλουσίους
755 5594 847 5647 καὶ
865 5595 991 5657 τοὺς
1018 5595 1281 5664 πτωχοὺς,
1307 5596 1399 5647 καὶ
1426 5597 1549 5659 τοὺς
1578 5597 1727 5683 ἐλευκ-

1832 4613 2019 4660 Cnrata
2056 4613 2139 4659 est
2166 4604 2319 4673 plaga
2356 4600 2545 4654 mortis
2580 4601 2718 4669 ejus.
2752 4601 2818 4657 Et
2846 4603 3075 4659 faciebat
3102 4605 3252 4675 signa
3284 4618 3397 4657 ma-

1833 4713 1957 4768 gna,
2000 4705 2058 4751 ut
2086 4696 2247 4749 etiam
2280 4694 2456 4763 ignem
2494 4693 2695 4748 faceret
2721 4695 2787 4751 de
2813 4697 2953 4750 caelo
2983 4696 3311 4749 descendere
3339 4694 3392 4747 in

1829 4798 2028 4842 terram
2061 4785 2113 4837 in
2147 4792 2441 4852 conspectu
2471 4782 2775 4837 hominum.
2818 4783 2883 4837 Et
2910 4784 3114 4857 seducit
3146 4782 3395 4835 habitan-

1832 4886 1910 4931 tes
1942 4878 1995 4927 in
2026 4886 2189 4937 terra,
2225 4882 2442 4943 pr0pter
2475 4874 2633 4942 signa
2654 4888 2770 4941 quae
2808 4870 2931 4923 data
2959 4878 3085 4923 sunt
3113 4868 3189 4920 illi
3216 4867 3392 4923 facere

1832 4965 1886 5018 in
1917 4970 2207 5030 conspectu
2250 4963 2460 5027 bestiae,
2504 4963 2688 5016 dicens
2728 4957 3095 5023 habitantibus
3131 4956 3184 5009 in
3225 4964 3389 5024 terra,

1832 5063 1891 5108 ut
1917 5053 2118 5107 faciant
2148 5055 2437 5124 imaginem
2470 5052 2654 5107 bestiae
2688 5062 2809 5117 quae
2850 5045 3010 5099 habet
3036 5045 3247 5113 plagam
3276 5046 3391 5116 gla-

1829 5144 1925 5209 dii,
1954 5153 2008 5198 et
2036 5146 2188 5199 vixit.
2223 5144 2287 5197 Et
2308 5145 2491 5197 datum
2520 5148 2602 5195 est
2627 5138 2702 5191 illi
2734 5146 2792 5191 ut
2811 5136 2963 5191 daret
2980 5136 3227 5205 spiritum
3260 5138 3392 5192 ima-

1829 5235 1938 5302 gini
1968 5234 2186 5301 bestiae,
2223 5244 2284 5289 ut
2320 5244 2372 5289 et
2402 5234 2651 5300 loquatur
2680 5230 2856 5296 imago
2881 5227 3087 5293 bestiae,
3122 5234 3175 5281 et
3207 5227 3389 5294 faciat,

1830 5332 1891 5377 ut
1935 5327 2247 5395 quicunque
2285 5340 2390 5379 non
2438 5318 2779 5375 adoraverint
2824 5316 3111 5387 imaginem
3165 5318 3385 5381 bestia,

1831 5416 2167 5485 occidantur.
2212 5415 2276 5468 Et
2315 5413 2472 5467 faciet
2512 5426 2733 5476 omnes,
2768 5408 2991 5478 pusillos
3031 5417 3085 5463 et
3125 5402 3382 5477 magnos,

1832 5508 2025 5562 divites
2060 5518 2115 5562 et
2160 5518 2453 5575 pauperes,
2496 5503 2693 5575 liberos
2731 5508 2783 5554 et
2822 5516 3039 5566 servos,
3078 5508 3138 5553 ut
3178 5502 3265 5554 det
3301 5498 3384 5553 eis

1836 5602 2205 5656 characterem
2248 5598 2364 5666 ejus
2404 5598 2457 5649 in
2499 5612 2659 5650 manu
2693 5610 2878 5650 eorum
2912 5580 3161 5657 dexteH,
3198 5600 3289 5645 aut
3326 5590 3381 5644 in

234 5792 283 5825 κ
306 5790 444 5847 Luc.
478 5784 522 5860 ι,“
554 5791 639 5847 t7.
714 5793 758 5873 ιτ
784 5795 953 5867 Apoc.
982 5814 1058 5862 ιι,
1082 5798 1132 5851 5.
1208 5798 1252 5829 δε
1282 5796 1409 5852 Dan.
1444 5814 1523 5867 -ι,
1553 5801 1641 5855 ετ
1718 5804 1737 5833 ι

1840 5818 1947 5873 por.
1987 5819 2037 5857 ιι
2091 5783 2205 5860 iis
2282 5804 2569 5860 ‘°lbid.7.
2650 5793 3141 5863 “Dau.vu,8,9a
