4098 6362
2261 346 2265 387 l

1327 448 1384 504 S.
1430 402 1787 503 HIPPDLYTI
1824 446 1976 504 OPP.
2015 445 2197 502 PARS
2234 447 2297 502 ll.
2338 478 2405 489 —
2428 443 2742 501 ‘DOGMAT'.
2785 441 2871 497 ET
2911 438 3249 496 HISTORIC.

697 448 798 503 767

3806 430 3912 487 768

695 565 871 619 fronte
899 578 1087 619 eorum
1114 582 1128 619 :
1154 572 1215 618 ut
1239 578 1306 617 ne
1331 563 1452 633 quis
1478 564 1650 632 possit
1675 577 1854 617 emere
1885 572 1978 616 aut
2007 561 2256 626 vendere,

2362 559 2549 633 θέρους
2577 558 2669 611 καὶ
2698 557 2822 619 τοὺς
2842 554 3079 616 δούλους,
3110 552 3195 605 ἵνα
3414 550 3596 613 αὐτοῖς
3647 546 3912 619 χάραγμα

695 655 798 709 nisi
828 655 923 725 qui
963 654 1125 707 habet.
1155 654 1541 717 characterem,
1584 668 1776 706 nomen
1815 653 2018 706 scilicet
2051 652 2253 717 bestiae,

694 745 810 813 sive
840 760 1125 803 numerum
1152 743 1383 814 nominis
1415 742 1551 811 ejus.
1594 742 1691 796 Hic
1727 744 1987 812 sapientia
2020 751 2121 796 est.
2153 741 2256 807 Qui

698 836 859 890 habet
887 836 1212 901 intellectum
1234 874 1247 897 ,
1294 846 1560 903 computet
1592 851 1875 891 numerum
1906 835 2105 889 bestiae;
2147 832 2259 887 Nu-

700 942 881 983 merus
918 930 1060 982 enim
1093 927 1326 981 hominis
1356 936 1467 993 est,
1502 938 1555 981 et
1585 943 1844 981 numerus
1868 926 1984 997 ejus
2017 926 2259 983 sexcenti

700 1018 975 1088 sexaginta
1004 1033 1097 1102 s'ex
1131 1018 1195 1070 ".
1234 1016 1275 1068 »⁷

770 1286 958 1352 XLIX.
1014 1288 1245 1344 Bestiam
1297 1289 1459 1357 igitur
1513 1290 1888 1344 ascendentem
1950 1289 2017 1344 de
2073 1298 2256 1353 terra,

700 1375 942 1430 futurum
970 1387 1124 1431 vocat
1144 1376 1461 1431 Antichristi
1490 1392 1735 1447 regnum.
1778 1376 1895 1431 Duo
1925 1386 2103 1432 autem
2132 1392 2258 1432 cor-

702 1484 841 1533 nua,
880 1469 1088 1537 ipsum,
1128 1483 1191 1522 ac
1220 1470 1311 1538 qui
1342 1470 1416 1522 illi
1458 1484 1673 1532 comes,
1713 1470 2256 1539 pseudoprophetam.

701 1558 855 1621 Quod
895 1567 1073 1612 autem
1117 1558 1237 1626 ejus
1282 1576 1300 1609 ι
1342 1574 1577 1623 cornua,
1628 1561 1751 1629 agni
1792 1561 1987 1614 similia
2024 1579 2044 1611 ι
2093 1560 2257 1625 dicit;

701 1649 804 1715 hoc
831 1648 1116 1718 signiﬁcat,
1156 1648 1270 1703 fore
1300 1658 1357 1704 ut
1389 1652 1475 1704 ille
1502 1652 1730 1706 similem
1756 1665 1816 1704 se
1843 1650 1935 1705 Dei
1964 1650 2100 1703 Filio
2126 1665 2260 1718 prte-

701 1728 881 1804 ferat,
917 1754 1082 1809 seque
1123 1754 1302 1808 regem
1341 1740 1610 1793 exhibeat.
1639 1738 1790 1803 Quod
1835 1758 1855 1790 ι
1907 1740 2053 1801 sicut
2094 1741 2259 1793 draco

702 1828 959 1896 loquitur,
998 1849 1017 1881 ι
1054 1830 1154 1883 hoc
1175 1840 1278 1895 est,
1305 1832 1445 1898 quod
1479 1831 1731 1883 seductor
1757 1841 1839 1905 est
1869 1840 2046 1884 etnon
2073 1848 2254 1888 verax.

701 1893 859 1981 Quod
895 1927 1072 1972 autem
1109 1936 1127 1967 ‹
1171 1893 1485 1986 potestatem
1528 1920 1725 1987 prioris
1765 1903 1948 1974 bestia:
1993 1919 2263 1989 faciebat,
2295 1893 2334 1945 Β

701 2004 937 2075 facitque
986 2016 1043 2060 ut
1086 2015 1223 2059 terra
1252 2016 1307 2060 et
1359 2007 1451 2075 qui
1494 2008 1545 2061 in
1608 2023 1668 2061 ea
1719 2008 2001 2076 habitant,
2045 2012 2265 2065 adorent

702 2097 930 2165 primam
969 2099 1226 2160 bestiam,
1266 2099 1421 2167 cujus
1460 2099 1612 2168 plaga
1651 2101 1837 2153 mortis
1864 2110 2048 2155 curata
2086 2112 2206 2165 est;
2241 2123 2261 2155 ι

704 2187 805 2241 hoc
851 2188 1150 2255 significat,
1184 2204 1252 2243 ex
1286 2189 1513 2259 Augusti
1560 2192 1735 2259 legum
1786 2193 2086 2247 rationibus
2108 2214 2141 2258 ,·
2170 2210 2268 2264 per

701 2293 860 2347 quem
908 2279 1210 2340 Romanum
1257 2281 1534 2333 conditum
1587 2283 1870 2349 imperium
1918 2293 2036 2348 est,
2088 2285 2264 2354 ipsum

701 2383 920 2437 quoque
970 2369 1357 2437 imperaturum
1412 2385 1533 2424 esse
1590 2371 1842 2441 legesque
1890 2376 2264 2442 sanciturum;

599 2456 605 2461 ’
682 2475 809 2528 _qua
873 2460 1091 2514 solertia
1145 2460 1425 2514 conﬁrmet
1483 2463 1704 2530 omnia,
1749 2465 2118 2535 majoremque
2165 2468 2267 2521 sibi

701 2552 999 2605 claritatem
1047 2552 1295 2606 asciscat.
1342 2551 1464 2605 Haec
1512 2553 1655 2607 enim
1697 2565 1888 2621 quarta
1934 2555 2100 2611 bestia
2148 2568 2266 2619 est,

704 2645 863 2712 Cujus
896 2644 1056 2712 capiti
1086 2644 1292 2696 illatum
1325 2643 1543 2709 vulnus,
1578 2656 1629 2699 et
1663 2661 1850 2700 rursus
1884 2656 2129 2699 curatum
2151 2656 2264 2713 est;

701 2736 847 2803 quod
884 2736 1089 2790 scilicet
1124 2752 1291 2805 prope
1316 2737 1615 2791 conciderit
1656 2738 1941 2806 imperium
1984 2739 2115 2802 hoc,
2157 2740 2267 2794 sive

702 2827 866 2879 etiam
892 2826 943 2879 in
972 2835 1336 2896 contemptum
1364 2828 1577 2893 abierit,
1603 2838 1653 2881 et
1678 2829 1730 2881 in
1760 2829 1942 2882 decem
1965 2830 2266 2885 diademata

2357 652 2449 704 ἐπὶ
2475 650 2573 720 τῆς
2593 648 2769 719 χειρὸς
2805 647 2979 701 αὐτῶν
3018 646 3117 716 τῆς
3146 642 3342 706 δεξιᾶς,
3371 642 3403 712 ή
3434 643 3526 695 ἐπὶ
3560 641 3622 693 τὸ
3661 640 3911 710 μέτωπον

2353 738 2532 793 αὐτῶν
2552 756 2563 767 ·
2593 722 2679 790 ἵνα
2706 738 2778 807 μή
2812 754 2894 798 τις
2914 734 3147 805 ’δύνηται
3172 731 3433 801 ἀγοράσαι
3460 730 3491 800 ἢ
3527 729 3811 799 πωλῆσαι,
3855 728 3908 781 εί

2358 826 2434 897 μὴ
2461 828 2489 878 ὁ
2520 825 2655 895 ἔχων
2679 825 2739 877 τὸ
2767 824 3043 894 χάραγμα,
3078 821 3137 875 τὸ
3160 821 3327 890 ὄνομα
3358 818 3449 871 τοῦ
3484 817 3673 889 θηρίου
3705 819 3843 888 (97),
3868 817 3905 887 ἢ

2354 900 2444 969 τὸν
2470 916 2697 987 ἀριθμὸν
2725 915 2817 967 τοῦ
2847 900 3104 984 ὀνόματος
3129 912 3314 966 αὐτοῦ.
3344 906 3471 963 Ὧδε
3491 912 3526 981 ή
3549 906 3708 979 σοφία
3737 908 3903 961 ἐστίν.

2368 1007 2425 1061 '0
2452 991 2588 1077 ἔχων
2630 1005 2752 1059 νοῦν
2775 1045 2792 1070 ,
2832 1005 3120 1076 ψηφισάτω
3145 1003 3237 1056 τὸν
3278 1002 3505 1073 ἀριθμὸν
3543 1001 3637 1054 τοῦ
3680 999 3902 1071 θηρίου*

2356 1099 2583 1169 ἀριθμὸς
2635 1098 2745 1171 γάρ
2797 1096 3078 1168 ἀνθρώπου
3122 1094 3259 1160 ἐστὶ,
3305 1094 3399 1146 καὶ
3434 1094 3462 1145 ὁ
3490 1091 3719 1163 ἀριθμὸς
3744 1090 3907 1145 αὑτοῦ

2355 1192 2503 1243 ἐστιν
2534 1189 2678 1261 χξςθ.
2818 1173 2831 1179 δ
2962 1221 2966 1225 ι

2426 1282 2499 1335 Τὸ
2526 1282 2622 1353 μὲν
2650 1268 2743 1335 οὖν
2770 1268 3352 1351 θηρίονηάναδαῖνονὲκ
3382 1276 3481 1345 τῆς
3518 1274 3644 1345 γῆς,
3674 1273 3777 1345 τὴν
3811 1271 3906 1343 βα-

2359 1373 2561 1427 σιλείαν
2581 1373 2680 1444 τὴν
2720 1368 2814 1422 τοῦ
2855 1367 3219 1443 Ἀντιχρίστου
3245 1365 3505 1435 ἐσομένην
3527 1364 3671 1432 λέγει
3689 1379 3705 1394 ·
3752 1363 3822 1415 τά
3853 1362 3908 1415 δὲ

2356 1466 2448 1517 δύο
2475 1466 2704 1535 κέρατα,
2729 1462 2933 1517 καὶτὸν
2968 1460 3082 1531 μετ’
3110 1460 3270 1513 αὐτὸν
3299 1458 3408 1526 (98)
3436 1457 3904 1527 ψευδοπροφήτην·

2356 1557 2420 1609 τὸ
2445 1556 2500 1608 δὲ
2530 1557 2728 1608 εἰπεῖν’
2762 1572 2780 1605 ι
2802 1552 2883 1611 τά
2911 1553 3110 1623 κέρατα
3137 1550 3302 1604 αὐτοῦ
3328 1552 3490 1621 ὅμοια
3525 1548 3693 1621 ἀρνίῳ
3714 1564 3728 1577 ·
3765 1566 3785 1598 ι
3831 1546 3909 1599 ὅτι

2358 1645 2726 1716 ἐξομοιοῦσθαι
2756 1644 2933 1715 μέλλει
2952 1643 3030 1713 τῷ
3051 1641 3271 1712 Υίῷτοῦ
3299 1628 3454 1702 Θεοῦ,
3483 1641 3577 1692 καὶ
3591 1638 3753 1699 αὐτὸς
3791 1638 3911 1689 ἐαυ-

2354 1738 2445 1790 τὸν
2471 1736 2688 1806 βασιλέα
2709 1735 3063 1788 ἐπιδεικνύειν
3082 1750 3095 1763 ·
3134 1733 3194 1786 τὸ
3217 1733 3273 1785 δὲ
3294 1750 3312 1781 ι
3342 1731 3520 1784 λαλεῖν
3544 1730 3618 1792 ὡς
3642 1728 3905 1798 δράιαον,»

2360 1830 2442 1881 ὅτι
2489 1828 2685 1890 πλάνος
2721 1826 2839 1879 ἐστὶ
2884 1826 2976 1879 καὶ
3016 1825 3115 1876 οὐκ
3147 1823 3376 1894 ἀληθής·
3418 1821 3479 1874 τὸ
3529 1820 3585 1872 δὲ
3624 1820 3721 1871 καὶ
3765 1836 3784 1869 ι
3817 1819 3911 1889 τὴν

2369 1918 2611 1983 ἐξουσίαν
2644 1914 2737 1968 τοῦ
2771 1914 2983 1986 πρώτου
3008 1913 3192 1985 θηρίου
3209 1911 3316 1983 (99)
3346 1910 3648 1973 ὲποίει,καὶ
3666 1911 3809 1961 ποιεῖ
3821 1900 3912 1977 τήν

2369 2011 2471 2079 γῆν
2499 2009 2590 2059 καὶ
2617 2008 2742 2070 τοὺς
2774 2008 2833 2058 ἐν
2860 2006 2993 2075 αὐτῇ
3022 2002 3399 2066 κατοικοῦντας
3418 2040 3433 2065 ,
3479 2000 3565 2053 ἵνα
3612 2006 3915 2070 προσκυνήο

2370 2117 2501 2153 σωσι
2522 2097 2581 2151 τὸ
2606 2098 2791 2168 θηρίον
2816 2096 2877 2147 τὸ
2899 2094 3142 2165 πρῶτον,
3175 2084 3235 2145 οὗ
3275 2087 3610 2177 ἐθεραπεύθη
3659 2093 3694 2159 ή
3740 2090 3912 2159 πληγή

2365 2190 2457 2243 τοῦ
2481 2188 2707 2242 θανάτου
2755 2185 2949 2240 αὑτοῦ·
2983 2204 3001 2236 ι
3043 2182 3197 2235 τοῦτο
3224 2183 3493 2253 σημαίνει,
3541 2182 3622 2235 ὅτι
3647 2180 3790 2233 κατά
3831 2179 3914 2231 τὸν

2366 2259 2672 2349 Αὐγούστου
2705 2279 2890 2348 νόμον,
2943 2276 3031 2344 ἀφ’
3065 2267 3123 2326 οὗ
3147 2273 3238 2326 καὶ
3273 2275 3305 2340 ή
3352 2272 3591 2343 βασιλεία
3638 2270 3914 2342 Ῥωμαίων

2369 2373 2594 2440 συνέστη
2616 2412 2633 2435 ,
2681 2369 2824 2423 οὓτω
2866 2367 2958 2421 καὶ
3028 2367 3187 2428 αὐτὸς
3230 2364 3469 2417 κελεύσει
3514 2366 3608 2416 καὶ
3662 2359 3915 2426 διατάξει,

2368 2464 2581 2517 ἅπαντα
2629 2460 2905 2531 ὲπικυρῶν
2960 2458 3047 2513 διὰ
3097 2457 3288 2511 τούτου
3309 2496 3325 2520 ,
3370 2456 3463 2509 καὶ
3517 2455 3672 2521 δόξαν
3730 2450 3915 2507 ἑαυτοῦ

2367 2555 2586 2607 πλείονα
2619 2572 2685 2606 πε
2696 2552 2900 2625 ριποιού
2910 2568 3085 2622 μενος.
3115 2549 3283 2602 Τοῦτο
3305 2548 3412 2619 γάρ
3433 2549 3549 2599 ἐστι
3572 2547 3633 2598 τὸ
3660 2546 3727 2615 θη
3736 2542 3917 2616 ρίοντὺ

2366 2647 2647 2717 τέταρτον,
2686 2638 2745 2697 οὗ
2790 2644 2997 2714 ἐπλήγη
3040 2643 3073 2712 ή
3122 2641 3326 2711 κεφαλή
3350 2679 3367 2704 ,
3400 2640 3495 2703 καὶ
3528 2638 3689 2691 πάλιν
3730 2635 3914 2703 ἐθερα-

2366 2736 2540 2808 πεύθη
2561 2754 2573 2767 ο
2601 2735 2687 2789 διὰ
2712 2736 2772 2789 τὸ
2804 2732 3167 2803 καταλυθῆναι
3194 2733 3362 2802 αὐτὴν
3394 2732 3487 2800 (1),
3519 2730 3551 2800 ἢ
3584 2730 3680 2781 καὶ
3726 2728 3915 2796 ἀτιμαρ

2367 2829 2575 2900 σθῆναι,
2603 2829 2696 2881 καὶ
2719 2830 2797 2891 είς
2823 2826 2953 2879 δέκα
2974 2825 3275 2896 διαδήματα
3308 2820 3634 2904 άναλυθῆναι
3654 2836 3667 2848 ·
3702 2818 3764 2881 ὃς
3799 2818 3910 2870 τότε

644 2976 645 2979 η
704 2917 1003 2970 resolutum
1036 2919 1133 2971 sit:
1168 2930 1296 2971 tunc
1319 2934 1445 2971 vero
1469 2919 1835 2973 Antichristus
1861 2922 2069 2989 sagacis
2104 2922 2266 2976 homo

709 3006 904 3075 ingenii
939 3024 1002 3062 ac
1044 3018 1315 3074 versutus,
1363 3010 1529 3062 velut-
1554 3010 1727 3078 ipsum
1760 3020 2046 3065 curaturus
2076 3028 2139 3067 ac
2174 3027 2266 3065 re-

2367 3027 2466 3062 σει.
2494 3009 2662 3061 Τοῦτο
2689 3010 2795 3080 γάρ
2822 3012 2939 3061 ἐστι
2958 3007 3018 3059 τὸ
3042 3006 3326 3077 εἰρημένον
3357 3005 3459 3084 ὑπὸ
3481 3004 3571 3057 τοῦ
3617 3006 3908 3076 προφήτου,

709 3104 1006 3151 novaturus
1041 3099 1131 3150 sit.
1166 3098 1278 3153 lloe
1302 3100 1443 3152 enim
1467 3110 1548 3154 est
1569 3101 1711 3168 quod
1736 3101 1939 3154 dictum
1971 3112 2052 3156 est
2084 3118 2111 3156 a
2140 3117 2267 3172 pro-

2364 3099 2445 3153 ὅτι
2473 3120 2491 3150 ι
2515 3098 2683 3151 Δώσει
2714 3099 2927 3168 πνεῦμα
2944 3100 3011 3168 τῇ
3041 3096 3229 3162 εἰκόνι,
3278 3096 3372 3149 καὶ
3418 3095 3638 3166 λαλήσει
3676 3097 3711 3165 ή
3758 3094 3911 3148 είκὼν

709 3184 900 3251 pheta:
938 3204 957 3235 ‹
1004 3184 1261 3239 Daturum
1291 3189 1494 3241 scilicet
1529 3204 1653 3241 eum
1697 3191 1942 3256 spiritum
1974 3191 2265 3260 (latumque

2365 3194 2457 3248 τοῦ
2489 3193 2694 3264 θηρίου.
2729 3211 2747 3243 ι
2791 3189 3233 3262 Ἐνεργήσειγάρ
3260 3188 3351 3242 ml.
3389 3190 3591 3259 ἰσχύσει
3633 3188 3795 3242 πάλιν
3834 3187 3911 3241 διά

708 3273 947 3342 imagini,
981 3290 1042 3329 ac
1073 3276 1375 3329 locuturam
1409 3290 1529 3330 esse
1563 3277 1747 3330 bestia:
1772 3278 2079 3347 imaginem.
2124 3302 2141 3333 ι
2171 3280 2262 3334 Vi-

2362 3289 2451 3341 τδν
2482 3288 2571 3340 ὑπ’
2606 3283 2770 3338 αὑτοῦ
2792 3283 3103 3354 ὁριζόμενον
3130 3283 3290 3352 νόμον
3311 3299 3324 3314 ·
3345 3283 3438 3335 καὶ
3464 3282 3677 3361 ποιήσει
3704 3282 3789 3334 ἵνα
3808 3282 3911 3334 ὅσοι

708 3367 852 3434 gebit
894 3368 1035 3421 enim
1070 3376 1122 3420 ct
1162 3368 1452 3435 invalescet
1484 3383 1693 3434 rursus,
1735 3370 1804 3423 ob
1835 3372 2068 3426 sancitas
2098 3375 2165 3426 ab
2197 3388 2263 3426 eo

2364 3378 2456 3434 ἐὰν
2488 3376 2559 3447 μή
2586 3378 3002 3447 προσκυνήσωσι
3019 3377 3084 3445 τῇ
3112 3374 3277 3427 είκόνι
3296 3372 3386 3426 τοῦ
3414 3372 3623 3443 θηρίου,
3646 3375 3911 3426 ἀποκταν-

708 3458 888 3528 leges:
940 3457 1204 3526 facietque
1258 3468 1315 3512 ut
1372 3475 1563 3514 omnes
1614 3461 1706 3529 qui
1762 3476 1866 3514 non
1925 3464 2264 3520 adoraverint

2365 3466 2547 3518 θῶσιν.
2585 3460 2712 3518 Ὧδε
2742 3466 2776 3536 ή
2800 3463 2979 3527 πίστις
3000 3463 3092 3515 καὶ
3116 3464 3150 3532 ή
3179 3461 3421 3533 ὑπομονὴ
3454 3460 3562 3515 τῶν
3601 3461 3772 3529 ἁγίων
3820 3475 3913 3527 φάο

2365 2918 2666 2989 πανοῦργος
2693 2918 2787 2984 ὢν,
2810 2917 2994 2988 ὥσπερ
3019 2914 3341 2986 θεραπεύσει
3369 2914 3535 2983 αὐτὴν
3558 2912 3650 2965 καὶ
3680 2910 3910 2966 ἀνανεώ-

710 3546 996 3615 imaginem
1027 3548 1231 3610 bestia.
1259 3549 1592 3603 occidantur.
1630 3549 1728 3603 Hic
1757 3550 1888 3604 ﬁdes
1919 3567 1983 3604 ac
2008 3554 2264 3621 patientia

711 3643 1021 3689 sanctorum
1063 3638 1335 3692 clarescet.
1379 3639 1466 3692 Ait
1493 3641 1670 3693 enim:
1708 3659 1726 3690 ι
1765 3639 1830 3694 Ει
1868 3640 2027 3697 faciet
2056 3651 2115 3697 ut
2150 3659 2269 3698 om-

714 3742 832 3792 nes,
863 3727 1038 3796 pusilli
1068 3736 1119 3781 et
1157 3730 1356 3798 magni,
1392 3731 1580 3785 divites
1613 3740 1667 3786 et
1708 3735 2178 3803 pauperes,.liberi
2213 3745 2269 3791 et

713 3820 852 3871 servi
872 3858 887 3882 ,
921 3819 1104 3873 bestiae
1130 3819 1493 3873 characterem
1528 3822 1579 3873 in
1614 3837 1775 3877 manu
1806 3840 1902 3878 sua
1930 3825 2149 3879 dextera
2176 3834 2271 3881 aut

713 3910 767 3963 ln
800 3909 973 3971 fronte
1004 3913 1301 3980 accipiant;
1347 3921 1405 3965 ut
1432 3929 1589 3967 nemo
1616 3920 1783 3984 possit
1815 3932 1994 3972 emere
2022 3929 2115 3972 aut
2140 3934 2271 3973 venr-

714 3998 863 4065 dere,
890 4002 989 4054 nisi
1026 4005 1115 4070 qui
1156 4003 1339 4056 bestiae
1365 4004 1699 4071 signaculum
1743 4008 1966 4071 habeat;
2005 4008 2123 4077 ejus
2164 4008 2273 4062 sci-

712 4088 838 4142 licet
872 4104 1098 4154 nomen,
1144 4108 1237 4145 seu
1278 4107 1564 4146 numerum
1614 4095 1847 4149 nominis
1888 4097 2049 4152 illius.
2089 4116 2109 4149 ι
2136 4097 2272 4151 Cum

713 4181 858 4234 enim
882 4181 1018 4235 dolis
1044 4192 1303 4239 consutus
1334 4184 1434 4248 sit,
1474 4192 1525 4236 et
1550 4182 1806 4237 adversus
1835 4184 1927 4240 Dei
1963 4201 2147 4242 servos
2177 4202 2273 4242 su-

791 4326 836 4358 “
865 4326 1083 4395 Apocal.
1120 4341 1242 4392 xui,
1276 4326 1460 4380 ll-lS.

788 4436 897 4505 (97)
942 4437 1010 4488 Τὸ
1035 4437 1217 4505 ὄνομα
1240 4441 1341 4494 τοῦ
1362 4440 1586 4506 θηρίου.
1614 4438 1705 4495 Sic
1731 4441 1892 4502 etiam
1920 4443 2086 4495 codex
2114 4442 2265 4499 Alex.

717 4510 834 4563 sine
861 4507 1554 4580 particulaautﬁdiviuente
1599 4521 1691 4564 aut
1725 4511 2038 4580 copulante:
2085 4521 2141 4564 ut
2176 4530 2272 4564 no—

720 4558 838 4650 men
860 4558 1000 4627 istud
1022 4558 1229 4650 bestiae,
2254 4622 2268 4647 ,
2304 4558 2349 4613 Ι)

724 4667 743 4699 ι
782 4647 1096 4706 character,
1150 4646 1486 4711 obsignatio,
1548 4667 1565 4698 ι
1592 4646 1763 4719 velut
1810 4646 1917 4703 fere
1962 4646 2273 4719 elisiignatur

719 4730 1011 4788 nummus,
1064 4729 1371 4788 quanquam
1431 4730 1528 4788 nec
1556 4786 1563 4788 _
1589 4718 1665 4771 illi
1726 4721 1917 4787 saepius
1966 4718 2101 4788 ipsa
2133 4722 2274 4788 regis

720 4787 896 4853 imago
930 4786 1097 4836 deest.
1133 4785 1403 4856 Χάραγμα
1438 4782 1648 4853 θηρίου,
1686 4782 1827 4856 quod
1860 4782 2133 4843 Barborita
2164 4782 2275 4841 vult

720 4872 837 4909 esse
872 4855 1177 4907 unctionem
1219 4857 1270 4925 in
1307 4854 1481 4925 fronte
1522 4864 1572 4905 et
1608 4854 1777 4925 manu
1825 4876 1985 4925 quam
2036 4858 2275 4912 Ecclesia

723 4925 1059 4997 frequentat,
1087 4924 1298 4997 egregie
1334 4922 1575 4997 cnnftltat
1608 4922 1758 4994 Hugo
1782 4922 2009 4997 _Grotius
2040 4929 2273 4997 Append.

724 5010 817 5065 sua
848 4996 907 5045 de
936 4994 1291 5065 Antio/triste;
1326 4993 1415 5043 lllll
1449 4993 1708 5065 suorum,
1750 4995 1859 5047 sive
1895 4998 1945 5047 in
1984 4993 2097 5051 suis
2122 4993 2278 5065 capi—

725 5064 1015 5125 tOsioruin,
1070 5064 1321 5131 ineptiam
1358 5062 1498 5114 serio
1540 5064 1799 5129 exagitat:
1833 5066 1921 5130 qui
1961 5062 2276 5120 Antichristi

725 5132 1037 5202 imaginem,
1086 5149 1188 5183 non
1220 5134 1281 5202 ad
1314 5132 1535 5202 Romam
1582 5132 1935 5193 ltlUlOlilll‘ﬂlll,
1972 5138 2144 5202 qualis
2181 5138 2278 5189 fuit

728 5200 1199 5273 .aueromitiann,
1243 5200 1825 5273 Trajano,Aureliano
1868 5200 2090 5271 aliisque
2132 5207 2279 5273 prin-

726 5269 933 5343 L.mihus
960 5288 972 5331 ;
1029 5274 1125 5343 διέιί
1155 5274 1217 5322 ad
1252 5272 1476 5343 Romam
1517 5270 1875 5323 Christianam
1902 5312 1916 5335 ,
1954 5269 2053 5343 S'li’
2084 5269 2277 5343 95PM“

728 5340 963 5411 (summo
1014 5341 1216 5392 scilicet
1260 5341 1399 5393 Petri
1452 5342 1795 5411 successione
1841 5340 2172 5407 sacerdotio,
2227 5354 2279 5396 et

725 5407 925 5461 Christi
967 5410 1216 5471 peculiari
1256 5412 1377 5476 jure
1424 5409 1645 5475 vicario)
1682 5418 1786 5461 tam
1834 5412 2124 5475 procaciter
2172 5422 2281 5465 tra-

732 5481 884 5534 liunt,
916 5491 1074 5539 quam
1113 5478 1342 5541 insulse;
1380 5489 1435 5531 ut
1465 5479 1617 5546 cujus
1655 5479 1861 5531 laudent
1896 5482 2163 5540 ambiunt,
2198 5500 2281 5534 re-

730 5546 830 5598 bus
866 5545 1032 5596 sacris
1073 5554 1124 5596 et
1170 5545 1546 5601 ecclesiasticis
1582 5548 2021 5603 eruditiuneulze.
2070 5553 2147 5601 vel
2198 5553 2282 5605 hic

734 5616 1226 5685 maxiinegcwrantc
1268 5618 1454 5670 affectu
1482 5658 1494 5679 ,
1535 5626 1587 5669 et
1638 5628 1690 5669 ut
1727 5621 1906 5669 rudem
1953 5619 2279 5685 plebeculam

734 5700 916 5736 secum
960 5683 1263 5734 dementem
1315 5702 1375 5736 ac
1426 5687 1706 5739 seditionis
1739 5690 1925 5739 uellam
1955 5683 2047 5739 'illi
2094 5704 2282 5742 accen-

735 5754 883 5815 dant,
916 5752 1020 5804 vim
1052 5766 1265 5805 omnem
1293 5753 1557 5818 depulisse
1584 5758 1885 5809 ostendant.
1921 5759 2151 5811 (IouBEF.

804 5823 913 5891 (98)
951 5822 1057 5877 Kal
1091 5820 1346 5881 τὺνμετ’
1382 5826 1578 5875 αὐτόν.
1617 5825 1735 5893 Lrg.
1776 5828 1866 5878 καὶ
1900 5830 2057 5881 αῷτόν
2089 5846 2145 5880 τε
2192 5828 2281 5881 καὶ

2367 3557 2616 3626 νήσεταιο
2651 3555 2784 3625 φησὶ
2806 3556 2913 3626 γάρ
2936 3572 2951 3586 ο
2993 3574 3013 3607 ‹
3053 3555 3161 3607 Καὶ
3184 3554 3395 3623 ποιήσει
3420 3552 3652 3619 πάντας,
3684 3552 3811 3613 τοὺς
3830 3566 3912 3619 μι-

2368 3648 2534 3717 κροὺς
2564 3646 2658 3699 καὶ
2705 3648 2830 3708 τοὺς
2860 3645 3123 3716 μεγάλους
3146 3684 3161 3709 ,
3206 3642 3300 3696 καὶ
3335 3645 3460 3706 τοὺς
3504 3642 3788 3702 πλουσίους
3830 3638 3912 3692 καὶ

2340 3774 2344 3778 -
2370 3736 2494 3798 τοὺς
2516 3738 2782 3806 πτωχοὺς,
2810 3736 2902 3791 καὶ
2930 3737 3054 3799 τοὺς
3080 3735 3393 3806 ἐλευθέρους
3421 3734 3514 3787 καὶ
3532 3734 3657 3796 τοὺς
3688 3730 3908 3793 δούλους,

2370 3828 2458 3878 ἵνα
2485 3825 2630 3899 δὼσῃ
2658 3829 2837 3890 αὐτοῖς
2874 3826 3133 3897 χάραγμα
3164 3827 3255 3879 ἐπὶ
3285 3825 3383 3895 τῆς
3411 3824 3589 3895 χειρὸς
3618 3822 3795 3876 αὐτῶν
3822 3820 3911 3890 τῆς

2372 3904 2569 3981 δεξιᾶς,
2596 3918 2630 3987 ἢ
2661 3910 2833 3971 ὲπῖτὺ
2857 3918 3104 3989 μέτωπον
3121 3934 3133 3947 ·
3170 3916 3259 3971 ἵνα
3286 3916 3359 3987 μή
3377 3933 3458 3977 τις
3483 3914 3706 3984 δύνηται
3727 3911 3911 3983 άγορά-

2375 4023 2465 4059 σαι
2493 4008 2526 4077 ἢ
2554 4008 2815 4080 πωλῆσαι,
2842 4011 2891 4061 εί
2925 4009 2998 4080 μὴ
3025 4011 3052 4061 ὁ
3086 4008 3223 4079 ἔχων
3246 4009 3305 4060 τὸ
3332 4008 3589 4077 χάραγμα
3613 4044 3628 4069 ,
3661 4003 3721 4056 τὸ
3758 4003 3911 4071 ὄνομα

2371 4097 2464 4150 τοῦ
2498 4097 2704 4168 θηρίου,
2730 4101 2763 4171 ἢ
2790 4101 2879 4152 τὸν
2905 4100 3131 4171 ἀριθμὸν
3159 4099 3252 4153 τοῦ
3280 4098 3538 4167 ὀνόματος
3567 4093 3749 4148 αὑτοῦ.
3783 4112 3802 4145 ι
3822 4093 3909 4145 Δό-

2373 4188 2485 4255 λιος
2512 4188 2620 4258 γάρ
2659 4189 2734 4242 ὢν
2766 4190 2860 4244 καί⁸
2891 4190 3241 4261 ἐπαιρόμενος
3282 4186 3420 4241 κατά
3459 4186 3565 4239 τῶν
3600 4184 3796 4239 δούλων
3826 4183 3905 4237 τού

2374 4445 2466 4497 τὸν
2497 4445 2819 4514 μετάὑτὸν,
2858 4445 2940 4499 vel
2968 4443 3157 4514 potius
3177 4439 3505 4514 μετξαΐποῦ,
3552 4439 3777 4514 quodet
3811 4437 3909 4514 βη-

2374 4509 2863 4581 ἀίυεόοηῇίοἰοὺοι,
2897 4509 3027 4567 mihi
3056 4509 3232 4578 aptius
3260 4510 3487 4575 videtur,
3512 4520 3570 4563 ut
3597 4509 3909 4581 Antichristo

2374 4587 2466 4653 qui
2509 4577 2663 4652 quasi
2711 4600 2802 4637 rex
2850 4577 3211 4653 Romanorum
3258 4588 3450 4653 teneat_
3484 4580 3798 4653 imperium,
3842 4577 3907 4653 illi

2375 4647 2539 4707 adsit'
2566 4653 3059 4721 pseudOprOpheta,
3107 4650 3197 4721 qui
3234 4662 3397 4718 regno
3436 4649 3619 4721 bestiae
3658 4647 3909 4721 constabi-

2374 4714 2790 4775 liendo'omnem
2822 4714 3038 4788 operam
3068 4714 3333 4782 co'nferat';
3367 4730 3425 4772 ut
3434 4718 3648 4788 scilicet
3678 4714 3907 4788 ille_Deu_s

2375 4788 2669 4855 habeatur;
2725 4783 2873 4844 velut
2917 4788 3027 4841 fere
3076 4788 3389 4855 Apollonius
3431 4786 3703 4856 Tyanzeus
3748 4783 3910 4856 Domi7

2376 4861 2539 4914 tiann.
2596 4852 2666 4914 Ut
2698 4860 2875 4913 omnia
2919 4852 3415 4926 quaerrcolitigerunt
3463 4852 3543 4909 vel
3574 4856 3639 4926 in
3677 4852 3908 4926 Antiochi

2377 4934 2779 5001 persecutione,
2836 4924 3006 5001 vel_’in
3054 4924 3311 4980 Romanis
3342 4924 3674 5001 principibus
3712 4924 3909 5001 βίη-ῥεια

2377 4993 2638 5065 infensis,
2687 5001 2872 5054 eadem
2920 4998 3035 5065 ipsa
3083 4993 3457 5064 exspectentur
3502 4995 3553 5045 in
3600 4993 3911 5065 Antichristo

2377 5063 2632 5137 estremis
2685 5063 3040 5137 temporibus,
3097 5063 3287 5137 majori
3318 5066 3479 5137 etiam
3519 5063 3736 5120 cumulo
3770 5063 3911 5137 exhi-

2380 5136 2572 5199 benda,
2604 5156 2711 5206 quo
2734 5132 2818 5191 ille
2843 5138 3084 5206 absolute
3104 5132 3472 5206 Antichristus
3496 5141 3598 5195 est,
3624 5132 3910 5206 mortalium

2380 5200 2761 5272 nequissimus.
2813 5207 2983 5260 Etiam
3017 5205 3348 5258 Diocletiano
3390 5203 3709 5272 imperatore
3748 5200 3915 5272 Rutilae

2378 5270 2704 5343 prohibitum
2735 5292 2909 5329 emere
2935 5284 3025 5327 aut
3058 5275 3299 5343 vendere,
3331 5270 3431 5343 nisi
3472 5272 3627 5343 thure
3657 5273 3790 5343 locis
3813 5271 3909 5343 im—

2380 5340 2588 5413 posito,
2624 5361 2716 5398 seu
2754 5348 2856 5398 alia
2898 5348 2947 5396 in
2988 5344 3197 5412 signum
3238 5341 3778 5413 idololatriciieultus
3810 5340 3913 5390 lita-

2379 5409 2550 5483 tione,
2593 5430 2711 5483 quae
2756 5416 2941 5483 bestia:
2976 5409 3232 5483 χάραγμα
3266 5418 3409 5462 esset
3446 5424 3508 5462 ac
3547 5409 3907 5483 signaculum:

2382 5482 2561 5534 Roma:
2602 5477 2818 5535 Christo
2866 5477 3406 5547 infeiisicfejusque
3458 5477 3673 5534 omnem
3724 5477 3906 5531 cultum

2381 5552 2525 5603 muni
2558 5567 2714 5619 opera
2743 5554 3004 5606 studentis
3037 5552 3265 5602 abolere.
3300 5549 3450 5619 lusu.

2452 5622 2561 5687 (99)
2594 5614 2713 5673 ’Τοῦ
2762 5622 2987 5688 πρώτου
3030 5619 3253 5688 θηρίου.
3308 5618 3384 5669 lta
3428 5614 3793 5688 Cdmbefisius.
3836 5618 3904 5688 ter

2382 5679 2956 5761 xtum'Apocalypseos
2985 5679 3115 5753 xm,
3144 5687 3211 5740 12
3241 5696 3479 5744 secutus.
3508 5685 3711 5743 Omittit
3736 5679 3902 5750 θηρίου

2381 5762 2603 5814 Gudius.

2452 5834 2525 5901 μ)
2559 5830 2773 5897 Αὐτήν.
2818 5825 3058 5883 Combef.
3080 5868 3095 5895 ,
3131 5825 3350 5896 ταύτην.
