4098 6362
657 489 756 546 ’171

1291 492 1350 547 s.
1390 488 1745 547 HIPPOLYTI
1783 489 1932 546 OPP.
1970 490 2149 547 pass
2190 490 2254 546 ιι.
2292 504 2363 534 —
2398 489 2702 548 DOGMAT.
2746 492 2833 547 ET
2870 454 3211 549 msromc.

3764 492 3878 546 772

648 611 841 680 gratia,
872 619 956 665 eat
986 624 1178 665 nomen
1211 608 1409 677 Titan,‘
1431 608 1572 681 quod
1600 626 1795 665 nomen
1823 610 2107 681 antiquum
2143 626 2205 667 ac

2306 613 2468 684 ψήφῳ
2509 613 2893 683 ἐμπεριέχεται
2916 647 2935 675 ,
2978 610 3073 664 καὶ
3112 606 3277 681 ἕτερα
3317 607 3537 684 πλείονα
3579 608 3877 679 εὑρεθῆναι

646 699 855 756 illustre
885 710 995 767 est;
1046 701 1130 755 vel
1162 700 1463 766 Evantlaas;
1509 714 1633 755 nam
1683 702 1789 755 hoc
1826 716 2040 771 quoque
2085 703 2201 771 pari

644 791 1118 859 comprehenditur
1156 800 1443 860 computo,
1490 790 1704 860 aiiaque
1737 805 1845 844 non
1886 806 2057 860 pauca
2084 807 2204 860 qua:

650 881 775 937 licet
796 884 1074 958 ‘invenire.
1108 882 1246 949 Quia
1290 892 1470 938 tamen
1521 883 1633 952 jam
1676 882 1955 946 diximus,
2007 882 2204 951 prioris

652 973 835 1028 bestia:
861 976 1069 1045 plagam
1104 982 1345 1027 curatam
1368 988 1508 1037 esse,
1542 988 1606 1027 ac
1629 973 1776 1041 loqui
1808 972 2094 1041 imaginem
2123 971 2203 1026 fe-

650 1063 821 1128 cisse,
855 1064 999 1132 quod
1028 1074 1110 1118 est
1137 1064 1303 1118 robur
1334 1064 1411 1117 illi
1439 1064 1695 1132 viresque“
1712 1062 1995 1117 tribuisse:
2025 1063 2203 1131 palam

645 1152 895 1206 omnibus
913 1161 1015 1215 est,
1038 1153 1130 1221 qui
1154 1153 1451 1209 etiamnum
1478 1144 1657 1205 rerum
1681 1154 1972 1222 potiantur,
1990 1151 2207 1208 Latinos

643 1255 783 1296 esse.
826 1239 883 1295 Si
930 1243 1093 1311 igitur
1121 1232 1179 1295 ut
1208 1243 1369 1296 unius
1406 1238 1639 1296 hominis
1683 1258 1881 1297 nomen
1916 1242 2206 1296 transfera-

636 1341 763 1405 tur,
798 1333 1020 1387 Latinus
1063 1333 1338 1388 eﬂicietur.
1392 1331 1569 1399 Quare
1616 1348 1716 1386 nec
1765 1333 2162 1403 praedicandum
2188 1372 2204 1395 ,

643 1427 801 1494 quasi
828 1426 931 1479 hoc
958 1426 1027 1479 sit
1061 1425 1205 1481 illius
1237 1439 1452 1489 nomen,
1482 1439 1581 1500 nec
1611 1441 1803 1480 rursus
1832 1425 2203 1492 nesciendUm,

643 1528 803 1584 posse
825 1530 947 1567 eum
974 1515 1128 1567 aliter
1148 1516 1477 1585 nuncupari:
1508 1514 1745 1572 sed-cum
1770 1515 1863 1568 Dei
1892 1516 2202 1585 mysterium

644 1602 700 1656 in
729 1602 890 1657 corde
913 1604 1231 1671 habeamus,
1263 1620 1387 1667 cum
1413 1605 1608 1659 timore
1644 1602 2055 1673 ﬁde'servanda,
2088 1621 2209 1677 quae

644 1707 676 1747 a
714 1693 884 1747 beatis
913 1695 1189 1763 prophetis
1211 1696 1466 1765 pradtcta
1496 1706 1654 1763 sunt;
1687 1706 1747 1749 ut
1775 1712 1899 1751 cum
1939 1699 2028 1753 illa
2056 1700 2205 1768 ﬁent,

644 1783 1022 1857 prospiciendo
1044 1785 1267 1857 solerter
1298 1801 1403 1839 non
1435 1785 1787 1855 decipiamur.
1820 1786 2210 1857 Supervenien-

644 1873 717 1925 tia
756 1873 900 1926 enim
945 1882 1223 1942 tempora,
1272 1875 1435 1928 etiam
1488 1875 1631 1929 hunc
1668 1876 1735 1930 de
1774 1892 1884 1945 quo
1914 1879 2029 1933 hate
2064 1880 2208 1935 dicta

643 1974 789 2027 sunt,
819 1963 1260 2018 manifestabunt.

712 2052 799 2107 Ll.
837 2053 941 2109 Sed
970 2040 1038 2108 ne
1066 2054 1150 2109 his
1180 2053 1443 2109 duntaxat
1477 2058 1757 2111 sententiis
1782 2058 2050 2129 dictisque
2091 2062 2209 2116 illos

644 2137 1003 2207 inducamus,
1034 2144 1126 2213 qui
1172 2143 1480 2211 divinorum
1510 2147 1849 2215 eloquiorum
1890 2151 2035 2204 cultu
2067 2152 2211 2206 dele-

645 2240 881 2297 ctantur,
928 2233 1046 2287 aliis
1088 2232 1333 2301 pluribus
1363 2236 1919 2291 demonstrationibus
1960 2242 2209 2295 ostende-

644 2335 786 2373 mus.
838 2320 926 2374 Ait
969 2321 1111 2374 enim
1162 2320 1377 2374 Daniel:
1429 2338 1449 2373 ι
1498 2320 1564 2376 Ει
1610 2322 1701 2377 isti
1745 2323 2098 2378 salvahuntur
2142 2325 2209 2380 de

644 2423 811 2462 manu
837 2410 955 2477 ejus
976 2451 989 2475 ,
1026 2408 1193 2463 Edoni
1222 2420 1275 2463 et
1308 2409 1463 2489 Moab
1482 2449 1497 2473 ,
1538 2420 1591 2464 et
1617 2413 1941 2481 principium
1973 2415 2205 2469 ﬁliorum

643 2501 875 2554 Ammon
914 2501 979 2554 “.
1030 2520 1047 2550 ι
1082 2506 1308 2554 Ammon
1348 2512 1401 2555 et
1436 2500 1593 2557 Moab
1632 2503 1728 2556 lilii
1758 2502 1861 2556 Lot
1894 2519 1960 2557 ex
1996 2506 2207 2563 filiabus

644 2590 909 2659 progeniti
957 2591 1000 2621 “
1026 2631 1041 2656 ,
1085 2606 1316 2659 quorum
1350 2592 1647 2645 etiamnum
1681 2605 1849 2663 genus
1878 2607 2205 2663 perseverat.

644 2683 735 2734 Ait
780 2682 923 2735 enim
964 2681 1167 2736 Isaias:
1205 2701 1221 2731 ι
1263 2680 1325 2733 Et
1359 2681 1615 2739 volabunt
1648 2683 1702 2755 in
1748 2685 1977 2739 navibus
2014 2688 2205 2742 alieni—

646 2788 935 2841 genarum;
972 2782 1119 2827 marc
1164 2772 1325 2826 simul
1368 2772 1753 2841 prmdabuntur
1776 2814 1790 2838 ,
1832 2784 1885 2829 et
1921 2790 2015 2831 eos
2044 2778 2136 2846 qui
2173 2794 2202 2831 a

643 2862 776 2916 solis
821 2872 962 2916 ortu.
1006 2862 1069 2914 Et
1117 2864 1171 2915 in
1216 2862 1372 2915 Moab
1412 2864 1646 2931 primum
1691 2880 1885 2920 manus
1924 2866 2202 2937 injicient;
2246 2900 2251 2901 ί

644 2954 737 3006 lilii
787 2963 964 3008 autem
995 2954 1223 3007 Ammon
1257 2956 1410 3023 primi
1438 2956 1691 3009 obedient
1717 2956 1780 3010 ".
1809 2976 1831 3008 ι

713 3044 821 3098 LII.
869 3044 966 3098 llic
1008 3047 1171 3114 igitur
1209 3046 1315 3100 illis
1346 3048 1679 3115 temporibus
1705 3030 1985 3119 eihe'rgens
2013 3066 2216 3106 occur--

643 3145 752 3189 ret:
793 3138 1065 3205 triumque
1106 3152 1371 3191 cornuum
1401 3153 1466 3192 ex
1493 3124 1678 3193 decem
1710 3140 1902 3210 pugnae
1945 3144 2062 3197 acie
2104 3159 2202 3213 po-

645 3227 813 3292 titus,
852 3227 1063 3294 illisque
1104 3230 1361 3283 radicitus
1397 3230 1631 3295 evulsis,
1679 3232 1913 3303 }Egypto
1956 3235 2199 3300 scilicet,

642 3317 809 3386 Libya
840 3327 893 3371 et
930 3316 1223 3387 Ethiopia,
1272 3322 1503 3387 acceptis
1547 3336 1735 3376 eorum
1765 3324 1949 3392 spoliis
1985 3341 2049 3381 ac
2086 3340 2231 3379 mar

646 3402 847 3470 nubiis,
878 3408 1099 3476 reliquis
1118 3409 1284 3461 etiam
1313 3410 1568 3465 cornibus
1599 3412 1719 3479 quae
1749 3428 1847 3467 nec
1872 3415 1987 3483 ipsa
2015 3416 2209 3470 immu-

646 3500 733 3553 nia
761 3502 1038 3579 exsistant,
1062 3500 1380 3569 oblzesisque
1403 3499 1598 3554 ﬁnibus
1616 3502 1716 3570 (δ’)
1740 3518 1797 3556 se
1825 3503 1900 3555 illi
1924 3504 2209 3573 subjicien-

644 3592 825 3657 tibus,
872 3592 1099 3647 exaltari
1145 3592 1326 3646 animo
1378 3593 1598 3663 incipiet
1643 3604 1697 3649 et
1729 3595 1989 3650 adversus
2033 3595 2202 3650 Deum

642 3681 849 3745 eiIerri,
901 3682 993 3748 qui
1044 3682 1205 3735 totius
1256 3681 1400 3735 orbis
1450 3689 1717 3736 terrarum
1768 3684 2021 3752 potiatur.
2074 3683 2204 3754 Ejus

644 3771 815 3837 prima
849 3772 1121 3839 aggressio
1156 3770 1258 3824 erit
1304 3771 1558 3825 adversus
1586 3771 1787 3840 Tyrum
1820 3782 1873 3826 et
1914 3772 2162 3843 Berytum
2186 3817 2199 3841 ,

646 3874 710 3912 ac
736 3861 1174 3917 circumvicinam
1216 3860 1509 3928 regionem.
1545 3861 1638 3916 llis
1664 3864 1807 3915 enim
1840 3863 2065 3917 urbibus
2092 3865 2203 3933 pri-

650 3965 798 4002 mum
843 3952 1183 4019 expugnatis,
1221 3951 1340 4003 aliis
1386 3958 1646 4002 terrorem
1693 3952 1915 4018 injiciet,
1944 3955 2203 4021 quemad~

647 4042 864 4094 modum
896 4040 1059 4095 Isaias
1092 4042 1194 4095 ait:
1251 4060 1269 4092 ι
1317 4040 1619 4104 Erubesce,
1659 4039 1845 4105 Sidon,
1871 4042 2007 4095 dixit
2034 4058 2199 4096 mare.

644 4130 922 4185 Fortitudo
957 4145 1083 4183 vero
1113 4132 1275 4185 maris
1312 4132 1478 4185 dixit:
1526 4130 1645 4185 Non
1686 4132 1979 4199 parturivi,
2021 4125 2203 4200 neque

646 4222 862 4291 peperi,
899 4235 996 4275 nec
1024 4220 1243 4275 educavi
1271 4221 1525 4289 juvenes,
1558 4237 1656 4275 nec
1692 4222 1919 4276 exaltavi
1948 4222 2201 4292 virgines.

646 4310 873 4375 Quando
902 4320 1079 4363 autem
1110 4309 1353 4363 auditum
1386 4308 1545 4363 fuerit
1576 4309 1806 4379 Egypto
1827 4348 1841 4373 ,
1887 4310 2060 4377 capiet
2107 4323 2200 4362 eos

645 4400 797 4453 dolor
834 4415 930 4469 pro
961 4398 1103 4468 Tyro
1134 4397 1199 4479 ⁸⁸.
1238 4416 1256 4447 ι
1445 4442 1448 4445 Α

716 4486 848 4543 LllI.
878 4488 971 4544 llis
1002 4490 1074 4541 ita
1106 4485 1299 4541 futuris
1320 4526 1333 4549 ,
1361 4482 1706 4537 dilectissime
1727 4522 1742 4546 ,
1776 4500 1837 4538 ac
1871 4485 2045 4538 tribus
2075 4498 2198 4537 cor-

2230 3273 2271 3330 C

2302 677 2593 774 δυνάμενα.
2657 677 2809 755 ’Ἀλλ’
2850 703 3034 774 ἐπειδὴ
3083 677 3433 774 προέφθημεν
3464 677 3538 770 (θ)
3579 677 3875 767 λέγοντες,

2302 792 2383 845 ὅτι
2412 792 2799 864 ὲθεραπεύθηή
2830 791 3011 863 πληγὴ
3030 792 3123 845 τοῦ
3150 792 3339 864 θηρίου
3371 790 3464 844 τοῦ
3499 789 3739 861 πρώτου,
3772 788 3877 842 καὶ

2304 882 2519 952 ποιήσει
2535 880 2644 952 (10)
2670 880 2847 935 λαλεῖν
2868 881 2966 957 τὴν
2991 883 3193 944 εἰκόνα,
3208 882 3506 945 τουτέστιν,
3525 880 3709 950 ἴσχυσε
3727 878 3784 949 (ι
3797 878 3872 949 1)’

2304 971 2536 1042 φανερὸν
2561 972 2605 1024 δ’
2638 973 2753 1026 ἐστὶ
2784 973 2969 1038 πᾶσιν,
2995 972 3076 1026 ὅτι
3106 973 3155 1025 οἱ
3183 972 3505 1042 κρατοῦντες
3531 971 3611 1024 ἔτι
3635 968 3732 1023 νῦν
3765 972 3875 1023 εἱσι

2306 1064 2553 1127 Λατῖνοι·
2588 1064 2669 1127 είς
2694 1059 3233 1142 ἐνὸςέοὑνάνθρώπου
3268 1063 3442 1135 ὄνομα
3479 1064 3875 1134 μεταγόμενον,

2304 1153 2512 1222 γίνεται
2546 1153 2842 1220 Λατεῖνος.
2876 1140 3049 1207 "Doce
3089 1151 3213 1207 οὗτε
3258 1154 3657 1227 προκηρύσσειν
3689 1152 3775 1207 δεῖ
3798 1151 3877 1214 ὡς

2303 1243 2454 1307 ὄντος
2496 1244 2683 1297 τούτου
2724 1245 2982 1315 ὀνόματος
3001 1284 3016 1309 ,
3048 1243 3170 1297 οὕτε
3200 1243 3359 1297 πάλιν
3395 1245 3607 1313 ἀγνοεῖν
3629 1282 3647 1308 ,
3676 1243 3760 1296 ὅτι
3797 1240 3876 1312 μὴ

2304 1336 2477 1399 ἄλλως
2507 1336 2723 1389 δύναται
2744 1336 2993 1404 λέγεσθαι
3014 1336 3046 1368 ⁶“
3066 1336 3280 1407 ἔχοντες
3307 1337 3363 1389 δὲ
3380 1336 3441 1389 τὺ
3461 1336 3757 1407 μυστήριον
3778 1332 3880 1387 τοῦ

2304 1426 2439 1480 Θεοῦ
2469 1430 2526 1480 ὲν
2547 1431 2613 1497 τῇ
2646 1416 2863 1499 καρδία,
2895 1429 3030 1499 μετὰ
3048 1427 3219 1497 νφόὸου
3251 1427 3540 1497 φυλάσσειν
3567 1426 3777 1488 πιστῶς
3801 1423 3877 1477 τά.

2306 1518 2409 1570 ὑπὸ
2435 1512 2551 1571 τῶν
2575 1519 2854 1589 μακαρίων
2883 1515 3171 1590 προφητῶν
3187 1518 3574 1590 προειρημένα,
3609 1517 3697 1570 ἵνα
3724 1532 3878 1584 γινο-

2309 1609 2485 1678 μένων
2516 1608 2713 1669 αὑτῶν.
2751 1609 3056 1678 προϊδόντες
3092 1609 3165 1679 μὴ
3196 1607 3572 1679 σφαλλώμεθα.
3604 1606 3724 1658 Τῶν
3758 1606 3877 1674 γάρ

2306 1700 2511 1773 καιρῶν
2540 1700 2948 1766 ἐπιγινομένων,
2982 1700 3071 1753 καὶ
3094 1698 3253 1762 αὐτὸς
3276 1698 3403 1769 περὶ
3428 1690 3488 1749 οὑ
3509 1696 3684 1750 ταῦτα
3716 1695 3877 1766 εἰρη-

2306 1808 2414 1856 ται,
2444 1789 2896 1861 φανερωθήσεται.

2394 2043 2531 2096 Ἀλλ’
2563 2044 2647 2098 ἵνα
2689 2043 2760 2114 μὴ
2800 2043 2976 2113 μόνοις
3010 2044 3119 2105 τοῖς
3147 2044 3327 2113 ῥητοῖς
3357 2040 3561 2101 τούτοις
3593 2038 3878 2106 πείσωμεν

2308 2138 2433 2198 τοὺς
2475 2136 2542 2188 τὰ
2582 2136 2674 2187 τοῦ
2708 2135 2839 2187 Θεοῦ
2872 2136 3025 2202 λόγια
3054 2134 3496 2202 φιλοπονοῦντας,
3523 2133 3773 2200 δείξομεν
3806 2130 3875 2180 δι’

2310 2228 2509 2299 ἐτέρων
2548 2226 2868 2291 ἀποδείξεων
2920 2226 3196 2278 πλειόνων.
3255 2226 3414 2293 Λέγει
3478 2225 3589 2300 γὰρ
3633 2221 3871 2292 Δανιήλ-

2313 2340 2331 2371 ι
2374 2320 2483 2373 Καὶ
2508 2313 2649 2371 οὗτοι
2677 2317 3005 2387 σωθήσονται
3032 2319 3096 2368 ἐκ
3120 2314 3298 2385 χειρὸς
3332 2314 3516 2377 αὑτοῦ,
3556 2312 3736 2383 Ἐδὼμ
3774 2312 3875 2363 καὶ

2264 2476 2268 2478 γ
2306 2408 2498 2477 Μωὰό,
2525 2410 2617 2463 καὶ
2648 2409 2935 2480 ἀρχὴυίῶν
2975 2405 3213 2478 Ἄμμων.
3241 2425 3258 2457 ι
3296 2404 3518 2475 Ἀμμὼν
3546 2405 3640 2459 καὶ
3670 2403 3875 2465 Μωὰὸ,

2305 2503 2353 2553 οἱ
2386 2502 2453 2554 ὲκ
2476 2500 2581 2552 τῶν
2624 2498 2933 2569 θυγατέρων
2966 2499 3055 2550 τοῦ
3086 2495 3206 2549 Λὼτ
3243 2497 3347 2549 υἱοὶ
3390 2496 3778 2575 γεγενημένοι)
3817 2491 3876 2559 ἐξ

2306 2582 2380 2641 ὧν
2411 2589 2470 2640 τὸ
2496 2589 2649 2656 γένος
2672 2587 2878 2649 ἓωςτοῧ
2907 2586 2999 2640 νῦν
3021 2587 3281 2654 διαμένει.
3300 2586 3458 2653 Λέγει
3478 2585 3586 2656 γὰρ
3620 2583 3871 2646 Ἡσαΐας-

2312 2698 2332 2731 ι
2371 2680 2478 2732 Καὶ
2506 2679 2932 2747 πετασθήσονται
2966 2680 3023 2730 ὲν
3054 2677 3255 2741 πλοίοις
3286 2674 3593 2744 ἀλλοφύλων
3619 2715 3633 2739 ,
3670 2674 3875 2727 θάλασ-

2306 2786 2404 2822 σαν
2438 2768 2551 2840 ἅμα
2577 2767 3029 2837 προνομεύοντες,
3077 2769 3169 2820 καὶ
3200 2769 3321 2830 τοὺς
3350 2768 3440 2835 ἀφ’
3476 2767 3625 2835 ἡλίου
3672 2768 3873 2818 ἀνατο-

2305 2859 2431 2924 λῶν,
2465 2861 2559 2914 καὶ
2585 2860 2675 2912 ἐπὶ
2706 2860 2877 2912 Μωὰϐ
2911 2859 3122 2930 πρῶτον
3140 2860 3240 2920 τὰς
3275 2862 3460 2927 χεῖρας
3494 2855 3869 2909 ἐπιϐαλοῦσινο

2303 2953 2353 3004 oi.
2384 2952 2439 3004 δὲ
2471 2952 2574 3005 υἱοὶ
2618 2949 2840 3020 ’Λμμὼν
2874 2950 3074 3020 πρῶτοι
3104 2950 3515 3002 ὑπακούσονται.
3560 2966 3577 2997 ›

2373 3031 2540 3106 Οὗτος
2595 3038 2687 3095 οὖν
2742 3046 2850 3104 τοῖς
2902 3044 3019 3094 τότε
3066 3042 3271 3109 καιροῖς
3318 3038 3650 3106 ἀναδειχθεὶς
3698 3039 3875 3090 ὑπαν-

2301 3135 2385 3187 τεῖ
2417 3134 2563 3203 (12)·
2612 3134 2704 3185 καὶ
2746 3132 3023 3200 κρατήσας
3066 3131 3122 3182 ὲν
3150 3127 3447 3198 παρατάξει
3491 3128 3723 3195 πολέμου
3758 3129 3872 3180 τῶν
3944 3128 3945 3131 “

2302 3223 2468 3293 τριῶν
2509 3223 2753 3293 κεράτων
2781 3224 2843 3272 ὲκ
2881 3219 2987 3271 τῶν
3018 3219 3182 3282 δέκα,
3219 3220 3313 3272 καὶ
3360 3219 3660 3289 ὲκριζώσας
3701 3219 3869 3283 αὑτὰ,

2304 3314 2439 3382 ὅπερ
2470 3312 2614 3363 ἐστὶν
2644 3310 2915 3377 Αἰγύπτου
2940 3351 2952 3372 ,
2996 3311 3090 3362 καὶ¹
3132 3309 3343 3362 Λιϐύων
3368 3350 3381 3373 ,
3435 3310 3526 3362 καὶ
3568 3310 3867 3367 Αἰθιόπων,

2304 3399 2483 3455 λαϐὼν
2516 3399 2582 3452 τὰ
2611 3399 2781 3451 σκύλα
2810 3400 2902 3451 καὶ
2930 3398 2995 3452 τὰ
3022 3398 3234 3469 λάφυρα
3257 3439 3270 3463 ,
3307 3398 3682 3465 ὑποταγέντων
3715 3400 3871 3468 αὑτῷ

2305 3491 2400 3545 καὶ
2429 3490 2534 3544 τῶν
2562 3488 2759 3542 λοιπῶν
2789 3490 3029 3559 κεράτων
3056 3490 3159 3541 τῶν
3188 3489 3696 3559 περιϐλαπτομένων
3720 3529 3733 3550 ,
3756 3490 3870 3560 ἄρ-

2305 3583 2395 3649 ξει
2426 3574 2685 3652 ὑψοῦσθαι
2723 3585 2786 3650 τῇ
2833 3582 3059 3651 καρδίᾳ,
3104 3583 3197 3635 καὶ
3235 3580 3545 3653 ἐπαίρεσθαι
3588 3583 3726 3631 κατὰ
3767 3580 3867 3631 τοῦ

2304 3672 2459 3737 Θεοῦ,
2495 3674 2670 3741 πάσης
2698 3675 2791 3743 τῆς
2824 3673 3143 3741 οἰκουμένης
3176 3671 3421 3740 κρατῶν⁸
3452 3671 3510 3722 τὸ
3538 3671 3594 3721 δὲ
3634 3673 3869 3740 ὅρμημα

2303 3765 2462 3818 αὑτοῦ
2486 3766 2696 3833 πρῶτον
2723 3764 2869 3814 ἔσται
2905 3762 2995 3812 ἐπὶ
3027 3762 3197 3830 Τύρον
3231 3763 3323 3811 καὶ
3343 3761 3615 3829 ’Βηρυτον,
3635 3761 3727 3823 καὶ
3762 3760 3867 3826 τὴν

2302 3855 2459 3925 πέριξ
2490 3855 2689 3924 χώραν.
2726 3852 2937 3912 Ταύτας
2967 3851 3072 3917 γὰρ
3094 3850 3304 3919 πρῶτον
3336 3849 3433 3911 τὰς
3457 3849 3637 3925 πόλεις
3662 3850 3869 3918 ἐκπορ-

2304 3943 2494 4015 θήσας,
2531 3947 2649 4004 ταῖς
2683 3943 2891 4012 ἑτέραις
2919 3941 3077 4009 φόϐον
3101 3941 3437 4010 ὲγγεννήσει,
3475 3940 3653 4003 καθώς
3699 3960 3866 4011 φησιν

2315 4035 2570 4094 Ἡσαΐας*
2604 4053 2621 4083 ι
2651 4032 2989 4101 Αἰσχύνθητι,
3019 4030 3210 4095 Σιδὼν,
3244 4028 3396 4082 εἶπεν
3444 4032 3475 4101 ὴ
3510 4030 3753 4084 θάλασσα
3779 4049 3793 4060 ·

2302 4123 2357 4173 δὲ
2394 4123 2540 4191 ἰσχὺς
2566 4122 2665 4190 τῆς
2697 4122 2965 4191 θαλάσσης
2998 4116 3175 4173 εἶπεν·
3212 4122 3321 4171 Οὑκ
3351 4119 3531 4172 ὥδινον
3558 4158 3572 4182 ,
3610 4120 3717 4171 οὐδ’
3750 4119 3868 4171 ἕτε-

2303 4229 2395 4264 κον
2418 4255 2432 4277 ,
2484 4212 2588 4264 οὐδ’
2620 4212 2875 4282 ὲξέθρεζαα
2898 4212 3225 4274 νεανίσκους,
3258 4210 3377 4263 οὐδὲ
3416 4205 3604 4277 ὑψωσα
3653 4210 3864 4279 παρθέ-

2300 4318 2440 4364 νους.
2492 4301 2655 4354 Ὅταν
2688 4300 2743 4354 δὲ
2779 4302 3037 4355 ἀκουστὸν
3072 4292 3564 4369 γένηταιΑίγύτξτῳ
3588 4337 3602 4361 ,
3633 4297 3865 4368 λήψεται

2300 4393 2496 4456 αὐτοὺς
2527 4392 2685 4463 ὀδύνη
2717 4389 2851 4462 περὶ,
2873 4391 3067 4460 Τύρου.
3110 4409 3128 4442 ι

2371 4485 2586 4536 Τούτων
2605 4458 2776 4544 οὑτως
2792 4458 3093 4551 έσομένων,
3126 4477 3392 4547 ἀγαπητὲ,
3428 4478 3520 4529 καὶ
3551 4458 3661 4530 τῶν
3691 4479 3864 4550 τριῶν

648 4581 807 4633 uibus
834 4581 901 4633 ab
928 4594 993 4633 eo
1024 4579 1218 4635 excisis
1241 4620 1255 4644 ,
1298 4586 1419 4646 post
1444 4576 1556 4628 hac
1591 4588 1647 4626 se
1683 4584 1739 4626 ut
1764 4574 1925 4627 Deum
1952 4574 2203 4629 exhibere

2305 4578 2547 4645 κεράτων
2580 4573 2669 4625 ὑπ’
2698 4572 2861 4627 αὑτοῦ
2891 4572 3247 4631 ὲκκοπέντων,
3275 4568 3409 4638 μετὰ
3436 4568 3605 4621 ταῦτα
3633 4570 3860 4641 ἄρξεται

636 4670 902 4737 incipiet,
948 4668 1398 4737 quemadmodum
1444 4666 1689 4735 praedixit
1723 4664 1996 4719 Ezechiel:
2042 4683 2059 4715 ι
2098 4665 2202 4719 Pro

647 4774 713 4812 eo
741 4756 884 4827 quod
911 4758 1202 4809 exaltatum
1234 4766 1315 4811 est
1344 4772 1437 4811 cor
1468 4764 1618 4809 tuum
1646 4799 1659 4820 ,
1711 4763 1762 4808 et
1794 4756 2013 4808 dixisti:
2059 4755 2202 4817 Deus

651 4862 769 4902 sum
798 4861 895 4914 ego
920 4845 983 4897 ".
1026 4863 1043 4895 ι
1080 4844 1333 4901 Similiter
1369 4862 1583 4916 quoque
1612 4847 1806 4900 Isaias:
1847 4864 1866 4897 ι
1904 4844 1982 4898 Tu
2023 4856 2201 4900 autem

2306 4666 2380 4727 ὡς
2407 4664 2538 4716 Θεὸν
2566 4664 2755 4715 ἑαυτὸν
2780 4654 3157 4724 ἐπιδεικνύναι,
3180 4660 3254 4722 ὡς
3282 4661 3535 4729 προεῖπεν
3575 4662 3855 4732 Ἰεζεκιήλ·

2312 4773 2330 4805 ι
2378 4754 2515 4807 Ἀνθ⁹
2536 4747 2609 4806 ὧν
2642 4752 2826 4823 ὑψώθη
2851 4756 2883 4823 ἡ
2912 4752 3103 4820 καρδία
3124 4769 3234 4813 σου,
3269 4751 3357 4803 καὶ
3378 4748 3554 4815 εἶπας,
3590 4753 3722 4815 Θεός
3743 4756 3859 4822 εἰμι

2306 4843 2438 4913 ἐγώ.
2477 4844 2627 4896 »Καὶ
2684 4845 2905 4907 Ἡσαΐας
2947 4844 3171 4913 ὸμοίως’
3221 4861 3239 4893 ι
3276 4844 3344 4896 Σὺ
3375 4842 3429 4895 δὲ
3478 4840 3636 4909 εἴπας
3684 4848 3740 4897 ὲν
3789 4850 3856 4915 τῇ

720 4957 763 4989 ⁸⁸
787 4958 919 5011 Dan.
953 4974 1029 5024 xi,
1063 4958 1146 5010 41.
1226 4958 1270 4988 ⁸⁸
1307 4957 1439 5014 Gen.
1470 4976 1597 5025 xix,
1634 4961 1721 5028 57,
1751 4962 1839 5016 58.
1916 4962 1957 4993 ⁸⁷
1984 4961 2088 5016 lsa.
2113 4976 2190 5027 xl,

2382 4959 2427 4990 “
2463 4957 2564 5013 lsa.
2596 4976 2753 5022 χχιιι,
2788 4960 2842 5023 4,
2874 4960 2924 5011 5.
3001 4957 3043 4988 ⁶⁹
3074 4956 3265 5013 Ezech.
3298 4974 3489 5024 xxvm,
3513 4959 3565 5012 6.
3601 4978 3623 4994 ν

651 5075 795 5148 enim
827 5090 1047 5148 nomen,
1093 5075 1257 5148 habet
1306 5091 1587 5131 numerum
1638 5078 1705 5148 de
1748 5094 1857 5148 quo
1900 5081 2193 5147 quaeritur:

657 5146 746 5218 sed
790 5146 920 5218 nihil
962 5148 1027 5218 de
1051 5144 1506 5218 feoalIirmamus.
1565 5144 1933 5218 sistam—mque
1966 5151 2188 5203 subdit:

660 5230 682 5263 ς
716 5212 815 5266 Sed
855 5223 911 5268 ct
953 5215 1288 5267 ΛΛΤΕΙΝΟΣ
1334 5230 1525 5268 nomen
1552 5254 1567 5278 ,
1608 5217 1767 5269 habet
1816 5212 2191 5272 séxcentorum

658 5284 931 5349 sexaginta
974 5299 1067 5337 sex
1115 5298 1434 5348 numerum;
1484 5294 1538 5336 et
1570 5286 1717 5337 valde
1755 5288 2045 5340 verisimile
2087 5297 2192 5351 est,

656 5353 906 5422 quoniam
933 5355 1282 5407 novissimum
1312 5368 1534 5422 regnum
1553 5354 1655 5406 hoc
1677 5353 1834 5422 habet
1850 5355 2189 5407 vocabulum.

656 5418 834 5492 Latini
864 5425 1002 5492 enim
1034 5434 1162 5478 sunt
1180 5424 1271 5492 qui
1300 5418 1445 5476 nunc
1476 5431 1729 5491 regnant;
1750 5421 1840 5473 sed
1873 5438 1977 5475 non
2014 5426 2065 5476 in
2094 5425 2196 5478 hoc

659 5503 756 5559 nos
787 5487 1152 5559 gloriabimur.
1194 5487 1213 5543 ἱ
1245 5492 1367 5546 Haec
1387 5487 1561 5549 autem
1583 5500 1857 5559 propterea
1891 5492 2195 5546 inmedium

2304 5075 2702 5145 apocalypticus
2725 5074 2827 5126 666
2854 5073 2973 5125 inde
2988 5088 3271 5141 exsurgere
3294 5052 3500 5143 potest;
3534 5084 3592 5127 ut
3626 5074 3853 5141 proinde

2304 5147 2381 5193 sic
2397 5145 2741 5193 exprimenda
2770 5143 3015 5193 fuissent.
3048 5143 3317 5193 TEITAN.
3349 5144 3695 5193 ΕΥΛΝΘΛΣ.
3736 5147 3853 5193 ΛΔ-

2302 5144 2381 5197 sic
2397 5144 2741 5211 exprimenda
2770 5144 3015 5203 fuissent,
3048 5144 3317 5205 TEITAN,
3349 5144 3695 5205 ΕΥΛΝΘΛΣ,
3736 5147 3856 5194 ΛΔ-

2299 5214 2574 5265 ΤΕΙΝΟΣε
2631 5228 2738 5279 quo
2782 5211 2995 5278 quidem
3052 5214 3209 5267 modo
3252 5214 3342 5267 illa
3394 5213 3661 5281 expreSsit
3693 5223 3849 5264 vetus

2294 5283 2477 5337 Irenaai
2509 5282 2798 5348 interpres.

2364 5352 2461 5421 (δ’)
2492 5346 2736 5421 Finibus.
2777 5348 2830 5400 In
2859 5346 3042 5421 Grmco
3060 5351 3325 5421 κεράτων·
3354 5351 3495 5404 unde
3528 5352 3736 5405 videtur
3763 5348 3847 5403 in-

2300 5418 2504 5488 terpres
2535 5420 2729 5487 legisse
2759 5418 3023 5485 περάτων.
3055 5418 3209 5473 em.
3249 5419 3488 5474 PaTnOL.

2366 5487 2441 5559 (9)
2472 5489 2872 5556 Προέφθημεν.
2903 5490 2977 5543 Ita
3009 5489 3287 5558 legendum
3309 5530 3323 5551 ,
3371 5504 3467 5558 pro
3503 5487 3845 5558 προέφημεν.

660 5557 1008 5631 adduximus,
1052 5571 1106 5613 ut
1147 5563 1315 5631 magis
1356 5562 1480 5631 inde
1509 5557 1951 5631 constet,lrena‘:i
1999 5562 2193 5627 scripta
2293 5557 2510 5631 Fasalc.

660 5624 999 5694 Hippolytum
1040 5643 1147 5694 prae
1178 5624 1351 5685 ochlis
1384 5630 1658 5684 habuisse.
1696 5628 1830 5682 Hinc
1859 5629 2022 5680 etiam
2050 5624 2198 5681 coin-

656 5696 951 5767 pcrturnlit
975 5736 989 5759 ,
1025 5698 1125 5749 tria
1151 5698 1248 5752 ista
1272 5700 1489 5753 nomina
1511 5714 1789 5767 perperam
1809 5698 1977 5767 fuisse
2003 5698 2059 5767 in
2084 5712 2200 5751 ver-

659 5768 809 5836 sione
833 5765 976 5818 hisce
996 5766 1185 5819 litteris
1229 5763 1573 5836 consignata,
1604 5763 1791 5836 Titan,
1833 5763 2099 5819 Evandrus
2147 5774 2201 5819 et

2392 5630 2476 5701 ιθ)
2511 5625 2772 5701 Helviam.
2801 5624 3065 5701 (λυπηθείη
3088 5627 3326 5701 εποίησε.

2396 5693 2480 5767 ίῆ
2520 5700 2785 5767 ’ἸσχιλισεΖ
2816 5693 2971 5767 [forte
3000 5693 3389 5767 ίσχύσειζϐυυ.

2364 5760 2475 5837 (12)
2504 5760 2801 5837 iratas-te;
2827 5760 3128 5837 Legendu'm
3160 5767 3477 5837 ὑπαντήσει,
3501 5763 3643 5817 unde
3659 5760 3840 5829 sequi-

660 5832 877 5888 Lau‘nus
896 5850 914 5887 .'
940 5852 1112 5906 neque
1138 5837 1278 5891 enim
1300 5838 1365 5891 ad
1383 5831 1612 5893 mentem
1636 5835 1904 5907 Hippolyti
1932 5851 2188 5892 numerus
2295 5831 2402 5904 tur,
2432 5831 2523 5889 καὶ
2555 5835 2723 5905 ἄρξει.
2761 5832 2888 5888 Tur.
2911 5831 3048 5887 Fas.
