4098 6362
211 497 303 551 ἹΠ
417 504 426 512 ’
771 547 774 551 ,
1272 494 1359 550 DE
1394 491 1692 551 CHRISTO
1729 492 1816 549 ET
1862 488 2337 548 ANTICHRISTO.
3297 495 3396 551 778

224 609 420 681 κόσμου
445 598 700 681 Σωτῆρα,
734 608 1070 681 συναίρεσθαι
1102 609 1157 664 δὲ
1185 611 1248 681 τῇ
1291 605 1485 682 πλάνῃ,
1515 609 1735 678 ἐπίγειοι

1852 624 1916 665 ac
1943 609 2221 680 abjiceret,
2245 607 2417 664 errori
2442 623 2569 664 vero
2600 608 2946 676 consentiret,
2980 619 3249 667 terrenum
3275 612 3400 666 diii-

214 701 421 773 βασιλέα
445 701 799 772 αἱρούμενος,
833 701 935 775 τὸν
958 699 1014 753 δὲ
1048 702 1362 773 ἐπουράνιον
1391 701 1620 764 ἀθετεῖν,
1656 717 1735 770 φη

1860 715 1989 770 gens
2011 715 2218 771 regem,
2257 715 2321 755 ac
2365 700 2635 756 caelestem
2675 716 2969 771 spernens:
3001 721 3020 754 ι
3051 696 3238 757 Nonne
3267 706 3399 766 haec,

214 792 320 845 σίν·
375 809 397 843 ι
433 793 547 846 Οὐκ
581 790 688 843 ίδοὺ
739 788 909 843 ταῦτα
940 790 1215 861 συνῆκται
1265 791 1393 861 παρ’
1445 790 1578 862 ἐμοῦ
1607 829 1623 854 ,
1659 795 1735 844 κα

1859 788 2051 858 inquit,
2081 789 2295 843 condita
2323 793 2449 844 sunt
2478 789 2616 858 apud
2639 803 2746 854 me,
2782 796 2836 841 et
2865 789 3072 858 signata
3107 789 3162 843 in
3186 789 3400 848 thesau—

215 881 552 952 διαρραγισται
583 882 640 934 ὲν
669 883 780 944 τοῖς
810 878 1094 952 θησαυροῖς
1131 897 1264 951 μους
1308 880 1366 935 ἐν
1391 883 1571 954 ἡμέρᾳ
1607 881 1735 934 suae

1856 879 1933 933 ris
1962 879 2138 934 meis?
2164 878 2220 932 In
2254 879 2340 932 die
2379 878 2600 933 ultionis
2626 879 2940 943 retribuam,
2966 879 3098 932 etin
3139 888 3399 950 tempore,

217 971 410 1040 κήσεως
443 970 820 1035 ἀνταποδώσω,
859 958 954 1025 καὶ
995 974 1052 1026 ἐν
1084 969 1256 1042 καιρῷ
1275 1009 1291 1035 ,
1332 971 1460 1026 ὅταν
1509 972 1684 1043 σφα-λῇ
1728 994 1735 1023 ι

1855 985 1976 1024 cum
2005 963 2220 1024 labetur
2241 984 2334 1039 pes
2360 985 2545 1024 eorum
2571 970 2636 1020 τ’.
2669 987 2687 1019 ι
2724 960 3026 1023 Ροεοιηηίε
3051 970 3232 1039 itaque
3262 970 3398 1040 lapsi

215 1059 333 1124 ποῦς
363 1059 557 1114 αὐτῶν.
583 1078 602 1112 ι
651 1060 987 1130 Ἐσφάλησαν
1011 1057 1101 1114 οῦν
1137 1060 1274 1114 κατὰ
1312 1059 1506 1123 πάντα,
1542 1061 1600 1115 ἐν
1645 1078 1735 1130 μη-

1855 1069 2056 1115 suntet
2086 1067 2426 1130 erraverunt,
2450 1060 2543 1129 qui
2586 1059 2639 1113 in
2683 1061 2830 1113 nullo
2863 1061 3072 1114 veritati
3104 1063 3402 1117 concordes

209 1147 312 1200 δενὶ
350 1147 625 1218 σύμφωνοι
658 1153 723 1220 τῇ
755 1150 980 1221 ἀληθείᾳ
1006 1149 1404 1221 εὑρισκόμενοι·
1442 1153 1577 1222 μήτε
1613 1151 1735 1206 κατὲ

1850 1152 2205 1207 exstiterunt:
2233 1167 2334 1206 nec
2354 1152 2407 1205 in
2432 1151 2565 1221 lege,
2590 1152 2732 1221 quod
2757 1166 2874 1206 eam
2901 1154 3218 1222 transgressi
3241 1164 3395 1218 sunt;

183 1239 293 1290 -τὺν
322 1239 498 1308 νόμον,
534 1239 623 1292 διὰ
655 1240 717 1292 τὸ
751 1240 1072 1312 παραϐάτας
1103 1241 1296 1303 αὐτοὺς
1330 1240 1439 1311 (1.7)
1465 1241 1713 1309 γενέσθαι

1850 1255 1949 1295 nec
1974 1241 2027 1292 in
2057 1239 2362 1309 prOphetis,
2409 1239 2554 1308 quod
2594 1239 2880 1307 prophetas‘
2924 1253 3140 1308 quoque
3183 1239 3399 1295 occide—

210 1331 339 1400 μήτε
363 1330 500 1382 κατὰ
543 1331 667 1393 τοὺς
698 1333 1010 1403 προφήτας,
1047 1330 1134 1384 διὰ
1163 1332 1223 1384 τὸ
1263 1332 1357 1384 καὶ
1390 1331 1584 1407 αὐτοὺς
1625 1333 1735 1396 τοὺς

1850 1339 2003 1395 runt;
2025 1345 2123 1385 nec
2145 1329 2196 1381 in
2218 1327 2624 1397 Evangeliorum
2646 1343 2798 1390 voce,
2814 1329 2956 1397 quod
2987 1337 3040 1385 et
3067 1329 3394 1385 Salvatorem

207 1419 476 1490 προφήτας
501 1421 858 1493 ἀνῃρηκέναι·
904 1422 1038 1492 μήτε
1079 1422 1216 1476 κατὰ
1246 1421 1343 1492 τὴν
1373 1423 1480 1476 τῶν
1522 1421 1752 1491 εὐαγγε-

209 1507 334 1559 λίων
358 1509 544 1578 φωνὴν,
579 1508 665 1563 διὰ
700 1508 760 1562 τὸ
791 1509 883 1562 καὶ
919 1508 1076 1562 αὑτὸν
1115 1509 1207 1562 τὸν
1241 1509 1469 1580 Σωτῆρα
1503 1526 1749 1582 σταυρω-

213 1595 392 1666 θῆναι’
429 1598 562 1666 μήτε
602 1600 715 1660 τοῖς
741 1597 1050 1661 ἀποστόλοις
1085 1597 1411 1666 πειθόμενοι,
1447 1595 1535 1650 διὰ
1565 1598 1625 1650 τὸ
1657 1598 1750 1650 καὶ

204 1687 390 1748 αὐτοὺς
416 1686 764 1758 ἑκδιωχθῆναι
783 1704 798 1718 ·
824 1686 1050 1740 πάντοτε
1079 1688 1349 1742 ἐπίϐουλοι
1372 1690 1466 1743 καὶ
1492 1689 1745 1759 προδόται

197 1776 296 1844 τῆς
345 1778 597 1848 ἀληθείας
625 1777 928 1848 γενόμενοι,
966 1778 1201 1849 μισόθεοι
1245 1779 1338 1832 καὶ
1387 1780 1460 1850 μὴ
1510 1779 1742 1846 φιλόθεοι

1846 1420 2023 1489 ipsum
2050 1418 2469 1483 cruciﬁxerunt;
2497 1432 2597 1470 nec
2629 1418 2894 1486 apostolis
2916 1418 3214 1485 credentes,
3253 1421 3396 1489 quod

1845 1519 1898 1564 et
1927 1502 2047 1566 illos
2079 1512 2348 1581 persecuti
2381 1518 2534 1573 sunt;
2570 1509 2766 1578 ubique
2802 1510 3012 1564 veritati
3047 1511 3272 1566 insidias
3302 1527 3398 1568 ne~

1845 1608 2046 1656 ctentes
2089 1600 2316 1670 ejusque
2356 1599 2678 1669 proditores,
2718 1597 2809 1652 Dci
2845 1600 3014 1668 magis
3050 1600 3174 1654 odio
3222 1601 3391 1666 ducti,

1844 1707 2006 1763 quam
2032 1692 2150 1763 ejus
2182 1692 2291 1746 ullo
2313 1705 2496 1746 amore
2534 1691 2744 1762 devoti;
2778 1692 2867 1760 qui
2905 1699 2959 1744 et
2987 1691 3088 1760 ipsi
3129 1701 3256 1745 tunc
3299 1692 3392 1746 ubi

1845 1791 2005 1839 erunt
2049 1783 2193 1837 nacti
2243 1783 2614 1846 occasionem,
2662 1781 2942 1835 mortalem
2986 1782 3256 1836 hominem
3304 1784 3388 1837 sui

196 1867 585 1939 εὑρισκόμενοι,
612 1869 704 1920 καὶ
728 1868 777 1920 oi
801 1869 920 1921 τότε
942 1867 1223 1940 λαϐόμενοι
1260 1869 1446 1939 καιρόν
1465 1887 1477 1898 ·
1504 1871 1735 1924 ἐκδικίαν

1841 1873 2070 1930 ultorem
2099 1873 2215 1929 fore
2250 1876 2540 1941 rogabunt,
2573 1873 2829 1927 adversus
2848 1871 2943 1928 Dei
2975 1887 3159 1928 servos
3194 1875 3389 1929 animis

195 1958 300 2029 γὰρ
347 1958 496 2028 παρὰ
541 1948 821 2029 ἀνθρώπου
853 1959 1044 2029 θνητοῦ
1087 1963 1267 2030 τυχεῖν
1307 1960 1554 2030 εῦχονται
1599 1960 1735 2014 κατὰ

1840 1964 2066 2020 incitati.
2094 1964 2299 2028 Quibus
2332 1964 2422 2018 ille
2453 1961 2594 2018 fastu
2623 1971 2860 2029 tumens,
2885 1963 3096 2040 libellos
3120 1963 3173 2016 in
3203 1978 3390 2019 omnes
3453 1949 3460 1956 ’
3494 1972 3496 1974 ’

194 2048 298 2102 τῶν
341 2049 540 2101 δούλων
577 2048 671 2101 τοῦ
712 2047 847 2102 Θεοῦ
897 2051 1249 2121 ἐγειρόμενοι.
1302 2052 1398 2113 Ὃς
1452 2052 1740 2119 φυσιωθεὶς

197 2142 285 2194 ὑπ’
330 2141 511 2195 αὐτῶν
553 2141 662 2211 (18)
708 2141 930 2211 ἄρχεται
972 2142 1183 2211 βίδλους
1230 2141 1368 2194 κατὰ
1414 2141 1522 2195 τῶν
1573 2142 1740 2210 ἁγίων

197 2232 495 2301 ἐκπέμπειν
536 2232 662 2294 τοὺς
690 2230 894 2295 πάντας
933 2231 1202 2302 πανταχοῦ
1231 2232 1584 2303 ἀναιρεῖσθαι,
1618 2234 1742 2297 τοὺς

200 2322 272 2390 μὴ
301 2321 549 2383 θέλοντας
575 2322 731 2375 αὑτὸν
763 2321 1007 2387 σεδὰζειν
1029 2323 1120 2375 καὶ
1144 2326 1463 2394 προσκυνεῖν
1486 2323 1559 2386 ὡς
1589 2323 1740 2387 Θεὸν,

199 2410 364 2471 καθώς
396 2411 581 2481 φησιν’
599 2412 820 2476 Ἡσαΐας
839 2430 853 2445 ο
885 2432 904 2464 ι
931 2414 1068 2488 Ὀὐαὶ
1096 2415 1198 2484 γῆς
1233 2414 1428 2467 πλοίων
1455 2414 1740 2486 πτέρυγες,

195 2499 434 2552 ἐπέκεινα
451 2518 586 2555 ποτα
594 2502 706 2573 μῶν
717 2502 1014 2566 Αἰθιοπίας
1031 2506 1059 2555 ὁ
1076 2505 1412 2557 ἀποστέλλων
1431 2507 1487 2558 ἐν
1504 2505 1743 2578 θαλάσσῃ

188 2591 384 2661 ὅμηρα,
427 2592 523 2644 καὶ
543 2592 824 2654 ἐπιστολὰς
858 2592 1097 2662 βιϐλίνας
1133 2593 1342 2663 (ἐπάνω
1382 2596 1473 2646 τοῦ
1516 2595 1702 2657 ὕδατος
1726 2613 1738 2624 ·

182 2682 538 2754 πορεύσονται
583 2684 691 2756 γὰρ
735 2683 949 2753 ἄγγελοι
996 2684 1223 2754 κοῦφοι)
1270 2686 1405 2757 πρὸς
1451 2687 1599 2749 ἔθνος
1646 2706 1741 2758 με-

179 2775 385 2845 τέωρον
403 2773 544 2843 (19),
571 2775 664 2828 καὶ
695 2769 842 2838 ξένον
865 2774 991 2829 λαὸν
1018 2776 1110 2828 καὶ
1145 2775 1377 2847 χαλεπὸν
1409 2778 1488 2841 είς
1525 2779 1738 2842 αὐτοὺς,

175 2865 334 2928 ἔθνος
369 2865 684 2918 ἀνέλπιστον
727 2867 821 2918 καὶ
854 2867 1393 2938 καταπεπατημένον.

262 2961 406 3014 Ἀλλ’
447 2963 608 3032 ἡμεῖς
645 2961 835 3026 οἵτινες
874 2961 1176 3026 ἐλπίζοντες
1229 2964 1309 3024 είς
1362 2963 1452 3016 τὸν
1482 2963 1606 3016 Υίὸν
1647 2964 1742 3018 τοῦ

175 3051 316 3105 Θεοῦ
340 3090 357 3114 ,
408 3051 711 3121 διωκόμεθα
763 3051 1225 3121 καταπατούμενοι
1279 3052 1368 3104 ὑπ’
1411 3052 1588 3104 αὐτῶν
1638 3054 1743 3106 τῶν

174 3145 445 3199 ἀπίστων.
482 3142 684 3197 Πλοίων
715 3143 821 3215 γὰρ
852 3142 1117 3214 πτέρυγες
1147 3145 1282 3196 είσιν
1305 3145 1361 3197 αί
1403 3143 1740 3215 Ἐκκλησίαιο

175 3236 423 3289 θάλασσα
452 3233 508 3285 δέ
546 3235 690 3286 ἐστιν
715 3234 746 3286 ὁ
791 3234 1022 3303 κόσμος,
1067 3238 1122 3287 ὲν
1172 3227 1276 3304 ᾧ”ἡ
1312 3235 1625 3304 Ἐκκλησία,
1666 3237 1740 3299 ὡς

174 3325 309 3388 ναῦς
335 3326 395 3376 ὲν
423 3323 647 3390 πελάγει
668 3322 980 3392 χειμάζεται
1013 3325 1130 3393 μὲν,
1153 3323 1266 3377 ἀλλ’
1287 3325 1385 3377 οὐκ
1410 3324 1731 3377 ἀπόλλυταιο

175 3414 291 3484 ἔχει
345 3414 456 3484 γὰρ
514 3414 629 3484 μεθ’
687 3414 882 3483 ἑαυτῆς
931 3414 1025 3467 τὸν
1081 3414 1340 3483 ἔμπειρον
1403 3416 1733 3486 κυϐερνήτην

175 3503 413 3574 Χριστόν
433 3519 446 3532 ·
481 3502 632 3572 φέρει
658 3501 714 3554 δὲ
737 3503 793 3555 ὲν
827 3502 977 3572 μέσῳ
1007 3502 1101 3555 καί
1123 3502 1182 3554 τὸ
1206 3501 1481 3570 τρόπαιον,
1511 3503 1571 3556 τὸ
1597 3505 1736 3558 κατὰ

175 3595 272 3647 τοῦ
306 3593 558 3655 θανάτου,
579 3593 655 3656 ὡς
683 3592 772 3646 τὸν
803 3593 1030 3663 σταυρὸν
1055 3592 1146 3645 τοῦ
1169 3593 1371 3663 Κυρίου
1402 3592 1517 3662 μεθ’
1538 3593 1733 3664 εαυτῆς

178 3683 548 3756 βαστάζουσα.
575 3685 728 3738 Ἔστι
761 3684 870 3755 γὰρ
918 3684 1089 3754 αὐτῆς
1124 3685 1218 3755 μὲν
1256 3681 1474 3755 πρώρα,
1509 3687 1540 3753 ἡ
1580 3685 1732 3740 Ἀνα-

173 3776 302 3846 τολή
324 3793 340 3805 °
373 3774 593 3846 πρύμνα
617 3775 694 3839 δὲ,
724 3775 757 3845 ἡ
779 3774 937 3837 Δύσις
954 3791 970 3805 ο
997 3775 1059 3826 τὸ
1084 3774 1138 3826 δὲ
1165 3774 1323 3836 κύτος
1346 3773 1478 3843 (20),
1506 3776 1732 3844 Μεσημ-

177 3868 310 3939 ερία
329 3886 343 3897 ·
373 3869 557 3930 οίακες
599 3867 679 3931 δὲ,
713 3868 767 3921 αί
812 3867 904 3920 δύο
942 3868 1236 3938 Διαθῆκαι·
1273 3868 1475 3938 σχοινία
1504 3868 1561 3920 δὲ
1589 3883 1742 3936 περι-

174 3959 492 4029 τεταμένα,
551 3959 585 4028 ἡ
635 3959 824 4028 ἀγάπη
872 3959 964 4011 τοῦ
1011 3957 1243 4028 Χριστοῦ
1292 3958 1588 4026 σφίγγουσα
1635 3957 1736 4027 τὴν

176 4055 552 4126 ,Εκκλησίανσ
608 4053 751 4107 λίνον
789 4037 914 4123 (21)
957 4053 1015 4106 δὲ
1061 4053 1090 4105 ὃ
1128 4052 1278 4122 φέρει
1339 4053 1452 4122 μεθ’
1499 4054 1728 4121 ἑαυτῆς,

174 4141 239 4193 τὸ
279 4140 504 4214 Λουτρδν
538 4139 637 4209 τῆς
673 4138 1085 4208 παλιγγενεσίας
1120 4139 1445 4210 ἀνανεούσης
1482 4141 1605 4205 τοὺς
1641 4159 1731 4195 πι-

172 4301 173 4304 η
260 4273 306 4305 ⁷⁸
334 4272 488 4328 Deut.
514 4291 697 4340 uxrv,
732 4277 820 4342 54,
863 4279 953 4334 55.
991 4293 996 4298 ‘
1031 4278 1200 4335 "'lsa.
1242 4295 1395 4344 xvm,
1424 4281 1475 4346 l,
1498 4280 1552 4335 2.

407 4393 750 4470 ῌᾳραόᾴτιξς
771 4397 1007 4470 αὐτούς.
1029 4397 1114 4470 ω.
1145 4398 1458 4470 παραϐάτας
1491 4399 1682 4453 αὑτοῦ.

281 4465 348 4518 18
421 4465 547 4517 Ταῖ’
573 4465 788 4518 αὐτῶν.
820 4465 1084 4533 Combel'.,
1114 4465 1241 4539 παρῆ
1267 4469 1463 4521 αὐτῶν.

255 4467 370 4604 ἒ19ζ
407 4534 559 4604 Πρός
586 4531 756 4604 ἔθνος
779 4535 1086 4601 μετέωρον.
1118 4536 1291 4591 Locus
1319 4540 1404 4591 hic
1433 4554 1461 4590 ν

1765 3280 1808 3339 C

284 4531 1728 4628 tﬂﬂeﬁsfitfwezéfeec.Esérstﬁsiiss§-ﬂi€:
1759 4575 1804 4628 ι)

185 4601 414 4674 rouymo
441 4601 784 4674 diﬁicillimus
805 4642 820 4667 ,
860 4618 1017 4674 quem
1052 4607 1333 4674 allegorice
1367 4608 1433 4661 de
1468 4607 1726 4660 haereticis

183 4671 428 4741 exponit.
461 4671 764 4742 Μετέωρον,
798 4673 986 4738 (ιυοόδι
1012 4671 1274 4729 excelsam
1303 4695 1320 4728 ι
1348 4675 1540 4738 reddit,
1571 4677 1726 4743 quasi

184 4743 345 4795 obvia
373 4743 777 4809 signiﬁcatione,
800 4751 853 4793 et
879 4750 998 4808 post
1026 4759 1148 4795 eum
1176 4743 1441 4809 Nobilius,
1465 4746 1593 4797 mihi
1619 4760 1725 4797 non

187 4811 468 4865 satisfacit.
502 4810 732 4865 Putandi
771 4809 1022 4878 Septuag.
1053 4814 1287 4867 voluisse
1316 4815 1422 4866 vim
1452 4812 1729 4866 Hebraicae

189 4881 342 4932 vocis
370 4881 610 4951 reddere,
639 4895 759 4951 qum
788 4881 932 4951 velut
959 4897 977 4928 ι
998 4878 1307 4935 distractum
1336 4891 1673 4951 tractumque
1704 4901 1722 4932 ι

189 4959 372 5009 sonat,
412 4950 574 5020 hujus
602 4948 966 5020 amplitudinis
995 4962 1148 5020 voce,
1175 4964 1240 5020 ac
1279 4966 1388 5020 qua
1419 4951 1556 5005 forte
1582 4948 1728 5005 nulla

183 5017 522 5072 commodior
549 5019 794 5072 exsistat.
811 5017 890 5072 Sit
912 5032 1058 5085 ergo,
1083 5034 1100 5066 ι
1126 5017 1205 5070 Ad
1232 5017 1442 5086 gentem
1470 5031 1725 5084 erectam,

188 5087 448 5159 suspensi
489 5088 692 5159 animi,
735 5087 956 5142 consilia
1000 5087 1328 5154 molientem,
1357 5107 1377 5140 ι
1421 5105 1485 5144 ac
1524 5091 1569 5144 si
1599 5091 1728 5159 quid

186 5156 451 5222 ejusmodi
472 5166 574 5210 est.
607 5157 842 5210 Coner.
917 5213 934 5218 _,

259 5224 370 5294 (ΞΟ)
414 5226 479 5294 Td
526 5225 595 5277 δὲ
640 5226 835 5291 κύτος.
889 5223 979 5279 Sic
1016 5224 1327 5288 emendavi,
1369 5241 1491 5280 cum
1533 5242 1730 5294 repra-

191 5293 415 5347 sentarit
442 5293 670 5357 Gudius,
692 5295 753 5347 τὺ
782 5295 838 5348 δὲ
867 5294 1057 5347 κύκλον
1075 5311 1088 5323 ο
1114 5309 1409 5363 parumque
1439 5296 1575 5363 felici
1595 5293 1729 5349 con-

186 5363 430 5428 jectura,
478 5355 665 5416 κοῖλον.
697 5355 1425 5431 emendandum-putaverit.
1473 5355 1566 5418 Est
1615 5366 1729 5418 haec

193 5432 348 5482 navis
392 5432 713 5502 descriptio.
770 5434 882 5501 ipsa
914 5433 1298 5502 accurata,cui
1347 5434 1572 5500 proinde
1611 5442 1730 5500 post

192 5513 405 5570 proram
426 5509 477 5553 et
504 5501 746 5570 puppim,
776 5502 838 5554 τὸ
861 5501 1019 5566 κύτος
1044 5503 1426 5570 assignandum
1457 5515 1592 5564 erat,
1618 5511 1727 5556 tota

193 5569 370 5641 media
392 5569 663 5641 capaciias
693 5571 792 5641 ghis
836 5572 1127 5641 intercepta
1162 5569 1223 5624 et
1265 5573 1728 5641 laterumrampli-

194 5636 350 5715 tudo,
375 5636 532 5721 quam
565 5639 644 5694 sic
659 5638 848 5721 .Graze‘i
885 5636 1112 5721 vocantL
1138 5641 1357 5720 Atticm,
1392 5640 1530 5721 κατα
1570 5636 1729 5709 μέσον

192 5706 294 5772 τῆς
322 5706 448 5768 νεὼς
471 5706 628 5770 κύτος
655 5709 711 5759 ὲν
736 5710 908 5774 κοίλῃ,
931 5727 951 5760 ι
976 5711 1184 5764 medius
1216 5713 1366 5764 navis
1398 5706 1598 5772 venter,
1634 5724 1728 5762 seu

197 5776 524 5830 ventricosus
562 5777 761 5831 alveus.
785 5798 804 5828 ι
837 5776 946 5833 Nec
980 5781 1132 5842 aliter
1184 5780 1293 5834 Jul.
1338 5779 1528 5833 Pollux
1562 5778 1654 5832 lib.
1687 5795 1725 5841 ι,

163 5859 172 5865 ’
197 5852 320 5908 cap.
347 5845 404 5912 4,
435 5845 566 5912 Περὶ
589 5845 785 5914 μερῶν
805 5847 938 5909 νεώς
957 5864 972 5876 ο
1018 5849 1126 5901 ΚοΓι
1173 5851 1231 5902 τὸ
1268 5850 1365 5921 μὲν
1410 5849 1601 5916 ἔδαφος
1631 5847 1726 5916 τῆς

503 5943 768 6038 Ρλιτιιοι..
797 5942 912 6001 Gn.
953 5943 1031 6004 X.

1839 2064 2019 2125 partes
2060 2058 2321 2109 adversus
2361 2062 2576 2108 sanctos
2615 2053 2885 2108 destinare
2932 2054 3170 2124 incipiet,
3207 2063 3266 2110 ut
3297 2056 3389 2125 qui

1837 2160 1961 2200 eum
1984 2145 2159 2200 colere
2183 2154 2237 2199 et
2259 2146 2414 2214 quasi
2438 2144 2604 2200 Deum
2626 2148 2867 2200 venerari
2888 2148 3176 2211 noluerint,
3202 2134 3389 2222 omnes

1841 2236 2041 2304 ubique
2084 2236 2502 2300 interﬁciuntur;
2554 2237 3001 2305 quemadmodum
3047 2238 3123 2291 ait
3165 2236 3335 2293 Isaias
3371 2257 3385 2291 :
3471 2224 3476 2230 ’

1846 2345 1864 2375 ι
1897 2323 1988 2379 Vm
2029 2332 2185 2379 terrae
2223 2327 2438 2378 navium
2481 2328 2600 2388 alar,
2627 2336 2776 2380 trans
2817 2325 3038 2380 ﬂumina
3078 2323 3385 2396 Ethiopian

1841 2415 1942 2483 Qui
1977 2417 2143 2470 mittit
2183 2417 2236 2470 in
2283 2432 2431 2471 mare
2472 2418 2719 2484 obsides,
2768 2428 2822 2472 et
2867 2418 3119 2489 epistolas
3159 2419 3389 2474 biblinas

1841 2524 2003 2578 super
2035 2525 2252 2580 aquam.
2296 2509 2452 2564 Ibunt
2493 2512 2638 2565 enim
2687 2513 2860 2567 nuntii
2898 2514 3040 2569 leves
3077 2513 3144 2568 ad
3176 2524 3388 2584 gentem

1840 2609 2071 2656 erectam
2101 2601 2456 2670 suspensique
2475 2602 2661 2666 animi,
2687 2611 2741 2656 et
2766 2603 3104 2674 peregrinum
3132 2607 3386 2674 populum

1841 2701 2149 2757 szevumque
2173 2689 2228 2742 in
2253 2704 2368 2752 eos,
2404 2698 2612 2759 gentem
2645 2689 2968 2759 insperatam
3010 2699 3066 2746 et
3103 2692 3389 2748 conculca-

1842 2787 1949 2831 tam
1971 2779 2038 2832 ⁷³.
2070 2797 2089 2830 ι
2444 2772 2458 2793 ⁸
2929 2801 2932 2812 ι
3397 2793 3399 2799 '

1910 2955 2043 3012 ΗΧ.
2084 2956 2275 3012 Verum
2305 2973 2404 3013 nos
2431 2957 2522 3028 qui
2547 2957 2599 3010 in
2629 2956 2820 3011 Filium
2861 2955 2954 3012 Dei
2986 2972 3285 3027 speramus,
3315 2961 3384 3015 ab

1842 3048 2141 3103 inﬁdelibus
2188 3064 2218 3102 a
2262 3048 2465 3121 quibus.
2504 3048 2920 3113 conculcamur,
2956 3050 3381 3118 persecutionem

1840 3140 2093 3209 patimur.
2139 3140 2251 3194 Ala:
2290 3141 2431 3194 enim
2471 3140 2709 3203 navium,
2753 3138 3008 3194 Ecclesiae
3043 3148 3399 3207 sunt;gmare'

1842 3246 1990 3297 vero,
2025 3232 2280 3296 mundus,
2316 3233 2371 3285 in
2419 3247 2528 3301 quo
2555 3230 2817 3296 Ecclesia,
2860 3233 3004 3287 velut
3030 3231 3180 3288 navis
3211 3233 3382 3303 pelagi

1839 3323 1974 3388 salo,
2003 3322 2254 3377 ﬂuctibus
2283 3323 2537 3390 jactatur,
2570 3337 2668 3377 nec
2701 3331 2876 3376 tamen
2908 3321 3190 3394 naufragio
3210 3324 3377 3392 perit;
3406 3342 3414 3346 ·

1840 3414 2037 3484 quippe
2054 3429 2177 3468 cum
2200 3413 2448 3468 solertem
2479 3413 2884 3484 gubernatorem
2907 3413 3178 3467 Christum
3200 3429 3380 3469 secum

1840 3505 2055 3559 habeat.
2081 3505 2205 3558 Fert
2231 3519 2360 3558 vero
2388 3505 2547 3558 etiam
2578 3505 2631 3556 in
2664 3503 2840 3557 medio
2867 3511 3099 3556 erectum
3124 3505 3381 3558 adversus

1839 3606 2065 3650 mortem
2098 3605 2374 3663 tropaeum,
2397 3609 2517 3664 quae
2537 3593 2780 3648 videlicet
2815 3608 3024 3647 crucem
3054 3591 3262 3647 Domini
3295 3610 3382 3649 se-

1840 3701 1963 3741 cum
1987 3694 2179 3755 portet.
2227 3683 2322 3738 Est
2359 3684 2501 3737 enim
2539 3682 2658 3752 ejus
2701 3697 2884 3751 prora,
2933 3681 3155 3748 Oriens;
3187 3685 3382 3753 puppis

1837 3792 1985 3842 vero,
2021 3774 2315 3839 Occidens;
2348 3775 2551 3829 cavitas
2591 3775 2871 3844 mediaque
2897 3776 3183 3844 capacitas,
3222 3776 3383 3833 Meri-

1837 3865 1981 3932 dies;
2020 3865 2179 3928 clavi,
2211 3865 2319 3918 duo
2349 3863 2717 3929 Testamenta;
2756 3864 3160 3919 circumextenti
3200 3864 3376 3931 funes,

1836 3956 2035 4011 Christi
2053 3956 2288 4009 cbaritas
2313 3955 2737 4024 quacEcclesiam
2762 3956 3212 4026 astringit-,linum
3235 3961 3378 4026 quod
3454 3982 3456 3984 ·
3513 3953 3518 3959 ’

1835 4061 2018 4101 secum
2049 4046 2171 4117 fert,
2201 4047 2472 4099 lavacrum
2496 4055 2578 4100 est
2604 4048 3023 4115 regenerationis
3050 4064 3168 4117 qua:
3196 4049 3378 4102 ﬁdeles
3445 4062 3448 4064 ·

1834 4148 2075 4204 renovat,
2104 4115 2244 4191 unde
2280 4145 2405 4191 sunt
2439 4138 2524 4190 illa
2552 4139 2822 4206 pt-mclara.
2865 4136 3018 4191 Venti
3068 4138 3185 4191 loco
3225 4136 3376 4191 adest

1832 4397 1993 4463 νεὼς,
2024 4399 2181 4467 κότος
2229 4396 2323 4448 καὶ
2370 4394 2719 4467 γὰατριακαὶ
2769 4393 3135 4467 ἀμφιμῄτριον
3175 4396 3372 4467 ὀνομά-

1832 4467 1998 4530 ζεται.
2031 4465 2130 4520 Ubi
2158 4481 2262 4518 non
2298 4467 2429 4517 bene
2457 4463 2765 4529 Rodolphus
2799 4463 3142 4529 Gtt-altliertts,
3170 4484 3188 4516 ι
3213 4463 3374 4520 Pavi-

1831 4549 2099 4596 mentum,
2146 4535 2404 4592 fumium,
2448 4534 2656 4591 alvum,
2700 4534 3088 4602 ἀμφιμήτριον.
3121 4553 3141 4585 ›
3172 4533 3374 4592 Domus

1832 4607 2045 4673 quidem
2069 4605 2278 4673 ἔδαφος,
2307 4619 2325 4650 ι
2347 4602 2702 4673 pavimentum
2725 4620 2743 4651 ι
2773 4613 2913 4673 recte
2934 4605 3168 4673 dicatur;
3195 4607 3369 4665 navis,

1829 4667 2083 4748 minime;
2128 4667 2239 4736 sed,
2275 4667 2414 4737 quod
2461 4667 2688 4748 iiesych.
2722 4680 2776 4748 et
2814 4670 2963 4748 Stiid.
2996 4667 3246 4748 χωρημα,
3280 4675 3373 4742 βά-

1827 4745 1944 4805 θος,
1971 4743 2189 4803 πλάτος,
2231 4758 2248 4790 ι
2297 4741 2598 4805 capacitas,
2651 4741 3016 4808 profunditas,
3051 4741 3312 4804 latitudo,
3347 4763 3365 4792 ι

1826 4821 1972 4866 totus
2007 4813 2236 4877 denique
2276 4810 2481 4861 medius
2515 4809 2665 4862 navis
2692 4811 2843 4862 sinus
2869 4821 2923 4862 et
2959 4815 3175 4873 venter;
3211 4811 3371 4876 ὄγκος

1829 4881 1981 4934 Suid.
2019 4894 2124 4932 non
2176 4877 2348 4931 solum
2391 4879 2533 4944 quod
2581 4879 2690 4930 imo
2734 4878 3030 4945 sternitur,
3088 4879 3241 4945 quasi
3297 4882 3363 4930 ad

1828 4951 2027 5003 carina:
2059 4949 2258 5011 locum,
2296 4938 2566 5012 quomodo
2608 4948 2817 5000 videtur
2843 4938 3168 5000 Gualtbcrus
3215 4962 3367 5000 acce-

1828 5021 2001 5088 pisse.
2051 5016 2191 5085 quod
2231 5024 2423 5078 vocat,
2456 5017 2835 5088 pavimentum.
2873 5012 3052 5088 K610;
3078 5016 3133 5068 in
3172 5018 3365 5082 capite,

1828 5084 1941 5142 iota
1970 5084 2212 5152 illa’pars
2243 5100 2362 5151 qua:
2402 5086 2609 5152 capillis
2641 5085 2865 5149 tegitur,
2909 5084 3257 5150 continetque
3304 5099 3368 5135 ae

1830 5157 2030 5224 obtegit
2066 5155 2380 5218 cerebrum;
2420 5169 2582 5223 quam
2618 5152 2717 5224 qui
2754 5153 3116 5217 pavimentum
3145 5155 3366 5218 diceret,

1829 5242 1911 5279 na:
1943 5218 1988 5276 is
2013 5224 2181 5277 scitus
2210 5218 2473 5291 interpres
2503 5218 2664 5276 esset.
2701 5218 2774 5273 lu.

1898 5293 2009 5363 (21)
2047 5292 2246 5344 Λίνον.
2291 5292 2367 5363 ῌΕι
2415 5296 2502 5363 hic
2543 5291 2721 5341 πλοῖον
2756 5297 2940 5363 _erat_:
2992 5297 3050 5343 at
3097 5293 3369 5363 quomodo

1829 5360 1980 5416 navis
2025 5373 2209 5417 sccum
2247 5360 2427 5416 πλοῖον
2457 5361 2579 5423 fert,
2617 5360 2769 5424 quasi
2799 5360 2951 5412 navis
2980 5361 3207 5413 navem?
3242 5377 3368 5415 nam

1828 5433 2006 5497 πλοῖον
2051 5431 2204 5484 navis
2247 5441 2363 5494 est,
2410 5432 2572 5499 haud;
2592 5443 2747 5481 secus
2788 5443 2852 5499 ac
2895 5427 3042 5488 ναῦς.
3094 5427 3369 5499 Mirorque

1828 5500 2002 5555 Gudio
2042 5513 2150 5551 non
2179 5500 2499 5566 δυὺυίυίεεο.
2542 5497 2694 5562 Quod
2727 5499 2804 5550 sic
2839 5497 3054 5566 lavacro
3086 5497 3370 5566 regenera-

1829 5520 2002 5555 ιπυωυ
2042 5520 2150 5551 ῐιυιι
2179 5520 2333 5554 δυυυι
2357 5520 2499 5555 IISSC.
2542 5520 2694 5562 UUUU
2727 5520 2804 5550 SIC
2839 5520 3054 5551 lavacro
3087 5520 3370 5566 regenera-

1829 5570 1991 5622 tionis
2018 5580 2293 5636 comparet
2323 5520 2657 5638 ldippolytus,
2701 5565 2835 5619 nihil
2861 5565 3006 5638 aliud
3030 5569 3366 5621 commodius
3429 5595 3431 5598 -

1829 5640 1939 5693 lino
1985 5639 2253 5702 occurrit,
2282 5636 2518 5706 quo—sic
2552 5637 2836 5703 capiuntur
2878 5636 3086 5706 pisces,
3128 5647 3179 5688 et
3208 5639 3366 5706 cujus
3436 5654 3439 5658 ·

1829 5706 2176 5774 metaphora,
2222 5704 2873 5776 praedicatioevangelica
2920 5704 3146 5776 Proclo,
3193 5705 3366 5776 Chry-

1828 5772 1986 5850 sost_.,
2013 5785 2143 5840 etc.,
2163 5772 2656 5850 declaratur._Ejus
2698 5777 2878 5850 itaque
2910 5775 3236 5850 navis,‘qua:
3262 5772 3370 5850 βο-

1828 5847 1989 5900 clesia
2026 5853 2128 5909 est,
2179 5847 2352 5902 linum
2401 5846 2672 5915 capiendis
2714 5844 3119 5912 pisciculisyet
3154 5849 3209 5893 ut
3257 5844 3365 5908 jam

2980 5937 3056 5994 23
