4098 6362
697 430 796 482 779

1380 423 1433 478 S.
1473 420 1825 477 HIPPOLYTI
1866 420 2017 474 OPP.
2062 417 2237 471 PARS
2279 416 2339 470 ll.
2383 446 2449 455 —
2489 416 2785 471 DOGMAT.
2832 416 2917 470 ET
2960 415 3300 472 lllSTORIC.

3782 418 3881 471 780

695 547 922 613 Spiritus
942 546 1034 600 ille
1065 558 1094 597 e
1126 543 1299 604 caelis,
1336 557 1443 610 quo
1479 540 1661 594 ﬁdeles
1690 541 2073 607 consignantur
2106 536 2233 588 Deo.

2342 532 2652 595 στεύοντας,
2706 532 2823 585 ὅθεν
2877 534 2940 605 δὴ
2992 534 3162 587 ταῦτα
3211 533 3462 603 λαμπρά·
3517 535 3777 607 πάρεστιν
3820 535 3890 598 ὡς

696 636 863 690 liabet
892 636 1083 703 pariter
1106 634 1181 687 illi
1204 633 1430 687 comites
1448 640 1500 685 et
1519 630 1721 685 ﬁzrreas
1744 630 2027 693 anchoras,
2053 640 2233 683 sancta

693 726 944 777 nimirum
972 722 1171 776 Christi
1205 721 1460 775 maiidata
1481 760 1495 782 ,
1540 735 1659 789 qua:
1705 718 1833 772 ferri
1867 718 2026 771 robur
2058 719 2233 786 ipsum

692 812 997 883 pr‘arferant.
1024 812 1163 876 Quin
1197 819 1251 864 et
1281 819 1471 863 nautas
1496 826 1525 863 a
1544 810 1760 865 dextris
1794 820 1953 877 atque
2002 808 2234 862 sinistris

692 897 867 967 habet,
900 912 1207 957 sanctorum
1235 902 1541 971 angelorum
1576 916 1723 954 more
1745 901 2074 963 assistentes,
2102 914 2235 968 quo-

692 1010 811 1047 rum
843 1007 941 1061 ope
972 992 1277 1046 continetur
1304 1000 1462 1059 atque
1499 990 1736 1043 munitur
1773 987 2029 1042 Ecclesia.
2061 987 2117 1040 In
2148 1003 2231 1051 ea,

692 1084 835 1137 scala
868 1097 985 1150 qua:
1030 1082 1082 1134 in
1123 1082 1286 1134 altum
1328 1080 1393 1133 ad
1433 1089 1717 1134 antennam
1762 1079 2026 1143 subvehit,
2062 1079 2236 1147 imago

688 1182 772 1227 cst
800 1171 1054 1226 salutaris
1080 1170 1279 1224 Christi
1307 1170 1590 1237 passionis,
1623 1169 1803 1223 ﬁdeles
1842 1170 2059 1222 trahens
2094 1177 2152 1221 ut
2183 1169 2234 1220 in

692 1264 857 1317 melos
880 1262 1259 1317 conscendant.
1293 1258 1453 1328 Signa
1484 1274 1642 1328 super
1672 1269 1956 1313 antennam
1987 1259 2040 1311 in
2071 1258 2233 1310 altum

692 1354 918 1414 sublata,
948 1352 1348 1421 prophetarum,
1380 1359 1678 1419 martyrum
1708 1358 1761 1403 et
1794 1348 2154 1417 apostolorum
2181 1348 2233 1399 in

689 1445 887 1499 Christi
921 1458 1084 1513 regno
1108 1442 1504 1512 quiescentium
1534 1442 1762 1515 stipatus
1789 1440 1945 1495 ordo.

763 1709 873 1765 LX.
914 1709 985 1762 De
1012 1709 1399 1778 persecutionis
1426 1722 1549 1761 vero
1580 1720 1837 1765 atrumna,
1862 1719 2022 1773 quam
2058 1702 2237 1756 adver-

692 1804 864 1858 sarius
894 1801 1142 1855 Ecclesiae
1193 1801 1426 1860 inducet,
1457 1799 1617 1851 etiam
1653 1796 1887 1850 Joannes
1945 1794 2180 1863 loquitur
2218 1809 2231 1841 :

2341 622 2587 693 πνεῦμα,
2634 624 2694 675 τὸ
2731 624 2823 677 ἀπ’
2876 626 3149 694 οὐρανῶν,
3199 626 3264 677 δι’
3304 619 3363 678 οὗ
3422 622 3802 694 σφραγίζοντηιι
3842 626 3891 676 οἱ

2340 714 2680 778 πιστεύοντες
2746 714 2823 784 τῷ
2894 715 3043 785 Θεῷο
3102 717 3428 787 παρέπονται
3480 718 3535 769 δὲ
3595 718 3729 787 αὐτῇ
3801 718 3891 770 καὶ

2337 806 2568 875 ἄγκυραι
2604 805 2834 875 σιδηραῖ,
2863 805 3023 858 αὑτοῦ
3050 806 3142 858 τοῦ
3182 807 3413 877 Χριστοῦ
3444 810 3495 860 αἱ
3560 808 3709 874 ἆγιαι
3752 810 3896 859 ἐντοο

2339 895 2445 956 λαὶ,
2484 895 2701 947 δυναταὶ
2732 891 2883 948 οὖσαι
2912 895 2985 958 ὠς
3018 896 3251 966 σίδηρος.
3285 898 3432 965 Ἔχει
3471 897 3525 948 δὲ
3571 898 3663 948 καὶ
3698 897 3896 961 ναύτας

2337 986 2540 1051 δεξιοὺς
2570 987 2661 1038 καὶ
2702 986 3030 1057 εὐωνύμους,
3072 987 3146 1049 ὡς
3190 987 3377 1053 ἁγίους
3420 987 3677 1054 ἀγγέλους
3730 988 3889 1055 παρέ-

2338 1079 2492 1147 δρους
2515 1078 2578 1129 δι’
2609 1072 2681 1131 ὧν
2704 1079 2789 1131 ἀεὶ
2817 1081 3094 1148 κρατεῖται
3131 1080 3223 1131 κα).
3258 1083 3565 1148 φρουρεῖται
3594 1080 3626 1148 ἡ
3674 1078 3892 1147 Ἐκκλη-

2340 1170 2429 1221 σία
2447 1186 2458 1197 ·
2487 1168 2684 1237 κλίμαξ
2712 1170 2768 1220 ὲν
2792 1169 2925 1237 αὐτῇ
2958 1169 3035 1229 είς
3065 1167 3194 1235 ὕψος
3218 1169 3487 1235 άνάγουσα
3509 1169 3599 1219 ἐπὶ
3623 1168 3684 1220 τὸ
3707 1169 3891 1236 κέρας,

2338 1258 2497 1312 εἰκὼν
2525 1258 2749 1329 σημείου
2774 1258 2974 1321 πάθους
2999 1258 3253 1329 Χριστοῦ,
3279 1258 3507 1310 ἕλκουσα
3528 1261 3651 1319 τοὺς
3676 1260 3895 1319 πιστοὺς

2338 1354 2414 1414 εἰς
2447 1350 2703 1403 ἀνάϐασιν
2731 1350 2970 1420 οὐρανῶν
2988 1368 3000 1380 ·
3030 1351 3271 1419 ψηφαροὶ
3299 1350 3353 1401 δὲ
3388 1350 3495 1417 (29.)
3531 1350 3621 1401 ἐπὶ
3648 1349 3707 1400 τὸ
3733 1350 3897 1418 κέρας

2338 1442 2419 1511 ἐφ’
2449 1441 2646 1511 ὑψηλοῦ
2676 1441 2976 1511 αἰνούμενοι
3000 1442 3133 1508 (25),
3165 1438 3313 1505 τάξις
3342 1440 3657 1509 προςητῶν,
3691 1438 3895 1508 μαρτύο

2342 1552 2445 1603 ρων
2477 1552 2533 1586 τε
2563 1534 2658 1586 καὶ
2702 1533 3008 1586 ἀποστόλων
3028 1572 3041 1593 ,
3083 1535 3161 1595 είς
3189 1532 3458 1602 βασιλείαν
3507 1530 3743 1601 Χριστοῦ
3773 1532 3897 1581 ἁνα-

2339 1624 2674 1693 παυομένων.

2410 1713 2541 1781 Περὶ
2579 1711 2674 1779 μὲν
2716 1704 2807 1762 οὖν
2834 1710 2930 1778 τῆς
2971 1710 3196 1777 θλίψεως
3239 1706 3628 1777 τοῦηδιωγμοῦ,
3652 1707 3754 1776 τῆς
3782 1710 3894 1761 ὲσο-

2343 1804 2509 1873 μένης
2557 1803 2645 1854 ἐπὶ
2690 1802 2788 1870 τὴν
2842 1800 3160 1869 Ἐκκλησίαν
3208 1802 3309 1853 ὑπὸ
3354 1801 3444 1851 τοῦ
3501 1800 3889 1867 ἀντικειμένου,

696 1912 714 1943 ι
749 1892 811 1945 Ει
862 1892 971 1945 vidi
1008 1892 1219 1959 signum
1258 1904 1506 1958 magnum
1542 1896 1595 1941 et
1638 1884 1878 1943 mirabile
1905 1924 1917 1946 ,
1953 1882 2230 1936 mulierem

2340 1865 2427 1944 καὶ
2468 1865 2718 1958 ζΙωάννης
2746 1865 2930 1957 ’φησί’
2994 1865 3038 1939 ι⁷
3062 1889 3166 1940 Καὶ
3206 1884 3342 1941 εἶδον
3381 1890 3599 1957 σημεῖον
3634 1865 3770 1956 μέγα
3806 1887 3895 1938 καὶ

695 1986 946 2069 amictani
973 1981 1103 2041 sole,
1138 1987 1189 2032 et
1212 1979 1335 2031 luna
1362 1978 1461 2032 sub
1478 1977 1702 2046 pedibus
1731 1975 1869 2043 ejus,
1892 1982 1945 2028 et
1977 1973 2029 2026 in
2063 1973 2233 2041 capite

689 2065 808 2144 ejus
832 2086 1031 2126 corona
1056 2070 1328 2124 stellarum
1354 2069 1655 2123 duodecim.
1690 2065 1752 2119 Et
1781 2068 1833 2120 in
1866 2075 2016 2120 utero
2033 2066 2234 2120 habens

691 2166 887 2218 clamat
943 2150 1291 2231 parturiens.
1319 2170 1371 2212 et
1427 2159 1770 2213 cruciabatur
1819 2167 1878 2211 ut
1916 2165 2140 2226 pareret.
2172 2154 2237 2209 Et
2272 2224 2275 2227 γ

690 2256 852 2308 draco
894 2254 1041 2308 stetit
1084 2260 1207 2304 ante
1257 2251 1531 2303 mulierem
1566 2264 1685 2316 quae
1727 2259 1841 2302 erat
1878 2249 2145 2316 paritura,
2179 2255 2237 2300 ut

691 2360 814 2399 cum
850 2344 1161 2412 peperisset,
1208 2342 1375 2394 ﬁlium
1409 2340 1525 2407 ejus
1560 2339 1857 2392 devoraret.
1915 2336 1979 2391 Et
2034 2338 2238 2406 peperit

697 2432 1201 2499 liliummaseulum
1222 2470 1235 2492 .
1268 2430 1359 2498 qui
1394 2420 1508 2481 erat
1540 2437 1785 2481 recturus
1821 2442 2007 2480 omnes
2032 2435 2234 2494 gentes.

694 2525 757 2594 Et
787 2534 969 2589 raptus
993 2534 1071 2577 est
1094 2522 1231 2575 ﬁlius
1267 2522 1329 2573 ad
1361 2518 1523 2573 Deum
1554 2528 1605 2571 et
1641 2520 1703 2571 ad
1735 2518 1983 2571 thronum
2005 2517 2140 2586 ejus.
2174 2517 2238 2571 Et

695 2617 889 2668 mulier
920 2615 1053 2681 fugit
1088 2614 1139 2666 in
1166 2611 1524 2671 solitudinem,
1566 2610 1654 2662 ubi
1685 2608 1911 2661 habebat
1940 2608 2114 2661 locum
2144 2622 2239 2676 pa-

696 2718 868 2759 ratum
909 2721 936 2757 a
982 2704 1109 2767 Deo,
1144 2712 1202 2755 ut
1231 2703 1303 2755 ibi
1334 2716 1451 2753 eam
1492 2708 1710 2768 pascant
1755 2698 1940 2751 diebus
1973 2698 2117 2750 mille
2140 2697 2239 2750 duo

694 2798 863 2851 centis
883 2794 1154 2861 sexaginta
1177 2794 1242 2843 ⁶⁰.
1297 2791 1359 2844 Ει
1397 2802 1521 2845 tunc
1553 2792 1737 2844 videns
1769 2791 1955 2852 draco,
1992 2805 2237 2865 persecu-

696 2893 781 2937 lus
824 2893 905 2937 est
948 2882 1225 2934 mulierem
1260 2894 1380 2948 quae
1424 2879 1627 2948 peperit
1663 2878 1982 2933 masculum.
2017 2876 2082 2932 Et
2104 2878 2239 2932 datae

696 2984 818 3030 sunt
853 2972 1060 3027 mulieri
1093 2971 1191 3024 alae
1214 2970 1333 3023 dua:
1367 2970 1557 3039 aquila:
1590 2984 1815 3039 magnae,
1863 2979 1921 3023 ut
1951 2971 2152 3027 volaret
2185 2972 2236 3023 in

695 3067 996 3127 desertum;
1040 3063 1128 3115 ubi
1165 3060 1325 3116 alitur
1359 3075 1451 3129 per
1477 3062 1686 3128 tempus
1723 3071 1775 3113 et
1804 3069 2040 3127 tempora
2076 3070 2128 3113 et
2158 3059 2240 3112 di—

2336 1980 2673 2050 θαυμαστὸν,
2692 1981 2925 2046 γυναῖκα
2951 1977 3236 2047 περιϐεϐλη
3246 1978 3411 2048 μένην
3434 1976 3522 2029 τὸν
3553 1976 3719 2045 ἥλιον,
3747 1976 3842 2027 καὶ
3864 1978 3895 2045 ἡ

2336 2070 2527 2140 σελήνη
2558 2069 2811 2121 ὑποκάτω
2841 2066 2947 2119 τῶν
2987 2066 3155 2118 ποδῶν
3199 2067 3385 2136 αὐτῆς,
3422 2066 3514 2119 καὶ
3554 2067 3645 2118 ἐπὶ
3678 2067 3776 2135 τῆς
3807 2082 3897 2117 κε-

2336 2162 2507 2231 φαλῆς
2534 2160 2701 2228 αὐτῆς
2745 2160 3001 2227 στέφανος
3034 2160 3273 2228 ἀστέρων
3306 2159 3553 2211 δεκαδύο⁸
3588 2158 3681 2209 καὶ
3716 2160 3772 2210 ἐν
3796 2174 3895 2223 γα-

2337 2254 2456 2323 στρὶ
2491 2252 2683 2320 ἔχουσα
2723 2250 2909 2319 κράζει
2951 2249 3207 2302 ὠδίνουσα
3247 2250 3338 2302 καὶ
3383 2249 3779 2318 βασανιζομένη
3809 2264 3892 2299 τε-

2337 2346 2467 2395 κεῖν.
2508 2342 2613 2394 Kal
2656 2343 2683 2392 ό
2714 2341 2923 2411 δράκων
2954 2341 3178 2410 ἕστηκεν
3220 2339 3443 2392 ἐνώπιον
3481 2341 3575 2408 τῆς
3618 2339 3893 2406 γυναικὸς,

2336 2435 2435 2503 τῆς
2470 2433 2762 2503 μελλούσης
2793 2434 3011 2493 τίκτειν,
3045 2433 3127 2484 ἵνα
3155 2432 3277 2484 ὅταν
3306 2432 3457 2503 τέκῃ,
3488 2431 3548 2483 τὸ
3586 2431 3778 2489 τέκνον
3802 2430 3894 2480 αύ-

2336 2526 2434 2593 τῆς
2475 2526 2782 2595 καταφάγῃ.
2820 2525 2928 2577 Καὶ
2967 2523 3146 2575 ἔτεκεν
3191 2524 3300 2575 υἱὸν
3329 2523 3527 2594 ἄρρενα
3558 2562 3573 2585 ,
3620 2522 3677 2582 ὂς
3719 2520 3897 2589 μέλλει

2338 2616 2637 2685 ποιμαίνειν
2668 2616 2841 2667 πάντα
2863 2614 2930 2665 τά
2960 2612 3106 2682 ἔθνη,
3140 2614 3231 2667 καὶ
3260 2614 3479 2683 ἡρπάγη
3507 2614 3567 2664 τὸ
3588 2613 3771 2664 τέκνον
3806 2612 3898 2663 αὒ-

2337 2705 2434 2774 τῆς
2476 2707 2607 2775 πρὸς
2648 2706 2736 2757 τὸν
2766 2705 2894 2755 Θεὸν
2930 2708 3021 2755 καὶ
3054 2711 3137 2764 ες
3177 2703 3264 2756 τὸν
3299 2702 3483 2772 θρόνον
3508 2703 3705 2755 αὑτοῦ·
3740 2703 3833 2753 καὶ
3864 2703 3894 2768 ἡ

2338 2797 2469 2865 γυνὴ
2511 2794 2702 2863 ἔφυγεν
2743 2796 2818 2855 εἰς
2856 2794 2953 2862 τὴν
3000 2792 3221 2863 ἔρημον,
3272 2794 3402 2843 ὅπου
3453 2793 3559 2860 ἔχει
3610 2792 3705 2841 τὸν
3738 2791 3895 2843 τόπον

2339 2887 2451 2937 ἐκεῖ
2482 2884 2871 2953 ἡτοιμασμένον
2904 2882 3009 2934 ἀπὸ
3043 2882 3132 2933 τοῦ
3162 2881 3315 2944 Θεοῦ,
3356 2884 3440 2934 ἵνα
3475 2884 3588 2933 ἐκεῖ
3626 2884 3895 2951 τρέφωσιν

2340 2976 2505 3044 αὐτὴν
2550 2975 2755 3043 ἡμέρας
2792 2973 2963 3041 χιλίας
2999 2972 3269 3033 διακοσίας
3313 2972 3583 3041 ἐξήκοντα.
3634 2974 3743 3024 Καὶ
3782 2974 3895 3023 τότε

2344 3064 2464 3117 ίδὼν
2506 3067 2533 3117 ὁ
2568 3064 2777 3133 δράκων
2823 3062 3003 3124 ὲδίωξε
3049 3063 3147 3131 τὴν
3187 3065 3433 3130 γυναῖκα,
3479 3064 3599 3131 ἥτις
3631 3063 3781 3115 ἔτεκε
3809 3064 3896 3114 τὸν

696 3155 915 3208 midium
953 3154 1228 3221 temporis,
1279 3168 1307 3203 a
1354 3150 1491 3204 faeie
1519 3146 1807 3218 serpentis.
1856 3148 1921 3201 Et
1960 3149 2101 3203 misit
2128 3163 2236 3203 ser-

2342 3156 2541 3226 άρρενα
2562 3170 2573 3183 ·
2607 3153 2711 3205 καί
2740 3152 2993 3230 ἐδόθησαν
3033 3156 3097 3222 τῇ
3142 3155 3354 3220 γυναικὶ
3387 3155 3477 3207 δύο
3506 3156 3772 3224 πτέρυγες
3803 3155 3894 3207 τοῦ

696 3260 826 3311 pcns
853 3258 917 3296 ex
948 3258 1039 3295 ore
1062 3256 1161 3296 suo
1192 3250 1309 3309 post
1329 3239 1605 3293 mulierem
1636 3240 1830 3307 aquam
1857 3248 2107 3307 tanquam
2136 3238 2236 3292 ﬁu-

697 3348 838 3396 men,
869 3340 926 3385 ut
949 3346 1065 3385 eam
1097 3330 1294 3383 faceret
1319 3328 1431 3397 rapi
1464 3343 1492 3380 a
1524 3327 1763 3381 ﬂumine.
1794 3326 1855 3380 Et
1877 3328 2077 3396 adjuvit
2098 3337 2234 3383 terra

696 3424 996 3491 mulierem,
1026 3431 1078 3476 et
1113 3419 1320 3490 aperuit
1350 3434 1410 3473 os
1435 3434 1612 3481 suum,
1637 3429 1687 3471 et
1718 3419 1994 3472 absorbuit
2019 3419 2237 3487 ﬁumen,

696 3516 840 3583 quod
884 3514 1103 3567 miserat
1152 3525 1370 3580 serpens
1423 3526 1487 3564 ex
1537 3524 1630 3564 ore
1676 3524 1796 3563 suo.
1859 3508 1925 3562 Et
1962 3510 2129 3565 iratus
2160 3520 2241 3565 est

696 3604 859 3657 draco
893 3604 944 3655 in
973 3602 1249 3655 mulierem
1271 3641 1285 3665 ,
1325 3609 1377 3653 et
1408 3600 1538 3653 abiit
1572 3609 1630 3651 ut
1664 3597 1863 3652 faceret
1896 3598 2089 3651 bellum
2116 3614 2237 3652 cum

700 3696 897 3747 sanctis
932 3695 996 3747 de
1016 3694 1131 3762 ejus
1156 3695 1375 3750 semine.
1404 3692 1494 3759 qui
1525 3690 1837 3744 custodiunt
1864 3691 2115 3743 mandata
2148 3689 2239 3744 Dei

698 3795 751 3837 et
777 3784 972 3836 habent
997 3784 1358 3836 testimonium
1385 3780 1512 3842 Jesu
1538 3781 1604 3830 ⁸¹.
1638 3798 1655 3829 ο

2337 3245 2494 3298 ἀετοῦ
2542 3242 2634 3296 τοῦ
2684 3242 2937 3313 μεγάλου,
2993 3244 3077 3295 ἵνα
3124 3245 3345 3315 πέτηται
3398 3248 3475 3308 είς
3527 3246 3622 3316 τὴν
3675 3248 3891 3315 ἔρημον,

2337 3338 2467 3389 ὅπου
2501 3334 2754 3405 τρέφεται
2798 3336 2913 3385 ἐκεῖ
2946 3335 3132 3403 καιρὸν
3177 3335 3267 3386 καὶ
3319 3337 3539 3405 καιροὺς
3612 3339 3703 3389 καὶ
3728 3339 3892 3405 ἣμισυ

2338 3425 2525 3497 καιροῦ
2549 3423 2655 3477 άπὸ
2678 3423 2963 3493 πρωσόπου
2996 3423 3087 3475 τοῦ
3115 3425 3302 3491 ὄφεως.
3352 3428 3458 3477 Καὶ
3501 3427 3687 3478 ἔϐαλεν
3716 3430 3741 3478 ὁ
3776 3427 3894 3493 ὄφις

2339 3516 2532 3583 (ὀπίσω
2571 3513 2669 3581 τῆς
2701 3512 2951 3579 γυναικὸς
2977 3515 3039 3564 ἐκ
3070 3514 3160 3565 τοῦ
3183 3516 3441 3583 στόματος
3472 3516 3633 3568 αὑτοῦ
3655 3516 3796 3586 ’ύδωρ
3822 3515 3895 3576 ὡς

2343 3604 2615 3674 ποταμόν’
2664 3603 2748 3655 ἵνα
2784 3601 2982 3671 ταύτην
3034 3604 3472 3675 ποταμοφόρητον
3522 3607 3755 3677 ποιήσῃ·
3806 3606 3894 3655 καὶ

2345 3694 2635 3764 ἐϐοήθησεν
2674 3694 2706 3761 ἡ
2754 3692 2822 3762 γῆ
2865 3695 2929 3762 τῇ
2970 3694 3183 3760 γυναικὶ
3206 3734 3221 3757 ,
3257 3696 3349 3747 καὶ
3390 3692 3598 3766 ῇνοιξεν
3634 3696 3695 3745 τὸ
3728 3696 3894 3763 στόμα

2345 3784 2534 3851 αὐτῆς,
2579 3784 2670 3835 καὶ
2712 3783 2934 3835 κατέπιε
2978 3784 3067 3836 τὸν
3090 3787 3345 3855 ποταμὸν,
3387 3787 3444 3839 ὃν
3486 3786 3673 3837 ἔϐαλεν
3700 3787 3726 3836 ὁ
3755 3786 3890 3852 ὄφις)

700 3882 761 3931 ἐκ
814 3876 904 3928 τοῦ
944 3875 1199 3944 στόματος
1238 3873 1417 3927 αὑτοῦ.
1454 3874 1561 3925 Καὶ
1619 3872 1859 3943 ὠργίσθη
1898 3876 1926 3925 ό
1968 3874 2179 3944 δράκων
2212 3880 2304 3931 ἐπὶ
2338 3882 2402 3948 τῇ
2444 3877 2680 3944 γυναικὶ,
2716 3878 2807 3929 καὶ
2833 3876 3037 3947 ἀπῆλθε
3084 3880 3301 3948 ποιῆσαι
3334 3881 3562 3948 πόλεμον
3615 3878 3749 3948 μετὰ
3787 3878 3893 3929 τῶν

700 3975 867 4040 ἁγίων
908 3971 999 4023 τοῦ
1052 3970 1353 4040 σπέρματος
1396 3968 1558 4037 αὐτῆς
1582 4005 1594 4027 ,
1651 3966 1754 4017 τῶν
1796 3968 2099 4037 τηρούντων
2145 3970 2241 4033 τὰς
2276 3972 2488 4033 ἐντολάς
2526 3969 2617 4022 τοῦ
2658 3969 2810 4035 Θεοῦ,
2832 3972 2919 4023 καὶ
2936 3971 3160 4040 ἐχόντων
3190 3974 3285 4043 τὴν
3322 3972 3615 4043 μαρτυρίαν
3648 3971 3833 4041 Ἰησοῦ.
3868 3991 3885 4020 ι

768 4065 899 4118 LXI.
954 4063 1224 4117 Mulierem
1279 4062 1527 4115 amictum
1560 4060 1669 4113 sole
1709 4060 2004 4116 clarissime
2058 4059 2240 4119 Eccle-

702 4158 835 4210 siam
880 4155 1211 4222 signiﬁcavit,
1268 4163 1488 4221 paterno
1539 4152 1777 4205 indutam
1845 4151 2037 4217 Verbo,
2099 4157 2241 4225 quod

704 4246 816 4296 sole
864 4246 1147 4297 micantius
1208 4244 1468 4311 splendet.
1508 4241 1742 4295 Dieendo
1775 4259 1899 4297 vero
1944 4284 1960 4309 ,
1997 4262 2015 4294 ι
2055 4246 2238 4299 lunam

705 4336 806 4387 sub
838 4334 1058 4400 pedibus
1084 4334 1219 4399 ejus,
1254 4352 1271 4383 ι
1301 4332 1505 4386 emlesti
1534 4333 1771 4386 claritate
1793 4334 1929 4387 luna:
1953 4335 2007 4387 in
2040 4351 2242 4390 morem

705 4431 947 4474 ornatam
977 4420 1225 4473 ostendit.
1258 4419 1409 4483 Quod
1434 4431 1608 4473 autem
1639 4422 1710 4473 ait
1740 4452 1756 4477 .
1795 4440 1809 4471 ι
1845 4425 1903 4476 in
1928 4425 2099 4492 capite
2127 4427 2242 4493 ejus

2410 4066 2519 4135 Τὴν
2549 4067 2642 4135 μὲν
2662 4061 2752 4118 οὖν
2777 4069 3001 4132 γυναῖκα
3021 4065 3115 4133 τὴν
3132 4066 3417 4135 περιδεὸλη
3427 4066 3591 4134 μένην
3611 4067 3699 4117 τὸν
3723 4065 3887 4135 ἥλιον,

2349 4156 2652 4224 σαφέστατα
2706 4156 2803 4225 τὴν
2872 4156 3190 4228 Ἐκκλησίαν
3234 4154 3493 4224 ἐδήλωσεν
3548 4156 3891 4225 ὲνδεδυμένην

2346 4247 2435 4299 τὸν
2464 4246 2630 4313 Λόγον
2649 4246 2736 4297 τὸν
2761 4246 3014 4317 Πατρῷον
3048 4247 3185 4315 ὑπὲρ
3224 4245 3370 4313 ἥλιον
3398 4244 3704 4315 λάμποντα·
3741 4265 3760 4296 ί
3797 4262 3887 4297 σε-

2349 4338 2509 4408 λήνην
2552 4356 2569 4387 ι
2606 4336 2660 4388 δὲ
2694 4338 2861 4405 λέγων
2897 4358 2925 4395 ,ι
2967 4337 3219 4391 ὑποκάτω
3256 4334 3362 4387 τῶν
3412 4336 3586 4391 ποδῶν.
3629 4338 3810 4406 αὐτῆς,
3864 4354 3881 4385 ι

2345 4430 2469 4499 δόξῃ
2518 4430 2816 4500 ἐπουρανίῳ
2856 4429 2929 4491 ὡς
2973 4428 3196 4497 σελήνην
3239 4428 3683 4500 κεκοσμημένην
3722 4427 3795 4495 τῷ
3829 4426 3889 4477 δὲ

704 4526 901 4565 corona
932 4510 1203 4563 stellarum
1238 4509 1552 4568 duodecim,
1606 4527 1622 4557 ι
1665 4509 1943 4564 duodecim
1973 4516 2237 4581 apostolos

2344 4518 2517 4584 λέγειν
2549 4519 2681 4589 (24),
2715 4538 2733 4569 ι
2759 4520 2848 4569 ὲπ).
2875 4517 2972 4587 τῆς
3002 4514 3237 4583 κεφαλῆς
3257 4517 3421 4585 αὐτῆς
3455 4518 3711 4584 στέφανος
3736 4516 3890 4566 ἀστέ-

702 4603 963 4669 designat,
991 4617 1080 4669 pcr
1112 4616 1245 4669 quos
1270 4599 1487 4652 fundata
1509 4607 1589 4651 est
1611 4598 1861 4653 Ecclesia.
1899 4619 1917 4649 ι
1955 4601 2019 4655 Et
2045 4603 2237 4658 habens

2345 4624 2453 4675 ρων
2486 4608 2724 4673 δεκαδύο,
2758 4628 2776 4659 ι
2810 4609 2955 4677 δῆλοι
2987 4607 3111 4668 τοὺς
3137 4606 3335 4659 δώδεκα
3364 4609 3703 4668 ἀποστόλους,
3731 4606 3792 4656 δι’
3810 4604 3888 4655 ῶν

638 4768 643 4771 γ
705 4695 756 4744 in
794 4701 946 4743 utero
978 4692 1173 4743 clamat
1207 4691 1532 4760 parturiens,
1574 4700 1625 4743 et
1648 4690 1992 4745 cruciabatur
2013 4701 2067 4744 ut
2092 4707 2237 4761 pare-

2343 4697 2653 4769 καθίδρυται
2694 4702 2726 4769 ἡ
2772 4696 3081 4765 Ἐκκλησία.
3132 4717 3148 4747 ι
3192 4700 3300 4751 Καὶ
3346 4699 3403 4751 ὲν
3452 4700 3647 4768 γαστρὶ
3698 4697 3889 4764 ἔχουσα

704 4794 812 4845 rct;
858 4802 873 4831 ι
923 4783 1048 4849 quia
1086 4797 1189 4835 non
1224 4794 1399 4838 cessat
1426 4782 1662 4837 Ecclesia
1696 4799 1761 4838 ex
1806 4785 1967 4837 corde
2008 4782 2237 4837 Verbum

2342 4788 2525 4858 κράζει
2557 4790 2816 4841 ὠδίνουσα
2854 4787 2944 4838 καὶ
2982 4787 3370 4859 βασανιζομένη
3420 4793 3625 4841 τεκεῖν·
3669 4806 3685 4837 ι
3716 4786 3885 4841 ὅτιού

704 4876 940 4942 gignere,
972 4872 1113 4939 quod
1136 4874 1397 4927 inmundo
1413 4875 1479 4927 ab
1496 4873 1795 4929 inlidelihus
1818 4875 2237 4943 persecutionem

2344 4878 2605 4930 παύσεται
2650 4879 2682 4946 ὴ
2736 4875 3025 4943 Ἐκκλησία
3058 4878 3295 4945 γεννῶσα
3327 4881 3389 4930 ἐκ
3421 4877 3646 4946 καρδίας
3680 4875 3761 4926 τὸν
3787 4874 3889 4924 Λό-

706 4965 919 5031 patitur.
964 4982 980 5012 ι
1022 4960 1085 5015 Et
1110 4964 1341 5030 peperit,
1378 4966 1566 5034 inquit,
1598 4967 1763 5021 ﬁlium
1795 4966 2116 5029 masculum,
2150 4965 2237 5034 qui

2343 4984 2455 5034 γον,
2503 4967 2593 5019 τὸν
2624 4968 2678 5017 ὲν
2710 4964 2896 5035 κόσμῳ
2925 4965 3027 5017 ὑπὸ
3065 4968 3305 5020 ἀπίστων
3340 4966 3681 5035 διωκόμενον.
3727 4981 3744 5013 ι
3776 4964 3888 5013 Καὶ

779 5076 823 5131 ευ
852 5078 1013 5145 Apoc.
1048 5091 1141 5139 xu,
1175 5076 1287 5127 1-6.
1366 5076 1406 5106 ⁸³
1430 5075 1558 5130 Ibid.
1628 5080 1823 5144 15,17.

710 5190 987 5268 (_Jhristi_ac
1011 5191 1268 5268 Ecclesia}
1301 5194 1534 5245 membra
1567 5196 1691 5257 sint.
1719 5208 1866 5250 extra
1903 5197 2082 5250 mundi
2116 5210 2237 5264 pro-

714 5259 1194 5334 fani-salsedinem,
1244 5263 1513 5315 lavacrum
1540 5276 1630 5334 ρει
1666 5259 2244 5334 τρεριιυταιίοιιὶδ,ἀιιο

714 5331 790 5380 sic
809 5328 1038 5399 _(_1liristo
1072 5332 1496 5399 incorporamur.
1528 5328 1756 5387 Conseri

784 5396 891 5479 βξ.)
939 5396 1431 5479 Ψηφαροίίδέιὶῐη
1478 5402 1698 5479 discere
1734 5404 2029 5479 qUid_iswd
2186 5416 2245 5455 re

712 5470 964 5545 nautica,
1021 5470 1211 5533 quidve
1264 5470 1335 5545 ita
1380 5482 1623 5545 antenme
1687 5470 1992 5540 impositum
2058 5472 2241 5545 illique

715 5534 1020 5612 inniniinens,
1055 5551 1115 5589 ac
1145 5540 1296 5612 quasi
1324 5539 1732 5609 supervolitans,
1760 5534 1901 5612 quod
1942 5534 2166 5595 sanctos
2187 5541 2240 5612 in
2347 5534 2625 5612 icunculas
2648 5534 2710 5593 ac
2732 5540 2915 5612 Asigna,
2947 5536 3222 5612 superiori
3240 5538 3346 5612 jam
3378 5538 3506 5591 sede
3532 5534 3810 5612 locatab):

714 5604 911 5682 gliristi
960 5620 1121 5672 regno
1162 5600 1538 5682 huiescentes,
1572 5600 1814 5682 symbolo
1862 5607 2237 5682 reprazsentet?

2356 5680 2363 5682 _
2416 5608 2523 5677 (23)
2556 5600 2938 5682 Alvodperoi.
2964 5600 3121 5682 Forte
3172 5600 3501 5682 α-ίρούμενοι.
3542 5606 3674 5662 Guo.
3703 5632 3763 5645 -—
3790 5600 3892 5655 Vel

720 5672 975 5749 Videntur;
1008 5688 1153 5749 esse,
1184 5691 1299 5749 qua:
1341 5679 1541 5732 Polluci
1577 5672 1666 5749 lib.
1697 5696 1732 5743 ι,
1777 5694 1890 5747 cap.
1923 5672 1997 5747 ’9,
2036 5678 2237 5749 speci;

2344 5672 2649 5749 ᾑωλοημένοι
2680 5672 2758 5749 ab.
2778 5678 3009 5749 αίωρέω.
3024 5676 3166 5749 -Τιιη,
3192 5672 3317 5749 En.

726 5695 971 5724 νιυυηιυῐ
1016 5695 1153 5737 esse,
1184 5695 1299 5745 qua:
1341 5695 1541 5732 ιόιιυοι
1577 5695 1666 5732 ιω.
1697 5696 1732 5743 Ι,
1777 5695 1890 5747 cap.
1933 5695 1997 5747 υ,
2036 5695 2237 5747 αμοοΛα

714 5742 803 5793 καὶ
840 5740 1091 5811 σύμϐολα,
1120 5758 1236 5812 qua:
1268 5747 1321 5801 in
1350 5750 1526 5804 medio
1550 5748 1795 5803 antennae
1828 5752 1994 5817 ponit,
2023 5747 2159 5801 κατὰ
2183 5747 2237 5797 τὸ

2344 5695 2649 5799 ηωρημενοι
2680 5695 2747 5745 an
2778 5695 3009 5747 αιωρεω.
3048 5695 3166 5729 ιλιι.
3192 5695 3317 5727 ιλιι.

2414 5748 2467 5816 (2
2506 5762 2521 5817 )
2558 5748 2643 5814 Τῷ
2666 5748 2732 5801 δὲ
2754 5747 2973 5815 λέγειν.
3000 5743 3266 5807 CombeL,
3301 5741 3361 5795 τὸ
3380 5742 3435 5798 δὲ
3457 5743 3652 5812 λέγειν.

2344 5197 2507 5257 ἱστόν,
2558 5214 2573 5243 ι
2608 5209 2711 5261 qua
2746 5203 2897 5260 parte
2933 5195 3184 5264 religatur
3229 5195 3369 5247 malo
3393 5210 3413 5264 ;_
3440 5212 3459 5243 ι
3488 5191 3701 5264 sintque
3728 5192 3885 5264 quasi

2351 5276 2524 5319 rostra
2564 5260 2635 5315 et
2661 5264 2918 5330 insignia,
2957 5260 3113 5331 quasi
3163 5262 3415 5331 tessellati
3450 5260 3649 5331 aliquid
3685 5262 3882 5331 operis.

2349 5334 2493 5403 quod
2522 5327 2792 5400 praecipue:
2828 5348 2929 5386 vox
2976 5327 3069 5386 illa
3103 5342 3276 5387 sonat.
3313 5330 3437 5403 Τὸ,
3461 5330 3630 5398 ψηφὶν
3660 5332 3745 5381 καὶ
3777 5327 3891 5403 ψητ-

2350 5398 2491 5469 ᾡίον,
2522 5398 2539 5449 ἱ
2574 5398 2804 5453 rostrum
2834 5404 3036 5465 avium,
3064 5410 3095 5452 i‘
3116 5399 3586 5466 orneosopbium'.
3614 5409 3694 5452 est
3729 5398 3889 5467 quasi

2346 5485 2580 5537 corona,
2636 5486 2753 5537 quze
2822 5471 3124 5527 iStiusmodi
3187 5478 3501 5537 ornamenta
3553 5469 3773 5537 admittit
3830 5475 3888 5517 et
