4098 6362
221 403 320 457 ’781

1291 402 1375 455 DE
1408 398 1698 458 CHRISTO
1732 404 1818 459 ET
1855 401 2328 459 ANTICHRISTO.

3263 393 3265 396 ‘
3307 408 3408 465 732

217 520 392 583 ἔτεκε,
445 522 628 593 φησὶν,
679 521 789 575 υἱὸν
839 521 1065 593 ἀρρενα,
1115 522 1170 584 ὃς
1233 523 1408 591 μέλλει
1464 523 1763 592 ποιμαίνειν

1866 533 1978 578 erat
2021 531 2267 578 recturus
2308 537 2494 578 omnes
2536 532 2752 593 gentes;
2780 544 2821 590 ⁴ι
2865 525 3116 579 nimirum
3151 524 3404 590 Ecclesia,

215 613 394 667 πάντα
429 614 500 668 τά
527 613 688 681 ἔθνη·
731 631 750 663 ι
791 610 879 664 τὸν
925 597 1126 684 ἀρῤεῦα
1167 614 1260 666 καὶ
1289 613 1490 666 τέλειον
1533 613 1760 684 Χριστὸν

215 703 381 757 παῖδα
401 703 558 766 Θεοῦ,
575 702 703 755 Θεὸν
730 703 821 754 καὶ
839 701 1116 774 ἄνθρωπον
1134 703 1646 773 καταγγελλομενον,
1673 705 1761 756 ἀεὶ

215 794 473 847 τίκτουσα
505 794 542 864 ἡ
580 791 897 862 Ἐκκλησία,
929 792 1166 848 διδάσκει
1208 794 1382 847 πάντα
1421 795 1488 847 τὰ
1515 793 1658 863 ἔθνη.
1689 793 1762 852 T6

155 927 158 930 .
221 881 271 934 δὲ
299 882 502 948 λέγειν,
547 900 564 932 ι
599 882 818 952 ήρπάγη
849 881 910 934 τὸ
935 882 1123 935 τέκνον
1150 882 1316 950 αὐτῆς
1347 880 1479 952 πρὸς
1514 881 1603 933 τὸν
1634 880 1763 933 Θεὸν

221 973 314 1023 καὶ
329 971 465 1041 πρὸς
500 971 591 1024 τὸν
623 971 808 1042 θρόνον
827 970 1010 1024 αὐτοῦ’
1037 991 1056 1022 ι
1086 973 1167 1025 ὃτι
1189 971 1501 1041 ἐπουράνιός
1528 973 1642 1024 ἐστι
1667 972 1763 1041 βα-

219 1061 419 1127 σιλεὺς,
452 1061 546 1113 καὶ
571 1063 670 1115 οὐκ
694 1063 929 1130 ἐπίγειος
956 1064 985 1116 6
1014 1062 1080 1116 δι’
1109 1061 1278 1131 αὐτῆς
1301 1063 1388 1114 ἀεὶ
1415 1062 1761 1133 γεννώμενος,

217 1153 399 1216 καθὼς
424 1155 515 1207 καὶ
537 1155 701 1209 Δαῦὶδ
719 1156 1082 1226 προανεφώνει
1112 1156 1280 1223 λέγων
1302 1175 1315 1185 ·
1352 1177 1369 1207 ι
1409 1152 1569 1210 Εἶπεν
1595 1161 1622 1210 6
1654 1159 1765 1211 Κύ-

220 1261 336 1313 ριος
364 1243 442 1314 τῷ
468 1246 654 1316 Κυρίῳ
689 1263 810 1316 μου,
836 1236 1014 1300 Κάθου
1053 1249 1116 1299 ἐκ
1158 1245 1341 1310 δεξιῶν
1388 1263 1508 1316 μου,
1553 1249 1655 1310 ἓως
1702 1247 1767 1300 ἂν

220 1335 440 1398 θῶτοὺς
463 1336 686 1407 ἐχθρούς
714 1355 804 1389 σου
828 1338 1108 1391 ὑποπόδιον
1121 1337 1228 1389 τῶν
1259 1337 1431 1390 ποδῶν
1450 1355 1562 1390 σου.
1579 1357 1596 1388 ι
1631 1339 1767 1390 «Kal

223 1420 356 1488 εἶδε,
385 1427 556 1496 φησὶν,
594 1430 624 1479 6
662 1427 892 1498 δράκων,
928 1429 1018 1480 καὶ
1054 1426 1235 1492 ἐδίωξε
1255 1428 1353 1498 τὴν
1372 1431 1617 1495 γυναῖκα,
1650 1429 1769 1498 ἥτις

227 1515 380 1568 ἔτεκε
424 1518 510 1570 τὸν
535 1516 766 1589 ἄρρενα·
819 1516 914 1572 καὶ
950 1517 1206 1588 ἐδόθησαν
1249 1521 1313 1590 τῇ
1343 1522 1558 1588 γυναικὶ
1589 1520 1642 1571 αί
1680 1519 1769 1572 δύο

224 1608 486 1678 πτέρυγες
509 1608 602 1660 τοῦ
621 1608 776 1661 ἀετοῦ
802 1608 892 1661 τοῦ
921 1609 1186 1679 μεγάλου,
1209 1611 1295 1662 ἴνα
1319 1611 1546 1680 πέτηται
1568 1613 1646 1674 είς
1672 1611 1769 1682 τὴν

218 1699 444 1769 ἔρημον,
486 1701 618 1754 ὅπου
666 1700 914 1771 τρέφεται
965 1695 1096 1753 ἐκεῖ
1127 1702 1338 1773 καιρὸν,
1395 1703 1487 1755 καὶ
1527 1703 1766 1773 καιροὺς,

214 1789 507 1859 καὶῇμισυ
537 1789 726 1860 καιροῦ
752 1789 859 1842 ἀπὸ
886 1783 1172 1860 προσώπου
1203 1792 1296 1845 τοῦ
1325 1793 1514 1861 ὄφεως.
1554 1811 1570 1842 ι
1607 1788 1770 1846 Αῦταί

1858 615 1986 670 dum
2017 615 2291 669 Christum
2325 613 2418 668 Dei
2450 614 2746 668 masculam
2779 628 2839 669 ac
2862 615 3148 683 perfectam
3179 617 3405 684 prolem,

1858 707 1949 774 qui
1984 704 2124 758 Deus
2150 715 2204 758 et
2245 707 2405 758 homo
2433 704 2779 772 praedicatur,
2821 719 3032 773 semper
3063 707 3227 774 parit,
3260 705 3413 762 docet

1861 809 2050 849 omnes
2097 803 2302 865 gentes.
2356 793 2521 847 Porro
2549 794 2772 847 dicendo
2807 812 2818 845 :
2861 812 2878 844 ι
2930 792 3134 863 Raptus
3158 805 3242 849 est
3269 796 3412 852 filius

1861 887 1978 956 ejus
2011 887 2073 940 ad
2100 885 2265 942 Deum
2301 896 2352 941 et
2385 887 2450 940 ad
2485 886 2734 939 thronum
2762 886 2912 954 ejus;
2967 905 2984 936 ι
3026 888 3298 942 οωιεειιιιη
3327 906 3412 942 re-

1864 992 2003 1046 gem,
2038 991 2144 1030 non
2176 987 2446 1031 terrenum
2477 991 2596 1031 esse
2634 976 2920 1046 signiﬁcat,
2946 978 3037 1046 qui
3053 992 3118 1031 ex
3150 977 3240 1032 illa
3264 993 3408 1034 sem-

1863 1080 1956 1134 per
1983 1066 2224 1121 nascitur
2243 1105 2256 1127 ,
2295 1075 2354 1118 ut
2382 1066 2540 1118 etiam
2571 1064 2732 1119 David
2772 1067 3153 1142 pronuntiavit,
3180 1068 3364 1122 dicens
3394 1086 3409 1120 :

1868 1172 1888 1206 ι
1945 1153 2092 1208 Dixit
2142 1155 2402 1209 Dominus
2453 1155 2680 1209 Domino
2742 1171 2861 1210 meo
2898 1175 2909 1208 :
2946 1156 3083 1211 Sede
3120 1173 3151 1213 a
3180 1178 3182 1180 ·
3209 1159 3411 1212 dextris

1864 1246 2029 1308 meis;
2061 1247 2230 1300 donec
2242 1262 2436 1317 ponam
2463 1248 2712 1302 inimicos
2743 1248 3192 1310 tuos,scabellum
3210 1249 3406 1317 pedum

1865 1347 2080 1390 tuorum
2141 1338 2208 1391 δ’.
2249 1358 2266 1388 ι
2333 1356 2351 1390 ι
2389 1336 2455 1390 Et
2484 1338 2633 1400 vidit,
2665 1339 2858 1407 inquit,
2891 1339 3054 1392 draco
3083 1349 3138 1393 et
3165 1355 3413 1409 persecu-

1867 1437 1953 1482 tus
1979 1435 2060 1482 est
2087 1427 2387 1494 mulierem,
2415 1443 2534 1496 qua:
2556 1437 2835 1498 pepererat
2863 1429 3184 1484 masculum.
3229 1428 3294 1482 Et
3317 1431 3412 1484 da-

1869 1527 1934 1572 ta:
1963 1526 2089 1574 sunt
2131 1518 2344 1572 mulieri
2376 1519 2494 1572 dua:
2518 1517 2614 1572 alae
2642 1519 2832 1586 aquilae
2862 1533 3088 1588 magna,
3121 1527 3182 1573 ut
3209 1521 3414 1574 volaret

1868 1610 1920 1664 in
1950 1609 2218 1663 desertum
2239 1649 2254 1673 ,
2311 1609 2400 1664 ubi
2429 1610 2590 1664 alitur
2624 1626 2719 1680 per
2753 1618 2966 1680 tempus
2993 1620 3044 1666 et
3079 1621 3316 1681 tempora
3362 1623 3415 1669 et

1870 1700 2147 1754 dimidium
2194 1702 2474 1770 temporis,
2518 1718 2546 1754 a
2598 1701 2734 1756 facie
2773 1705 3053 1772 serpentis.
3114 1723 3132 1755 ›
3172 1703 3234 1759 Hi
3287 1716 3414 1761 sunt

1869 1791 1982 1845 dies
2029 1792 2174 1845 mille
2217 1792 2435 1846 ducenti
2482 1794 2756 1862 sexaginta
2789 1793 2834 1853 ε’
2868 1794 3166 1860 (dimidium
3208 1795 3414 1850 scilicet

214 1879 356 1929 εἰσιν
403 1866 459 1931 αἱ
503 1878 666 1948 χίλιαι
709 1878 976 1934 διακόσιαι
1028 1880 1305 1952 ἐξήκοντα,
1361 1883 1421 1935 τὸ
1464 1882 1629 1952 ἥμισυ
1674 1882 1766 1951 τῆς

1873 1881 2239 1951 hebdomadte)
2271 1883 2466 1952 quibus
2503 1893 2758 1952 tyrannus
2793 1898 2972 1937 rerum
3003 1886 3256 1952 potietur,
3281 1900 3410 1954 per-

216 1968 528 2038 ἐὸδομάδος,
560 1970 626 2032 ἀς
656 1971 913 2040 κρατήσει
950 1971 1226 2042 τύραννος,
1267 1972 1471 2026 διώκων
1513 1973 1608 2042 τὴν
1653 1973 1766 2025 Ἐκ-

1867 1987 2096 2042 sequens
2133 1971 2427 2027 Eeclesiam
2473 1972 2762 2041 fugientem
2800 1973 2866 2027 de
2894 1974 3108 2029 civitate
3143 1978 3200 2029 in‘
3224 1976 3438 2030 civita-.

217 2059 447 2126 κλησίαν
470 2058 769 2128 φεύγουσαν
796 2061 902 2113 ἀπὸ
923 2061 1127 2126 πόλεως
1142 2066 1219 2125 είς
1246 2063 1416 2125 πόλιν,
1449 2063 1540 2116 καὶ
1567 2064 1623 2115 ἐν
1646 2065 1772 2133 ἐρη-

221 2147 320 2217 μίᾳ
347 2148 720 2218 κρυπτομένην
743 2151 802 2203 ἐν
828 2154 939 2214 τοῖς
957 2153 1156 2223 ὄρεσιν,
1176 2152 1399 2222 ἔχουσαν
1430 2151 1544 2221 μεθ’
1574 2153 1766 2223 ἐαυτῆς

1866 2151 1969 2206 alio
2007 2157 2177 2205 tutam
2205 2150 2488 2219 prasidio,
2530 2157 2690 2219 quam
2723 2151 2968 2206 duarum~
2992 2154 3196 2213 alarum
3219 2155 3413 2224 aquila:

217 2238 366 2290 οὐδὲν
393 2237 607 2308 ἕτερον,
644 2240 694 2291 εί
725 2241 798 2311 μὴ
826 2241 923 2306 τάς
950 2241 1041 2294 δύο
1067 2243 1338 2314 πτέρυγας
1369 2241 1460 2295 τοῦ
1489 2242 1644 2295 ἀετοῦ
1673 2244 1766 2296 τοῦ

1866 2256 2100 2311 magnae;
2143 2241 2265 2295 ﬁdei
2306 2241 2509 2296 scilicet
2545 2240 2670 2296 Iesu
2706 2234 2927 2306 Christi,
2957 2245 3320 2313 qui,extens‘*
3354 2247 3409 2286 ³η

228 2326 479 2395 μεγάλου,
505 2329 796 2401 τουτέστιν,
831 2330 1002 2400 Ἰησοῦ
1023 2331 1256 2402 Χριστοῦ
1287 2333 1486 2395 πίστιν,
1514 2333 1572 2394 ὃς
1595 2333 1765 2385 ἐκτεί-

1868 2339 2050 2385 sancta
2093 2345 2252 2386 cruce
2283 2333 2483 2385 sanctis
2522 2333 2769 2387 manibus
2811 2334 2944 2400 suis,
2990 2337 3126 2392 duas
3172 2348 3411 2412 extenui-

227 2432 319 2478 νας
342 2415 436 2479 τὰς
467 2419 627 2486 ἁγίας
645 2423 826 2491 χεῖρας
851 2421 907 2473 ἐν
933 2422 1073 2491 ἀγίῳ
1099 2422 1258 2492 ξύλῳ,
1289 2423 1503 2492 ἧπλωσε
1530 2424 1621 2492 δύο
1643 2425 1766 2477 πτέ-

1869 2421 2002 2484 alas,
2025 2421 2295 2476 dexteram
2324 2431 2485 2491 atque
2514 2419 2813 2481 sinistram.
2836 2440 3034 2481 vocans
3053 2428 3118 2481 ad
3140 2443 3198 2483 se
3219 2444 3411 2486 omnes

226 2524 409 2577 ρυγας,
455 2508 632 2575 δεξιὰν
665 2511 756 2584 καὶ
776 2509 1062 2578 ιεύώνυμον
1082 2551 1097 2574 ,
1138 2513 1600 2582 προσκαλούμενος
1632 2513 1766 2566 πάν-

1870 2510 2072 2576 ﬁdeles,
2124 2527 2185 2564 ac
2233 2513 2379 2566 velut
2423 2512 2617 2580 gallina
2642 2528 2740 2568 eos
2764 2524 3070 2585 protegens.
3095 2506 3227 2572 Nam
3253 2530 3305 2574 et
3336 2521 3412 2575 ait

219 2613 316 2660 τας
347 2598 476 2661 τοὺς
504 2600 584 2661 είς
621 2600 780 2674 αὐτὸν
817 2601 1183 2662 πιστεύοντας,
1225 2601 1319 2654 καὶ
1362 2601 1642 2664 σκεπαζων
1693 2601 1766 2664 ὡς

1871 2614 1966 2669 per
2001 2599 2312 2654 Malachiam
2347 2621 2359 2654 :
2399 2621 2417 2652 ι
2456 2601 2621 2658 Vobis
2641 2604 2733 2673 qui
2760 2605 2958 2659 timetis
2988 2621 3183 2662 nomen
3205 2624 3409 2672 meum,
3493 2625 3496 2628 ‘

217 2689 368 2757 ὅρνις
392 2689 661 2753 νεοσσούς,
697 2691 806 2744 Καὶ
842 2692 948 2761 γὰρ
973 2690 1058 2743 διὰ
1089 2691 1359 2772 Μαλαχίου
1397 2691 1567 2759 φησί·
1603 2709 1620 2741 ι
1661 2692 1766 2743 Καὶ

1871 2691 2074 2744 orietur
2112 2691 2204 2744 Sol
2229 2691 2564 2759 justitire;et
2596 2695 2799 2772 sanitas
2833 2695 2887 2747 in
2927 2697 3117 2763 pennis
3139 2698 3256 2766 ejus
3280 2699 3344 2753 ⁸⁵,
3387 2720 3406 2750 ι

171 2831 178 2834 .
216 2785 348 2854 ὑμῖν
380 2789 492 2846 τοῖς
518 2786 865 2856 φοϐουμένοις
904 2786 963 2838 τὸ
1006 2769 1174 2856 ὄνομα
1197 2805 1295 2855 μου
1337 2786 1578 2839 ἀνατελεῖ
1619 2786 1807 2847 ’Ἥλιος
1835 2785 2210 2855 δικαιοσύνης,
2279 2790 2372 2838 καὶ
2427 2788 2566 2848 ἴασις
2599 2789 2657 2840 ὲν
2711 2769 2830 2851 ταῖς
2886 2788 3137 2859 πτέρυξιν
3166 2791 3348 2847 αὐτοῦ.
3389 2815 3406 2844 ι

283 2882 449 2948 Λέγει
483 2880 536 2933 δὲ
570 2864 661 2934 καὶ
690 2881 719 2932 6
751 2879 982 2952 Κύριος·
1027 2881 1197 2935 ’Ὅταν
1235 2881 1376 2951 ἴδητε
1413 2881 1472 2932 τὸ
1504 2880 1766 2949 βδέλυγμα

1937 2879 2093 2938 LXII.
2147 2879 2234 2934 Ait
2262 2895 2386 2934 vero
2411 2881 2570 2934 etiam
2604 2882 2902 2938 Dominus:
2932 2901 2950 2931 ι
2990 2881 3125 2938 Cum
3169 2886 3410 2942 videritis

211 2971 315 3039 τῆς
344 2971 675 3041 ἐρημώσεως
698 2971 871 3047 ἑστὼς
892 2975 948 3024 ἐν
970 2970 1119 3041 τόπῳ
1133 2972 1294 3041 ἁγίῳ,
1330 2973 1358 3024 ὁ
1387 2970 1766 3038 ἀναγινώσκων

1867 2970 2315 3024 abominationem
2355 2971 2704 3027 desolationis
2736 2981 2965 3052 stantem
2995 2974 3048 3026 in
3075 2975 3196 3029 loco
3225 2989 3408 3033 sancto

215 3062 408 3114 νοείτω
424 3078 438 3092 ·
477 3062 592 3114 τότε
613 3064 662 3114 oi
687 3064 743 3114 ἐν
757 3066 822 3134 τῇ
851 3043 1073 3133 Ἰουδαίᾳ
1094 3059 1436 3131 φευγέτωσαν
1456 3065 1535 3125 είς
1563 3063 1629 3115 τὰ
1648 3063 1766 3133 ὅρη,

1872 3059 1982 3128 (qui
2013 3060 2167 3129 legit,
2200 3060 2480 3131 intelligat)
2509 3103 2522 3126 ,
2565 3071 2694 3115 tunc
2719 3063 2810 3131 qui
2844 3063 2897 3116 in
2927 3043 3108 3119 judata
3143 3076 3288 3134 sunt,
3335 3069 3414 3122 fu-

1864 2070 1994 2126 tem,
2023 2068 2076 2114 et
2109 2061 2163 2114 in
2198 2060 2484 2115 solitudine
2516 2061 2566 2114 in
2593 2061 2864 2143 montibus
2891 2063 3188 2118 latitantem
3211 2103 3226 2129 ,
3262 2066 3430 2119 nullo.
3523 2110 3528 2116 .

214 3153 309 3204 καὶ
349 3153 377 3203 6
405 3149 501 3203 ἐπὶ
529 3149 790 3219 δώματος,
824 3149 901 3223 μὴ
922 3150 1288 3206 καταϐαινέτω
1317 3149 1442 3223 ἆραι
1469 3153 1530 3206 τὸ
1561 3152 1770 3225 ἱμάτιον

213 3241 383 3293 αὑτοῦ
405 3282 420 3305 ,
451 3242 546 3293 καὶ
572 3243 599 3293 6
623 3243 680 3293 ἐν
708 3241 878 3310 ἀγριῖυ,
911 3241 984 3312 μὴ
1010 3243 1382 3313 ἐπιστρεψάτω
1401 3247 1478 3306 είς
1507 3246 1572 3298 τὰ
1600 3246 1771 3300 ὀπίσω

214 3321 346 3401 ἀραί
380 3347 435 3383 τι
469 3332 530 3382 ἐκ
561 3329 657 3399 τῆς
702 3330 874 3391 οἰκίας
900 3329 1075 3382 αὐτοῦ.
1125 3332 1257 3383 Οὐαὶ
1287 3332 1340 3385 δὲ
1372 3337 1487 3396 ταῖς
1503 3337 1558 3386 ἐν
1579 3337 1770 3406 γαστρὶ

213 3423 492 3492 ἐχούσαις,
524 3420 614 3474 καὶ
634 3423 750 3483 ταῖς
781 3419 1128 3490 θηλαζούσαις
1160 3424 1214 3474 ἐν
1249 3423 1477 3486 ἐκείναις
1498 3427 1615 3486 ταῖς
1639 3427 1770 3494 ἡμέ-

216 3532 338 3585 ραις
358 3530 386 3571 ⁸,
419 3513 570 3565 ἔσται
600 3511 703 3582 γάρ
735 3511 854 3564 τότε
886 3512 1057 3581 θλίψις
1084 3512 1309 3583 μεγάλη,
1332 3513 1487 3564 ὁποία
1507 3515 1568 3566 οὐ
1609 3515 1767 3581 γέγο-

212 3624 302 3658 νεν
346 3605 440 3657 ἀπ’
486 3603 657 3674 ἀρχῆς
687 3603 920 3672 κόσμου,
951 3604 1054 3677 ἐκαὶ
1096 3603 1143 3654 εί
1179 3600 1252 3672 μὴ
1290 3601 1690 3672 ἐκολοϐώθησαν
1713 3605 1767 3654 αἱ

211 3696 422 3768 ἡμέραι
456 3696 654 3747 ἐκεῖναι
674 3732 690 3754 ,
733 3693 830 3746 ούκ
859 3692 924 3746 ἂν
947 3691 1120 3762 ἐσώθη
1151 3694 1297 3746 πᾶσα
1330 3692 1480 3764 σάρξ.
1521 3713 1538 3744 ι
1574 3694 1768 3763 Δανιὴλ

208 3789 266 3841 δὲ
303 3786 485 3854 λέγει⁸
539 3803 558 3835 ι
606 3786 713 3838 Καὶ
743 3784 968 3838 δώσουσι
1001 3784 1270 3854 βδέλυγμα
1297 3783 1624 3856 ἐρημώσεως
1657 3785 1765 3856 (23)

207 3879 432 3950 ἡμέρας
472 3875 646 3946 χιλίας
697 3874 975 3939 διακοσίοις¹
1019 3877 1380 3947 ἐννενήκοντα.
1421 3877 1698 3948 Μακάριος
1740 3881 1768 3931 6

210 3968 520 4038 ὑπομείνας
563 3968 654 4021 καὶ
699 3966 906 4036 φθάσας
946 3966 1023 4029 είς
1059 3965 1272 4037 ἡμέρας
1297 3966 1768 4036 χιλίας,διακοσίας

1871 3153 2016 3221 giant
2044 3152 2108 3206 ad
2143 3160 2385 3216 montes;
2431 3163 2485 3205 et
2533 3151 2625 3220 qui
2667 3151 2720 3204 in
2775 3160 2913 3206 tecto
2938 3194 2952 3218 ,
2991 3167 3102 3229 non
3129 3155 3416 3226 descendat
3466 3221 3474 3227 ,

1870 3243 2054 3296 tollere
2083 3251 2281 3296 vestem
2313 3257 2500 3307 suam;
2547 3251 2599 3296 et
2628 3241 2723 3310 qui
2760 3241 2816 3295 in
2844 3257 2996 3313 agro,
3036 3258 3143 3299 non
3176 3257 3416 3302 reverta-

1869 3343 1956 3387 tur
1995 3343 2051 3387 ut
2092 3334 2241 3387 tollat
2269 3335 2470 3403 aliquid
2517 3335 2582 3388 de
2613 3334 2774 3388 domo
2799 3349 2916 3388 sua.
2959 3331 3048 3401 Va:
3072 3344 3249 3390 autem
3278 3351 3412 3405 pra:-

1869 3425 2152 3492 gnantibus
2199 3436 2251 3479 et
2291 3425 2613 3478 lactantibus
2654 3425 2714 3477 in'
2737 3425 2924 3478 diebus
2952 3424 3076 3478 illis.
3122 3423 3234 3479 Erit
3264 3427 3408 3482 enim

1869 3521 1994 3565 tunc
2027 3513 2301 3566 tribulatio
2339 3527 2530 3582 magna
2560 3554 2574 3578 ,
2624 3513 2799 3581 qualis
2845 3527 2949 3565 non
3001 3513 3104 3567 luit
3144 3515 3212 3567 ab
3256 3516 3409 3569 initio

1867 3599 2073 3652 mundi.
2107 3598 2171 3652 Et
2200 3600 2301 3655 nisi
2330 3599 2554 3654 breviati
2591 3599 2818 3655 fuissent
2853 3601 2966 3656 dies
2999 3601 3095 3668 illi,
3127 3618 3232 3656 non
3263 3605 3410 3659 salva

1868 3689 2016 3755 ﬁeret
2049 3690 2224 3744 omnis
2256 3704 2380 3744 caro
2401 3690 2465 3742 ⁸⁸.
2522 3709 2540 3740 ι
2589 3689 2772 3744 Daniel
2804 3699 2982 3766 autem
3019 3693 3095 3745 ait
3125 3711 3137 3745 :
3175 3712 3192 3743 ι
3231 3691 3294 3748 Et
3317 3694 3413 3749 da-

1867 3781 2000 3834 bunt
2034 3780 2486 3835 abominationem
2525 3774 2874 3836 desolationis
2902 3781 3016 3836 dies
3050 3782 3193 3838 mille
3219 3785 3413 3842 ducen-
3521 3792 3527 3800 ’

1867 3881 1950 3925 tos
1983 3874 2291 3942 nonaginta.
2322 3871 2518 3926 Beatus
2546 3871 2637 3941 qui
2660 3874 2986 3940 exspectavit
3011 3883 3064 3928 et
3087 3876 3328 3942 pervenit
3344 3878 3412 3929 ad

1868 3965 1980 4019 dies
2014 3965 2158 4017 mille
2185 3964 2445 4018 ducentos
2479 3963 2767 4032 nonaginta
2801 3962 3037 4032 quinque
3059 3965 3123 4017 ⁸⁸.
3172 3984 3191 4016 ι

209 4060 571 4127 ἐννενήκοντα
622 4059 801 4133 πέντε.
864 4076 884 4109 ι
960 4057 968 4062 ’

251 4205 255 4213 ,
295 4152 360 4202 '0
391 4151 449 4202 δὲ
486 4141 745 4228 μακάριος
779 4146 984 4228 ῌαῦλος
1023 4148 1052 4199 6
1072 4147 1364 4228 ἀπόστολος
1389 4149 1608 4217 γράφων
1636 4149 1766 4219 πρὸς

209 4223 649 4306 Θεσσαλονικεῖς,
682 4224 844 4310 φησίν
864 4257 878 4270 ο
920 4259 940 4291 ι
993 4223 1306 4310 Ἐρωτιῖῳλεν
1336 4238 1394 4290 δέ
1419 4239 1580 4307 ὑμᾶς,
1614 4239 1765 4290 ἀδελ-

213 4334 330 4400 pot,
381 4331 519 4400 ὑπὲρ
547 4333 643 4400 τῆς
677 4331 973 4404 παρουσίας
1007 4329 1100 4382 τοῦ
1147 4322 1358 4399 Κυρίου·
1385 4328 1536 4397 ἡμῶν
1593 4328 1764 4397 Ἰησοῦ

1867 4332 1996 4384 tres,
2049 4338 2140 4389 per
2174 4323 2472 4374 adventum
2510 4318 2720 4372 Domini
2746 4319 2910 4373 nostri
2937 4316 3063 4387 Iesu
3088 4317 3310 4384 Christi,
3358 4331 3409 4375 et

213 4419 616 4490 Χριστοῡ,.και
656 4403 810 4490 ἡμῶν
847 4418 1256 4488 ἐπισυναγωγῆς
1305 4417 1389 4470 ἐπ’
1421 4417 1586 4486 αὐτῆς
1634 4418 1765 4485 (es),

1871 4412 2041 4466 nOstri
2071 4411 2497 4481 aggregationem
2532 4410 2586 4462 in
2630 4409 2746 4478 ipso
2768 4450 2783 4474 ,
2823 4419 2880 4464 ut
2916 4423 3028 4464 non
3052 4411 3159 4466 cito
3188 4425 3407 4468 movea-

215 4516 299 4575 εἰς
327 4511 388 4562 τὸ
407 4511 481 4579 μὴ
508 4495 710 4579 ταχέως
725 4512 1050 4582 ,σαλευθῆναι
1070 4511 1210 4581 ὑμᾶς
1227 4510 1332 4562 ἀπὸ
1355 4507 1447 4561 τοῦ
1471 4507 1605 4571 νοὸς,
1637 4509 1766 4578 μήτε

1866 4501 1996 4556 mini
2020 4517 2046 4554 a
2079 4516 2261 4565 sensu,
2295 4516 2466 4570 neque
2496 4502 2804 4564 turbemini,
2831 4515 3006 4570 neque
3022 4516 3118 4570 per
3138 4501 3406 4571 spiritum,

191 4600 518 4672 θροεῖσθαι,
543 4601 675 4670 μήτε
701 4601 787 4654 διὰ
812 4581 1134 4673 πνεύματος,
1162 4601 1294 4670 μήτε
1320 4597 1407 4651 διὰ
1432 4597 1606 4667 λόγου,
1635 4599 1766 4668 μήτε

1866 4607 2036 4661 neque
2065 4607 2158 4663 per
2189 4607 2517 4656 sermonem,
2545 4605 2716 4660 neque
2747 4605 2841 4659 per
2856 4591 3129 4660 epistolas,
3155 4602 3404 4662 tanquam

216 4695 285 4747 δι’
320 4690 615 4745 ἐπιστολῶν
637 4692 710 4754 ώς
735 4693 800 4747 δι’
828 4693 1000 4762 ἡμῶν,
1032 4693 1198 4756 ώςὸτι
1218 4674 1554 4759 ἐνέστηκενή
1581 4691 1765 4759 ἡμέρα

1870 4685 2026 4740 nobis
2051 4684 2378 4749 auctoribus,
2412 4684 2565 4752 quasi
2593 4683 2753 4735 instet
2782 4682 2893 4735 dies
2913 4679 3121 4734 Domini
3150 4701 3163 4736 :
3198 4698 3266 4736 ne
3286 4685 3407 4750 quis

1937 4143 2113 4197 LXIII.
2150 4143 2342 4198 Beatus
2371 4144 2496 4195 item
2533 4135 3034 4208 Paulus‘apostolus
3063 4140 3304 4194 scribens
3341 4140 3408 4192 ad

217 4784 314 4836 τοῦ
359 4781 588 4853 Κυρίου·
636 4783 794 4851 μήτις
830 4784 970 4852 ὑμᾶς
1025 4783 1332 4853 ἐξαπατήσῃ
1379 4779 1515 4832 κατὰ
1568 4779 1766 4848 μηδένα

1866 4792 1959 4831 vos
1993 4776 2221 4845 decipiat
2249 4775 2357 4830 ullo
2390 4775 2588 4838 modo;
2633 4773 2887 4839 quoniam
2933 4772 3037 4825 nisi
3064 4773 3268 4826 venerit
3297 4773 3408 4825 dis-

218 4872 566 4943 sptium-'61:
604 4869 697 4922 ἐὰν
849 4869 972 4940 ἔλθῃ
1005 4872 1038 4940 ἡ
1067 4870 1362 4922 ἀποστασία
1398 4866 1607 4937 πρῶτον
1627 4908 1640 4929 ,
1673 4869 1766 4920 καὶ

1867 4864 2040 4920 cessio
2085 4865 2338 4932 primum,
2381 4871 2434 4915 et
2491 4862 2753 4915 revelatus
2788 4860 2948 4914 fuerit
2985 4860 3145 4915 homo
3180 4862 3404 4928 peccati,

220 4961 576 5031 ἀποκαλυφθῇ
619 4962 647 5012 6
692 4959 970 5030 ἄνθρωπος
1008 4962 1106 5029 τῆς
1141 4959 1439 5032 ἁμαρτίας,
1475 4957 1503 5008 6
1535 4957 1644 5019 υίὸς
1674 4957 1766 5026 τῆς

1875 4957 2016 5009 filius
2045 4951 2377 5021 perditionis,
2410 4950 2498 5019 Qui
2531 4961 2610 5005 est
2637 4951 2977 5004 adversarius
3003 4992 3017 5015 ,
3051 4959 3103 5003 et
3134 4950 3406 5016 erttollitur

291 5102 338 5133 ἐ
360 5100 688 5160 Psal.cnt,i.
761 5100 806 5131 ⁸⁸
839 5101 1002 5167 Apoc.
1042 5116 1113 5156 ιι.
1145 5108 1197 5153 'o.
1270 5101 1315 5133 ⁸⁸
1353 5098 1578 5152 Malacb.
1613 5113 1704 5161 tv,
1735 5098 1788 5151 2.
1865 5098 1908 5127 ⁸⁵
1944 5095 2290 5152 Matth.xxiv,
2329 5090 2518 5151 15-22;
2557 5089 2714 5143 Marc.
2750 5105 2864 5153 xm,
2895 5088 3090 5150 14-20;
3127 5059 3400 5146 Lucana
3511 5155 3513 5158 ι

215 5169 410 5224 20-25.
484 5169 688 5224 “Dan.
723 5184 799 5235 ιι,
822 5168 921 5233 51;
951 5183 1022 5221 xu
1046 5207 1061 5231 ,
1095 5169 1182 5232 Η,
1206 5169 1296 5222 12.
1693 5176 1698 5187 ‘

291 5286 407 5355 (25)
446 5280 1141 5355 ,ϐδέλυγμα-ἐρημώσεως.
1170 5280 1350 5335 Graeca
1380 5280 1535 5355 Vulg.
1568 5282 1758 5355 ἠφανι-

1926 5277 2034 5355 (26)
2073 5274 2204 5355 “Ex’
2236 5270 2436 5355 αὐτῆς..
2479 5270 2544 5324 Et
2565 5274 2682 5355 ‘hq‘c.
2707 5272 2992 5347 singulare.
3024 5265 3208 5355 Grates
3240 5266 3395 5355 Yulg.

220 5337 464 5426 opsisti
488 5337 1049 5426 Videtu'r‘ﬂippolytus
1077 5337 1143 5402 ἐκ
1185 5352 1443 5404 memoria
1467 5337 1764 5426 .l‘izec'scri-

1866 5337 1942 5401 tm"
1973 5337 2147 5423 asses,
2191 5337 2468 5426 referendo
2513 5341 2580 5426 ad
2622 5339 2896 5426 Christum
2920 5375 2933 5395 ,
2968 5351 3072 5426 npn
3104 5337 3404 5426 ad‘adven-

219 5406 436 5494 DsisSel
475 5431 537 5494 lu
559 5406 968 5494 qutdjpﬁ'rhiue
995 5419 1576 5494 ducentos_nonaginta
1607 5418 1764 5494 quifl-

1866 5429 1993 5479 tum,
2027 5414 2121 5481 τῆς
2153 5411 2466 5490 παρουσίας.
2513 5410 2716 5461 Sensus
2745 5406 2922 5494 tamen
2954 5406 3094 5459 altus
3120 5414 3202 5460 est
3231 5419 3282 5460 et
3304 5423 3401 5459 ex-

218 5474 550 5562 aﬁ'é'ﬁdnit,
570 5474 673 5562 Γυθὶ
704 5474 918 5562 Hebraea
954 5501 1245 5562 omnesque
1268 5474 1581 5555 interpretes
1613 5474 1756 5540 mille
1860 5474 2089 5562 peditus,
2113 5489 2187 5562 fut
2227 5474 2474 5562 respiciat
2507 5474 3116 5562 raptumelectotmmac
3137 5486 3402 5562 praestari.

219 5552 493 5617 trecentos
518 5552 735 5626 triginta.
761 5560 996 5626 quinque
1036 5552 1251 5616 habent,
1290 5552 1593 5626 quanquam
1622 5570 1754 5608 nus-
1860 5552 1992 5626 tium
2019 5553 2284 5626 iustorum
2313 5552 2601 5626 ad_eum_in
2638 5557 2757 5626 aera
2792 5561 2820 5622 :-
2843 5557 2961 5611 quae
2988 5557 3176 5597 eorum
3215 5563 3400 5626 τεθειμ-

221 5576 493 5617 trecentos
518 5576 735 5626 U‘Iglllta.
799 5576 996 5626 umque
1036 5576 1251 5616 nauem,
1290 5576 1593 5622 quanquam
1623 5576 1754 5608 nus-
1860 5576 1992 5609 tium
2019 5576 2282 5620 jumurum
2313 5576 2526 5629 mecum
2552 5576 2601 5596 ιιι
2638 5576 2757 5595 «ποια
2793 5584 2820 5622 ,⁸
2843 5576 2960 5611 quae
2988 5576 3176 5597 ῡυιυιιι
3215 5576 3400 5616 αδδιτ-

221 5647 386 5701 quam
433 5628 717 5701 p_roclivi_o_r
761 5576 1028 5701 ίδιαςιοιιινίοι
1067 5635 1118 5684 et
1162 5638 1522 5701 error,_quam
1570 5624 1764 5701 in__nu-
1867 5621 2221 5701 gatioinnipsp
2251 5616 3404 5701 Dominiadventu,cpiusdcommonefaceie

223 5681 410 5754 aliis;
433 5681 624 5772 'Etiam
645 5681 882 5754 Hatthaai'
914 5681 1546 5772 verba.'__parum'lu‘§ata,
1607 5692 1762 5747 aliter
1866 5681 2035 5772 potuit
2071 5681 2268 5772 Paulus
2306 5681 3082 5772 eosdemATl'tessalouicenses,
3111 5698 3402 5772 eorilmfl“c

223 5751 495 5824 acCraeca
525 5751 681 5835 Vulg.
710 5751 1360 5833 onmesquealiimabeut.
1393 5751 1624 5823 Constat".
1866 5751 2071 5817 animos
2105 5760 2170 5816 ad
2204 5774 2326 5816 eum
2353 5757 2573 5827 erigere.
2605 5751 2678 5806 lo.

1866 4233 2406 4302 Thessalonicenses,
2437 4233 2511 4286 ait
2543 4248 2555 4282 :
2593 4248 2611 4280 ι
2653 4228 2922 4297 Rogamus
2958 4237 3128 4283 autem
3158 4245 3273 4294 vos,
3307 4227 3411 4283 fra-
3519 4240 3526 4243 ‘
