4098 6362
251 443 359 500 789

1218 450 1746 509 DEMONSTRATIO
1784 454 2145 516 ADVERSUS
2185 458 2486 516 JUDEOS.

3341 468 3444 522 790

244 559 360 653 ἕως
391 556 566 632 ψυχῆς
602 580 718 633 μου·
743 563 1008 643 ὲνεπάγην
1031 569 1105 631 είς
1135 569 1246 622 ίλὺν
1273 570 1456 640 βυθοῦ,
1487 593 1504 624 ι
1533 575 1797 638 τουτέστιν

1904 593 2109 645 meam;
2158 580 2351 636 infixus
2398 597 2515 635 sum
2549 582 2600 635 in
2634 583 2761 636 limo
2798 583 3086 653 profundi;
3128 604 3144 635 ι
3177 585 3226 640 id
3263 597 3343 640 est
3390 589 3441 641 iu

241 652 332 716 εἰς
355 652 453 723 τὴν
487 653 686 724 φθορὰν
711 655 803 708 τοῦ
828 656 972 726 ᾅδου,
998 657 1082 712 διὰ
1101 660 1197 730 τῆς
1220 663 1275 714 ὲν
1292 665 1598 736 παραδείσῳ
1629 685 1804 738 παρα-

241 742 405 811 κοῆς·
448 762 468 795 r
514 745 605 797 καὶ
650 746 747 798 οὐκ
790 745 934 799 ἐστιν
977 749 1288 814 ὑπόστασις,
1334 772 1352 803 ι
1393 756 1557 824 ῆγουν
1593 757 1804 827 ἀντίλη-

238 832 359 902 the.
404 851 424 886 ι
468 834 764 901 Ἐξέλειπον
808 840 856 889 οἱ
893 837 1156 909 ὀφθαλμοί
1193 859 1291 912 μου
1326 845 1430 897 ἀπὸ
1461 846 1552 899 τοῦ
1578 847 1806 910 ἐλπίζειν

250 942 318 994 με
343 926 439 978 ἐπὶ
468 927 560 978 τὸν
580 928 709 982 Θεόν
736 946 857 998 μου,
886 932 1011 984 πότε
1043 932 1160 1002 ἥξει
1189 935 1280 988 καὶ
1315 935 1475 990 σώσει
1517 955 1603 1007 με.
1648 958 1665 988 ι

317 1015 452 1071 Εἶτα
472 1017 724 1093 είπὼνυτὰ
748 1021 871 1092 ἑξῆς
896 1022 1039 1090 λέγει
1059 1025 1234 1078 λοιπὸν
1253 1027 1328 1090 ὡς
1347 1026 1405 1092 ἐξ
1423 1031 1628 1092 οἰκείου,
1642 1047 1808 1100 προσ-

243 1109 399 1160 ώπου
435 1113 464 1162 0
510 1111 756 1179 Χριστός·
781 1131 797 1163 ι
827 1115 891 1165 ⁶¹Α
914 1116 1009 1184 οὐχ
1031 1115 1288 1187 ἥρπαζον,
1317 1121 1495 1187 φησιν,
1533 1122 1650 1174 τότε
1675 1122 1808 1174 ἁπε-

245 1200 476 1251 τίννυον·
521 1219 539 1252 ι
577 1202 865 1266 τουτέστιν,
918 1204 1057 1277 ἅπερ
1096 1207 1192 1276 οὑχ
1240 1209 1500 1278 ἥμαρτον,
1547 1210 1684 1282 ὑπὲρ
1714 1210 1806 1263 τοῦ

248 1290 637 1359 ἁμαρτήματος
690 1291 854 1360 Ἀδὰμ
888 1293 1145 1363 ὑπέμεινα
1171 1294 1258 1346 τὸν
1287 1295 1529 1349 θάνατον.
1575 1317 1592 1349 ι
1638 1300 1804 1363 Ἐπεὶ,

250 1379 278 1430 .‘
312 1378 464 1442 Θεὸς,
494 1382 552 1433 σὺ
579 1377 723 1444 οἶδας
756 1382 852 1450 τὴν
881 1383 1184 1453 ἀφροσύνην
1212 1403 1331 1454 μου,
1362 1389 1452 1439 καὶ
1475 1391 1528 1440 αἱ
1560 1390 1808 1460 πλημμέ-

253 1469 394 1522 λειαί
429 1489 521 1540 μου
553 1473 657 1525 ἀπὸ
681 1473 771 1524 σοῦ
805 1475 900 1525 οὐκ
932 1475 1332 1547 ἁπεκρὺϐησανσ
1365 1498 1382 1529 ι
1423 1471 1713 1544 τουτέστιν,
1746 1484 1806 1536 οὑ

254 1561 362 1630 γὰρ
393 1561 795 1632 ἐπλημμέλησα,
832 1564 1020 1632 φησίψ
1048 1566 1112 1617 δι’
1138 1566 1165 1617 ὃ
1210 1587 1227 1618 ι
1277 1568 1349 1638 μὴ
1397 1572 1808 1643 αἰσχυνθείησαν

249 1648 298 1700 οί
323 1649 678 1719 ὑπομένοντές
713 1667 812 1719 μου
842 1650 964 1703 ίδεῖν
1006 1671 1022 1703 ι
1060 1654 1157 1723 τὴν
1182 1657 1473 1726 τριήμερον
1497 1659 1804 1722 ἀνάστασιν,

246 1741 525 1792 τουτέστιν
575 1743 623 1792 οί
659 1741 957 1794 ἀπόστολοι.
1017 1762 1034 1792 ι
1089 1745 1386 1799 ’Ὁτιὲνεκά
1421 1764 1533 1809 σου,
1585 1767 1603 1799 ι
1653 1750 1808 1819 χάριν

243 1830 338 1881 τοῦ
374 1831 672 1883 ὑπακοῦσαί
701 1849 810 1893 σου,
849 1851 866 1881 ι
901 1833 1176 1902 ὑπήνεγκα
1205 1836 1518 1906 ὀνειδισμὸν,
1571 1857 1587 1888 ι
1630 1841 1807 1891 τουτέ-

1911 668 2308 736 corruptionem
2335 669 2549 733 inferni,
2589 682 2804 742 propter
2833 675 3190 730 obedientiam
3214 676 3266 729 in
3291 691 3446 745 para-

1904 756 2023 809 diso
2061 759 2355 825 abjectam,
2402 778 2432 810 ι-
2469 771 2522 814 et
2551 777 2655 815 non
2712 773 2794 817 est
2839 764 3158 831 substantia,
3188 784 3205 817 ι
3247 767 3299 821 id
3343 776 3442 829 est.

1905 848 2186 903 auxilium.
2223 869 2256 904 ,ι
2313 849 2629 906 Defecerunt
2674 853 2815 908 oculi
2857 855 2980 920 mei,
3025 855 3152 910 dum
3191 871 3348 926 spero
3391 860 3444 912 in

1869 975 1874 980 .
1905 935 2014 990 Deo
2051 954 2199 1005 meo;
2228 941 2442 1009 quando
2463 942 2658 1004 veniet,
2684 951 2736 997 et
2760 944 2963 997 salvum
2996 960 3081 999 me
3108 945 3283 1001 faciet.
3316 966 3335 998 ι

1975 1025 2061 1079 ill.
2093 1027 2283 1082 Postea
2313 1030 2441 1084 dicit
2471 1040 2722 1099 tanquam
2765 1047 2829 1086 ex
2873 1047 3100 1101 persona
3148 1050 3247 1090 sua
3287 1036 3444 1090 Clu-i-

1908 1124 2023 1170 stus
2055 1136 2068 1170 :
2100 1136 2118 1167 ι
2153 1116 2281 1183 Qua:
2314 1135 2418 1173 non
2451 1122 2624 1190 rapui,
2657 1122 2849 1190 inquit,
2895 1132 3022 1178 tunc
3068 1125 3373 1190 solvebam;
3419 1145 3438 1177 ι

1904 1204 1957 1258 Id
1987 1215 2087 1271 est,
2118 1181 2209 1274 qui
2243 1221 2348 1260 non
2388 1181 2622 1276 peccavi,
2655 1181 2754 1277 pro
2793 1181 3009 1278 peccato
3044 1209 3171 1262 Adae
3211 1181 3441 1264 sustinui
3507 1261 3510 1264 .
3545 1181 3548 1184 ί

1905 1304 2149 1348 mortem.
2181 1314 2198 1345 ι
2261 1295 2527 1360 Quoniam
2585 1305 2663 1361 tu,
2702 1297 2862 1362 Deus,
2917 1300 3023 1353 scis
3079 1299 3453 1368 insipientiam.

1894 1376 2118 1450 meam;
2154 1393 2207 1439 et
2234 1384 2423 1439 delicta
2461 1400 2578 1440 mea
2618 1402 2646 1439 a
2671 1398 2720 1441 te
2750 1405 2854 1441 non
2895 1398 3018 1443 sunt
3046 1389 3380 1454 abscondita;
3418 1405 3492 1440 ιτ·-

1905 1474 1957 1528 id
1981 1485 2081 1537 est.
2111 1490 2218 1528 non
2241 1475 2407 1542 enim,
2436 1477 2625 1545 inquit,
2649 1476 2869 1546 deliqui,
2891 1480 3257 1546 quamobrem,
3283 1498 3301 1530 ι
3337 1495 3442 1533 non

1904 1565 2246 1631 erubescant,
2274 1569 2364 1636 qui
2394 1577 2701 1637 exspectant
2724 1568 2903 1622 videre
2941 1587 2960 1620 ι
2997 1585 3167 1624 meam
3205 1581 3325 1638 post
3351 1572 3443 1624 tri-

1904 1658 2070 1712 duum
2106 1659 2550 1713 resurrectionem
2583 1659 2597 1712 ξ
2633 1659 2684 1713 id
2713 1661 3082 1728 est,apostoli.
3119 1678 3137 1710 ι
3177 1660 3456 1731 ρηοηὶειῐι

1905 1759 2120 1815 propter
2149 1756 2220 1810 te,
2256 1766 2274 1799 ι
2314 1758 2371 1800 ut
2410 1747 2505 1802 tibi
2543 1746 2831 1810 obedirem,
2881 1764 2915 1805 ι,
2959 1738 3188 1801 sustinui
3246 1743 3439 1816 oppro-

1909 1835 2104 1900 brium,
2133 1854 2150 1886 ι
2186 1836 2235 1888 id
2261 1843 2362 1898 est,
2385 1849 2594 1890 crucem
2617 1853 2630 1900 ;
2663 1834 3048 1904 quandoJudzei
3072 1855 3090 1886 ι
3116 1846 3438 1904 operuerunt

244 1915 332 1969 in:
371 1920 458 1971 τὸν
504 1921 749 1990 σταυρὸν,
783 1922 867 1972 ὅτε
909 1940 928 1971 ‹
961 1924 1229 1992 ἐκάλυψαν
1253 1927 1480 1996 ὲντροπῇ
1508 1928 1565 1979 τὸ
1601 1930 1797 1999 πρόσω-

1907 1924 2221 1979 confusione
2254 1923 2439 1978 faciem
2473 1940 2707 1989 meamp
2742 1925 2952 1990 quando
2983 1943 2999 1974 ι
3035 1926 3236 1978 alienus
3271 1923 3438 1979 factus
3515 1987 3518 1990 ,

244 2009 345 2061 πόν
378 2028 476 2078 μου
519 2030 536 2060 ι
562 2012 609 2062 οἱ
649 2011 900 2063 Ἰουδαῖοι·
929 2015 1014 2066 ὅτε
1041 2034 1057 2064 ι
1093 2015 1592 2087 ἀπηλλοτρίωμένος
1627 2022 1806 2094 ἐγενή-

244 2100 346 2170 θην
396 2104 507 2162 τοῖς
553 2101 698 2154 κατὰ
757 2101 952 2168 σάρκα
1014 2103 1256 2171 ἀδελφοῖς
1313 2123 1434 2174 μου,
1510 2109 1601 2158 καὶ
1658 2108 1802 2173 ξένος

245 2193 362 2250 τοῖς
389 2190 525 2269 υἱοῖς
557 2189 653 2256 τῆς
693 2191 893 2261 μητρός
934 2210 1052 2262 μου,
1089 2212 1105 2244 ι
1152 2193 1411 2258 τουτέστι,
1464 2197 1798 2266 Συναγωγῆς.

249 2299 265 2329 ι
307 2281 453 2332 Διότι
490 2282 517 2330 0
547 2280 701 2349 ζῆλος
719 2282 809 2334 τοῦ
840 2282 986 2336 οἴκου
1019 2300 1131 2349 σου,
1172 2287 1368 2356 Πάτερ,
1405 2288 1673 2356 κατέφαγέ
1711 2308 1796 2358 με,

249 2374 336 2423 καὶ
367 2373 415 2423 οἱ
439 2372 725 2442 ὀνειδισμοὶ
754 2375 860 2428 τῶν
893 2376 1248 2440 ὀνειδιζόντων
1276 2394 1356 2442 σε,
1399 2398 1416 2429 ›
1456 2381 1548 2433 καὶ
1573 2380 1800 2434 θυόντων

244 2467 350 2524 τοῖς
377 2462 629 2525 εἰδώλοις,
664 2483 680 2514 ι
725 2464 992 2517 ἐπέπεσαν
1029 2469 1112 2518 ἐπ’
1147 2468 1264 2537 ἐμέ.
1302 2488 1320 2520 ι
1348 2469 1439 2523 Διὸ
1468 2490 1484 2521 ι
1523 2472 1638 2524 κατ’
1665 2471 1797 2542 ἐμοῦ

246 2553 565 2621 ἠδολέσχουν
591 2556 638 2604 οἱ
665 2553 955 2624 καθήμενοι
978 2558 1032 2608 ὲν
1058 2557 1264 2623 πύλαιςο
1282 2579 1300 2611 ›
1330 2561 1430 2628 ἔξω
1454 2563 1558 2636 γὰρ
1586 2564 1681 2634 τῆς
1704 2565 1800 2618 πύ-

240 2645 338 2712 λης
371 2663 434 2712 με
466 2645 827 2715 ἐσταύρωσαν·
863 2666 880 2696 ι
924 2651 1015 2700 καὶ
1051 2653 1128 2711 εὶς
1161 2654 1258 2721 ἐμὲ
1292 2655 1513 2722 ἔψαλλον
1546 2659 1593 2709 οί
1617 2659 1794 2710 πίνον-

238 2753 330 2798 τες
365 2732 523 2795 οἶνον,
567 2756 583 2786 ι
613 2735 850 2790 τουτέστι
873 2741 936 2808 τῇ
965 2739 1056 2791 τοῦ
1088 2741 1274 2811 Πάσχα
1300 2745 1477 2815 ἑορτῇ.
1521 2766 1538 2797 ι
1586 2749 1721 2816 Ἐγὼ
1742 2751 1797 2802 δὲ

238 2829 305 2893 τῇ
336 2828 604 2895 προσευχῇ
641 2843 739 2894 μου
766 2826 897 2895 πρὸς
921 2827 1000 2891 σὲ,
1029 2827 1216 2898 Κύριε,
1254 2849 1270 2879 ι
1307 2831 1508 2896 ἔλεγον·
1542 2853 1559 2884 ι
1601 2837 1795 2909 Πάτερ,

207 2915 377 2982 ’ἄφες
425 2917 623 2979 αὐτοῖς,
677 2937 693 2967 ι
745 2921 855 2980 τοῖς
896 2918 1121 2981 ἔθνεσιν,
1163 2920 1294 2972 διότι
1332 2923 1517 2993 καιρὸς
1558 2926 1798 2990 εὐδοκίας

237 3005 348 3056 τῶν
369 3006 555 3057 ἐθνῶν.
588 3026 604 3056 ι
648 3009 735 3077 Μὴ
762 3009 933 3061 τοίνυν
955 3013 1392 3064 καταποπισάτω
1419 3031 1482 3082 με
1508 3017 1751 3083 καταιγὶς
1775 3036 1792 3066 ι

241 3095 578 3164 πειρασμῶν,
612 3115 629 3145 ‹
661 3097 791 3166 μηδὲ
812 3099 1119 3152 καταπιέτω
1156 3117 1219 3169 με
1249 3101 1421 3170 βυθὸς,
1455 3122 1471 3152 ι
1506 3105 1793 3168 τουτέστιν,

1904 2031 2022 2069 sum
2063 2015 2318 2069 fratribus
2348 2015 2480 2068 meis
2518 2034 2534 2064 ι
2562 2016 2852 2068 secundum
2884 2031 3116 2087 carnem“
3158 2035 3174 2065 ι
3205 2025 3255 2070 et
3288 2032 3441 2084 pere-

1903 2106 2086 2174 grinus
2115 2105 2236 2159 ﬁliis
2258 2106 2444 2158 matris
2470 2119 2619 2166 mete,
2657 2123 2674 2154 ι
2704 2105 2753 2156 id
2777 2114 2876 2169 est,
2906 2104 3213 2175 Synagogae.
3244 2127 3261 2156 ι
3298 2107 3441 2172 Quo-

1900 2195 2042 2247 niam
2067 2195 2212 2248 zelus
2246 2195 2440 2248 domus
2475 2205 2577 2247 tua:
2617 2191 2814 2262 (Pater)
2844 2194 3074 2247 comedit
3111 2210 3217 2260 me,
3244 2207 3296 2248 et
3333 2198 3436 2249 imv

1898 2285 2142 2353 properia
2183 2285 2662 2353 improperantium
2709 2284 2880 2350 tibi,»
2929 2294 2980 2337 ct
3022 2287 3434 2340 sacriﬁcantium

1899 2375 2076 2441 idolis,
2139 2393 2157 2424 ι
2222 2375 2532 2428 ceciderunt
2605 2390 2764 2444 super
2819 2389 2924 2428 me.
2999 2393 3017 2425 ι
3082 2373 3434 2441 Quamobrem

1905 2483 1922 2516 ι
1959 2475 2142 2519 contra
2170 2480 2255 2519 me
2291 2466 2664 2534 loquebantur,
2693 2466 2784 2534 qui
2814 2465 3064 2519 sedebant
3090 2467 3141 2519 in
3170 2467 3366 2535 portis:
3410 2487 3428 2517 ι

1899 2565 2049 2612 extra
2081 2569 2288 2627 peltam
2323 2557 2463 2612 enim
2503 2555 2882 2612 cruciﬁxcruut
2907 2570 3030 2612 eum
3062 2555 3220 2626 (me);
3259 2575 3278 2608 ι
3304 2565 3356 2612 et
3382 2557 3434 2610 iu

1899 2663 1984 2701 me
2011 2649 2308 2716 psallebant
2347 2649 2437 2717 qui
2481 2648 2730 2702 bibebant
2770 2649 2971 2711 vinum,
3006 2665 3023 2696 ι
3063 2648 3112 2700 id
3147 2658 3248 2710 est,
3275 2649 3324 2700 in
3355 2647 3432 2699 fe-

1898 2748 1980 2792 sto
2015 2738 2254 2792 Pascha}.
2300 2757 2318 2789 ι
2370 2738 2479 2808 Ego
2515 2753 2638 2791 vero
2687 2738 2925 2790 oratione
2962 2751 3080 2789 mea
3116 2737 3181 2789 ad
3225 2745 3294 2800 te,
3333 2737 3435 2787 Do-

1898 2827 2062 2893 mine,
2097 2845 2115 2882 ι
2162 2827 2403 2881 dicebam
2435 2844 2447 2878 :
2486 2845 2503 2876 ι
2556 2824 2730 2888 Pater,
2776 2824 2983 2876 remitte
3019 2824 3166 2892 ipsis,
3206 2841 3224 2874 ι
3266 2825 3434 2891 genti-

1897 2919 1998 2972 bus
2001 2937 2032 2995 δ
2081 2919 2336 2986 quoniam
2390 2928 2596 2984 tempus
2645 2914 2955 2983 beneplaciti
3001 2917 3252 2984 gentium.
3297 2932 3314 2965 ι
3359 2913 3434 2967 Ne

1897 3009 2059 3077 igitur
2087 3008 2358 3077 demergat
2394 3023 2477 3060 me
2509 3015 2792 3075 tempestas
2824 3024 2841 3056 ι
2878 3005 3249 3068 tentationum,
3285 3024 3302 3056 ι
3338 3021 3434 3059 nec

1898 3100 2181 3154 absorbeat
2214 3114 2300 3153 me
2342 3099 2663 3167 profundum
2713 3095 2759 3162 ⁸,
2806 3116 2824 3148 ι
2867 3096 2920 3151 id
2978 3106 3078 3164 est,
3133 3097 3374 3151 infernus
3418 3116 3432 3150 :

238 3185 268 3234 0
303 3185 454 3254 ᾅδης.
486 3204 503 3234 ‹
537 3186 610 3238 Οὑ
639 3188 744 3256 γὰρ
779 3190 1185 3258 ἐγκαταλείψεις
1226 3193 1319 3263 τὴν
1345 3194 1520 3263 ψυχήν
1568 3213 1666 3263 μου
1720 3197 1796 3258 είς

1904 3207 1921 3238 ι
1960 3187 2074 3242 Non
2101 3189 2242 3242 enim
2271 3188 2537 3256 relinques
2571 3189 2802 3240 animam
2834 3202 3007 3240 meam
3035 3189 3085 3239 in
3117 3180 3324 3240 inferno
3347 3189 3430 3251 9;»

239 3275 387 3345 ᾅδην*
406 3292 526 3324 ι-ιε
540 3276 667 3344 μηδὲ
686 3278 919 3345 συσχέτω
931 3279 1013 3330 ἐπ’
1028 3281 1125 3349 ἐμὲ
1143 3282 1316 3352 φρέαρ
1329 3284 1386 3336 τὸ
1403 3284 1570 3353 στόμα
1582 3284 1762 3348 αὑτοῦ,
1777 3306 1793 3336 ι

238 3365 483 3416 τουτέστι
514 3365 573 3416 τὸ
601 3370 875 3435 μνημεῖον.
919 3386 936 3416 ι
971 3369 1167 3423 Ἕνεκα
1206 3372 1313 3426 τῶν
1346 3375 1550 3446 ὲχθρῶν
1583 3394 1679 3445 μου
1706 3376 1797 3445 ρῦ-

242 3457 332 3509 σαί
369 3474 454 3526 με,
504 3476 521 3508 ι
554 3458 636 3509 ἵνα
666 3457 737 3528 μὴ
771 3462 1144 3530 καυχήσωνται
1171 3464 1220 3514 οἱ
1263 3465 1499 3519 Ἰουδαῖοι
1533 3468 1794 3534 λέγοντες·

240 3549 611 3617 Καταπίωμεν
632 3547 807 3604 αὐτόν.

313 3638 496 3690 Ταῦτα
525 3638 578 3690 δὲ
606 3639 778 3692 πάντα
808 3641 1036 3711 Χριστὸς
1054 3642 1404 3711 οἰκονομικῶς
1423 3645 1496 3706 ὡς
1521 3647 1800 3716 ἅνθρωπος

241 3728 458 3799 ηὔχετο,
512 3729 640 3792 Θεὸς
668 3730 741 3782 ὢν
774 3731 1036 3800 ἀληθινός.
1092 3734 1337 3795 Ἀλλ’,ὼς
1391 3733 1598 3801 φθάσας
1627 3733 1795 3801 εἷπον,

247 3839 265 3872 ι
303 3825 336 3888 ἠ
375 3823 553 3892 μορφὴ
580 3822 670 3873 τοῦ
698 3823 880 3874 δούλου
905 3819 990 3892 ἦν,
1025 3843 1040 3872 ι
1078 3823 1248 3875 ταῦτα
1300 3824 1530 3891 λέγουσα
1570 3828 1660 3879 καὶ
1693 3828 1796 3879 πά-

243 3928 468 3982 σχουσα.
496 3913 568 3962 Δι’
598 3912 625 3962 ὃ
656 3913 898 3981 ἐπήγαγε
928 3913 1115 3980 λέγων·
1147 3933 1164 3963 ‹
1203 3915 1523 3983 Ὀνειδισμὸν
1547 3918 1797 3986 προσεδό-

241 4018 411 4070 κησεν
454 4002 486 4069 ἡ
532 4000 673 4070 ψυχή
720 4019 820 4071 μου
878 4003 969 4055 καὶ
1021 4003 1404 4072 ταλαιπωρίαν,
1439 4021 1455 4052 ι
1501 4006 1793 4071 τουτέστιν,

241 4092 506 4152 ἑκουσίως
544 4092 760 4155 ἔπαθον,
809 4095 905 4146 οὑκ
939 4093 1000 4145 ἔκ
1030 4110 1168 4155 τινος
1219 4092 1337 4162 βίας
1361 4111 1372 4122 ·
1422 4095 1568 4164 ὅμως
1623 4115 1640 4146 ι
1670 4098 1798 4150 ὑπέ-

246 4201 407 4256 μεινα
444 4183 884 4254 συλλυπουμένον,
920 4186 1009 4237 καὶ
1046 4186 1141 4254 οὑχ
1184 4185 1438 4256 ὑπῆρξεν.
1485 4205 1502 4237 ι
1556 4189 1797 4255 Ἀφέντες

241 4278 352 4346 γὰρ
384 4275 579 4338 πάντες
609 4277 656 4327 οί
690 4278 811 4346 ἐμοὶ¹
840 4275 1071 4346 μαθηταὶ
1116 4276 1337 4344 ἔφυγον·
1374 4298 1390 4329 ι
1434 4281 1521 4332 καὶ
1556 4297 1797 4350 παρακα-

241 4366 459 4429 λοῦντα,
489 4367 582 4419 καὶ
615 4369 710 4437 οὑχ
736 4362 914 4439 εὗρον,
957 4388 974 4417 ι

1907 3298 1923 3330 ‹
1963 3295 2062 3333 nec
2093 3288 2281 3348 urgeat
2314 3294 2475 3346 super
2519 3293 2604 3331 me
2645 3287 2835 3346 puteus
2876 3292 2937 3331 os
2975 3291 3153 3341 suum,
3193 3295 3208 3327 ι
3246 3277 3295 3330 id
3332 3285 3433 3341 est,

1902 3372 2231 3442 sepulcrum.
2267 3390 2284 3421 ι
2323 3368 2550 3438 Propter
2575 3360 2817 3423 inimicos
2842 3381 2992 3422 meos
3014 3367 3160 3437 eripe
3199 3381 3284 3421 me
3307 3368 3370 3430 ¹⁰,
3412 3385 3429 3415 ι

1901 3481 1967 3520 ne
1990 3463 2465 3537 glorienturludazi
2489 3462 2728 3517 dicentes
2757 3481 2767 3512 :
2807 3460 3197 3514 Absorbeamus
3221 3474 3360 3512 eum.

1971 3639 2056 3692 IV.
2100 3638 2222 3693 llmc
2268 3639 2444 3693 omnia
2506 3640 2749 3693 Christus
2803 3636 3130 3690 (nconomice
3182 3645 3432 3702 tanquam

1900 3734 2060 3788 homo
2094 3733 2427 3801 precabatur,
2453 3733 2542 3799 qui
2572 3737 2685 3782 erat
2713 3743 2868 3781 verus
2893 3725 3051 3781 Deus.
3080 3725 3434 3787 Sed,utant‘ea

1899 3823 2030 3888 dixi,
2067 3841 2085 3872 ι
2125 3821 2296 3875 forma
2324 3822 2459 3875 servi
2484 3828 2595 3872 erat
2619 3820 2682 3880 ¹¹,
2719 3838 2735 3868 ι
2764 3833 2881 3886 quae
2907 3819 3018 3870 bmc
3047 3817 3360 3888 loquebatur
3384 3825 3438 3871 et

1898 3887 2219 3981 patiebatur.
2256 3909 2612 3974 Quamobrem
2645 3906 2921 3975 subjunxit
2954 3925 2965 3958 :
3003 3925 3019 3954 ι
3052 3887 3435 3974 1ηιριόροί·ἰυιιι

1898 4001 2223 4071 exspectavit
2257 3999 2433 4050 anima
2464 4012 2600 4060 mea,
2636 4005 2689 4049 et
2724 3997 3024 4055 miseriam;
3064 4013 3081 4045 ι
3117 3996 3167 4046 id
3196 4003 3295 4056 est,
3328 4007 3432 4045 neu

1900 4093 2097 4144 invitus
2124 4101 2315 4156 passus
2345 4102 2462 4140 sum
2494 4126 2507 4147 ,
2554 4101 2724 4153 neque
2758 4100 2847 4152 per
2873 4087 3008 4148 vim;
3040 4102 3057 4134 ι
3090 4083 3387 4151 exspectavi
3410 4100 3427 4130 ι

1897 4190 2093 4241 tamen,
2132 4196 2149 4227 ‹
2184 4179 2272 4245 qui
2298 4178 2454 4231 simul
2483 4179 2908 4236 contristaretur,
2936 4186 2989 4227 et
3011 4189 3120 4226 non
3146 4172 3262 4224 fuit.
3291 4189 3308 4221 ι
3331 4171 3434 4222 Do-

1897 4270 2042 4321 mino
2075 4268 2201 4336 (me)
2232 4269 2374 4321 enim
2427 4268 2701 4329 derelicto,
2750 4262 2934 4316 bmncs
2986 4263 3136 4331 (mei)
3184 4260 3432 4328 discipuli

1895 4360 2170 4429 fugerunt:
2197 4378 2214 4409 ι
2249 4372 2300 4413 et
2321 4357 2666 4426 (exspectavi)
2691 4356 2781 4424 qui
2814 4354 3208 4415 consolaretur,
3240 4362 3293 4406 et
3319 4367 3426 4406 non

1895 4465 2096 4504 inveni.
2127 4469 2144 4501 ι

319 4546 580 4596 Ἄκουσον
611 4545 891 4614 νουνεχῶς,
939 4540 983 4598 ὧ
1028 4543 1264 4606 Ἰουδαῖε,
1309 4543 1360 4594 τί
1395 4560 1556 4612 φησιν
1601 4545 1628 4595 0
1664 4543 1795 4612 Χρι-

1961 4539 2025 4593 ν.
2070 4540 2206 4594 Audi
2239 4548 2288 4594 et
2319 4540 2552 4606 adverte,
2587 4536 2785 4598 Iudaee,
2820 4537 2946 4607 quid
2976 4537 3119 4592 dicat
3146 4537 3428 4591 Christus:

247 4636 394 4699 στός·
438 4654 454 4685 ι
489 4635 728 4687 Ἕδωκαν
749 4637 855 4705 (3.9.)
879 4640 956 4699 εἰς
972 4637 1030 4689 τὸ
1051 4635 1244 4706 βρῶμά
1274 4651 1372 4703 μου
1400 4636 1577 4704 χολὴν,
1599 4635 1690 4687 καὶ
1715 4638 1792 4698 είς

243 4729 342 4799 τὴν
377 4726 533 4796 δίψαν
576 4742 674 4795 μου
709 4727 957 4779 ὲπότισάν
993 4745 1057 4797 με
1091 4727 1226 4792 ὅξος.
1263 4745 1278 4776 ι
1322 4727 1430 4776 Καὶ
1471 4724 1638 4777 ταῦτα
1696 4726 1791 4795 μὲν

242 4818 443 4872 ἔπαθεν
464 4817 520 4882 ἐξ
542 4815 709 4885 ὑμῶν.
733 4817 987 4869 ’Ἄκουσον
1008 4818 1099 4869 τοῦ
1123 4818 1274 4885 ἁγίου
1293 4815 1427 4868 Πνεύ
1437 4833 1600 4885 ματος
1615 4817 1793 4885 λέγον-

241 4926 334 4972 τος
348 4911 440 4962 καὶ
470 4909 520 4960 τί
547 4906 915 4960 ἀνταπέδωκεν
945 4909 1072 4978 ὑμῖν
1101 4910 1217 4961 ἀντὶ
1246 4909 1337 4961 τοῦ
1364 4909 1554 4979 μικροῦ
1588 4911 1791 4964 ἐκείνου

241 4998 418 5062 δξους.
453 5000 608 5066 Λέγει
642 4997 747 5067 γὰρ
777 4999 804 5049 0
832 5001 1140 5068 προφήτης,
1179 5000 1252 5062 ὼς
1285 5001 1348 5053 ὲκ
1380 5000 1665 5070 προσώπου
1698 5003 1788 5055 τοῦ

242 5087 406 5140 Θεοῦ·
450 5108 468 5140 ι
505 5089 543 5140 Γ
546 5087 844 5159 ενηθήτωὴ
877 5086 1120 5155 τράπεζα
1150 5089 1324 5141 αὐτῶν
1358 5091 1437 5152 είς
1465 5090 1660 5158 παγίδα
1699 5094 1789 5146 καὶ

1872 4656 1877 4662 ι
1904 4650 1921 4683 ι
1947 4631 2288 4686 Dederuntin
2320 4631 2498 4685 cibum
2533 4645 2710 4683 meum
2739 4629 2826 4692 fel,
2860 4638 2912 4682 et
2937 4630 2987 4680 in
3020 4629 3104 4681 siti
3138 4644 3253 4682 mea
3283 4638 3432 4695 peta-

1895 4733 2089 4779 verunt
2131 4740 2216 4779 me
2263 4734 2412 4779 aceto
2438 4726 2501 4776 “.
2539 4743 2557 4774 ι
2602 4724 2667 4777 Et
2702 4724 2812 4776 hzec
2858 4736 3049 4790 passus
3085 4728 3168 4773 est
3200 4735 3229 4771 a
3261 4718 3428 4771 vobis.

1896 4819 2035 4873 Audi
2066 4817 2322 4888 Spiritum
2345 4809 2595 4871 sanctum
2619 4816 2887 4869 dicentem
2908 4814 3038 4882 quid
3069 4813 3312 4866 retribuit
3340 4826 3435 4861 vo-~

1897 4912 1978 4965 bis
2001 4925 2097 4979 pro
2125 4910 2215 4962 illo
2245 4909 2457 4962 modico
2487 4917 2634 4960 aceto
2663 4924 2674 4958 :
2709 4906 2785 4958 ait
2829 4904 2968 4984 enim
3003 4890 3267 4972 prepheta
3309 4911 3430 4952 tan-

1893 5017 2054 5073 quam
2099 5015 2165 5053 ex
2212 5013 2436 5066 persona
2485 4996 2574 5050 Dei
2605 5015 2616 5050 :
2654 5015 2671 5047 ι
2711 4996 2829 5050 Fiat
2855 5012 3037 5060 mensa
3059 5008 3244 5048 eorum
3271 4993 3323 5045 in
3356 4993 3434 5045 Ia-

1895 5098 2182 5164 queum,et
2209 5091 2260 5142 in
2285 5089 2684 5144 retributionem
2709 5089 2769 5142 ¹³.
2787 5109 2803 5138 ι
2831 5087 2998 5154 Quam
3030 5084 3429 5139 retributionem

316 5203 338 5233 °
367 5201 518 5276 Psal.
543 5219 726 5276 μίτῳ,
760 5203 783 5256 l
813 5216 958 5271 seqq.
1035 5203 1055 5234 ⁸
1090 5201 1230 5257 Psal.
1268 5221 1355 5272 xv,
1382 5206 1464 5259 10.
1547 5209 1588 5238 ¹⁰
1621 5207 1760 5264 Psal.
1795 5229 1797 5264 1

1899 5228 1977 5275 tu,
2015 5209 2094 5262 15.
2175 5209 2214 5238 ¹¹
2246 5206 2475 5276 Philipp.
2506 5222 2572 5271 ll,
2609 5207 2657 5261 7.
2737 5208 2778 5237 ¹¹
2813 5205 2949 5260 Psal.
2983 5216 3172 5262 vam,
3213 5200 3300 5267 ‘20,
3341 5202 3433 5266 21,

243 5270 335 5323 22.
411 5275 454 5303 ⁸⁸
482 5271 608 5327 Ibid.
631 5274 717 5326 22.

316 5387 430 5456 (32)
475 5390 534 5442 Τί
550 5469 553 5470 ν
589 5392 776 5470 φησιν
829 5394 860 5445 δ
903 5390 1148 5470 Χριστρς
1177 5407 1188 5419 ⁸
1237 5392 1481 5470 ξδωζξαν.
1529 5395 1786 5470 Origenes
1891 5398 2308 5470 ἀνειληφότα-είς
2329 5397 2390 5452 τὸ
2411 5399 2601 5470 βρῶμα
2623 5396 2808 5470 εαυτοῦ
2838 5394 3014 5470 χολῂν,
3046 5395 3137 5448 καὶ
3162 5393 3435 5470 ποτισθένο

243 5455 340 5510 lib.
373 5472 408 5508 tt
439 5455 621 5528 contra
655 5455 883 5523 Celsum,
919 5455 1036 5528 pag.
1072 5459 1158 5520 82,
1190 5462 1315 5513 edit.
1353 5455 1656 5522 Cantabr}
1690 5455 1784 5523 Γέέ

243 5541 484 5594 γραπται
515 5527 570 5577 ὲν
613 5529 882 5597 ἑξηκοστῷ
920 5527 1084 5598 ὀγδόῳ
1113 5529 1217 5597 ψαλ
1263 5529 1306 5597 ᾦ
1326 5531 1381 5579 ὲν
1408 5535 1676 5602 προσώπω
1699 5540 1790 5591 τοῦ

243 5593 513 5658 Χριστοῦ·
558 5597 664 5648 Kal
695 5597 920 5650 ἔδωκαν
964 5602 1049 5658 είς
1095 5599 1156 5650 τὸ
1198 5547 1406 5658 ¹ἔοὼμά
1427 5619 1543 5658 μου
1579 5593 1786 5658 γοίλὺν.

243 5611 513 5663 λριστουσ
558 5611 664 5648 nat
695 5611 920 5650 εσωκαν
964 5611 1049 5663 εις
1095 5611 1156 5650 τι)
1198 5611 1406 5666 ,βρωμᾱ
1427 5619 1543 5668 μου
1575 5611 1786 5672 χολὴν,

243 5663 343 5735 καί
368 5665 454 5728 είς
482 5663 593 5735 τὴν
621 5666 799 5735 δίψαν
838 5685 953 5734 μου
991 5668 1273 5720 ὲπότισὰν
1307 5686 1381 5735 με
1416 5669 1571 5734 ὄξος.
1608 5677 1675 5725 Ἦ
1709 5676 1792 5727 λε-

243 5733 486 5811 γέτωσαν
526 5733 779 5811 Ἰουδαῖοι,
810 5733 891 5797 τίς
919 5737 1066 5811 ἐστιν
1096 5739 1123 5789 0
1151 5739 1206 5811 έν
1230 5733 1596 5811 τῷ-προφήτῃ
1624 5745 1790 5795 ταῦτα

245 5801 417 5871 λέγων
436 5843 454 5869 ,
488 5803 579 5856 καὶ
619 5805 1115 5874 παραστησάτωσαν
1151 5807 1254 5870 ἀπὸ
1285 5801 1404 5876 ’τῆς
1437 5801 1673 5878 ίστόῥίας
1703 5814 1790 5865 τὸν

1891 5487 1960 5522 τα
1988 5458 2122 5530 ὗξός.
2160 5487 2177 5517 ‹
2209 5458 2477 5538 Scriptum
2507 5458 2589 5522 est
2619 5469 2672 5538 in
2693 5458 3046 5538 sexagesimo
3077 5475 3268 5538 octavo
3292 5458 3435 5530 psal-

1895 5553 1983 5593 mo
2008 5552 2074 5590 ex
2103 5534 2555 5603 persona’Christi
2580 5555 2591 5589 :
2627 5534 2693 5586 Et
2719 5535 2964 5586 dederim!
2992 5535 3044 5586 in
3074 5536 3240 5586 cibum
3267 5545 3432 5603 meum

1896 5607 1983 5675 fel,
2014 5614 2060 5658 et
2092 5602 2145 5657 in
2183 5607 2271 5659 siti
2305 5623 2416 5659 mea
2459 5607 2762 5675 potavéruut
2794 5619 2870 5656 me
2914 5613 3076 5658 aceto.
3119 5602 3434 5675 Antﬁicaut

1896 5673 2062 5729 Judaei
2090 5675 2211 5742 quis
2236 5685 2318 5729 est
2341 5675 2432 5742 qui
2465 5676 2575 5727 haec
2604 5674 2742 5739 apud
2773 5676 3084 5743 prophetam
3108 5673 3357 5740 loquitur,
3381 5673 3433 5718 ct

1895 5761 1960 5797 ex
1990 5743 2212 5796 historia
2238 5743 2773 5813 ostendantyaliquem
2807 5760 2902 5813 pro
2935 5745 3054 5798 cibo
3083 5743 3198 5798 felle
3222 5747 3431 5808 pastum

1898 5823 2239 5884 potatumque
2263 5821 2432 5868 aceto.
2463 5830 2482 5864 ι
2518 5810 2732 5866 ΡΑιιιιιο.
