4098 6362
676 390 767 446 731
1310 394 1365 449 S.
1408 393 1763 449 lllPPOLYTl
1802 396 1948 450 OPP.
2012 395 2188 451 PARS
2227 395 2287 449 ll.
2336 429 2395 441 --
2431 396 2730 454 DOGMAT.
2769 396 2858 454 ΕΤ
2893 399 3231 458 HISTORIC.
3770 406 3800 457 7

670 506 833 561 dicit?
857 508 1200 565 manifestum
1224 518 1327 576 est,
1350 529 1468 567 eam
1497 514 1767 569 miseriam
1797 514 1997 583 dicere,
2029 516 2082 571 in
2114 532 2207 586 qua

2327 518 2405 579 εἰς
2435 518 2800 575 ἀνταπόδοσιν.
2830 538 2850 572 ›
2882 520 3049 575 Ποίαν
3069 522 3422 578 ἀνταπόδοσιν
3442 523 3615 593 λέγει;
3636 523 3865 596 εὔδηλον,

666 609 816 685 nunc
845 597 947 666 (es)
979 609 1104 655 sunt
1130 598 1323 656 Judaei.

2320 610 2419 678 τὴν
2451 608 2546 663 νῦν
2575 610 2903 680 κατέχουσαν
2938 629 2997 667 σε
3028 613 3332 685 δυστυχίαν.

744 684 825 740 Vl.
866 686 1004 743 Audi
1038 689 1246 771 deinde,
1269 708 1389 762 quae
1419 701 1755 763 sequuntur:
1797 713 1816 747 ι
1850 694 2207 753 Obscurentnl

2389 694 2521 753 Εἶτα
2566 701 2794 755 ἄκουσον
2824 704 2939 756 ’καὶ
2981 704 3052 758 τὰ
3093 684 3245 775 ἑξῆς·
3285 724 3304 759 ι
3333 706 3779 777 Σκοτισθήτωσαν
3813 709 3864 760 οἱ

667 765 810 832 Oculi
833 793 1039 846 eorum,
1073 796 1140 837 ne
1162 767 1401 838 rideant.
1436 803 1453 836 ι
1487 786 1651 857 Atqui
1678 789 1950 845 obscurati
1976 800 2101 845 sunt
2125 806 2207 845 vo-

2304 789 2584 868 .6zpbalpoi.
2614 791 2792 845 αὐτῶν
2816 792 2913 847 τοῦ
2945 793 3021 865 μὴ
3055 765 3288 866 βλέπειν.
3314 814 3334 849 ι
3377 797 3514 851 Ἀλλ’
3528 765 3866 868 ἐσκοτίσθητε

668 869 752 923 bis
777 872 917 926 oculi
957 873 1150 929 animze
1193 875 1573 932 obscuratione
1604 882 1883 935 tenebrosa
1918 894 1970 936 et
1997 890 2207 936 aeterna.

2304 864 2429 943 ’τοῖς
2476 881 2575 951 τῆς
2622 880 2799 953 ψυχῆς
2844 864 3141 956 ὀφθαλμοῖς
3188 886 3479 958 σκοτισμδν
3519 888 3729 957 deem
3774 864 3866 943 atat

672 958 944 1029 Siquidem
978 972 1098 1018 orto
1126 980 1257 1019 vero
1290 965 1517 1031 lumine,
1546 984 1643 1026 vos
1673 976 1929 1039 tanquam
1969 971 2023 1024 in
2063 980 2207 1025 nocte

2318 971 2555 1026 αἰώνιον.
2602 974 2996 1040 Ἀνατείλαντος
3023 976 3132 1048 γὰρ
3158 976 3253 1030 τοῦ
3282 978 3455 1047 φωτὸς
3481 979 3577 1032 τοῦ
3597 977 3860 1049 ἀληθινοῦ,

667 1051 880 1117 erratis,
924 1051 978 1105 in
1008 1054 1149 1108 invia
1188 1070 1283 1108 vos
1320 1056 1674 1128 impingentes
1707 1075 1770 1115 ac
1797 1060 2207 1129 praecipitantes,

2319 1067 2474 1135 ὑμεῖς
2493 1064 2569 1128 ὡς
2614 1067 2672 1118 ὲν
2714 1067 2865 1143 νυκτὶ
2907 1067 3198 1132 πλανᾶσθε,
3248 1070 3341 1122 καὶ
3377 1071 3606 1134 ἀνοδίαις
3638 1073 3863 1143 προσκό-

665 1142 758 1208 qui
789 1143 927 1195 viam
969 1143 1113 1198 illam
1157 1146 1449 1225 reliquistis
1492 1165 1611 1218 quae
1643 1150 1859 1205 aiebat:
1902 1171 1920 1204 ι
1958 1150 2071 1219 Ego
2097 1168 2207 1206 sum

2318 1174 2543 1220 πτοντες
2588 1157 2681 1211 καὶ
2724 1141 3141 1231 κ’ρημνιζόμενοι
3190 1160 3266 1223 ὡς
3309 1141 3726 1232 καταλείψαντες
3769 1164 3861 1234 τὴν

665 1232 753 1287 via
778 1234 838 1286 ¹⁵.
872 1252 890 1285 ι
922 1233 1207 1300 Praeterea,
1236 1240 1359 1294 audi
1383 1242 1525 1310 quod
1552 1244 1771 1313 gravius
1790 1252 1844 1300 et
1866 1244 2207 1314 periculosius

2316 1248 2432 1301 ὁδὸν
2464 1249 2562 1318 τὴν
2586 1247 2845 1317 λέγουσαν
2864 1266 2878 1282 ·
2917 1270 2936 1302 ι
2972 1250 3110 1320 Ἐγώ
3140 1254 3307 1325 είμιή
3338 1253 3471 1317 ὁδός.
3498 1273 3519 1306 ι
3551 1252 3682 1308 Εἶτα
3710 1232 3863 1309 ἄκου-

665 1332 769 1382 est;
796 1324 870 1377 ait
899 1325 1041 1379 enim
1068 1325 1291 1383 :«Dorsa
1318 1344 1505 1385 eorum
1530 1348 1741 1403 semper
1765 1335 1988 1389 incurva
2010 1336 2053 1367 "
2082 1354 2129 1390 ε»
2160 1336 2207 1389 id

2319 1358 2410 1393 σον
2442 1340 2823 1413 καιριώτερονέ
2871 1361 2891 1393 ι
2928 1345 3034 1397 Καὶ
3059 1345 3150 1399 τὸν
3184 1346 3351 1401 νῶτον
3385 1347 3562 1401 αὐτῶν
3586 1348 3863 1413 διαπαντὸς

665 1421 770 1478 est,
793 1422 851 1467 ut
876 1416 1113 1471 serviant
1133 1420 1414 1488 gentibus;
1443 1438 1550 1477 non
1578 1423 1984 1493 quadringentis
2002 1426 2207 1495 triginta

2319 1431 2633 1502 σύγκαμψον
2651 1450 2663 1462 ’
2695 1452 2714 1493 ρ
2740 1433 3032 1501 τουτέστιν,
3057 1435 3144 1490 ἵνα
3166 1435 3481 1491 δουλεύωσιν
3506 1441 3617 1501 τοῖς
3636 1438 3862 1504 ἔθνεσιν,

666 1505 844 1570 annis,
882 1515 940 1560 ut
970 1507 1023 1560 in
1060 1507 1325 1581 Egypto;
1366 1529 1538 1583 neque
1576 1516 1928 1586 septuaginta,
1964 1526 2024 1571 ut
2047 1517 2219 1589 Baby-

652 1594 791 1667 llone
837 1613 850 1650 :
909 1598 1002 1652 sed
1050 1615 1269 1669 semper,
1310 1602 1504 1672 inquit,
1540 1605 1592 1657 in
1629 1606 1938 1661 servitutem
1972 1608 2213 1665 incurva.

2316 1525 2376 1576 οὐ
2406 1525 2723 1596 τετρακόσια
2768 1524 2866 1596 ἔτη
2906 1527 2997 1579 καὶ
3032 1527 3338 1597 τριάκοντα,
3376 1529 3452 1594 ὼς
3484 1530 3539 1583 ὲν
3574 1531 3861 1601 Αἰγύπτιιν

2316 1616 2434 1669 οὔτε
2453 1617 2829 1687 ἑϐδομήκοντα,
2870 1618 2947 1681 ὡς
2974 1619 3030 1671 ἐν
3054 1619 3342 1686 Βαϐυλῶνι,
3373 1622 3506 1676 ἀλλὰ
3537 1620 3863 1689 διαπαντὸς

664 1681 804 1749 Quid
840 1684 952 1754 jam
995 1686 1250 1757 deinceps
1300 1687 1519 1756 frustra,
1567 1700 1619 1746 ct
1668 1708 1801 1748 vane
1845 1695 2207 1750 liberationem

2317 1706 2501 1776 φησὶν,
2536 1681 2619 1770 είς
2634 1681 2884 1759 ’δουλείαν
2915 1705 3246 1779 σύγκαμψον.
3280 1681 3479 1763 Λοιπὸν
3508 1709 3560 1762 τί
3588 1710 3749 1773 κενὰς
3780 1681 3864 1763 tl;

666 1774 829 1844 hujus
863 1777 1093 1831 miseriae
1119 1781 1337 1847 speras?
1368 1780 1519 1845 Quod
1540 1783 1681 1836 enim
1714 1784 1885 1854 magis
1910 1785 2213 1840 mirandum

663 1872 765 1929 est,
800 1866 1087 1920 caecitatem
1113 1869 1389 1923 oculorum
1421 1880 1635 1927 tuorum
1664 1890 1770 1928 non
1797 1875 1995 1945 injuste
2020 1876 2207 1944 impre-
2248 1849 2291 1908 Β

661 1964 815 2008 catus
838 1963 949 2021 est;
995 1958 1087 2011 sed
1123 1960 1248 2028 quia
1286 1969 1341 2015 tu
1371 1963 1555 2017 oculos
1580 1964 1696 2033 ejus
1722 1964 1969 2035 (Christi)
1993 1967 2201 2031 velasti,

661 2058 786 2097 cum
828 2060 949 2100 eum
1002 2046 1169 2117 alapis
1212 2051 1452 2107 caedebas
1479 2070 1491 2107 :
1520 2053 1721 2110 idcirco
1766 2054 1988 2110 dorsum
2039 2062 2190 2108 tuum

661 2149 872 2206 semper
911 2138 967 2193 in
1019 2142 1331 2197 servitutem
1369 2146 1609 2201 incurva.
1644 2146 1708 2199 Et
1731 2147 1855 2216 quia
1888 2148 2203 2217 sanguinem

659 2225 778 2294 ejus
805 2242 928 2282 cum
956 2230 1033 2283 ira
1064 2231 1319 2296 eﬂ’udisti,
1359 2234 1485 2287 audi
1513 2237 1998 2291 remunerationem
2028 2256 2041 2292 :
2071 2257 2089 2289 ι
2114 2238 2205 2292 El-

660 2312 843 2380 funde,
873 2317 1068 2386 inquit,
1109 2332 1271 2388 snper
1312 2335 1405 2376 eos
1443 2322 1578 2377 iram
1615 2333 1791 2391 tuam;
1832 2334 1884 2380 et
1924 2325 2073 2382 furor
2112 2330 2204 2384 ira:

662 2412 766 2457 tute
794 2410 1212 2477 comprehendat
1238 2427 1332 2468 eos
1361 2415 1422 2467 ¹⁶.
1460 2433 1479 2467 ι
1513 2412 1578 2470 Ει
1608 2432 1621 2467 :
1657 2435 1676 2468 ι
1708 2416 1825 2471 Fiat
1849 2422 2203 2476 commoratio

609 2491 614 2497 ’
660 2495 846 2553 eurum
876 2501 1119 2570 deserta;
1160 2524 1181 2556 ι
1209 2507 1465 2577 templum
1493 2510 1696 2564 scilicet
1741 2510 1868 2566 illud
1918 2512 2203 2567 celeberri-

660 2602 829 2643 mum.

732 2764 841 2823 Vll.
884 2769 987 2827 Sed
1025 2789 1214 2843 quare,
1251 2794 1284 2831 o
1322 2780 1603 2853 propheta,
1633 2783 1868 2839 edissere
1892 2785 2069 2852 nobis,
2109 2801 2206 2840 cur

660 2860 917 2929 templum
944 2862 1276 2922 devastatum
1300 2871 1418 2925 est?
1449 2887 1517 2926 an
1546 2882 1763 2943 propter
1792 2873 1939 2929 illam
1971 2875 2099 2930 olim
2126 2876 2207 2928 vi-

661 2950 758 3004 tuli
790 2950 1193 3010 fabricationem
1212 2957 1239 3009 ?
1274 2974 1342 3016 an
1377 2970 1593 3030 propter
1611 2962 1793 3031 populi
1813 2963 2208 3020 idololatriami

661 3053 729 3090 an
782 3050 996 3109 propter
1044 3046 1358 3114 sanguinem
1414 3047 1838 3118 prophetarum?
1886 3065 1953 3103 an
1990 3058 2207 3119 propter

662 3128 920 3184 adulteria
963 3143 1017 3188 et
1068 3135 1445 3191 fornicationes
1484 3140 1685 3194 Israel?
1716 3140 1956 3205 Minime,
2000 3141 2203 3211 inquit:

662 3218 719 3273 in
747 3221 997 3277 omnibus
1024 3226 1167 3279 enim
1196 3227 1301 3282 illis
1329 3244 1540 3297 semper
1580 3231 1791 3286 veniam
1829 3241 1885 3287 et
1929 3232 2209 3303 indulgen—

662 3310 790 3364 tiam
808 3310 1077 3383 ferebant;
1102 3318 1191 3371 scd
1208 3320 1331 3388 quia
1350 3318 1542 3374 Filium
1561 3320 1811 3379 Auctoris
1830 3325 2206 3382 beneﬁciorum

660 3402 1061 3473 interfecerunt,
1094 3408 1207 3478 ipse
1236 3412 1380 3466 enim
1415 3421 1498 3468 est
1523 3422 1827 3472 coaeternus
1858 3416 2025 3474 Patri.
2056 3418 2209 3476 Unde

660 3497 775 3549 ait:
811 3494 914 3566 Sit,
959 3498 1134 3566 Pater,
1186 3521 1204 3553 ι
1246 3503 1501 3574 templum
1546 3521 1734 3562 eorum
1774 3508 2108 3566 devastatum
2142 3514 2205 3571 ".

659 3587 925 3654 Quoniam
955 3609 1113 3662 quem
1154 3605 1212 3651 tu
1250 3617 1267 3647 ι
1300 3608 1517 3668 propter
1541 3601 1770 3657 salutem
1801 3605 1989 3657 mundi
2024 3606 2207 3660 volens

666 3695 683 3725 ι
716 3682 1055 3749 percussisti,
1088 3684 1193 3752 ipsi
1231 3687 1498 3754 persecuti
1531 3698 1658 3743 sunt
1692 3704 1705 3739 :
1739 3708 1758 3740 ι
1792 3691 1841 3743 id
1868 3701 1968 3754 est,
1998 3692 2095 3760 ipsi
2121 3711 2206 3750 me

664 3766 898 3822 violenta
927 3780 979 3824 et
1009 3764 1212 3839 injusta
1257 3784 1431 3828 morte
1461 3776 1722 3844 persecuti
1753 3788 1895 3833 sunt.
1930 3780 2039 3837 lloc
2062 3785 2204 3840 enim

660 3856 948 3928 significat,
972 3880 991 3911 ι
1022 3872 1073 3916 et
1096 3878 1256 3932 super
1280 3865 1517 3920 dolorem
1540 3868 1817 3924 vulnerum
1842 3886 2082 3927 meorum
2112 3876 2206 3930 ad-

660 3949 927 4005 diderunt.
963 3971 981 4003 ι
1015 3952 1170 4007 Prius
1214 3954 1376 4009 habui
1408 3958 1647 4015 dolorem
1697 3970 1949 4031 tanquam
1998 3974 2205 4021 amator

640 4038 936 4113 hominum
961 4052 1177 4113 propter
1204 4060 1441 4101 errorem
1463 4051 1698 4119 gentium
1724 4069 1735 4104 :
1764 4049 1856 4105 sed
1886 4051 2011 4106 huic
2032 4052 2203 4108 dolori

660 4128 821 4183 alium
853 4146 950 4186 suo
976 4149 1155 4188 errore
1183 4135 1560 4204 adjunxerunt.
1586 4137 1812 4205 Idcirco,
1844 4138 2022 4205 Pater,
2064 4159 2081 4191 ι
2110 4155 2204 4209 ap-

658 4235 797 4287 pone
828 4222 1159 4293 iniquitatem
1190 4243 1350 4297 super
1379 4229 1715 4299 iniquitatem
1740 4247 1951 4296 eorum,
1983 4242 2038 4286 et
2066 4231 2203 4285 afﬂi—

659 4312 890 4367 ctionem
924 4331 1084 4385 super
1115 4317 1489 4387 afﬂictionem;
1529 4331 1581 4377 et
1606 4338 1711 4377 non
1746 4324 1944 4378 intrent
1968 4325 2017 4377 in
2036 4324 2200 4394 justi-

660 4401 788 4453 tiam
809 4411 974 4465 tuam,
1007 4424 1021 4453 ι
1050 4406 1097 4459 id
1116 4418 1215 4475 est,
1244 4410 1298 4463 in
1324 4426 1546 4478 regnum
1573 4422 1753 4479 tuum;
1774 4415 1862 4467 sed
1886 4434 1905 4466 ι
1924 4416 2201 4469 deleantur

2318 1798 2474 1861 πίδας
2501 1789 2641 1867 ἔχεις
2668 1798 3041 1868 ἀπαλλαγῆναι
3072 1801 3378 1871 προσδοκῶν
3408 1800 3509 1871 τῆς
3540 1800 3864 1873 κατεχούσης

2320 1905 2378 1939 σε
2420 1887 2811 1959 ταλαιπωρίας;
2858 1888 2931 1941 Τὸ
2978 1889 3085 1960 γὰρ
3136 1892 3589 1963 παραδοξότερον·
3641 1893 3736 1944 καὶ
3766 1879 3864 1943 οὖκ

2311 1978 2505 2041 ἀδίκως
2544 1981 2640 2050 τὴν
2684 1978 2792 2033 τῶν
2828 1978 3086 2050 ὀμμάτων
3131 1997 3225 2034 σου
3260 1980 3527 2051 τύφλωσιν
3557 1981 3890 2052 ἐπηύξατο·.

2309 2069 2422 2121 ἀλλ’
2441 2070 2519 2123 ὅτι
2550 2070 2822 2138 ἑκάλυψας
2853 2069 2921 2123 τὰ
2945 2070 3038 2124 τοῦ
3059 2071 3287 2142 Χριστοῦ
3307 2071 3547 2143 ὄμματα,
3564 2070 3735 2136 οὕτως
3753 2072 3860 2142 (53)

2310 2160 2468 2213 αὐτὸν
2495 2160 2790 2232 ὲρῤάπιζες
2808 2178 2822 2192 ·
2848 2161 2938 2214 καὶ
2964 2160 3050 2214 διὰ
3074 2160 3228 2215 τοῦτο
3256 2163 3316 2215 τὸ
3346 2163 3508 2216 νῶτόν
3535 2180 3627 2216 σου
3649 2163 3859 2217 διαπσν¹

2308 2253 2398 2316 τὸς
2438 2252 2756 2324 σύγκαμψον
2809 2254 2889 2316 εἰς
2945 2253 3204 2307 δουλείαν.
3256 2255 3364 2309 Καὶ
3396 2254 3582 2325 ἐπειδὴ
3619 2252 3683 2307 τὸ
3726 2248 3855 2324 αἷμα

2308 2342 2472 2395 αὐτοῦ
2526 2343 2662 2413 μετά
2696 2343 2864 2414 ὀργῆς
2908 2342 3143 2412 ἐξέχεας,
3176 2343 3402 2398 ἄκουσον
3442 2344 3505 2397 τὸ
3541 2344 3854 2417 ἀντίδωρονι

2315 2454 2332 2484 ι
2372 2436 2599 2505 Ἔκχεον
2618 2436 2703 2487 ἐπ’
2726 2436 2918 2499 αὐτοὺς
2942 2435 3039 2507 τὴν
3063 2435 3229 2507 ὀργήν
3262 2451 3378 2498 σου,
3409 2436 3502 2488 καὶ
3526 2434 3555 2485 6
3574 2433 3740 2505 θυμὸς
3759 2434 3860 2505 τῆς

2307 2525 2474 2597 ὀργῆς
2508 2543 2599 2579 σου
2632 2526 2921 2580 καταλάϐοι
2967 2526 3179 2590 αὐτούς.
3214 2545 3233 2577 ι
3269 2526 3378 2580 Καί
3405 2542 3417 2555 υ
3458 2544 3478 2576 σ
3513 2525 3793 2595 Γενηθήτω
3821 2527 3855 2594 ἡ

2310 2616 2531 2680 ἔπαυλις
2560 2618 2736 2672 αὐτῶν
2762 2616 3115 2690 ὴρημωνένη·
3158 2635 3177 2669 ι
3213 2616 3473 2687 πρόδηλον
3495 2619 3525 2670 6
3553 2615 3667 2679 ναὸς
3699 2618 3726 2669 6
3761 2633 3859 2668 πε-

2313 2708 2580 2777 ριϐόητος.

2377 2799 2476 2853 Διὰ
2501 2799 2575 2862 τί,
2600 2792 2645 2852 ὦ
2687 2802 2953 2871 προφῆτα,
2995 2800 3112 2853 είπὲ
3141 2801 3292 2870 ἡμῖν,
3324 2797 3467 2861 τίνος
3497 2798 3655 2868 χάριν
3682 2800 3710 2852 6
3734 2798 3860 2861 ναὰς

2308 2889 2603 2963 ἠρημώθης
2630 2886 2735 2960 ἄρα
2765 2891 2851 2945 διὰ
2880 2892 2978 2961 τὴν
3004 2891 3165 2944 πάλαι
3216 2878 3590 2959 μοσχοποιίανς
3627 2882 3735 2959 ἆρα
3775 2890 3859 2944 διὰ

2309 2982 2408 3053 τὴν
2437 2980 2529 3035 τοῦ
2554 2980 2681 3036 λαοῦ
2706 2981 3162 3053 είδωλολατρείανς
3192 2976 3301 3050 ἄρα
3324 2978 3409 3033 διὰ
3431 2977 3491 3032 τὸ
3522 2978 3631 3033 τῶν
3650 2997 3857 3051 προφη-

2310 3071 2416 3125 τῶν
2434 3067 2568 3141 αἷμα
2585 3089 2598 3136 ;
2617 3068 2725 3143 ἆρα
2738 3071 2941 3143 διάτῆς
2961 3071 3200 3142 μοιχείας
3219 3071 3313 3123 καὶ
3333 3069 3585 3141 πορνείας
3612 3070 3855 3141 Ἰσραήλ;

2234 3191 2278 3250 c
2311 3163 2590 3233 Οὐδαμῶς,
2618 3163 2811 3235 φησίν·
2865 3164 2957 3217 ἐπὶ
3003 3166 3165 3215 πᾶσιν
3210 3161 3315 3233 γάρ
3361 3163 3586 3226 ἐκείνοις
3628 3164 3856 3215 πάντοτε

2312 3253 2631 3325 συγγνώμης
2662 3254 2755 3308 καὶ
2787 3252 3185 3323 φιλανθρωπίας
3215 3252 3487 3322 ἠξιοῦντο·
3520 3253 3634 3307 ἀλλ’
3656 3256 3738 3308 ὅτι
3768 3253 3856 3307 τὸν

2310 3341 2425 3394 υίδν
2454 3342 2546 3395 τοῦ
2595 3343 2889 3416 Εὐεργέτου
2922 3342 3263 3396 ἐθανάτωσαν
3283 3361 3295 3372 ·
3330 3344 3611 3415 αὑτδςγάρ
3650 3346 3797 3397 ἐστιν
3830 3345 3858 3395 6

2306 3433 2384 3503 τῷ
2415 3435 2586 3505 Πατρὶ
2618 3434 2902 3499 συνατδιος.
2943 3434 3100 3488 Ὅθεν
3127 3435 3296 3504 λέγει·
3330 3435 3633 3505 Γενηθήτω,
3669 3429 3714 3489 ὦ
3743 3436 3855 3487 Πά-

2307 3544 2421 3596 τερ,
2462 3545 2479 3578 ι
2510 3530 2539 3579 6
2568 3525 2693 3590 vdit;
2723 3526 2901 3581 αὐτῶν
2931 3525 3320 3597 ὴρημωμένοςο
3362 3527 3443 3579 ὅτι
3478 3527 3534 3578 δν
3565 3528 3629 3580 σὺ
3668 3546 3687 3579 ι
3723 3525 3857 3597 πρὸς

2308 3617 2576 3689 σωτηρίαν
2618 3618 2819 3689 κόσμου
2865 3616 3099 3669 ἐθελοντὶ
3129 3633 3148 3668 ι
3185 3616 3472 3683 ὲπάταξας,
3520 3617 3673 3671 αὐτοὶ
3700 3633 3858 3669 κατε-

2229 3753 2232 3756 .
2304 3709 2525 3776 δίωξαν·
2566 3729 2584 3762 ι
2619 3711 2869 3780 σημαίνει
2900 3708 2973 3771 δὲ,
3002 3708 3154 3762 αὐτοὶ
3184 3706 3239 3762 δὲ
3267 3707 3425 3778 βιαίῳ
3462 3710 3555 3762 καὶ
3581 3708 3856 3777 καταδίιαρ

2304 3802 2512 3872 θανάτῳ
2540 3818 2605 3872 με
2637 3799 2983 3863 κατεδίωξαν,
3014 3817 3032 3849 ι
3056 3800 3148 3852 καὶ
3171 3800 3263 3853 ἐπὶ
3284 3800 3345 3854 τὸ
3367 3800 3526 3868 ἄλγος
3545 3800 3656 3852 τῶν
3685 3816 3854 3870 τραυ-

2306 3894 2487 3964 μάτων
2520 3911 2618 3963 μου
2660 3890 3016 3962 προσέθηκαν.
3055 3909 3073 3943 ι
3109 3893 3371 3965 Πρότερον
3403 3894 3499 3963 μὲν
3528 3891 3692 3959 ἄλγος
3713 3887 3857 3960 εἶχον

2302 3984 2377 4049 ὡς
2406 3982 2775 4053 φιλάνθρωπος
2802 3981 2889 4035 διὰ
2911 3981 3009 4053 τὴν
3032 3983 3238 4055 πλάνην
3263 3984 3371 4049 τῶν
3393 3980 3558 4035 ἐθνῶν
3576 4000 3588 4012 ·
3620 3981 3737 4034 ἀλλ’
3760 3982 3854 4035 ἐπὶ

2301 4076 2361 4128 τὸ
2390 4075 2551 4142 ἄλγος
2593 4072 2930 4142 προσέθηκαν
2981 4092 3069 4144 μοι
3114 4074 3317 4147 ἕτερον,
3366 4070 3727 4140 πλανηθέντες
3757 4073 3853 4125 καὶ

2302 4163 2469 4219 αὐτοί.
2516 4163 2708 4233 Διόπερ
2746 4182 2764 4214 ι
2794 4164 3024 4236 πρόσθες
3071 4165 3296 4236 ἀνομίαν
3340 4164 3432 4217 ἐπὶ
3476 4163 3576 4235 τὴν
3621 4164 3851 4235 ἀνομίαν

2301 4257 2497 4319 αὐτῶν,
2527 4256 2621 4309 καὶ
2659 4254 2834 4326 θλίψιν
2870 4258 2960 4309 ἐπὶ
3001 4257 3195 4325 θλίψιν,
3235 4256 3326 4309 καὶ
3360 4254 3434 4327 μὴ
3466 4255 3851 4310 είσελθέτωσαν

2301 4348 2356 4399 ὲν
2382 4346 2690 4420 δικαιοσύνῃ
2722 4365 2835 4415 σου,
2867 4367 2885 4400 ι
2909 4348 3183 4400 τουτέστιν
3210 4348 3288 4409 είς
3309 4346 3405 4416 τὴν
3431 4345 3703 4417 βασιλείαν
3731 4365 3845 4400 σουο

2300 4436 2411 4488 ἀλλ’
2449 4455 2467 4487 ‹
2504 4434 2963 4509 ὲξαλειφθήτωσαν
2996 4441 3059 4491 ἐκ
3086 4436 3266 4507 βίϐλου
3295 4434 3529 4502 ζώντων,
3572 4440 3668 4491 καὶ
3712 4438 3850 4509 μετὰ

657 4492 723 4544 de
739 4492 873 4545 libro
888 4493 1197 4561 viventium,
1220 4510 1415 4552 etcum
1440 4500 1601 4567 iustis
1620 4517 1725 4563 non
1750 4504 2055 4560 scribantur
2080 4506 2143 4571 ¹⁸,
2177 4524 2195 4557 ι

2302 4527 2519 4580 δικαίων
2653 4492 3035 4599 γραφήτωσαν,
3058 4492 3363 4592 »δτουτέστμ
3389 4492 3653 4599 μετάτῶν
3681 4492 3849 4598 ἁγίων

658 4583 709 4637 id
743 4591 844 4649 est,
878 4599 999 4638 cum
1034 4587 1236 4643 sanctis
1264 4590 1505 4657 patribus
1526 4600 1580 4644 et
1609 4594 1926 4658 patriarchis
1957 4597 2091 4651 suis.

727 4672 858 4728 Vill.
901 4674 1038 4742 Quid
1084 4677 1150 4732 ad
1186 4677 1298 4732 haec
1327 4679 1483 4744 dicis,
1515 4678 1734 4735 Iudaee?
1763 4682 1879 4738 Non
1920 4686 2035 4742 haec
2069 4689 2199 4744 dicit

656 4764 955 4833 Mattheus,
992 4782 1164 4837 neque
1192 4767 1413 4834 Paulus,
1447 4771 1538 4823 sed
1586 4768 1752 4823 David
1782 4773 2014 4835 christus
2049 4786 2196 4842 tuus,

657 4854 748 4922 qui
778 4864 965 4909 contra
990 4864 1041 4911 te
1078 4857 1337 4923 decernit,
1369 4857 1461 4927 qui
1493 4866 1707 4927 propter
1735 4858 2002 4917 Christum
2031 4868 2196 4935 perti-

657 4947 993 5001 mescendam
1034 4950 1355 5004 sententiam
1398 4949 1646 5005 retribuit
1683 4960 1736 5004 et
1778 4956 2117 5021 pronuntiat;
2145 4964 2202 5010 et

657 5044 909 5106 tanquam
940 5038 1027 5092 ille
1057 5054 1283 5108 magnus
1306 5038 1426 5108 Joh,
1461 5041 1533 5094 ad
1561 5054 1659 5095 vos
1695 5048 1882 5095 contra
1908 5042 2113 5110 justum
2143 5056 2197 5101 et

658 5140 841 5181 verum
868 5129 1145 5198 loquentes
1175 5131 1247 5184 ita
1289 5132 1481 5186 eﬂ‘atur
1514 5150 1528 5187 :
1564 5131 1754 5189 Emisti
1779 5131 2049 5187 Christum
2078 5144 2195 5188 tan-

2302 4618 2551 4689 πατέρων
2582 4620 2676 4675 καὶ
2706 4615 3277 4690 πατριαρχῶνάὐτῶν.

2369 4711 2433 4763 Τί
2462 4710 2640 4780 λέγεις
2669 4712 2804 4784 πρὸς
2840 4710 3017 4773 τοῦτο,
3048 4702 3094 4763 ὦ
3130 4710 3376 4779 Ἷουδαϊε;
3409 4713 3483 4768 O6
3513 4712 3661 4781 λέγει
3691 4712 3843 4766 Ματ-

2299 4804 2465 4869 θαῖος,
2498 4804 2618 4857 οὐδὲ
2644 4803 2869 4869 Παῦλος,
2896 4800 3028 4854 ἀλλὰ
3061 4802 3223 4858 Δαυῒδ
3251 4806 3280 4859 6
3308 4805 3398 4870 σὸς
3420 4805 3634 4877 χριστὸς
3656 4804 3789 4874 (54),
3818 4805 3849 4857 6

2297 4894 2401 4971 erit;
2441 4894 2674 4964 φοϐερὰς
2717 4891 3016 4960 ἀποφάσεις
3059 4891 3143 4947 διὰ
3185 4896 3416 4968 Χριστὸν
3461 4893 3848 4963 ἀναδιδόμενος

2298 4985 2390 5036 καὶ
2422 4984 2783 5053 φθεγγόμενος
2802 4998 2815 5011 ·
2854 4982 2947 5035 καὶ
2972 4981 3045 5047 ὡς
3077 4985 3105 5037 6
3146 4985 3319 5056 μέγας
3370 4984 3509 5050 Ἰὼϐ,
3539 4985 3676 5055 ἐρῶν
3708 4987 3847 5058 πρὸς

2294 5073 2437 5142 ὑμᾶς
2473 5071 2551 5141 τῷ
2571 5070 2761 5139 δικαίῳ
2792 5071 2884 5125 καὶ
2897 5070 3113 5140 ἀψευδεῖ
3143 5073 3415 5142 λέγοντας,
3444 5072 3613 5136 οὕτως
3632 5092 3644 5104 ·
3685 5075 3819 5143 Ἠγό

2302 5175 2466 5227 ρασας
2501 5158 2591 5209 τὸν
2624 5156 2855 5227 Χριστὸν
2884 5158 3281 5231 δουλοπρετικῖκ,
3325 5156 3489 5230 ἦλθες
3522 5162 3655 5232 πρὸς
3682 5164 3843 5218 αὑτὸν

658 5230 817 5281 quam
840 5234 1084 5287 servum;
1110 5225 1297 5278 venisti
1327 5224 1392 5277 ad
1413 5240 1537 5279 eum
1565 5235 1817 5294 tanquam
1849 5225 1913 5278 ad
1934 5225 2197 5282 latronem

2302 5224 2596 5317 λῃστρικῶς
2630 5224 2688 5296 ἐν
2714 5245 2790 5315 τῷ
2819 5247 2997 5318 κήπῳ.

656 5305 710 5358 in
742 5306 972 5366 hortum.

727 5396 816 5452 ιχ.
858 5397 1151 5458 Producam
1180 5405 1231 5458 in
1260 5420 1489 5459 meatum
1515 5409 1674 5462 etiam
1694 5406 2026 5479 prephetiam
2049 5407 2197 5463 Salo-

2366 5409 2603 5479 Φέρωδὴ
2635 5411 2692 5472 ἐς
2722 5412 2882 5481 μέσον
2923 5415 3014 5465 καὶ
3054 5413 3150 5482 τὴν
3195 5413 3525 5482 προφητείαν
3573 5415 3839 5486 Σολομὼν,

656 5490 835 5546 monis
878 5492 943 5545 de
984 5494 1216 5562 Christo,
1250 5514 1367 5566 qua:
1414 5506 1593 5567 aperte
1640 5509 1691 5555 et
1736 5500 2033 5571 perspicue,
2075 5515 2193 5569 quae

2302 5499 2391 5570 τὴν
2414 5494 2689 5567 λέγουσαν
2731 5504 2855 5575 περὶ
2880 5500 3142 5573 Χριστοῦ,
3164 5500 3261 5572 τὴν
3293 5501 3359 5555 τὰ
3389 5506 3522 5574 πρὸς
3562 5506 3841 5567 Ἰουδαίους

728 5651 771 5684 ¹⁸
806 5650 959 5706 Ioan.
1024 5668 1129 5719 xlv,
1188 5655 1240 5710 6.

724 5787 833 5850 (55}
878 5786 1086 5852 Οὕτως.
1122 5785 1277 5843 Forte
1310 5791 1413 5844 ὅτε.

1316 5658 1358 5688 ’⁸
1393 5658 1527 5713 Psal.
1568 5661 1861 5725 “"1524.
1942 5656 2207 5715 "lbidﬂi

2320 5661 2359 5691 ”
2387 5660 2469 5713 Cf.
2493 5659 2675 5716 Matth.
2699 5678 2853 5725 mu,
2885 5661 2972 5715 58.
3002 5728 3003 5731 η
3050 5661 3092 5692 ¹⁸
3121 5658 3261 5715 Ρωι.
3294 5678 3481 5726 LXVIII,
3510 5664 3601 5728 27,
3626 5661 3711 5717 28:
3738 5662 3835 5715 29.

2366 5798 2475 5864 (54)
2516 5800 2626 5867 Σός
2660 5802 2914 5868 χριστός.
2949 5796 3154 5857 chtus
3181 5809 3324 5858 tuus.
3358 5800 3520 5856 Pun.
