4098 6362
183 425 300 480 793

1165 438 1693 497 DEMONSTRATIO
1729 443 2092 505 ADVERSUS
2127 449 2427 508 IUDAIOS.

3272 451 3375 507 794

184 542 526 645 σαφιῖιςικαὶ
560 537 847 645 65.226614»;
871 523 1306 624 διαγγέλλουσαν·
1355 560 1417 615 οὐ
1465 550 1622 632 μόνον
1670 562 1720 615 τὲ

1835 564 2047 624 Iudaeos
2098 546 2363 642 spectant,
2411 571 2691 638 edisserit;
2749 586 2859 628 non
2897 572 3072 629 solum
3114 590 3234 645 qua:
3269 574 3374 631 hoc

182 634 335 688 κατά
360 634 453 689 τὸν
481 639 723 709 παρόντα
753 644 958 714 καιρὸν,
984 647 1119 701 ἀλλά
1147 648 1214 703 τὰ
1244 651 1383 705 κατά
1407 652 1500 706 τὸν
1529 652 1736 724 μέλλον-

179 740 256 776 τα
289 726 462 780 αἰῶνα
492 728 672 797 αὐτοῖς
704 734 1013 803 συμϐαίνειν
1056 738 1142 793 διά
1172 741 1278 812 τὴν
1317 741 1597 797 αὐθάδειαν
1640 745 1735 799 καὶ⁵

180 816 415 887 τόλμαν,
445 818 514 891 ἢν
540 820 800 893 ἐποίησαν
827 826 1050 900 ἀρχηγῷ
1076 831 1174 902 τῆς
1202 832 1362 903 ζωῆς.
1391 835 1550 902 Λέγει
1575 835 1681 907 γὰρ
1706 837 1736 891 6

186 908 505 980 προφήτης·
541 928 561 963 ι
591 911 662 967 Οὐ
690 913 1045 985 διελογίσαντο
1064 923 1119 974 oi
1150 922 1360 987 ἀσεϐεῖς
1391 944 1412 977 ι
1454 927 1581 996 περὶ
1605 929 1737 997 Χρι-

188 997 316 1050 στοῦ
350 1017 372 1053 ι
401 1001 675 1069 εἰπόντες,
706 1005 916 1077 δρθῶςο
958 1011 1378 1084 Ἐνεδρεύσωμεν
1397 1016 1488 1070 τὸν
1509 1018 1734 1083 δίκαιον,

183 1088 267 1181 ὅτι
295 1089 625 1162 δύσχρηστος
646 1098 777 1166 ἡμῖν
803 1099 941 1166 ἐστι,
965 1101 1055 1155 καὶ
1080 1104 1404 1159 ἐναντιοῦται
1425 1112 1534 1172 τοῖς
1555 1108 1736 1181 ἔργοις

185 1180 280 1232 καὶ
299 1182 413 1244 τοῖς
438 1182 616 1250 λόγοις
635 1187 809 1256 ἡμῶν,
834 1192 931 1245 καὶ
968 1192 1208 1259 ὀνειδίζει
1225 1199 1353 1267 ἡμῖν
1368 1180 1735 1269 ἁμαρτήματα

184 1270 374 1340 νόμου,
394 1274 488 1327 καὶ
506 1276 891 1346 ἐπαγγέλλεται
906 1282 1101 1350 γνῶσιν
1117 1286 1203 1356 ἔχε
1212 1306 1257 1339 ιν
1276 1287 1427 1354 Θεοῦ,
1450 1290 1541 1341 καὶ
1564 1290 1734 1344 Παῐδα

184 1361 328 1452 Θεοῦ,
347 1364 526 1418 ἑαυτὸν
544 1365 813 1438 ὀνομάζει.
838 1391 857 1423 ι
877 1370 1006 1427 Εἶτά
1028 1394 1204 1448 φησιν·
1230 1398 1247 1429 ι
1272 1379 1587 1452 Βαρῦςὴμῖν
1618 1385 1731 1438 ἐστι

192 1452 287 1504 καὶ
309 1451 657 1543 βλεπόμενοςο
693 1460 775 1512 ὅτι
807 1462 1051 1533 ἀνόμοιός
1082 1468 1194 1521 ἐστι
1228 1472 1337 1533 τοῖς
1363 1451 1539 1534 ἄλλοις
1563 1473 1592 1524 6
1620 1472 1731 1543 βίος

193 1542 372 1635 αὑτοῦ,
400 1547 491 1599 καὶ
518 1548 911 1622 ἐξηλλαγμέναι
939 1558 993 1608 αἰ
1014 1558 1187 1628 τρίϐοι
1215 1560 1396 1615 αὐτοῦ.
1434 1564 1525 1627 Εἰς
1549 1563 1732 1635 κίϐδη-

189 1632 277 1725 λον
296 1635 641 1708 ἐλογίσθημεν
659 1642 823 1712 αὐτῷ,
849 1645 942 1697 καὶ
966 1647 1222 1717 ἀπέχεται
1242 1652 1347 1705 τῶν
1371 1653 1504 1706 ὁδῶν
1555 1632 1729 1725 ἡμῶν,

182 1723 378 1788 ὠςάπὺ
395 1728 756 1801 ἀηθαρσιῶν,
784 1735 877 1787 καὶ
900 1740 1185 1809 μακαρίζει
1205 1741 1402 1811 ἔσχατα
1418 1753 1422 1757 ‘
1437 1723 1673 1800 δικαίών.
1701 1754 1721 1799 ι

186 1815 294 1869 Καὶ
342 1819 504 1872 πάλιν
552 1820 800 1893 ἄκουσον,
842 1820 887 1880 ὦ
939 1829 1175 1883 Ἰουδαῖε.
1212 1833 1396 1897 Οὐδεὶς
1423 1836 1487 1888 ἐκ
1511 1836 1619 1890 τῶν
1646 1838 1726 1891 δι-

1834 664 2075 726 tempore
2116 662 2363 717 evenisse
2407 661 2487 717 eis
2514 663 2807 728 cernimus,
2836 663 2929 718 sed
2955 678 3077 734 qua
3098 665 3159 741 in
3186 663 3372 722 futuro

1831 750 2076 803 evenient
2100 760 2318 821 propter
2345 744 2757 820 contumaciam,
2778 760 2832 808 et
2852 753 2905 807 id
2928 754 3074 823 quod
3104 756 3221 810 ausi
3246 766 3374 812 sunt

1832 836 1886 890 in
1924 834 2198 893 Christum
2236 840 2532 910 principem
2578 842 2722 896 vitas.
2773 839 2862 897 Ait
2894 843 3037 896 enim
3072 844 3371 911 pr0pheta:

1837 942 1858 976 ι
1894 922 2008 978 Non
2049 936 2189 982 recte
2225 918 2595 998 cogitaverunt
2640 931 2831 1002 impiis
2878 931 2943 987 de
2982 932 3199 987 Christo
3232 951 3250 984 ι
3283 933 3369 1010 di-

1831 1025 2013 1073 centes
2046 1035 2061 1072 :
2094 1019 2589 1079 Circumveniamus
2626 1024 2854 1093 justum,
2886 1024 3138 1094 quoniam
3162 1023 3370 1081 inutilis

1831 1116 1914 1163 est
1937 1109 2111 1177 nobis,
2140 1120 2194 1166 et
2224 1114 2525 1168 contrarius
2549 1125 2633 1168 est
2660 1114 2913 1183 operibus
2942 1122 2999 1170 et
3032 1114 3368 1171 sermonibus

1831 1199 2053 1265 nostris,
2081 1211 2134 1256 et
2167 1202 2495 1273 improperat
2531 1205 2687 1261 nobis
2724 1218 2939 1275 peccata
2972 1206 3123 1277 legis;
3155 1215 3208 1260 et
3242 1220 3369 1276 pro-
3462 1222 3464 1224 '

1831 1290 2069 1345 mittitse
2092 1292 2369 1346 scientiam
2402 1292 2497 1348 Dei
2525 1292 2743 1358 habere,
2770 1304 2825 1349 et
2846 1293 3042 1349 Filium
3064 1295 3153 1348 Dei
3179 1310 3237 1349 se
3267 1310 3370 1348 no-

1829 1380 2081 1435 minat".
2113 1400 2133 1434 ι
2177 1381 2369 1438 Postea
2412 1383 2582 1438 dicit:
2628 1401 2647 1434 ι
2684 1383 2874 1440 Gravis
2901 1394 2983 1440 est
3010 1384 3166 1440 nobis
3202 1384 3367 1439 etiam

1827 1470 1895 1524 ad
1924 1472 2231 1539 videndum,
2256 1474 2509 1543 quoniam
2526 1475 2804 1531 dissimilis
2823 1486 2905 1531 est
2922 1476 3043 1532 aliis
3065 1476 3170 1531 vita
3192 1476 3366 1543 illius;

1826 1570 1881 1615 et
1905 1560 2197 1618 immutata:
2224 1572 2357 1618 sunt
2377 1566 2477 1619 via.
2500 1566 2636 1635 ejus.
2665 1555 2941 1635 Tanquam
2972 1583 3204 1638 nugaces
3223 1567 3368 1623 aesti-
3407 1591 3417 1597 ’

1827 1650 1955 1704 mali
1985 1665 2172 1706 sumus
2197 1652 2265 1706 ab
2298 1648 2407 1718 illo,
2435 1661 2489 1708 et
2518 1654 2749 1709 abstinet
2770 1669 2827 1709 se
2845 1670 2877 1709 a
2900 1655 3002 1709 viis
3025 1657 3225 1711 nostris
3247 1665 3368 1709 tan-

1827 1754 1987 1809 quam
2018 1740 2084 1794 ab
2112 1741 2485 1809 immunditiis,
2536 1753 2590 1798 et
2630 1743 2844 1814 praefert
2877 1745 3361 1815 novissimajusto-

1828 1845 1946 1884 rum
1974 1831 2041 1885 '°.
2078 1849 2097 1883 ι
2142 1830 2208 1886 Et
2250 1848 2437 1888 rursus
2476 1834 2619 1897 audi,
2660 1833 2858 1889 Judaae.
2890 1834 3059 1889 Nemo
3086 1850 3151 1890 ex
3175 1835 3341 1903 justis

182 1906 409 1997 καίωνᾉῆ
438 1915 729 1985 προφητῶν
754 1918 1010 1973 ἐκάλεσεν
1038 1922 1226 1975 ἑαυτὸν
1248 1925 1359 1977 υἰὸν
1382 1925 1536 1982 Θεοῦ.
1567 1928 1720 1997 Λέγει

1826 1920 1909 1976 vel
1931 1921 2204 1991 prophetis
2224 1925 2433 1978 vocavit
2454 1940 2509 1978 se
2539 1926 2703 1979 lilium
2731 1924 2843 1978 Dei.
2870 1924 2958 1979 Ait
2981 1925 3144 1995 igitur
3166 1899 3360 1980 iterum

181 1992 271 2089 οὖν
303 1995 459 2063 αὖθις
487 2002 561 2065 ὡς
580 2005 646 2056 ἐκ
673 2008 959 2075 προσώπου
993 2012 1252 2067 Ἰουδαίων
1282 2016 1310 2067 6
1337 2015 1580 2085 Σολομὼν
1600 1992 1727 2089 πέρι

180 2087 365 2142 τούτου
396 2090 490 2143 τοῦ
518 2094 722 2149 δικαίου
760 2098 818 2162 ὅς
847 2101 991 2154 ἐστιν
1022 2105 1049 2156 6
1075 2104 1301 2175 Χριστός
1326 2122 1340 2136 ο
1371 2126 1389 2158 ι
1414 2106 1529 2160 ’Ότι
1550 2087 1727 2177 ἐγένε-

182 2194 237 2228 το
261 2180 393 2248 ἡμῖν
424 2182 503 2242 εἰς
530 2181 744 2254 ἔλεγχον
784 2187 997 2241 ἐννοιῶν
1029 2191 1202 2261 ἡμῶν,
1230 2193 1321 2245 καὶ
1354 2192 1726 2259 ἀλαζονεύεται

182 2267 392 2339 Πατέρα
424 2270 574 2326 Θεόν.
604 2275 843 2348 Εἴδωμεν
873 2275 965 2333 οὖν
994 2283 1041 2334 εἰ
1083 2285 1130 2334 οἱ
1165 2282 1309 2351 λόγοι
1334 2286 1491 2338 αὐτοῦ
1514 2286 1725 2358 ἀληθεῖς

188 2358 332 2451 εἰσιν,
366 2361 462 2451 καὶ
500 2366 843 2437 πειράσωμεν
878 2370 946 2423 τά
974 2372 1031 2423 ἐν
1063 2372 1282 2427 ἐκϐάσει
1317 2375 1478 2429 αὑτοῦ
1499 2394 1513 2408 ⁸
1548 2380 1596 2430 εἰ
1616 2378 1725 2451 γάρ

189 2447 319 2500 ἐστιν
346 2451 375 2502 6
402 2450 616 2517 δίκαιος
646 2455 755 2527 (55)
786 2458 912 2522 Υἰὸς
961 2460 1117 2525 Θεοῦ,
1150 2465 1496 2536 ἀντιλήψεται
1536 2447 1721 2538 αὐτοῦ,

186 2539 269 2632 καὶ
300 2539 520 2609 ῥύσεται
545 2545 703 2599 αὑτὸν
739 2548 803 2600 ἐκ
844 2550 1019 2621 χειρὸς
1049 2538 1724 2632 ἀνθεπηιῶτωνμθανάτῳ

178 2630 439 2723 ἀσχήμονι
466 2637 908 2710 καταδικάσωμεν
929 2642 1088 2696 αὐτόν
1111 2660 1126 2674 ⁸
1156 2648 1305 2702 ἔσται
1325 2647 1431 2721 γὰρ
1453 2630 1720 2723 ἐπισκοπὴ

177 2720 335 2774 αὐτοῦ
364 2724 427 2775 ἐκ
454 2723 626 2793 λόγοιν
643 2729 822 2782 αὑτοῦ.
855 2749 875 2783 ι

239 2814 349 2866 Καὶ
382 2814 543 2870 πάλιν
564 2817 592 2870 6
621 2820 781 2874 Δαυῒδ
806 2824 862 2875 ἐν
892 2824 1135 2896 Ψαλμοῖς
1158 2826 1301 2896 λέγει
1332 2830 1458 2901 περὶ
1478 2832 1568 2886 τὸν
1593 2831 1720 2903 μέλε

172 2899 327 2955 λοπηα
348 2905 539 2958 αἰῶνα·
579 2927 595 2957 ι
622 2910 750 2962 Τότε
771 2912 992 2982 λαλήσει
1024 2915 1157 2986 πρὸς
1184 2918 1377 2983 αὐτοὺς
1440 2922 1467 2972 6
1492 2899 1720 2992 Χριστὸς

176 2992 259 3042 «ἐν
281 2993 420 3063 ὀργῇ
448 2995 741 3059 αὑτοῦ,καὶ
775 3000 831 3053 ἐν
863 3001 939 3071 τῷ
958 3003 1111 3075 θυμῷ
1154 3007 1315 3061 αὑτοῦ
1360 3010 1579 3079 ταράξει
1624 3012 1718 3064 αὺ-

170 3082 313 3146 τούς.
330 3086 466 3137 »Καὶ
494 3088 654 3142 πάλιν
673 3090 922 3163 Σολομὼν
939 3098 1065 3166 περὶ
1092 3098 1323 3168 Χριστοῦ
1351 3104 1443 3155 καὶ
1458 3103 1719 3158 Ἰουδαίων

1825 2010 2081 2067 Salomon
2106 2012 2162 2070 in
2189 2028 2416 2083 persona
2443 2014 2747 2069 Judzeorum
2769 2016 2835 2069 de
2856 2015 2959 2069 hoc
2975 2014 3141 2084 justo,
3165 2015 3257 2085 qui
3275 2024 3362 2077 est

1823 2098 2072 2156 Christus
2098 2120 2111 2157 :
2144 2122 2163 2154 ι
2193 2103 2391 2161 Factus
2417 2114 2500 2159 est
2522 2105 2676 2159 nobis
2706 2105 2759 2159 in
2795 2105 3183 2160 traductionem
3216 2106 3362 2175 cogi-

1822 2190 2082 2245 talionum
2117 2206 2420 2249 nostrarum
2450 2205 2539 2251 :et
2565 2197 2819 2266 gloriatur
2849 2197 3058 2252 Patrem
3087 2212 3145 2253 se
3164 2196 3362 2252 habere

1822 2278 2012 2336 Deum.
2041 2282 2331 2340 Videamus
2356 2302 2506 2358 ergo,
2540 2289 2585 2343 si
2618 2302 2892 2345 sermones
2918 2288 3065 2344 illius
3090 2290 3201 2344 veri
3228 2287 3359 2352 sint,

1820 2380 1873 2426 et
1902 2380 2187 2435 tentemus.
2236 2390 2358 2442 quas
2396 2387 2552 2431 erunt
2589 2379 2879 2434 novissima
2918 2380 3064 2436 illius
3096 2398 3111 2435 :
3144 2380 3190 2435 si
3214 2381 3359 2435 enim

1819 2474 1901 2517 cst
1919 2460 2666 2539 justusDeiFilius,suscipiet
2680 2460 2849 2535 illum,
2861 2476 2915 2523 et
2936 2469 3181 2525 liberabit
3209 2470 3358 2526 illum

1818 2554 1885 2610 de
1913 2556 2161 2609 manibus
2197 2556 2611 2611 contrariorum.
2660 2555 2833 2612 Morte
2875 2560 3186 2629 turpissima
3231 2576 3351 2617 con-

1816 2644 2134 2701 demnemus
2179 2662 2302 2701 eum
2332 2665 2346 2702 :
2392 2650 2495 2704 erit
2522 2650 2666 2705 enim
2696 2660 2971 2721 respectus
3000 2652 3119 2722 ejus
3147 2668 3212 2707 ex
3240 2668 3357 2706 ser-

1817 2738 2069 2792 monibus
2096 2738 2241 2795 illius
2266 2740 2334 2795 ²¹.
2376 2757 2397 2792 ι

1885 2824 1955 2881 Χ.
1996 2826 2061 2880 Et
2088 2843 2279 2882 rursus
2312 2826 2480 2881 David
2511 2826 2568 2881 in
2592 2826 2823 2883 Psalmis
2850 2829 2925 2883 ait
2952 2821 3019 2883 de
3049 2830 3229 2883 futuro
3256 2844 3354 2883 sae-

1817 2918 1939 2973 culo
1971 2936 1985 2973 :
2025 2936 2042 2970 ι
2073 2916 2224 2972 Tunc
2263 2918 2511 2987 loquetur
2540 2916 2607 2973 ad
2646 2932 2740 2972 eos
2771 2936 2791 2971 ι
2843 2918 3090 2973 Christus
3135 2934 3153 2970 ι
3188 2918 3239 2971 in
3275 2919 3354 2974 ira

1817 3024 1951 3077 sua;
1986 3016 2041 3064 et
2081 3009 2134 3062 in
2179 3008 2364 3063 furore
2388 3023 2489 3063 suo
2524 3007 2867 3064 conturbabit
2894 3023 2993 3064 eos
3015 3011 3081 3064 ”.
3113 3027 3132 3061 ι
3164 3008 3228 3064 Ει
3252 3010 3354 3064 ite-

1816 3116 1937 3156 rum
1993 3100 2247 3155 Salomon
2299 3101 2365 3155 de
2413 3101 2628 3157 Christo
2679 3110 2732 3157 et
2776 3100 2975 3156 Judaeis
3021 3100 3170 3166 dicit,
3210 3103 3354 3171 quod

173 3176 357 3243 φησὶν,
375 3177 457 3227 ὅτι
481 3178 570 3230 ὅτε
597 3182 849 3249 στήσεται
876 3186 903 3235 6
930 3184 1131 3250 δίκαιος
1165 3189 1223 3241 ἐν
1245 3192 1520 3263 παρρησίᾳ
1547 3194 1710 3267 πολλῇ

1818 3191 2035 3263 quando
2056 3191 2220 3247 stabit
2250 3193 2430 3261 justus
2474 3192 2528 3246 in
2564 3208 2754 3263 magna
2789 3191 3092 3248 constantia
3120 3201 3243 3249 ante
3269 3192 3354 3246 fa-

168 3264 308 3318 κατά
345 3267 633 3337 τρόσωπον
658 3271 767 3324 τῶν
792 3272 1108 3343 θλιψάντων,
1140 3280 1232 3331 καὶ
1257 3269 1365 3332 τῶν
1392 3264 1717 3338 ἀθετούντων

1816 3283 1951 3338 ciem
1979 3297 2168 3338 eorum
2199 3283 2289 3353 qui
2321 3298 2444 3337 eum
2485 3283 2806 3348 afﬂixerunt,
2843 3292 2898 3339 et
2929 3283 3353 3352 sermonesequ

165 3358 291 3421 τοὺς
334 3358 523 3426 λόγους
568 3363 758 3430 αὐτοῦ,
805 3382 826 3418 ι
863 3365 1059 3430 ἰδόντες
1100 3370 1525 3441 ταραχθήσονται
1568 3375 1715 3447 φόϐῳ
1752 3420 1756 3422 γ

167 3448 323 3520 δεινῷ
354 3451 449 3503 καὶ
474 3452 824 3527 ἐκστήσονται
868 3458 960 3510 ἐπὶ
998 3458 1075 3530 τῷ
1100 3460 1381 3533 παραδόξῳ
1410 3466 1506 3535 τῆς
1540 3483 1714 3537 σωτη-

171 3540 287 3608 ρίας
316 3540 502 3609 αὑτοῦ,
522 3544 615 3599 καὶ
642 3546 852 3617 ἐροῦσιν
883 3549 942 3603 ἐν
969 3550 1175 3613 ἑαυτοῖς
1197 3554 1594 3622 μετανοοῦντες,
1620 3559 1715 3611 καὶ

165 3627 249 3681 διὰ
281 3633 637 3703 στενοχωρίαν
664 3636 967 3708 πνεύματος
982 3640 1319 3706 στενάζοντες
1337 3658 1352 3674 ·
1375 3641 1542 3711 Οὗτός
1568 3649 1712 3702 ἐστιν

127 3747 133 3752 -
164 3719 221 3799 δν
243 3719 474 3793 ἐσχομέν
500 3742 628 3778 ποτε
662 3730 741 3791 εἰς
781 3729 993 3797 γέλωτα
1019 3732 1112 3784 καὶ
1139 3734 1218 3795 εἰς
1242 3736 1549 3810 παραϐολὴν
1572 3739 1711 3792 ὀνει-

163 3809 377 3881 δισμοῦ.
417 3814 477 3865 Οί
509 3813 735 3886 ἄφρονες
764 3818 853 3871 τὸν
879 3819 989 3890 βίον
1019 3820 1179 3875 αὑτοῦ
1216 3821 1575 3895 ἐλογισάμεθα
1612 3845 1712 3897 μαο

163 3901 301 3963 νίαν,
334 3902 431 3956 κει.)⁹
459 3901 556 3971 τὴν
584 3904 839 3978 τελευτὴν
879 3909 1038 3962 αὐτοῦ
1075 3910 1282 3980 ἄτιμον.
1331 3913 1453 3978 Πῶς
1495 3915 1710 3972 κατελο-

162 3990 323 4060 γίσθη
351 3992 412 4043 ἐν
454 3994 589 4057 υἰοῖς
616 3995 769 4062 Θεοῦ,
813 3999 905 4051 καὶ
932 4000 990 4051 ἐν
1030 4000 1203 4067 ἁγίοις
1241 4003 1268 4055 6
1309 4004 1504 4076 κλῆρος
1546 4007 1706 4061 αὑτοῦ

160 4082 336 4147 tia-rw;
378 4085 523 4154 Ἀρα
552 4085 927 4159 ἐπλανήθημεν
958 4092 1064 4144 ἀπὸ
1092 4091 1209 4145 ὁδοῦ
1236 4093 1504 4166 ἀληθείας,
1535 4099 1623 4151 καὶ
1647 4100 1707 4152 τὸ

101 4216 107 4221 ,
156 4170 253 4238 τῆς
284 4170 626 4242 δικαιοσύνης
646 4174 758 4243 φῶς
781 4177 879 4230 οὐκ
897 4166 1207 4250 ἀπέλαμψεν
1231 4185 1379 4252 ἡμῖν,
1404 4188 1496 4239 καὶ
1516 4189 1543 4239 6
1564 4186 1707 4256 ἥλιος

156 4258 253 4310 οὐκ
289 4260 561 4314 ἀνέτειλεν
600 4263 749 4333 ἡμῖν.
795 4268 1042 4337 ’Δνομίας
1078 4270 1481 4344 ἐνεπλήσθημεν
1505 4276 1707 4348 τρίϐοις

159 4348 247 4437 καὶ
282 4349 578 4415 ἀπωλείας.
600 4355 969 4429 Διωδεύσαμεν
1000 4360 1233 4430 ἐρήμους
1263 4363 1509 4430 ἀδάτῑυς,
1538 4367 1631 4437 τὴν
1649 4367 1705 4420 δὲ

157 4434 271 4488 ὁδὸν
311 4437 513 4509 Κυρίου
568 4442 667 4495 οὐκ
734 4446 1062 4518 ἐγνώσαμεν.
1114 4450 1177 4502 Τί
1230 4450 1504 4525 ὠφέλησεν
1561 4434 1703 4527 ﬁnd;

155 4527 187 4595 ή
242 4527 590 4598 ὑπερηφανία
632 4534 815 4603 ήμῶν;
870 4538 1141 4609 παρῆλθεν
1194 4541 1373 4597 ἐκεῖνα
1412 4548 1584 4601 πάντα
1623 4547 1697 4611 ὡς

156 4620 280 4673 σκιά
301 4619 435 4691 (56).

1816 3377 2190 3445 repudiarunt,
2226 3395 2243 3427 ι
2273 3377 2512 3431 videntes
2550 3375 2907 3429 turbabuntur
2946 3374 3139 3427 timore
3180 3374 3355 3428 borri-

1812 3468 1927 3533 bili,
1955 3476 2009 3521 et
2038 3468 2376 3523 mirabuntur
2404 3467 2456 3519 in
2481 3466 2802 3521 subitatione
2826 3464 3104 3533 insperata:
3127 3463 3347 3530 salutis;

1811 3569 1866 3615 et
1890 3560 2071 3614 dicent
2106 3561 2243 3615 intra
2271 3575 2330 3613 sc
2362 3557 2726 3628 paenitentiam
2759 3563 2997 3624 agentes,
3026 3562 3080 3609 et
3113 3569 3223 3623 prae
3249 3570 3351 3608 an-
3414 3550 3417 3553 ⁷

1811 3652 1984 3720 gustia
2017 3652 2236 3720 spiritus
2270 3658 2540 3719 gementes
2573 3665 2587 3700 :
2632 3644 2729 3699 Hic
2754 3655 2855 3709 est,
2882 3658 3042 3713 quem
3064 3643 3369 3729 babuimusk
3402 3652 3405 3653 '

1810 3743 2101 3812 aliquando
2129 3742 2182 3795 in
2214 3741 2471 3801 derisum,
2494 3746 2549 3792 et
2574 3739 2627 3791 in
2658 3736 3063 3792 similitudinem
3090 3735 3350 3804 imprope-

1809 3833 1893 3888 rii.
1921 3832 2032 3887 Nos
2064 3832 2320 3886 inseusati
2353 3830 2516 3884 vitam
2554 3829 2699 3885 illius
2728 3827 3171 3882 existimabamus
3203 3826 3351 3882 insa-

1807 3923 1975 3987 niam,
2006 3930 2058 3975 et
2087 3923 2244 3974 linem
2282 3921 2427 3976 illius
2466 3920 2582 3975 sine
2620 3920 2843 3973 honore.
2883 3915 3163 3983 Quomodo
3194 3932 3371 3995 com-p

1805 4021 2023 4083 putatus
2048 4022 2131 4067 est
2161 4012 2212 4064 in
2240 4011 2365 4065 (iliis
2391 4010 2507 4074 Dei,
2537 4019 2591 4065 et
2620 4011 2673 4064 in
2696 4010 2897 4065 sanctis
2916 4025 3033 4066 sors
3063 4011 3206 4067 illius
3227 4009 3347 4065 est?

1804 4104 1945 4175 Ergo
1984 4104 2283 4157 erravimus
2324 4118 2355 4156 ιι
2385 4102 2472 4155 via
2498 4092 2793 4166 veritatis;
2818 4109 2874 4155 et
2909 4099 3133 4169 iustitiae
3163 4100 3343 4153 lumen

1803 4209 1911 4249 non
1942 4194 2077 4249 luxit
2102 4194 2280 4257 nobis,
2307 4203 2364 4260 et
2392 4193 2471 4248 sol
2512 4207 2618 4245 non
2650 4202 2801 4246 ortus
2829 4200 2916 4247 est
2940 4191 3112 4247 nobis.
3136 4188 3345 4245 Lassati

1804 4300 1993 4340 sumus
2038 4286 2094 4339 in
2136 4284 2218 4337 via
2252 4282 2551 4353 iniquitatis
2586 4291 2641 4337 et
2673 4281 3003 4351 perditionis.
3034 4277 3343 4333 Ambulavi-

1804 4388 1926 4427 mus
1960 4372 2074 4427 vias
2099 4371 2371 4439 diﬂiciles;
2417 4371 2558 4425 viam
2611 4380 2786 4425 autem
2820 4369 3027 4424 Domini
3070 4365 3340 4436 ignoravi-

1804 4477 1945 4516 mus.
1992 4460 2131 4527 Quid
2174 4461 2332 4516 nobis
2372 4461 2577 4531 profuit
2603 4460 2848 4529 superbia
2874 4453 3343 4512 nostraitransie-

1730 4528 1774 4583 θ
1800 4562 1925 4607 runt
1946 4551 2126 4607 omnia
2147 4551 2235 4605 illa
2254 4528 2509 4621 tanquam
2536 4528 2727 4605 umbra
2742 4548 2839 4601 ²⁸.ι
2865 4545 3056 4600 Desunt
3075 4542 3345 4613 quantum.

224 4774 267 4805 ³⁹
291 4772 421 4845 Sap.
450 4790 513 4843 ιι,
536 4775 587 4840 1,
612 4774 698 4841 12,
730 4776 815 4834 15.
887 4782 935 4813 ³⁸
982 4782 1091 4840 bid.
1117 4784 1203 4851 15,
1242 4785 1327 4841 16.
1400 4790 1443 4820 ¹¹
1468 4788 1593 4860 Sap.
1620 4805 1680 4859 ιι,
1715 4809 1720 4822 ί

1836 4792 2164 4862 16,”,20.
2239 4793 2285 4823 ιι
2309 4788 2451 4844 Psal.
2478 4802 2538 4855 ιι,
2576 4789 2629 4843 5.
2702 4786 2749 4819 η
2776 4785 2905 4855 Sap.
2932 4784 3138 4875 v.19.

221 4946 341 5021 (ἓξ)
380 4948 633 5021 Δίκαιος.
667 4948 848 5021 Vulg.,
883 4970 1052 5013 uerus.

151 5082 275 5171 bne,
315 5082 532 5171 pangis
538 5160 549 5171 ἱ
568 5089 807 5171 mutatis,
862 5082 1057 5171 Latine
1090 5082 1689 5171 iter'dui'éda’aii

150 5152 402 5223 ‘PP-{P-
430 5156 577 5227 452),
616 5152 855 5229 pergitur
892 5162 976 5219 bis
1008 5152 1183 5225 verbis
1200 5152 1695 5227 ’έᾺιὶέήἀὲὶεῊεῆἰ

604 4969 633 5029 ς.
667 4948 1074 5032 νυΙεη-υεῃιε.
1162 5029 1174 5032 _
1337 5031 1342 5032 γ
1796 4985 1935 5031 sum,
1989 4975 2123 5029 etc.;
2183 4964 2295 5018 haec
2347 4963 2612 5032 leguntur,
2652 4961 2793 5032 inter
2839 4959 3018 5032 οι)ςξι·²Δ
3056 4944 3337 5032 ϐιρτίξιιῖν

219 5015 336 5101 (⁵6)
375 5019 530 5098 Αβιξά
560 5015 920 5101 δὶωοιιρῖηρθ
943 5025 1226 5101 Magistris.
1258 5031 1351 5101 qui
1374 5034 1692 5101 npusculum
1797 5015 2500 5100 iﬁéé’no‘Eaétoii‘ssééi’pu

2507 5071 2521 5085 .
2573 5030 2706 5101 Vide
2746 5028 3067 5101 Ραενόιοςισ
3125 5028 3336 5081 Lam“!

1799 5116 1929 5162 tom.
1964 5104 2053 5170 ιν,
2084 5103 2189 5160 col.
2222 5101 2344 5158 9l9.
2381 5102 2536 5158 Enrr.
2566 5100 2739 5161 Pun.
