4098 6362
193 479 330 535 ‘707

1337 479 1531 535 LIBER
1571 479 1935 539 ADVERSUS
1973 479 2289 536 GRAECOS.

3302 459 3404 513 798

218 603 390 661 φασις
433 594 531 666 μία
580 596 738 648 πᾶσιν
772 595 943 672 ἀξίως
982 599 1377 670 προσενεχθείη.
1417 601 1526 654 Καὶ
1568 603 1616 654 οί
1667 601 1746 672 μὲι

1866 616 1968 655 una
1999 603 2258 656 sententia
2285 598 2414 668 justi
2445 595 2631 666 judicii
2661 594 2727 650 de
2747 590 2996 648 omnibus
3013 590 3154 660 iuste
3179 588 3396 642 feretur.

217 680 394 734 ἄδικοι
427 683 521 736 καὶ
564 681 679 751 Θεῷ
723 671 1144 754 ἀπειθήσαντες,
1191 687 1260 740 τά
1307 703 1366 740 τε
1404 688 1600 758 μάταια
1629 671 1764 760 ἔργα

215 770 420 843 χειρῶν
457 769 750 844 ἀνθρώπων
789 775 1255 845 κατεσκευασμένα
1296 776 1482 830 εἴδωλα
1531 777 1605 840 ὡς
1636 776 1764 830 Θεὸν

215 860 583 930 τιμήσαντες,
613 860 810 933 ταύτης
838 861 936 932 τῆς
966 863 1131 917 ἀῖδίου
1160 866 1460 931 κολάσεως,
1497 867 1572 930 ὼς
1606 867 1764 920 αίτιοι

223 949 547 1019 μιασμάτων
577 952 885 1022 γενόμενοι,
933 955 1293 1026 προσκριθῶσι
1330 956 1473 1026 (42)·
1507 958 1556 1009 οί
1594 957 1650 1010 δὲ
1689 957 1764 1008 δί-

217 1053 366 1091 καιοι
402 1039 501 1110 τῆς
539 1039 812 1113 ἀφθάρτου
844 1043 938 1096 καὶ
977 1043 1318 1097 ἀνεκλείπτου
1361 1045 1629 1114 βασιλείας
1669 1045 1762 1098 τύ-

219 1144 407 1196 χωσιν,
441 1130 491 1183 οἳ
519 1131 577 1186 ἐν
601 1131 677 1202 τῷ
708 1133 806 1206 ᾅδῃ
831 1134 936 1205 (45)
964 1134 1055 1188 νῦν
1090 1134 1185 1204 μὲν
1215 1136 1535 1206 συνέχονται,
1554 1137 1665 1189 ἀλλ’
1699 1139 1759 1190 οὐ

219 1218 298 1288 τῷ
327 1220 474 1290 αύτῷ
504 1222 668 1292 τόπῳ,
710 1216 754 1290 ᾧ
794 1225 886 1277 καὶ
919 1225 969 1277 οί
1007 1225 1176 1279 ἄδικοι
1210 1226 1343 1297 (44).
1385 1227 1498 1281 Μία
1537 1229 1643 1298 γὰρ
1682 1230 1760 1291 εἰς

221 1307 382 1392 τοῦτο
420 1310 479 1362 τὸ
529 1312 722 1381 χωρίον
770 1311 1026 1379 κάθοδος,
1072 1307 1132 1367 οὗ
1180 1317 1243 1385 τῇ
1299 1314 1436 1385 πύλῃ
1465 1317 1758 1384 -ὲφεστῶτα

227 1401 557 1470 ἀρχάγγελον
584 1402 696 1471 ἀμα
732 1406 957 1475 στρατιᾷ
986 1405 1420 1476 πεπιστεύκαμεν
1438 1424 1451 1437 ο
1483 1407 1548 1477 ἢν
1587 1406 1759 1477 πύλην

227 1488 512 1553 διελθόντες
558 1490 665 1562 (45)
720 1494 770 1545 οί
818 1495 1170 1566 καταγόμενοι
1223 1496 1324 1549 ὑπὸ
1379 1496 1484 1549 τῶν
1530 1499 1621 1550 ἐπὶ
1662 1497 1759 1560 τὰς

227 1579 399 1650 ψυχάς
439 1583 778 1653 τεταγμένων
821 1585 1058 1652 ἀγγέλων
1096 1587 1233 1658 (46),
1275 1589 1335 1641 οὐ
1385 1591 1480 1660 μιᾷ
1523 1589 1625 1659 ὀδῷ
1662 1607 1757 1642 πο·-

226 1668 471 1739 ρεύονται
488 1687 500 1700 ·
529 1669 646 1722 ἀλλ’
674 1673 720 1724 oi
747 1673 843 1742 μὲν
872 1673 1097 1740 δίκαιοι,
1126 1679 1205 1740 είς
1233 1677 1376 1741 δεξιά
1401 1678 1756 1747 φωταγωγού-

221 1777 392 1829 μενοι,
428 1762 520 1815 καὶ
544 1761 646 1814 ὑπὸ
670 1761 776 1815 τῶν
802 1763 1113 1832 ἐφεστώτων
1153 1768 1287 1820 κατὰ
1329 1770 1489 1824 τόπον
1520 1770 1758 1838 ἀγγέλων

158 1906 164 1918 _,
218 1850 564 1928 ὑμνούμενοι,
609 1850 827 1920 ἄγονται
857 1856 935 1918 είς
985 1855 1176 1926 χωρίον
1207 1860 1490 1925 φωτεινόν*
1537 1861 1593 1912 ὲν
1628 1854 1672 1928 ᾧ
1708 1864 1756 1914 oi

1863 687 1929 742 Et
1951 689 2132 757 injusti
2156 687 2370 758 quidem
2392 694 2444 739 et
2463 684 2569 739 Deo
2591 682 2870 744 increduli,
2895 681 3126 735 colentes
3151 685 3206 732 ut
3231 678 3392 731 Deum

1859 780 2001 834 idola
2028 794 2165 832 vana
2197 776 2475 831 hominum
2507 775 2756 829 manibus
2779 785 2937 842 Opera
2971 778 3283 841 praeparata,
3307 769 3391 820 isti

1859 878 2058 924 aeterno
2090 868 2369 938 supplicio,
2401 874 2460 920 ut
2489 864 2653 919 variis
2687 863 2937 917 sordibus
2972 860 3268 929 inquinati,
3302 858 3402 920 ad:

1858 957 2278 1026 iudicabuntur;
2313 954 2445 1022 justi
2480 967 2638 1015 vero,
2691 951 2838 1020 regni
2880 949 3298 1016 incorruptibilis
3339 955 3395 1002 et

1861 1048 2142 1102 indesituri
2177 1048 2465 1116 potientur.
2491 1045 2591 1110 Qui
2627 1058 2768 1096 nunc
2798 1041 3013 1110 quidem
3041 1041 3092 1092 in
3115 1038 3245 1092 hade
3264 1053 3393 1094 con-

1859 1138 2112 1201 tinentur,
2147 1137 2236 1191 sed
2293 1149 2399 1189 non
2448 1135 2503 1187 in
2560 1133 2746 1187 eodeni
2795 1132 2910 1185 loco
2963 1131 3016 1185 in
3056 1145 3162 1198 quo
3205 1129 3390 1196 injusti

1857 1228 2270 1282 concluduntur.
2312 1224 2463 1280 Unus
2490 1232 2573 1279 est
2602 1225 2796 1293 quippe
2823 1223 3110 1277 descensus
3149 1220 3214 1273 ad
3248 1219 3386 1274 istud

1857 1319 2277 1386 receptaculum,
2310 1318 2375 1372 ad
2416 1317 2570 1384 cujus
2616 1324 2822 1384 portam
2859 1312 3233 1380 archangelum
3265 1325 3386 1366 eum

1855 1410 2091 1465 exercitu
2128 1409 2442 1462 collocatum
2474 1407 2760 1461 credimus.
2809 1405 2981 1471 Quam
3017 1413 3222 1473 portam
3253 1416 3388 1470 prae-

1854 1506 2124 1552 tereuntes
2171 1497 2206 1548 ii
2250 1496 2340 1564 qui
2377 1494 2709 1548 deducuntur
2740 1494 2807 1545 ab
2849 1491 3051 1560 angelis
3090 1489 3384 1542 animarum

1856 1587 2192 1656 praesidibus,
2216 1600 2321 1638 non
2345 1599 2448 1637 una
2473 1592 2525 1636 et
2553 1584 2736 1636 eadem
2761 1582 2846 1634 via
2867 1589 3111 1650 pergunt.
3138 1579 3238 1633 Sed
3256 1575 3386 1647 justi

1857 1676 1922 1729 ad
1955 1678 2195 1730 dextram
2231 1683 2508 1743 pergentes
2541 1689 2630 1742 per
2675 1673 2902 1725 mediam
2938 1672 3131 1732 lucem,
3169 1679 3221 1724 et
3252 1669 3386 1722 mul-

1858 1775 1941 1820 tos
1971 1768 2375 1820 circumstantes
2403 1764 2618 1832 angelos
2653 1763 2742 1831 qui
2789 1763 2907 1816 illos
2945 1761 3157 1831 hymnis
3205 1774 3387 1828 prose-

1855 1865 2111 1924 quuntur,
2135 1854 2344 1908 tandem
2359 1856 2422 1908 ad
2443 1855 2616 1907 locum
2640 1853 3028 1906 lucidissimum
3051 1851 3383 1919 perveniunt.

215 1925 310 1992 ἀπ’
354 1942 528 2011 ἀρχῆς
567 1940 756 1995 δίκαιοι
812 1925 1206 2012 πολιτεύονται,
1258 1948 1353 2016 οὐχ
1392 1949 1480 2000 ὑπ’
1518 1925 1746 2020 ἀνάγκης

1857 1947 1911 2000 In
1942 1964 2050 2016 quo
2067 1947 2197 2015 justi
2227 1947 2292 1999 ab
2324 1946 2476 1997 initio
2504 1953 2909 2007 conversantur,
2935 1958 3038 1996 non
3070 1940 3385 1994 necessitate

219 2030 606 2100 κρατούμενοι,
668 2032 802 2089 ἀλλά
875 2036 972 2106 τῆς
1038 2035 1146 2090 τῶν
1203 2037 1484 2107 ὁρωμένων
1539 2039 1752 2106 ἀγαθῶν

217 2117 343 2182 Θέας
384 2119 498 2189 (47)
548 2122 634 2175 ἀεὶ
664 2124 1053 2193 ἀπολαύοντες,
1101 2127 1191 2179 καὶ
1233 2130 1296 2198 τῇ
1347 2127 1452 2180 τῶν
1502 2129 1752 2182 ἑκάστοτε

221 2208 415 2269 καινῶν
465 2213 754 2285 προσδοκίᾳ
807 2214 918 2286 (48)
968 2216 1239 2287 ἡδόμενοι,
1289 2218 1511 2271 κάκεῖνα
1555 2219 1751 2272 τούτων

222 2295 406 2364 βελτίω
440 2298 750 2369 ἡγούμενοι.
768 2297 861 2366 Οἷς
887 2304 915 2356 ό
944 2304 1102 2368 τόπος
1120 2306 1179 2358 ού
1204 2306 1582 2378 καματηφόρος
1613 2308 1752 2375 γίνε-

221 2402 323 2438 ται·
367 2388 432 2440 ού
470 2389 711 2455 καύσων,
741 2393 802 2444 ού
848 2394 1041 2464 κρύος,
1092 2396 1152 2448 οὐ
1194 2396 1434 2468 τρίϐολος
1478 2399 1536 2449 ὲν
1571 2397 1748 2468 αύτῷ,

219 2470 324 2522 ἀλλ’
361 2473 395 2542 ἡ
432 2473 540 2526 τῶν
573 2476 817 2548 πατέρων
853 2477 1072 2534 δικαίων
1107 2499 1165 2534 τε
1202 2483 1446 2553 ὁρωμένη
1481 2484 1589 2553 (49)
1633 2485 1750 2554 ὕψις

215 2561 440 2615 πάντοτε
483 2564 657 2635 μειδιᾷ
676 2606 692 2631 ,
751 2567 1118 2637 ἀναμενόντων
1160 2570 1254 2641 τὴν
1310 2573 1444 2641 μετὰ
1488 2572 1640 2626 τοῦτο
1692 2575 1752 2628 τὸ

212 2651 405 2723 χωρίον
428 2653 728 2708 ἀνάπαυσιν
759 2656 852 2710 καὶ
876 2657 1093 2710 αἰωνίαν
1119 2658 1406 2711 ἀναϐίωσιν
1437 2663 1494 2713 ὲν
1517 2662 1746 2733 οὐρανῷ.

211 2741 397 2812 Τούτῳ
419 2742 476 2796 δὲ
499 2743 667 2814 ὄνομα
690 2745 1046 2817 κικλήσκομεν
1071 2749 1300 2800 κόλπον
1327 2748 1588 2818 Ἀϐραάμ.
1609 2752 1670 2803 Οί
1691 2751 1747 2803 δὲ

207 2831 381 2886 ἄδικοι
406 2833 487 2897 είς
510 2835 766 2907 ἀριστερά
791 2837 1031 2891 ’ἐλκονται
1060 2837 1164 2890 ὑπὸ
1187 2837 1426 2905 ἀγγέλων
1455 2839 1743 2906 κολαστῶν,

205 2922 387 2976 οὐκέτι
421 2925 678 2988 ἑκουσίως
731 2927 1106 2998 πορευόμενοι,
1157 2927 1288 2981 ἀλλὰ
1341 2927 1476 2998 μετά
1511 2928 1626 2998 βίας
1672 2930 1746 2993 ὡς

203 3007 416 3080 δέσμιοι
449 3011 720 3082 ἑλκόμενοι
740 3031 752 3044 ·
781 3010 860 3078 οἷς
881 3017 931 3068 οί
961 3015 1255 3085 ἐφεστῶτες
1284 3016 1496 3084 ἄγγελοι
1520 3017 1746 3087 διαπέμ-

203 3115 396 3154 πονται
427 3102 764 3169 ὀνειδίζοντες
787 3106 915 3176 (50),
945 3107 1036 3161 καὶ
1067 3107 1277 3180 φοϐερῷ
1299 3109 1501 3180 ὄμματι
1525 3110 1746 3163 ἐπαπει-

202 3186 452 3253 λοῦντες,
503 3194 583 3255 είς
626 3193 694 3258 τά
743 3195 1020 3267 κατώτερα
1061 3196 1352 3260 ὠθοῦντες·
1405 3197 1498 3259 οὓς
1546 3198 1744 3268 ἀγομέ-

1851 2034 2046 2097 coacti,
2093 2034 2182 2086 sed
2233 2033 2679 2099 contemplatione
2729 2031 2990 2084 bonorum
3039 2044 3156 2098 quae
3206 2029 3386 2082 vident

1851 2139 2062 2193 semper
2093 2123 2363 2188 fruuntur,
2387 2132 2438 2176 et
2466 2137 2724 2176 novorum
2755 2122 2968 2185 cuilibet
2995 2121 3379 2174 destinatorum

1851 2230 1944 2286 spe
1975 2224 2026 2269 ct
2056 2215 2448 2283 exspectatione
2462 2223 2787 2279 recreantur,
2806 2214 2894 2267 illa
2912 2213 3080 2266 multo
3097 2212 3311 2265 meliora
3329 2219 3382 2264 et

1850 2308 2056 2376 potiora
2084 2306 2434 2375 prmsentihus
2464 2307 2600 2374 apud
2632 2321 2688 2359 se
2714 2314 3039 2373 reputantes.
3067 2302 3269 2367 Quibus
3296 2301 3378 2352 lo-

1849 2415 1945 2454 cus
1978 2399 2063 2452 ille
2095 2399 2274 2454 nullos
2300 2399 2509 2453 labores
2536 2407 2588 2452 et
2626 2397 2898 2452 molestias
2940 2395 3096 2464 parit.
3138 2392 3256 2446 Non
3305 2393 3376 2446 ibi

1849 2491 2028 2552 ardor,
2061 2505 2168 2544 non
2202 2489 2390 2560 frigus,
2422 2505 2527 2543 non
2559 2489 2784 2542 trihnlus
2815 2529 2830 2554 ,
2861 2487 2950 2541 sed
2982 2495 3189 2555 patrum
3211 2485 3380 2552 justo-

1848 2596 2077 2650 rumque
2107 2582 2285 2634 vultus
2325 2580 2585 2643 subridet,
2620 2576 3038 2646 exspectantium
3085 2586 3204 2643 post
3253 2571 3379 2627 illud

1847 2668 2269 2734 receptaculum,
2301 2667 2530 2736 quietem
2573 2676 2626 2721 et
2665 2675 2912 2718 aeternam
2945 2667 3103 2716 vitam
3137 2664 3188 2715 in
3221 2666 3376 2718 caelo.

1847 2755 2046 2810 Locum
2088 2772 2215 2810 vero
2257 2759 2414 2811 istum
2450 2772 2704 2810 vocamus
2750 2756 2918 2806 sinum
2945 2753 3247 2805 Abrahami.
3293 2752 3379 2806 ln-

1841 2846 1970 2916 justi
2001 2861 2126 2900 vero
2169 2847 2233 2899 ad
2265 2847 2533 2899 sinistram
2566 2845 2848 2899 trahuntur
2887 2844 2953 2897 ab
2984 2843 3183 2910 angelis
3213 2852 3378 2897 torto-

1845 2934 2013 2998 ribus,
2045 2948 2150 2986 non
2179 2943 2366 3001 sponte
2404 2933 2724 2997 incedentes,
2753 2932 2843 2986 sed
2871 2935 2920 2985 vi
2956 2940 3009 2985 et
3043 2931 3292 2984 violentia
3321 2941 3380 2986 ut

1842 3019 2006 3075 vincti
2039 3022 2350 3089 rapiuntur;
2381 3037 2516 3090 quos
2547 3023 2716 3092 angeli
2749 3023 3010 3076 instantes
3033 3031 3083 3076 et
3127 3030 3377 3092 urgentes

1843 3109 2187 3176 comitantur,
2219 3110 2336 3163 illos
2370 3111 2618 3165 convitiis
2643 3112 2983 3174 lacessentes,
3014 3111 3181 3166 torvis
3207 3113 3378 3167 oculis

1842 3201 2151 3255 minitantes
2189 3210 2242 3254 et
2273 3202 2338 3254 ad
2386 3202 2637 3256 inferiora
2682 3203 3040 3257 detrudentes.
3084 3201 3172 3256 Sic
3217 3216 3378 3270 porro

202 3298 325 3344 νους
354 3281 468 3352 (51)
508 3282 749 3343 ἕλκουσιν
790 3287 838 3337 oi
889 3265 1192 3354 ἐφεστῶτες
1235 3289 1338 3351 ἕως
1379 3288 1599 3358 πλησίον
1648 3265 1744 3359 τῆς

1852 3290 2097 3345 deductas
2127 3293 2332 3346 animas
2361 3294 2613 3362 praesides
2651 3294 2822 3362 angeli
2855 3295 3069 3346 trahunt
3107 3265 3273 3360 usque
3310 3291 3376 3344 ad

199 3373 444 3442 γεέννης·
468 3375 515 3426 oi
540 3373 716 3442 ἔγγιον
738 3375 884 3439 ὄντες
901 3376 993 3430 τοῦ
1019 3379 1114 3447 μὲν
1137 3378 1376 3450 βρασμοῦ
1398 3381 1744 3444 ἀδιαλείπτως

199 3461 536 3517 ὑπακούουσι
567 3464 687 3534 (52)
713 3506 728 3530 ,
766 3469 857 3519 καὶ
903 3466 994 3520 τοῦ
1041 3468 1137 3537 τῆς
1188 3468 1393 3538 Θέρμης
1434 3472 1604 3541 ἀτμοῦ
1647 3473 1744 3524 οὐκ

197 3555 538 3626 ἀμοιροῦσιν.
555 3557 732 3627 Αὐτῆς
748 3558 804 3611 δὲ
826 3558 919 3628 τῆς
937 3558 1170 3626 ἐγγίονος
1191 3559 1382 3628 ὅψεως,
1400 3561 1496 3631 τὴν
1513 3562 1742 3632 φοϐερὰν

198 3647 293 3701 καὶ
338 3644 776 3718 ὑπερϐαλλόντως
824 3649 947 3702 Θέαν
992 3650 1101 3720 (55)
1147 3649 1237 3701 τοῦ
1278 3651 1446 3720 πυρὸς
1490 3652 1740 3721 ὁρῶντες,

100 3786 105 3790 .
199 3737 657 3807 καταπεπήγασι,
705 3739 1106 3809 τῇ.προσδοκίᾳ
1135 3738 1232 3808 τῆς
1286 3739 1578 3809 μελλούσης
1626 3743 1740 3810 κρί-

200 3842 360 3889 σεως,
379 3826 482 3896 ήδη
503 3825 722 3896 δυνάμει
743 3827 1103 3898 κολαζόμενοι.
1135 3828 1288 3881 Ἀλλά
1309 3830 1402 3881 καὶ
1435 3822 1492 3880 οὗ
1524 3830 1610 3881 τὸν
1632 3831 1738 3897 (54)

197 3916 303 3970 τῶν
333 3917 583 3988 πατέρων
631 3917 800 3988 χωρὸν
831 3919 922 3970 καὶ
952 3921 1074 3982 τοὺς
1120 3919 1355 3983 δικαίους
1397 3920 1595 3991 ὁρῶσι,
1648 3924 1739 3974 καὶ

291 4113 388 4249 42)
426 4111 847 4193 Προσξριθῶσι.
878 4109 1155 4176 Ραναίίιί..
1181 4131 1378 4186 προκρ.

291 4183 364 4236 43
433 4182 526 4233 Ἐν
555 4200 632 4246 τῳ
658 4181 788 4249 ᾅδῃ.
815 4179 975 4249 ᾍδης
1018 4195 1082 4233 ex
1109 4193 1343 4236 veterum
1377 4206 1378 4210 π

290 4179 388 4249 43)
433 4182 526 4233 Ἐν
555 4179 632 4246 τῷ
658 4181 788 4249 ᾅδῃ.
815 4179 975 4252 ᾍδης
1018 4195 1082 4233 ex
1109 4179 1343 4236 veterum
1377 4192 1552 4237 mente
1581 4199 1738 4252 gene-

192 4251 310 4321 rale
336 4253 736 4321 receptaculum
763 4251 1056 4321 animarum
1087 4261 1206 4321 post
1233 4254 1441 4306 illarum
1464 4269 1492 4306 c
1515 4251 1738 4321 corpore

192 4317 528 4390 discessum,
559 4320 649 4374 ubi
679 4319 833 4390 bonis
863 4317 1102 4390 benein
1115 4320 1242 4390 loco
1288 4322 1545 4390 φωτεινῷ,
1584 4317 1737 4378 malis

197 4389 341 4459 male
399 4388 454 4459 in
513 4386 883 4459 σίιοτιωτέρῳζ
924 4385 1052 4459 _Vide
1105 4385 1389 4459 CQIOmesii
1457 4385 1737 4458 κειμήλια

193 4455 489 4527 lateraria,
516 4471 631 4527 cap.
655 4459 744 4522 28,
769 4454 828 4511 et
852 4454 1124 4527 Svieerum
1155 4457 1207 4509 in
1243 4458 1442 4526 ᾍδης.
1475 4454 1629 4513 Hine
1657 4472 1739 4516 est

193 4526 343 4594 quod
367 4525 558 4595 sinum
584 4525 813 4595 Abrahae
835 4535 886 4580 et
917 4525 1221 4595 paradisum
1253 4525 1470 4595 quidam
1500 4530 1731 4584 colloca-

193 4664 406 4736 siasta},
421 4662 700 4736 pagxtiﬂ:
741 4662 921 4736 Ἡμὲν
953 4662 1155 4736 ἱστορία
1184 4662 1272 4714 τὸν
1285 4667 1614 4736 παράδεισον
1645 4670 1736 4722 ἐπὶ

188 4732 296 4853 εις
325 4727 470 4783 εἶναι
495 4727 753 4813 διδάσκει.
790 4727 940 4797 Τινὲς
970 4733 1025 4786 δὲ
1056 4727 1259 4802 ἔφησαν
1281 4727 1482 4786 ὅτι’κα“ι
1511 4739 1537 4787 ὁ
1565 4739 1737 4807 παρά-

251 4816 372 4853 ισος
424 4802 481 4852 ἑν
524 4818 601 4853 τω
641 4803 742 4853 Mn
788 4803 1069 4853 τυγνάνει·
1115 4801 1318 4853 ἑτέροις
1365 4802 1421 4853 δὲ
1467 4804 1609 4853 ἔδοξε
1646 4808 1737 4853 τὸν

251 4816 372 4861 ισος
424 4802 481 4852 tv
524 4801 601 4922 τίἑι
641 4803 744 4875 ᾅδῃ
788 4803 1069 4873 τυγχάνει·
1115 4801 1318 4881 ἑτέροις
1365 4802 1421 4854 δὲ
1467 4804 1609 4870 ἔδοξε
1643 4801 1737 4859 τὸν

251 4868 521 4922 ιοάδεισον
592 4888 620 4922 ν
664 4871 873 4922 οὑοανῶ
918 4872 1072 4922 εἶναι.
1118 4872 1255 4922 Oum
1297 4880 1349 4922 et
1395 4872 1445 4922 in
1493 4876 1737 4922 oratione

189 4868 521 4940 παράδεισον
563 4868 620 4924 ἑν
652 4868 1072 4942 ὀὖρανῷ“είναι.
1118 4868 1255 4936 Quin
1297 4880 1349 4923 et
1395 4872 1445 4923 in
1493 4868 1737 4929 oratione

189 4937 478 4991 Dominica
515 4943 712 5006 precati
753 4951 878 4995 sunt
905 4941 1216 4995 Macedones
1251 4937 1565 5003 Christiani,
1602 4953 1735 4999 teste

187 5006 442 5131 Hqgtzne7
455 5006 762 5077 Brughtono
789 5028 801 5063 :
833 5010 1016 5131 Πατηρ
1045 5010 1201 5080 ἡμῶν
1224 5009 1251 5060 ὁ
1282 5009 1338 5059 ὲν
1517 5009 1730 5067 Ρηιιισ.

361 5075 381 5131 )
441 5078 487 5131 0
517 5077 613 5130 καί
644 5082 696 5131 οἱ
721 5078 926 5131 ἄδικοι.
1011 5078 1239 5131 οταίίεί..
1260 5077 1334 5131 ὡς
1359 5094 1408 5129 οι
1466 5095 1642 5131 ικαιοι.

312 5025 424 5060 one
457 5025 762 5077 nr-ugntono
789 5028 801 5063 :
833 5025 917 5064 ua
987 5027 1016 5061 ο
1045 5025 1201 5080 ημων
1224 5025 1251 5060 ο
1282 5025 1338 5059 εν
1367 5025 1431 5077 ᾳο
1473 5047 1486 5060 .
1517 5025 1642 5064 rm

240 5025 381 5213 1β.)
415 5068 487 5144 ⁷ῼ
517 5077 613 5130 καί
644 5082 696 5132 οἱ
721 5025 1239 5142 ἀδικοιᾟαωίίείη
1260 5077 1334 5138 ὡς
1359 5079 1408 5129 οἱ
1432 5025 1642 5156 Eiram.

281 5146 380 5212 45)
420 5147 775 5213 Διελθόντες.
825 5165 842 5198 ι
869 5146 1228 5204 Transeuntes
1259 5165 1277 5197 ι
1319 5148 1493 5201 reddit
1545 5149 1642 5202 Fat

221 5146 380 5228 .(45)
420 5147 775 5214 Διελθόντες.
825 5165 842 5198 ι
869 5146 1228 5204 Transeuntes
1259 5165 1277 5197 ι
1319 5148 1493 5201 reddit
1545 5149 1733 5202 Fabri-

185 5229 329 5271 CIIIS.

258 5283 378 5352 (46)
423 5283 793 5356 Τεταγμένωκ
827 5285 1108 5356 ἀγγέλων.
1154 5284 1455 5341 Comtittttt.
1507 5288 1729 5356 αροειοί.

184 5354 281 5426 lib.
301 5367 419 5426 _vm
441 5390 454 5413 ,
475 5367 602 5426 _cap.
633 5354 694 5426 4i
722 5353 1062 5426 :_’Afyél_ou;
1103 5356 1346 5426 εὐμενές
1389 5353 1731 5426 παράστησον

185 5421 371 5491 αὐτῷ,
400 5421 498 5499 καὶ
530 5422 825 5499 κατιξιαξον
852 5421 1008 5499 αὺτὸν
1045 5427 1104 5475 ὲν
1136 5421 1249 5499 ’τῷ-
1274 5423 1451 5499 κόλπῳ
1487 5422 1594 5499 τῶν
1624 5421 1730 5499 παῖ

183 5491 466 5569 τριαρχιῖΝ
483 5491 724 5569 ,καὶτῶν
746 5493 1042 5569 ⁵προφητῶν
1068 5495 1158 5569 καὶ
1184 5491 1287 5545 τῶν
1309 5491 1608 5569 ἀποστόλων
1631 5493 1730 5569 καὶ

186 5564 414 5632 πάντων
440 5561 679 5632 τῶῃνῌάπ*
705 5561 892 5632 αἰῶνός
924 5561 1016 5614 σοι
1040 5563 1523 5632 εύαρεστησάντων.
1565 5579 1582 5610 ι
1616 5563 1727 5632 ᾼιιη

187 5631 342 5704 gelos
367 5626 635 5704 ei_exhibe
665 5631 932 5704 placidos,
978 5626 1207 5700 eumque
1250 5626 1447 5704 colloca
1501 5631 1552 5682 in
1604 5630 1723 5682 sinu

187 5697 1090 5770 patriarcharu_m_,_’_prophetarum
1111 5697 1136 5764 ,“
1165 5700 1524 5770 apostolorum
1547 5738 1562 5760 ,
1606 5713 1724 5770 oms
1764 5746 1774 5756 .

188 5763 453 5836 niumque
491 5765 582 5835 qui
606 5763 759 5836 tibi}
811 5763 1009 5822 saeculo
1055 5763 1382 5836 placuerunt.
1420 5787 1437 5819 ι
1480 5766 1609 5822 Vide
1655 5767 1726 5821 ibi

186 5835 545 5904 Cotelerium',
565 5845 617 5891 et
645 5835 966 5905 interpretes
986 5835 1232 5893 adLucze
1249 5854 1357 5906 xu,
1383 5839 1472 5908 29.,
1500 5853 1596 5895 nec
1618 5852 1724 5893 non

193 4586 324 4674 r'unt
355 4595 422 4644 ὲν
457 4594 532 4663 τῷ
709 4593 860 4718 (Ἧιιι
901 4586 1113 4648 indorus
1153 4594 1203 4647 in
1236 4586 1396 4662 caput
1434 4613 1492 4650 ιιι
1547 4597 1734 4653 Eccle-
1765 4586 1814 4646 D

193 4671 753 4787 maereas,
790 4611 940 4787 τιέξ.
953 4662 1737 4787 satis

839 4751 883 4786 ιν

1842 3383 2072 3437 conﬁnia
2104 3384 2374 3453 gehennze.
2418 3383 2480 3434 Et
2514 3385 2604 3451 qui
2637 3391 2752 3453 tam,
2776 3397 2937 3450 pr0pe
2967 3390 3108 3445 sunt,
3154 3381 3377 3433 audiunt

1841 3487 2050 3542 semper
2075 3475 2418 3543 agitationem
2442 3483 2494 3526 et
2516 3481 2722 3535 aestum,
2753 3483 2804 3523 et
2835 3485 2938 3522 non
2977 3478 3102 3521 sunt
3132 3476 3375 3537 expertes

1839 3567 2051 3633 vaporis
2076 3573 2128 3619 et
2151 3565 2312 3628 fumi,
2346 3565 2412 3616 ab
2441 3564 2548 3615 isto
2588 3562 2762 3613 calore
2804 3561 3070 3611 manantis
3109 3567 3161 3610 et
3189 3571 3372 3610 assur-

1841 3655 2030 3723 gentis.
2062 3654 2308 3708 Proxima
2343 3663 2517 3705 autem
2551 3651 2651 3722 ista
2689 3650 2910 3711 visione,
2940 3648 3175 3700 videntes
3219 3647 3374 3699 terri-

1839 3746 1943 3799 bile
1964 3755 2013 3799 et
2036 3746 2377 3798 immodicum
2409 3740 2768 3809 spectaculum
2798 3739 2952 3808 ignis,
2979 3740 3195 3791 horrent
3216 3735 3371 3804 quasi

1838 3837 1955 3904 gelu
1985 3835 2257 3890 constricti
2295 3842 2508 3900 propter
2547 3831 2994 3899 exspectationem
3028 3828 3194 3882 futuri
3230 3828 3373 3895 judi-

1837 3927 1926 3989 cii,
1953 3925 2108 3993 quasi
2134 3925 2290 3976 modo
2312 3923 2422 3990 jam
2454 3923 2714 3990 supplicio
2743 3920 2933 3974 affecti.
2969 3918 3070 3974 Sed
3097 3929 3146 3973 et
3170 3919 3238 3972 ibi
3265 3932 3372 3971 non

1838 4117 2158 4187 Macarium,
2196 4116 2318 4185 περὶ
2368 4116 2544 4177 ἐξόδου
2589 4115 2761 4183 ψυχῆς
2799 4116 3020 4167 δικαίων
3068 4118 3156 4168 καὶ
3198 4117 3369 4187 ἁμαρ-

1833 4186 2033 4238 τωλῶν.
2065 4186 2276 4238 Fasmc.

1925 4256 2011 4324 47)
2054 4254 2216 4324 Θέας.
2263 4253 2536 4315 ParaHel.,
2571 4252 2814 4324 θεωρίας.

1925 4257 2011 4324 47)
2054 4257 2216 4318 Θέας.
2263 4257 2536 4315 Parallel.,
2571 4257 2814 4322 Θεωρίας.

1901 4257 2014 4447 Ξ48)
2071 4322 2377 4375 Ἑκάστοτε
2425 4320 2640 4373 καινῶν
2692 4320 3035 4388 προσδοκίᾳ.
3091 4322 3365 4385 ParaHel.,

1939 4411 2086 4446 στοτε
2107 4392 2301 4444 καινῶν
2327 4393 2612 4447 ὁρωμένων
2639 4392 2945 4447 προσδοκία.
2980 4410 2996 4439 ι
3027 4389 3089 4444 Et
3110 4408 3365 4444 novorum

1836 4389 2086 4447 ἑκάστοτε
2107 4392 2301 4444 καινῶν
2327 4393 2612 4461 ὁρωμένων
2639 4392 2945 4460 προσδοκίᾳ.
2980 4410 2996 4439 ι
3027 4389 3089 4444 Et
3110 4408 3365 4444 noverunt

1835 4478 1956 4530 qua
1981 4463 2300 4517 creberrime
2323 4462 2777 4528 contemplantur,
2807 4463 3200 4529 exspectatione
3227 4462 3366 4515 dele-

1836 4533 2013 4587 ctatiJ
2044 4532 2162 4585 Mox
2195 4531 2345 4594 ibid.,
2376 4531 2632 4594 βελτίονα.

1909 4603 2018 4670 (49)
2059 4601 2326 4668 Πατέρων
2362 4598 2600 4652 δικαίων
2647 4616 2728 4670 τε(
2763 4603 3037 4666 ὁρωμένη.
3093 4598 3364 4659 Parallel.,

1834 4668 2085 4741 ’πατέρων
2117 4669 2626 4741 δικαίωνᾲόρωμένη.
2666 4687 2682 4718 ι
2707 4668 2976 4722 Justorum
3008 4678 3211 4738 patrum
3243 4683 3367 4720 con—

1836 4739 2015 4814 specta
2042 4739 2481 4814 riaciesgundique
2509 4740 2659 4790 ridet.
2694 4756 2710 4787 ι

1905 4810 2014 4877 (50)
2040 4811 2300 4877 Ἄγγελοι
2311 4804 2727 4877 διαπέμπονται
2746 4806 2900 4857 dri-:18
2904 4804 3374 4877 t'Correc.Parttll.,

1838 4875 2485 4945 ,Αγγελοιέπιγελῶντες
2541 4875 2960 4945 διαπέμπονται,
3022 4876 3364 4945 ἐπονεᾼιδίζον-

1832 4943 1963 5010 τες(
1995 4966 2011 4996 ι
2040 4945 2184 5009 Quos
2225 4945 2476 5009 praesides
2528 4943 2712 5011 angeli
2746 4946 3012 4997 irridendo
3056 4943 3362 5005 dimittunt.

1831 5030 2030 5083 eosque
2058 5017 2477 5083 exprobrantes,
2501 5022 2604 5066 etc.
2639 5032 2658 5064 ι
2707 5014 2827 5068 Mox
2860 5015 3040 5065 eadem
3071 5011 3362 5080 Parallela,

1832 5087 1909 5147 είς
1939 5080 2008 5137 τὰ
2039 5080 2318 5152 κατώτερα
2355 5082 2513 5152 μέρη.

1900 5145 2010 5221 (51)
2055 5151 2169 5221 Οὓς
2198 5145 2541 5221 ἀγομένριἷς.
2591 5151 2679 5207 Sic
2723 5151 2883 5221 codex
2929 5145 3276 5215 Rupel'ucald.
3311 5154 3361 5205 in

1830 5217 2112 5274 Pa'ral'lelis
2141 5217 2384 5274 Dama'se.
2417 5220 2576 5284 Editi,
2609 5222 2671 5282 ἃς
2698 5217 2982 5286 ἀγομένας.

1899 5292 2011 5356 (52)
2048 5291 2341 5358 Ἐγγιον...
2375 5293 2761 5344 ὑπακούουσι.
2804 5286 3030 5352 Parull.,
3059 5287 3359 5354 ἑγγίονες...

1829 5361 2166 5414 ἐπακούουσι.

1899 5430 2011 5497 (55)
2053 5429 2553 5497 Ὑπερϐαλλόντως
2580 5425 2736 5497 θέαν.
2784 5420 3060 5497 Ραναίίρί..
3094 5427 3356 5497 ύπερόαλ-

1827 5494 2018 5560 λὸντως
2052 5494 2245 5568 ξανθὴν
2281 5497 2422 5549 Θέαν.
2463 5517 2480 5548 ‹
2510 5494 2792 5548 lmmodice
2831 5495 3022 5549 ﬂaVuln
3064 5511 3155 5550 seu
3182 5494 3358 5550 rufum

1827 5570 2210 5635 spectaculum.
2244 5588 2269 5635 i_
2483 5633 2510 5635 _
2573 5623 2582 5626 _

1896 5638 2007 5704 (54)
2048 5638 2151 5690 Καὶ
2200 5633 2269 5690 οὗ
2318 5637 2439 5686 τόν.
2479 5632 2752 5704 Ρανιιίίεί..
2801 5637 2892 5688 καὶ
2926 5630 3066 5689 οὗτοι
3121 5633 3208 5685 τὸν
3249 5630 3356 5684 τῶν

1825 5703 2042 5759 δικαίων
2070 5706 2264 5776 χῶρον.
2300 5723 2355 5776 κ.
2380 5721 2427 5757 τ.
2453 5704 2504 5756 λ.
2554 5723 2570 5754 ι
2599 5703 2702 5776 Sed
2731 5721 2825 5760 nec
2859 5707 2932 5760 illi
2974 5708 3234 5775 justorum
3271 5718 3356 5755 re-

1826 5773 2112 5846 gioncmﬂ
2157 5773 2294 5839 Mox,
2330 5774 2401 5836 ὡς
2441 5777 2573 5845 μήτε
2605 5773 2708 5828 δίκ.
