4098 6362
210 407 318 461 8115

1366 405 1647 463 CONTRA
1684 406 2001 462 HERESIN
2047 406 2267 463 ΝΟΕΤΙ.

3298 403 3399 453 806

211 529 304 583 τὸν
336 529 598 601 Χριστόν;
638 531 778 601 Πρὸς
809 530 866 584 δν
891 531 1364 601 ἆνταποκρίνονται
1397 532 1446 583 οἱ
1471 531 1762 601 πρεσϐύτε-

1870 530 2053 585 Filium
2086 546 2327 600 passum,
2364 532 2505 587 sicut
2546 546 2737 601 passus
2765 542 2880 597 est;
2914 542 3186 587 mortuum
3209 571 3223 594 ,
3262 530 3402 585 sicut

214 637 299 691 ροι
318 637 332 651 ⁸
368 621 479 675 Καὶ
512 624 669 693 ἡμεῖς
698 622 794 675 ἕνα
817 622 946 674 Θεὸν
976 621 1084 701 (7i)
1113 621 1329 691 οἴδαμεν
1357 620 1594 691 ἀληθῶς·
1621 620 1764 674 οἶδα-

216 727 316 780 μεν
344 712 575 782 Χριστόν
594 727 607 741 ·
642 711 861 780 οῐδαμεν
878 711 968 763 τὸν
984 711 1115 788 Υἱὸν
1143 710 1396 774 παθόντα,
1430 712 1609 774 καθὼς
1634 711 1764 763 ἔπα-

212 801 324 864 θεν,
356 802 689 855 ἀποθανόντα
720 800 897 865 καθὼς
920 801 1205 869 ἀπέθανεν,
1241 803 1335 855 καὶ
1366 803 1666 856 ἀναστάντα
1696 805 1761 872 τῇ

214 890 371 959 τρίτῃ
402 890 601 960 ἡμέρα,
634 890 728 941 καὶ
760 889 887 942 ὄντα
919 893 974 943 ὲν
1005 889 1150 960 δεξιᾷ
1172 890 1264 943 τοῦ
1293 891 1528 961 Πατρὸςζ
1556 890 1646 943 καὶ
1678 890 1763 959 ἔρ-

216 977 440 1045 χόμενον
487 978 663 1046 κρῖναι
701 976 903 1039 ζῶντας
936 978 1027 1029 καὶ
1061 977 1298 1048 νεκρούς.
1336 980 1441 1031 Καὶ
1468 978 1637 1031 ταῦτα
1678 978 1762 1030 λέ·-

1866 632 2108 674 mortnus
2134 630 2250 685 est;
2291 630 2345 674 et
2376 623 2693 693 suscitatum
2730 624 2882 679 tertia
2914 624 3019 687 die,
3056 632 3108 677 et
3130 621 3400 675 sedentem

1864 710 1929 763 ad
1976 712 2250 765 dexteram
2286 697 2490 776 Patris,
2524 722 2915 783 venturumque
2944 714 3009 767 ad
3048 709 3399 782 judicandum

1862 801 2014 854 vivos
2034 810 2088 855 et
2114 810 2378 856 mortuos.
2421 800 2595 871 Atque
2624 804 2737 858 haec
2777 805 3029 865 dicimus.
3066 818 3188 872 qua:
3217 802 3405 857 didici-

1866 904 2007 942 mus.
2038 887 2190 942 Tunc
2219 890 2379 943 iStum
2411 891 2716 945 convictum
2739 893 3013 961 eiecerunt
3038 907 3100 947 ex
3141 892 3404 958 ecclesia;

1866 981 1959 1049 qui
1982 995 2047 1033 eo
2077 980 2366 1035 inﬂationis
2393 983 2557 1043 venit,
2594 992 2650 1036 ut
2683 984 2875 1038 docere
2910 984 3232 1038 institueret.

216 1083 382 1133 γομεν
409 1066 443 1117 ἃ
474 1065 763 1136 ἐμάθομεν.
800 1067 928 1118 Τότε
966 1067 1150 1120 τοῦτον
1177 1064 1486 1136 ἐλέγξαντες
1512 1069 1761 1133 ’ἐξέωσαν
1796 1069 1897 1137 τῆς
1925 1070 2213 1140 ἐκκλησίας
2238 1070 2349 1140 (7‘2)
2384 1088 2397 1101 ·
2445 1072 2501 1135 ὃς
2523 1075 2599 1135 εἰς
2625 1071 2843 1126 τοσοῦτο
2902 1073 3154 1142 φυσίωμα
3189 1070 3410 1141 ἠνέχθη,

216 1155 291 1216 ὡς
319 1154 685 1207 διδασκαλεῖον
715 1156 994 1223 συστῆσαι.

286 1252 347 1299 Οἱ
381 1248 471 1300 καὶ
498 1248 664 1311 δεῖξαι
698 1249 966 1318 βούλονται
1008 1249 1258 1303 σύστασιν
1290 1250 1365 1321 τῷ
1405 1252 1648 1322 δόγματι,
1682 1252 1765 1305 λέ-

222 1354 423 1405 γοντες·
452 1327 614 1391 Εἶπεν
640 1341 697 1392 ὲν
727 1340 892 1409 νόμῳ·
932 1360 949 1391 ι
994 1340 1131 1407 Ἐγώ
1163 1343 1274 1411 εἰμι
1311 1344 1338 1394 6
1367 1343 1494 1405 Θεὸς
1527 1343 1631 1395 τῶν
1666 1360 1766 1395 πα-

221 1429 396 1497 τέρων
449 1430 627 1499 ὑμῶν·
678 1433 777 1482 οὐκ
826 1432 1031 1483 ἔσονται
1078 1433 1205 1501 ὑμῖν
1253 1433 1362 1497 θεοὶ
1406 1434 1579 1505 ἕτεροι
1630 1434 1767 1505 πλὴν

226 1520 377 1587 ἐμοῦ.
409 1539 426 1571 ι
453 1521 560 1574 Καὶ
588 1521 745 1574 πάλιν
774 1523 829 1573 ὲν
860 1524 1045 1592 ἑτέρῳο
1075 1544 1092 1574 ι
1138 1524 1296 1592 Ἐγὼ,
1328 1526 1507 1596 φησὶν,
1536 1526 1765 1597 πρῶτος,

222 1612 317 1661 καὶ
349 1611 589 1681 ἔσχατος,
625 1614 718 1665 καὶ
770 1614 883 1683 μετ’
908 1615 1004 1683 ὲμὲ
1036 1615 1132 1667 οὐκ
1173 1615 1314 1668 ἔστιν
1354 1616 1539 1679 οὐδείς.
1574 1635 1591 1667 ι
1616 1616 1768 1668 Οὕτω

226 1700 517 1765 φάσκουσιν
562 1703 811 1771 συνιστᾷν
854 1702 948 1755 ἕνα
981 1703 1129 1756 Θεόν.
1164 1705 1225 1757 0?
1277 1706 1649 1775 ἀποκρίνονται
1686 1704 1770 1757 λέ-

218 1801 424 1851 γοντες-
472 1788 532 1838 El
571 1783 661 1840 οὖν
708 1787 935 1859 Χριστὸν
980 1788 1222 1860 ὁμολογῶ
1266 1792 1413 1854 Θεὸν,
1468 1794 1624 1855 αὐτὸς
1664 1794 1767 1861 ἄρα

224 1874 368 1927 ἐστὶν
400 1877 429 1926 6
462 1877 665 1946 Πατὴρ,
694 1879 741 1929 εἰ
772 1877 877 1948 γάρ
904 1882 1049 1933 ἐστιν
1090 1884 1117 1935 6
1144 1882 1292 1944 Θεός’
1325 1882 1518 1934 ἔπαθεν
1557 1882 1612 1935 δὲ
1641 1884 1769 1953 Χρι-

228 1963 367 2025 στὸς,
396 1964 559 2026 αὐτὸς
586 1963 661 2016 ὢν
687 1965 835 2028 Θεὸς,
868 1968 972 2037 ἄρα
1001 1967 1092 2022 οὖν
1124 1971 1316 2023 ἔπαθεν
1347 1973 1547 2040 Πατήρ·
1584 1972 1768 2041 Πατὴρ

226 2055 330 2120 γὰρ
360 2053 523 2115 αὐτὸς
547 2048 631 2122 ἦν.
670 2053 807 2105 Ἀλλ’
836 2057 931 2125 οὐχ
964 2058 1131 2121 οὕτως
1168 2059 1296 2129 ἔχει·
1324 2046 1440 2111 οὐδὲ
1468 2059 1571 2129 γὰρ
1600 2057 1768 2119 οὕτως

228 2144 282 2193 αἱ
312 2142 524 2212 Γραφαὶ⁹
551 2143 873 2212 διηγοῦνται.
908 2148 1151 2217 Χρῶνται
1182 2152 1236 2203 δὲ
1275 2151 1364 2203 καὶ
1400 2150 1606 2219 ἑτέραις
1636 2166 1769 2218 μαρ-

230 2231 460 2300 τυρίαις,
492 2232 756 2298 λέγοντες·
788 2236 941 2289 Οὕτω
992 2239 1302 2309 γέγραπται·
1341 2258 1359 2289 ι
1401 2233 1564 2300 Οὗτος
1588 2240 1615 2289 6
1643 2238 1771 2300 Θεὸς

232 2321 399 2389 ἡμῶν,
431 2324 491 2373 οὐ
521 2322 891 2393 λογισθήσεται
925 2328 1110 2398 ἕτερος
1144 2328 1276 2399 πρὸς
1308 2330 1484 2381 αὐτόν.
1529 2327 1769 2398 Ἐξεῦρεν

238 2415 403 2464 πᾶσαν
450 2414 566 2467 ὁδὸν
618 2418 940 2487 ἐπιστήμης,
993 2422 1083 2472 καὶ
1128 2420 1319 2473 ἔδωκεν
1369 2421 1534 2490 αὐτὴν
1585 2417 1771 2471 Ἰακὼὸ

234 2503 305 2572 τῷ
349 2505 504 2556 παιδὶ
552 2506 735 2567 αὐτοῦ,
787 2510 879 2561 καὶ
934 2509 1141 2579 Ἰσραὴλ
1184 2510 1260 2579 τῷ
1304 2511 1636 2579 ἠγαπημένῳ
1681 2509 1771 2561 ὑπ’

228 2594 412 2646 αὐτοῦ·
470 2596 604 2663 μετὰ
634 2596 801 2648 ταῦτα
846 2599 934 2649 ἐπὶ
964 2598 1062 2667 γῆς
1100 2599 1271 2669 ὤφθη,
1306 2600 1395 2651 καὶ
1436 2601 1547 2661 τοῖς
1571 2596 1774 2668 ἀνθρώ-

231 2700 350 2747 ποις
390 2687 815 2755 συνανεστράφη.
872 2706 890 2737 ι
936 2689 1093 2758 Ὁρᾷς
1125 2686 1235 2750 οὖν,
1282 2688 1472 2759 φησιν,
1516 2690 1595 2740 ὅτι
1625 2684 1774 2750 οὗτός

180 2842 183 2843 ν
230 2776 376 2826 ἐστιν
417 2777 447 2826 6
476 2774 625 2837 Θεὸς,
652 2777 679 2827 6
726 2777 878 2845 μόνος
918 2776 1010 2839 ὢν,
1054 2777 1402 2849 καιῦστερον
1440 2777 1655 2845 ὠφθεὶς,
1687 2776 1777 2830 καὶ

226 2867 339 2925 τοῖς
369 2864 667 2933 ἀνθρώποις
698 2867 1167 2935 συναναστραφείς.
1201 2866 1344 2937 [Ἐν]
1376 2868 1541 2936 ἑτέρῳ
1574 2867 1649 2928 δὲ,
1678 2882 1778 2935 φη-

235 2957 342 3017 σὶν,
392 2956 556 3024 λέγει·
590 2977 606 3007 ι
633 2958 946 3009 Ἑκοπίασεν
986 2959 1271 3025 Αἴγυπτος,
1306 2960 1398 3011 καὶ
1430 2958 1659 3027 ἐμπόρια
1688 2961 1779 3010 Αἰ-

1936 1248 1997 1301 11.
2029 1248 2222 1304 Volunt
2249 1258 2425 1305 autem
2455 1253 2648 1320 dogma
2674 1250 2832 1305 suum
2855 1253 3179 1306 constituere
3207 1260 3259 1305 et
3286 1265 3409 1303 con-

1868 1340 2105 1403 ﬁrmare,
2140 1340 2265 1408 quia
2295 1349 2379 1395 est
2404 1342 2459 1393 in
2489 1342 2637 1411 lege:
2677 1359 2695 1392 ι
2727 1340 2836 1411 Ego
2875 1356 2993 1395 sum
3024 1341 3160 1396 Deus
3198 1350 3405 1409 patrum

1868 1438 2082 1484 tuorum
2114 1430 2188 1495 ";
2216 1446 2321 1485 non
2355 1439 2515 1483 erunt
2542 1432 2693 1484 vobis
2726 1432 2815 1484 alii
2843 1431 2916 1484 dii
2943 1440 3135 1501 prteter
3168 1445 3252 1483 me
3283 1429 3349 1483 ".
3385 1450 3402 1480 ι

1868 1520 1935 1573 Et
1975 1534 2162 1573 rursus
2206 1520 2258 1572 in
2288 1519 2394 1572 alio
2422 1520 2542 1572 loco
2570 1535 2583 1571 :
2625 1538 2642 1570 ι
2674 1519 2782 1590 Ego
2819 1537 2935 1575 sum
2972 1522 3199 1589 primus.
3229 1530 3281 1574 et
3311 1535 3409 1588 ego

1871 1609 2229 1672 novissimus;
2280 1618 2333 1662 et
2384 1617 2505 1678 post
2554 1622 2638 1662 me
2690 1625 2794 1662 non
2848 1619 2929 1663 est
2985 1610 3125 1663 alius
3158 1610 3225 1663 -⁸¹.
3265 1629 3283 1661 ι
3320 1607 3410 1663 Sic

1874 1699 2021 1751 aiunt
2051 1714 2109 1752 se
2136 1698 2362 1775 probare
2394 1714 2556 1751 unum
2585 1713 2701 1753 esse
2730 1697 2915 1752 Deum.
2945 1698 3011 1752 Et
3036 1700 3360 1768 respondent
3394 1718 3405 1751 :

1871 1789 1926 1841 Si
1966 1788 2235 1843 Christum
2273 1784 2590 1843 conﬁtemur
2628 1786 2817 1853 Deum,
2846 1789 3008 1859 igitur
3046 1790 3158 1857 ipse
3196 1800 3277 1844 est
3309 1789 3410 1843 Pa-

1869 1884 1968 1939 ter,
2023 1877 2066 1931 si
2112 1886 2195 1930 est
2243 1875 2417 1941 Deus;
2471 1893 2661 1945 passus
2691 1888 2818 1930 vero
2848 1887 2929 1931 est
2953 1876 3202 1932 Christus
3230 1878 3369 1932 Deus
3391 1918 3407 1936 .

1868 1983 2063 2037 passus
2110 1968 2272 2038 igitur
2315 1979 2396 2022 est
2426 1967 2599 2022 Pater.
2632 1967 2787 2023 Pater
2828 1969 2969 2022 enim
3020 1977 3134 2023 erat
3176 1969 3307 2036 ipse.
3344 1970 3445 2021 At.

1868 2075 1975 2111 non
2023 2059 2101 2113 sic
2135 2069 2217 2113 est
2254 2076 2267 2111 :
2318 2074 2424 2111 non
2463 2058 2605 2111 enim
2655 2059 2735 2112 sic
2782 2058 3073 2126 Scriptura:
3113 2066 3409 2127 exponunt.

1870 2147 2105 2201 Utuntur
2130 2158 2381 2218 praeterea
2416 2148 2535 2201 aliis
2567 2148 2907 2203 testimoniis.
2939 2148 3029 2201 Sic
3073 2142 3215 2203 enim
3259 2147 3412 2202 aiunt

1869 2240 2124 2305 scriptum
2152 2254 2269 2292 esse
2296 2254 2309 2290 :
2336 2254 2359 2289 ι
2403 2238 2499 2290 Hic
2531 2238 2671 2293 Deus
2700 2229 2909 2303 noster;
2936 2254 3044 2290 non
3080 2239 3411 2306 reputabitur

1870 2327 2008 2381 alius
2041 2327 2108 2380 ad
2140 2342 2282 2381 eum.
2327 2330 2614 2381 Adinvcnit
2647 2344 2859 2382 omnem
2903 2330 3041 2382 viam
3074 2330 3329 2395 scientiae,
3358 2338 3413 2383 et

1868 2418 2017 2473 dedit
2056 2433 2173 2472 eam
2218 2417 2383 2473 Jacob
2417 2433 2582 2487 puero
2610 2434 2731 2483 suo,
2760 2428 2813 2473 et
2839 2418 3001 2473 Israel
3046 2409 3242 2474 dilecto
3278 2436 3409 2487 suo;

1870 2519 1990 2577 post
2036 2509 2148 2563 haec
2180 2511 2231 2577 in
2284 2510 2440 2563 terris
2494 2510 2640 2563 visus
2683 2517 2799 2572 est,
2834 2521 2886 2565 et
2930 2526 3061 2583 cum,
3105 2502 3412 2566 hominibus

1870 2612 2220 2654 conversatus
2264 2610 2349 2653 est
2376 2601 2441 2654 ”.
2480 2620 2496 2650 ι
2526 2599 2686 2653 Vides
2717 2600 2897 2668 igitur,
2932 2601 3124 2669 inquit,
3152 2603 3293 2669 quod
3326 2602 3413 2656 hic
3462 2666 3465 2669 δ

1871 2702 1953 2748 est
1982 2693 2142 2757 Deus,
2172 2694 2262 2761 qui
2290 2692 2437 2747 solus
2463 2699 2565 2753 est,
2596 2701 2657 2745 et
2677 2702 2860 2761 postea
2892 2694 2943 2745 in
2975 2692 3133 2747 terris
3165 2697 3335 2757 visus,
3361 2703 3415 2749 et

1872 2799 1994 2837 cum
2038 2783 2347 2837 hominibus
2398 2783 2779 2837 conversatus?
2807 2781 2872 2835 Et
2902 2781 2955 2836 in
3003 2785 3109 2837 alio
3153 2784 3270 2840 loco
3294 2785 3409 2838 ait:

1880 2893 1899 2924 ι
1954 2872 2236 2937 Laboravit
2279 2871 2572 2943 Egyptus,
2603 2882 2655 2927 et
2679 2882 2979 2927 mercatura
3021 2873 3330 2944 Ethiopum
3361 2884 3417 2928 et

1877 2961 2271 3027 Subaimyviri
2318 2962 2446 3025 celsi
2492 2961 2543 3013 in
2595 2970 2645 3015 te
2691 2965 3015 3026 transibunt,
3059 2973 3113 3019 et
3153 2966 3227 3019 tui
3274 2952 3411 3020 servi

230 3043 436 3095 θιόπων
469 3045 562 3097 καὶ
591 3046 637 3097 oi
669 3048 930 3117 Σαὸαεὶμ,
971 3049 1154 3119 ἄνδρες
1182 3049 1367 3119 ὑψηλοὶ
1401 3051 1490 3101 ἐπὶ
1518 3050 1574 3120 σὲ
1606 3048 1771 3119 διαϐή-

1876 3061 2067 3117 erunt;
2101 3061 2153 3105 et
2186 3054 2337 3105 ibunt
2366 3061 2484 3121 post
2525 3061 2577 3108 te
2601 3053 2763 3107 vincti
2793 3039 3020 3110 vinculis
3055 3072 3328 3123 manuum,
3361 3064 3416 3110 et

230 3150 414 3185 σονται
501 3136 592 3186 καὶ
654 3137 735 3187 σοὶ
783 3137 990 3189 ἔσονται
1039 3138 1244 3208 δοῦλοι]
1292 3139 1382 3190 καὶ
1432 3138 1771 3209 πορεύσονται

1880 3142 1932 3195 in
1962 3150 2013 3195 te
2037 3140 2377 3203 adorabunt,
2400 3142 2525 3210 quia
2555 3142 2608 3211 in
2649 3149 2699 3195 te
2728 3152 2811 3195 est
2844 3140 2983 3198 Deus
3008 3160 3022 3209 ;
3050 3150 3102 3195 et
3134 3142 3189 3197 in
3216 3152 3269 3196 te
3297 3158 3415 3212 pre-

228 3222 408 3274 ὀπίσω
437 3239 529 3273 σου
560 3224 821 3292 δεδεμένοι
853 3228 908 3277 ὲν
931 3229 1281 3296 χειροπέδαις,
1308 3230 1397 3281 καὶ
1422 3232 1477 3281 ὲν
1508 3232 1589 3281 σοι
1616 3242 1778 3299 προσ-

228 3314 571 3381 κυνήσουσιν·
592 3314 669 3364 ὅτι
708 3316 764 3367 ἐν
798 3314 879 3365 σοὶ
905 3318 933 3366 6
962 3315 1091 3375 Θεός
1115 3318 1278 3377 ἐστιν,
1310 3319 1401 3369 καὶ
1426 3321 1481 3369 ὲν
1512 3320 1591 3370 σοὶ
1615 3335 1777 3387 προσ-

229 3402 497 3464 εύξονται·
544 3403 635 3454 καὶ
668 3403 776 3475 οὐκ
807 3402 951 3455 ἐστιν
978 3403 1106 3464 Θεὸς
1151 3404 1286 3473 πλὴν
1321 3404 1431 3455 σοῦ.
1499 3407 1569 3456 Σὺ
1601 3406 1707 3474 γὰρ
1730 3401 1778 3455 εἶ

227 3491 386 3554 Θεὸς,
421 3492 516 3544 καὶ
541 3493 637 3545 οὐκ
668 3492 880 3562 ᾔδειμεν
900 3495 954 3545 '6
982 3492 1111 3554 Θεὸς
1146 3494 1235 3544 τοῦ
1277 3493 1485 3563 Ἰσραὴλ
1513 3495 1721 3563 Σωτήρ.
1754 3512 1771 3541 ι

241 3582 430 3652 Ὁρᾷς,
450 3583 629 3653 φησὶν,
656 3583 768 3645 πῶς
794 3583 888 3635 ἕνα
916 3583 1043 3635 Θεὸν
1074 3584 1428 3653 κηρύσσουσιν
1455 3586 1507 3635 αἱ
1534 3583 1773 3653 Γραφαίς

230 3673 438 3747 Τούτου
468 3674 733 3743 ἐμφανοῦς
755 3664 1095 3743 δεικνυμένου
1113 3714 1125 3737 ,
1153 3674 1257 3728 τῶν
1280 3674 1447 3737 οὕτως
1477 3691 1776 3747 μαρτυρου-

230 3766 449 3834 μένων,
492 3767 756 3838 ὰνάγκην,
794 3768 974 3837 φησὶν,
1024 3767 1129 3835 ἔχω
1170 3768 1283 3829 ἑνὸς
1326 3765 1775 3836 ὁμολογουμένου,

226 3854 421 3907 τοῦτον
446 3855 547 3911 ὑπὸ
578 3856 743 3919 πάθος
782 3856 982 3925 φέρειν.
1014 3857 1239 3925 Χριστὸς
1277 3856 1383 3923 γὰρ
1419 3851 1484 3925 ἦν
1515 3854 1664 3920 Θεὸς,
1687 3855 1778 3908 καὶ

224 3944 473 4014 ἔπασχεν
505 3948 569 3999 δι’
600 3949 763 4017 ἡμᾶς,
795 3947 954 4009 αὐτὸς
983 3944 1054 3999 ὢν
1086 3950 1113 3999 6
1151 3948 1355 4017 Πατὴρ,
1385 3949 1469 4000 ἴνα
1492 3950 1583 4001 καὶ
1613 3948 1778 4002 σῶσαι

226 4037 384 4106 ἡμᾶς
416 4037 631 4107 δυνηθῇ.
669 4039 827 4091 ’Ἄλλο
866 4040 942 4101 δὲ,
976 4039 1155 4108 φησιν,
1187 4038 1244 4090 οὐ
1283 4038 1549 4108 δυνάμεθα
1583 4039 1772 4107 λέγειν·

227 4128 329 4179 καὶ
370 4126 478 4195 γὰρ
519 4129 547 4178 6
600 4128 909 4190 Ἀπόστολος
949 4130 1043 4181 ἕνα
1090 4127 1221 4179 Θεὸν
1272 4128 1537 4196 ὁμολογεῖ,
1584 4129 1772 4196 λέγων·

234 4233 255 4264 ι
290 4208 397 4265 Ὧν
434 4216 480 4264 οἱ
528 4216 779 4285 πατέρες,
810 4213 866 4280 ἐξ
894 4210 967 4268 ὧν
1000 4216 1226 4285 Χριστὸς
1260 4216 1323 4267 τὸ
1350 4216 1489 4267 κατὰ
1521 4196 1713 4287 σάρκα,
1748 4219 1777 4269 6

227 4300 307 4354 ὢν
343 4302 438 4353 ἐπὶ
464 4302 675 4353 πάντων
703 4302 832 4363 Θεὸς
866 4301 1147 4372 εὐλογητὸς
1172 4302 1248 4363 εἰς
1272 4302 1392 4362 τοὺς
1420 4300 1637 4362 αἰῶνας.
1683 4318 1701 4351 ι

1876 3232 2172 3295 cabuntur,
2222 3234 2347 3302 quia
2394 3248 2500 3286 non
2547 3242 2629 3287 est
2661 3230 2801 3285 Deus
2842 3218 3133 3300 prater‘te.
3164 3231 3244 3287 Τιι
3270 3235 3413 3287 enim
3458 3214 3489 3253 ν’

1876 3330 1934 3368 es
1962 3314 2120 3379 Deus,
2155 3326 2208 3370 et
2254 3320 2606 3383 nescivimus;
2639 3319 2778 3371 Deus
2819 3319 2977 3371 Israel
3020 3320 3265 3374 Salvator
3293 3323 3355 3375 ³³.
3391 3340 3411 3373 ι

1876 3402 2056 3462 Vides.
2108 3406 2316 3472 inquit,
2364 3408 2633 3474 quomodo
2682 3406 2971 3475 Scriptum
3020 3424 3186 3461 unum
3232 3402 3413 3463 Deum

1874 3493 2199 3561 ιιι-αεόίεξιηιῖ
2226 3495 2361 3548 Cum
2411 3496 2511 3548 hoc
2554 3506 2735 3563 aperte
2782 3498 3111 3550 declaratum
3163 3499 3254 3563 sit,
3288 3504 3412 3554 cum

1876 3588 1988 3640 haec
2016 3587 2095 3641 sic
2120 3594 2415 3640 contestata
2452 3586 2595 3648 sint;
2628 3601 2845 3640 necesse
2887 3596 2988 3650 est,
3021 3602 3131 3655 uno
3156 3604 3249 3656 per
3282 3606 3414 3645 con-

1876 3677 2159 3732 fessionem
2182 3679 2491 3741 constituto,
2521 3677 2663 3732 hunc
2690 3678 2924 3747 passioni
2953 3679 3233 3748 subjicere.
3259 3681 3416 3735 Chri-

1876 3755 1993 3821 stus
2013 3767 2153 3819 enim
2183 3775 2295 3820 erat
2323 3764 2483 3845 Deus,
2510 3774 2563 3820 et
2590 3775 2806 3835 pr0pter
2833 3782 2931 3821 nos
2964 3782 3155 3837 passus
3182 3779 3265 3823 est
3288 3786 3411 3824 cum

1876 3864 2020 3911 esset
2063 3854 2255 3919 Pater,
2312 3867 2369 3910 ut
2407 3865 2587 3925 posset
2632 3857 2812 3910 salvos
2868 3871 2966 3911 nos
3006 3856 3201 3913 facere.
3254 3860 3414 3916 Aliud

1875 3947 2041 4010 enim,
2068 3946 2257 4016 inquit,
2292 3944 2468 4000 dicere
2498 3959 2602 4004 non
2627 3960 2914 4013 possumus
2946 3967 2957 4001 :
2984 3949 3246 4017 siquidem
3278 3951 3415 4017 Apo-

1876 4036 2042 4091 stolus
2072 4050 2237 4096 unum
2264 4033 2428 4087 Deum
2460 4033 2769 4099 confitetur,
2801 4052 2924 4090 eum
2970 4040 3082 4091 ait:
3122 4056 3140 4088 ι
3173 4036 3413 4102 Quorum

1876 4134 2083 4193 patres,
2110 4139 2176 4178 ex
2204 4123 2399 4193 quibus
2435 4120 2683 4177 Christus
2729 4115 3024 4179 secundum
3058 4141 3295 4194 carnem,
3322 4130 3414 4198 qui

1874 4225 1953 4269 est
1975 4212 2114 4269 Deus
2138 4212 2444 4268 benedictus
2469 4212 2524 4264 in
2557 4214 2747 4267 sazcula
2772 4204 2835 4267 “.
2869 4233 2887 4264 ι

299 4392 415 4444 Καὶ
458 4391 625 4443 ταῦτα
664 4391 933 4462 βούλονται
961 4391 1097 4443 οὕτω
1139 4389 1432 4459 διηγεῖσθαι
1482 4390 1573 4442 καὶ
1600 4390 1771 4453 αὐτοῖς

1946 4386 2033 4442 111.
2063 4386 2153 4443 Sic
2179 4387 2366 4444 volunt
2392 4389 2490 4443 ista
2518 4383 2760 4452 recitare,
2785 4397 2837 4441 et
2866 4389 2942 4442 uti
2972 4389 3251 4457 mutilatis,
3276 4391 3416 4447 sicut

230 4474 519 4557 μονόκωλα
548 4482 657 4552 (73)
701 4481 988 4553 χρώμενοι,
1010 4482 1075 4543 ,ὃν
1118 4483 1312 4565 τρόπον
1360 4476 1505 4533 εἶπεν
1533 4472 1777 4543 Θεόδοτος

1880 4479 2007 4535 fecit
2036 4479 2360 4553 Theodotus,
2390 4493 2510 4534 cum
2549 4478 2705 4532 vellet
2738 4477 2962 4547 probare
2991 4478 3264 4536 Christum
3296 4498 3414 4536 esse

202 4626 209 4631 1
302 4663 352 4695 ¹⁹
380 4660 553 4715 Exod.
586 4677 666 4726 ιιι,
710 4662 763 4715 6.
841 4662 884 4695 ⁹⁶
913 4661 1077 4717 Exod.
1114 4678 1204 4728 xx,
1240 4662 1291 4715 5.
1372 4662 1411 4694 ³¹
1444 4662 1543 4717 lsa.
1596 4671 1771 4729 xuv,1

1896 4662 1937 4694 ³¹
1970 4662 2196 4723 Baruch.
2234 4677 2324 4728 ιιι,
2355 4660 2539 4715 36-38.
2616 4662 2659 4694 ³³
2692 4661 2795 4718 lsa.
2847 4678 2983 4729 xcv,
3016 4664 3103 4718 14.
3180 4662 3409 4718 “Rom.

232 4749 324 4794 Ix,
359 4732 417 4784 5.

302 4871 421 4939 (71)
461 4867 603 4927 Ἕνα
640 4871 803 4937 Θεὸν,
834 4888 884 4925 κ.
932 4834 993 4927 τ.
1032 4872 1079 4934 λ,
1117 4871 1245 4937 Qua:
1283 4881 1599 4939 sequuntur,
1646 4881 1772 4924 sunt

229 4942 353 5011 ipsa
410 4939 573 5011 verba
626 4938 883 5011 Symboli,
927 4943 1081 5010 quale
1120 4950 1296 5011 exstat
1328 4938 1475 5011 apud
1511 4942 1766 4991 lrenmum

227 5008 327 5064 lib.
362 5024 401 5072 I,
436 5023 481 5061 c.
522 5008 556 5059 2
585 5008 722 5077 seq.,
752 5010 843 5063 lib.
876 5008 957 5073 ιιι,
984 5026 1030 5063 c.
1060 5011 1122 5071 ις
1160 5008 1543 5063 Tertullianum
1578 5017 1769 5077 contra

229 5080 525 5135 Praxeam.
571 5092 619 5131 e.
655 5076 707 5139 Ξ,
741 5088 793 5132 et
825 5079 897 5132 De
928 5079 1249 5145 Prwscript.,
1278 5093 1327 5133 c.
1360 5079 1446 5143 15,
1476 5085 1529 5131 et
1564 5076 1633 5128 De
1665 5076 1767 5127 vir-

227 5148 447 5219 gini_6_z_ts
472 5146 723 5219 petendis,
750 5164 798 5203 e.
830 5150 874 5219 |_,
902 5159 1005 5219 etc.
1032 5145 1247 5205 [τηειρ.
1335 5212 1380 5219 __
1590 5156 1637 5219 '_
1713 5186 1725 5201 .

300 5216 419 5285 (⁷2)
478 5214 767 5285 Ἐζέωσαν
786 5210 1294 5285 Ἑκκληοζίας.
1335 5212 1557 5268 Noetum
1608 5210 1762 5285 dani-

227 5280 425 5339 natum
458 5281 831 5353 aTranquillo
848 5280 1105 5353 episcopo
1124 5280 1628 5353 ‘Chalcedoniorum
1670 5280 1765 5349 Sy-

228 5357 348 5418 riaa,
380 5351 570 5406 scribit
591 5351 775 5408 auctor
802 5351 1329 5421 Praedestinati.’cap.
1368 5353 1453 5405 30.
1482 5351 1631 5416 Quod
1669 5364 1765 5401 an-

228 5434 339 5477 tem
385 5423 441 5474 in
480 5419 743 5478 Svnodico
780 5424 953 5478 libello
995 5439 1111 5478 can.
1155 5422 1255 5478 50.
1291 5424 1419 5478 legis
1459 5423 1509 5475 in
1552 5418 1765 5478 Svnodo

225 5434 339 5477 tem
385 5437 441 5474 In
480 5434 743 5489 bynomco
780 5434 953 5478 libello
995 5439 1111 5490 cap.
1155 5434 1255 5487 δυ,
1291 5434 1419 5492 legis
1459 5438 1509 5475 ιιι
1552 5434 1765 5489 bynoao

228 5493 487 5547 Romana
524 5490 830 5546 damnatum
854 5492 1077 5545 Nectum
1117 5508 1144 5545 a
1196 5490 1336 5560 Papa
1376 5490 1601 5549 Victore,
1634 5498 1765 5560 tein-

227 5559 743 5632 porum_ratio__non
776 5566 991 5632 patitur.
1032 5560 1132 5612 Sed
1164 5558 1287 5613 sunt
1309 5562 1548 5632 quaadam
1586 5567 1637 5610 et
1662 5558 1763 5632 alia

229 5626 285 5684 in
309 5631 409 5683 illo
439 5626 914 5709 Synodicoparuin
950 5639 1198 5709 accurate
1224 5626 1437 5690 tradita,
1472 5631 1591 5709 licet
1630 5627 1762 5679 scri-
1804 5676 1805 5679 η

174 5696 178 5705 ’
227 5710 389 5823 gutum
419 5698 626 5823 llipsum
676 5696 874 5771 alioqui
916 5708 998 5755 est
1058 5699 1365 5767 neutiquam
1420 5706 1763 5753 contemnen-

309 5782 386 5822 ιη.
488 5806 500 5820 .
1470 5794 1473 5795 ν

309 5782 386 5822 m.
419 5782 500 5822 ω.
1470 5794 1473 5795 ⁷

1944 4869 2052 4938 (75)
2085 4867 2299 4939 Μογόκ.
2326 4870 2619 4923 Μονόκωλα
2651 4878 2869 4939 apparet
2894 4866 3264 4939 adverbialiter
3284 4870 3409 4934 poni

1869 4933 1965 5005 pro
1992 4933 2302 5008 μονοκώλως
2326 4950 2384 5008 et
2410 4933 2740 5008 μονοτύπως,
2764 4938 2959 5008 quibus
2984 4936 3157 5008 verbis
3189 4933 3413 5008 Epipha-

1870 5008 2013 5078 nius,
2044 5022 2163 5074 pag.
2188 5007 2315 5078 68!,
2350 5005 2616 5078 Hippolyti
2653 5006 2893 5078 vestigiis
2937 5005 3407 5078 insistensutitur.

1868 5072 2148 5147 Βούλονται
2182 5076 2236 5147 δὲ
2278 5072 2575 5147 διηγεῖσθαι
2611 5072 2919 5147 μονοκιῧλως
2949 5072 3134 5147 τοῦτον
3164 5073 3253 5147 τὸν
3285 5076 3410 5147 τρό-

1867 5159 1963 5195 πον
1998 5144 2070 5206 ὡς
2117 5142 2388 5207 Θεόδοτος.
2430 5142 2631 5198 Sensus
2674 5154 2785 5207 est,
2822 5142 3107 5199 Noetianos
3143 5142 3207 5196 ad
3242 5142 3409 5199 unum

1867 5214 2239 5282 tantummodo
2271 5214 2321 5267 in
2355 5212 2681 5282 explicandis
2736 5210 2791 5264 S.
2840 5211 3225 5282 Scripturreg‘de
3253 5213 3409 5267 Chri-

1867 5289 1951 5333 sto
1984 5280 2141 5334 dictis
2183 5283 2339 5336 veluti
2381 5279 2673 5334 membrum
2715 5281 3001 5347 respicere,
3035 5279 3269 5334 divinam
3304 5285 3409 5339 sci-

1867 5350 1990 5403 licet
2031 5360 2272 5403 naturam
2306 5368 2317 5403 :
2353 5352 2426 5403 uti
2461 5348 2693 5401 vicissim
2730 5348 3038 5413 Theodotus
3084 5350 3149 5403 ad
3184 5349 3408 5404 alterum

1867 5435 2149 5474 recurrens
2173 5429 2467 5473 extremum
2498 5418 2550 5468 in
2579 5417 2691 5469 sola
2724 5417 2953 5469 hzerebat
2981 5418 3330 5480 humanitate,
3358 5430 3410 5471 et

1868 5488 2139 5543 Christum
2188 5490 2389 5541 nudum
2446 5500 2565 5538 esse
2614 5487 2886 5537 hominem
2960 5486 3278 5539 atlirmabat.
3332 5485 3405 5537 De

1869 5555 2143 5611 Theodoto
2188 5566 2377 5624 praeter
2423 5555 2556 5607 alios
2609 5555 2851 5624 meminit
2896 5555 3057 5606 etiam
3091 5555 3404 5624 Timothegs

1868 5628 2143 5695 presbyter
2190 5616 2225 5695 Ξι
2267 5622 2749 5695 μοιριεινίοᾹρᾴλίιιιε
2789 5622 3106 5695 Monumept.
3149 5630 3275 5695 tim}.
3312 5616 3401 5681 HI,
3469 5676 3474 5682 .

1865 5686 1985 5763 pag.
2018 5686 2118 5748 38‘.)
2149 5711 2159 5744 :
2190 5692 2381 5744 Τοῦτον
2412 5692 2498 5742 τὸν
2526 5690 2770 5742 Θεόδοτόν
2798 5709 2955 5756 φασιν
2982 5691 3077 5757 τῆς
3098 5688 3189 5741 τοῦ
3214 5688 3403 5809 Ecasto-

1870 5764 2067 5809 aatém:
2119 5763 2371 5809 αἱρέσεως
2420 5762 2653 5809 ἀογτιγὸν
2712 5762 2800 5809 καὶ
2872 5760 3075 5809 πατέρα
3132 5756 3250 5809 γενέ
3320 5770 3399 5809 αι.

1870 5756 2067 5827 σατέως
2119 5763 2371 5832 αἱρέσεως
2420 5762 2653 5830 ἀρχηγὸν
2712 5762 2800 5812 καὶ
2872 5756 3075 5825 πατέρα
3132 5756 3416 5822 γενέσθαι,
