4098 6362
739 458 841 511 807

1395 458 1455 513 S.
1494 455 1846 514 HIPPOLYTI
1881 455 2028 512 OPP.
2080 452 2257 509 PARS
2303 453 2368 508 ιι.
2407 484 2475 496 -
2509 452 2804 510 DOGMAT.
2841 453 2927 510 ET
2965 454 3300 515 HISTORIC.

3826 454 3915 510 803

740 574 1013 631 hominem
1053 574 1279 631 nudum.
1313 568 1420 630 sed
1468 591 1569 631 nec
1593 576 1692 641 illi,
1721 590 1819 631 nec
1861 575 1947 631 isti
1988 574 2261 645 quidquan

2379 571 2662 645 ἄνθρωπον
2710 576 2958 647 συνιστᾷν
3013 576 3163 647 ψιλὸν
3224 578 3556 649 βουλόμενος,
3613 580 3753 634 Ἀλλ’
3806 584 3915 637 οὔτε

740 665 1145 733 intellexerunt;
1178 676 1235 722 ut
1280 667 1412 735 ipsa:
1451 666 1744 737 Scriptura:
1788 666 2053 721 inscitiam
2090 681 2277 721 eorum

738 756 1105 827 redarguunt,
1149 771 1271 827 qua;
1330 746 1694 812 testimonium
1753 757 1966 811 veritati
2018 758 2275 811 tribuunt.

737 842 947 909 Videte,
991 844 1207 912 fratres,
1250 848 1517 916 quomodo
1547 861 1782 917 praeceps
1801 855 1855 900 et
1885 846 2062 901 audax
2087 848 2279 916 dogma

738 934 1163 1004 introduxerunt,
1201 952 1330 993 cum
1365 938 1697 1007 impudenter
1737 939 1890 993 aiunt
1920 953 1933 989 :
1964 936 2082 1008 Ipse
2116 937 2277 992 Chri-

734 1035 853 1081 stus
877 1038 959 1082 est
980 1027 1154 1094 Pater,
1181 1028 1295 1098 ipse
1330 1028 1528 1095 Filius;
1572 1031 1687 1099 ipse
1717 1044 1911 1099 passus
1939 1039 2054 1097 est,
2078 1029 2192 1099 ipse
2219 1044 2279 1085 se

732 1118 983 1172 excitavit
1008 1135 1038 1173 a
1071 1120 1322 1174 mortuis.
1351 1120 1420 1173 At
1453 1134 1559 1173 non
1590 1121 1669 1174 sic
1696 1129 1780 1174 est
1805 1137 1818 1173 :
1851 1129 1996 1174 recte
2024 1121 2162 1173 enim
2194 1120 2275 1174 di-

732 1217 864 1263 cunt
894 1207 1218 1280 Scriptum;
1248 1210 1341 1266 sed
1388 1210 1490 1263 alia
1535 1208 1736 1265 Noetus
1767 1211 2032 1281 intelligit.
2067 1210 2137 1265 At
2167 1227 2274 1266 non

730 1299 856 1367 quia
886 1300 1087 1357 Noetus
1119 1318 1225 1355 non
1273 1301 1539 1371 intelligit,
1568 1301 1769 1355 idcirco
1799 1300 2086 1372 Scriptura:
2117 1318 2275 1371 repu-

730 1389 941 1443 diandae
983 1401 1127 1445 sunt.
1177 1391 1310 1457 Quis
1351 1392 1494 1447 enim
1540 1406 1647 1444 non
1698 1392 1836 1447 dicet
1886 1409 2051 1447 unum
2106 1393 2272 1448 Deum

727 1482 884 1537 esse?
912 1482 1029 1537 Non
1069 1493 1246 1539 tamen
1280 1486 1535 1539 continuo
1564 1484 1919 1539 oeconomiam
1958 1486 2032 1553 (id
2056 1495 2157 1552 est,
2190 1487 2273 1539 in-

722 1573 1117 1645 carnationem)
1158 1574 1389 1645 negabit.
1417 1574 1657 1630 Primum
1694 1571 1855 1645 igitur
1892 1586 2101 1646 oportet
2137 1592 2295 1637 con--

727 1662 901 1718 {utare
930 1664 1145 1734 quidem
1199 1665 1313 1719 haec
1354 1666 1529 1735 capita
1561 1664 1859 1720 secundum
1891 1681 2108 1721 sensum
2145 1667 2268 1721 illo.

728 1770 881 1821 rum;
922 1757 1196 1812 declarare
1226 1772 1353 1812 vero
1393 1772 1457 1811 ea
1499 1758 1793 1813 secundum
1829 1758 2129 1823 veritatem.
2153 1756 2268 1811 Pri-

726 1859 875 1898 mum
900 1846 1042 1899 enim
1066 1861 1246 1901 revera
1272 1855 1355 1901 est
1384 1861 1651 1915 exponere
1685 1847 1895 1901 Patrem
1937 1861 2056 1902 esse
2097 1862 2265 1901 unum

2380 661 2575 719 ἐκεῖνοί
2614 681 2673 717 τε
2710 666 3016 735 νενοήκασιν
3045 668 3257 737 ἀληθὲς,
3291 669 3407 722 οὗθ’
3432 663 3599 736 οὗτοι,
3625 671 3811 735 καθὼς
3831 674 3914 726 αῦ-

2376 752 2466 805 ταὶ
2498 755 2552 805 αί
2582 754 2794 823 Γραφαὶ
2831 756 3134 827 ἐλέγχουσιν
3159 757 3334 817 αὐτῶν
3370 759 3467 831 τὴν
3494 760 3753 831 ἀμαθίαν,
3789 778 3914 833 pap-

2375 843 2631 915 τυροῦσαι
2655 848 2721 916 τῇ
2746 847 2988 918 ἀληθείᾳ.
3032 848 3469 921 Ὀρᾶτε,ἀδελφοὶ,
3505 853 3622 917 πῶς
3656 854 3919 924 προπετὲς
4034 918 4035 923 η

2375 935 2469 987 καὶ
2524 936 2788 1007 τολμηρὸν
2841 938 3013 1008 δόγμα
3058 942 3513 1011 παρεισήνεγκαν,
3557 942 3914 1012 ἀναισχύντως

2374 1025 2639 1091 λέγοντες·
2686 1027 2854 1090 Αὐτός
2882 1031 2994 1081 ἐστι
3027 1030 3256 1097 Χριστὸς
3284 1034 3312 1083 6
3355 1032 3558 1103 Πατὴρ,
3592 1034 3755 1095 αὐτὸς
3778 1033 3910 1097 Υἱὸς,

2374 1115 2532 1179 αὐτὸς
2558 1118 2835 1188 ἐγεννήθη,
2864 1120 3022 1181 αὐτὸς
3045 1119 3259 1184 ἔπαθεν,
3287 1120 3439 1185 αὐτὸς
3472 1124 3657 1176 ἐαυτὸν
3680 1124 3909 1193 ἤγειρεν.

2384 1207 2520 1260 Ἀλλ’
2551 1210 2645 1279 οὺχ
2693 1209 2861 1272 οῦτως
2890 1210 3018 1278 ἔχει·
3067 1209 3124 1262 αἰ
3166 1209 3264 1278 μὲν
3294 1211 3503 1280 Γραφαί
3534 1213 3705 1282 ὀρθῶς
3738 1213 3912 1279 λέγου-

2373 1314 2475 1361 σιν,
2505 1299 2634 1352 ἄλλα
2657 1300 2721 1353 ἂν
2750 1300 2842 1353 καὶ
2876 1301 3079 1371 Νόητος
3115 1303 3242 1353 νοεῖ.
3280 1301 3392 1353 Οὐκ
3426 1302 3522 1373 ἤδη
3553 1304 3608 1355 δὲ
3643 1306 3691 1356 εἰ
3716 1305 3912 1374 Νόητος

2374 1389 2447 1459 μὴ
2491 1393 2619 1451 νοεῖ,
2668 1392 2815 1462 παρὰ
2857 1391 3011 1443 τοῦτο
3052 1381 3299 1460 ἐκδλητοι
3335 1393 3389 1444 αἰ
3420 1394 3648 1463 Γραφαί.
3679 1395 3779 1458 Τίς
3814 1395 3910 1465 γὰρ

2369 1480 2468 1532 οὐκ
2492 1481 2606 1550 ἐρεῖ
2628 1480 2721 1550 ἕνα
2741 1480 2868 1533 Θεὸν
2891 1477 3053 1545 εἶναι;
3091 1482 3225 1534 Ἀλλ’
3249 1483 3309 1535 οὐ
3339 1482 3435 1552 τὴν
3463 1485 3769 1553 οἰκονομίαν
3810 1488 3907 1555 (74)

2368 1569 2667 1641 ἀναιρήσει.
2720 1572 2921 1634 Ὄντως
2975 1572 3070 1641 μὲν
3109 1567 3199 1626 οὖν
3227 1572 3295 1625 τὰ
3326 1574 3587 1641 κεφάλαια
3627 1575 3714 1628 διά
3750 1577 3907 1629 ταῦτα

2369 1660 2627 1731 πρότερον
2669 1661 2749 1714 δεῖ
2791 1662 3161 1733 ἀνατραπῆναι
3203 1665 3342 1717 κατᾶ
3384 1664 3474 1716 τὸν
3522 1665 3745 1718 ἐκείνων
3772 1668 3903 1727 νοῦν,

2367 1752 2507 1805 κατὰ
2538 1751 2595 1804 δὲ
2624 1751 2719 1822 τὴν
2744 1751 3000 1823 ἀλήθειαν
3022 1752 3311 1823 δειχθῆναι.
3337 1754 3600 1826 Πρότερον
3623 1757 3731 1826 γὰρ
3754 1757 3905 1820 ὅντως

2367 1840 2511 1892 ἐστὶν
2541 1840 2929 1912 διηγήσασθαι,
2972 1843 3053 1895 ὃτι
3096 1838 3176 1905 εἷς
3220 1844 3347 1909 Θεὸς
3376 1846 3404 1897 6
3447 1846 3652 1916 Πατὴρ,
3695 1866 3714 1897 ι
3746 1847 3807 1913 ἐξ
3856 1841 3902 1900 οὗ

725 1931 932 2000 Deum,
971 1948 1090 1990 rex
1134 1950 1245 2006 quo
1289 1911 1470 1991 omnis
1512 1930 1807 2005 paternitas
1853 1938 1933 2003 ”;
1977 1952 2072 2005 per
2107 1952 2261 2007 quem

2370 1931 2515 1982 πᾶσα
2556 1932 2788 2001 πατριὰ,
2819 1932 2885 1985 δι’
2927 1928 2986 1987 οὗ
3026 1932 3093 1986 τὰ
3137 1933 3343 2000 πάντα,
3393 1936 3450 2001 ἐξ
3486 1928 3546 1988 οὗ
3584 1937 3652 1989 τὰ
3696 1938 3895 2001 πάντα,

723 2027 928 2088 omnia,
960 2033 1013 2079 et
1042 2040 1109 2080 ex
1142 2042 1252 2095 quo
1284 2027 1488 2093 omnia,
1517 2036 1571 2081 et
1606 2042 1705 2082 nos
1734 2027 1789 2080 in
1822 2026 1939 2095 ipso
1966 2027 2031 2080 ³⁸.
2071 2045 2091 2079 ι

794 2114 882 2171 ιν.
902 2115 1211 2182 Videamus,
1242 2126 1301 2171 ut
1320 2118 1449 2182 dixi,
1475 2117 1592 2187 ejus
1615 2118 2055 2183 confutationem,
2079 2117 2270 2173 deinde

720 2205 997 2260 veritatem
1025 2221 1372 2274 exponemus.
1404 2206 1493 2259 Ait
1520 2205 1662 2260 enim
1701 2223 1716 2258 :
1750 2224 1768 2256 ι
1798 2204 2268 2275 LaboravitEgy-

720 2306 877 2365 ptus,
911 2306 966 2349 et
1007 2305 1309 2350 mercatura
1351 2294 1664 2365 Ethiopum
1708 2305 1763 2350 et
1812 2296 2026 2350 Sabaim
2052 2297 2127 2362 ³⁷;
2162 2316 2181 2349 ›
2214 2306 2267 2351 et

720 2402 841 2454 qua:
880 2396 1178 2454 sequuntur
1228 2400 1399 2456 usque
1437 2385 1505 2438 ad
1548 2402 1670 2439 eum
1714 2386 1889 2442 locum
1915 2425 1930 2451 ,
1962 2388 2049 2441 ubi
2085 2388 2216 2442 dicit
2247 2407 2260 2442 :

726 2493 747 2526 ι
785 2474 866 2526 Tu
900 2490 958 2528 es
998 2474 1139 2529 Deus
1185 2474 1349 2529 Israel
1395 2474 1663 2530 Salvator.
1701 2493 1720 2528 ι
1754 2474 1878 2531 Haec
1909 2476 2127 2543 recitat,
2157 2493 2262 2531 non

721 2562 1029 2632 intelligens
1066 2562 1207 2631 quod
1254 2563 1404 2631 prius
1436 2563 1640 2617 dictum
1669 2573 1769 2618 est.
1818 2563 1951 2619 Cum
1980 2564 2123 2619 enim
2171 2581 2263 2619 vo—

700 2652 838 2706 ‘lunt
884 2653 1150 2707 malitiose
1195 2668 1259 2708 ac
1294 2653 1418 2709 dolo
1463 2654 1604 2709 malo
1653 2668 1843 2724 agere,
1876 2654 2264 2714 circumcidunt

720 2740 1050 2812 Scripturas.
1082 2741 1288 2797 Recitet
1313 2753 1492 2797 autem
1534 2743 1760 2814 integre,
1789 2751 1844 2799 et
1875 2745 2104 2813 reperiet
2130 2760 2260 2800 cau-

718 2848 835 2887 sam
870 2842 1087 2902 propter
1115 2849 1275 2903 quam
1321 2834 1437 2889 bzec
1478 2834 1753 2889 dicuntur.
1792 2833 1962 2889 Paulo
1989 2837 2131 2890 enim
2165 2851 2260 2890 su-

676 2950 680 2954 -
715 2936 815 2990 pra
837 2962 851 2986 ,
879 2923 1200 2992 principium
1235 2925 1425 2993 capitis
1449 2935 1565 2992 est;
1600 2926 1742 2980 unde
1779 2935 1989 2995 oportet
2029 2928 2261 2998 incipere

714 3012 786 3067 ad
824 3014 1121 3069 docendum
1168 3015 1256 3070 cui
1288 3023 1341 3070 et
1384 3014 1453 3070 de
1492 3031 1603 3084 quo
1632 3015 1781 3070 dicit.
1824 3015 2079 3087 Superius
2114 3018 2260 3073 enim

714 3102 1039 3172 principium
1091 3104 1281 3172 capitis
1324 3104 1405 3159 sic
1456 3094 1664 3159 habet:
1711 3122 1731 3159 ι
1786 3104 2112 3176 lnterrogate
2174 3121 2262 3162 me

2367 2020 2459 2072 καὶ
2486 2022 2645 2089 ἡμεῖς
2672 2022 2729 2073 ὲν
2751 2022 2917 2091 αὐτῷ.
2950 2041 2969 2074 ι
3285 2061 3288 2063 λ

2439 2108 2681 2178 Ἴδωμεν,
2712 2109 2787 2173 ὡς
2808 2106 2977 2173 εἷπον,
3008 2111 3104 2183 τὴν
3139 2113 3299 2166 αὑτοῦ
3326 2116 3653 2187 ἀνατροπὴν,
3682 2112 3784 2170 εἷθ’
3823 2115 3900 2169 οῦ-

2364 2214 2471 2259 τως
2507 2197 2602 2267 τὴν
2642 2198 2893 2269 ἀλήθειαν
2937 2200 3334 2272 διηγησώμεθα.
3367 2204 3501 2274 Φησὶ
3533 2206 3659 2276 γάρ·
3692 2224 3714 2257 ι
3764 2207 3901 2258 Ἑκο-

2364 2286 2555 2337 πίασεν
2601 2285 2889 2355 Αἴγυπτος,
2935 2289 3029 2341 καὶ
3070 2290 3310 2361 ἐμπόρια
3362 2293 3666 2358 Αἰθιόπων,
3720 2296 3814 2349 καὶ
3852 2296 3897 2348 οἰ

2363 2374 2623 2445 Σαὸαείμ,
2657 2393 2677 2427 ι
2703 2376 2795 2430 καὶ
2824 2377 2891 2431 τὰ
2917 2378 3093 2431 λοιπά·
3125 2380 3210 2433 ἵνα
3242 2380 3389 2454 είπῃ·
3425 2399 3445 2432 ι
3482 2383 3553 2434 Σὺ
3583 2385 3691 2454 γὰρ
3722 2387 3751 2438 ὁ
3778 2380 3901 2449 Θέδς

2359 2465 2452 2517 τοῦ
2511 2465 2720 2538 Ἰσραὴλ
2764 2468 2986 2542 Σωτήρ·
3038 2487 3057 2522 ι
3100 2471 3159 2524 οὐ
3205 2473 3338 2526 νοῶν
3386 2475 3446 2526 τὸ
3491 2478 3890 2546 προειρημένον.

2372 2557 2599 2612 Ὀπόταν
2647 2559 2752 2630 γὰρ
2782 2558 3089 2632 ,θελήσωσιν
3137 2551 3630 2634 πανουργεύεσθαι,
3679 2570 3890 2639 περικύ-

2362 2665 2550 2701 πτουσι
2573 2650 2671 2711 τὰς
2702 2650 2937 2720 Γραφάς.
2975 2652 3307 2725 Ὀλοκλήρως
3335 2655 3391 2709 δὲ
3432 2657 3655 2720 εἰπάτω,
3687 2660 3782 2712 καὶ
3812 2661 3891 2712 εὑ-

2360 2737 2514 2808 ρήσει
2537 2738 2633 2809 τὴν
2661 2740 2835 2794 αἰτίαν
2877 2741 3011 2811 πρὸς
3048 2743 3172 2795 τίνα
3209 2742 3441 2812 λέγεται.
3485 2746 3762 2819 Ἀνωτέρω
3795 2750 3890 2819 γὰρ

2363 2826 2553 2898 μικρὸν
2593 2828 2732 2900 ἀρχὴ
2768 2829 2861 2883 τοῦ
2902 2831 3190 2900 κεφαλαίου
3221 2835 3493 2904 τυγχάνειο
3523 2836 3644 2891 ὃθεν
3686 2837 3769 2890 δεῖ
3807 2840 3889 2909 ἁρ-

2361 2916 2591 2987 ξάμενον
2637 2917 2833 2984 δεῖξαι,
2880 2920 3014 2991 πρὸς
3060 2920 3178 2975 τίνα
3229 2920 3373 2992 λέγει
3412 2925 3516 2978 καὶ
3563 2926 3693 2999 περί
3737 2928 3885 2992 τίνος.

2363 3008 2599 3061 ’Ᾱνωθεν
2646 3010 2752 3080 γὰρ
2803 3011 2837 3080 ἡ
2888 3011 3028 3081 ἀρχὴ
3090 3012 3182 3065 τοῦ
3231 3015 3525 3082 κεφαλαίου
3578 3017 3727 3070 τοῦτ’
3769 3019 3882 3089 ἔχει·

2364 3117 2383 3150 ι
2436 3099 2769 3170 Ἑρωτήσατέ
2801 3117 2869 3171 με
2901 3102 3028 3172 περὶ
3054 3098 3163 3155 τῶν
3192 3098 3319 3156 υἱῶν
3363 3121 3496 3173 μου,
3530 3105 3621 3159 καὶ
3660 3108 3771 3163 τῶν
3805 3110 3883 3161 θυ-

716 3190 784 3244 de
832 3190 955 3245 ﬁliis
1002 3191 1136 3246 meis
1181 3202 1234 3246 et
1277 3193 1343 3246 de
1392 3191 1601 3247 ﬁliabus
1634 3195 1787 3259 meis,
1820 3203 1874 3248 et
1901 3195 1966 3249 de
2006 3196 2257 3265 operibus

2370 3190 2600 3259 γατέρων
2627 3207 2742 3261 μου,
2772 3192 2864 3245 καὶ
2902 3193 3008 3245 τῶν
3038 3193 3210 3265 ἔργων
3234 3193 3341 3246 τῶν
3374 3196 3571 3267 χειρῶν
3597 3215 3700 3269 μου
3727 3200 3882 3252 ἐντεί-

716 3295 969 3336 manuum
1006 3296 1246 3336 mearum
1297 3282 1546 3337 mandate
1584 3284 1733 3337 mihi.
1772 3284 1880 3352 Ego
1925 3285 2025 3340 feci
2059 3296 2253 3349 terram

2370 3282 2516 3334 ιασθέ
2548 3298 2657 3352 μοι.
2706 3281 2844 3351 Ἐγὼ
2872 3282 3096 3354 ἐποίησα
3121 3284 3223 3353 γῆν
3248 3286 3343 3337 καὶ
3367 3287 3647 3359 ἄνθρωπον
3684 3290 3773 3343 ἐπ’
3802 3291 3884 3343 αὑ-

692 3364 769 3431 ”οῑ
814 3375 1084 3429 hominem
1132 3390 1293 3444 super
1338 3390 1479 3429 eam.
1528 3374 1635 3446 Ego
1682 3392 1844 3431 manu
1884 3393 2001 3432 mea
2046 3379 2255 3436 ﬁrmavi

709 3470 931 3525 omium.
964 3468 1077 3538 Ego
1119 3467 1368 3523 mandavi
1416 3466 1596 3522 astris.
1636 3466 1748 3536 Ego
1774 3470 1998 3524 excitavi
2026 3486 2169 3536 eum,
2202 3480 2255 3527 et

714 3576 902 3617 omnes
952 3560 1051 3613 via:
1091 3560 1209 3629 ejus
1268 3568 1446 3614 rectae.
1503 3558 1601 3613 Hic
1652 3559 1935 3613 aediﬁcabit
1986 3562 2252 3615 civitatem

713 3666 910 3715 meam,
935 3657 990 3705 et
1018 3650 1377 3718 captivitatem
1410 3663 1607 3711 meam,
1639 3656 1693 3702 et
1720 3647 2079 3716 captivitatem
2104 3650 2256 3703 redu-

712 3749 819 3801 cet,
854 3754 959 3800 non
1006 3755 1131 3793 cum
1171 3738 1365 3807 pretio,
1409 3753 1581 3807 neque
1611 3752 1733 3792 cum
1778 3737 1952 3802 bonis,
1981 3738 2115 3791 dixit
2145 3736 2254 3793 Do.

713 3830 893 3886 minus
924 3828 1177 3883 Sabaoth.
1207 3827 1297 3882 Sic
1327 3828 1462 3881 dixit
1485 3827 1745 3883 Dominus
1772 3827 2003 3882 Sabaoth
2029 3845 2042 3880 :
2075 3827 2252 3883 Labo-

712 3924 851 3976 ravit
882 3920 1162 3991 Egyptus,
1190 3928 1243 3972 et
1264 3925 1562 3973 mercatura
1586 3918 1895 3988 Ethiopum
1918 3930 1971 3975 et
1998 3919 2249 3987 Sabaim;

709 4014 813 4068 viri
846 4011 973 4067 celsi
1008 4011 1064 4063 in
1100 4019 1150 4064 te
1194 4009 1521 4072 transibunt,
1551 4017 1605 4063 et
1650 4008 1747 4061 tibi
1790 4018 1947 4062 erunt
1994 4011 2164 4076 servi;
2199 4020 2252 4066 et

710 4114 831 4172 post
862 4112 913 4158 te
954 4109 1248 4171 sequentur
1278 4100 1424 4169 ligati
1473 4099 1699 4153 vinculis
1730 4114 2006 4167 manuum,
2037 4111 2091 4155 et
2119 4106 2174 4156 in
2201 4112 2251 4157 te

710 4192 1025 4255 adorabunt,
1055 4201 1109 4246 et
1138 4191 1191 4244 in
1219 4200 1271 4246 te
1306 4190 1699 4259 precabuntur;
1733 4190 1984 4259 quoniam
2016 4192 2068 4244 in
2098 4200 2149 4244 te
2169 4201 2252 4247 est

710 4280 873 4344 Deus,
905 4288 957 4334 et
982 4297 1085 4335 non
1115 4291 1199 4336 est
1227 4281 1370 4336 Deus
1398 4291 1588 4351 praeter
1612 4290 1684 4335 te.
1714 4280 1792 4335 Tu
1814 4281 1956 4335 enim
1992 4297 2050 4336 es
2085 4280 2248 4347 Deus,

708 4380 764 4426 et
796 4372 1139 4441 nescivimus;
1165 4372 1302 4425 Deus
1327 4371 1487 4426 lsrael
1528 4371 1771 4426 Salvator
1796 4372 1860 4426 ³⁸.
1957 4370 2013 4425 In
2047 4382 2096 4425 te
2150 4373 2249 4441 igi-

712 4469 822 4525 tur,
847 4459 1045 4528 inquit,
1063 4468 1145 4513 est
1178 4458 1336 4513 Deus.
1376 4477 1395 4509 ι
1426 4458 1485 4511 In
1513 4476 1621 4528 quo
1647 4468 1823 4514 autem
1845 4470 1925 4515 est
1950 4459 2111 4527 Deus,
2140 4463 2246 4516 nisi

2352 3372 2467 3443 τῆς.
2500 3371 2638 3440 Ἐγὼ
2668 3376 2733 3444 τῇ
2764 3372 2900 3444 χειρί
2936 3391 3034 3444 μου
3063 3374 3358 3445 ἐστερέωσα
3387 3376 3476 3429 τὸν
3504 3378 3745 3449 οὐρανόν.
3762 3380 3883 3449 Ἐγὼ

2354 3463 2517 3515 πᾶσιν
2548 3465 2659 3526 τοῖς
2690 3465 2907 3535 ἄστροις
2931 3465 3293 3536 ἐνετειλάμην.
3331 3466 3469 3534 Ἐγὼ
3491 3467 3687 3543 ἤγειρα
3714 3473 3879 3533 αὑτὸν,

2353 3550 2445 3603 καὶ
2473 3551 2639 3604 πᾶσαι
2679 3552 2733 3606 αἰ
2764 3551 2873 3603 ὁδοὶ
2912 3551 3074 3604 αὐτοῦ
3106 3553 3328 3608 εὐθεῖαι.
3353 3550 3516 3618 Οὗτος
3555 3560 3879 3633 οἰκοδομήσει

2351 3638 2447 3708 τὴν
2482 3638 2633 3691 πόλιν
2673 3656 2793 3708 μου,
2832 3642 2924 3693 καὶ
2957 3641 3052 3712 τὴν
3078 3642 3443 3713 αἰχμαλωσίαν
3466 3648 3796 3720 ἐπιστρέψει·
3825 3652 3877 3703 οὐ

2356 3728 2489 3797 μετὰ
2530 3728 2756 3801 λύτρων,
2797 3730 2916 3782 οὐδὲ
2959 3732 3092 3800 μετὰ
3128 3732 3335 3805 δώρων;
3370 3735 3520 3791 εἷπεν
3556 3741 3759 3811 Κύριος
3790 3743 3878 3794 Σαο

2353 3818 2516 3871 ϐαώθ.
2543 3818 2723 3883 Οὕτως
2758 3817 2909 3875 εἶπεν
2941 3822 3139 3893 Κύριος
3165 3825 3405 3881 Σαδαώθο
3454 3831 3765 3885 Ἐκοπίασεν
3794 3832 3876 3884 Δῖ-

2351 3928 2571 3977 γυπτος,
2612 3913 2704 3965 καὶ
2739 3914 2972 3984 ἐμπόρια
3010 3916 3274 3969 Αἰθιόπων
3310 3918 3404 3972 καὶ
3433 3921 3480 3971 οἰ
3509 3921 3766 3992 Σαὸαεὶμ,
3793 3924 3875 3975 άν-

2348 4002 2469 4073 δρες
2497 4002 2688 4072 ὑψηλοὶ
2712 4005 2803 4056 ἐπὶ
2827 4004 2885 4057 σὲ
2913 4005 3270 4075 διαϐήσονται,
3296 4011 3393 4063 καί.
3420 4010 3501 4062 σοὶ
3530 4011 3736 4064 ἔσονται
3769 4013 3875 4066 δοῦ-

2348 4092 2448 4155 λοι,
2479 4094 2570 4146 κοιί¹
2597 4094 2773 4146 ὀπίσω
2800 4112 2889 4145 σου
2934 4095 3377 4167 ἀκολουθήσουσιν
3411 4099 3678 4169 δεδεμένοι
3715 4119 3875 4173 χειρος

2349 4180 2554 4245 πέδαις,
2583 4182 2675 4233 καὶ
2701 4180 2756 4233 ἐν
2784 4182 2865 4236 σοὶ
2887 4187 3331 4255 προσκυνήσουσι,
3360 4188 3451 4239 καὶ
3474 4188 3531 4240 ἐν
3556 4190 3639 4242 σοὶ
3662 4190 3875 4260 προσεύ-

2350 4270 2545 4334 ξονται,
2577 4270 2656 4323 ὅτι
2694 4272 2750 4325 ἐν
2799 4274 2879 4326 σοὶ
2921 4275 2949 4326 ὁ
2988 4274 3117 4338 Θεός
3166 4276 3299 4339 ἐστι,
3340 4277 3431 4328 καὶ
3466 4278 3565 4331 οὐκ
3610 4279 3723 4333 ἐστι
3752 4281 3872 4343 Θεδς

2348 4359 2484 4429 πλὴν
2525 4359 2637 4411 σοῦ.
2667 4360 2737 4413 Σὺ
2770 4362 2876 4433 γὰρ
2909 4358 2958 4417 εἷ
2990 4364 3138 4428 Θεὸς,
3178 4366 3269 4417 καὶ
3297 4365 3394 4418 οὐκ
3429 4366 3671 4436 ᾔδειμεν·
3697 4370 3725 4422 6
3752 4370 3872 4431 Θεὸς

2346 4449 2440 4501 τοῦ
2479 4449 2691 4521 Ἰσραὴλ
2730 4453 2937 4523 Σωτήρ.
3021 4456 3113 4519 Ἐν,
3156 4455 3239 4507 σοὶ
3297 4452 3408 4519 οὖν,
3458 4457 3647 4528 φησὶν,
3685 4461 3713 4511 6
3751 4460 3871 4520 Θεὸς

708 4552 763 4604 in
791 4550 1007 4604 Christo
1036 4548 1184 4613 Jesu,
1218 4547 1393 4601 Verbo
1423 4547 1626 4614 Patris,
1662 4557 1716 4603 et
1746 4550 1998 4620 mysterio
2024 4566 2244 4605 (econo-

2370 4556 2509 4593 στιν.
2549 4557 2567 4589 ι
2612 4539 2697 4592 Ἐν
2724 4541 2828 4594 τίνι
2855 4542 2911 4594 δὲ
2948 4542 2976 4593 6
3002 4542 3274 4608 Θεὸς,ἀλλ’
3308 4543 3340 4613 ἢ
3373 4546 3429 4594 ἐν
3459 4545 3676 4616 Χριστῷ
3710 4544 3867 4616 Ἰησοῦ

709 4644 848 4703 mize,
886 4642 936 4695 id
966 4651 1068 4707 est,
1098 4640 1524 4696 incarnationis?
1562 4638 1637 4695 De
1666 4656 1775 4710 quo
1807 4657 1996 4696 rursus
2023 4642 2243 4709 docens,

705 4744 921 4786 carnem
951 4732 1067 4799 ejus
1096 4733 1359 4803 signiﬁcat
1382 4748 1505 4787 cum
1526 4733 1600 4786 ait
1630 4748 1643 4783 :
1680 4749 1702 4782 ι
1732 4730 1842 4801 Ego
1867 4732 2091 4785 excitavi
2120 4747 2243 4786 eum

702 4839 826 4876 cum
850 4822 1077 4891 justitia,
1106 4833 1159 4877 et
1190 4838 1377 4877 omnes
1416 4822 1516 4877 vim
1559 4822 1676 4891 ejus
1708 4830 1885 4875 rectae.
1922 4839 1941 4872 ›
1969 4818 2107 4884 Quid
2142 4819 2243 4888 igi-

705 4913 829 4967 tur?
856 4913 921 4967 de
958 4927 1065 4981 quo
1099 4921 1321 4965 testatur
1351 4913 1454 4966 hoc
1487 4913 1607 4967 loco
1636 4910 1829 4965 Pater?
1858 4910 1923 4964 de
1950 4908 2084 4963 Filio
2115 4909 2244 4961 dicit

705 5004 859 5058 Pater
901 5020 914 5055 :
957 5022 975 5053 ‹
1016 5002 1127 5072 Ego
1161 5004 1385 5056 excitati
1435 5018 1560 5057 eum
1605 5017 1729 5057 cum
1763 5002 1991 5071 justitia.
2029 5018 2047 5051 ι
2086 4997 2239 5063 Quod

694 5102 883 5148 autem
930 5091 1090 5145 Pater.
1119 5090 1394 5145 suscitavit
1419 5089 1615 5145 Filium
1662 5092 1713 5145 in
1751 5091 1980 5160 justitia,
2013 5096 2241 5143 testatur

706 5180 901 5237 Paulus
950 5182 1246 5251 apostolus,
1301 5196 1423 5234 cum
1466 5184 1541 5236 ait
1575 5196 1589 5233 :
1623 5200 1643 5235 ι
1683 5182 1739 5235 Si
1784 5193 1958 5237 autem
2005 5178 2239 5249 Spiritus

706 5268 795 5335 qui
842 5270 1118 5322 suscitavit
1160 5268 1434 5322 Christum
1481 5268 1662 5324 Jesum
1704 5285 1734 5323 a
1760 5268 2240 5334 mortuis,habitat

657 5363 660 5365 λ
709 5358 762 5409 in
790 5357 965 5421 vobis;
997 5358 1089 5425 qui
1112 5357 1394 5418 suscitavit
1418 5356 1689 5412 Clu-istum
1717 5358 1898 5413 Jesum
1931 5372 1959 5409 a
1987 5356 2236 5420 mortuis,

2346 4629 2423 4700 τῷ
2435 4625 2681 4699 Πατρῴῳ
2706 4631 2883 4700 Λόγῳ,
2916 4632 3015 4683 καί
3033 4630 3107 4701 τῷ
3133 4633 3405 4703 μυστηρίῳ
3424 4633 3520 4703 τῆς
3542 4635 3865 4702 οἰκονομίας;

2348 4722 2483 4791 Περὶ
2514 4717 2575 4773 οὗ
2608 4721 2764 4774 πάλιν
2806 4722 3067 4778 δεικνύων
3098 4722 3156 4774 τὸ
3186 4722 3326 4775 κατὰ
3366 4725 3538 4794 σάρκα
3572 4723 3736 4777 αὑτοῦ
3776 4740 3865 4793 ση-

2349 4814 2543 4884 μαίνει⁶
2579 4830 2596 4863 ι
2639 4812 2775 4879 Ἐγὼ
2804 4813 2995 4883 ήγειρα
3023 4811 3180 4864 αὐτὸν
3220 4814 3355 4882 μετὰ
3390 4809 3763 4884 δικαιοσύνης,
3784 4815 3864 4867 καὶ

2345 4906 2514 4955 πᾶσαι
2563 4904 2619 4954 αἱ
2663 4904 2771 4956 ὁδοὶ
2811 4902 2969 4956 αὑτοῦ
3013 4901 3233 4955 εὐθεῖαι.
3266 4924 3283 4955 ι
3316 4890 3379 4957 Τί
3424 4902 3547 4969 οῦν;
3578 4906 3705 4975 περὶ
3736 4906 3864 4968 τίνος

2344 4994 2605 5063 μαρτυρεῖ
2624 4993 2808 5063 Πατήρ
2832 5008 2845 5056 ;
2881 4989 3006 5058 περί
3028 4989 3120 5045 τοῦ
3142 4991 3269 5045 Υἰοῦ
3295 4993 3480 5065 Πατὴρ
3504 4992 3670 5059 λέγει·
3699 5012 3717 5044 ι
3737 4991 3863 5061 Ἐγὼ

2339 5082 2533 5153 ἤγειρα
2579 5083 2737 5135 αὑτὸν
2782 5080 2918 5151 μετὰ
2964 5080 3318 5154 δικαιοσύνης.
3365 5102 3383 5134 ι
3415 5085 3533 5135 ’Ότι
3587 5082 3645 5135 δὲ
3688 5084 3862 5155 Πατὴρ

2339 5170 2554 5243 ήγειρεν
2598 5172 2755 5225 αὐτοῦ
2804 5172 2895 5224 τὸν
2932 5170 3059 5224 Υἰὸν
3099 5174 3157 5225 ἐν
3198 5170 3529 5242 δικαιοσύνῃ,
3557 5177 3811 5245 μαρτυρεῖ
3838 5176 3863 5226 6

2339 5261 2625 5324 ἀπόστολος
2674 5259 2879 5323 Παῦλος
2921 5259 3118 5329 λέγων·
3150 5279 3168 5313 ι
3200 5262 3263 5313 Εἰ
3302 5260 3359 5311 δὲ
3405 5259 3466 5312 τὸ
3511 5260 3732 5331 Πνεῦμα
3780 5260 3862 5314 τοῦ

2338 5354 2644 5423 ἐγείραντος
2690 5352 2919 5423 Χριστὸν
2951 5354 3151 5427 Ἰησοῦν
3182 5353 3292 5425 (75)
3319 5353 3384 5404 ἐκ
3417 5352 3623 5423 νεκρῶν
3654 5356 3787 5407 οἰκεῖ
3812 5356 3861 5406 ὲν

776 5469 1039 5540 ",Ephes.
1069 5488 1149 5541 ut,
1184 5472 1285 5527 15..
1346 5473 1392 5505 ⁸⁸
1418 5475 1583 5527 ICor.
1614 5488 1728 5541 Vlll,
1757 5474 1809 5529 6.
1886 5474 1927 5504 ³⁷
1956 5472 2199 5537 lsa.xr.v,
2230 5469 2315 5522 Η.
2372 5469 2414 5500 ³³
2439 5467 2569 5523 lbid.
2625 5468 2803 5523 11-15.

703 5579 914 5653 ’πρῶτον
941 5579 1153 5653 εἰπόντα
1185 5579 1274 5634 τὸν
1306 5580 1538 5653 Χριστὸν
1565 5578 1715 5651 ψιλὸν
1745 5584 2039 5653 άνθρωπον.
2077 5582 2234 5653 Οιτηίέ

702 5650 807 5721 que
836 5650 1221 5722 observandum
1244 5690 1259 5715 ,
1287 5650 1432 5719 quod
1470 5651 1549 5720 τῷ
1579 5650 1909 5722 μονοκώλως,
1946 5655 2084 5708 inira
2115 5669 2167 5705 c.
2206 5652 2237 5703 4

701 5717 986 5803 opppititur
998 5717 1315 5803 ὁλοκλήρωςζ

776 5779 883 5859 (74)
922 5779 1288 5859 Οἰκονομὶᾎνζ
1322 5788 1441 5844 Vid.
1474 5779 1526 5844 in
1563 5792 1703 5881 hunc
1749 5791 1920 5845 locum
1960 5791 2097 5846 inira
2139 5789 2235 5843 ad-

2337 5578 2517 5634 notata
2545 5580 2609 5633 ad
2642 5595 2757 5649 cap.
2789 5583 2872 5636 14.

2407 5650 2515 5718 (75)
2554 5650 2799 5715 Ἰησοῦν.
2832 5652 2959 5705 Iesu
3002 5664 3194 5704 nomen
3227 5648 3328 5705 hoc
3352 5648 3473 5704 loco
3509 5650 3713 5706 addunt
3740 5648 3857 5717 Epi-

2338 5720 2487 5772 stola:
2519 5720 2583 5771 ad
2618 5719 2767 5792 item:
2798 5724 3007 5792 codices
3032 5719 3296 5792 quida’m,_
3299 5727 3610 5789 veteresque
3640 5722 3861 5792 scripto-

2317 5782 2443 5853 ‘res,
2475 5798 2525 5841 ut
2554 5804 2581 5841 a
2610 5787 2693 5844 Jo.
2718 5790 2879 5846 Millio
2901 5782 3227 5845 adnotatum.
3258 5786 3474 5843 Fannio.
