4098 6362
737 419 836 477 8H

1388 415 1443 469 s.
1484 414 1840 500 tneroun
1880 416 2025 468 ore.
2068 416 2247 470 rans
2284 416 2347 472 ιι.
2387 447 2455 457 -
2492 416 2794 471 DOGMAT.
2840 417 2922 470 ET
2960 418 3300 474 msromc.
3356 380 3359 383 ’
3812 424 3884 479 ιιι

740 555 899 595 nemo
928 538 1030 602 utsi
1055 538 1200 593 solus
1226 552 1355 607 puer
1380 549 1431 591 et
1451 536 1719 607 perfectus
1743 539 1925 598 homo,
1944 546 1995 590 ct
2019 538 2109 605 qui
2134 537 2268 591 solus

2389 536 2669 608 ἄνθρωπος
2693 536 2833 609 ὁρῶν
2853 538 2942 589 τὸν
2959 537 3111 601 Θεὸν,
3140 539 3281 609 ὸρῶν
3309 537 3365 592 δὲ
3396 540 3485 591 τὸν
3519 540 3649 592 Θεὸν
3671 540 3760 592 οὐδ’
3778 538 3833 605 εἷς
3854 550 3884 596 εἰ

738 640 957 686 enarrat
978 630 1257 685 consilium
1284 627 1476 681 Patris.
1497 629 1582 681 Ait
1604 629 1745 681 enim
1766 626 2001 681 Joannes
2031 646 2043 680 :
2074 646 2091 678 ι
2116 626 2283 682 Deum

737 737 898 777 nemo
931 720 1059 776 vidit
1094 735 1329 789 unquam
1366 738 1378 771 :
1414 720 1719 807 unigenitps
1770 718 1937 772 Filius
1976 719 2067 787 qui
2108 729 2191 773 est
2232 720 2287 772 in

738 815 861 870 sinu
891 813 1084 878 Patris,
1115 814 1229 882 ipse
1266 811 1539 867 enarravit
1579 811 1643 864 ‘°.
1690 828 1707 861 ι
1743 808 1808 862 Ει
1834 825 2026 864 rursus
2061 830 2073 864 :
2112 830 2129 862 ‹
2181 810 2284 876 Qui

738 908 804 962 de
852 907 988 967 céelo
1039 906 1333 971 descendit,
1373 906 1518 974 quod
1566 902 1770 969 audivit
1814 912 1867 957 et
1916 903 2071 968 vidit,
2119 913 2287 957 testa-

736 1008 826 1053 tur
856 997 920 1053 ⁸⁷.
958 1018 976 1050 ι
1017 996 1114 1053 Hie
1151 998 1311 1068 igitur
1340 1006 1440 1061 est,
1468 996 1552 1051 cui
1584 1010 1799 1050 omnem
1832 995 2110 1049 scientiam
2140 995 2286 1049 dedit

736 1088 926 1154 Pater;
956 1089 1045 1157 qui
1078 1088 1133 1142 in
1172 1096 1317 1141 terra
1361 1088 1509 1142 visus
1538 1095 1674 1165 'cst,‘
1700 1094 1755 1141 et
1799 1102 1921 1140 cum
1976 1085 2283 1141 hominibus

736 1187 1083 1233 conversatus
1115 1186 1216 1231 ρει.

800 1345 891 1409 Ἦ.
944 1355 1095 1422 Quod
1146 1368 1321 1409 autem
1369 1355 1499 1409 dicit
1554 1356 1845 1424 Apostolus
1904 1375 1913 1407 :
1967 1377 1983 1406 α
2040 1355 2278 1421 Quorum

733 1458 932 1519 patres,
964 1465 1026 1503 ex
1071 1449 1265 1519 quibus
1292 1447 1541 1503 Christus
1574 1450 1867 1502 secundum
1912 1464 2151 1513 carnem,
2190 1450 2279 1516 qui

732 1550 815 1595 est
858 1556 1017 1609 super
1063 1540 1242 1596 omnia
1276 1538 1415 1593 Deus
1450 1539 1761 1593 benedictus
1808 1541 1871 1593 irr
1908 1541 2099 1593 smeula
2138 1540 2217 1601 ⁸⁸,
2259 1559 2275 1589 ι

732 1630 954 1699 pulchre
1002 1625 1219 1685 enarrat
1264 1636 1315 1681 et
1368 1628 1598 1681 dilucide
1654 1632 1965 1697 mysterium
2014 1630 2280 1683 veritatis.

734 1720 833 1774 Hie
862 1722 952 1789 qui
981 1730 1063 1775 est
1093 1735 1250 1788 super
1284 1720 1486 1783 omnia,
1518 1718 1657 1772 Deus
1688 1731 1767 1774 est
1798 1724 1897 1790 (sic
1942 1723 2083 1776 enim
2121 1723 2279 1775 audet

732 1813 911 1866 dicere
938 1830 949 1864 :
983 1829 1000 1861 ι
1030 1808 1218 1864 Omnia
1245 1808 1377 1862 milri
1400 1808 1589 1862 tradita
1618 1818 1744 1863 sunt
1774 1828 1803 1863 a
1831 1810 1988 1865 Patre
2014 1813 2055 1843 ⁵⁵³
2079 1815 2148 1883 ι),
2174 1812 2275 1878 Qui

2392 629 2463 700 μὴ
2495 630 2650 699 μόνος
2675 625 2703 681 6
2734 632 2859 692 παῖς
2893 630 3001 699 (79)
3035 630 3127 683 acati.
3148 630 3347 692 τέλειος
3378 620 3657 701 ἄνθρωπὸς
3679 632 3759 683 καὶ
3778 634 3885 701 μόνος

2385 717 2774 788 διηγησάμενος
2804 720 2903 789 τὴν
2950 718 3142 789 βουλὴν
3199 719 3291 771 τοῦ
3333 720 3561 789 Πατρός.
3619 721 3766 787 Λέγει
3813 725 3887 793 γὰρ

2388 809 2481 862 καὶ
2525 809 2804 879 Ἰωάννης·
2843 826 2861 860 ι
2899 808 3029 863 Θεὸν
3078 808 3253 871 οὐδεὶς
3280 807 3521 879 ἑώρακεν
3570 809 3793 861 πώποτε·
3822 831 3885 880 μο-

2386 898 2605 969 νογενὴς
2630 898 2754 961 Υἱὸς
2781 901 2807 951 6
2839 898 2913 951 ὣν
2947 901 3026 961 εἰς
3054 898 3144 952 τὸν
3178 898 3375 952 κόλπον
3408 898 3497 951 τοῦ
3532 899 3756 969 Πατρὸς,
3778 901 3888 963 αὐτὸς

2384 976 2693 1060 διηγήσατο.
2724 1005 2741 1039 ι
2764 989 2873 1041 Καὶ
2890 989 3048 1042 πάλιν
3068 1007 3081 1020 ·
3119 1009 3137 1041 ι
3192 990 3247 1043 Ὀ
3293 992 3356 1043 ὲκ
3392 990 3483 1042 τοῦ
3514 990 3740 1063 οὐρανοῦ
3770 1008 3887 1043 κατει-

2382 1080 2501 1143 ϐὰς,
2531 1081 2558 1133 6
2587 1082 2812 1150 ιἤκουσεν
2844 1082 2935 1133 καὶ
2974 1080 3234 1150 ἑώρακεν,
3271 1084 3550 1153 μαρτυρεῖ.
3594 1100 3615 1139 ι
3657 1076 3803 1143 Οὗτος
3826 1080 3887 1134 οὖν

2384 1177 2529 1224 ἐστιν
2555 1168 2598 1238 ᾧ
2626 1174 2803 1225 πᾶσαν
2831 1174 3134 1243 ἐπιστήμην
3172 1172 3359 1243 Πατὴρ
3399 1173 3695 1244 ἔδωκεν,,ὃς
3718 1174 3794 1224 ἐπὶ
3821 1174 3888 1243 γῆς

2383 1262 2563 1333 ὤφθη,
2595 1265 2687 1315 καὶ
2738 1264 2847 1325 τοῖς
2898 1262 3199 1333 ἀνθρώποις
3234 1264 3662 1336 συνανεστρὰιρη.

2461 1358 2524 1408 Ὃ
2553 1356 2605 1407 δὲ
2633 1355 2774 1422 λέγει
2799 1357 2826 1406 6
2852 1356 3194 1417 Ἀπόστολος·
3221 1375 3237 1404 ι
3269 1349 3365 1406 Ὧν
3396 1358 3441 1408 οἱ
3474 1357 3722 1429 πατέρες,
3749 1359 3794 1422 ἐξ
3808 1351 3887 1411 ὧνό

2384 1446 2609 1515 Χριστὸς
2631 1447 2657 1495 6
2674 1442 2812 1496 κατὰ
2829 1446 3022 1514 σάρκα,
3039 1446 3065 1495 ὁ
3084 1444 3156 1496 ὢν
3182 1446 3269 1496 ἐπὶ
3285 1446 3498 1497 πάντων
3516 1445 3643 1508 Θεὸς
3661 1447 3888 1516 εὐλογητὸς

2383 1539 2459 1597 εἰς
2485 1536 2608 1598 τοὺς
2640 1536 2857 1598 αἰῶνας,
2895 1535 3129 1597 »καλῶς
3155 1534 3414 1604 διηγεῖται
3438 1535 3529 1588 καὶ
3563 1536 3797 1608 λαμπρὸν
3816 1539 3886 1607 (80)

2381 1626 2441 1677 τὸ
2467 1628 2562 1697 τῆς
2606 1625 2863 1697 ἀληθείας
2897 1627 3207 1694 μυστήριον.
3244 1622 3407 1688 Οὗτος
3434 1627 3462 1677 6
3494 1625 3565 1678 ὢν
3610 1626 3699 1677 ἐπὶ
3732 1628 3887 1679 ’πάντων

2381 1715 2511 1780 Θεός
2562 1720 2745 1780 ἐστιν,
2805 1716 2948 1783 λέγει
3011 1716 3116 1786 γὰρ
3173 1716 3314 1769 οὑτω
3380 1717 3516 1786 μετὰ
3586 1718 3884 1787 παρρησίας·

2389 1830 2405 1857 ι
2444 1809 2626 1863 Πάντα
2671 1826 2759 1879 μοι
2793 1808 3146 1876 παραδέδοται
3174 1808 3275 1860 ὑπὸ
3321 1808 3411 1859 τοῦ
3442 1808 3671 1878 Πατρός.
3712 1828 3730 1857 ι
3774 1810 3816 1860 Ὀ
3842 1807 3887 1857 ὢν

731 1911 814 1956 est
841 1916 1002 1971 super
1037 1902 1215 1955 omnia
1250 1900 1387 1953 Deus
1431 1901 1765 1965 benedictus,
1814 1904 2025 1969 genitus
2069 1914 2182 1966 est;
2224 1913 2268 1956 cl

2378 1901 2468 1951 ἐπὶ
2511 1901 2725 1952 πάντων
2766 1899 2895 1961 Θεὸς
2942 1899 3226 1966 εὐλογητὸς
3255 1900 3563 1967 γεγένηται,
3598 1898 3691 1949 καὶ
3735 1898 3883 1967 ἇνθριν

730 1994 903 2049 factus
936 1994 1120 2055 homo,
1168 1992 1309 2047 Deus
1339 2006 1420 2046 est
1453 1994 1504 2044 in
1554 1994 1768 2046 sarcula.
1808 1992 1896 2046 Sic
1940 1996 2081 2046 enim
2116 1992 2279 2047 Joan-

731 2099 828 2138 nes
853 2082 963 2136 ait:
1002 2101 1019 2133 ι
1056 2081 1159 2147 Qui
1181 2090 1281 2144 est,
1310 2093 1359 2134 et
1386 2083 1652 2152 quiZerat,
1685 2090 1736 2134 et
1764 2083 1855 2151 qui
1892 2090 2147 2135 venturus
2173 2093 2275 2146 est,

730 2175 872 2230 Deus
897 2175 1234 2242 omnipotens
1267 2175 1332 2227 ⁸ο.
1376 2193 1392 2224 ι
1418 2156 1593 2228 ’Παρία
1623 2174 1833 2227 vocarit
1858 2175 2276 2241 omnipotentem

729 2266 1026 2321 Christum.
1058 2263 1167 2319 Hoc
1214 2265 1356 2318 enim
1403 2266 1557 2327 dixit.
1592 2268 1734 2333 quod
1778 2265 1994 2334 quidem
2028 2266 2274 2320 Christus

729 2353 1035 2407 testabitur.
1069 2350 1332 2405 Tribueus
1374 2353 1517 2406 enim
1559 2355 1925 2407 testimonium
1956 2372 1966 2405 :
2006 2373 2022 2403 ‹
2058 2352 2271 2417 Omnia,

729 2443 923 2511 inquit,
956 2442 1088 2511 mihi
1120 2443 1312 2503 tradita
1352 2436 1534 2497 sunt'a
1574 2442 1732 2495 Patre
1769 2444 1843 2506 5‘;
1886 2463 1902 2492 ι
1953 2454 2004 2497 et
2030 2446 2275 2497 omnium

728 2536 1065 2589 dominatum
1109 2544 1281 2597 tenet;
1322 2536 1663 2603 omnipotens
1694 2551 1723 2587 a
1766 2535 1919 2589 Patre
1952 2537 2275 2590 constitutus

729 2633 812 2677 est
835 2624 1102 2679 Christus.
1149 2624 1263 2677 lmo
1296 2632 1349 2676 et
1390 2622 1589 2676 Paulus
1628 2623 1825 2675 docens
1854 2622 2031 2674 omnia
2063 2624 2110 2675 ei
2152 2626 2274 2677 data

728 2730 866 2777 esse,
920 2715 997 2768 sic
1043 2714 1179 2767 dixit
1212 2732 1227 2766 :
1278 2733 1296 2764 ‹
1333 2712 1589 2766 Primitiae
1628 2710 1906 2775 Christus;
1943 2711 2154 2778 deinde,
2184 2714 2275 2780 qui

728 2811 853 2858 sunt
887 2803 1086 2857 Christi
1130 2804 1183 2857 in
1217 2803 1501 2857 adventum
1546 2802 1696 2869 ejus;
1732 2811 1918 2870 postea
1960 2801 2104 2865 linis,
2153 2818 2275 2855 cum

726 2894 1004 2947 tradiderit
1047 2908 1268 2960 regnum
1318 2892 1424 2947 Deo
1470 2902 1523 2947 et
1567 2892 1746 2957 Patri;
1787 2907 1908 2946 cum
1942 2894 2277 2946 evacuaverit

728 3001 941 3038 omnem
980 2985 1356 3053 principatum,
1398 2991 1452 3037 et
1480 2996 1692 3039 omnem
1729 2990 2045 3051 potestatem
2086 2992 2138 3035 et
2171 2982 2277 3035 vir-

732 3075 918 3128 tutém.
954 3075 1177 3143 Oportet
1220 3076 1359 3129 enim
1410 3074 1583 3141 ipsum
1619 3077 1860 3142 regnare,
1905 3071 2077 3126 donec
2111 3082 2276 3140 ponat

727 3182 919 3220 nnines
962 3167 1209 3221 inimicos
1260 3166 1359 3219 sub
1405 3165 1628 3234 pedibus
1661 3164 1791 3233 ejus.
1827 3162 2131 3219 Novissime
2178 3180 2274 3219 au-

728 3267 832 3311 tem
870 3258 1081 3311 inimica
1117 3258 1422 3311 destruetur
1446 3268 1608 3308 mors.
1641 3253 1831 3310 Omnia
1861 3256 2003 3323 enim
2045 3257 2273 3333 subjecit

726 3349 833 3402 sub‘
864 3348 1085 3417 pedibus
1128 3348 1261 3417 ejus.
1296 3346 1427 3400 Cum
1477 3355 1652 3399 autem
1700 3346 1843 3400 dicat
1873 3366 1888 3402 :
1916 3344 2109 3407 Omnia
2139 3349 2269 3402 sub-

723 3440 863 3509 jecta
898 3448 1024 3495 sunt
1053 3439 1134 3504 ei;
1170 3439 1286 3492 sine
1314 3437 1478 3493 dubio
1527 3446 1719 3504 praeter
1749 3453 1872 3490 eum
1902 3438 1995 3506 qui
2045 3439 2273 3509 subjecit

724 3529 773 3580 ei
818 3528 1017 3581 omnia.
1047 3526 1182 3581 Cum
1216 3536 1391 3581 autem
1419 3526 1665 3597 gubjecta
1714 3524 1914 3581 fuerint
1959 3527 2035 3581 illi
2066 3530 2267 3595 omnia,

724 3624 853 3670 tunc
878 3626 929 3669 ct
960 3618 1073 3685 ipse
1096 3616 1262 3671 Filius
1285 3617 1560 3686 subjectus
1584 3618 1685 3671 erit
1715 3617 1761 3670 ei
1792 3618 1883 3685 qui
1916 3618 2143 3685 subjecit
2169 3622 2268 3674 sibi

726 3707 926 3769 omnia,
954 3717 1013 3760 ut
1045 3708 1115 3762 sit
1136 3706 1277 3761 Deus
1300 3710 1478 3761 omnia
1519 3710 1572 3761 in
1605 3710 1942 3766 omnibus".
1980 3729 1998 3761 ι
2029 3709 2082 3764 Si
2109 3712 2270 3781 igitur

726 3797 907 3847 omnia
948 3797 1183 3864 subjecta
1216 3807 1339 3851 sunt
1372 3799 1420 3851 ei
1451 3809 1638 3866 praater
1669 3815 1790 3854 eum
1824 3800 1915 3870 qui
1948 3801 1999 3855 ei
2041 3803 2268 3870 subjecit

724 3887 925 3945 omnia,
957 3888 1195 3968 omnium
1228 3896 1370 3942 tenet
1401 3890 1769 3955 dominatum;
1801 3892 1975 3958 ipsius
2011 3906 2138 3945 vero
2165 3893 2265 3945 do-

723 3978 983 4030 minatum
1015 3985 1157 4031 tcnet
1185 3977 1337 4031 Pater
1379 3997 1393 4033 :
1444 3991 1500 4032 ut
1535 3981 1588 4033 in
1634 3982 1889 4035 omnibus
1936 3997 2077 4037 unus
2124 3983 2267 4037 Deus

700 4068 1042 4138 reperiatur,
1090 4070 1179 4124 cui
1233 4071 1411 4123 omnia
1459 4072 1696 4141 subjecta
1748 4084 1873 4127 sunt
1916 4074 2088 4128 simul
2141 4077 2264 4128 'cum

720 4161 953 4227 Christo,
986 4161 1074 4216 cui
1098 4160 1277 4215 omnia
1303 4159 1463 4215 Pater
1492 4165 1716 4232 subjecit
1743 4173 1932 4232 praeter
1964 4180 2021 4222 se
2062 4166 2257 4233 ipsum.

721 4248 833 4304 Hoc
863 4253 1003 4306 enim
1036 4252 1285 4307 Christus
1313 4253 1468 4316 dixit,
1499 4252 1638 4309 sicut
1666 4254 2039 4325 in‘Evangelio
2072 4266 2125 4310 et
2156 4256 2263 4310 Pa-

721 4355 857 4399 trem
907 4362 1059 4398 suum
1088 4355 1139 4401 ct
1181 4346 1349 4401 Deum
1381 4344 1662 4401 confessus
1690 4357 1793 4400 est.
1827 4349 1915 4401 Ait
1943 4351 2086 4403 enim
2134 4351 2209 4403 sic
2246 4369 2257 4401 :

724 4456 743 4487 ε
783 4434 933 4488 Vado
976 4436 1039 4488 ad
1084 4436 1293 4491 Patrem
1341 4454 1519 4492 meum
1547 4446 1600 4491 et
1641 4436 1854 4492 Patrem
1900 4448 2175 4504 vestrum;
2211 4448 2264 4491 et

2379 2008 2478 2053 πος
2522 1991 2805 2061 γενόμενος
2849 1990 2979 2051 Θεός
3025 1990 3167 2041 ἐστιν
3200 1992 3277 2053 εἰς
3309 1991 3434 2052 τοὺς
3488 1989 3707 2051 αἰῶνας.
3762 1988 3884 2048 Οὕτως

2376 2082 2482 2151 γὶιρ
2515 2083 2605 2132 καὶ
2649 2083 2896 2150 Ἰωάννης
2922 2077 3070 2132 εἶπεν
3098 2079 3226 2147 (81)’
3255 2100 3271 2130 ι
3328 2082 3383 2133 Ὀ
3411 2080 3484 2133 ὢν
3510 2081 3600 2132 καὶ
3632 2082 3659 2132 6
3680 2076 3770 2149 ἦν.
3794 2080 3887 2130 καὶὸ

2378 2177 2683 2244 ἐρχόμενος,
2729 2175 2756 2224 6
2798 2175 2933 2235 Θεὸς
2972 2175 2998 2224 6
3040 2172 3441 2242 παντοκράτωρ.
3497 2191 3514 2223 ι
3560 2170 3755 2233 Καλῶς
3788 2167 3885 2221 εἶπεν

2376 2258 2781 2335 παντοκράτορα
2823 2265 3067 2335 Χριστόν.
3115 2262 3281 2315 Τοῦτο
3327 2263 3434 2333 γὰρ
3475 2259 3623 2314 εἶπεν
3681 2264 3803 2329 ὅπερ
3824 2261 3883 2311 καὶ

2375 2358 2520 2427 αὺτῷ
2563 2357 2894 2427 μαρτυρήσει
2934 2356 2961 2405 6
3010 2354 3260 2424 Χριστός.
3308 2353 3613 2424 Μαρτυρῶν
3662 2352 3767 2422 γὰρ
3800 2352 3888 2420 Χρι.

2378 2451 2497 2511 στὸς
2547 2448 2679 2517 ἔφη’
2733 2467 2749 2497 ι
2800 2448 2981 2500 Πάντα
3015 2463 3101 2515 μοι
3136 2443 3487 2514 παραδέδοται
3518 2444 3666 2515 παρὰ
3696 2442 3783 2518 τρῦ
3816 2443 3891 2493 [Ια-

2376 2542 2524 2612 τρός·
2569 2560 2586 2592 ι
2626 2543 2717 2592 καὶ
2750 2541 2961 2591 πάντων
2995 2541 3203 2607 κρατεῖ,
3233 2536 3624 2606 παντοκράτωρ
3654 2537 3790 2605 παρὰ
3818 2536 3893 2585 ll;-

2374 2634 2497 2702 τρὸς
2547 2631 2847 2699 κατεστάθη
2893 2629 3142 2699 Χριστός.
3201 2627 3334 2696 Ἤδη
3367 2628 3421 2679 δὲ
3471 2627 3564 2678 καὶ
3602 2626 3795 2686 Παῦλος
3816 2624 3892 2675 δει-

2376 2724 2536 2785 κνὺς,
2580 2724 2659 2774 ὅτι
2712 2721 2887 2773 πάντα
2942 2720 3087 2788 αὑτῷ
3143 2719 3515 2789 παραδέδοται,
3575 2717 3738 2779 οὓτως
3790 2716 3891 2781 ἔφη·

2382 2831 2399 2861 ι
2453 2808 2693 2878 ’Λπαρχὴ
2746 2808 2997 2878 Χριστὸς,
3029 2807 3215 2857 ἔπειτα
3260 2805 3308 2855 οἱ
3358 2802 3449 2855 τοῦ
3497 2803 3729 2871 Χριστοῦ
3774 2805 3821 2852 ὲν
3847 2802 3890 2865 τῇ

2377 2901 2643 2970 παρουσία
2666 2897 2846 2949 αὑτοῦ·
2875 2894 2990 2948 εἶτα
3013 2896 3072 2947 τὸ
3098 2895 3243 2957 τέλος
3263 2896 3387 2945 ὅταν
3421 2891 3692 2961 παραδιδῷ
3722 2892 3811 2961 τὴν
3831 2890 3898 2957 βα-

2379 2990 2576 3042 σιλείαν
2619 2986 2695 3058 τῷ
2888 2987 2983 3039 καὶ
3010 2986 3181 3056 Πατρί
3207 3003 3218 3013 ·
3252 2986 3377 3036 ὅταν
3406 2984 3726 3055 καταργήσῃ
3754 2986 3893 3034 πᾶσιν

2375 3080 2545 3151 ἀρχὴν
2572 3080 2662 3132 καὶ
2692 3081 2869 3131 πᾶσαν
2913 3061 3158 3140 ἐξουσίαν
3183 3076 3274 3129 καὶ
3300 3072 3546 3145 δύναμιν.
3580 3076 3671 3125 Δεῖ
3701 3074 3802 3143 γὰρ
3832 3072 3895 3125 αὖ·

2376 3173 2464 3225 τὸν
2508 3170 2805 3241 βασιλεύειν
2855 3170 3011 3239 ἄχρις
3060 3162 3120 3222 οὗ
3174 3167 3239 3238 Θῇ
3294 3169 3501 3231 πάντας
3548 3170 3673 3231 τοὺς
3714 3163 3897 3235 ἔχθραις

2376 3264 2477 3317 ὑπὸ
2506 3264 2628 3325 τοὺς
2660 3262 2826 3322 πόδας
2856 3259 3039 3312 αὑτοῦ.
3068 3260 3329 3329 Ἔσχατος
3356 3258 3546 3329 ἐχθρὸς
3576 3258 3897 3327 καταργεῖται

2372 3360 2399 3410 6
2432 3356 2672 3416 θάνατος.
2719 3354 2901 3406 Πάντα
2946 3352 3053 3421 γὰρ
3086 3350 3445 3404 ὑποτέτακται
3481 3349 3649 3419 αὑτῷ.
3686 3349 3840 3400 Ὅταν
3861 3344 3898 3393 δὲ

2372 3448 2526 3517 εἴπτγ
2558 3446 2736 3499 Πάντα
2766 3443 3125 3497 ὑποτέτακται
3161 3440 3329 3512 αὑτῷ,
3358 3441 3512 3510 δῆλον
3543 3441 3624 3493 ὅτι
3656 3441 3803 3500 ἐκτὸς
3833 3432 3898 3487 τοῦ

2373 3538 2731 3603 ὑποτάξαντος
2760 3534 2911 3602 αὑτῷ
2940 3534 3006 3585 τὰ
3036 3534 3227 3586 πάντα.
3252 3533 3386 3585 Τότε
3414 3532 3509 3589 καὶ
3544 3532 3702 3594 αὑτὸς
3736 3529 3902 3582 ὑποτα-

2373 3632 2596 3698 γήσεται
2618 3628 2693 3696 τῷ
2721 3624 3041 3687 ὑποτάξαντι
3071 3622 3216 3691 αὑτῷ
3240 3623 3308 3673 τὰ
3343 3622 3534 3687 πάντα,
3573 3618 3711 3691 ἴναῇ
3742 3622 3768 3670 6
3800 3617 3899 3673 Θεὸς

2372 3720 2544 3772 πάντα
2594 3722 2650 3769 ἐν
2697 3717 2879 3767 πᾶσιν.
2931 3733 2947 3763 ι
2983 3714 3045 3764 Εἰ
3088 3708 3177 3764 οὖν
3224 3711 3291 3763 τὰ
3345 3713 3517 3764 πάντα
3570 3710 3899 3762 ὑποτέτακται

2370 3811 2515 3880 αὑτῷ
2547 3811 2700 3871 ἐκτὸς
2728 3806 2817 3858 τοῦ
2848 3805 3229 3868 ὑποτάξαντος,
3279 3802 3733 3869 πάντων’κρατεῖ,
3763 3795 3899 3850 αἱ.τοῦ

2368 3902 2423 3953 δὲ
2454 3902 2480 3951 6
2505 3898 2718 3967 Πατήρν
2749 3897 2831 3947 ἵνα
2859 3896 2913 3945 ὲν
2949 3894 3109 3945 πᾶσιν
3137 3885 3213 3954 εἷς
3239 3891 3368 3952 Θεὸς
3397 3892 3558 3958 φανῇ,
3584 3884 3627 3954 ᾧ
3658 3888 3725 3940 τὰ
3750 3888 3899 3939 πάντα

2368 3988 2725 4042 ὑποτάσσεται
2768 3986 2879 4055 ἅμα
2917 3982 3154 4054 Χριστῷ,
3200 3976 3243 4049 ᾦ
3272 3980 3339 4034 τὰ
3378 3982 3551 4033 πάντα
3582 3979 3765 4048 Πατὴρ
3796 3978 3899 4029 61:5-

2366 4078 2521 4143 ταξεν
2574 4077 2742 4147 παρὲξ
2793 4076 3001 4129 ἑαυτοῦ.
3052 4075 3216 4127 Τοῦτο
3259 4072 3362 4143 γὰρ
3414 4072 3644 4142 Χριστὸς
3692 4071 3811 4138 ἔφη,
3847 4071 3900 4130 «ῖς

2366 4173 2421 4222 ὲν
2457 4170 2532 4238 τῷ
2581 4168 2892 4235 Εὑαγγελίῳ
2926 4168 3017 4219 καί
3053 4167 3271 4237 Πατέρα
3308 4165 3432 4216 [διον
3484 4162 3577 4212 καὶ
3611 4161 3739 4213 Θεὸν
3777 4162 3899 4229 dipt-

2363 4260 2607 4329 λόγησεν.
2661 4258 2819 4323 Λέγει
2870 4256 2977 4326 γὰρ
3027 4255 3232 4318 οὕτως·
3288 4273 3303 4305 ι
3376 4251 3601 4317 Ὑπάγω
3651 4251 3781 4321 7:96.;
3825 4251 3900 4301 τὸν

2365 4352 2580 4420 Πατέρα
2631 4366 2730 4417 μου
2766 4348 2858 4398 καὶ
2895 4346 3109 4415 Πατέρα
3160 4346 3341 4416 ὑμῶν,
3379 4345 3468 4395 καὶ
3513 4344 3655 4417 Θεόν,
3696 4344 3901 4424 gemui.

2363 4439 2497 4490 ΘεΊω
2522 4436 2693 4505 ὑμῶν.
2730 4454 2746 4483 ι
2778 4436 2839 4485 Εἰ
2861 4430 2953 4486 οὖν
2982 4437 3185 4505 Νόητος
3208 4435 3377 4503 τολμᾷ
3406 4435 3579 4499 λέγειν
3605 4436 3761 4487 αὑτὸν
3780 4429 3900 4485 εἶναι

720 4524 887 4579 Deum
916 4539 1092 4577 meum
1122 4535 1174 4578 et
1203 4525 1364 4580 Deum
1396 4536 1633 4582 vestrum
1664 4527 1730 4581 ³³.
1765 4547 1783 4577 ι
1821 4526 1875 4581 Si
1906 4542 2033 4597 ergo
2059 4527 2260 4582 Noetus

2365 4529 2452 4579 τὸν
2486 4527 2721 4596 Πατέρα,
2744 4527 2877 4595 πρὸς
2901 4530 3046 4578 ποῖον
3072 4526 3286 4597 Πατέρα
3314 4528 3425 4595 ἐρεῖ
3454 4526 3773 4594 πορεύεσθαι
3796 4526 3904 4590 Χρι-

717 4620 879 4670 audet
907 4616 1103 4682 dicere,
1129 4619 1297 4683 ipsum
1327 4635 1446 4675 esse
1487 4619 1729 4687 Patrem;
1762 4621 1826 4673 ad
1858 4636 2015 4689 quem
2048 4620 2258 4674 Patrem

786 4762 831 4802 ⁸ο
853 4759 1005 4813 Joau.
1040 4776 1076 4825 ι,
1108 4761 1189 4814 18.
1293 4760 1335 4791 ⁸⁷
1370 4759 1523 4815 Joan.
1554 4778 1631 4823 ιιι,
1661 4764 1745 4827 ll,
1776 4766 1860 4816 13.

710 4831 800 4886 (ΞΠ.
878 4831 920 4861 ⁵³
955 4830 1123 4883 lCor.
1153 4848 1237 4894 xv,
1267 4830 1451 4884 25-28.
1528 4832 1571 4862 "
1600 4832 1756 4885 Joan.
1788 4837 1877 4894 xx,
1915 4836 1999 4887 l7.

711 4949 910 5020 seplius
938 4947 1032 5020 lib.
1064 4947 1262 5020 .dntiq.,
1298 4965 1416 5020 pag.
1443 4950 1530 5015 5'5,
1556 4950 1771 5020 exponit
1804 4950 1889 5003 τὸν
1932 4951 2251 5003 ἀντιστάντα

710 5019 921 5087 ἀγγέλῳ
952 5016 1123 5086 θείῳ),
1156 5016 1209 5088 et
1239 5016 1402 5072 Deum
1437 5038 1447 5071 :
1484 5016 1837 5088 undevMoysc
1880 5022 1992 5086 ipso
2036 5030 2253 5077 auctore

712 5086 904 5157 Cenes.
947 5103 1119 5151 xxxu,
1165 5086 1252 5151 9.3,
1309 5086 1861 5157 interpretanturfalii
1920 5108 1936 5137 ‹
1994 5092 2253 5142 adversus

712 5156 877 5228 Deum
914 5157 1084 5220 fortis,
1130 5172 1150 5205 ι
1192 5157 1370 5228 άρχων
1400 5156 1531 5228 πρὸς
1561 5158 1709 5228 Θεόνο
1751 5158 1821 5228 ita
1873 5157 2249 5228 Symmachus.

678 5222 683 5282 ἕ
712 5226 781 5276 At
808 5220 1129 5295 Eucherius,
1154 5241 1173 5274 ι
1202 5220 1465 5295 Princeps
1502 5244 1621 5281 eum
1645 5224 1793 5279 'Deo.
1842 5245 1859 5276 ι
1892 5220 2079 5295 Kquila
2116 5248 2125 5289 ;
2160 5226 2256 5295 ἄρ’

710 5308 820 5363 χων
852 5294 983 5360 μετὰ
1011 5294 1164 5347 Θεοῦ.
1202 5293 1276 5346 lta
1299 5302 1359 5363 et
1376 5293 1557 5350 Gallus
1586 5298 1861 5349 confessor
1882 5310 1935 5363 p.
1955 5293 2054 5349 ‘18.
2086 5293 2256 5348 Theo-

709 5358 891 5415 (lotio'n
922 5373 972 5415 et
1003 5363 1162 5428 LXX,
1186 5362 1466 5432 ὲνισχύσας
1498 5366 1627 5432 μετὰ
1648 5364 1797 5417 Θεοῦ.
1836 5358 2141 5432 ὃῇιιιιιιιιιριιι
2173 5365 2254 5417 in-

709 5382 891 5415 UOUUH
922 5382 972 5415 Cl
1003 5382 1162 5428 LAA,
1186 5382 1466 5431 ενισχυσας
1498 5382 1627 5432 μετα
1648 5382 1797 5417 UEOU.
1836 5382 1873 5417 ὃ
1914 5382 2141 5419 mmacm
2173 5382 2251 5417 Ill-

709 5433 1143 5502 terpretationem
1168 5430 1743 5502 probat_llieronymus
1774 5436 1826 5487 in
1857 5382 2056 5499 ἅμαξα.
2088 5435 2251 5487 Hebr.

711 5499 855 5553 Idem
888 5500 940 5553 in
976 5500 1075 5553 lsa.
1114 5499 1275 5556 xm:
1320 5520 1337 5553 ι
1372 5499 1603 5569 Proprie
1615 5503 1763 5567 juxta
1799 5503 2049 5559 Hebraaos
2083 5514 2135 5557 et
2163 5506 2251 5557 lit-

712 5581 945 5624 terarum
992 5570 1150 5625 tidem
1199 5570 1690 5634 ιει-ιιθιέὑθύτατος
1740 5573 1896 5635 Θεοῦ,
1948 5586 2115 5627 rectus
2156 5575 2250 5625 Dei

699 5650 781 5720 τις
810 5670 921 5719 ’ταδ’
953 5662 1163 5731 dicitur.
1199 5663 1319 5731 ,νίν
1364 5672 1540 5717 autem
1594 5664 1767 5716 videns
1809 5665 1995 5726 Deum,
2047 5678 2151 5716 non
2197 5666 2249 5717 in

706 5732 1000 5794 elementis,
1031 5730 1123 5785 sed
1146 5732 1197 5783 in
1226 5746 1357 5785 sono
1379 5735 1521 5787 vocis
1546 5744 1643 5787 est.
1664 5752 1689 5782 -ι
1712 5732 1909 5788 Confer
1931 5734 2183 5786 Drusium
2211 5748 2247 5784 ιι

708 5802 1090 5865 Animadvers.,
1124 5817 1172 5855 c.
1212 5801 1311 5867 27;
1353 5801 1671 5857 Frontonem
1716 5800 1967 5855 Ducaaum
2002 5803 2065 5855 ad
2108 5801 2249 5855 Pau-

1935 4763 1979 4795 ⁸⁸⁸
2019 4763 2174 4817 Rom.
2229 4780 2305 4825 ix,
2344 4761 2425 4813 13.

2371 4620 2489 4669 στὸν
2524 4616 2660 4667 κατὰ
2691 4617 2786 4685 τὴν
2814 4617 3167 4685 εὑαγγελικὴν
3207 4618 3382 4685 φωνήν
3408 4632 3421 4678 ;
3453 4618 3514 4667 Εἰ
3558 4618 3613 4669 δὲ
3647 4619 3784 4681 άξιοί
3815 4633 3902 4665 κα·

2506 4761 2546 4790 ⁸³
2578 4758 2724 4811 Matt.
2777 4744 2864 4821 “XI,
2895 4759 2983 4810 ΞΠ.
3063 4759 3105 4786 ⁵ο
3139 4756 3301 4824 Apoc.
3347 4773 3381 4810 ι.
3409 4756 3458 4808 8.
3537 4759 3579 4787 ⁵¹
3614 4757 3797 4809 Matth.
3833 4770 3902 4819 λι,

2358 4948 2452 4999 lini
2488 4948 2641 5015 epist.
2665 4947 2712 5007 l,
2747 4946 3067 5015 C(llClt'l‘illlTl
3120 4952 3156 4993 ι.
3193 4941 3205 4992 Ι
3258 4943 3366 4996 ΡΡ.
3412 4946 3657 5013 aperiat,
3690 4961 3740 5012 p.
3775 4942 3901 5015 576;

2358 5016 2440 5069 ιο.
2462 5014 2708 5069 Dallaeum
2736 5018 2803 5067 De
2821 5014 3270 5083 pscudtfpigraphis
3294 5016 3611 5081 apostolicis,
3643 5031 3762 5082 pag.
3794 5014 3899 5071 l87-;

2362 5087 2743 5140 Comheﬁsium
2779 5081 2839 5135 ad
2871 5084 2925 5135 S.
2963 5081 3248 5152 Μιικιιιιιιιιι
3280 5095 3315 5135 ι.
3345 5085 3357 5135 Ι
3393 5100 3510 5152 pag.
3544 5081 3667 5137 683.
3696 5085 3899 5135 Fiume.

2432 5155 2540 5223 (79)
2610 5155 2671 5208 '0
2724 5154 2877 5216 παῖς.
2939 5170 2957 5199 ‹
3018 5151 3206 5215 Filius,
3252 5171 3269 5202 ι
3322 5164 3375 5206 ιιι
3432 5151 3571 5205 infra
3627 5170 3749 5221 cap.
3806 5152 3903 5198 ἷιι

2366 5223 2448 5277 ll.
2484 5226 2561 5278 lo.
2925 5244 2931 5248 ‘

2432 5315 2538 5383 (80)
2568 5314 2863 5381 Λαμπρόν.
2888 5308 3161 5383 ]ιιιρτβι⁴ρε
3188 5312 3309 5383 legit
3335 5311 3619 5380 λαμπρῶς.
3657 5314 3733 5361 in.
3756 5377 3767 5383 _
3874 5374 3879 5382 _

2431 5376 2539 5452 (81)
2567 5376 2834 5452 Ἰωᾶι·ιής
2855 5376 3037 5430 εἶπεν.
3064 5380 3213 5444 Quod
3237 5376 3466 5433 Joannes
3490 5376 3541 5432 in
3568 5376 3899 5448 Aperui-mu,

2362 5470 2477 5520 cap.
2512 5450 2547 5515 ι,
2582 5454 2654 5504 ait
2691 5470 2703 5502 :
2744 5468 2759 5498 ι
2798 5450 2898 5520 Qui
2932 5456 3111 5520 est,’_iet
3140 5453 3229 5518 qui
3263 5460 3398 5508 erat,
3425 5460 3477 5501 et
3515 5454 3608 5517 qui
3650 5459 3903 5520 venturus

2361 5516 2468 5585 est;
2497 5543 2541 5573 ι»
2590 5520 2786 5575 Paulus
2830 5519 2901 5569 ait
2932 5519 2992 5569 ad
3028 5516 3178 5571 Boni.
3213 5536 3328 5582 cap.
3382 5535 3453 5580 rx,
3496 5516 3567 5571 ὗς
3610 5536 3625 5566 ι
3684 5516 3824 5565 lli-us
3858 5516 3903 5563 in

2362 5593 2574 5645 sreeula.
2631 5610 2646 5639 ι
2692 5587 2911 5652 Propter
2938 5588 3263 5641 divinitatem
3303 5591 3442 5640 enim
3489 5589 3628 5639 Deus
3660 5594 3787 5637 ante
3813 5598 3904 5635 88f-

2358 5664 2498 5723 t'ula,
2528 5672 2579 5712 et
2598 5666 2814 5727 propter
2840 5671 3050 5707 carnem
3084 5657 3222 5727 Deus
3254 5660 3306 5709 in
3334 5658 3526 5708 smcula
3564 5674 3575 5706 :
3611 5664 3663 5705 et
3693 5664 3905 5727 propter

2355 5724 2688 5783 divinitatem
2710 5739 2761 5779 et
2778 5740 3011 5784 carnem,
3031 5726 3120 5792 qui
3144 5738 3243 5786 est.
3266 5736 3317 5777 ct
3338 5728 3429 5790 qui
3449 5734 3648 5781 crat,et
3674 5724 3763 5787 qui
3785 5735 3906 5771 ven-

2355 5808 2509 5854 turus
2537 5806 2637 5867 est,
2666 5795 2804 5863 Deus
2824 5794 3546 5865 ριιιιιιρυιειιβηΕιιικωεωςδ
3578 5794 3902 5845 ἰὐιιιιιιιειτδ.
