4098 6362
2159 332 2163 363 ῐ

654 430 760 491 827

1328 437 1384 492 S.
1425 438 1791 495 IIIPPOLYTI
1825 442 1989 495 OPP:
2012 441 2189 497 PARS

2322 412 2408 516 L—i
2430 441 2731 499 noenu.
2771 443 2859 496 ΕΤ
2901 440 3234 495 HISTORIC.

3764 441 3870 494 8‘23

654 562 799 616 cato,
830 554 1061 609 salvat-et
1090 554 1257 610 Adam
1290 558 1383 626 qui
1415 559 1717 625 ceciderat,
1750 569 1804 614 et
1835 561 2192 616 immortalita.

2315 538 2461 633 «66p
2486 562 2576 614 τὸν
2606 561 2943 623 πεπτωκότα,
2977 561 3068 612 καὶ
3095 558 3395 627 ἀφθαρσίαν
3423 556 3724 628 ἀνθρώποις
3763 575 3871 610 πα-

657 651 765 697 tem
801 645 1109 717 hominibus
1155 647 1437 716 largiretur
1470 649 1535 703 iis
1566 652 1659 719 qui
1690 652 1966 706 crederent
2010 653 2063 705 in
2108 670 2207 707 no-

656 735 811 786 mine
850 750 971 786 suo.
1040 732 1396 792 Inomnibus
1443 738 1605 808 igitur
1647 740 2066 795 demonstratum
2125 754 2211 797 est

656 824 815 879 nobis
848 824 1068 879 verbum
1097 828 1357 891 veritatis,
1382 829 1529 900 quod
1560 846 1703 884 unus
1733 841 1815 886 est
1846 831 2018 897 Pater,
2052 836 2207 902 cujus

656 914 805 968 adest
836 912 1069 970 Verbum
1110 932 1207 986 per
1244 920 1386 988 quod
1419 921 1599 974 omnia
1648 919 1803 985 fecit;
1852 924 1992 991 quod
2030 937 2207 994 postu-

654 1005 890 1059 rioribus
916 998 1267 1075 temporibus,
1318 1009 1459 1063 sicut
1490 1011 1736 1075 superius
1767 1013 2033 1079 diximus,
2062 1016 2208 1068 misit

654 1092 809 1147 Pater
839 1096 906 1149 ad
941 1097 1169 1150 salutem
1207 1100 1507 1153 hominum.
1544 1098 1667 1155 Hoc
1691 1118 1782 1171 per
1806 1104 1977 1171 legem
2005 1116 2056 1157 et
2085 1121 2211 1173 pro-

651 1186 841 1251 phetas
885 1187 1347 1254 pra-dicatumest
1371 1202 1655 1250 venturum
1687 1197 1883 1248 essein
1922 1196 2202 1250 mundum.

650 1277 803 1329 Sicut
846 1292 972 1345 ergo
998 1279 1342 1346 przedicatum
1384 1291 1493 1346 est,
1534 1283 1613 1337 sic
1651 1299 1892 1352 prasens
1940 1302 1999 1340 se
2028 1288 2203 1355 ipsum

648 1366 995 1421 manifestum
1026 1369 1152 1424 fecit
1174 1387 1237 1424 ex
1265 1358 1483 1442 Virgine
1512 1384 1566 1429 et
1594 1375 1793 1445 Spiritu
1821 1388 2008 1431 sancto
2035 1396 2205 1433 novus

647 1456 812 1511 homo
858 1456 1067 1513 factus:
1102 1462 1304 1519 habens
1338 1466 1553 1520 caeleste
1583 1469 1726 1536 quod
1757 1466 2041 1523 Paternum
2069 1482 2201 1533 erat,

646 1556 901 1616 tanquam
926 1548 1159 1605 Verbum
1182 1571 1195 1618 ;
1223 1564 1492 1609 terrenum
1512 1573 1639 1611 vero
1662 1567 1916 1628 tanquam
1941 1578 2005 1614 ex
2030 1571 2205 1617 vetere

592 1662 603 1673 ι
646 1636 854 1703 Adam,
892 1655 986 1707 per
1024 1638 1298 1712 Virginem
1334 1647 1663 1702 incarnatus.
1719 1650 1809 1704 Sic
1857 1652 1911 1704 in
1942 1654 2203 1708 mundum

645 1742 919 1794 egressus,
960 1730 1102 1786 Deus
1127 1745 1447 1803 corporatus
1478 1739 1757 1805 apparuit,
1803 1755 2055 1808 egressus
2082 1759 2205 1811 per-

2315 654 2485 721 ράσχῃ
2513 656 2625 714 τοῖς
2658 650 2999 704 πιστεύουσιν
3028 653 3105 712 είς
3131 650 3190 701 τὸ
3221 650 3389 716 ὄνομα
3418 648 3598 702 αὐτοῦ.
3637 648 3725 699 Ἐν
3766 651 3875 701 πᾶ-

2310 762 2392 795 σιν
2421 739 2510 796 οὖν
2536 743 2901 796 ἀποδέδεικται
2927 744 3056 812 ἡμῖν
3082 742 3175 811 τῆς
3202 738 3455 809 ἀληθείας
3478 738 3652 806 λόγος,
3680 740 3760 791 ὅτι
3787 734 3872 799 εἷς

2308 836 2451 886 ἐστιν
2479 836 2506 885 6
2539 834 2759 902 Πατὴρ,
2794 828 2853 885 o6
2879 834 3106 903 πάρεστι
3140 830 3335 897 Λόγος,
3377 829 3442 880 δι’
3486 825 3546 882 o6
3591 828 3661 880 τὰ
3694 827 3873 880 πάντα

2306 922 2557 991 ἐποίησεν
2577 937 2590 950 ⁸
2623 919 2681 972 ὃν
2715 908 2958 988 ὑστέροις
2992 921 3231 988 καιροῖς,
3262 917 3439 979 καθὼς
3471 917 3703 985 εἴπαμεν
3730 918 3864 969 ἀνω-

2263 1003 2269 1008 ’
2306 1014 2466 1082 τέρω,
2488 1010 2799 1063 ἀπέστειλεν
2825 1012 2852 1063 ὁ
2879 1012 3065 1079 Πατὴρ
3088 1010 3221 1079 πρὸς
3248 1009 3515 1079 σωτηρίαν
3544 1006 3867 1075 ἀνθρώπων.

2308 1100 2471 1164 Οὗτος
2501 1102 2587 1153 διὰ
2613 1102 2774 1170 νόμου
2805 1102 2895 1153 καὶ
2929 1098 3218 1170 προφητῶν
3252 1098 3522 1168 ἐκηρύχθη
3563 1098 3876 1167 παρεσόμε-

2306 1212 2394 1257 νος
2442 1197 2520 1257 εἰς
2564 1192 2653 1245 τὸν
2687 1193 2904 1261 κόσμον.
2942 1190 3075 1243 Καθ’
3117 1190 3173 1241 ὃν
3200 1185 3291 1241 οὖν
3320 1190 3516 1259 τρόπον
3557 1187 3869 1257 ἐκηρύχθη,

2308 1285 2446 1337 κατά
2475 1283 2661 1336 τοῦτον
2692 1285 2783 1336 καὶ
2818 1281 3006 1352 παρὼν
3042 1280 3380 1351 ἐφανέρωσεν
3406 1278 3595 1332 ἑαυτὸν
3635 1282 3701 1331 έκ
3732 1279 3884 1347 Παρά

2307 1376 2456 1427 θένου
2497 1374 2587 1427 καὶ
2630 1375 2784 1442 ἁγίου
2813 1374 3158 1443 Πνεύματος,
3190 1372 3372 1433 καινὸς
3404 1371 3688 1443 ἄνθρωπος
3720 1370 3859 1439 γενό-

2309 1483 2467 1536 μενος
2487 1484 2498 1495 ·
2526 1468 2584 1519 τὸ
2618 1467 2714 1535 μὲν
2742 1466 2984 1535 οὐράνιον
3012 1465 3148 1533 ἔχων
3180 1464 3239 1515 τὸ
3267 1463 3521 1533 Πατρῷον
3554 1464 3630 1525 ὡς
3662 1465 3835 1530 Λόγος
3853 1503 3867 1524 ,

2296 1557 2365 1608 τὸ
2411 1558 2467 1609 δὲ
2514 1558 2749 1624 ἐπίγειον
2789 1557 2862 1618 ώς
2896 1556 2959 1607 ὲκ
3005 1556 3230 1607 παλαιοῦ
3268 1555 3436 1625 Ἀδὰμ
3468 1555 3555 1607 διά
3588 1556 3869 1625 Παρθένου

2308 1648 2687 1718 σαρκούμενος.
2735 1642 2901 1710 Οὗτος
2944 1647 3215 1715 προελθὼν
3261 1650 3341 1709 είς
3381 1648 3580 1717 κόσμον
3626 1646 3760 1708 Θεὸς
3807 1648 3868 1696 ἐν

2308 1739 2515 1807 σώματι
2545 1738 2878 1809 ἐφανερώθη,
2914 1738 3195 1808 ἄνθρωπος
3222 1738 3424 1801 τέλειος
3457 1737 3759 1807 προελθών.
3789 1737 3869 1791 Οὖ

645 1815 819 1874 fectus
846 1819 1031 1899 homo.
1067 1820 1184 1876 Non
1214 1825 1357 1878 enim
1392 1841 1485 1893 per
1517 1827 1785 1883 fictionem
1818 1839 1913 1884 aut
1947 1834 2192 1888 mutatio-

2304 1827 2410 1896 γὰρ
2428 1823 2563 1900 κατά
2585 1826 2881 1895 φαντασίαν
2908 1825 2941 1895 ἢ
2972 1823 3192 1896 τροπὴν,
3215 1825 3328 1879 ἀλλ’
3344 1824 3555 1895 ἀληθῶς
3575 1824 3869 1915 γενόμενος

644 1924 769 1962 nem
790 1949 807 1975 ,
835 1912 929 1965 sed
961 1927 1087 1968 vere
1116 1912 1291 1969 factus
1323 1926 1408 1970 est
1438 1916 1623 1972 homo.

715 1998 899 2056 XVIII.
942 2002 1033 2058 Sic
1079 2004 1240 2075 igitur
1284 2006 1521 2062 humana
1552 2024 1655 2063 sua
1707 2027 1814 2067 non
1848 2020 2063 2068 recusat
2105 2014 2199 2083 qui

629 2091 1121 2167 ‘demonstrahatur
1162 2112 1283 2153 esse
1323 2090 1484 2164 Deus,
1518 2115 1643 2155 cum
1673 2105 1848 2159 esurit
1874 2112 1928 2159 et
1968 2106 2195 2173 laborat,

640 2192 697 2236 et
728 2183 1052 2257 defatigatus
1082 2188 1225 2252 sitit;
1259 2205 1381 2244 cum
1418 2190 1717 2249 formidans
1747 2194 1916 2265 fugit,
1946 2203 1999 2250 et
2032 2212 2197 2253 orans

638 2275 891 2329 tristatur
914 2316 930 2341 ,
972 2286 1027 2331 et
1067 2293 1230 2346 super
1260 2280 1535 2347 pulvinum
1565 2284 1792 2345 dormit,
1826 2288 1918 2356 qui
1947 2296 2193 2341 naturam

644 2364 806 2419 habet
844 2365 1146 2438 insomnem
1180 2377 1247 2421 ut
1280 2368 1418 2425 Deus
1446 2390 1458 2424 :
1485 2387 1605 2425 cum
1656 2375 1877 2429 calicem
1933 2380 2196 2446 passionis

638 2452 874 2521 refugit,
903 2454 995 2523 qui
1038 2465 1255 2524 propter
1301 2458 1403 2511 hoc
1448 2459 1501 2513 in
1555 2464 1813 2516 mundum
1856 2464 2190 2520 advenerat:

638 2556 764 2595 cum
810 2543 864 2596 in
896 2545 1162 2600 anxietate
1194 2548 1353 2602 sudat
1377 2550 1522 2604 etab
1546 2552 1736 2621 angelo
1764 2553 2069 2622 roboratur,
2102 2556 2194 2625 qui

638 2648 735 2685 eos
766 2634 857 2702 qui
886 2635 937 2687 in
964 2651 1022 2690 se
1048 2638 1275 2693 credunt
1304 2640 1622 2705 roborat,et
1653 2656 1813 2709 opere
1840 2644 2025 2699 docuit
2049 2661 2195 2699 mor-

637 2732 747 2775 tem
782 2735 1159 2795 contemnere;
1203 2743 1327 2784 cum
1355 2747 1383 2784 a
1408 2731 1545 2786 Iuda
1575 2735 1837 2801 proditur,
1873 2734 1963 2804 qui
1990 2750 2189 2804 cogno‘

640 2814 823 2868 serbat
854 2814 1045 2870 ludam
1078 2820 1201 2888 quis
1230 2830 1409 2888 esset;
1456 2831 1510 2877 et
1537 2839 1565 2876 a
1592 2824 1792 2894 Caipha
1817 2826 2189 2893 inhonoratur,

637 2905 730 2972 qui
764 2908 969 2961 eratab
999 2924 1061 2961 eo
1092 2912 1396 2966 sacerdotio
1427 2913 1680 2983 fungente
1728 2918 1886 2985 paulo
1914 2929 2037 2972 ante
2074 2929 2193 2971 tan-

638 3012 802 3063 quam
840 2996 980 3051 Deus
1034 3000 1361 3070 honoratus;
1400 3020 1522 3058 cum
1558 3006 1625 3060 ab
1659 3005 1866 3079 Herode
1899 3010 2189 3078 spernitur.

639 3092 733 3157 qui
780 3100 945 3146 totam
979 3102 1177 3146 terram
1215 3094 1556 3161 iudicaturus
1590 3107 1703 3165 est;
1734 3110 1787 3152 et
1822 3102 2130 3156 verberatur
2160 3121 2187 3155 a

642 3180 849 3241 Pilato,
906 3182 951 3234 is
986 3183 1077 3249 qui
1129 3183 1465 3238 inlirmitates
1512 3198 1724 3243 nostras
1766 3192 2028 3259 suscepit;
2078 3202 2129 3247 et
2160 3210 2187 3244 a

2229 1900 2276 1957 Β
2302 1917 2396 1971 ἀνθ
2406 1934 2602 1988 ρωπος,

2366 2008 2550 2071 Οὖτως
2580 2004 2671 2061 οὖν
2702 2010 2794 2059 καὶ
2827 2008 2894 2060 τά
2934 2007 3242 2079 ἀνθρώπινα
3275 1998 3465 2061 ἑαυτοῦ
3498 2007 3597 2059 οὐκ
3633 2005 3867 2057 ἀπαναίο

2296 2115 2443 2151 νεται
2462 2098 2863 2168 ἐνδεικνύμενος
2878 2098 3008 2161 Θεὸς
3028 2098 3122 2160 ὣν,
3137 2100 3225 2151 ὅτε
3250 2101 3409 2170 πεινᾷ
3430 2100 3523 2151 καῖ
3542 2100 3713 2168 κοπιᾷ
3727 2097 3859 2168 (I6),

2296 2190 2391 2243 καὶ
2428 2190 2647 2260 κάμνων
2696 2189 2847 2262 διψᾷ·
2882 2187 2975 2242 καὶ
3007 2189 3223 2243 δειλιών
3248 2190 3465 2259 φεύγει,
3501 2189 3597 2242 καὶ
3629 2204 3858 2258 προσευ-

2296 2281 2517 2351 χόμενος
2550 2281 2828 2344 λυπεῖται,
2858 2281 2950 2333 καὶ
2979 2280 3069 2333 ἐπὶ
3096 2279 3526 2350 προσκεφάλαιον
3571 2278 3855 2340 καθεύδει,

2296 2371 2324 2421 6
2346 2369 2545 2422 ἄϋπνον
2572 2369 2709 2439 ἔχων
2737 2368 2833 2439 τὴν
2857 2369 3013 2437 φύσιν
3036 2367 3111 2431 ὼς
3142 2368 3271 2430 Θεός
3290 2386 3302 2397 ·
3333 2370 3426 2421 καὶ
3464 2368 3728 2439 ποτηρίου
3762 2367 3860 2420 πό-

2296 2459 2385 2522 θος
2407 2462 2773 2529 παραιτεῖται,
2800 2462 2827 2512 6
2848 2459 2934 2512 διά
2962 2459 3116 2511 τοῦτο
3148 2456 3534 2528 παραγεγονὼς
3558 2460 3615 2510 ὲν
3645 2458 3858 2528 κόσμῳ

2295 2549 2387 2602 καὶ
2418 2550 2665 2617 ἀγωνιῶν
2698 2550 2849 2621 ἱδροῖ,
2875 2551 2967 2602 καὶ
2991 2551 3079 2602 ὑπ’
3109 2548 3338 2618 ἀγγέλου
3368 2549 3757 2619 ὲνδυναμοῦται
3777 2586 3793 2609 ,
3829 2548 3864 2601 6

2294 2639 2597 2710 ὲνδυναμῶν
2626 2642 2748 2703 τοὺς
2781 2643 2859 2704 εἰς
2894 2640 3051 2693 αὐτὸν
3081 2641 3427 2703 πιστεύοντας
3446 2680 3460 2703 ,
3495 2642 3589 2693 καὶ
3621 2640 3861 2694 θανάτου

2295 2736 2648 2803 καταφρονεῖν
2673 2732 2818 2804 ἔργῳ
2839 2731 3053 2797 διδάξας
3072 2749 3083 2760 ·
3108 2733 3200 2783 καὶ
3231 2732 3334 2783 ὑπὸ
3372 2731 3539 2783 Ἰούδα
3565 2728 3858 2800 παραδίδο-

2293 2838 2402 2884 ται,
2431 2823 2458 2873 ὁ
2491 2821 2768 2889 γινώσκων
2797 2823 2887 2874 τὸν
2933 2821 3128 2873 Ἰούδαν
3151 2821 3233 2882 τίς
3259 2822 3401 2871 ὲστιν
3420 2836 3433 2848 ·
3461 2819 3557 2872 καὶ⁵
3593 2816 3863 2885 ἀτιμάζε-

2292 2914 2377 2964 ταὶ
2405 2914 2505 2965 ὑπὸ
2533 2915 2774 2981 Καῖάφα,
2793 2916 2822 2965 6
2852 2914 3111 2983 πρότερον
3135 2912 3226 2963 ὑπ’
3249 2910 3408 2963 αὑτοῦ
3443 2909 3856 2981 ἱερατευόμενος

2291 3004 2364 3067 ώς
2396 3000 2526 3066 Θεός
2548 3004 2655 3075 (17)
2680 3022 2693 3035 ·
2720 3006 2815 3056 καὶ
2848 3004 2951 3055 ὑπὸ
2988 3002 3221 3073 Ἡρώδου
3248 3001 3602 3067 ὲξουθενεῖται
3619 3040 3636 3063 ,
3669 3002 3697 3053 6
3724 3000 3857 3069 μέλ-

2293 3097 2395 3148 λων
2429 3100 2602 3165 κρίναι
2634 3097 2810 3148 πᾶσαν
2844 3095 2941 3162 τὴν
2974 3094 3076 3163 γῆν
3098 3108 3109 3123 ’
3142 3094 3232 3145 καὶ
3268 3090 3579 3163 μαστίζεται
3618 3090 3723 3142 ὑπὸ
3753 3090 3857 3141 II:-

2294 3184 2475 3246 λάτου,
2504 3185 2532 3235 ὁ
2557 3184 2653 3246 τάς
2688 3183 2965 3241 ἀσθενείας
3000 3182 3154 3252 ἡμῶν
3187 3182 3600 3252 ἀναδεξάμενος²
3631 3180 3724 3234 καὶ
3745 3180 3855 3232 ὑπὸ

640 3272 903 3326 militibus
933 3272 1175 3327 illuditur
1216 3275 1294 3341 is,
1323 3275 1408 3329 cui
1434 3287 1611 3331 astant
1640 3280 1805 3334 millia
1838 3258 2062 3337 millium
2088 3325 2102 3349 ,
2136 3295 2188 3338 et

2295 3275 2633 3345 στρατιωτῶν
2667 3274 2939 3338 παίζεται,
2967 3268 3010 3341 ᾧ
3032 3276 3429 3345 παρεστήκουσι
3450 3275 3644 3343 ’χίλιαι
3672 3273 3851 3343 χιλιά-

640 3364 819 3418 decies
842 3376 1064 3421 centena
1093 3368 1255 3421 millia
1290 3370 1602 3437 angelorum
1630 3382 1686 3427 et
1712 3377 2148 3446 arclaangelorum
2170 3396 2199 3455 ;_‘

637 3465 691 3507 et
720 3471 747 3507 a
780 3453 977 3514 Iudaeis
1021 3459 1075 3511 in
1103 3458 1248 3528 ligno
1272 3458 1473 3529 ﬁgitur,
1506 3462 1596 3529 qui
1626 3472 1880 3531 tanquam
1920 3483 2184 3521 cameram

638 3546 833 3599 caelum
869 3548 1013 3611 ﬁxit;
1062 3559 1115 3603 et
1145 3548 1387 3605 clamans
1415 3551 1481 3604 ad
1517 3549 1727 3604 Patrem
1764 3553 2005 3620 spiritum
2040 3574 2186 3610 com-

638 3639 888 3702 meudat,
934 3641 1025 3708 qui
1057 3651 1139 3695 est
1173 3656 1203 3694 a
1235 3640 1393 3697 Patre
1426 3644 1830 3711 inseparabilis;
1860 3654 1911 3697 et
1935 3648 2187 3704 inclinato

637 3729 811 3795 capite
838 3730 1109 3798 exspirat,
1139 3732 1234 3800 qui
1277 3732 1410 3786 dixit
1438 3751 1451 3787 :
1484 3752 1503 3784 ι
1532 3733 1855 3789 Potestatem
1890 3736 2062 3790 habeo
2088 3755 2185 3806 po-

638 3819 800 3872 nendi
843 3820 1078 3873 animam
1128 3838 1335 3888 meam,
1368 3835 1420 3878 et
1451 3834 1767 3894 potestatem
1795 3828 1967 3882 habeo
1994 3828 2185 3883 iterum

638 3907 887 3961 sumendi
912 3925 1029 3962 eam
1056 3912 1120 3966 ⁷⁸.
1154 3930 1171 3960 ι
1210 3912 1361 3979 Quod
1394 3925 1571 3971 autem
1600 3934 1704 3971 non
1734 3918 2115 3972 dominabatur
2140 3922 2184 3974 ei

638 4011 790 4049 mors
819 3998 912 4065 qui
957 3999 1065 4052 vita
1096 4010 1247 4068 erat,
1306 4006 1572 4073 siguilicat
1602 4024 1723 4062 cum
1752 4010 1887 4063 dixit
1916 4026 1927 4060 :
1966 4029 1983 4061 (
2015 4010 2124 4080 Ego
2159 4027 2187 4065 a

638 4090 727 4143 me
764 4090 880 4157 ipso
915 4107 1054 4160 pono
1080 4095 1277 4148 eam”.
1311 4090 1333 4146 ι’
1369 4096 1432 4150 Ει
1460 4099 1599 4153 latus
1631 4102 1814 4155 lancea
1848 4102 2084 4170 aperitur
2116 4102 2185 4165 ei,

636 4181 731 4251 qui
758 4183 918 4235 vitam
952 4186 1201 4241 omnibus
1234 4189 1501 4259 largitur;
1523 4203 1576 4244 et
1606 4193 1771 4247 linteo
1804 4196 2095 4257 involutus,
2133 4196 2186 4249 in

636 4284 990 4327 monumento
1022 4278 1255 4344 ponitur,
1275 4283 1364 4350 qui
1402 4278 1926 4352 mortuossuscitat;
1958 4298 2010 4341 et
2033 4290 2185 4341 tertia

636 4365 726 4418 die
769 4380 796 4417 a
834 4363 990 4420 Patre
1021 4370 1317 4440 excitatur,
1351 4376 1446 4443 qui
1491 4385 1574 4429 est
1619 4377 1733 4445 ipse
1779 4382 2102 4435 resurrectio
2136 4391 2188 4435 et

638 4459 767 4511 vita.
820 4456 943 4513 llam
978 4462 1125 4514 enim
1186 4468 1367 4519 omnia
1420 4469 1578 4523 nobis
1630 4480 1879 4539 operatus
1934 4483 2041 4538 est,
2097 4474 2186 4542 qui

2287 3366 2373 3429 δες
2422 3368 2513 3419 καὶ
2539 3365 2724 3437 μυρίαι
2754 3366 3007 3436 μυριάδες
3034 3366 3277 3435 ἀγγέλων
3319 3366 3412 3417 καὶ
3454 3365 3805 3435 ἀρχαγγέλων
3827 3380 3841 3393 ο

2288 3457 2381 3510 καὶ
2414 3458 2512 3509 ὑπὸ
2549 3456 2809 3509 Ἰουδαίων
2839 3457 2976 3528 ξύλῳ
3023 3460 3426 3527 προσπήγνυται
3451 3496 3465 3519 ,
3494 3459 3521 3508 6
3554 3457 3728 3525 πήξας
3768 3456 3848 3519 ὡς

2288 3552 2542 3621 καμάραν
2566 3550 2655 3601 τὸν
2688 3549 2909 3620 οὐρανόν
2932 3565 2945 3577 ·
2982 3549 3076 3600 καὶ
3104 3548 3237 3615 πρὸς
3263 3548 3477 3616 Πατέρα
3501 3546 3633 3615 βοῶν
3667 3565 3847 3617 παρα-

2286 3639 2490 3695 τίθεται
2531 3640 2593 3692 τὸ
2635 3638 2852 3708 πνεῦμα
2878 3677 2892 3701 ,
2935 3637 2964 3688 ὁ
3007 3636 3306 3708 ἀχώριστος
3343 3637 3436 3690 τοῦ
3468 3637 3679 3708 Πατρός
3702 3655 3715 3666 ’
3749 3638 3847 3690 καὶ

2287 3732 2481 3784 κλίνων
2515 3729 2783 3799 κεφαλὴν,
2815 3730 3026 3793 έκπνεῖ,
3059 3731 3087 3781 6
3133 3729 3321 3793 εῐπαςο
3360 3729 3691 3793 ‹,Ἐξουσίαν
3731 3728 3844 3797 ἔχω

2288 3822 2455 3875 θεῖναι
2476 3820 2573 3891 τὴν
2596 3820 2770 3889 ψυχήν
2806 3835 2926 3888 μου,
2957 3820 3049 3872 καὶ
3074 3819 3316 3883 ἐξουσίαν
3347 3821 3452 3889 ἔχω
3475 3821 3633 3872 πάλιν
3657 3818 3843 3871 λαϐεῖν

2288 3908 2473 3983 αὔτὴν.
2504 3930 2521 3962 ι
2572 3913 2693 3962 ’Ότι
2739 3910 2795 3963 δὲ
2841 3912 2937 3963 οὐκ
2983 3912 3289 3982 ὲκυριεύετο
3332 3911 3433 3963 ὑπὸ
3471 3911 3733 3973 θανάτου,
3762 3909 3845 3970 ὡς

2288 4005 2430 4076 ζωὴ,
2466 4001 2644 4056 εἶπενο
2689 4022 2707 4055 ι
2753 4005 2891 4073 Ἐγὼ
2934 4007 3024 4057 ἀπ’
3053 4002 3285 4073 ἐμαυτοῦ
3335 4002 3523 4071 τίθημι
3572 4001 3777 4071 αὑτήνο
3816 4019 3839 4052 ι

2289 4099 2380 4151 καὶ¹
2412 4097 2644 4168 πλευρὰν
2675 4096 2840 4169 λόγχῃ
2870 4098 3142 4159 νύσσεται,
3164 4096 3191 4145 6
3218 4096 3311 4163 τὴν
3335 4094 3475 4162 ζωὴν
3505 4092 3665 4144 πᾶσιν
3688 4109 3845 4163 χαρι-

2289 4187 2534 4257 ζόμενοςθ
2583 4190 2670 4240 καὶ
2708 4189 2897 4241 σίνὸονι
2939 4187 3279 4255 ἑλισσόμενος
3311 4186 3367 4235 ὲν
3406 4185 3650 4253 μνημείῳ
3688 4184 3839 4235 τίθε-

2288 4297 2407 4344 ται,
2455 4282 2481 4331 6
2532 4281 2653 4341 τοὺς
2692 4282 2916 4352 νεκροὺς
2962 4280 3214 4349 ἐγείρωνο
3260 4276 3349 4328 καὶ
3394 4276 3689 4346 τριήμερος
3732 4276 3843 4330 ὑπὸ

2289 4373 2497 4441 Πατρὸς
2525 4373 2833 4434 ἀνίσταται,
2864 4371 3022 4433 αὐτὸς
3043 4370 3116 4422 ὢν
3147 4372 3179 4436 ἠ
3214 4370 3501 4430 ἀνάστασις
3526 4370 3618 4420 καὶ
3702 4368 3838 4440 ζωή.

2288 4463 2467 4515 Ταῦτα
2494 4462 2596 4533 γὰρ
2630 4464 2801 4515 πάντα
2828 4466 2955 4533 ἡμῖν
2986 4458 3360 4529 κατώρθωσεν,
3395 4460 3450 4521 ὃς
3472 4460 3537 4510 δι’
3565 4463 3711 4530 ἡμᾶς
3742 4462 3840 4527 γέ-

637 4557 855 4619 propter
886 4566 986 4605 uos
1012 4551 1183 4607 factus
1206 4564 1286 4609 est
1317 4558 1456 4612 sicut
1501 4576 1628 4627 nos;
1669 4581 1687 4613 ι
1718 4557 1830 4631 ipse
1860 4564 2000 4615 enim
2038 4563 2187 4616 inﬁr-

2294 4572 2441 4623 γονεν
2478 4554 2594 4605 καθ’
2639 4556 2801 4623 ἡμᾶς.
2854 4572 2870 4603 ι
2896 4552 3063 4612 Αὐτὸς
3094 4551 3200 4619 γὰρ
3242 4550 3338 4611 τὰς
3368 4550 3645 4613 ἀσθενείας
3682 4552 3841 4621 ἡμῶν

638 4642 853 4693 unitates
883 4640 1094 4696 nostras
1128 4647 1381 4714 suscepit,
1414 4657 1468 4702 et
1497 4650 1782 4719 languores
1814 4662 2027 4705 nostros
2061 4668 2184 4721 por-

639 4730 852 4796 tavit,»
902 4742 954 4787 et
987 4749 1083 4803 pro
1119 4736 1273 4789 nobis
1304 4737 1475 4802 dolet,
1510 4742 1648 4794 sicut
1697 4744 1830 4797 dixit
1864 4743 2028 4797 Isaias
2061 4760 2185 4812 pro-

638 4822 796 4891 pheta
813 4824 877 4877 ⁸⁸.
910 4824 991 4879 Ab
1023 4828 1223 4897 angelis
1258 4829 1529 4893 laudatus,
1566 4846 1594 4882 a
1628 4836 1931 4898 pastoribus
1962 4836 2130 4898 visus,
2156 4851 2181 4886 a

641 4910 891 4968 Simeone
935 4928 1308 4987 exspectatus,
1340 4920 1408 4972 ab
1443 4919 1595 4971 Anua
1630 4929 1883 4986 testatus,
1938 4941 1968 4978 a
2011 4926 2184 4993 magis

638 5004 929 5072 quiesitus,
977 5010 1045 5062 ab
1093 5004 1243 5064 stella
1289 5010 1655 5081 signiﬁcatus,
1703 5011 1755 5062 in
1807 5012 1965 5067 domo
2010 5013 2183 5069 Patris

640 5105 910 5163 versatus,
958 5116 985 5153 a
1013 5098 1218 5157 Joanne
1248 5104 1416 5174 digito
1445 5114 1733 5168 ostensus;
1780 5104 1865 5156 cui
1908 5104 2062 5158 Pater
2093 5121 2181 5159 su-

711 5220 926 5298 "Joan.
960 5243 1127 5309 x,18.
1201 5243 1401 5301 "Ibid.
1478 5251 1519 5279 '"
1552 5233 1653 5301 Isa.
1690 5262 1808 5312 Lm,
1838 5246 1890 5301 4.

718 5415 823 5483 (I6)
849 5420 973 5475 Ὅτε
1002 5426 1173 5493 πεινᾷ
1200 5430 1293 5481 καί
1323 5428 1500 5496 κοπιᾷ
1524 5475 1537 5494 ,
1569 5450 1622 5485 κ.
1657 5450 1705 5485 τ.
1739 5431 1785 5482 λ.
1823 5429 1952 5496 Qua“:
1981 5430 2066 5483 hic
2098 5447 2182 5487 se-

643 5499 916 5567 quuntur,
966 5498 1025 5567 ad
1056 5502 1271 5567 verbum
1318 5500 1425 5553 fere
1463 5506 1788 5555 Conveniunt
1815 5516 1936 5554 cum
1974 5500 2035 5553 iis
2066 5518 2183 5567 quae

642 5572 704 5606 ex
744 5556 1101 5631 S.-Hippolyti
1146 5566 1397 5621 Memoria
1421 5572 1698 5625 hwresium
1729 5574 1909 5626 laudat
1947 5568 2003 5622 S.
2030 5556 2184 5623 Gela-

645 5643 757 5704 ξιιμ
790 5624 861 5677 De
898 5624 1098 5704 duobus
1132 5642 1330 5691 naturis
1356 5642 1409 5691 in
1445 5642 1685 5704 Christo,
1717 5624 1845 5696 tofm.
1888 5639 1999 5695 Vlll
2042 5640 2181 5694 Bibl.

643 5694 1044 5773 Putritmhcdit.
1076 5702 1241 5769 Lugd.
1272 5724 1391 5773 pag.
1424 5710 1545 5763 70L
1577 5694 1791 5765 Fannio.

715 5766 822 5835 (εἴ)
877 5766 1432 5844 Ἰερατεινόλιενὸς
1458 5781 1613 5845 Θεός.
1675 5800 1691 5834 t
1725 5782 1999 5853 Tanquam
2041 5779 2181 5836 Detis

2290 4644 2567 4705 ἀνεδέξατο
2623 4645 2712 4697 καὶ
2755 4642 2851 4705 τὰς
2913 4642 3096 4699 νόσους
3145 4638 3469 4701 ἐϐάστασεν,
3498 4659 3515 4689 ι
3572 4640 3661 4691 καὶ
3711 4642 3841 4707 περὶ

2291 4737 2441 4807 ἡμῶν
2468 4720 2701 4787 ὠδυνᾶτο
2721 4776 2733 4799 ,
2762 4733 2939 4793 καθὼς
2965 4727 3112 4783 εἶπεν
3155 4731 3375 4793 Ἡσαΐας
3409 4732 3436 4782 6
3469 4732 3776 4802 προφήτης·
3810 4736 3840 4784 6

2292 4832 2379 4882 ὑπ’
2411 4829 2649 4896 ἀγγέλων
2679 4826 3005 4896 ὑμνούμενος
3035 4822 3125 4873 καὶ
3164 4822 3265 4873 ὑπὸ
3295 4824 3561 4893 ποιμένων
3602 4824 3830 4893 θεωρού-

2296 4940 2450 4992 μενος
2471 4964 2483 4983 ,
2529 4923 2619 4974 καὶ
2652 4920 2753 4971 ὑπὸ
2778 4915 3054 4984 Συμεῶνος
3091 4915 3526 4985 προσδοκώμενος
3552 4956 3564 4979 ,
3607 4917 3697 4967 καὶ
3732 4916 3842 4966 ὑπὸ

2297 5017 2459 5065 "Aw:
2515 5008 2962 5081 μαρτυρούμενος.
3000 5001 3163 5067 Οὗτος
3196 5003 3262 5076 ἦν
3304 5009 3334 5069 6
3366 5006 3691 5077 ζητούμενος
3732 5008 3842 5059 ὑπὸ

2294 5108 2511 5176 μάγων,
2555 5105 2646 5153 καὶ
2694 5098 3077 5167 σημαινόμενος
3126 5098 3217 5151 ὑπ’
3261 5097 3520 5166 ἀστέρος·
3569 5098 3598 5148 ὁ
3643 5100 3735 5152 καὶ
3777 5100 3840 5149 ὲν

2288 5432 2602 5488 honoratus.
2633 5449 2651 5480 ›
2699 5430 2831 5496 Quia
2876 5450 2997 5489 cum
3031 5428 3455 5497 esset'pontifex
3490 5429 3613 5483 anni
3653 5429 3798 5480 illius
3828 5466 3842 5485 ,

2289 5504 2622 5571 prophetavit
2652 5499 2881 5569 Caiphas
2908 5504 3061 5557 Joan.
3092 5520 3167 5560 ιι.
3199 5500 3288 5561 51,
3319 5499 3408 5561 52,
3459 5522 3476 5549 ι
3506 5500 3646 5567 quod
3677 5497 3838 5549 Iesus

2290 5576 2580 5641 moriturus
2604 5582 2717 5641 erat
2744 5589 2837 5638 pro
2865 5584 3017 5641 gente
3035 5613 3048 5635 ,
3077 5582 3129 5625 et
3162 5588 3265 5623 non
3292 5580 3495 5641 tantum
3522 5586 3625 5635 pro
3655 5576 3834 5641 gente,

2290 5644 2377 5694 sed
2412 5650 2467 5691 ut
2506 5639 2641 5691 ﬁlios
2693 5640 2783 5714 Dei
2811 5639 3084 5714 quierant
3122 5640 3348 5708 dispersi
3397 5644 3745 5714 congregaret
3779 5639 3837 5684 in

2290 5726 2454 5761 unum
2475 5726 2537 5780 ;__i
2570 5711 2711 5780 quod
2732 5701 2945 5778 quidem
2976 5713 3150 5767 facere
3175 5701 3279 5764 non
3304 5701 3532 5780 poterat,
3554 5706 3657 5758 ιιὶδί
3691 5701 3853 5757 Dem.

2289 5788 2448 5834 esset.
2484 5778 2578 5833 Fa.
2612 5778 2869 5835 Tonans.
3154 5801 3161 5806 π
