4098 6362
222 415 305 468 8H

613 539 690 595 Ex
719 520 942 598 editione
972 544 1370 600 Sirmoudiaua.

283 626 342 679 ll.
391 625 634 699 Utraque
657 632 768 703 (40)
791 619 1079 690 ostendens
1114 652 1275 704 super
1306 653 1424 707 qua:
1455 624 1761 709 dupliciter,

220 716 384 771 divine
421 721 633 775 scilicet
665 731 730 775 et~
747 724 999 792 humane,
1035 737 1314 794 operatum
1342 730 1760 783 est‘secundum

219 807 447 862 eamdem
497 826 618 888 qua:
652 814 931 867 veraciter.
957 830 1079 870 vera
1122 826 1204 870 est
1245 826 1300 871 et
1330 820 1595 886 naturalis
1626 820 1758 874 sub:
1799 850 1807 857 -

218 898 423 962 stantia,
454 899 622 955 Deum
661 901 983 961 immensum
1017 907 1178 961 simul
1209 917 1262 962 et
1290 909 1757 979 circumscriptum

217 991 476 1045 hominem
527 997 870 1050 exsistentem
921 1008 975 1052 et
1019 1001 1363 1067 intellectum,
1400 1003 1756 1057 substantiam

215 1082 486 1151 utriusque
511 1084 742 1153 perfecte
767 1087 1058 1157 perfectam
1088 1092 1372 1145 habentem
1406 1108 1528 1147 cum
1559 1109 1756 1163 Opera-

215 1169 344 1226 tione
379 1190 516 1239 sua,
565 1177 616 1230 id
652 1186 743 1232 est”
766 1181 997 1234 naturali
1036 1184 1378 1260 proprietate.
1425 1184 1494 1238 Et
1536 1203 1755 1245 rursus:

209 1262 315 1318 Non
342 1266 486 1318 enim
521 1268 630 1334 (41)
663 1268 800 1324 facta
829 1280 913 1326 est
954 1281 1144 1327 natura
1180 1274 1355 1330 deitas
1388 1285 1752 1336 transmutata

209 1364 384 1408 natura
438 1373 590 1425 caro,
649 1359 787 1415 faeta
841 1373 1034 1417 natura
1084 1365 1380 1423 divinitatis
1424 1384 1551 1424 caro
1603 1387 1615 1422 :
1659 1374 1753 1426 sed

207 1446 337 1514 quod
371 1458 490 1501 erat
521 1452 680 1505 etiam
711 1453 897 1509 deitati
941 1467 1188 1527 coaptata
1230 1463 1433 1517 mansit
1473 1479 1620 1530 caro,
1670 1466 1753 1519 in-

206 1536 347 1591 firma
389 1550 444 1593 et
489 1545 761 1623 paSsibilis
805 1556 1082 1618 naturaet
1111 1555 1456 1620 operatione,
1511 1559 1752 1613 sicutait

210 1628 443 1706 Salvator
472 1648 484 1684 :
517 1653 534 1684 t
565 1633 794 1703 Spiritus
822 1640 1039 1706 quidem
1074 1654 1376 1714 promptus,
1407 1663 1534 1702 caro
1566 1661 1745 1704 autem

206 1721 406 1775 inﬁrma
428 1723 496 1776 ⁸⁵.
528 1743 546 1773 ι
586 1725 655 1778 Ει
677 1719 864 1781 iteru'm
888 1722 1030 1786 :Per
1058 1750 1217 1803 quam
1253 1736 1366 1806 (42)
1411 1752 1664 1807 operatus
1693 1751 1747 1796 et

202 1814 400 1879 patiens
438 1832 562 1885 quae
603 1829 759 1873 erant
796 1823 976 1893 carnis
1027 1827 1415 1912 sineopeceato,
1458 1826 1745 1898 pronobis
1779 1875 1786 1912 ἦ

1228 425 1500 481 CONTRA
1541 406 1861 481 BERONEM
1900 428 1985 482 er
2025 429 2432 487 nmmum.

3317 438 3428 492 Si?

2185 550 2265 605 Eat
2298 551 2523 606 editione
2558 555 2938 624 Combeﬁsiana
2972 554 3103 622 (49).

1931 639 1992 692 ll.
2039 638 2278 710 Utraque
2307 645 2594 708 ostendens
2626 660 2704 711 se,
2732 659 2798 699 eo
2825 645 2967 714 quod
2999 645 3283 715 dupliciter
3315 648 3417 717 (di-
3472 660 3475 661 '

1860 730 1985 784 vine
2023 732 2231 786 scilicet
2268 741 2323 786 et
2366 735 2940 806 humaneloperatum
2966 743 3082 803 est,
3125 739 3417 812 secandum

1858 820 2104 885 eamdem
2147 837 2269 890 quae
2301 825 2561 879 veraciter
2590 841 2717 880 vera
2746 837 2800 880 et
2828 817 3091 882 naturalis
3117 829 3419 883 substantia

1861 921 1964 976 est,
2000 913 2168 967 Deum
2203 909 2526 976 immensum
2555 917 2736 984 simul,
2762 929 2816 973 et
2836 918 3302 988 circumscriptum
3328 937 3421 974 ex-

1858 999 2050 1052 sistere
2097 1013 2160 1054 ae
2207 1001 2432 1072 intelligi
2477 1003 2793 1071 hominem;
2858 1007 3137 1077 utriusque
3183 994 3419 1077 perfecte

1856 1086 2148 1156 perfectam
2179 1093 2472 1146 essentiam
2506 1093 2951 1160 habentem,cum
2979 1097 3122 1152 illius
3154 1101 3418 1167 operatio-

1858 1191 1956 1240 ne,
2006 1179 2058 1232 id
2090 1191 2203 1244 est,
2258 1183 2492 1236 naturali
2531 1184 2878 1253 proprietate.
2943 1185 3008 1240 Et
3039 1205 3220 1242 rursus
3249 1205 3268 1242 :
3298 1190 3416 1245 Non

1853 1267 1998 1319 enim
2028 1283 2157 1323 caro
2193 1269 2336 1325 facta
2366 1265 2449 1327 est
2477 1281 2671 1328 natura
2699 1275 2891 1343 deitas,
2918 1280 3175 1355 translata
3199 1290 3414 1345 natura,

1853 1353 1994 1410 facta
2023 1359 2279 1415 videlicet
2305 1363 2602 1418 secundum
2636 1375 2890 1420 naturam
2920 1353 3220 1426 divinitatis
3245 1387 3372 1427 caro
3397 1391 3412 1439 ;

1853 1446 1946 1500 sed
1973 1449 2119 1516 quod
2141 1458 2276 1514 erat,
2297 1451 2476 1506 etiam
2517 1453 2699 1506 deitati
2725 1457 2940 1525 'coapta,
2978 1460 3198 1525 mansit,
3229 1459 3279 1514 id
3309 1471 3411 1527 est,

1852 1553 1979 1593 caro
2005 1540 2217 1595 intirma
2250 1553 2302 1596 et
2326 1545 2598 1613 passibilis
2629 1531 2822 1602 natura
2856 1557 2908 1602 et
2925 1549 3256 1618 operatione,
3273 1553 3414 1607 sicut

1850 1620 1929 1698 ait.
1977 1628 2224 1686 Salvator
2263 1653 2274 1687 :
2336 1653 2354 1684 ι
2399 1636 2629 1704 Spiritus
2695 1639 2910 1708 quidem
2960 1652 3274 1710 promptus,
3315 1660 3412 1698 ca-

1851 1715 1917 1773 ro
1958 1730 2138 1776 autem
2187 1725 2421 1780 inﬁrma.
2461 1746 2479 1777 ›
2539 1727 2606 1780 Et
2641 1746 2822 1784 rursus
2856 1746 2875 1782 :
2917 1730 3032 1796 Qua
3076 1745 3329 1801 operatus
3358 1744 3412 1788 et

1849 1828 2061 1880 passus,
2085 1830 2207 1884 rpite
2227 1827 2386 1872 erant
2415 1820 2596 1874 carnis
2628 1821 2695 1874 ab
2717 1821 2865 1875 omni
2885 1833 3105 1891 peccato
3127 1824 3412 1891 immunis,

199 1902 446 1959 indicavit
481 1908 900 1966 exinanitionem
937 1893 1189 1982 demus:
1217 1893 1494 1975 miraculi;
1541 1932 1594 1976 et
1627 1940 1746 1978 επ,
1779 1893 1820 1948 Β
1850 1901 2150 1962 divinitatis
2197 1923 2294 1976 pro
2349 1910 2508 1965 nobis
2552 1912 2972 1968 exinanitionem
3028 1917 3305 1972 miraculis
3355 1925 3411 1973 et

200 1992 277 2048 nis
302 1997 648 2064 passionibus
675 1995 992 2059 natm-aliter
1025 2009 1354 2064 roboratam.
1412 2012 1480 2065 Et
1518 2015 1746 2070 iterum:

196 2082 513 2154 Mysterium.
547 2078 657 2160 (85)
703 2093 894 2148 divinae
956 2097 1342 2156 incarnationis
1386 2107 1647 2172 apostolis
1695 2117 1748 2161 et

194 2177 461 2244 prophetis
492 2189 653 2249 atque
689 2183 1001 2242 doctoribus
1034 2191 1250 2258 duplam
1281 2202 1334 2246 et
1362 2194 1627 2249 diversam
1658 2197 1748 2250 ha-

193 2267 309 2319 bere
357 2268 697 2338 dignoscitur
734 2259 1032 2332 naturalem
1069 2280 1120 2354 in
1159 2283 1410 2338 omnibus
1457 2287 1741 2350 theoriatn,

194 2356 522 2414 indiminutte
547 2360 762 2419 deitatis'
791 2369 1078 2434 exsistens,
1113 2381 1164 2424 et
1203 2374 1370 2440 plena:
1409 2376 1742 2432 demonstra-

192 2447 347 2501 tivum
383 2449 759 2510 humanitatis.
819 2457 886 2509 Et
914 2461 1103 2514 iterum
1135 2477 1152 2513 :
1184 2463 1390 2528 Quibus
1419 2467 1532 2535 (44)
1563 2470 1742 2523 divine

189 2537 379 2603 pariter
407 2550 466 2594 et
494 2541 729 2597 humane
753 2560 1003 2615 operatus
1033 2560 1149 2616 est,
1184 2554 1566 2620 perfectionem
1589 2599 1602 2622 ,
1648 2575 1742 2628 per

188 2641 392 2683 omnem
429 2634 713 2703 utriusque
743 2638 1029 2704 rationem,
1053 2642 1153 2695 sibi
1187 2646 1505 2700 naturaliter
1527 2648 1740 2704 incom-

188 2721 495 2777 mutabilem
553 2726 785 2791 salvans.
829 2727 897 2780 Et
941 2731 1128 2783 iterum
1158 2749 1176 2785 :
1218 2733 1302 2787 Nil
1347 2737 1588 2793 divinum
1626 2741 1739 2811 (45)

186 2811 379 2864 nudum
427 2829 658 2883 corpore
682 2829 963 2886 operatus,
999 2823 1087 2892 'nil
1122 2823 1417 2881 humanum
1453 2831 1592 2886 idem
1625 2834 1740 2904 ipse

185 2897 446 2965 privatum
468 2903 746 2960 divinitate
767 2924 988 2983 gerens:
1025 2927 1247 2967 servans
1272 2918 1487 2972 sibimet
1517 2923 1736 2976 modum

183 2989 473 3058 secundum
503 3004 790 3065 utrumque
817 2997 1202 3055 immutabilem
1223 3044 1237 3066 ,
1291 3020 1386 3072 per
1410 3023 1574 3075 quem
1606 3025 1737 3078 0pc-

181 3087 327 3132 ratus
357 3091 442 3135 est
486 3095 715 3153 utraque
741 3087 952 3142 decenti
984 3106 1153 3156 more,
1197 3094 1260 3147 ad
1295 3099 1733 3163 approbationem

1847 1996 2030 2051 carnis
2053 1998 2401 2065 passionibns
2429 2002 2744 2056 naturaliter
2771 2003 3141 2060 conﬁrmatam
3163 2045 3177 2070 ,
3212 2007 3421 2075 proba-'

1846 2086 1942 2138 vit.
1998 2086 2081 2158 Et.
2127 2090 2361 2142 iterum:
2396 2089 2708 2160 Mysterium
2756 2094 2951 2149 divina:
2996 2096 3402 2166 incarnationis,

1850 2177 2110 2242 apostolis
2141 2188 2192 2232 et
2221 2181 2497 2248 prophetis
2524 2191 2685 2252 atque
2717 2183 3060 2251 doctoribus,
3097 2187 3311 2256 duplam
3342 2205 3405 2244 ac

1846 2266 2113 2320 diversam
2149 2269 2201 2321 in
2227 2256 2480 2326 omnibus
2507 2272 2708 2327 habere
2729 2279 3059 2345 compertum
3083 2287 3405 2333 estnatura—

1843 2357 1945 2411 lem
1983 2361 2466 2418 considerationem
2489 2382 2503 2430 ;
2540 2355 2662 2419 cum
2686 2366 2934 2436 perfectae
2961 2369 3196 2435 deitatis,
3217 2381 3269 2424 et
3288 2371 3402 2440 ple-

1842 2461 1926 2501 nae
1960 2449 2067 2501 vim
2100 2450 2292 2506 habeat
2322 2455 2664 2510 ostendenda:
2691 2457 3063 2514 humanitatis.
3087 2460 3154 2513 Et
3179 2462 3403 2516 iterum:

1841 2538 2048 2606 Quibus
2073 2539 2254 2595 divine
2284 2539 2487 2612 pariter
2509 2554 2563 2599 et
2592 2547 2830 2602 humane
2863 2560 3116 2617 operatus
3141 2561 3241 2616 est,
3276 2569 3399 2623 per-
3473 2629 3476 2632 ν

1843 2629 1981 2686 fccte
2024 2641 2252 2702 utroque
2285 2635 2367 2688 sui
2402 2637 2664 2689 rationem
2707 2647 2896 2692 natura
2935 2656 3155 2695 servans
3190 2643 3400 2698 incom-
3430 2679 3434 2684 ~

1841 2722 2179 2775 mutabilem.
2233 2719 2303 2776 Et
2335 2726 2523 2777 iterum
2546 2741 2564 2778 :
2597 2715 3013 2782 Nihildivinum
3045 2733 3246 2786 nudqu
3277 2749 3401 2788 cor-

1839 2827 1971 2880 pore
2016 2822 2304 2882 operatus,
2363 2816 2497 2878 nihil
2535 2817 2831 2872 hnmanum
2871 2820 3008 2874 idem
3057 2823 3168 2890 ipse
3207 2841 3398 2894 gerens

1839 2903 1982 2970 quod
2006 2918 2202 2972 expers
2237 2915 2381 2959 esset
2406 2907 2620 2962 deitatis
2656 2927 2668 2961 :
2702 2925 2807 2977 qua
2845 2912 2959 2976 ipsa
2989 2928 3123 2966 nova
3159 2915 3396 2970 decenti—

1836 3007 1942 3060 que
1969 2994 2175 3048 ratione
2210 3003 2438 3064 utraque
2467 3001 2719 3066 operatus
2744 3008 2845 3059 est,
2874 3001 3156 3070 utriusque
3189 3004 3395 3059 ratione

1838 3083 2135 3138 immunem
2165 3099 2228 3140 se
2255 3103 2281 3138 a
2315 3089 2610 3141 mutatione
2639 3103 2881 3153 servans,
2917 3093 2981 3145 ad
3015 3093 3261 3161 perfectae
3283 3112 3393 3151 sua:

179 3167 422 3236 perfecta:
454 3186 517 3226 ac
549 3189 685 3228 verte
716 3177 957 3247 nihilque
982 3180 1229 3236 habentis
1261 3187 1539 3251 pravitatis
1572 3189 1733 3241 inhu-

1839 3172 2264 3240 humanationis,
2298 3191 2415 3244 quae
2442 3177 2600 3243 plane
2624 3193 2747 3231 vera
2771 3181 2860 3244 sit,
2886 3182 3127 3254 nihilque
3159 3198 3252 3242 aut
3277 3191 3393 3247 vitii
3442 3225 3452 3230 -

176 3263 501 3316 manationis
531 3278 663 3317 suae.

239 3349 328 3405 ΙΙΙ.
353 3353 450 3406 'De
476 3355 556 3408 Itis
579 3372 692 3409 vero
710 3399 726 3423 ,
761 3359 850 3427 qui
876 3376 1034 3414 uuam
1080 3365 1292 3419 deitatis
1315 3377 1364 3421 et
1389 3369 1730 3425 humanitatis

169 3441 278 3508 ejus
324 3446 718 3512 operationem,
765 3459 814 3502 et
857 3465 1104 3507 naturam
1143 3473 1302 3509 uuam
1344 3459 1726 3528 dogmatizaut,

169 3533 296 3586 dicit
323 3550 341 3585 :
366 3533 485 3588 Non
515 3539 658 3591 enim
693 3531 803 3611 (46)
839 3543 1306 3616 circumscribitur
1337 3546 1540 3604 factitia
1572 3562 1731 3607 natu-

171 3638 223 3676 ra
253 3625 305 3678 id
335 3627 484 3694 quod
515 3643 611 3696 per
639 3640 886 3686 naturam
936 3635 1138 3690 factum
1169 3626 1270 3693 non
1303 3650 1404 3704 est,
1447 3643 1572 3696 licet
1602 3660 1730 3699 eoo-

166 3714 337 3769 riatur
371 3720 423 3771 ei
459 3735 552 3788 per
584 3725 1016 3795 conceptionem,
1037 3744 1249 3784 omnem
1275 3733 1726 3789 circumscriben-

163 3812 266 3859 tem
309 3811 534 3864 sensum
570 3830 582 3865 :
619 3828 717 3868 nec
741 3816 901 3869 etiam
936 3816 988 3870 in
1016 3821 1203 3873 eodem
1244 3821 1360 3889 ipso
1390 3823 1492 3876 sibi
1533 3835 1722 3880 natura

162 3897 406 3953 differtur
452 3903 742 3971 aliquando
797 3915 854 3960 et
905 3910 1167 3962 naturalis
1220 3913 1500 3978 operatio,
1552 3913 1724 3970 donec

162 3992 457 4057 utrumque
503 3993 641 4045 intra
676 3997 948 4063 propriam
980 4005 1160 4050 manet
1204 4001 1499 4053 naturalem
1531 4002 1718 4057 incon-

159 4077 588 4134 versibilitatem.
630 4080 697 4134 Et
723 4085 846 4136 item
872 4102 889 4137 :
909 4085 1352 4142 Counaturalium
1382 4091 1492 4160 (47)
1522 4094 1721 4163 quippe

160 4172 368 4220 tantum
417 4179 504 4224 est
538 4173 723 4227 eadem
772 4176 888 4243 ipsa
917 4176 1148 4244 operans
1174 4189 1383 4245 motus,
1429 4186 1717 4241 essentiam

157 4254 428 4323 iudicans,
479 4261 638 4329 cujus
684 4265 986 4318 naturalem
1017 4280 1248 4328 .consmt
1287 4289 1406 4327 esse
1440 4276 1712 4343 virtutem,

153 4345 374 4402 alterius
425 4360 635 4405 natura:
683 4354 1009 4421 proprietate
1055 4349 1368 4418 Substantim
1416 4370 1711 4423 secundum

155 4437 355 4490 nullam
393 4440 660 4494 rationem
691 4456 813 4496 esse
839 4444 923 4497 vel
950 4446 1063 4500 fieri
1095 4449 1214 4505 sine
1257 4457 1728 4514 conversihilitate.

1837 3273 1934 3318 aut
1958 3267 2094 3320 labis
2127 3268 2395 3333 admittat,
2424 3268 2578 3322 ﬁdem
2608 3274 2971 3328 astruendam.

1906 3355 1995 3408 lii.
2036 3355 2112 3408 Dc
2133 3356 2374 3422 [15515670,
2411 3360 2512 3428 qui
2533 3377 2692 3414 unam
2721 3363 2932 3417 deitatis
2965 3374 3014 3418 et
3044 3366 3388 3440 humanitatis

1832 3447 1946 3514 ejus
1975 3451 2346 3516 operationem,
2400 3463 2447 3505 et
2495 3466 2741 3510 naturam
2782 3457 3161 3527 dogmatizaut,
3211 3465 3385 3520 dicit:

1831 3535 1949 3590 Non
1976 3538 2120 3592 enim
2151 3541 2521 3595 circumscribi
2573 3553 2760 3596 natura
2806 3545 2980 3614 genita
3009 3564 3384 3620 comparatum

1829 3635 1949 3699 est.
2010 3629 2152 3698 quod
2207 3632 2502 3685 secundum
2538 3643 2783 3689 naturam
2830 3637 3123 3706 ingenitum
3157 3652 3272 3711 est,
3304 3639 3379 3700 ta-

1831 3716 1987 3770 metsi
2016 3719 2064 3772 ei
2089 3721 2309 3782 coaluit,
2336 3737 2429 3789 per
2450 3725 3017 3796 conceptionem,qua:
3040 3733 3144 3785 vim
3168 3749 3380 3799 omnem

1827 3813 2025 3862 mentis
2069 3809 2492 3875 circumscribit;
2548 3804 2739 3868 ac'nec
2769 3833 3003 3887 unquam
3048 3822 3103 3894 in
3137 3828 3378 3890 eamdem

1827 3907 2079 3954 naturam
2123 3901 2536 3969 naturalemque
2581 3905 2832 3960 virtutem
2877 3924 2974 3963 seu
3013 3915 3386 3987 operationem-

1823 3999 2122 4058 vertantur,
2157 3991 2328 4045 donec
2354 4003 2643 4065 utrumque
2674 3997 2815 4053 intra
2854 3997 3376 4070 propriam‘natura-

1825 4079 1927 4133 lem
1970 4079 2531 4138 inconvertibilitatem
2578 4097 2778 4142 manet.
2839 4090 2908 4141 Et
2944 4092 3066 4143 item
3107 4106 3128 4142 .’
3172 4089 3372 4149 Eurum

1820 4171 1964 4222 enim
1991 4170 2284 4239 duntaxat,
2331 4190 2454 4243 quae
2477 4177 2718 4244 ejusdem
2753 4189 2955 4233 natura:
2982 4193 3138 4247 sunt,
3194 4197 3374 4243 motus

1818 4260 2056 4327 ejusdem
2091 4262 2302 4318 virtutis
2330 4280 2394 4318 ac
2417 4266 2665 4322 efﬁcaciae
2693 4276 2804 4330 est,
2834 4271 3189 4328 substantiam
3222 4277 3371 4331 desi-

1817 4367 2013 4420 gnans,
2063 4355 2219 4423 cujus
2244 4365 2326 4410 est
2355 4361 2616 4414 naturalis
2638 4361 2839 4427 virtus;
2894 4379 3018 4417 cum
3070 4368 3368 4426 substantia

1813 4441 2040 4496 diversa:
2072 4455 2263 4498 natura
2293 4448 2638 4516 proprietatis
2664 4450 2806 4506 nulla
2831 4454 3042 4510 ratione
3057 4472 3174 4511 esse
3199 4443 3380 4527 posSit.

151 4526 383 4582 valente.
460 4528 593 4582 Item
622 4546 642 4583 .°
674 4531 750 4586 Ea
797 4536 1125 4609 quippe-(48)
1147 4580 1160 4605 ,
1210 4559 1330 4612 qua:
1364 4558 1551 4601 mutuo
1582 4561 1706 4602 sunt

1833 4537 1904 4581 iut
1937 4530 2051 4584 fieri
2076 4574 2090 4594 ,
2136 4536 2341 4604 absque
2388 4537 2850 4594 convertibilitate.
2891 4542 3066 4598 Item:
3095 4546 3167 4600 Ea
3199 4526 3364 4614 enim,

149 4619 534 4687 cooperantia,
583 4629 637 4675 et
653 4623 848 4677 eadem
893 4631 1203 4696 Operautia,
1239 4643 1291 4686 et
1316 4635 1554 4702 ejusdem
1594 4638 1705 4690 ori-

149 4707 314 4774 ginis;
352 4709 599 4778 profecto
641 4720 696 4766 et
735 4719 1130 4785 compassibilia
1159 4731 1364 4776 natura:
1400 4741 1504 4778 non
1530 4729 1699 4780 susci-

146 4802 349 4868 pientia
401 4803 761 4862 diﬂ‘erentiam
795 4818 894 4862 :et
936 4813 1144 4865 naturis
1186 4813 1306 4866 sibi-
1330 4814 1571 4869 confusis
1601 4819 1704 4872 erit

145 4894 378 4948 dealitas
403 4892 679 4959 Christus,
709 4906 762 4950 et
793 4903 1038 4965 personis
1069 4905 1332 4970 separatis
1365 4906 1453 4958 tict
1486 4918 1702 4973 quater-

144 4983 316 5040 nitas:
346 4987 494 5054 quod
521 4996 604 5040 est
633 4986 856 5040 nimium
886 4989 1220 5060 fugiendum.
1257 4993 1319 5045 Et
1360 4997 1548 5049 iterum
1579 5015 1596 5051 :
1642 4999 1697 5055 Si

207 5115 254 5147 “
290 5117 488 5173 Matth.
529 5083 675 5182 iam,
716 5121 804 5174 4-2.

367 5228 619 5303 Qtraque.
657 5233 826 5298 Supra
862 5251 975 5303 cap
1015 5238 1062 5297 1,
1095 5254 1185 5290 seu
1220 5242 1488 5296 testimon.
1523 5244 1572 5298 1.

209 5297 321 5362 (41)
358 5298 481 5350 Non
514 5297 666 5355 enim.
712 5297 1006 5360 Τρςιὶιηξξὶ.

208 5364 320 5436 (ᾇΞ)
369 5367 472 5419 Per
501 5386 676 5436 quam.
715 5377 844 5427 Ibid.

209 5435 319 5500 (43)
362 5436 692 5503 Mysterium.
735 5444 955 5499 Testim.
993 5448 1043 5499 4.

208 5505 318 5570 (44)
359 5508 578 5567 Quibus.
624 5510 753 5564 una.

207 5574 318 5640 (45)
363 5574 462 5643 Nil
485 5577 736 5632 diuinum.
778 5581 996 5638 Testitu.
1031 5586 1080 5643 8.

205 5643 312 5710 (46)
360 5642 482 5694 Non
510 5648 668 5701 enim.
706 5649 922 5704 Testitu.
953 5657 1003 5707 5.

203 5715 313 5778 (ei?)
357 5713 813 5771 Counaturaliuu't.
859 5721 987 5773 Ibid.

201 5783 310 5852 (48)
355 5783 441 5834 Ea
468 5785 670 5852 quippe.
713 5786 933 5841 Testitn.
967 5793 1018 5843 5.

450 5880 719 5940 PATBOL.
791 5885 902 5943 Gn.
944 5886 1026 5948 Χ.

1811 4636 1932 4688 qua:
1974 4624 2213 4692 ejusdem
2261 4629 2398 4680 inter
2445 4642 2503 4680 se
2540 4628 2751 4684 virtutis
2779 4644 2904 4688 sunt
2927 4646 2981 4704 et
3010 4641 3358 4706 operationis,

1805 4711 2156 4784 ejusdemque
2196 4732 2418 4783 prorsus
2466 4719 2692 4789 originis
2721 4738 2784 4776 ac
2807 4713 3116 4780 earumdem
3152 4731 3360 4796 passio-

1806 4818 1957 4869 num,
1988 4822 2050 4859 ea
2077 4815 2281 4858 natura:
2309 4807 2710 4865 distinctionem
2743 4830 2849 4867 non
2886 4817 3200 4885 admittunt;
3229 4837 3358 4875 eon-

1802 4893 2047 4967 fusisque
2096 4911 2279 4949 secum
2337 4903 2580 4966 naturis,
2631 4904 2734 4957 erit
2785 4905 3030 4961 Christus
3090 4911 3353 4979 dualitas,

1801 4988 2156 5070 personisque
2189 4988 2376 5044 divisis
2405 4989 2495 5046 tiet
2530 4995 2862 5063 quaternitas
2895 5015 2905 5049 :
2936 5000 3079 5071 quod
3110 5006 3348 5057 omnium

1869 5249 1977 5319 (49)
2018 5248 2141 5302 Haec
2177 5253 2481 5330 testimonia
2504 5294 2518 5316 ,
2577 5268 2653 5330 ex_
2684 5256 2962 5330 superiOre
2996 5258 3050 5310 S.
3082 5255 3346 5330 Hippolyti

1797 5335 2044 5373 sermone
2087 5331 2267 5373 contra
2310 5322 2560 5396 Heronem
2606 5324 2674 5396 ab
2716 5326 3001 5396 {Anastasio
3043 5322 3346 5396 desuntpia,

1795 5388 2856 5466 recensuitcastigavitque_t_lombefisius
2887 5397 2935 5446 in
2963 5388 3348 5466 editioueopa-L

1794 5473 1913 5530 [um
1947 5457 2002 5509 S.
2036 5457 2287 5530 Maximi,
2326 5457 2504 5530 tom.rl
2527 5499 2540 5520 ,
2571 5476 2690 5530 pag.
2722 5463 2821 5526 76,
2855 5480 2918 5514 eo
2943 5469 3082 5529 quod
3114 5468 3166 5519 in
3200 5457 3343 5520 ωἰιω

1795 5524 2178 5601 Sirmondiano
2209 5529 2476 5601 Anastasii
2531 5524 2706 5584 versio
2757 5524 2982 5599 implexa
3034 5539 3232 5601 passim
3283 5553 3346 5590 ac

1792 5595 2051 5649 mendosa
2105 5610 2376 5653 noscatur.
2439 5595 2673 5665 Utzaque
2707 5595 2961 5652 siverunt
3001 5595 3181 5668 textu,
3233 5606 3342 5656 sive

1790 5679 1912 5716 eum
1930 5668 2080 5719 notis
2102 5668 3178 5737 etanimadversionibusCappcronnierii
3205 5674 3335 5726 intra

1789 5733 1969 5787 relatis
1993 5737 2332 5792 conferenda.

2955 5898 3024 5954 ΞΠ
