4098 6362
669 438 671 441 '
762 418 871 475 843

1154 538 1237 593 Et:
1273 538 1499 592 editione
1531 536 1926 592 Sirmoudiona.

752 631 914 696 igitur
938 624 1069 697 (50),
1104 633 1399 693 secundum
1432 628 1707 682 "Beronem
1736 638 2014 698 assumpta
2048 627 2151 683 sibi
2178 644 2305 684 caro

751 718 999 797 ejusdem
1026 721 1358 788 operationis
1384 721 1570 775 effecta
1606 729 1709 786 est,
1734 722 1887 775 haud
1922 722 2146 776 dubium
2176 722 2305 791 quin

754 817 808 861 et
853 809 1093 877 ejusdem
1128 809 1267 873 facta
1305 819 1386 864 est
1432 812 1534 865 sibi
1586 820 1821 878 naturae,
1873 828 1995 865 cum
2044 822 2310 882 quotquot

758 908 841 953 cst
871 909 1081 966 natura,
1128 901 1177 954 id
1208 910 1289 955 est
1314 902 1785 972 inprincipalitate,
1818 904 2128 972 infactione,
2183 906 2305 959 inli-

758 989 959 1055 nitate,
1017 982 1471 1061 sempiternitate,
1538 971 2206 1061 incomprehensihilitatc;
2257 1004 2310 1051 et

758 1094 1091 1149 qtuecunque
1117 1081 1308 1134 horum
1342 1082 1635 1136 secundum
1660 1086 2083 1153 magnitudinem
2107 1086 2310 1140 theolo-

759 1170 879 1238 gica
909 1168 1239 1236 amplissime
1287 1169 1339 1223 in
1390 1169 1584 1223 deitate
1613 1172 1750 1223 ratio
1798 1172 2189 1240 contemplatur
2216 1191 2227 1225 :
2256 1184 2310 1228 et

758 1259 1182 1313 vicissitudinem
1219 1270 1446 1330 utraque
1480 1278 1638 1331 passa
1685 1273 1831 1326 sunt,
1880 1273 2072 1318 neutro
2109 1275 2311 1322 natura:

759 1364 872 1403 sua:
899 1350 1302 1403 substantialem
1327 1352 1586 1405 rationem
1611 1352 1747 1405 ultra
1775 1353 2083 1406 salvandam
2108 1354 2310 1407 haben-

759 1445 831 1491 te.
877 1435 943 1489 Et
976 1454 1156 1491 rursus
1182 1454 1200 1490 :
1239 1437 1339 1503 Qui
1372 1440 1513 1493 enim
1553 1440 1660 1509 (5i)
1694 1456 1913 1504 eorum,
1945 1457 2065 1510 qua:
2089 1441 2311 1497 alterius

758 1539 888 1585 sunt
935 1543 1173 1594 naturai,
1214 1531 1455 1585 eamdem
1502 1533 1671 1600 ipsam
1719 1533 2309 1600 scntitoperationem;

758 1622 1131 1678 confusionem
1179 1626 1379 1693 pariter
1410 1627 1710 1679 naturalem
1732 1666 1746 1690 ,
1790 1635 1843 1680 et
1869 1608 2188 1680 divisionem
2221 1642 2313 1679 eo-

758 1726 880 1766 rum
936 1714 1141 1768 inducit
1184 1715 1556 1783 personalcm;
1604 1716 1873 1784 incognita
1909 1732 2132 1785 prorsus
2167 1717 2310 1770 idio-

761 1811 965 1857 matum
1009 1804 1363 1858 translatione
1407 1805 1638 1856 naturali
1668 1815 1859 1858 corum‘
1889 1806 2028 1859 facta
2054 1807 2307 1860 essentia.

763 1890 900 1945 Item
924 1908 943 1946 :
984 1890 1039 1946 Si
1084 1908 1211 1947 vero
1247 1892 1358 1963 (52)
1402 1893 1639 1960 ejusdem
1673 1895 1772 1947 sibi
1814 1911 1920 1949 non
1954 1895 2052 1950 fuit
2084 1906 2311 1963 naturai,

759 1998 935 2052 neque
978 1984 1217 2052 ejusdem
1268 1985 1368 2039 sibi
1420 1985 1507 2039 ﬁet
1552 1986 1810 2040 naturalis
1854 1988 2202 2055 operationis.
2246 1986 2313 2039 Et

758 2074 951 2127 iterum
977 2090 995 2127 :
1030 2073 1085 2127 in
1114 2075 1360 2129 eumdem
1384 2075 1495 2147 (55)
1525 2084 1707 2131 autem
1743 2091 1979 2130 errorem
2006 2078 2136 2149 illati
2164 2086 2312 2143 sunt,

761 2166 902 2219 male
946 2166 1222 2220 credentes
1266 2167 1537 2236 propriam
1586 2166 1782 2222 factam
1846 2169 2025 2222 carnis
2077 2169 2315 2223 divinam

761 2256 1148 2325 operationem.
1183 2271 1303 2326 qua:
1337 2259 1389 2310 in
1416 2259 1693 2313 miraculis
1724 2274 1820 2327 per
1846 2259 2015 2329 ipsam
2042 2261 2312 2329 apparuit,

762 2362 870 2413 qua
916 2354 1086 2419 totum
1134 2346 1383 2401 Christus
1434 2349 1802 2403 substantians
1847 2351 2142 2405 secundum
2169 2353 2356 2420 quod,

765 2439 1079 2507 intelligitur
1123 2438 1265 2493 Deus
1305 2441 1543 2494 continet
1592 2450 1876 2496 retentum.
1946 2441 2015 2495 Et
2066 2443 2256 2496 iterum
2295 2459 2316 2497 :

764 2527 883 2583 Non
911 2528 1052 2583 enim
1081 2531 1190 2599 (54)
1221 2540 1586 2598 cognoverunt
1617 2533 1949 2600 impossibile
1972 2546 2090 2588 esse
2122 2535 2317 2589 divina:

764 2620 1132 2687 operationem
1182 2630 1386 2672 natura:
1430 2620 1627 2675 idioma
1660 2621 1773 2673 ﬁeri
1802 2622 1919 2676 sine
1954 2623 2317 2677 convertibili-

768 2718 896 2764 tatc.
946 2708 1013 2762 Et
1044 2712 1229 2762 iterum
1261 2726 1279 2763 .'
1314 2709 1551 2775 Quarum
1584 2711 1693 2779 (55)
1728 2711 1899 2765 donec
1930 2729 2091 2766 unam
2124 2730 2318 2768 secun-

765 2799 893 2853 dum
925 2800 1278 2854 substantiam
1324 2811 1679 2869 cognoscatur
1709 2798 1943 2855 Verbum
1992 2804 2155 2857 unius
2187 2818 2317 2872 ope-

763 2892 1014 2952 rationis,
1047 2906 1319 2959 nunquam
1355 2892 1643 2959 aliquando
1672 2906 1736 2944 eo
1761 2893 1904 2960 quod
1938 2894 2221 2962 utriusque
2245 2894 2316 2946 sit

762 2992 1115 3049 cognoscctur
1168 2990 1365 3036 motus.
1432 2981 1497 3035 Et
1538 2984 1774 3034 iterum:
1813 2983 1997 3052 itaque
2040 2984 2177 3039 Bero
2202 2984 2313 3055 (56)

763 3072 975 3138 quidem
1005 3072 1080 3124 sic
1113 3085 1171 3123 se
1202 3070 1425 3135 habens,
1455 3081 1510 3124 ut
1536 3072 1667 3136 dixi,
1698 3073 2025 3140 operationis
2059 3074 2315 3128 unalitate

763 3161 1014 3213 deitatem
1047 3162 1247 3216 Christi
1283 3172 1335 3217 et
1365 3164 1749 3217 humanitatem
1781 3165 1943 3218 simul
1972 3163 2307 3220 confundens

768 3251 1115 3313 naturaliter,
1149 3260 1202 3304 et
1243 3254 1478 3319 partiens
1530 3256 1919 3321 personaliter,
1961 3256 2205 3310 dissolvit
2229 3258 2309 3309 vi-

767 3343 908 3399 tam;
958 3339 1211 3405 icnorans
1264 3340 1431 3394 solius
1475 3344 1903 3396 connaturalium
1957 3358 2310 3412 personarum

765 3430 1130 3483 connaturalis
1153 3430 1445 3486 identitatis
1467 3433 1706 3487 eamdem
1741 3434 1912 3502 ipsam
1941 3424 2312 3505 operationem

763 3536 886 3577 esse
919 3522 1341 3593 signiticativam.

842 3906 863 3939 ι
894 3885 983 3941 ιν.
1020 3886 1115 3943 His
1151 3887 1314 3956 igitur
1344 3887 1416 3940 ita
1445 3895 1498 3941 et
1521 3862 1594 3939 ab
1643 3887 1747 3942 hoc
1792 3901 2009 3958 quoque
2058 3889 2315 3943 sacratis-

766 3980 907 4034 simo
952 3988 1004 4031 et
1057 3993 1249 4047 magno
1293 3978 1511 4031 doctore
1555 3992 1619 4031 ac
1668 3991 1904 4049 martyre
1955 3981 2195 4035 veritatis
2227 3982 2317 4049 (id

767 4072 943 4139 ipsum
966 4079 1152 4125 autem
1179 4077 1281 4133 est,
1315 4068 1359 4122 si
1395 4070 1639 4122 dicamus
1677 4083 1707 4121 a
1745 4069 2107 4143 sanctissimo,
2135 4072 2228 4139 qui
2264 4072 2317 4125 in

767 4177 833 4216 eo
866 4164 1119 4230 loquitur,
1154 4160 1417 4229 Spiritu),
1468 4159 1805 4214 manifestius
1831 4160 2010 4224 dictis,
2040 4161 2321 4229 diligenter

770 4251 1046 4303 intendant
1093 4253 1184 4319 qui
1215 4252 1416 4313 volunt,
1446 4258 1498 4303 et
1547 4250 1778 4305 maxime
1803 4249 1892 4318 qui
1919 4235 2322 4303 communicant

771 4341 878 4401 his,
907 4342 995 4406 qui
1020 4343 1279 4394 novitates
1316 4357 1458 4394 nunc
1503 4340 1708 4408 Operati
1742 4348 1897 4393 sunt:
1926 4348 1977 4393 ct
2002 4340 2174 4393 sciant
2198 4353 2318 4393 cer-

769 4431 997 4497 tissime,
1034 4433 1158 4497 quia
1185 4432 1275 4498 qni
1300 4431 1432 4483 duas
1459 4428 1751 4487 Salvatoris
1786 4431 1957 4484 nostri
1990 4430 2190 4485 Christi
2220 4446 2309 4483 νο·
2343 4492 2352 4498 _

1383 425 1386 427 ‘
1422 417 1479 474 s.
1522 388 1878 473 BlPPOLY'l‘l
1914 415 2067 471 ore.
2106 412 2285 469 PARS

2450 442 2497 455 -
2532 411 2829 469 DOGMAT.
2870 412 2958 467 ET
2997 412 3334 469 HlSTOlNC.

2344 540 2390 596 Α

3868 418 3961 472 ω

2797 532 2880 586 Ea:
2918 534 3141 587 editione
3177 533 3579 602 Combe/ieiuna.

2409 622 2643 677 maxime
2668 621 2985 678 cavendum.
3028 622 3096 677 Et
3133 626 3319 677 iterum
3347 641 3362 673 :
3396 623 3679 694 Siquidem
3705 624 3887 691 igitur,
3913 636 3963 679 ut

2411 724 2597 768 auctor
2622 713 2756 768 Bero
2787 725 2886 779 est,
2934 725 3204 794 assumth
3231 717 3306 768 illi
3334 730 3464 769 caro
3495 715 3742 783 ejusdem
3768 730 3833 769 ac
3857 715 3960 784 ipse

2408 808 2623 860 virtutis
2650 822 2744 860 seu
2775 806 3107 874 operationis
3142 788 3278 859 fa’cta
3308 795 3423 872 est;
3450 807 3604 874 plane
3635 806 3803 858 etiam
3830 805 3961 873 ejus-

2410 901 2529 952 dem
2579 897 2716 951 facta
2760 908 2841 953 est
2871 908 3099 960 natura},
3129 913 3252 952 cum
3280 898 3476 966 quibus
3498 897 3758 951 omnibus
3783 906 3960 950 natura

2410 999 2511 1051 est,
2548 989 2691 1056 quod
2726 990 2978 1061 principii
3009 998 3222 1057 expers,
3250 989 3392 1057 quod
3422 988 3680 1057 ingenita,
3714 978 3862 1056 quod
3890 988 3962 1039 iu-

2411 1075 2581 1134 linita,
2630 1073 2772 1140 quod
2799 1075 3149 1143 sempiterna,
3181 1075 3322 1141 quod
3353 1072 3831 1142 incomprehensa,
3854 1081 3905 1125 ct
3923 1072 3961 1126 si

2411 1176 2517 1231 qua
2552 1161 2818 1229 ejusmodi
2866 1162 3160 1216 secundum
3208 1161 3579 1215 excellentiam
3630 1160 3963 1231 theologicus

2413 1268 2591 1305 sermo
2642 1252 2838 1305 eximie
2888 1251 2941 1305 in
2970 1252 3185 1323 idcitatc
3214 1251 3609 1319 contemplatur
3636 1267 3651 1303 :
3684 1260 3743 1305 et
3771 1252 3964 1305 vicissi-

2413 1342 2652 1395 tudinem
2691 1339 2919 1408 utraque
2959 1356 3119 1409 passa
3149 1348 3305 1405 sunt,
3338 1348 3531 1393 neutro
3560 1340 3961 1393 substantialem

2412 1417 2618 1485 naturae
2666 1446 2777 1485 suae
2822 1432 3087 1484 rationem
3133 1431 3274 1488 ultra
3327 1430 3656 1484 incolumem
3693 1440 3957 1485 servante.

2414 1522 2485 1575 Et
2517 1539 2736 1579 rursus:
2764 1521 2867 1587 Qui
2896 1523 3037 1575 enim
3066 1537 3278 1589 eorum,
3310 1536 3431 1591 quae
3471 1532 3597 1579 sunt
3629 1523 3863 1577 diversa:
3879 1537 3962 1575 na-

2413 1624 2580 1678 turre,
2626 1613 2867 1667 eamdem
2922 1613 3081 1666 sentit
3130 1613 3535 1682 Operationem;
3596 1611 3959 1668 confusionem

2413 1705 2617 1773 pariter
2669 1703 2968 1757 naturalem
3009 1703 3733 1780 divisionemquepipsorum
3772 1703 3961 1756 inducit

2414 1795 2715 1848 naturalem
2744 1811 2757 1860 ;
2782 1795 2960 1863 ignota
2992 1808 3211 1862 prorsus
3233 1810 3295 1848 ac
3317 1795 3605 1851 obscurata
3638 1809 3741 1863 per
3762 1779 3963 1847 idiom-

2346 1890 2388 1944 Β
2418 1894 2528 1938 tum
2560 1882 3037 1938 commutationem
3069 1884 3301 1937 naturali
3330 1899 3518 1951 eorum
3546 1883 3854 1938 substantia
3879 1897 3960 1935 ex-

2416 1977 2787 2045 sistentiaque.
2834 1975 2968 2029 Item
2997 1991 3014 2028 :
3044 1973 3101 2029 Si
3132 1990 3260 2029 vero
3288 1991 3395 2030 non
3419 1976 3661 2046 ejusdem
3687 1990 3755 2030 ac
3779 1976 3863 2028 ille
3888 1973 3951 2027 fa-

2415 2079 2499 2123 cta
2535 2077 2616 2121 est
2644 2078 2872 2132 naturae,
2920 2082 3017 2121 nec
3046 2068 3284 2137 ejusdem
3318 2082 3557 2136 unquam
3590 2067 3683 2121 lict
3708 2066 3960 2140 operatio-

2414 2160 2519 2213 nis.
2581 2157 2648 2210 Et
2690 2160 2879 2210 iterum
2910 2172 2928 2211 :
2956 2156 3021 2233 in
3056 2158 3200 2211 hunc
3234 2167 3408 2211 autem
3443 2173 3682 2213 errorem
3704 2212 3710 2216 .
3734 2158 3957 2225 impege-

2414 2244 2579 2314 runt,
2641 2248 2919 2301 credentes
2978 2248 3115 2301 male
3167 2248 3439 2316 propriam
3495 2248 3679 2302 carnis
3730 2247 3956 2301 ell‘ectam

2414 2341 2650 2395 divinam
2686 2342 3075 2409 operationem,
3127 2354 3247 2407 qua:
3279 2354 3374 2408 per
3403 2340 3572 2408 ipsam
3608 2340 3662 2391 in
3701 2328 3960 2392 miraculis

2413 2432 2754 2487 manifestata
2802 2441 2912 2498 est;
2970 2447 3075 2501 qua
3104 2431 3377 2495 Christus,
3423 2446 3606 2484 rerum
3634 2430 3740 2485 hac
3766 2430 3960 2485 univer-

2415 2523 2573 2576 sitate
2626 2522 2863 2584 condita,
2918 2521 3212 2575 secundum
3259 2521 3400 2589 quod
3447 2521 3776 2589 intelligitur
3812 2519 3957 2580 Deus,

2414 2612 2557 2679 quod
2605 2612 2677 2663 ita
2709 2598 2983 2665 conditu’m
3012 2618 3127 2675 est,
3171 2618 3313 2663 tenet
3340 2624 3402 2663 ac
3424 2618 3733 2663 conservat.
3783 2607 3848 2661 Et
3872 2609 3961 2659 ite.

2414 2718 2531 2754 rum
2565 2717 2583 2755 .°
2627 2700 2743 2754 Non
2784 2701 2925 2753 enim
2961 2710 3359 2769 cognoverunt,
3407 2700 3523 2753 fieri
3557 2714 3662 2752 non
3693 2713 3883 2767 posse,
3916 2707 3962 2749 ut

2415 2791 2609 2845 divina:
2661 2800 2865 2845 natura:
2897 2794 3165 2861 operatio,
3211 2793 3432 2845 alterius
3481 2791 3819 2857 diversaeque
3849 2791 3955 2842 sub-

2418 2884 2627 2935 stantia:
2671 2881 2968 2951 proprietas
3021 2884 3204 2947 tieret,
3254 2883 3459 2949 absque
3503 2880 3959 2933 convcrtibilitate.

2416 2971 2484 3024 Et
2515 2975 2704 3025 iterum
2751 2990 2767 3027 :
2807 2972 3052 3038 Quandiu
3092 2988 3197 3025 non
3249 2987 3415 3023 unum
3454 2969 3755 3025 secundum
3788 2984 3959 3024 essen-

2417 3064 2542 3117 tiam
2572 3064 2732 3117 unius
2758 3065 2999 3117 noscitur
3029 3060 3261 3115 Verbum
3289 3062 3621 3131 operationis
3642 3101 3655 3125 ,
3701 3062 3849 3127 nulla
3876 3076 3962 3113 un-

2415 3170 2576 3224 quam
2610 3156 2817 3209 ratione
2847 3157 2957 3220 liat,
2994 3163 3051 3208 ut
3077 3155 3358 3208 amborum
3388 3163 3565 3207 motus
3594 3162 3958 3223 cognoscatur.

2416 3246 2483 3299 Et
2510 3249 2699 3299 iterum
2748 3262 2765 3299 :
2807 3245 2989 3315 Itaque
3019 3246 3187 3311 Bero,
3222 3247 3312 3315 qui
3355 3246 3433 3299 sic
3466 3246 3693 3311 habeat,
3730 3256 3790 3300 ut
3827 3246 3955 3301 dice-

2417 3338 2562 3402 bam,
2593 3354 2697 3391 una
2721 3338 3030 3407 operatione
3058 3338 3257 3391 Christi
3286 3338 3491 3407 pariter
3516 3338 3769 3391 deitatem
3803 3346 3854 3391 et
3876 3336 3963 3387 bu-

2422 3429 2741 3481 manitatcm
2776 3438 2965 3481 natura
2992 3428 3328 3482 confundens
3355 3443 3417 3480 ac
3439 3429 3684 3496 personis
3708 3428 3960 3490 dividens,

2426 3520 2605 3573 vitam.
2640 3520 2916 3584 dissolvit;
2970 3520 3061 3587 qui
3109 3534 3299 3586 nempe
3328 3518 3541 3588 nesciat.
3564 3520 3813 3573 eamdem
3845 3533 3961 3587 0pc-

2419 3607 2707 3667 rationem,
2761 3620 3109 3673 personarum
3146 3621 3265 3674 quae
3304 3606 3544 3674 ejusdem
3594 3616 3807 3660 natura:
3846 3606 3959 3669 sint,

2422 3692 2756 3748 identitatem
2777 3695 3056 3748 .duutaxat
3085 3695 3382 3766 designare.

2420 3888 2712 3945 fessionem
2765 3892 3033 3960 abnegant
3064 3898 3118 3944 et
3163 3891 3445 3961 abjiciunt,
3476 3902 3638 3961 atque
3666 3891 3889 3960 impiam
3917 3898 3962 3944 ct

2422 3984 2650 4037 alienam
2675 3982 3091 4036 a‘Cltristianico
3136 3982 3388 4053 dogmate
3421 3998 3539 4038 esse
3562 3990 3892 4044 asseverant,
3917 3992 3961 4036 et

2423 4089 2575 4142 atque
2604 4083 2662 4127 ut
2694 4075 2979 4142 praedictus
3016 4077 3321 4141 haereticus,
3354 4077 3483 4145 quin
3507 4076 3691 4145 potius
3715 4084 3773 4129 ut
3789 4063 3963 4129 omnes

2425 4168 2585 4221 simul
2619 4167 2826 4235 profani
2854 4169 3107 4233 haeretici,
3143 4170 3234 4237 qui
3274 4171 3327 4221 in
3360 4162 3677 4221 confusione
3708 4183 3774 4221 ac
3812 4169 3963 4236 phan-

2424 4254 2559 4307 tasia
2583 4264 2636 4307 et
2664 4256 2924 4311 divisione
2946 4257 3150 4325 decepti
3173 4266 3319 4319 sunt,
3344 4257 3961 4324 solumtsupersubsmn-

2426 4346 2568 4399 tialis
2599 4347 2879 4417 theologia:
2907 4364 2969 4403 ac
3000 4351 3293 4402 incantata:
3307 4348 3723 4417 dispensationis
3742 4365 3847 4415 non
3874 4352 3960 4403 ab-

2420 4447 2617 4505 negant
2635 4448 2687 4491 et
2710 4440 3020 4494 subvertunt
3054 4441 3398 4508 mysterium:
3429 4446 3842 4508 quaterm'tatcm
3864 4444 3963 4512 qui-

770 4521 1003 4575 luntates
1045 4521 1316 4573 naturales
1341 4530 1392 4573 et
1420 4522 1761 4587 operationes
1811 4520 2148 4589 denegantet
2177 4522 2316 4589 abji-
2352 4522 2401 4583 Ι)¹
2423 4528 2545 4582 dem
2603 4528 2963 4584 Personarum
3000 4539 3239 4583 sanctam
3283 4531 3596 4585 conﬁtentes
3617 4532 3961 4597 Trinitatem;

770 4614 938 4672 ciunt.
968 4614 1182 4680 impiam
1214 4627 1277 4664 ac
1298 4611 1525 4663 alienam
1550 4609 1892 4662 Christianici
1920 4611 2183 4677 dogmatis
2211 4622 2318 4665 tam

770 4718 979 4757 suetam
1030 4712 1081 4756 et
1137 4702 1490 4755 oxthodoxam
1554 4700 1948 4755 confessionem
2004 4703 2319 4768 appellant,

772 4811 1043 4861 unamque
1078 4794 1291 4848 deitatis
1317 4803 1368 4847 et
1404 4793 1755 4846 humanitatis
1774 4793 1890 4860 ejus
1908 4792 2239 4846 voluntatem
2271 4805 2325 4848 et

770 4886 1133 4954 operationem
1161 4886 1551 4948 dogmatizant,
1576 4899 1668 4937 cos
1698 4884 1797 4952 qui
1841 4883 2015 4936 taliter
2049 4884 2150 4937 sibi
2188 4899 2321 4937 con-

771 4990 906 5030 sone
940 4990 1043 5027 non
1095 4976 1417 5028 comitentur
1456 4976 1992 5038 anathematizantes,
2031 4974 2238 5042 liquido
2273 4983 2325 5026 et

772 5068 975 5134 absque
1002 5066 1107 5117 ullo
1152 5073 1362 5131 tegente
1387 5066 1665 5142 velamine
1694 5074 1908 5121 sanctos
1947 5068 2239 5134 prophetas
2272 5076 2325 5117 et

768 5157 1042 5223 apostolos
1076 5163 1234 5220 atque
1256 5153 1540 5229 doctores;
1584 5157 1665 5209 vel
1718 5157 1898 5217 etiam,
1926 5166 1980 5208 ut
2028 5158 2206 5210 verius
2244 5156 2328 5208 di-

772 5254 949 5306 catur,
979 5243 1375 5297 sanctissimunt
1419 5244 1676 5312 Spiritum
1724 5247 1819 5314 qui
1867 5248 1918 5299 itt
1961 5248 2066 5301 illis
2112 5248 2325 5303 locutus

774 5342 877 5393 est,
912 5335 1150 5401 quinimo
1184 5343 1237 5387 ct
1285 5335 1541 5401 loquitur,
1591 5336 2064 5401 anatltematizant,
2094 5348 2143 5391 et
2167 5341 2234 5391 ab
2260 5352 2325 5391 eo

774 5435 870 5492 per
902 5422 1019 5476 illos
1046 5425 1292 5479 traditam
1320 5414 1474 5476 nobis
1495 5438 1701 5476 sacram
1725 5432 1777 5477 et
1803 5427 2155 5493 orthodoxam
2189 5444 2315 5484 con-

846 5554 956 5629 (iiQ)
999 5552 1055 5629 Si
1086 5560 1261 5625 igitur.
1305 5557 1527 5610 Testim.
1556 5556 1603 5609 6.

845 5625 955 5692 (51)
998 5627 1099 5687 Qui
1132 5630 1285 5679 enim.
1330 5629 1459 5680 Ibid.

844 5695 955 5763 (52)
1083 5711 1217 5747 vero.
1260 5697 1482 5751 Testitu.
1511 5697 1563 5748 7.

845 5762 956 5834 (53)
992 5762 1056 5816 In
1083 5768 1333 5817 eumdem.
1371 5766 1593 5820 Testitu.
1621 5765 1672 5819 8.

2422 4625 2476 4670 at
2510 4633 2636 4671 vero
2666 4634 2831 4672 unum
2867 4618 3046 4686 hujus,
3098 4618 3151 4671 id
3177 4612 3258 4672 est
3287 4617 3571 4671 Dominum
3602 4632 3851 4676 nostrum
3884 4621 3961 4675 Je-

2422 4723 2540 4761 sum
2559 4707 2857 4775 Christum,
2883 4708 3255 4773 inanimatum,
3276 4717 3329 4762 et
3349 4709 3463 4762 sine
3480 4709 3752 4765 intellectu
3776 4728 3838 4767 ac
3860 4714 3963 4766 sine

2424 4798 2651 4862 ratione,
2671 4798 2963 4851 secundum
2981 4799 3124 4866 quod
3142 4809 3356 4868 propter
3379 4814 3476 4853 nos
3496 4798 3667 4860 factus
3684 4814 3767 4858 est
3788 4805 3959 4864 homo.

2426 4886 2845 4951 introducentes,
2880 4896 2933 4940 et
2979 4890 3480 4944 convertibilitatem
3532 4891 3695 4946 simul
3748 4903 3802 4948 et
3847 4909 3962 4948 con—

2425 4977 2756 5043 Spcrsioncm
2808 4992 2870 5031 ac
2901 4980 3334 5043 mutabilitatem,
3382 4981 3865 5053 confusionemque
3909 4996 3962 5035 ac

2428 5064 2767 5130 phantasiam
2814 5073 2867 5118 et
2894 5066 3212 5122 divisionem
3244 5067 3521 5136 utriusque
3566 5081 3776 5125 natura:
3810 5071 3963 5139 ipsius

2427 5154 2857 5222 pronuntiantes,
2888 5166 2940 5211 et
2981 5159 3100 5226 puri
3135 5172 3226 5223 per
3276 5156 3376 5210 hoc
3402 5157 3657 5225 hominis,
3684 5162 3767 5215 vel
3796 5160 3959 5231 prodi-

2427 5244 2496 5313 gii
2525 5245 2805 5312 cujusdam
2844 5256 3068 5300 matrem
3098 5254 3340 5299 sanctam
3364 5257 3575 5318 semper
3622 5252 3879 5322 virginem
3908 5264 3962 5301 ac

2427 5334 2518 5391 Dei
2550 5340 2863 5407 genitricem
2887 5337 3110 5392 Mariam
3138 5336 3449 5411 scribentes.

2504 5446 2521 5478 ι
2547 5422 2609 5479 ν.
2633 5428 2830 5483 Deinde
2862 5441 2989 5481 vero
3011 5427 3167 5490 hanc,
3195 5442 3312 5496 qua:
3334 5428 3578 5486 videlicet
3606 5430 3662 5484 in
3690 5440 3757 5485 eo
3784 5430 3960 5485 abillis

2497 5558 2607 5634 (Si)
2634 5564 2755 5617 Non
2782 5562 3103 5634 enim._lbid.

2497 5631 2625 5703 (55)
2650 5634 2906 5703 Quarum.
2938 5631 3157 5703 Tesljm.
3190 5635 3239 5687 4.

2497 5701 2608 5774 (56)
2641 5705 2826 5770 Itaque
2857 5701 3009 5755 Bero.
3036 5701 3259 5757 Testim.
3291 5703 3342 5756 8.
