4098 6362
204 424 304 480 3&5
1092 418 1096 423 ’
1198 425 1473 480 CONTRA
1513 424 1832 481 BERONEM
1873 426 1961 480 ET
1996 425 2398 482 HELICONEM.
3214 414 3239 434 "
3281 425 3393 503 Md

204 538 561 610 dOgmatizata
590 548 867 605 est,unam
896 536 1218 593 voluntatem
1237 550 1465 593 etunam
1484 540 1751 609 operatio—
1778 540 2018 601 Ativum
2075 540 2497 609 uniuscujusque
2538 548 2741 594 natura
2768 540 3006 609 operatio
3032 550 3086 594 et
3114 549 3195 595 cst
3212 549 3265 594 et
3287 552 3383 614 co-

206 645 329 684 nem
354 640 692 701 respuentes,
718 640 773 683 et
808 646 979 699 neque
1008 646 1193 692 unam,
1219 647 1390 700 neque
1415 632 1571 699 duas,
1596 632 1644 685 id
1667 642 1748 686 est
1847 631 2124 696 gnoscitur
2154 629 2415 683 naturalis
2439 647 2451 682 ε
2502 639 2556 684 et
2576 630 2980 686 omnisrnatura
3006 631 3235 699 propria:
3257 646 3387 700 ope.

205 718 440 773 divinam
477 730 535 773 et
568 722 854 773 humanam
908 720 1235 773 voluntatem
1263 722 1345 774 vel
1385 724 1745 790 Operationem
1815 721 2071 775 arationis
2096 722 2433 776 substantiali
2458 723 2666 781 ratione
2709 722 3073 797 cognoscitur,
3107 725 3387 778 etiomnis

206 811 261 862 in
295 824 382 873 eo,
412 812 496 864 vel
528 812 813 879 quamdam
848 826 913 865 ex
941 814 1190 866 omnibus
1219 814 1459 867 conﬁteri
1490 816 1745 879 volentes,
1778 850 1779 853 η
1844 820 2034 864 natura
2063 811 2463 865 convenientem
2493 814 2593 866 sibi
2625 827 2788 881 seque
2816 814 3204 883 signiﬁcantem
3228 808 3389 870 habet

204 914 307 953 non
336 901 514 953 solum
571 900 845 955 instabiles
869 910 922 955 et
951 903 1410 975 tergiversatores,
1440 905 1531 958 sed
1561 919 1613 959 et
1643 907 1748 960 ha:-

204 988 380 1044 reticis
406 992 501 1059 qui
534 992 589 1044 in
634 992 953 1047 confusione
980 1008 1043 1055 ac
1072 994 1355 1063 phantasia
1403 1005 1455 1049 et
1484 996 1747 1051 divisione

202 1089 538 1145 erraverunt,
570 1083 743 1152 magis
772 1083 962 1151 impios
996 1084 1097 1152 ipsi
1122 1086 1329 1153 seipsos
1364 1087 1599 1155 propriis
1630 1104 1747 1141 ver-

180 1172 284 1225 .his
308 1180 361 1224 et
391 1172 736 1241 dogmatibus
790 1186 1108 1230 monstrant.
1146 1175 1278 1230 Nam
1320 1178 1395 1231 illi
1424 1179 1640 1247 quidem
1666 1180 1745 1232 vel

204 1260 496 1325 unam,isti
516 1276 655 1315 vero
693 1278 792 1317 nec
842 1280 1002 1318 unam
1049 1266 1379 1320 voluntatem
1426 1270 1509 1322 vel
1559 1285 1749 1338 opera-

206 1352 399 1405 tionem
426 1367 551 1405 eum
588 1355 784 1408 habere
808 1356 1013 1418 volunt,
1050 1372 1114 1411 ac
1170 1373 1263 1427 per
1295 1359 1399 1413 hoc
1442 1360 1748 1415 insubstan-

206 1438 379 1493 tialein
416 1440 649 1505 illum_et
689 1443 1117 1511 inessentialem;
1166 1447 1346 1501 minus
1370 1448 1512 1501 enim
1538 1457 1620 1503 est
1664 1450 1747 1504 di-

204 1541 340 1592 cere,
377 1528 497 1583 sine
542 1530 810 1585 voluntate
861 1549 923 1587 ac
975 1535 1275 1603 impotem(
1301 1538 1406 1605 57)
1452 1540 1744 1594 secundum

203 1625 460 1688 utrasque
488 1630 717 1678 naturas
735 1625 1104 1692 pronuntiant,
1130 1642 1250 1681 cum
1272 1629 1426 1697 juxta
1450 1646 1633 1684 sacras
1653 1631 1747 1684 de-

202 1709 469 1765 ﬁnitiones
495 1722 549 1766 et
578 1714 811 1767 rationes
852 1719 1142 1787 corruptio,
1194 1720 1245 1771 id
1294 1728 1376 1773 est
1408 1721 1746 1790 interemptio

200 1799 640 1857 etinexsistcntia
668 1815 890 1868 natum,
935 1809 1256 1861 naturalium
1293 1809 1665 1865 habitudinum
1691 1822 1746 1866 et

1844 900 2232 968 Operationem,
2273 903 2411 957 hanc
2431 903 2498 956 ah
2523 904 2643 957 aliis
2683 903 3095 971 discernentem,
3121 907 3390 962 deﬁnitio-

1844 1004 2049 1058 nesqne
2073 991 2495 1045 substantiarum
2521 995 2791 1048 naturales
2836 1009 3019 1049 earum
3048 990 3389 1064 operationes

1843 1094 1969 1133 vera
2020 1082 2158 1136 ratio
2186 1083 2349 1136 novit.
2388 1082 2455 1135 Et
2496 1093 2555 1136 ut
2586 1084 2962 1152 compendiose
3013 1085 3243 1151 dicatur,
3290 1099 3390 1139 nec

1844 1178 2091 1224 naturam
2121 1173 2237 1226 sine
2267 1174 2577 1240 Operatione
2607 1189 2727 1243 quae
2775 1173 2921 1227 illa'm
2967 1170 3391 1230 substantialiter

1844 1261 2252 1325 characterizet,
2280 1277 2379 1339 nec
2410 1279 2601 1318 rursus
2651 1264 2980 1319 voluntatem
3007 1265 3091 1319 vel
3121 1265 3388 1334 operatio-

1845 1364 1966 1404 nem
1997 1359 2205 1404 constat
2252 1366 2373 1406 esse
2420 1352 2536 1407 sine
2573 1352 2803 1421 quadam
2855 1355 3177 1419 substantia,
3228 1356 3391 1425 idest

1843 1440 2098 1508 possibile
2130 1441 2278 1510 (6f);
2321 1442 2959 1510 quemadmodumdivina
2999 1446 3391 1500 concionantur

1842 1530 2090 1599 Eloquia,
2140 1540 2195 1585 et
2240 1533 2355 1600 ipsa
2382 1547 2562 1586 rerum
2592 1541 2781 1587 natura
2811 1535 3029 1589 clamat.
3256 1528 3259 1529 ⁷

1918 1638 1937 1671 ς
1986 1607 2095 1674 νη.
2134 1621 2300 1691 Igitur
2342 1623 2673 1676 voluntatem
2704 1632 2758 1677 et
2806 1627 3171 1693 operationem
3222 1644 3387 1686 unam

1842 1721 2036 1778 praeter
2060 1712 2195 1766 duas
2228 1710 2371 1767 circa
2421 1712 2752 1767 Salvatorem
2783 1714 3057 1770 Christum
3104 1718 3387 1788 ﬁngentes,

1842 1806 1895 1850 et
1919 1800 2239 1854 necessitate
2267 1801 2383 1873 (62)
2416 1805 2577 1858 etiam
2607 1804 2768 1857 aliam
2815 1814 3064 1859 naturam
3094 1817 3285 1877 praeter
3306 1810 3415 1865 di-'

202 1886 573 1958 operationum
604 1902 765 1961 atque
794 1896 1051 1949 virtutum
1088 1898 1370 1952 inﬁrmitas
1401 1908 1453 1952 et
1503 1900 1744 1955 defectus

1843 1889 2043 1951 vinam,
2066 1899 2123 1943 ut
2143 1891 2345 1945 dictum
2366 1900 2470 1957 est,
2488 1888 2544 1947 et
2566 1894 2856 1971 humanam
2876 1906 3183 1951 extraneam
3205 1914 3391 1967 quam-

202 1984 441 2046 exsistat,
476 1987 695 2054 etquod
719 1987 1088 2042 universaliter
1120 1992 1392 2043 voluntate
1416 1992 1657 2045 naturali
1677 1994 1741 2047 ac

203 2075 540 2128 substantiali
577 2078 883 2144 operatione
917 2079 1178 2147 privatur,
1234 2097 1406 2150 neque
1433 2093 1535 2145 est,
1569 2098 1739 2151 neque

203 2163 395 2232 aliquid
424 2173 529 2227 est,
559 2180 732 2234 neque
748 2170 1040 2237 estqumvis
1062 2168 1182 2237 ejus
1211 2172 1464 2225 essentia.

273 2267 291 2300 ι
332 2249 419 2305 Vl.
449 2251 514 2305 Et
562 2270 671 2307 non
719 2256 892 2323 ipsum
926 2267 1155 2319 tantum,
1192 2260 1283 2312 sed
1334 2271 1385 2315 et
1421 2259 1652 2321 Patrem,
1688 2268 1741 2313 et

207 2338 458 2407 Spiritum
485 2356 752 2409 sanctum,
771 2343 1231 2402 insubstantivum
1250 2360 1570 2403 astruuntct
1594 2352 1741 2404 inex-

206 2431 503 2486 sistentetu.
556 2433 805 2501 Ejusdem
855 2438 995 2489 enim
1047 2439 1287 2505 utrisque
1336 2438 1440 2492 illis
1488 2440 1741 2493 substan-

204 2524 305 2587 tiae,
346 2524 397 2575 id
436 2534 521 2577 est
550 2524 788 2591 dcitatis,
847 2536 901 2580 et
938 2529 1248 2593 voluntatis,
1300 2545 1362 2584 ac
1416 2531 1741 2597 operationis

206 2613 447 2689 Salvator
473 2616 703 2681 exsistit,
729 2618 1021 2670 secundum
1053 2620 1193 2686 quod
1221 2631 1300 2673 est
1338 2616 1395 2673 et
1419 2621 1614 2675 dicitur
1642 2638 1742 2675 na-

202 2711 315 2757 tura
349 2704 525 2767 Deus;
562 2707 633 2759 ita
689 2716 748 2758 ut
802 2709 1188 2777 subsequenter
1219 2721 1272 2764 et
1321 2712 1592 2765 dominam
1644 2726 1743 2766 no-

146 2864 149 2865 r
207 2802 365 2847 stram
419 2814 543 2851 vere
594 2801 1011 2865 sanctissimam,
1064 2804 1224 2869 snper
1278 2816 1486 2857 omnes
1525 2814 1741 2859 sanctos

202 2888 554 2941 venerandam
601 2890 803 2943 scilicet
862 2900 915 2943 et
952 2891 1291 2955 laudandam,
1343 2902 1399 2945 ut
1436 2895 1647 2962 proprie
1681 2909 1745 2949 ac

126 3006 129 3007 ν
204 2989 303 3025 non
332 2974 611 3040 fallaciter,
652 2980 912 3035 veraciter
946 2980 1037 3033 Dei
1080 2982 1387 3047 genitricem
1428 2997 1744 3051 semperque

203 3063 481 3131 virginem,
514 3082 619 3120 non
653 3070 866 3136 proprie
890 3084 955 3122 ac
992 3072 1250 3124 veraciter
1281 3080 1503 3149 matrem
1531 3072 1621 3125 Dei
1650 3073 1743 3125 de—

204 3153 454 3216 scribant,
490 3144 582 3208 sed
610 3158 727 3225 ejus
751 3159 844 3225 qui
890 3160 1198 3214 nullomodo
1251 3144 1551 3214 secundum
1595 3162 1741 3229 ipsos

1837 1978 1963 2032 dam
1997 1981 2371 2035 exsistentium
2400 1984 2640 2035 omnium
2665 1984 2892 2038 alienam
2917 1986 3246 2053 plasmantes
3289 2004 3399 2057 ap~_

1837 2070 2039 2137 plicant
2063 2071 2134 2133 ei,
2162 2072 2317 2139 cujus
2343 2087 2465 2127 esse
2492 2073 2603 2143 (65)
2631 2075 2744 2143 jam
2801 2072 2997 2130 dictam
3030 2092 3061 2130 a
3112 2092 3170 2131 se
3222 2094 3391 2140 unam,

1837 2158 2185 2222 voluntatem,
2216 2176 2336 2229 qua:
2364 2161 2521 2215 inane
2563 2166 2870 2232 ﬁgmentum
2915 2165 3054 2220 ﬁctae
3105 2167 3387 2236 cogitatio-

1838 2248 1923 2302 nis
1940 2257 2039 2314 est,
2067 2259 2119 2303 et
2138 2264 2352 2317 germen
2377 2253 2518 2321 quod
2550 2254 2615 2307 ab
2642 2254 2939 2309 idololatria
2962 2258 3035 2311 ml
3060 2260 3270 2328 penitus
3284 2257 3387 2313 dif-

1839 2338 1958 2393 fert.
1986 2339 2126 2394 Deus
2148 2343 2291 2395 enim
2320 2344 2480 2397 simul
2529 2354 2582 2399 et
2602 2346 2783 2415 ‘homo
2815 2348 3067 2407 Salvator
3099 2349 3385 2415 exsistens,

1838 2430 1975 2484 duas
1998 2439 2205 2485 tantum
2229 2444 2583 2501 congruentes
2615 2437 2715 2489 sibi
2761 2447 2981 2492 naturas
3004 2447 3059 2493 et
3085 2439 3390 2495 voluntates

1840 2530 1894 2573 et
1925 2523 2286 2589 opcrationes,
2320 2523 2371 2575 id
2400 2532 2485 2577 est
2507 2524 2741 2577 divinam
2773 2536 2825 2580 et
2869 2527 3159 2581 humanam
3206 2528 3386 2593 habet,

1841 2613 2294 2680 quemadmodum
2316 2614 2500 2685 inclyti
2544 2627 2897 2686 praeceptores
2920 2619 3091 2674 nostri
3120 2634 3183 2674 ac
3211 2621 3392 2675 docto-

1841 2717 1928 2755 res
1959 2700 2226 2758 aﬁirmant
2260 2722 2273 2757 :
2326 2718 2432 2757 non
2454 2720 2623 2758 .unarn
2656 2717 2709 2758 et
2759 2708 2916 2769 duas,
2947 2708 3015 2761 id
3054 2718 3135 2762 est
3170 2718 3297 2774 tres,
3329 2705 3416 2763 ut'

1842 2793 2137 2847 adversarii
2188 2793 2583 2861 dogmatizant;
2648 2811 2758 2863 quo
2809 2796 2940 2850 illud
2989 2799 3388 2869 evidentissime

1843 2891 2049 2953 gerant,
2112 2883 2253 2950 quod
2305 2883 2432 2935 olim
2487 2898 2515 2936 a
2570 2883 2677 2937 Deo
2728 2901 2821 2953 per
2849 2886 3037 2941 Isaiam
3069 2890 3382 2958 prophetam

1841 2973 1896 3026 in
1916 2968 2249 3026 calumniam
2278 2962 2494 3041 dicitur,
2524 2974 2575 3028 id
2629 2986 2746 3029 est:
2791 2976 3059 3046 Caupones
3110 2984 3185 3034 tui
3210 2984 3386 3053 vinum

1842 3080 1979 3131 aqua
2009 3064 2220 3115 miscent
2245 3063 2310 3115 ⁸⁸.
2342 3062 2410 3118 Ut
2442 3066 2582 3118 enim
2612 3080 2827 3135 apparet
2856 3110 2871 3131 ,
2902 3074 2980 3124 'ct
3021 3070 3111 3125 isti
3165 3073 3385 3127 verbum

1843 3154 2081 3207 veritatis
2140 3168 2441 3221 cauponum
2507 3170 2657 3209 more
2710 3158 3059 3215 adulterando
3090 3199 3106 3223 ,
3156 3144 3390 3218 natura-

203 3242 426 3295 exsistit.
457 3243 521 3297 Et
549 3246 636 3298 isti
659 3248 872 3313 quidem
903 3248 1095 3301 talibus
1116 3263 1179 3301 ac
1201 3250 1737 3317 tantisimpietatibns
1764 3233 1805 3289 (ἶ
1839 3244 1944 3298 lem
1996 3245 2307 3299 dllalilalem
2349 3246 2685 3301 νοΙιιηιίὶιυιη
2736 3256 2790 3301 ει
2842 3234 3211 3317 ορέηὶίοηιιῐη
3268 3248 3438 3307 θῦμ’

203 3332 363 3400 capti,
385 3349 479 3402 per
511 3350 605 3387 sua
651 3336 819 3402 ipsius
848 3336 961 3405 (58)
991 3337 1239 3406 dogmata
1280 3339 1643 3406 propalantur.
1676 3338 1739 3392 Hi

204 3435 347 3485 vero,
379 3424 471 3490 qui
509 3425 668 3476 simul
691 3441 812 3479 cum
837 3426 1047 3479 duabus
1074 3428 1438 3482 voluntatibus
1464 3437 1517 3482 et
1551 3444 1743 3497 opera-

202 3511 455 3577 tionibus,
488 3529 607 3580 quze
657 3516 856 3569 sanctis
888 3518 1163 3569 catholica:
1208 3519 1604 3573 institutoribus
1638 3517 1741 3575 Εε-

202 3600 371 3655 clesite
390 3603 475 3670 pie
492 3603 543 3654 in
569 3602 841 3658 Salvatnre
859 3615 1043 3659 nostro
1060 3605 1275 3659 Christo
1287 3608 1556 3672 dicuntur,
1581 3610 1741 3662 aliam

203 3704 360 3744 unam
384 3694 565 3746 nescio
593 3696 728 3748 unde
752 3688 1006 3767 ﬁngentes
1032 3698 1270 3751 confiteri
1298 3700 1497 3761 volunt,
1527 3710 1579 3753 ct
1605 3698 1741 3753 ana-

203 3783 548 3837 thematizant
574 3800 665 3837 eos
689 3786 780 3851 qui
811 3802 915 3837 non
938 3802 1173 3840 consone
1188 3789 1287 3839 sibi
1318 3804 1478 3841 unam
1510 3799 1561 3841 et
1585 3791 1739 3853 duas,

203 3873 253 3926 id
284 3883 363 3927 est
392 3885 500 3927 tres
557 3874 856 3928 voluntates
887 3886 938 3929 et
985 3879 1320 3942 operationes
1368 3880 1418 3930 in
1474 3894 1537 3931 co
1584 3880 1745 3932 confi-

203 3971 413 4030 tentur;
462 3966 812 4019 nihilominus
863 3976 916 4019 et
972 3969 1056 4018 isti
1096 3978 1310 4021 sanctos
1357 3972 1637 4039 prophetas
1691 3980 1745 4025 ct

203 4056 473 4121 apostolos
506 4069 569 4108 ac
608 4054 877 4117 doctores,
903 4054 1031 4119 quin
1062 4062 1115 4105 et
1170 4071 1329 4122 super
1382 4058 1504 4119 hos,
1545 4059 1642 4125 qui
1690 4060 1741 4110 in

204 4144 330 4212 ipsis
352 4147 562 4201 locutus
582 4153 684 4205 est,
706 4145 815 4195 imo
831 4153 881 4195 et
910 4158 1050 4194 nunc
1068 4158 1159 4205 per
1176 4160 1267 4197 eos
1285 4145 1494 4209 affatur,
1517 4148 1745 4200 sanctis-—

204 4240 392 4295 simum
420 4241 675 4310 Spiritum
692 4224 1162 4301 anathematizant,
1188 4249 1239 4289 et
1257 4241 1503 4291 traditam
1530 4256 1624 4308 per
1648 4257 1742 4293 eos

204 4333 355 4386 nobis
380 4333 562 4385 abillo
608 4339 843 4383 sanctam
893 4336 945 4381 et
973 4327 1370 4381 immaculatam
1402 4329 1555 4382 fidem
1590 4332 1742 4382 novis

204 4420 1035 4478 adulterantesadinventionibus
1069 4423 1353 4489 abnegant,
1391 4432 1444 4475 et
1474 4422 1631 4479 aliam
1688 4422 1740 4475 in

1843 3336 2043 3389 vatoris
2070 3337 2241 3389 nostri
2270 3338 2471 3391 Christi
2502 3327 2609 3390 una
2626 3339 2899 3393 voluntate
2942 3357 3006 3395 ac
3053 3342 3398 3410 operatione,

1841 3443 1963 3497 quae
1987 3428 2039 3483 in
2071 3428 2188 3495 ipso
2214 3428 2282 3480 ab
2327 3429 2589 3483 hzereticis
2622 3431 2709 3497 qui
2739 3430 2791 3483 in
2823 3430 3135 3491 confusione
3163 3436 3226 3486 ac
3250 3434 3387 3485 divi-
3418 3504 3419 3507 η

1843 3518 1996 3571 sione
2029 3532 2121 3570 seu
2156 3518 2433 3584 phantasia
2480 3518 2681 3583 decepti
2724 3526 2868 3582 sunt,
2917 3518 3083 3586 intpie
3119 3520 3385 3587 dogmati-

1844 3616 1960 3660 zata
1984 3617 2086 3669 est,
2123 3608 2286 3660 veluti
2316 3606 2496 3658 vinum
2521 3621 2657 3673 aqua
2692 3607 2995 3670 miscentes,
3022 3619 3274 3678 utrasque
3296 3626 3385 3666 se-

1838 3702 1957 3745 ctas
1990 3694 2228 3746 confiteri
2253 3691 2614 3757 compellunt;
2659 3698 2801 3761 quod
2842 3682 3079 3774 impium
3123 3699 3385 3751 veraciter

1842 3784 2012 3835 estet
2044 3783 2275 3834 alienum
2324 3781 2677 3834 immaculata:
2713 3781 2835 3836 fidei
2874 3795 3078 3839 nostra:
3123 3786 3391 3842 Christiaa

1842 3887 2069 3937 nurum;
2123 3872 2215 3940 qui
2247 3888 2313 3925 ex
2341 3871 2603 3927 diametro
2638 3870 2979 3927 similiter‘ut
3032 3892 3385 3945 praecessores

1843 3963 1926 4016 sui
1951 3964 2111 4016 etiam
2163 3978 2259 4030 per
2292 3964 2437 4020 hunc
2494 3982 2524 4019 a
2582 3953 2800 4017 veritate
2844 3965 3097 4019 decidunt
3142 3969 3380 4021 modum.

1844 4052 2072 4121 Equale
2093 4054 2291 4121 quippe
2326 4071 2392 4108 ex
2436 4054 2699 4107 diametro
2740 4062 2795 4105 et
2841 4054 3015 4110 simile
3070 4056 3269 4107 malum
3301 4054 3386 4109 est

1843 4159 1965 4196 cum
2000 4146 2246 4198 haeretica
2277 4145 2530 4211 opinione
2559 4153 2833 4211 paternam
2883 4144 3143 4211 projicere
3189 4160 3254 4201 ac
3296 4161 3384 4199 re-

1842 4234 2073 4299 probare
2100 4232 2495 4295 orthodoxiam,
2520 4242 2571 4284 et
2602 4248 2631 4285 e
2649 4233 2864 4285 diverso
2906 4247 3029 4285 cum
3062 4234 3164 4289 hac
3186 4238 3385 4302 pariter

1841 4322 2059 4373 etillam
2092 4320 2331 4373 confiteri
2355 4318 2407 4373 et
2445 4322 2771 4389 approbare:
2825 4319 2956 4384 Qua:
2985 4324 3123 4374 enim
3160 4326 3386 4391 panici-

1841 4413 1985 4479 patio
2007 4412 2235 4478 justitia:
2264 4424 2311 4465 et
2346 4413 2613 4481 iniquitati
2638 4413 2661 4466 .9
2682 4422 2773 4464 aut
2794 4429 2907 4481 qua:
2935 4414 3151 4466 societas
3178 4414 3283 4466 luci
3312 4415 3380 4466 ad

206 4508 479 4568 Salvator-(3
534 4515 751 4569 Christo
799 4523 1043 4567 naturam
1088 4520 1277 4581 praeter
1304 4511 1537 4563 divinam
1564 4519 1617 4563 et
1642 4510 1740 4563 hu-
1772 4550 1816 4602 υ
1845 4501 2121 4554 tenebras?
2150 4510 2238 4554 aut
2262 4519 2379 4571 qua:
2403 4506 2667 4557 conventio
2700 4503 2894 4557 Christi
2922 4504 2991 4555 ad
3035 4504 3199 4557 Belial
3220 4504 3246 4554 .’
3288 4512 3380 4553 aut

205 4618 435 4669 manam,
464 4614 772 4659 extrancam
820 4605 1105 4672 quamdam
1157 4612 1210 4655 et
1234 4604 1472 4654 omnium
1508 4600 1734 4654 alienam

206 4695 567 4749 exsistentium
620 4697 822 4765 ﬁngunt
855 4695 991 4763 (59),
1020 4694 1175 4761 cujus
1226 4709 1344 4747 esse
1387 4693 1572 4745 volunt
1610 4708 1639 4744 a
1680 4706 1737 4743 se

206 4782 375 4836 ﬁctam
404 4788 457 4837 in
482 4787 569 4839 illo
593 4803 752 4839 unam
771 4787 1094 4838 voluntatem
1116 4784 1567 4855 etoperationem.
1592 4782 1737 4847 Quo-

207 4872 342 4924 niam
365 4872 546 4925 omnis
571 4856 818 4929 voluntas
842 4874 1102 4927 naturalis
1127 4880 1179 4924 et
1230 4872 1593 4925 substantialis
1616 4887 1739 4940 0pc—

206 4944 357 5028 ratio,
385 4974 589 5017 natura:
610 4965 847 5031 profecto
863 4963 1201 5017 voluntativce
1223 4977 1285 5013 ac
1302 4961 1584 5029 operativre
1605 4961 1739 5012 idio-

208 5066 342 5109 mata
375 5062 521 5109 sunt.
553 5052 615 5107 Et
646 5057 822 5109 omnis
842 5055 1077 5112 operatio
1100 5052 1357 5103 naturalis
1384 5050 1735 5102 substantiam

164 5146 420 5217 ,indicat,
444 5161 512 5199 ex
535 5160 641 5214 qua
682 5147 919 5214 procedit
968 5154 1018 5197 et
1074 5145 1210 5196 inest
1242 5140 1349 5208 (60)
1379 5157 1392 5192 :
1454 5149 1506 5192 et
1539 5138 1741 5217 indica-

275 5330 318 5361 ⁸⁸
347 5331 455 5399 lsa.
485 5342 525 5393 ι,
549 5326 638 5379 2-3.
717 5324 764 5355 ⁸⁸
789 5324 829 5377 ll
847 5325 971 5379 Cor.
1001 5340 1073 5390 vl,-
1103 5323 1282 5375 H-lO.

275 5510 381 5578 (57)
405 5507 1057 5578 lmpotemepotentem.
1082 5508 1245 5563 Βλως.

279 5576 385 5648 (58)
418 5576 612 5648 Ipsius.
640 5576 900 5647 Ipsorum.
934 5581 1007 5630 ln.

275 5645 380 5717 (59)
399 5645 466 5701 Et
485 5645 779 5701 omnium...
806 5649 1025 5717 ﬁngunt,
1046 5646 1109 5698 Et
1125 5648 1189 5699 ab
1205 5645 1449 5700 omnibus
1471 5658 1588 5715 qua:
1614 5650 1741 5698 sunt

217 5711 265 5767 in
284 5711 732 5797 'renlnis‘alienam‘,‘
758 5711 977 5797 ﬁngunt.
1007 5716 1238 5797 ςοιοεῐ.

228 5797 235 5803 ’
280 5785 385 5855 (60)
416 5784 485 5840 Et
519 5788 668 5840 iam.
693 5782 790 5840 Cui
826 5782 981 5840 inest.
1012 5782 1082 5837 In.

1839 4609 1955 4661 qua:
1980 4609 2101 4658 pars
2140 4593 2280 4661 ﬁdeli
2334 4611 2449 4647 cum
2503 4594 2751 4663 inﬁdeli?
2775 4594 2862 4661 qui
2892 4605 3064 4645 autem
3105 4607 3378 4644 consensus

1843 4686 2031 4753 templo
2060 4685 2151 4739 Dei
2178 4703 2293 4738 cum
2316 4687 2467 4739 idolis
2492 4687 2536 4718 ⁸⁸
2554 4688 2579 4739 ?
2612 4686 2826 4738 divinus
2855 4686 2931 4745 ait
2954 4683 3264 4751 Apostolus.
3293 4679 3379 4732 ln-

1842 4794 2003 4847 quam
2036 4792 2165 4831 vero
2192 4788 2246 4831 et
2294 4779 2438 4845 ipse:
2470 4778 2599 4841 Quae
2629 4775 2983 4857 participatio,
3017 4774 3098 4827 vel
3133 4787 3375 4826 commu-

1843 4869 2061 4932 nicatio,
2094 4868 2394 4928 conventio,
2438 4876 2529 4917 aut
2555 4882 2697 4934 pars,
2720 4874 2811 4941 aut
2830 4871 3381 4930 consensuspaternze

1843 4958 2189 5019 orthodoxire,
2224 4957 2289 5007 ad
2350 4972 2577 5025 nequam
2620 4956 2991 5009 haereticorum
3050 4955 3379 5023 opinionem,

1844 5060 1902 5101 ut
1920 5064 2039 5101 cum
2066 5048 2228 5100 altera
2253 5047 2416 5100 altera
2438 5049 2771 5115 przedicetur,
2789 5048 2871 5101 vel
2887 5048 3045 5100 etiam
3063 5042 3383 5112 respuatur?

1922 5157 1939 5189 ι
1989 5134 2120 5189 ῊΙΙ.
2150 5134 2214 5189 Ει
2242 5138 2345 5191 hoc
2368 5153 2585 5206 quoque
2618 5140 2897 5207 diligenter
2929 5133 3225 5197 intendant,
3253 5131 3382 5199 quia

1910 5502 2019 5572 (6i)
2043 5504 2260 5557 Constat
2387 5505 2649 5573 possibile.
2710 5506 2971 5558 Constare
3010 5503 3125 5558 sine
3150 5504 3383 5573 quadam

1844 5576 2163 5636 substantia,
2201 5586 2280 5629 est
2312 5578 2580 5643 possibile.
2611 5577 2687 5627 lo.

1913 5664 2026 5733 (ϐξ)
2052 5663 2118 5716 Et
2146 5667 2463 5718 necessitate.
2503 5664 2577 5715 Ex
2606 5666 2941 5715 necessitate.
2969 5661 3043 5713 In.

1918 5755 2027 5825 (63)
2054 5754 2215 5824 Cujus
2247 5773 2371 5809 esse.
2400 5752 2567 5823 Cujus
2599 5754 2760 5807 velint
2788 5768 2922 5807 esse.
2952 5752 3023 5805 In.
