4098 6362
785 422 888 502 st‘r

1425 444 1482 499 S.
1524 441 1877 499 HIPPOLYTI
1916 442 2062 498 OPP.
2105 441 2283 498 PARS
2321 442 2384 497 II.
2425 474 2492 484 —
2528 442 2823 499 DOGMAT.
2866 442 2952 497 ET
2989 440 3343 498 HISTORIC.‘

3866 445 3951 497 διδ

784 564 831 618 si
861 562 1311 634 quemadmodum
1342 577 1566 633 magnus
1598 563 1665 616 ab
1696 562 2094 617 immortalitate
2120 577 2319 632 cogno-
2348 566 2392 623 Α
2420 572 2652 617 creatam
2670 572 2720 616 et
2736 561 3951 631 creatam,sineinceptionectcumineeptiozw,

787 655 1024 709 minatus
1053 653 1186 724 (64),
1214 657 1325 709 imo
1352 646 1481 707 vero
1510 662 1734 707 cunctus
1777 661 2085 708 sanctorum
2128 652 2328 707 chorus

785 743 1033 810 aﬁirmat,
1060 744 1205 814 quod
1245 759 1377 814 pene
1411 743 1540 797 ﬁdes
1561 742 1856 797 Salvatoris
1883 741 2051 798 nostri
2094 756 2202 796 non
2238 741 2330 795 ad-

785 836 982 902 mittat,
1012 850 1133 891 eum
1173 835 1274 888 hoc
1306 832 1549 888 instabile
1568 831 1823 901 quiddam
1847 832 2140 887 secundum
2173 846 2327 886 suam

786 925 954 995 ipsius
981 925 1242 980 rationem
1266 925 1509 979 exsistat.
1536 922 1688 989 Quod
1716 923 1761 976 si
1790 923 1894 977 hoc
1938 923 2103 977 fuerit
2145 936 2324 992 passa,

786 1023 842 1070 et
858 1015 1001 1085 quod
1028 1014 1153 1070 huic
1171 1022 1254 1070 est
1291 1013 1620 1070 contrarium
1678 1012 1863 1082 procul
1900 1012 2063 1067 dubio
2096 1013 2328 1068 sustine—

783 1107 883 1171 hit,
932 1106 1351 1161 additamentum
1402 1104 1625 1170 scilicet,
1666 1112 1719 1158 et
1767 1103 2041 1171 quomodo
2088 1103 2327 1157 manebit

784 1198 1009 1254 ulterius
1033 1196 1165 1251 ﬁdes
1204 1194 1495 1251 defectibus
1523 1209 1587 1249 ac
1616 1192 1962 1267 profectibus
2002 1193 2328 1248 immutata?

784 1288 997 1351 Dicant,
1028 1288 1220 1357 inquit,
1273 1285 1441 1352 nobis,
1474 1286 1562 1354 qui
1614 1301 1705 1355 per
1756 1284 1986 1354 singulos
2037 1285 2144 1337 dies
2198 1284 2326 1352 ﬁdes

785 1387 985 1444 creant,
1017 1379 1119 1432 imo
1137 1378 1255 1432 deos
1288 1377 1387 1431 sibi
1426 1377 1651 1431 diversos
1680 1376 1899 1446 ﬁngunt,
1929 1376 2176 1445 quoniam
2209 1392 2325 1428 cum

786 1468 908 1535 ﬁdei
931 1468 1076 1521 verba
1107 1476 1340 1521 mutatur
1371 1474 1523 1536 atque
1568 1463 1943 1539 multipficatur
1993 1482 2025 1518 a
2056 1467 2247 1519 talibus
2272 1465 2326 1517 id

784 1559 921 1633 quod
948 1558 1195 1612 creditur.
1228 1555 1369 1627 Ergo
1396 1565 1449 1611 et
1479 1556 1771 1611 adversarii
1799 1555 1928 1610 ﬁdes
1961 1556 2064 1610 sibi
2094 1556 2327 1613 conden-

784 1659 866 1705 tes
886 1650 1145 1715 diversas,
1167 1644 1370 1717 absque
1398 1647 1545 1702 omni
1574 1646 1994 1701 contradictione
2031 1648 2323 1703 secundum

785 1738 1093 1807 qualitatem
1123 1746 1176 1792 et
1198 1736 1549 1806 quantitatem
1581 1744 1742 1805 atque
1771 1734 2195 1809 immutationem
2225 1736 2323 1789 do-

785 1836 1023 1897 gmatum
1054 1841 1297 1892 suorum,
1329 1824 1616 1881 immutant
1662 1825 1823 1879 simul
1866 1834 1919 1879 et
1970 1826 2326 1895 multiplicant

785 1918 839 1973 id
871 1918 1014 1987 quod
1034 1908 1291 1981 creditur,
1319 1924 1373 1971 et
1400 1915 1639 1985 quinque
1684 1914 1932 1968 Christus
1960 1923 2180 1969 eatenus
2208 1914 2323 1983 pla-

785 2023 991 2065 smasse
1015 2016 1405 2065 monstrantur.
1446 2006 1599 2062 Hunc
1629 2005 1844 2076 quidem
1869 2020 2030 2059 unam
2051 2006 2319 2075 operatio-

784 2114 928 2166 nem,
961 2098 1111 2153 ﬂium
1143 2113 1270 2153 vero
1297 2114 1396 2154 nec
1425 2114 1588 2155 unam
1638 2098 2024 2169 operationem,
2060 2103 2115 2150 et
2152 2095 2317 2149 alium

784 2206 949 2244 unam
975 2199 1323 2257 voluntatem,
1372 2201 1425 2245 et
1460 2190 1699 2245 alterum
1738 2188 1836 2246 nec
1874 2204 2034 2244 unam
2073 2189 2322 2243 volunta-

783 2294 930 2336 tem:
974 2297 1133 2351 porro
1164 2283 1407 2352 quintum
1458 2298 1618 2336 unam
1675 2292 1729 2337 et
1769 2283 1925 2349 duas,
1951 2290 2111 2359 atque
2158 2296 2320 2349 unam

782 2378 839 2426 et
864 2372 1019 2438 duas,
1046 2371 1096 2425 id
1116 2379 1198 2425 est
1226 2380 1333 2426 tres
1362 2372 1697 2440 operationes
1751 2381 1804 2426 et
1847 2381 1955 2427 tres
2002 2363 2320 2434 voluntates,

787 2470 846 2516 ut
872 2462 1044 2534 aiunt,
1083 2462 1385 2515 habentem.
1410 2460 1489 2516 Et'
1511 2462 1693 2516 dicant
1747 2462 1791 2517 si
1834 2462 2017 2517 volunt
2072 2462 2147 2515 illi
2200 2463 2321 2530 ipsi,

786 2553 879 2620 qui
923 2552 1047 2605 talia
1090 2560 1360 2620 exponunt
1384 2552 1653 2622 dogmata,
1694 2560 1748 2606 et
1798 2553 1889 2622 qui
1926 2552 2325 2607 communicant

786 2642 889 2705 eis,
922 2640 975 2693 in
995 2654 1151 2709 quem
1182 2641 1363 2693 talium
1386 2656 1449 2694 ac
1472 2649 1549 2695 tot
1586 2640 1916 2697 Christorum
1939 2660 1969 2697 a
1998 2658 2055 2698 se
2081 2635 2324 2697 [ictorum

789 2729 1341 2799 credentes'baptizati
1398 2739 1525 2784 sunt
1552 2733 1632 2784 vel
1655 2732 1989 2799 baptizantur
2018 2751 2031 2787 :
2058 2741 2150 2786 aut
2171 2732 2326 2801 cujus

787 2837 975 2878 eorum
1019 2837 1213 2891 corpus
1245 2834 1299 2876 et
1329 2823 1641 2892 sanguinem
1693 2833 1910 2877 sumunt
1954 2834 2113 2893 atque
2142 2825 2325 2878 distri-

790 2916 994 2983 buunt;
1026 2924 1204 2970 utrum
1225 2915 1342 2985 ejus
1364 2916 1457 2986 qui
1489 2931 1669 2981 unam,
1694 2932 1759 2969 an
1782 2918 1872 2985 qui
1900 2933 1997 2971 nec
2019 2932 2176 2970 unam
2208 2931 2328 2984 ope-

792 3011 1090 3075 rationem;
1122 3008 1238 3077 ejus
1258 3007 1349 3078 qui
1385 3022 1546 3061 unam
1577 3007 1925 3072 voluntatem,
1975 3022 2043 3060 an
2093 3005 2211 3074 ejus
2240 3005 2331 3073 qui

794 3114 955 3153 unam
980 3106 1033 3153 et
1064 3098 1219 3163 duas,
1250 3108 1301 3153 et
1323 3112 1481 3152 unam
1507 3107 1555 3153 et
1584 3098 1740 3161 duas,
1794 3097 1847 3151 id
1877 3105 1959 3162 est
2007 3106 2116 3152 tres
2142 3110 2331 3165 Opera-

792 3188 969 3241 tiones
993 3195 1047 3241 et
1066 3196 1175 3241 tres
1210 3188 1531 3251 voluntates,
1563 3198 1612 3242 et
1644 3196 1920 3257 propterea
1977 3186 2089 3255 jam
2138 3204 2200 3243 ex
2230 3202 2323 3240 ne-

792 3275 1040 3330 cessitate
1070 3283 1180 3328 tres
1208 3274 1365 3327 etiam
1394 3283 1613 3327 naturas
1639 3275 1813 3328 habet.
1842 3272 1945 3327 Sed
1970 3288 2072 3325 non
2103 3284 2329 3325 eratvox

718 3386 721 3389 λ
789 3379 838 3421 ct
870 3383 969 3420 non
990 3364 1322 3419 cratauditia
1342 3364 1407 3427 α’,
1450 3364 1899 3433 quemadmodum
1951 3365 2025 3417 ait
2072 3364 2329 3432 propheta

794 3472 1018 3529 magnus
1043 3455 1204 3530 Elias,
1228 3455 1484 3511 scelestos
1503 3455 1805 3508 sacerdotes
1829 3463 1880 3509 et
1901 3453 2331 3523 pseudoprOphe—

796 3555 877 3600 tas
905 3546 1234 3600 confusionis
1263 3546 1610 3613 redarguens.

869 3655 889 3687 ‹
922 3636 1011 3690 IX.
1043 3636 1175 3691 Nam
1208 3636 1467 3706 quidquid
1524 3635 1715 3687 horum
1750 3633 2001 3696 dixerint,
2037 3633 2182 3685 illinc
2207 3646 2328 3685 cum

797 3726 1065 3794 impietate
1084 3726 1244 3779 etiam
1261 3725 1687 3794 redargutionem
1712 3738 1885 3777 sermo
1901 3736 2085 3776 eorum
2109 3722 2335 3775 circum—

797 3816 967 3880 feret;
1002 3810 1254 3885 queniam
1284 3829 1391 3868 non
1421 3815 1683 3877 iugerum
1707 3824 1761 3868 et
1786 3814 2046 3868 veraciter
2068 3812 2333 3867 exsistan-

795 3918 902 3962 tem
944 3904 1216 3959 Christum
1256 3904 1479 3958 credunt
1518 3914 1677 3971 atque
1729 3902 2019 3970 baptizant,
2067 3918 2164 3956 nec
2188 3902 2331 3955 illius

794 4011 991 4067 corpus
1014 4004 1067 4049 et
1102 3996 1416 4064 sanguinem
1448 3993 1717 4062 accipiunt
1736 4002 1788 4046 et
1806 3994 2151 4047 distribuunt.
2176 3992 2327 4045 Illum

797 4091 963 4153 enim,
1003 4102 1189 4141 verum
1241 4082 1462 4149 scilicet,
1491 4094 1544 4141 et
1564 4084 1654 4153 qui
1700 4098 1823 4137 vere
1872 4085 2137 4148 consistit,
2171 4083 2330 4136 Chri—

804 4189 947 4235 stum
977 4178 1139 4232 Deum
1161 4177 1322 4231 simul
1351 4185 1404 4229 et
1451 4176 1713 4229 hominem
1746 4172 1926 4245 inclyti
1973 4174 2211 4241 magistri
2248 4190 2334 4226 no-

797 4265 897 4322 stri
924 4282 986 4320 ac
1003 4278 1349 4335 praeceptores
1372 4265 1622 4330 scientes,
1645 4266 1779 4318 duas
1821 4272 1875 4317 et
1912 4271 2119 4315 tantum
2143 4276 2333 4330 quem-

798 4357 1083 4411 admodum
1103 4366 1340 4421 naturas,
1360 4356 1437 4410 sic
1454 4356 1615 4410 etiam
1633 4364 1685 4409 et
1700 4355 1833 4407 duas
1849 4354 2170 4416 voluntates,
2190 4361 2240 4406 et
2256 4361 2338 4408 to—

798 4449 962 4503 tidem
977 4444 1317 4515 operationés
1333 4454 1685 4515 congruentes
1702 4445 1827 4508 sibi,
1840 4445 2074 4499 divinam
2108 4447 2331 4511 scilicet,

794 4536 859 4593 'ut
873 4538 985 4609 jam
1003 4536 1204 4591 dictum
1230 4544 1311 4591 est
1335 4534 1823 4603 encomprobatum,
1842 4543 1894 4589 et
1921 4536 2231 4604 humanam,
2255 4539 2337 4592 in-

2430 652 2485 705 in
2512 652 2628 720 ipso
2644 651 2965 705 conﬁteatur
2981 660 3034 705 et
3053 650 3295 706 conﬁteri
3318 650 3472 706 nobis
3492 651 3831 721 praecipiunt.
3853 650 3952 707 Non

2428 750 2633 808 autem,
2663 750 2722 795 ut
2751 742 2803 796 hi
2834 756 2979 797 nunc
3002 741 3266 797 novitates
3290 740 3556 806 fecerunt,
3587 757 3755 796 unam
3795 750 3849 796 et
3873 758 3955 796 nae

2428 849 2616 900 unam,
2641 831 2738 888 nec
2761 833 2914 897 duas,
2944 840 2996 887 et
3029 846 3217 887 rursus
3234 816 3396 885 unam
3427 839 3480 885 et
3498 832 3656 897 duas,
3684 832 3736 885 id
3757 838 3840 885 est
3863 841 3955 884 tl‘L'S

2426 926 2728 979 voluntates
2746 936 2799 979 et
2825 924 3167 992 operationes
3204 922 3403 978 habere
3425 923 3573 977 illum
3607 922 3866 977 fatentur.

2501 1036 2519 1068 ι
2556 1016 2621 1069 Χ.
2651 1017 2823 1087 Super
2852 1016 2967 1070 haec
2990 1022 3166 1069 autem
3193 1015 3374 1069 omnia
3406 1030 3523 1084 quae
3552 1015 3697 1068 dicta
3743 1022 3884 1077 sum,
3913 1026 3953 1065 ct

2427 1106 2557 1160 illud
2586 1123 2799 1176 quoque
2834 1107 3137 1162 certissime
3195 1105 3462 1170 noverint,
3491 1106 3749 1174 quoniam
3810 1121 3952 1158 unam

2426 1212 2526 1251 nec
2556 1213 2739 1262 unam,
2768 1213 2941 1267 neque
2979 1197 3136 1262 duas,
3168 1205 3223 1252 et
3286 1197 3481 1251 iterum
3529 1211 3694 1251 unam
3751 1205 3807 1250 et
3837 1196 3955 1250 duas

2426 1290 2726 1345 voluntates
2749 1299 2803 1344 et
2834 1290 3195 1359 Operationes,
3220 1296 3275 1343 et
3299 1289 3480 1343 omnia
3506 1295 3626 1343 cum
3655 1288 3954 1342 anathema-

2428 1380 2570 1434 tibus
2586 1388 2637 1435 et
2653 1379 3072 1450 depositionihus
3099 1392 3162 1432 ac
3182 1378 3739 1432 exeommunicalione
3755 1379 3954 1445 dogma-

2426 1470 2673 1533 tizantes,
2708 1478 2890 1540 aperte
2913 1469 3013 1525 sibi
3036 1477 3089 1522 et
3116 1469 3393 1527 alterutris
3420 1483 3719 1536 repugnare
3742 1468 3953 1536 proban-

2425 1572 2555 1627 tur;
2590 1569 2644 1616 et
2671 1561 2771 1630 ipsi
2806 1576 2899 1629 per
2951 1576 3008 1615 se
3038 1558 3271 1627 ipsoset.
3312 1558 3537 1612 invicem
3568 1558 3881 1617 subvertnnt
3902 1572 3953 1610 ac

2412 1654 2726 1716 destruunt,
2753 1650 2951 1704 alterna
2984 1650 3142 1703 verba
3202 1657 3255 1703 et
3286 1649 3557 1719 dogmata,
3615 1662 3785 1716 seque
3828 1648 3952 1715 ipsos

2424 1754 2478 1800 et
2499 1745 2803 1807 alterutros,
2833 1749 2884 1794 et
2914 1755 3006 1793 eos
3034 1740 3126 1808 qui
3152 1739 3253 1793 sibi
3298 1739 3722 1802 communicant,
3753 1738 3953 1808 anathe-

2426 1834 2703 1898 matizant,
2742 1844 2794 1886 ct
2814 1832 2882 1886 ab
2913 1832 3057 1885 omni
3085 1846 3237 1885 sacra
3268 1830 3524 1898 dignitate
3569 1843 3634 1882 ac
3674 1828 3953 1881 ministerio

2424 1924 2630 1993 peﬂunt
2665 1930 2823 1989 atque
2853 1922 3145 1989 deponunt.
3166 1918 3390 1974 Necnon
3414 1928 3467 1973 et
3491 1934 3518 1971 a
3548 1917 3883 1987 perceptione
3900 1917 3952 1969 il-

2425 2014 2601 2066 Iibatae
2613 2010 3007 2066 communionis
3021 2009 3211 2063 viviﬁci
3229 2009 3466 2078 corporis
3485 2019 3537 2061 et
3564 2009 3844 2077 sanguinis
3860 2024 3954 2061 ma-

2424 2106 2511 2175 gni
2529 2103 2621 2158 Dei
2636 2113 2687 2157 et
2702 2102 2997 2157 Salvatoris
3008 2103 3175 2156 nostri
3193 2100 3317 2155 Jesu
3334 2101 3530 2155 Christi
3546 2108 3895 2169 sequestram.

2500 2215 2519 2246 ‹
2550 2194 2637 2248 XI.
2665 2193 2730 2249 Et
2753 2196 2864 2249 haec
2904 2194 3109 2263 liquido
3154 2208 3275 2256 nos,
3316 2202 3370 2247 et
3398 2194 3544 2247 nullo
3601 2194 3871 2246 intuentes
3913 2197 3957 2240 et

2426 2285 2655 2341 scientes
2677 2284 2923 2339 obstante
2940 2282 3221 2347 velamine,
3246 2297 3352 2335 non
3377 2282 3549 2336 solum
3569 2294 3793 2351 propter
3804 2279 3957 2333 mulli-

2428 2375 2652 2431 formem
2684 2389 2942 2437 errorem,
2992 2389 3176 2428 verum
3206 2372 3365 2428 etiam
3398 2382 3450 2425 et
3477 2382 3697 2441 propter
3728 2369 3959 2426 instabili-

2430 2474 2591 2519 tatem
2622 2472 2675 2517 et
2726 2464 3112 2519 absurditatem
3162 2478 3225 2518 ac
3277 2463 3761 2531 reclprocationem
3794 2462 3955 2517 talium

2429 2556 2666 2609 virorum
2702 2562 2753 2607 et
2777 2554 3107 2623 dogmatum,
3143 2555 3292 2609 omni
3340 2554 3587 2607 custodia
3619 2542 3959 2622 nosmetipsos

2432 2646 2499 2700 ab
2542 2647 2755 2700 illorum
2815 2646 3087 2713 impietate
3134 2657 3188 2701 et
3242 2646 3626 2701 communione
3681 2660 3956 2707 servemus,

2432 2742 2694 2805 quotquot
2729 2734 2781 2788 in
2827 2736 3049 2789 veritate
3100 2752 3219 2791 esse
3249 2752 3312 2791 ac
3338 2737 3443 2791 dici
3498 2737 3798 2791 Christiani
3837 2737 3963 2791 volu-

2433 2842 2575 2881 mus.
2601 2826 2848 2879 Alienum
2874 2828 3070 2896 quippe
3092 2842 3121 2881 a
3150 2827 3472 2882 Christianis
3504 2836 3611 2891 est,
3644 2843 3769 2882 cum
3791 2828 3957 2881 ortho-

2431 2918 2587 2971 doxia
2649 2919 2808 2974 etiam
2869 2918 3194 2988 impietatem
3252 2920 3553 2986 suscipere;
3608 2926 3704 2970 aut
3743 2917 3958 2971 conﬁteri

2431 3009 2642 3078 quidem
2658 3011 3013 3075 Orthodoxam
3032 3012 3210 3075 ﬁdem,
3226 3010 3627 3064 communicare
3643 3024 3772 3063 vero
3791 3008 3869 3062 bis
3885 3006 3957 3075 qui

2430 3100 2569 3154 hanc
2594 3116 2689 3169 per
2718 3116 2885 3154 novas
2904 3101 3237 3154 inventiones
3262 3101 3532 3169 abnegant
3574 3108 3622 3154 et
3650 3100 3958 3153 adulteram.

2430 3188 2653 3259 Propter
2680 3190 2824 3258 quod
2851 3190 3026 3243 divina
3064 3191 3217 3246 nobis
3262 3192 3343 3244 lex
3386 3188 3547 3244 simul
3603 3200 3655 3243 et
3687 3190 3959 3259 apostolica

2425 3281 2595 3351 jubet,
2624 3296 2717 3335 eos
2745 3282 2837 3349 qui
2862 3279 3004 3335 aliud
3039 3290 3228 3350 praeter
3246 3282 3387 3352 quod
3418 3298 3446 3336 a
3477 3282 3813 3337 Christiferis
3851 3282 3959 3333 viris

2431 3374 2734 3442 accepimus
2764 3374 2829 3439 ⁸⁸,
2859 3373 3049 3429 docere
3072 3389 3134 3430 ac
3167 3373 3511 3429 introducere
3545 3377 3724 3428 conati
3757 3374 3958 3431 fuerint.

2430 3469 2667 3515 avertere
2703 3460 2813 3531 (65)
2836 3470 2889 3515 et
2916 3459 3395 3524 anathematizare,
3425 3475 3531 3513 non
3558 3469 3769 3513 tantum
3804 3460 3855 3513 si
3878 3459 3955 3511 ho-

2434 3550 2607 3605 mines
2639 3549 2855 3616 fuerint,
2888 3551 2979 3604 sed
3003 3558 3055 3603 et
3085 3550 3208 3602 licet
3254 3548 3431 3617 angeli
3486 3547 3740 3602 fortassis
3792 3564 3822 3601 e
3843 3548 3961 3602 caelo

2432 3640 2815 3694 descendentes
2842 3639 3160 3693 exstiterint.
3203 3635 3269 3688 Et
3290 3637 3335 3691 si
3367 3637 3469 3691 hoc
3493 3636 3807 3703 fecerimus,
3831 3650 3878 3693 et
3901 3636 3962 3689 di-

2430 3730 2610 3783 vinam
2662 3730 2777 3783 sine
2832 3726 3271 3798 praevaricatione
3319 3726 3795 3795 adimpleverimus
3846 3742 3961 3795 pra:—

2430 3819 2749 3887 ceptionem,
2781 3830 3096 3883 sacramque
3120 3830 3182 3868 ac
3210 3815 3561 3868 orthodoxam
3594 3815 3752 3868 ﬁdem
3780 3817 3961 3883 absque

2430 3906 2816 3961 adulteratione
2842 3906 3003 3961 simul
3035 3916 3089 3958 et
3120 3904 3467 3960 innovatione
3500 3904 3896 3973 possederimus
3917 3906 3961 3954 ct

2431 3996 2664 4052 confessi
2722 3995 3021 4059 fuerimus;
3078 3993 3144 4047 ad
3166 3981 3329 4047 vitam
3350 3994 3483 4047 salvi
3505 3992 3801 4047 eﬁiciemur
3828 4002 3961 4045 aeter-

2431 4103 2555 4140 nam
2586 4090 2639 4141 in
2664 4086 2881 4140 Christo
2901 4083 3028 4138 Jesu
3074 4083 3300 4138 Domino
3324 4096 3542 4139 nostro:
3573 4098 3697 4139 cum
3732 4099 3839 4153 quo
3874 4080 3961 4134 Deo

2432 4186 2483 4230 et
2528 4177 2695 4239 Patri,
2730 4192 2833 4228 una
2865 4191 2987 4230 cum
3019 4176 3360 4231 sanctissimo
3386 4185 3439 4229 et
3478 4176 3623 4229 beno
3646 4190 3710 4229 ac
3768 4173 3958 4227 viviticn

2435 4264 2658 4333 Spiritu,
2687 4265 2875 4335 gloria,
2908 4267 3100 4332 honor,
3145 4267 3450 4335 imperium,
3482 4274 3533 4319 et
3566 4264 3812 4318 adoratio
3839 4278 3959 4316 nunc

2431 4364 2484 4409 et
2513 4371 2741 4424 semper,
2792 4366 2845 4409 et
2876 4356 2928 4409 in
2963 4358 3141 4410 omnia
3176 4369 3560 4425 nunquamque
3610 4354 3844 4409 ﬁnienda
3878 4368 3961 4406 sx-

2434 4449 2553 4503 cula
2580 4449 2919 4503 satculorum.
2953 4448 3141 4502 Amen.
3183 4464 3203 4498 ι

800 4721 1049 4789 Claudii
1106 4716 1578 4798 Cappcronnier
1605 4734 1666 4798 _v.
1707 4732 1774 4798 _c.
1828 4714 2411 4798 animadversiones
2462 4725 2528 4783 in
2579 4721 2888 4782 Anastasii
2919 4716 3597 4798 Vejrsionemgiatinam
3629 4716 3957 4789 Fragmen—

1048 4794 1255 4860 toruin
1294 4794 1644 4873 Hippolyti,
1684 4795 1912 4857 Contra
1950 4794 2243 4855 Beroncm
2276 4809 2331 4858 et
2362 4802 2635 4861 Helicem
2665 4820 2679 4858 :
2704 4799 2882 4874 juxta
2914 4795 3258 4857 editionem
3288 4794 3746 4857 Fabricianam.

1109 4920 1289 4973 Auaat.
1316 4919 1498 4973 venio.

869 5008 905 5044 a
963 4986 1306 5047 Naturalibus
1367 4988 1624 5056 producta
1678 4984 1810 5056 legi-

802 5062 918 5115 bus.

1879 5071 1945 5108 να
1967 5057 2169 5125 νόμοις.

874 5128 904 5196 β
941 5124 1269 5196 Vertihilita's
1290 5124 1441 5196 enim
1467 5124 1582 5191 ejus
1613 5124 1710 5196 qui
1730 5132 1811 5196 est

808 5266 903 5318 niti
931 5265 1061 5335 (66).

1882 5278 2053 5333 νησις.

876 5418 911 5468 τ
945 5401 1099 5459 Omni
1139 5402 1303 5458 etiam
1339 5406 1557 5469 excepta
1584 5399 1814 5453 circum-

810 5471 1098 5539 scriptione
1126 5472 1440 5543 permansit.
1886 5483 1969 5522 κε.

877 5586 919 5616 ⁸⁷
945 5582 1005 5637 III
1029 5581 1157 5651 Reg.
1176 5599 1323 5649 xvm,
1361 5582 1448 5635 26.
1523 5580 1568 5611 ⁸³
1594 5578 1709 5633 Gal.
1749 5592 1785 5641 I,
1821 5577 1871 5630 8.

879 5701 988 5771 (δι)
1008 5698 1221 5771 Magnus
1245 5700 1305 5771 ab
1333 5698 1724 5771 immortalitate
1748 5693 2152 5771 cognominatus.
2172 5693 2327 5771 Atha-

809 5762 995 5827 nasius
1029 5762 1320 5836 de'synod.
1371 5769 1574 5820 Selene.
1604 5776 1654 5818 et
1680 5766 1902 5836 Aritnin.
1933 5762 2031 5815 Sed
2076 5766 2323 5836 mendum

812 5845 866 5896 in
913 5855 1039 5894 voce
1060 5833 1203 5904 pene.
1242 5834 1377 5889 Num
1412 5835 1661 5898 consules,
1709 5835 1789 5890 vel
1835 5843 2028 5900 tempus
2060 5841 2149 5885 aut
2185 5833 2323 5898 defc-

1948 4986 2069 5048 Τοῖς
2095 4919 2566 5055 ἓκασταϐςξῗςξῗέοίς
2591 4984 2897 5056 διεξαγόμε-

1948 5124 2131 5193 Τρὸπὴ
2158 5124 2263 5194 γὰρ
2284 5124 2373 5177 τοῦ
2399 5126 2533 5178 κατὰ
2554 5124 2711 5192 φύσιν
2737 5125 2895 5177 ἀπεί-

806 5192 1051 5267 ἱηὲγιρβῃ
1080 5194 1353 5267 motionis,
1389 5202 1566 5246 motus
1589 5202 1670 5246 est
1698 5192 1811 5245 inﬁ-
1881 5192 2277 5263 ρουζκινέῖσθὰι
2310 5214 2327 5265 ε

2412 5195 2726 5263 πεφυκότος,
2752 5196 2784 5264 ἡ
2809 5194 2893 5247 κί-

1952 5400 2133 5469 nam];
2161 5400 2263 5465 ἔξω
2292 5402 2627 5471 περιγραφῆς
2659 5401 2893 5473 μεμένη-

3212 4903 3217 4908 ’
3311 4915 3630 4969 Emendata.

3036 4985 3159 5040 Suis
3185 5001 3408 5056 quaeque
3434 4982 3639 5051 legibus
3663 4984 3957 5047 temperata.

2965 5057 3040 5110 vel
3066 5058 3329 5109 ordinata.
3451 5117 3466 5120 _
3506 5118 3517 5120 _
3681 5116 3712 5120 __
3779 5116 3789 5120 _
3848 5114 3858 5120 .
3950 5111 3956 5120 .

3035 5124 3253 5179 Mutatio
3281 5136 3389 5175 non
3435 5117 3595 5171 debet
3626 5116 3790 5170 tribui
3816 5114 3861 5169 ei
3884 5114 3959 5181 qui

2966 5194 3031 5248 de
3066 5203 3255 5247 natura
3288 5205 3385 5245 sua
3432 5188 3504 5240 sit
3528 5187 3856 5240 immotionis
3880 5198 3933 5235 ex

2965 5278 3105 5332 pers.
3147 5264 3468 5314 Immensum
3508 5257 3715 5309 moveri
3753 5270 3858 5308 non
3882 5266 3960 5321 po-

2968 5340 3163 5452 ‘esSline
3230 5393 3380 5449 omni
3478 5390 3960 5461 circumscriptione

2967 5464 3278 5537 permansit.

2432 5701 2569 5743 ctum
2594 5691 2616 5741 .’
2646 5691 2875 5742 (ἴοιμεν.

2502 5760 2612 5825 (65)
2646 5760 2900 5809 Avertere.
2938 5754 3208 5808 Aversari.
3230 5753 3395 5808 Bina.

2501 5821 2608 5896 (66)
2652 5825 2770 5880 Ilrec
2805 5826 2978 5880 versio
3010 5826 3213 5878 nullum
3261 5822 3449 5892 legenti
3486 5838 3706 5877 sensum
3742 5821 3953 5876 exhibet.
4026 5858 4027 5861 η
