4098 6362
710 497 810 549 855

1364 494 1421 548 S.
1461 488 1817 546 lllPPOLYTl
1855 490 2000 545 OPP.
2047 488 2223 543 PARS
2252 487 2313 541 ll‘.
2351 517 2421 529 ——-
2466 487 2763 541 DOGMAT.
2806 487 2890 540 ET
2931 488 3277 544 HlSTORiC.‘

3808 487 3908 543 8'56

709 609 819 674 Ego
855 609 1177 678 pmnitentize
1208 609 1419 675 baptizo
1448 610 1786 676 baptismate,
1819 607 1907 660 ille
1950 606 2250 674 adoptionis

2353 606 2512 667 αὐτὸς
2564 603 2619 656 δὲ
2673 606 2937 667 υἱοθεσίας
2984 605 3229 675 δωρεῖται
3272 606 3541 675 χάρισμα·
3579 604 3743 666 αὑτὸς
3768 606 3909 673 ὑμᾶς

706 698 870 750 donat
902 704 1127 765 gratiam
1158 715 1169 749 :
1200 696 1308 764 ipse
1340 712 1437 749 vos
1468 696 1671 764 Spiritu
1706 703 1893 749 sa'ncto
1918 706 1971 748 et
2009 696 2129 762 igne
2165 696 2256 747 ba-

705 786 946 855 ptizabit.
974 785 1113 849 Quid
1165 785 1296 837 mihi
1342 785 1655 840 attenditis?
1705 801 1813 839 non
1860 800 1960 855 ego
2010 785 2257 840 Christus

706 891 847 929 b'Ulll.

775 963 863 1017 ιν.
905 964 1025 1021 "(PC
1045 964 1277 1020 Joannes
1302 965 1367 1019 ad
1391 966 1647 1037 populum
1672 981 1794 1018 cum
1825 966 2071 1029 dixisset,
2098 976 2151 1020 et
2170 968 2259 1022 hic
2328 960 2335 965 ’

2358 695 2602 764 βαπτίσει
2619 696 2961 764 ἐνΠνεύματι
2988 696 3125 765 ἁγίῳ
3150 696 3240 747 καὶ
3268 695 3485 763 πυρί.Τί
3509 696 3629 766 ὲμοὶ
3649 695 3914 766 προσανέρ

2356 803 2511 855 χετε;
2543 788 2641 837 οὑκ
2670 788 2786 855 εἰμὶ
2814 786 2920 853 ἐγὼ
2945 788 2973 837 6
2998 782 3244 857 Χριστός.

2426 962 2608 1025 Ταῦτα
2636 964 2729 1017 τοῦ
2772 964 3013 1018 Ἰωάννου
3049 966 3181 1037 πρὸς
3220 965 3309 1019 τὸν
3349 964 3499 1034 δχλον
3532 963 3778 1032 λέγοντος
3818 960 3914 1016 καὶ

707 1058 929 1112 arrectis
954 1058 1217 1126 capitibus
1243 1066 1580 1125 exspectaret
1608 1072 1805 1111 novum
1828 1059 2030 1125 aliquid
2053 1068 2255 1127 specta-

2354 1054 2446 1106 τοῦ
2479 1055 2608 1107 λαοῦ
2645 1056 3065 1125 καραδοκοῦντος
3095 1055 3238 1120 ξένον
3262 1073 3312 1108 τι
3340 1055 3515 1125 θέαμα
3536 1058 3647 1117 τοῖς
3674 1071 3915 1123 σωματι-

706 1151 885 1204 culum
916 1150 1085 1203 oculis
1113 1149 1355 1217 corporis
1376 1164 1619 1213 cernere,
1640 1148 1854 1203 diabolo
1880 1150 2044 1202 etiam
2064 1150 2130 1203 ad
2155 1151 2258 1204 hoc

704 1239 930 1294 Joannis
956 1238 1322 1293 testimonium
1366 1239 1644 1307 perculso;
1678 1254 1803 1293 ecce
1828 1238 2089 1294 Dominus
2124 1257 2257 1309 pra:-

706 1348 831 1386 sens
846 1333 998 1385 adest
1017 1331 1263 1400 simplex,
1286 1322 1457 1393 solus,
1484 1330 1684 1396 nudus,
1709 1330 1827 1384 sine
1852 1332 2134 1397 comitatu,
2156 1332 2258 1385 hu-

706 1438 865 1476 mano
900 1436 1129 1491 corpore
1172 1421 1337 1475 veluti
1381 1430 1529 1475 veste
1560 1421 1801 1486 indutus,
1834 1422 2257 1492 dignitatemque

702 1511 998 1565 divinitatis
1040 1512 1337 1573 occultans,
1372 1520 1429 1565 ιιι
1481 1512 1667 1566 lateret
1717 1512 1969 1568 draconis
2018 1512 2253 1569 fraudes.

701 1598 810 1655 Nec
862 1609 1067 1656 tantum
1116 1610 1174 1655 ut
1224 1599 1484 1657 Dominus
1532 1602 1650 1657 sine
1695 1604 1844 1671 regio
1896 1605 2145 1659 satellitio
2189 1607 2257 1659 ad

700 1691 961 1748 Joannem
1013 1693 1270 1754 accessit;
1310 1693 1401 1746 sed
1451 1693 1613 1746 etiam
1662 1704 1717 1747 ut
1756 1694 1984 1762 simplex
2016 1695 2179 1749 homo
2204 1704 2258 1751 et

686 1764 970 1835 obnoxius
995 1784 1249 1850 peccatis,
1280 1791 1441 1850 caput
1468 1798 1626 1836 suum
1656 1783 1932 1837 inclinavit
1959 1793 2018 1837 ut
2042 1800 2072 1838 a
2092 1783 2258 1839 Joan-

703 1886 771 1926 ne
802 1871 1181 1940 baptizaretur.
1220 1871 1371 1927 Unde
1403 1874 1492 1927 ille
1518 1874 1708 1928 videns
1741 1882 1942 1928 tantam
1976 1876 2257 1932 demissio-

705 1976 847 2027 nem,
878 1962 955 2015 rei
988 1962 1341 2017 admiratione
1370 1972 1592 2033 stupens
1616 1964 1779 2034 ccepit
1807 1981 1931 2020 eum
1948 1966 2254 2035 prohibere,

700 2060 879 2120 atque,
900 2060 958 2105 ut
982 2052 1143 2109 modo
1160 2053 1461 2118 audivistis,
1483 2054 1547 2109 ad
1570 2070 1692 2109 eum
1716 2055 1851 2109 dixit
1878 2074 1891 2110 :
1922 2075 1940 2108 ι
1968 2055 2095 2111 Mihi
2120 2072 2255 2127 opus

700 2151 781 2195 est
808 2142 1065 2210 baptizari
1090 2158 1119 2196 a
1147 2153 1217 2207 te,
1249 2154 1301 2198 et
1333 2154 1387 2199 tu
1416 2145 1481 2199 ad
1514 2162 1599 2200 me
1628 2146 1855 2201 venis“?
1875 2168 1894 2199 ι
1926 2148 2065 2213 Quid
2096 2146 2252 2215 facis,

703 2228 958 2287 Domine?
989 2232 1151 2289 doces
1200 2251 1321 2303 qua:
1374 2251 1497 2289 cum
1544 2238 1727 2305 regula
1774 2252 1881 2291 non
1940 2240 2077 2294 bene
2122 2256 2255 2294 con-

702 2332 919 2388 gruunt.
959 2322 1075 2377 Alia
1126 2325 1192 2379 de
1225 2334 1273 2378 te
1308 2326 1614 2393 praedicavi,
1644 2336 1697 2381 et
1734 2330 1839 2382 alia
1876 2338 1932 2383 tu
1963 2329 2253 2385 ohis.'Alia

701 2413 906 2467 audivit
940 2414 1205 2480 diabolus,
1238 2428 1291 2471 et
1334 2417 1438 2471 alia
1486 2416 1649 2471 videt.
1683 2418 1901 2486 Baptiza
1929 2427 1984 2473 tu
2009 2422 2105 2473 'me
2134 2420 2255 2489 igne

700 2505 993 2563 divinitatis
1038 2526 1051 2561 :
1092 2509 1219 2577 quid
1266 2525 1461 2578 aquam
1513 2511 1840 2578 exspectas?
1885 2510 2128 2564 illumina
2168 2527 2257 2566 me

702 2594 939 2663 Spiritu;
977 2598 1105 2666 quid
1143 2614 1253 2652 rem
1305 2609 1537 2653 creatam
1573 2599 1933 2668 prmstolaris?
1965 2617 2049 2655 me
2084 2602 2257 2671 bapti-

698 2695 836 2739 stam
886 2688 1119 2756 baptiza,
1173 2698 1231 2743 ut
1279 2692 1631 2759 praerogativa
1662 2686 1769 2745 'tua
1810 2701 1934 2745 nota
1970 2693 2082 2747 fiat.
2120 2694 2250 2764 Ego,

701 2776 943 2842 Domine,
992 2778 1255 2846 baptisma
1302 2782 1629 2847 pcenitentize
1676 2785 1908 2851 baptizo,
1940 2801 2112 2855 neque
2157 2803 2277 2843 eos

699 2870 790 2936 qui
820 2871 884 2921 ad
911 2885 996 2924 me
1024 2858 1286 2924 accedunt
1312 2887 1532 2940 possum
1568 2874 1861 2943 baptizare,
1892 2878 1995 2931 nisi
2031 2890 2250 2946 peccata

699 2974 798 3012 sua
833 2959 1062 3014 confessi
1092 2962 1239 3029 prius
1267 2962 1485 3017 fuerint.
1521 2962 1745 3020 Etiamsi
1780 2967 2052 3035 baptizare
2080 2979 2128 3024 te
2162 2988 2253 3026 ve-

699 3050 814 3114 lim,
847 3052 974 3119 quid
1018 3052 1181 3107 babes
1225 3055 1368 3121 quod
1402 3057 1749 3111 confitearis?
1777 3056 1857 3111 Tu
1896 3076 1953 3114 es
1980 3062 2072 3129 qui
2111 3064 2252 3117 tollis

702 3152 948 3207 peccata,
1003 3155 1055 3197 et
1102 3144 1370 3212 baptismo
1421 3147 1503 3201 vis
1550 3148 1813 3217 baptizari
1875 3154 2253 3219 poenitentia)?

2357 1148 2471 1207 κοῖς
2516 1145 2807 1215 ὀφθαλμοῖς
2854 1146 3165 1211 θεάσασθαι,
3196 1146 3290 1199 καὶ
3326 1145 3418 1199 τοῦ
3454 1144 3697 1197 διαϐόλου
3745 1160 3916 1194 κατα-

2357 1236 2719 1305 πληττομένου
2752 1232 2859 1305 (77)
2889 1238 2978 1289 ἐπὶ
3008 1240 3073 1307 τῇ
3106 1237 3337 1308 τοσαύτῃ
3362 1235 3453 1288 τοῦ
3497 1235 3739 1287 Ἰωάννου
3776 1250 3917 1303 μαρ-

2356 1325 2547 1397 τυρίᾳ⁸
2608 1326 2714 1379 ἰδοὺ
2769 1329 2796 1380 6
2847 1326 3046 1396 Κύριος
3101 1326 3453 1397 παραγίνεται
3504 1325 3680 1388 λιτὸς,
3733 1324 3913 1393 μόνος,

2355 1415 2576 1487 γυμνὸς,
2609 1416 3055 1486 ἀπροστάτευτος,
3090 1415 3288 1485 ἔνδυμα
3332 1414 3467 1484 ἔχων
3496 1413 3554 1465 τὸ
3580 1412 3916 1484 ἀνθρώπινον

2357 1508 2535 1578 σῶμα,
2570 1508 2823 1578 κρύπτων
2854 1508 2910 1559 δὲ
2934 1506 2993 1559 τὸ
3015 1507 3112 1577 τῆς
3138 1506 3382 1576 θεότητος
3406 1505 3637 1575 ἀξίωμα,
3667 1505 3753 1556 ἵνα
3778 1502 3919 1574 λάθῃ

2353 1598 2446 1649 τοῦ
2477 1598 2760 1669 δράκοντος
2790 1598 2850 1651 τὸ
2882 1598 3259 1669 πανούργημα.
3293 1598 3401 1667 καὶ
3424 1599 3486 1650 οὑ
3517 1597 3672 1666 μόνον
3697 1597 3773 1659 ὼς
3805 1595 3918 1647 Κύ-

2358 1707 2469 1760 ριος
2503 1690 2656 1753 ἐκτὸς
2682 1690 2779 1759 τῆς
2808 1690 3085 1760 βασιλικῆς
3106 1690 3427 1763 δορυφορίας
3453 1690 3584 1761 πρὸς
3609 1688 3699 1740 τὸν
3740 1687 3919 1739 Ἰωάν·

2355 1797 2451 1849 νην
2485 1779 2871 1851 παραγέγονεν,
2901 1779 3034 1833 ἀλλὰ
3074 1782 3168 1834 καὶ
3198 1781 3272 1845 ὼς
3313 1781 3590 1851 ἄνθρωπος
3635 1778 3778 1840 λιτὸς
3825 1776 3922 1829 καὶ

2357 1871 2632 1941 ὑπόχρεως
2666 1870 2966 1941 ἁμαρτιῶν,
3000 1871 3203 1925 ἔκλινεν
3226 1874 3323 1944 τὴν
3353 1871 3589 1940 κεφαλὴν
3627 1868 3792 1922 αὑτοῦ
3826 1867 3922 1937 βα-

2357 1960 2644 2030 πτισθῆναι
2696 1960 2798 2012 ὑπὸ
2842 1961 3271 2015 Ἰωάννου.”Οθεν
3319 1962 3347 2012 6
3381 1962 3625 2028 Ἰωάννης
3650 1954 3923 2027 θεασάμε-

2355 2070 2441 2115 νος
2468 2052 2563 2122 τὴν
2588 2052 2851 2123 τοσαύτην
2876 2054 3380 2123 ταπεινοφροσύνην,
3405 2050 3701 2121 θαμϐηθεὶς
3732 2052 3824 2102 ἐπὶ
3842 2051 3920 2121 τῷ

2355 2146 2658 2215 πράγματι,
2695 2141 2894 2213 ἤρξατο
2940 2142 3253 2195 διακωλύειν
3302 2142 3461 2194 αὑτὸν
3506 2141 3696 2207 λέγων,
3736 2140 3920 2203 καθὼς

2353 2236 2551 2304 ἀρτίως
2582 2234 2874 2304 ἠκούσατεο
2907 2253 2925 2285 ι
2948 2232 3087 2301 Ἐγὼ
3116 2234 3301 2304 χρείαν
3326 2233 3431 2301 ἔχω
3459 2232 3562 2285 ὑπὸ
3598 2233 3691 2285 σού
3726 2234 3919 2302 βαπτι-

2328 2328 2566 2396 ,σθῆναι,
2597 2326 2690 2379 καὶ
2724 2328 2786 2378 σὺ
2826 2325 2959 2396 ἔρχῃ
2986 2325 3119 2395 πρὸς
3150 2324 3250 2394 μέ;
3277 2343 3295 2374 ι
3335 2325 3397 2376 Τί
3426 2327 3615 2387 ποιεῖς,
3643 2318 3688 2376 ὦ
3717 2324 3917 2377 Δέσπο-

2352 2436 2452 2483 τα;
2488 2420 2813 2472 άκανόνιστα
2855 2416 3388 2487 δογματίζεις.Ἀλλα
3428 2416 3781 2485 κατήγγειλα,
3828 2416 3917 2468 καὶ

2353 2511 2485 2564 ἄλλα
2514 2510 2746 2581 μετέρχῃ
2763 2527 2777 2540 ν
2808 2508 2941 2563 ἄλλα
2962 2509 3189 2580 ἧκουσεν
3214 2510 3241 2560 6
3268 2498 3525 2572 διάϐολος,
3550 2506 3640 2559 καὶ
3669 2506 3804 2560 ἄλλα
3827 2522 3919 2559 καρ-

2353 2606 2547 2657 τανοεῖ.
2582 2602 2850 2657 Βάπτισόν
2890 2619 2957 2672 με
2984 2601 3061 2671 τῷ
3090 2600 3219 2671 πυρὶ
3251 2600 3348 2668 τῆς
3377 2599 3642 2669 θεότητοςο
3679 2598 3730 2649 τί
3762 2614 3917 2667 περι-

2356 2695 2534 2766 μένεις
2576 2696 2636 2749 τὸ
2675 2695 2853 2766 ὑδωρ;
2889 2694 3119 2747 Φώτισον
3154 2693 3230 2763 τῷ
3252 2693 3545 2763 Πνεύματι·
3574 2692 3627 2743 τί
3657 2690 3918 2761 προσανέ-

2354 2805 2468 2857 χεις
2509 2787 2585 2857 τῷ
2639 2788 2928 2857 κτίσματι;
2968 2787 3234 2839 Βάπτισόν
3267 2803 3331 2855 με
3361 2786 3449 2836 τὸν
3477 2782 3793 2851 βαπτιστήν,
3829 2782 3915 2832 ἵνα

2353 2878 2565 2948 γνωσθῇ
2617 2896 2708 2931 σου
2755 2882 2787 2949 ἡ
2844 2877 3280 2949 ὑπεροχή.Ἐγὼ,
3316 2878 3573 2943 Δέσποτα,
3627 2874 3915 2943 μετανοίας

2355 2969 2598 3038 βαπτίζω
2639 2968 2936 3039 βάπτισμα,
2969 2973 3059 3023 καὶ
3104 2971 3227 3033 τοὺς
3273 2958 3731 3039 προσερχομένους
3780 2967 3915 3038 πρὸς

2355 3063 2424 3133 μὲ
2462 3064 2737 3133 ἀμήχανον
2787 3062 3042 3131 βαπτίσαι
3078 3061 3171 3115 ἐὰν
3206 3061 3279 3132 μὴ
3310 3061 3406 3124 τὰς
3438 3062 3707 3131 ἁμαρτίας
3732 3061 3915 3114 αὑτῶν

2354 3152 2873 3224 ὲξομολογήσωνται-
2916 3152 3126 3205 Κείσθω
3166 3154 3246 3205 ὄτι
3298 3152 3538 3223 βαπτίζω
3577 3170 3657 3217 σε,
3686 3152 3737 3203 τί
3770 3152 3915 3221 ἔχεις

702 3229 922 3284 Etiamsi
968 3247 1065 3301 ego
1100 3244 1149 3286 te
1179 3235 1450 3301 baptizare
1498 3240 1826 3305 sustinuero,
1854 3240 2115 3295 Jordanes
2143 3258 2249 3296 non

2355 3243 2873 3314 ὲξομολογήσασθαις
2918 3242 3239 3314 ’Ᾱμαρτιῶν
3265 3244 3558 3316 ἀφαιρέτης
3607 3244 3873 3314 ὑπάρχεις
3897 3284 3912 3304 ,

701 3319 860 3372 audet
896 3322 1116 3389 pr0pius
1146 3323 1212 3375 ad
1240 3332 1290 3377 te
1323 3328 1577 3378 accedere
1609 3344 1621 3378 :
1660 3347 1677 3377 ι
1710 3328 1822 3399 Ego
1847 3344 1985 3398 opus
2019 3330 2192 3384 habeo
2223 3345 2255 3385 ι

703 3420 752 3462 te
788 3411 1069 3478 baptizari.
1097 3423 1149 3468 et
1183 3423 1237 3467 tu
1269 3414 1418 3468 venis
1449 3414 1515 3467 ad
1544 3416 1664 3469 me?
1691 3436 1711 3468 ι

774 3681 833 3734 ν.
875 3682 1011 3747 Quid
1041 3684 1200 3753 igitur
1228 3686 1276 3738 ei
1304 3684 1565 3742 Dominus
1590 3688 1914 3757 respondet?
1949 3708 1966 3741 ι
1996 3689 2252 3746 Permitte

698 3771 829 3838 jam,
861 3774 931 3826 ita
958 3774 1099 3827 enim
1133 3775 1285 3847 decet
1309 3792 1408 3829 nos
1434 3777 1654 3845 implere
1686 3794 1896 3832 omnem
1924 3780 2205 3848 justitiam.
2225 3803 2243 3834 ι

704 3860 955 3915 Permitte
986 3863 1119 3930 jam,
1150 3863 1405 3928 Joannes,
1438 3882 1545 3920 non
1573 3884 1631 3920 es
1654 3886 1739 3923 me
1770 3872 2168 3939 sapientior.'l‘u
2195 3886 2250 3930 ut

704 3953 885 4013 homo,
902 3954 1150 4020 respicis;
1174 3969 1291 4024 ego,
1310 3965 1368 4009 ut
1384 3954 1540 4025 Deus,
1556 3958 1698 4010 novi.
1724 3958 1964 4013 Primum
1985 3977 2069 4014 me
2090 3978 2248 4029 opor-

702 4054 775 4098 tet
804 4043 1001 4109 facere,
1034 4055 1196 4114 atque
1241 4046 1312 4099 ita
1341 4046 1554 4101 docere.
1598 4046 1742 4101 Nihil
1794 4050 2047 4105 indecens
2091 4053 2245 4119 obeo,

701 4136 895 4190 decore
922 4146 1063 4190 totus
1095 4137 1332 4195 indutus.
1365 4136 1596 4201 Miraris,
1626 4154 1658 4192 ο
1687 4138 1941 4203 Joannes,
1969 4143 2111 4209 quod
2143 4160 2248 4199 non

702 4227 822 4278 veni
872 4243 995 4281 cum
1030 4229 1309 4298 dignitatis
1354 4245 1485 4283 mea:
1531 4230 1816 4299 insigniis?
1852 4232 2067 4287 Privato
2106 4236 2247 4290 enim

703 4330 811 4367 non
842 4320 1097 4384 competit
1131 4320 1274 4389 regia
1322 4335 1596 4389 purpura;
1648 4337 1825 4391 regem
1873 4334 2053 4377 autem
2100 4326 2251 4383 decet

704 4406 952 4458 militaris
982 4420 1200 4461 ornatus
1230 4428 1242 4462 :
1276 4426 1402 4463 num
1437 4412 1697 4467 adversus
1723 4422 2030 4485 tyrannum,
2063 4427 2112 4470 et
2142 4434 2247 4471 non

702 4499 769 4550 ad
798 4498 1029 4551 amicum
1063 4501 1215 4551 veni?
1258 4501 1324 4555 At
1356 4504 1602 4569 permitte
1632 4521 1793 4569 nunc,
1841 4508 1912 4559 ita
1947 4508 2089 4560 enim
2120 4525 2248 4563 con-

2356 3335 2449 3386 καὶ
2477 3334 2536 3386 τὸ
2567 3335 2667 3403 τῆς
2698 3334 2979 3403 μετανοίας
3007 3336 3178 3399 θέλεις
3204 3336 3559 3405 βαπτισθῆναι
3590 3335 3871 3403 βάπτισμα
3895 3350 3910 3395 ;

2354 3424 2417 3477 El
2446 3425 2538 3478 καὶ
2566 3426 2674 3493 ἐγώ
2700 3442 2756 3477 σε
2778 3426 3027 3497 τολμήσω
3059 3428 3335 3498 βαπτίσαι,
3362 3430 3390 3479 6
3421 3426 3684 3497 Ἰορδάνης
3710 3427 3771 3478 οὑ
3795 3425 3917 3479 τολ-

2298 3516 2309 3522 “
2356 3514 2434 3583 μᾷ
2463 3512 2775 3585 πλησιάσαι.
2805 3514 2986 3583 ιἘγὼ
3014 3516 3199 3586 χρείαν
3232 3515 3338 3584 ἔχω
3362 3516 3463 3568 ὑπὸ
3496 3514 3589 3567 σοῦ
3621 3516 3916 3585 βαπτισθῆ-

2353 3621 2459 3667 ναι,
2494 3605 2585 3657 καὶ
2616 3606 2678 3658 σὺ
2711 3605 2845 3677 ἔρχῃ
2874 3607 3011 3676 πρὸς
3046 3606 3145 3675 μέ;
3180 3624 3199 3656 ι

2423 3692 2486 3744 Τί
2528 3688 2619 3746 οὖν
2646 3695 2673 3745 ὀ
2707 3695 2907 3764 Κύριος
2946 3697 3081 3763 πρὸς
3108 3692 3299 3759 αὑτόν;
3334 3696 3531 3763 «Ἄφες
3562 3696 3703 3765 ἄρτι,
3737 3694 3915 3755 οὕτως

2353 3781 2459 3852 γὰρ
2509 3784 2721 3852 πρέπον·
2745 3786 2876 3853 ἡμῖν
2920 3784 3064 3835 ἐστιν
3103 3784 3381 3854 πληρῶσαι
3432 3788 3605 3837 πᾶσαν
3639 3782 3913 3835 δικαιοσύ-

2351 3876 2680 3943 νην.›“Ἀφες
2712 3875 2855 3945 ἄρτι,
2874 3876 3112 3946 Ἰωάννη,
3144 3876 3241 3929 οὐκ
3271 3873 3321 3928 εἷ
3346 3893 3444 3945 μου
3478 3874 3799 3941 σοφώτερος.
3832 3874 3911 3927 Σὺ

2350 3963 2424 4025 ὼς
2470 3962 2752 4035 ἄνθρωπος
2801 3963 3033 4032 βλέπεις,
3081 3965 3189 4033 ἐγὼ
3234 3965 3310 4029 ὡς
3357 3966 3485 4026 Θεὸς
3529 3963 3908 4033 προγινώσκω.

2350 4053 2565 4125 Πρῶτόν
2613 4070 2679 4122 με
2721 4053 2803 4106 δεῖ
2845 4056 3084 4125 ποιῆσαι,
3129 4058 3219 4109 καὶ
3269 4056 3436 4121 οὕτως
3478 4052 3697 4117 διδάξαι.
3744 4055 3911 4107 Οὐδὲν

2350 4144 2592 4216 ἀπρεπὲς
2624 4144 2973 4215 μετέρχομαι,
3000 4147 3324 4218 εὐπρέπειαν
3355 4146 3460 4214 γάρ
3490 4145 3905 4214 περιϐέϐλημαι.

2348 4234 2675 4305 Θαυμάζεις,
2702 4231 2746 4288 ὦ
2780 4238 3015 4309 Ἰωάννη,
3040 4240 3119 4291 ὅτι
3145 4240 3243 4290 οὐκ
3266 4233 3425 4305 ἦλθον
3454 4236 3586 4305 μετὰ
3615 4236 3703 4289 τοῦ
3737 4235 3905 4300 ἀξιώ-

2353 4327 2516 4395 ματός
2571 4343 2706 4395 μου;
2746 4327 2948 4399 Ἰδιώτῃ
3002 4329 3099 4397 μὲν
3145 4328 3251 4397 γὰρ
3297 4327 3358 4379 οὑ
3405 4327 3599 4399 πρέπει
3652 4327 3904 4397 βασιλικὴ

2347 4414 2617 4483 ἁλουργὶς,
2651 4416 2857 4484 βασιλεῖ
2901 4416 2958 4468 δὲ
3006 4417 3201 4486 πρέπει
3253 4419 3633 4485 στρατιωτικὸν

2349 4507 2481 4577 πρὸς
2515 4506 2768 4574 τύραννον
2795 4503 2976 4577 ἦλθον,
3009 4507 3081 4576 μὴ
3113 4506 3219 4576 γάρ
3244 4508 3377 4577 πρὸς
3402 4509 3583 4576 φίλον;
3617 4512 3783 4575 Ἄφες
3808 4510 3907 4579 ἄρα

702 4590 849 4641 venit
881 4589 1037 4642 nobis
1060 4605 1269 4643 omnem
1290 4594 1552 4659 justitiam
1576 4596 1816 4664 implere.
1844 4596 2097 4665 Impletor
2120 4600 2248 4667 legis

2350 4617 2419 4659 τι,
2452 4598 2620 4659 οὑτως
2647 4598 2753 4667 γὰρ
2784 4599 2988 4668 πρέπον
3016 4600 3143 4666 ἡμῖν
3173 4600 3334 4662 ἐστιν,
3361 4600 3535 4651 πᾶσαν
3563 4598 3903 4665 δικαιοσύνην

701 4694 857 4741 sum;
900 4679 1031 4732 nihil
1060 4681 1183 4733 volo
1217 4686 1633 4749 praetermissum
1675 4687 1740 4740 ad
1781 4687 1943 4741 totius
1980 4689 2245 4754 impletio-

704 4789 824 4827 nem
860 4773 1182 4840 relinquere,
1216 4783 1273 4826 ut
1298 4786 1415 4842 post
1442 4794 1527 4833 me
1555 4780 1863 4834 exclamare
1906 4783 2077 4849 possit
2109 4780 2247 4834 Pau-

700 4868 785 4919 lus
815 4883 827 4918 :
857 4884 875 4913 σ
906 4864 1148 4932 lmpletio
1193 4866 1325 4932 legis
1374 4867 1643 4933 Christus,
1694 4872 1745 4924 in
1787 4872 2054 4939 justitiam
2100 4874 2246 4924 omni

700 4956 999 5010 credenti’.
1035 4955 1163 5009 Sine
1196 4958 1355 5011 modo
1385 4974 1399 5009 ε
1435 4960 1512 5011 sic.
1545 4963 1687 5013 enim
1721 4962 1871 5015 decet
1900 4978 2000 5017 nos
2027 4963 2246 5029 implere

702 5065 911 5101 omnem
939 5050 1205 5118 justitiam
1227 5050 1267 5100 ⁸.
1308 5068 1326 5099 ι
1372 5047 1584 5116 Baptiza
1618 5069 1722 5116 me,
1747 5052 2002 5119 Joannes,
2036 5056 2246 5123 nequis

702 5138 1021 5204 baptismum
1055 5152 1391 5209 aspernetur.
1425 5140 1468 5192 Α
1492 5148 1542 5191 te
1570 5155 1724 5194 servo
1750 5144 2009 5212 baptizor,
2036 5160 2102 5198 ne
2123 5144 2245 5212 quis

704 5242 885 5293 regum
924 5238 1016 5281 aut
1056 5232 1391 5297 superiorum
1430 5240 1650 5294 respuat
1681 5245 1711 5282 a
1744 5242 2047 5301 contempto
2073 5247 2246 5287 sacer-

701 5319 819 5370 dote
844 5320 1120 5387 baptizari.
1150 5319 1401 5374 Permitte
1429 5319 1481 5372 in
1507 5317 1792 5373 Jordanem
1815 5323 2154 5389 descendam,
2185 5331 2244 5404 ut

700 5408 920 5460 audiant
952 5408 1124 5465 Patris
1158 5412 1549 5473 testimonium,
1576 5418 1629 5464 et
1665 5410 1783 5464 Filii
1820 5416 2111 5479 potentiam
2150 5430 2241 5469 c0-

699 5508 977 5566 gnoscanl.
1023 5498 1275 5555 Permitte
1320 5518 1493 5567 nunc;
1543 5502 1616 5554 ita
1663 5502 1804 5554 enim
1842 5502 1993 5557 decet
2021 5520 2235 5558 omnem

767 5659 785 5685 ‘
823 5655 1009 5711 Matth.
1045 5676 1122 5725 Ill,
1158 5663 1242 5714 M.
1318 5665 1337 5694 ⁷
1375 5665 1527 5719 Hum.
1560 5684 1613 5731 ι,
1644 5666 1693 5719 4.
1771 5666 1791 5697 ⁸
1816 5666 2003 5727 Matth.
2040 5688 2115 5737 In,
2145 5672 2225 5725 15.
2330 5642 2333 5645 Δ

764 5792 870 5858 (77)
916 5792 1019 5844 Τού
1048 5791 1324 5867 διαϐόλου
1362 5802 1935 5867 καταπληττομένου.
1987 5803 2241 5857 Comum-

696 5860 777 5916 uis
808 5870 1040 5916 veterum
1078 5866 1340 5918 sententia
1374 5877 1470 5921 cst.
1497 5860 1765 5923 diabolum
1795 5872 2068 5940 ignorasse
2100 5889 2240 5928 ωρο-

2350 4687 2648 4758 πληρῶσαι.
2692 4689 2987 4759 Πληρωτής
3020 4687 3131 4754 είμι
3164 4675 3341 4757 νόμου,
3364 4690 3508 4741 οὐδὲν
3539 4688 3793 4757 βούλομαι
3816 4687 3903 4739 έλ-

2347 4781 2499 4842 λιπὲς
2539 4780 2855 4848 καταλεῖψαι
2898 4781 2977 4841 είς
3022 4780 3126 4830 πᾶν
3157 4779 3216 4831 τὸ
3245 4780 3511 4851 πλήρωμα
3540 4780 3625 4831 ἵνα
3655 4782 3767 4848 μετ’
3800 4781 3901 4848 ἐμὲ

2349 4874 2513 4944 βοὴσῃ
2536 4873 2563 4924 ὁ
2589 4873 2793 4935 Παῦλος
2813 4890 2825 4902 ·
2868 4890 2886 4923 ι
2919 4870 3189 4941 Πλήρωμα
3221 4873 3385 4942 νόμου
3410 4876 3437 4925 6
3460 4873 3687 4941 Χριστὸς
3718 4874 3796 4933 είς
3819 4873 3897 4924 δι-

2347 4964 2631 5031 καιοσύνην
2682 4963 2841 5015 παντὶ
2880 4961 2959 5030 τῷ
2999 4964 3315 5015 πιστεύοντι.
3339 4965 3501 5031 Ἀςρες
3550 4962 3689 5029 ἄρτι,
3726 4960 3900 5025 οὕτως

2349 5054 2453 5125 γὰρ
2500 5056 2705 5125 πρέπον
2751 5056 2881 5122 ἡμῖν
2928 5055 3091 5115 ἐστιν,
3121 5054 3399 5124 πληρῶσαι
3430 5055 3606 5105 πᾶσαν
3634 5051 3900 5105 δικαιοσύ-

2348 5161 2461 5213 νην.
2488 5164 2505 5195 ›
2537 5144 2801 5197 Βάπτισόν
2829 5144 3170 5215 με,Ἰωάννη,
3206 5146 3287 5197 ἵνα
3316 5144 3497 5213 μηδεὶς
3528 5142 3896 5211 βαπτίσματος

2349 5234 2744 5302 καταφρονήσῃ.
2764 5232 2895 5284 ’Υπὺ
2942 5234 3034 5286 σοῦ
3077 5234 3169 5287 τοῦ
3200 5234 3381 5287 δούλου
3434 5232 3782 5302 βαπτίζομαι,
3810 5235 3896 5285 ἴνα

2350 5322 2535 5390 μηδεὶς
2568 5321 2824 5389 βασιλέων
2856 5322 2885 5393 ἢ
2918 5323 3279 5396 ὑπερεχόντων
3307 5322 3570 5394 διαπτύσῃ
3609 5325 3709 5375 ὑπὸ
3748 5342 3897 5376 πενι-

2345 5412 2476 5480 χροῦ
2500 5412 2686 5483 ἱερέως
2733 5412 3277 5487 βαπτισθῆναι.”Αφες
3309 5415 3365 5464 ὲν
3390 5413 3466 5483 τῷ
3507 5415 3739 5487 Ἰορδάνῃ
3764 5406 3895 5467 κατέ

2344 5500 2497 5565 ἐλθω,
2534 5488 2628 5555 ,ἵνα
2672 5502 2970 5558 ἀκούσωσιν
3008 5507 3105 5575 τὴν
3148 5501 3408 5573 Πατρῷαν
3451 5506 3773 5575 μαρτυρίαν,
3804 5504 3897 5557 u‘.

2346 5803 2540 5927 ἓοιὶιὶω
2595 5808 2925 5875 mysterium,
2978 5822 3043 5861 cx
3092 5803 3271 5859 Matth.
3318 5821 3389 5872 iv,
3420 5806 3475 5871 5,
3530 5817 3586 5861 et
3618 5806 3636 5860 ι
3666 5807 3794 5861 Cor.
3832 5822 3893 5868 ιι,

2387 5911 2398 5925 .
2480 5889 2654 5927 Αωιις.
3692 5908 3697 5911 ~

2387 5911 2398 5925 .
2439 5889 2654 5929 I‘ADRIC.
3692 5908 3697 5911 ν
