4098 6362
206 487 371 562 εις-ι

1306 493 1533 549 SERMO
1571 494 1637 548 IN
1676 491 1942 548 SANCTA
1980 489 2461 547 THEOPHANIA.‘

3350 491 3455 548 858

272 602 673 674 ὲπιγνὼσωνται
704 608 921 685 τὴντοῦ
944 610 1072 663 Υίοῦ
1102 612 1520 682 δύναμιν.Ἀφες
1551 615 1696 683 ἄρτι,
1730 612 1815 665 οὖ-

1924 627 2022 665 nos
2054 612 2275 680 implere
2302 610 2588 679 justitiam.
2620 604 2773 665 Tunc
2809 609 3059 678 deinceps
3090 607 3324 663 Joannes
3351 609 3469 678 ipsi

268 712 376 757 τως
407 696 518 768 γὰρ
559 698 762 769 πρέπον
785 701 915 768 ἡμῖν
940 702 1082 755 ἐστιν
1111 700 1388 771 πληρῶσαι
1416 705 1591 757 πᾶσαν
1621 703 1821 755 δικαιο-

272 785 457 856 σύνην.
489 788 622 841 Τότε
662 786 844 843 λοιπὸν
870 789 1087 859 ἀφίησιν
1113 793 1272 845 αὐτὸν
1317 795 1346 846 6
1382 795 1648 863 Ἰωάννης,
1687 814 1705 845 ι
1729 796 1820 848 καὶ

266 873 581 943 βαπτισθεὶς
618 878 647 929 6
684 877 885 946 Ἰησοῦς
919 878 1116 942 εὐθέως
1142 880 1307 949 ἀνέϐη
1349 882 1455 934 ἀπὸ
1478 881 1570 935 τοῦ
1598 882 1817 946 ὖδατος’

272 962 365 1013 καὶ
388 961 734 1034 ἠνεῴχθησαν
757 962 902 1034 αὐτῷ
925 967 972 1017 οε
1000 967 1233 1038 οὐρανοὶ,
1263 969 1356 1022 καὶ
1380 969 1485 1022 ίδού
1512 971 1572 1023 τὸ
1599 971 1819 1042 Πνεῦμα

269 1049 364 1102 τοῦ
388 1050 521 1103 Θεοῦ
549 1054 864 1126 κατέρχεται
890 1060 948 1112 ἐν
975 1059 1103 1110 εἴδει
1132 1061 1471 1129 περιστερᾶς,
1494 1060 1587 1113 καὶ
1612 1060 1833 1131 ἔμεινενΔ

270 1139 358 1190 ἐπ’
387 1141 566 1197 αὐτόν.
598 1146 706 1199 Καὶ
736 1147 885 1219 φωνὴ
912 1151 976 1202 ὲκ
1011 1148 1118 1201 τῶν
1155 1149 1395 1219 οὐρανῶν
1425 1150 1685 1216 λέγουσα·
1720 1145 1821 1204 Οὖ-

267 1228 360 1290 τός
388 1231 535 1293 ἐστιν
559 1234 588 1285 6
617 1233 742 1299 Υίός
774 1253 873 1307 μου
900 1239 929 1290 6
954 1239 1250 1309 ἀγαπητὸς,
1271 1242 1327 1293 ὲν
1354 1234 1399 1307 ᾧ
1426 1240 1715 1309 ηὐδόκησα.

342 1322 501 1387 Ἵδες,
534 1324 801 1396 ἀγαπητὲ,
824 1330 1005 1384 πόσων
1033 1332 1127 1384 καὶ
1153 1331 1392 1401 πηλίκων
1420 1331 1634 1399 ἀγαθῶν
1661 1332 1818 1402 ἐμέλ-

268 1410 434 1491 λομεν
466 1414 807 1484 ζημιοῦσθαι,
834 1422 882 1473 εί
907 1418 1043 1487 εἶξεν
1074 1425 1103 1475 ό
1130 1422 1330 1495 Κύριος
1356 1426 1421 1494 τῇ
1450 1423 1541 1477 τοῦ
1582 1422 1817 1480 Ἰωάννου

269 1504 632 1577 παρακλήσει,
660 1510 756 1563 καὶ
787 1514 1136 1583 παρῃτήσατο
1169 1516 1229 1566 τὸ
1263 1516 1570 1586 βάπτισμα;
1606 1517 1823 1569 Κεκλει-

272 1593 460 1661 σμένον.
487 1594 592 1667 γὰρ
616 1591 753 1668 ἦσαν
776 1598 881 1669 πρὸ
898 1600 1084 1653 τούτου
1112 1602 1159 1653 οἱ
1182 1602 1414 1672 οὐρανοὶ,
1444 1602 1637 1655 ἄϐατον
1665 1597 1731 1673 ἦν
1761 1601 1822 1654 τὸ

404 1687 615 1759 χωρίον.
652 1690 739 1745 Ἐν
756 1692 868 1754 τοῖς
891 1691 1038 1745 κάτω
1065 1693 1376 1763 κατείημεν,
1409 1696 1466 1745 ὲν
1494 1696 1604 1757 τοῖς
1634 1684 1742 1747 ἀνω
1765 1694 1823 1747 δὲ

271 1776 376 1831 οὐκ
407 1778 665 1849 ἀνίειμεν.
690 1781 864 1835 Μόνον
890 1782 947 1835 δὲ
989 1784 1017 1835 6
1055 1783 1325 1852 Δεσπότης
1364 1782 1691 1854 ὲϐαπτίσθη;
1728 1785 1839 1845 καὶ¹

1919 699 2180 768 permittit
2208 717 2220 750 :
2258 718 2275 749 ε
2312 698 2377 751 Et
2410 699 2713 766 baptizatus
2744 696 2922 763 Jesus,
2952 698 3135 752 statim
3163 698 3352 752 iterum
3387 708 3455 751 ex

1917 802 2055 856 aqua
2083 788 2356 853 ascendit;
2380 795 2433 839 ct
2459 787 2626 855 aperti
2651 795 2778 840 sunt
2801 787 2902 856 ipsi
2927 786 3049 841 οωιί
3073 789 3165 841 ιὀι
3187 801 3310 841 ecce
3333 784 3454 854 Spi-

1916 877 2053 931 ritus
2089 876 2182 931 Dei
2224 878 2501 932 descendit
2545 879 2719 947 specie
2755 878 3036 943 columbte,
3073 888 3126 931 et
3153 891 3315 946 super
3340 877 3460 944 ipso

1916 968 2134 1021 mansit.
2160 966 2225 1021 Et
2250 982 2352 1021 vox
2375 968 2440 1022 de
2464 969 2624 1033 coelo,
2648 969 2831 1023 dicens
2854 986 2871 1021 :
2899 966 2999 1023 llic
3014 975 3098 1022 est
3117 965 3286 1023 Filius
3305 980 3459 1022 meus

1919 1056 2166 1122 dilectus,
2199 1057 2252 1111 in
2284 1073 2394 1127 quo
2422 1058 2776 1127 complacui’.
2812 1076 2832 1110 ι
3192 1076 3206 1087 ο
3322 1056 3323 1059 ‘

1992 1326 2081 1382 Vl.
2122 1325 2305 1393 Vides,
2346 1327 2558 1391 dilecte,
2596 1334 2729 1397 quot
2755 1333 2810 1381 et
2841 1336 3165 1394 quantorum
3196 1320 3460 1380 bonurum’

1914 1416 2184 1484 jacturam
2231 1416 2423 1470 facturi
2464 1415 2792 1480 fuissemus,
2834 1416 2881 1473 si
2920 1404 3145 1471 Joannis
3178 1414 3460 1471 ιιιοηὶιίοηὶ
3525 1462 3527 1467 ,

1917 1505 2181 1561 Dominus
2213 1507 2485 1581 cessisset,
2523 1515 2578 1559 et
2605 1506 2930 1575 baptismum
2960 1519 3067 1560 non
3098 1495 3463 1575 suscepisset?

1918 1595 2099 1651 Clausi
2138 1597 2281 1651 enim
2320 1603 2475 1663 erant
2510 1594 2739 1659 antehac
2774 1594 2918 1657 caeli,
2962 1594 3234 1649 inaccessa
3266 1607 3459 1662 supera

1919 1688 2086 1757 regio.
2116 1685 2175 1741 ιη
2213 1686 2467 1741 inferiora
2498 1684 2872 1741 descendimus
2906 1702 2919 1739 :
2953 1685 3019 1739 ad
3051 1685 3329 1755 superiora
3362 1699 3459 1740 au-

1917 1773 2035 1833 tem
2052 1792 2157 1832 non
2192 1777 2384 1831 iterum
2427 1775 2787 1845 ascendimus.
2816 1772 2952 1827 Num
2986 1776 3116 1827 vero
3151 1774 3329 1829 solum
3358 1772 3463 1827 Do-

204 1920 211 1935 Ῑ
236 1904 247 1913 -
270 1865 367 1919 τὸν
402 1858 931 1942 παλαιὸνάνθρῶπον
972 1874 1324 1935 ἀνεκαίνισεν,
1361 1873 1452 1925 καὶ
1475 1872 1544 1925 τὰ
1573 1873 1815 1943 σκῆπτρα

1920 1869 2101 1923 minus
2128 1869 2429 1946 baptizatus
2450 1868 2565 1923 est?
2590 1876 2641 1921 et
2672 1874 2904 1920 veterem
2937 1857 3463 1921 hominemr'enovao

274 1956 379 2024 τῆς
428 1958 694 2033 υἱοθεσίας
722 1931 868 2034 αὐτῷ
900 1960 1058 2014 πάλιν
1086 1931 1420 2036 ἐπίστευσεν.
1463 1931 1674 2024 Εὐθέως
1716 1931 1815 2033 γάρ

1921 1948 2096 2022 νὶι,ἐι
2120 1931 2328 2035 sceptra
2351 1942 2653 2025 adoptionis
2670 1955 2772 2025 ipsi
2791 1954 2985 2008 iterum
3008 1953 3248 2009 credidit.
3268 1951 3460 2008 Statim

280 2063 303 2094 c
337 2046 680 2118 ἠνεῴχθησαν
707 2050 855 2120 αὐτῷ
892 2054 940 2103 οἱ
977 2049 1210 2123 οὐρανοί.
1242 2072 1262 2104 ι
1308 2052 1571 2123 Διαλλαγή
1603 2052 1821 2121 γέγονεν

272 2136 382 2188 τῶν
416 2138 619 2208 ὁρατῶν
646 2140 780 2211 πρὸς
807 2134 871 2192 τὰ
899 2134 1129 2213 ἀόρατα·
1162 2142 1623 2215 έχαροποιήθησαν
1646 2142 1713 2195 τὰ
1734 2143 1823 2195 οὐ·

278 2227 434 2291 ράνια
462 2228 730 2299 τάγματα,
765 2230 884 2302 ίάθη
913 2234 982 2287 τὰ
1006 2234 1223 2303 ἐπίγεια
1250 2235 1547 2304 νοσήματα,
1580 2232 1817 2303 ἐγνώσθη

270 2314 342 2375 τὰ
383 2316 663 2389 ἀπόρρητα
703 2322 1016 2392 πράγματα,
1060 2322 1315 2393 ὲφιλιώθη
1349 2324 1415 2376 τά
1452 2320 1815 2392 έχθραίνοντα.

275 2405 508 2470 ’Πκουες
549 2410 657 2480 γάρ
699 2413 791 2464 τοῦ
834 2414 1210 2481 εὐαγγελιστοῦ
1248 2414 1522 2481 λέγοντος*
1559 2433 1577 2465 ι
1625 2411 1819 2482 Ἦνεῴ-

271 2494 478 2565 χθησαν
507 2500 652 2570 αὐτῷ
684 2504 733 2553 οί
760 2504 1003 2574 οὐρανοί·
1048 2525 1067 2557 ι
1097 2505 1259 2575 τριῶν
1298 2505 1611 2575 παραδόξων
1642 2507 1817 2577 χάριν.

273 2585 381 2638 Τοῦ
412 2588 519 2657 γὰρ
549 2591 777 2660 νυμφίου
804 2594 1036 2664 Χριστοῦ
1064 2584 1469 2666 βαπτιζομένου,
1498 2596 1601 2649 ἔδει
1624 2598 1712 2650 τὸν
1736 2598 1823 2649 οὐ-

275 2679 456 2749 ράνιον
499 2680 733 2752 θάλαμον
778 2684 875 2747 τὰς
925 2686 1353 2757 λαμπροφόρους-
1384 2687 1585 2753 ἀνοῖξαι
1628 2688 1832 2752 πύλας.’

286 2769 557 2836 Ὡσαύτως
584 2774 640 2827 δὲ
666 2777 759 2829 καὶ
787 2776 877 2829 τοῦ
905 2778 1058 2846 ἁγίου
1086 2779 1395 2849 Πνεύματος
1425 2772 1634 2833 ὲνέῖδει
1667 2798 1820 2850 περι-

276 2863 470 2931 στερᾶς
499 2866 788 2930 κατιόντος,
816 2870 907 2920 καὶ
932 2869 1028 2939 τῆς
1049 2870 1305 2940 Πατρῴας
1338 2871 1515 2941 φωνῆς
1550 2870 1819 2941 πανταχοῦ

270 2949 707 3023 διαδεδραμὲίης,
741 2956 847 3009 ἔδει
885 2958 981 3019 τὰς
1016 2977 1034 3008 ι
1074 2960 1418 3038 ἐπουρανίους
1448 2960 1616 3023 πύλας
1648 2963 1818 3034 ἐπῃρ-

276 3039 442 3108 μένας
471 3042 750 3113 ὑπάρχειν.
783 3065 802 3097 ι
833 3048 941 3099 Kal
972 3047 1077 3100 ἰδοὺ
1108 3036 1452 3119 ἠνεῴχθησαν
1488 3050 1631 3119 αὐτῷ
1659 3053 1706 3102 οἱ
1732 3036 1846 3103 οὐέ

198 3192 202 3195 _
277 3127 443 3196 ρανοὶ,
481 3131 570 3182 καὶ
614 3133 761 3203 φωνὴ
808 3136 1038 3201 ἐγένετο,
1079 3137 1336 3205 λέγουσα·
1369 3158 1388 3190 ι
1425 3134 1587 3202 Οὗτός
1618 3142 1760 3193 ἐστιν
1789 3141 1819 3193 6

272 3215 410 3280 Υἱός.
424 3236 523 3288 μου
556 3222 585 3272 6
607 3221 902 3293 ἀγαπητὸς,
934 3226 989 3277 ἐν
1017 3219 1060 3292 ᾧ
1082 3228 1368 3297 ηὐδόκησα.
1397 3249 1415 3280 ι

1902 2040 2065 2108 enim
2102 2064 2121 2098 ι
2155 2046 2324 2114 aperti
2363 2046 2465 2115 ipsi
2510 2054 2636 2100 sunt
2675 2045 2818 2099 caeli.
2852 2062 2872 2095 ι
2907 2041 3297 2098 Reconciliatio
3319 2042 3462 2097 facta

1920 2148 2003 2193 est
2032 2136 2325 2190 visibilium
2370 2149 2489 2189 cum
2535 2132 2941 2198 invisibilibus;
2968 2133 3214 2188 caelestes
3243 2119 3463 2189 ordines

1908 2226 2116 2296 .gaudio
2160 2232 2285 2279 sunt
2316 2223 2553 2293 impleti;
2579 2231 2781 2277 sanata:
2814 2222 2869 2276 in
2898 2222 3057 2277 terris
3084 2221 3458 2294 aegritudines;

1919 2331 2007 2371 res
2049 2314 2393 2390 absconditae
2421 2329 2542 2384 qua:
2590 2324 2765 2379 erant,
2816 2314 3094 2383 patefacta:
3137 2325 3299 2382 sunt;
3344 2331 3464 2385 quae

1921 2405 2154 2460 hostium
2188 2412 2344 2457 erant
2373 2402 2427 2456 in
2456 2418 2704 2467 numero,
2740 2402 2945 2458 reddita
2971 2401 3117 2457 fuere
3140 2404 3334 2461 amica.
3362 2405 3466 2458 Au-

1918 2494 2044 2559 disti
2073 2482 2216 2555 enim
2253 2496 2632 2564 evangelistam
2664 2493 2971 2560 dicentem:
3008 2512 3027 2546 ι
3060 2492 3318 2550 Patefacti
3338 2502 3466 2550 sunt

1919 2585 2022 2654 ipsi
2046 2585 2202 2651 c'oali;
2238 2604 2257 2637 ι
2296 2585 2365 2640 ob
2394 2586 2496 2639 tria
2544 2586 2656 2640 hac
2692 2584 3048 2639 admirabilia.
3079 2583 3287 2653 Sponso
3317 2586 3463 2640 enim

1918 2653 2133 2731 Christo
2163 2676 2434 2747 baptizan
2465 2676 2745 2745 oportebat
2768 2676 3001 2729 caelestis
3035 2653 3251 2729 thalami
3276 2676 3459 2744 splen-

1918 2768 2071 2824 didas
2098 2778 2281 2839 portas
2319 2769 2536 2839 aperiri.
2567 2767 2830 2821 Similiter
2868 2775 2922 2820 et
2954 2764 3155 2836 Spiritu
3186 2778 3374 2823 sancto
3405 2770 3463 2823 in

1917 2859 2177 2914 columba:
2216 2860 2393 2928 specie
2431 2858 2811 2923 descendente,
2840 2864 2893 2911 et
2918 2855 3092 2912 Patris
3115 2874 3247 2914 voce
3278 2861 3461 2915 omnia

1916 2958 2258 3019 percurrente
2315 2949 2453 3012 loca,
2506 2949 2787 3018 oportebat
2833 2966 2855 3000 ι
2911 2958 3096 3018 portas
3126 2947 3297 3004 attolli
3351 2964 3463 3005 cm-

1914 3041 2076 3095 lestes
2105 3042 2168 3095 ⁸⁰.
2211 3058 2231 3093 ι
2266 3039 2332 3093 Et
2358 3054 2481 3093 ecce
2512 3038 2680 3107 aperti
2708 3047 2833 3093 sunt
2854 3040 2903 3093 ei
2930 3040 3074 3103 caeli,
3105 3048 3159 3094 et
3190 3024 3461 3096 voxl'aeta

1914 3138 1997 3186 est
2025 3130 2245 3184 dicens:
2283 3147 2302 3180 ι
2337 3128 2437 3184 llic
2465 3136 2547 3183 est
2585 3127 2755 3183 Filius
2788 3125 2942 3184 meus
2983 3128 3232 3195 dilectus,
3270 3130 3326 3185 in
3353 3141 3460 3202 quo

1917 3220 2237 3287 complacui.
2268 3238 2287 3271 ι
3232 3204 3235 3205 ν

354 3278 666 3379 ’Ᾰγαπητὺς
960 3278 1138 3387 γεννᾷ,
1483 3287 1663 3386 ἇῡλον,
1704 3321 1814 3389 φῶς

1987 3310 2095 3364 νη.
2136 3311 2359 3364 Amatus
2393 3325 2632 3364 amorem
2665 3318 2901 3380 generat,
2930 3321 2983 3364 et
3010 3311 3101 3364 lux
3132 3291 3457 3377 immateriaa
3490 3304 3494 3308 ’

268 3396 556 3465 ἀπρόσιτον
574 3398 701 3469 (78).
732 3419 750 3451 ι
774 3396 936 3467 Οὗτός
963 3407 1105 3457 ἐστιν
1130 3408 1158 3457 ὁ
1180 3408 1301 3471 Υἱός
1330 3426 1425 3479 μου
1444 3413 1808 3483 όάγαπητὸς,ι

267 3488 297 3538 6
326 3486 473 3540 κάτω
502 3490 781 3558 ἐπιφανεὶς
813 3496 904 3546 καὶ
940 3496 1044 3549 τῶν
1072 3498 1338 3567 Πατρῴων
1374 3484 1587 3554 κόλπων
1619 3504 1691 3573 μὴ
1715 3522 1815 3574 χω-

272 3578 492 3650 ρισθεὶς,
535 3582 791 3653 ἐπεφάνη,
823 3587 919 3637 οὐκ
962 3589 1155 3657 ἐφάνη·
1189 3588 1311 3641 ἄλλο
1348 3590 1453 3660 γὰρ
1484 3590 1541 3642 τὸ
1568 3593 1811 3663 φανῆναι,

269 3668 455 3740 ἐπειδὴ
500 3672 653 3741 πρὸς·
676 3675 735 3726 τὸ
764 3676 1077 3745 φαινόμενον
1101 3681 1128 3731 6
1160 3680 1424 3748 βαπτίζων
1447 3681 1538 3733 τοῦ
1564 3683 1811 3752 βαπτιζο-

269 3761 432 3829 μένου
460 3765 698 3834 προέχει.
724 3767 921 3821 Τούτου
943 3769 1122 3828 ἕνεκεν
1146 3774 1172 3823 ό
1212 3772 1397 3843 Πατὴρ
1435 3774 1718 3843 οὐρανόθεν
1756 3775 1815 3827 τὸ

267 3851 420 3917 ἆγιον
477 3854 694 3924 Πνεῦμα
746 3858 837 3909 ἐπὶ
877 3858 966 3910 τὸν
1014 3858 1396 3931 βαπτιζόμενον
1449 3865 1811 3935 κατέπεμπεν.

268 3942 479 4013 Ὠσπερ
509 3946 616 4014 γάρ
658 3949 713 3999 ὲν
758 3952 821 4018 τῇ
853 3950 1065 4020 κιϐωτῷ
1089 3950 1180 4003 τοῦ
1219 3953 1338 4005 Νῶε
1367 3955 1452 4007 διὰ
1494 3959 1815 4027 περιστερᾶς

262 4035 529 4106 μηνύεται
550 4036 583 4104 ἡ
610 4036 979 4108 φιλανθρωπία
1008 4039 1100 4092 τοῦ
1130 4039 1283 4105 Θεοῦ,
1312 4042 1479 4107 οὕτως
1510 4046 1600 4097 καὶ
1628 4047 1719 4098 νῦν
1750 4047 1817 4099 τὸ

257 4130 320 4180 έν
358 4128 487 4180 εῖδει
530 4130 852 4199 περιστερᾶς
890 4130 1173 4183 ,κατελθὼν
1219 4130 1456 4201 Πνεῦμα,
1499 4133 1571 4195 ὼς
1610 4136 1816 4205 καρπὸν

256 4216 453 4279 ἐλαίας
494 4216 785 4287 βαστάσαν,
832 4221 923 4271 ἐπὶ
961 4220 1050 4273 τὸν
1085 4209 1522 4291 μαρτυρούμενον
1559 4226 1808 4295 κατέστη.

256 4304 364 4355 Διὰ
382 4305 470 4369 τί;
499 4308 586 4358 ἵνα
608 4305 702 4359 καὶ
729 4307 825 4374 τῆς
851 4306 1115 4378 Πατρῴας
1132 4310 1311 4379 φωνῆς
1352 4310 1411 4363 τὸ
1441 4311 1650 4381 βέϐαιον
1679 4330 1815 4381 γνω-

258 4393 450 4465 ρισθῇ,
479 4396 573 4447 καὶ
608 4398 641 4464 ἠ
688 4396 990 4466 προφητικὴ
1038 4400 1336 4470 πρόρρησις
1378 4403 1441 4454 ἐκ
1470 4402 1675 4455 πολλῶν
1707 4402 1811 4454 τῶν

254 4483 469 4554 χρόνων
493 4483 751 4555 πιστωθῇ.
778 4486 910 4538 Ποία
942 4486 1110 4556 αὖτη;
1160 4506 1177 4538 ι
1204 4490 1354 4560 Φωνὴ
1378 4491 1577 4561 Κυρίου
1600 4482 1810 4542 ἐπὶτῶν

1912 3403 1980 3458 lis
2009 3403 2182 3457 lucem
2221 3401 2671 3456 inacccssibilem.
2711 3420 2729 3453 ι
2767 3400 2863 3455 Hic
2891 3411 2973 3456 est
3004 3402 3171 3458 Filius
3197 3417 3348 3457 meus
3373 3403 3457 3456 di-

1913 3494 2106 3559 lectus,
2143 3513 2161 3543 »
2204 3493 2298 3561 qui
2344 3492 2484 3545 infra
2528 3491 2791 3561 apparuit,
2842 3506 2941 3545 nec
2992 3500 3167 3547 tamen
3211 3506 3241 3544 a
3285 3491 3457 3545 Patris

1913 3584 2033 3638 sinu
2063 3585 2166 3637 fuit
2188 3596 2465 3653 separatus
2490 3600 2502 3636 :
2524 3583 2768 3649 apparuit
2787 3589 2841 3635 et
2871 3596 2975 3634 non
3007 3583 3269 3651 apparuit.
3298 3582 3455 3635 Aliud

1912 3676 2055 3729 enim
2100 3677 2243 3744 quod
2294 3674 2621 3743 apparebat:
2662 3673 2948 3740 siquidem,
2992 3680 3151 3740 prout
3185 3674 3455 3741 apparuit,

1912 3766 2195 3835 baptizans
2216 3764 2486 3833 baptizata
2509 3762 2849 3830 prmstantior
2873 3761 2993 3816 fuit.
3014 3761 3194 3833 Itaque
3212 3748 3371 3818 Pater
3390 3764 3456 3817 de

1913 3857 2049 3911 etelo
2071 3855 2325 3924 Spiritum
2351 3859 2595 3906 sanctum
2620 3852 2673 3905 in
2701 3851 3027 3920 baptizatum
3050 3853 3282 3907 demisit.
3306 3853 3456 3906 Sicut

1913 3948 2055 4001 enim
2083 3948 2138 3999 in
2167 3960 2289 3999 arca
2310 3942 2419 3996 Noe
2446 3958 2541 4011 per
2568 3942 2877 3997 columbam
2906 3943 3237 4013 signiﬁcatus
3256 3951 3338 3997 est
3360 3942 3453 3996 Dei

1915 4038 1969 4091 in
2013 4036 2261 4091 homines
2310 4049 2493 4096 amor;
2540 4035 2618 4089 sic
2649 4044 2703 4089 et
2736 4050 2879 4090 nunc
2911 4034 3160 4102 Spiritus,
3195 4033 3457 4087 columba:

1912 4127 2239 4182 descendens
2275 4110 2470 4193 specie,
2497 4127 2643 4180 velut
2671 4126 2901 4181 fructum
2928 4134 3149 4195 portans
3184 4124 3333 4187 oleas,
3363 4138 3457 4177 su-

1912 4233 2008 4286 per
2047 4232 2170 4270 eum
2218 4216 2306 4287 cui
2350 4216 2717 4271 testimonium
2769 4214 3148 4285 perhibebatur
3194 4215 3451 4269 substitit.

1896 4306 2130 4372 Quare?
2164 4317 2223 4361 ut
2252 4307 2482 4361 Paterna
2512 4308 2673 4361 etiam
2705 4320 2806 4359 vox
2851 4312 2996 4358 certa
3029 4313 3084 4357 et
3125 4304 3286 4359 ﬁrma
3333 4321 3453 4361 esse

1910 4406 2201 4463 constaret,
2246 4407 2299 4452 et
2340 4397 2665 4468 pr0phetica:
2712 4393 3045 4462 praedictioni
3099 4396 3283 4473 multis
3329 4405 3451 4449 ante

1889 4484 2241 4557 temporibus
2285 4488 2438 4543 factae
2486 4488 2771 4540 haberetur
2834 4483 2986 4539 ﬁdes.
3036 4484 3291 4551 Quaenam
3327 4486 3454 4538 illa?

256 4576 489 4637 ὑδάτων,
536 4578 564 4630 ό
604 4576 731 4641 Θεὸς
775 4578 871 4648 τῆς
900 4578 1052 4648 δόξης
1096 4579 1445 4650 ἐϐρόντησεν,
1485 4585 1685 4653 Κύριος
1714 4572 1808 4635 ἐπὶ

1917 4567 1948 4631 .‘
1973 4578 2093 4638 Vox
2119 4580 2333 4647 Domini
2357 4591 2516 4645 super
2541 4588 2731 4642 aquas,
2763 4572 2905 4630 Deus
2931 4576 3113 4645 gloria:
3134 4577 3325 4640 tonuit,
3354 4574 3449 4655 D97

257 4666 469 4720 ὑδάτων
498 4666 723 4719 πολλῶν.
764 4688 783 4719 ι
820 4668 953 4721 Ποία
982 4670 1127 4738 φωνή
1152 4686 1164 4733 ;
1207 4687 1225 4719 ι
1254 4664 1421 4732 Οὗτός
1450 4674 1593 4723 ἐστιν
1621 4674 1648 4723 6
1680 4673 1805 4735 Υἱός

256 4772 368 4827 μου
397 4757 425 4807 6
459 4757 749 4828 ἀγαπητὸς,
782 4760 835 4810 ὲν
860 4752 903 4824 ᾧ
929 4757 1216 4826 ηὐδόκησα.
1258 4778 1276 4808 ι
1307 4752 1469 4821 Οὗτός
1496 4762 1639 4811 ἐστιν
1666 4763 1693 4812 6
1713 4760 1803 4814 τοῦ

269 4846 472 4915 Ἰωσὴφ
503 4846 889 4917 ὀνομαζόμενος
915 4849 1045 4911 υίὸς,
1073 4849 1165 4899 καὶ
1195 4848 1322 4916 ἐμὸς
1340 4849 1639 4919 Μονογενὴς
1667 4852 1804 4905 κατὰ

252 4938 364 5005 τὴν
391 4935 571 5007 θεῐκὴν
592 4938 794 4991 οὐσίαν.
824 4956 841 4987 ι
871 4931 1033 4999 Οὗτός
1060 4939 1203 4989 ἐστιν
1227 4939 1254 4989 6
1278 4938 1401 5001 Υἱός
1426 4955 1524 5007 μου
1546 4941 1573 4991 6
1600 4941 1804 5012 ἀγαπη-

252 5026 385 5085 τός·
432 5030 507 5083 »ηὸ
539 5026 753 5092 πεινῶν,
785 5027 875 5080 καὶ
904 5027 1120 5096 τρέφων,
1148 5027 1425 5097 μυριάδας·
1464 5030 1559 5081 καὶ
1578 5030 1800 5096 κοπιῶν,

255 5115 361 5169 καὶ
386 5117 671 5171 ἀναπαύων
698 5121 821 5181 τούς
850 5117 1143 5180 κοπιῶντας
1162 5134 1175 5147 ·
1218 5121 1245 5171 6
1288 5118 1360 5189 μὴ
1398 5119 1533 5189 ἔχων
1565 5120 1666 5173 ποῦ
1706 5122 1803 5192 τὴν

255 5206 501 5276 κεφαλὴν
528 5208 721 5273 κλῖναι,
751 5210 843 5261 καὶ
876 5196 1048 5259 πάντα
1080 5209 1136 5259 ὲν
1168 5212 1233 5278 τῇ
1261 5211 1400 5279 χειρὶ⁴
1435 5210 1710 5279 βαστάζων
1730 5228 1742 5240 ·
1776 5214 1803 5264 6

176 5322 177 5325 π
252 5297 505 5365 πάσχων,
524 5300 613 5352 καὶ
628 5300 693 5352 τὰ
708 5300 850 5370 πάθη
872 5298 1109 5368 ἰώμενος·
1127 5303 1156 5348 6
1170 5301 1541 5369 ῥαπιζόμενος,
1560 5303 1651 5355 καὶ
1664 5301 1805 5353 έλευο

249 5383 445 5457 θέρίαν
468 5387 544 5456 τῷ
562 5391 744 5461 κόσμῳ
764 5388 1091 5458 δωρούμενος
1116 5389 1243 5459 (79)·
1265 5403 1292 5442 ο
1309 5390 1404 5461 ’.ὴν
1427 5391 1554 5443 πλευ
1563 5391 1658 5461 ράν
1679 5406 1802 5444 νυτ-

1908 4672 2087 4726 minus
2121 4686 2280 4739 super
2298 4681 2465 4742 aquas
2492 4664 2687 4718 multas
2708 4665 2801 4717 υ.»
2829 4665 3087 4733 Quaenam
3135 4665 3275 4729 vox?
3308 4683 3325 4714 ι
3349 4649 3445 4715 Hic

1911 4771 1993 4815 est
2020 4761 2186 4813 Filius
2226 4772 2376 4811 meus
2419 4756 2666 4824 dilectus,
2715 4757 2768 4811 in
2800 4771 2909 4825 quo
2954 4755 3267 4824 complatui.
3298 4750 3443 4805 »11ἰο

1906 4862 1988 4908 est
2027 4849 2123 4917 qui
2164 4845 2381 4914 Josephi
2415 4849 2728 4901 nominatus
2754 4854 2839 4901 est
2866 4845 3032 4911 ﬁlius,
3083 4852 3136 4898 et
3177 4858 3329 4897 meus
3362 4851 3444 4896 est

1908 4939 2221 5010 Unigenitus
2250 4937 2544 4991 secundum
2579 4937 2811 4991 divinam
2839 4934 3148 4991 essentiam.
3188 4949 3207 4983 ι
3239 4929 3335 4986 Hic
3362 4942 3444 4986 est

1905 5028 2072 5082 Filius
2104 5039 2258 5080 meus
2285 5024 2550 5082 dilectus:
2588 5045 2607 5077 ι
2643 5024 2887 5079 esuriens
2922 5022 3008 5074 ille
3037 5020 3129 5089 qui
3162 5019 3448 5075 innumera

1876 5118 1999 5175 .alit
2022 5115 2219 5181 millia;
2242 5115 2516 5181 laborans,
2553 5115 2799 5181 idemque
2827 5123 3071 5164 recreans
3103 5110 3440 5173 laborantes;

1905 5224 2011 5261 non
2063 5206 2267 5261 habens
2306 5206 2397 5260 ubi
2444 5214 2604 5274 caput
2647 5194 2865 5256 reclinet
2904 5214 3059 5253 suum
3092 5200 3156 5261 “,
3182 5207 3235 5253 et
3262 5201 3449 5253 omnia

1906 5312 2092 5367 gerens
2143 5312 2340 5363 manu;
2390 5296 2483 5365 qui
2515 5294 2745 5363 patitur,
2804 5300 2857 5344 et
2906 5288 3156 5343 omnibus
3202 5291 3445 5343 medetur

1905 5388 2277 5457 passionibus;
2316 5387 2407 5456 qui
2436 5385 2655 5442 caeditur
2690 5378 2954 5451 colaphis,
2992 5387 3045 5434 et
3069 5380 3330 5462 mundum
3350 5380 3442 5434 do-

335 5527 355 5556 ’
391 5523 580 5579 Matth.
606 5543 689 5590 nt,
728 5528 814 5590 l6,
851 5528 935 5581 l7.
1010 5527 1052 5558 ¹⁰
1080 5525 1219 5580 Psal.
1252 5544 1405 5595 χχιιι,
1433 5529 1483 5583 7;
1558 5532 1598 5561 ’ί
1624 5528 1765 5583 Psal.
1802 5544 1815 5581 ι

1911 5544 1990 5593 ιιι,
2021 5529 2075 5583 '5.
2151 5529 2194 5561 “
2218 5527 2350 5581 Luc.
2376 5542 2452 5588 ιι,
2482 5523 2534 5577 5.
2584 5543 2588 5547 “

333 5635 444 5709 (78)
624 5637 827 5709 Διίίωων-
850 5638 1030 5709 γεννᾷ
1068 5638 1191 5706 φῶς
1228 5640 1565 5709 ἀπρόσιτον.
1610 5640 1797 5702 Filius,

256 5728 281 5761 ι
324 5706 502 5759 lumen
526 5706 590 5759 de
624 5706 823 5778 lumine
851 5706 869 5759 ἰ
900 5709 1077 5778 dictus
1098 5706 1268 5778 etiam,
1303 5712 1370 5764 ab
1402 5709 1680 5778 Hippolyto
1708 5724 1799 5759 su-

252 5778 465 5861 perius.
630 5776 705 5861 1‘07
723 5776 1171 5861 cqritrq‘Noetum.
1194 5776 1618 5861 Φῶςέετρόσιτον
1638 5778 1801 5846 respl-

251 5842 419 5902 izitad
449 5842 627 5899 lTim'.
660 5859 732 5909 νι,
767 5845 842 5897 16.
884 5845 1101 5900 Fannio.

1966 5640 2077 5709 (79)
2129 5641 2181 5691 '0
2196 5613 2739 5709 ῥαπιζόμξνοςίκρι
2764 5632 3105 5709 ἐλευθερίαν
3132 5628 3213 5695 τῷ
3238 5614 3445 5695 κόσμῳ

1894 5702 2278 5777 δωρούμενος.
2309 5702 2511 5759 Alludit
2537 5706 2631 5777 hic
2652 5702 2967 5777 Hippolytus
2992 5702 3056 5756 ad
3086 5714 3285 5756 morem
3320 5712 3437 5750 ina-

1898 5773 2214 5833 nuinittendi
2254 5773 2438 5833 Servos
2466 5788 2561 5843 per
2586 5773 2817 5843 alapam.
2845 5775 2919 5826 In.
