4098 6362
628 490 729 545 859

1288 485 1348 541 8.
1389 483 1748 540 BIPPOLYTI
1782 485 1928 541 OPP.
1962 480 2148 542 PARS

2286 446 2354 525 ὶ-
2390 484 2698 584 pocuar.
2739 483 2827 539 ετ
2862 465 3207 541 ιιιετοιιιιεξ

3724 483 3825 539 850

628 613 722 657 nat
744 602 992 656 libertate
1012 601 1091 660 ";
1119 599 1214 668 qui
1238 598 1292 652 in
1325 599 1492 653 latere
1532 598 1831 669 percutitur
1856 601 1920 669 “,
1951 611 2006 656 et
2034 602 2174 656 latus

2274 598 2513 669 τόμενος,
2530 598 2623 652 καὶ
2634 598 2730 669 τὴν
2746 599 2875 651 πλευ
2883 597 2980 670 ράν
2998 598 3091 651 τοῦ
3122 597 3289 669 ’Δδὰμ
3304 596 3679 669 διορθούμενος
3695 597 3820 669 (80).

627 694 816 749 Adami
851 692 1070 760 corrigit
1086 692 1150 743 ¹⁸.

610 800 611 803 η
703 777 840 834 VIll.
880 777 985 833 Sed
1031 788 1287 843 mentem,
1324 795 1529 848 quaeso,
1558 780 1691 833 mihi
1723 788 1974 835 accurate
2008 779 2181 833 inten-

633 869 744 923 dite
774 888 788 922 :
816 871 939 924 volo
973 872 1115 924 enim
1154 885 1429 925 recurrere
1458 872 1524 925 ad
1555 871 1753 926 fontem
1787 874 1933 933 vitae,
1962 878 2017 923 et
2058 869 2179 923 lon-

629 969 737 1014 tem
775 960 1007 1015 medelas
1048 964 1428 1017 scaturientem
1474 962 1845 1029 contemplari.
1892 961 2047 1013 Pater
2081 960 2182 1011 im-

630 1052 971 1105 mortalitatis
998 1052 1357 1106 immortalem
1390 1044 1581 1107 Filium
1610 1068 1673 1105 ac
1698 1049 1930 1103 Verbum
1957 1051 2009 1102 in
2034 1064 2182 1101 mun-

627 1142 754 1195 dum
786 1144 951 1206 misit,
985 1144 1079 1211 qui
1112 1144 1259 1196 venit
1293 1143 1358 1196 ad
1402 1143 1646 1197 homines
1684 1143 1897 1195 Ioturus
1924 1156 2017 1195 eos
2042 1133 2179 1207 aqua

625 1240 679 1283 et
706 1231 906 1299 Spll'llll
943 1252 957 1285 :
987 1243 1039 1285 et
1069 1242 1479 1301 regeneraturus
1512 1232 1578 1284 ad
1613 1232 1807 1284 anima:
1832 1231 2179 1298 corporisque

630 1319 1211 1389 incorruptibilitatem,
1244 1320 1523 1388 inspiravit
1549 1319 1600 1372 in
1633 1335 1731 1373 nos
1761 1320 2006 1388 spiritum
2038 1320 2177 1384 vitae,

630 1417 685 1460 et
730 1408 1126 1475 incorruptibili
1187 1419 1455 1462 armatura
1506 1425 1606 1463 nos
1661 1411 1851 1464 induit.
1910 1410 1965 1462 Si
2020 1410 2180 1479 igitur

630 1496 793 1549 homo
823 1495 995 1550 lactus
1037 1498 1357 1551 immortalis
1396 1508 1496 1561 est,
1540 1499 1679 1553 Deus
1705 1502 1864 1553 etiam
1888 1501 1992 1552 erit
2018 1501 2081 1552 ¹⁶.
2120 1499 2176 1552 Si

628 1600 756 1638 vero
798 1602 891 1653 per
933 1602 1126 1653 aquam
1172 1597 1227 1640 ct
1260 1587 1517 1656 Spiritum
1552 1599 1797 1643 sanctum
1828 1606 1857 1643 a
1894 1605 2178 1658 regenera-

582 1710 585 1713 γ
630 1674 777 1726 tione
814 1689 877 1726 ex
910 1674 1122 1728 lavacro
1168 1675 1308 1732 Deus
1351 1677 1426 1737 Iit,
1476 1678 1802 1745 comperitur
1846 1679 2006 1732 etiam
2059 1688 2180 1745 post

627 1766 1077 1818 resurrectionem
1120 1781 1150 1819 e
1195 1768 1422 1821 mortuis
1460 1770 1697 1822 colunt-es
1740 1768 1943 1823 Christi
1976 1772 2174 1824 esse”.

627 1852 792 1920 Igitur
819 1856 1079 1922 praeconis
1110 1871 1240 1910 voce
1268 1859 1542 1925 proclamo
1576 1878 1588 1911 :
1622 1858 1832 1922 Venite,
1867 1876 2055 1913 omnes
2078 1861 2175 1912 tri-

2360 773 2518 826 Ἀλλά
2559 774 2861 827 συντείνατέ
2908 793 2995 845 μοι
3023 776 3115 828 τὸν
3156 774 3300 839 νοῦν,
3330 775 3654 847 παρακαλῶ,
3691 775 3825 845 μετά

2277 863 2584 933 ἀκριϐείαςο
2636 865 2889 937 βούλομαι
2932 866 3035 935 γάρ
3070 867 3160 918 ὲπὶ
3195 867 3291 937 τὴν
3325 868 3503 937 πηγὴν
3549 868 3648 937 τῆς
3686 866 3828 937 ζωῆς

2276 952 2621 1023 ἀναδραμεῖν,
2658 956 2749 1007 καὶ
2777 956 3066 1011 θεάσασθαι
3099 958 3195 1028 τὴν
3235 958 3413 1028 πηγὴν
3446 958 3550 1009 τῶν
3586 959 3826 1027 ἰαμάτων

2277 1040 2643 1109 πηγαὶζουσαν.
2684 1042 2740 1094 ’0
2768 1044 2864 1112 τῆς
2889 1044 3183 1107 ἀθανασίας
3213 1046 3418 1115 Πατὴρ,
3444 1047 3531 1098 τὸν
3565 1046 3827 1100 ἀθάνατον

2278 1129 2402 1181 Υἰὸν
2424 1131 2514 1182 καὶ
2534 1131 2701 1199 Λόγον
2727 1133 3038 1187 ἀπέστειλεν
3060 1138 3138 1197 είς
3165 1136 3255 1187 τὸν
3286 1138 3482 1205 κόσμον
3501 1153 3515 1166 ⁶
3552 1137 3612 1200 ὃς
3642 1136 3828 1203 ἀφικόο

2280 1238 2439 1290 μενος
2471 1224 2549 1285 είς
2582 1224 2670 1275 τὸν
2701 1224 2999 1295 ἄνθρωπον,
3041 1227 3327 1280 λούσασθαι
3362 1228 3509 1280 ὕδατι
3543 1230 3637 1282 καὶ
3663 1228 3829 1281 Πνεύά

2279 1326 2405 1379 ματι
2423 1326 2435 1339 ’
2468 1312 2557 1363 καὶ
2579 1313 2944 1383 ἀναγεννήσας
2965 1316 3097 1384 πρὸς
3116 1317 3418 1387 ἀφθαρσίαν
3441 1318 3618 1388 ψυχῆς
3648 1337 3707 1372 τε
3737 1319 3829 1371 καὶ
3855 1313 3860 1316 ’

2278 1399 2540 1468 σώματος,
2572 1403 2894 1473 ἐνεφύσησεν
2920 1406 3047 1472 ἡμῖν
3070 1405 3281 1475 πνεῦμα
3303 1405 3462 1476 ζωῆς,
3490 1408 3829 1478 περιαμςριά-

2277 1504 2373 1548 σας
2402 1490 2543 1557 ἡμᾶς
2563 1490 2819 1559 ἀφθάρτῳ
2852 1490 3137 1560 πανοπλίᾳ.
3173 1493 3232 1544 Εἰ
3261 1490 3351 1545 οὖν
3382 1494 3642 1558 ἀθάνατος
3673 1496 3832 1562 γέγοο

2276 1578 2418 1628 νενὸ
2448 1577 2746 1646 ἄνθρωπος,
2790 1577 2938 1629 ἔσται
2980 1580 3071 1629 καὶ
3099 1580 3225 1643 Θεός
3258 1582 3384 1650 (8|).
3424 1583 3483 1634 El
3524 1583 3579 1635 δὲ
3607 1582 3739 1645 Θεὸς
3762 1582 3829 1633 δι’

2278 1665 2466 1727 ὓδατος
2499 1667 2592 1717 καὶ
2624 1665 2932 1735 Πνεύματος
2960 1667 3114 1733 ἁγίου
3146 1669 3281 1737 μετά
3309 1670 3403 1740 τὴν
3432 1670 3529 1738 τῆς
3558 1670 3833 1739 κολυμϐή-

2278 1755 2409 1825 θρας
2442 1755 2791 1824 ἀναγέννησιν
2822 1756 3046 1823 γίνεται,
3079 1759 3383 1829 εὑρίσκεται
3417 1762 3510 1812 καί⁵
3533 1758 3834 1827 συγκληρο-

2276 1844 2437 1913 νόμος
2473 1844 2703 1914 Χριστοῦ
2744 1846 2881 1914 μετά
2911 1846 3005 1917 τὴν
3039 1849 3102 1900 ἐκ
3133 1849 3337 1919 νεκρῶν
3371 1850 3688 1903 ἀνάστασιν.
3738 1848 3832 1900 Διὸ
3876 1920 3879 1921 ν

626 1942 730 1993 bus
754 1944 1015 2009 gentium,
1045 1945 1109 1997 ad
1138 1945 1475 2012 baptismatis
1499 1948 1975 2000 immortalitatem.
2004 1947 2174 2002 Vitam

2279 1933 2531 2002 κηρύσσω
2561 1934 2750 2001 λέγων·
2782 1936 2966 2003 Δεῦτε,
2999 1940 3252 2009 πᾶσαιναὶ
3280 1942 3502 2011 πατριαὶ
3523 1927 3834 2000 τῶνὲθνῖἷιν,

629 2031 784 2084 vobis
814 2034 903 2099 qui
933 2033 985 2085 in
1013 2035 1326 2103 ignorantia:
1354 2038 1585 2108 caligine
1609 2039 1802 2090 versati
1827 2039 2003 2092 adhuc
2025 2042 2175 2105 estis,

620 2116 807 2173 fausto
834 2121 1077 2188 signiﬁco
1105 2126 1315 2176 nuntio.
1343 2122 1533 2179 Venite
1562 2139 1627 2177 ex
1658 2126 1915 2178 servitute
1946 2128 1998 2179 in
2021 2128 2180 2181 liber-

629 2217 815 2270 tatem,
846 2223 910 2261 ex
949 2214 1231 2279 tyrannide
1266 2214 1331 2265 ad
1362 2228 1607 2281 regnum,
1632 2231 1697 2268 ex
1734 2217 2076 2284 corruptione
2112 2218 2177 2271 ad

628 2298 1215 2366 incorruptibilitatem.
1250 2300 1315 2353 Et
1334 2284 1633 2369 quomodo,
1653 2305 1846 2373 inquit,
1868 2308 2179 2360 veniemus?

626 2385 945 2450 Quomodo?
984 2388 1087 2442 Per
1127 2404 1320 2459 aquam
1368 2402 1422 2447 ct
1468 2393 1725 2462 Spiritum
1759 2407 2027 2451 sanetum.
2056 2397 2179 2453 Haec

627 2484 711 2529 est
740 2492 877 2545 aqua
907 2493 1029 2532 cum
1058 2480 1259 2549 Spiritu
1292 2484 1599 2551 conjuncta,
1648 2501 1753 2555 qua
1788 2488 2069 2555 paradisus
2100 2490 2177 2542 ri—

627 2576 804 2634 gatur,
854 2578 996 2624 terra
1048 2574 1369 2642 pinguescit,
1411 2576 1804 2632 incrementum
1846 2581 2041 2649 plantze
2086 2597 2178 2636 ca-

630 2654 803 2724 piunt.
832 2671 1091 2727 generant
1119 2662 1405 2729 animalia;
1440 2674 1601 2733 atque
1626 2676 1685 2719 ut
1715 2670 1895 2721 omnia
1920 2685 2176 2739 compen-

628 2741 721 2795 dio
748 2746 1059 2812 amplectar,
1098 2764 1193 2817 per
1228 2766 1391 2818 quam
1424 2762 1769 2822 regeneratus
1802 2753 1964 2808 homo
2005 2760 2178 2810 viviti-

626 2840 802 2899 catur,
826 2851 929 2903 qua
959 2836 1206 2893 Christus
1231 2842 1648 2909 baptizatusest,
1678 2844 1730 2897 in
1755 2858 1915 2913 quam
1946 2842 2178 2914 Spiritus

628 2933 849 2979 sanctus
876 2925 1139 2983 columbae
1167 2933 1343 2999 specie
1370 2931 1667 2987 descendit.

698 3101 788 3157 IX.
829 3103 929 3158 Hic
960 3117 1041 3160 est
1071 3109 1304 3177 Spiritus
1328 3114 1421 3182 qui
1448 3115 1515 3169 ab
1547 3114 1706 3173 initio
1738 3098 2067 3175 r'ferebatur
2091 3136 2179 3176 su-

623 3207 724 3262 per
763 3208 933 3262 aquas
957 3196 1029 3260 “';
1068 3216 1084 3247 ι
1124 3214 1216 3265 per
1245 3217 1402 3268 quem
1436 3207 1668 3260 mundus
1695 3220 1958 3275 movetur,
1984 3224 2176 3267 natura

624 3291 809 3336 creata
847 3285 1115 3349 consistit,
1153 3295 1206 3340 et
1230 3292 1411 3343 omnia
1446 3294 1613 3347 vitam
1655 3299 1959 3368 accipiunt;
1993 3304 2085 3372 qui
2114 3304 2169 3357 in

626 3375 903 3441 prophetis
955 3388 1206 3445 operatus
1232 3388 1314 3433 est
1337 3383 1401 3446 ¹⁹,
1432 3382 1487 3435 in
1520 3384 1791 3441 Christum
1816 3392 2082 3448 devolavit
2104 3397 2169 3449 “.

626 3461 726 3519 llic
773 3475 854 3518 est
902 3466 1133 3536 Spiritus
1175 3474 1352 3539 specie
1386 3472 1689 3541 linguarum
1716 3478 1989 3547 ignearum
2020 3467 2201 3541 datus"

621 3557 881 3623 apostolis
903 3561 965 3612 ²¹.
1004 3559 1155 3615 llunc
1180 3564 1453 3631 quierebat
1479 3565 1643 3619 David
1674 3583 1795 3621 cum
1827 3570 1961 3625 dixit
1988 3591 2002 3626 :
2026 3592 2045 3625 ι
2069 3577 2176 3631 Cor

624 3648 888 3700 mundum
925 3666 1044 3704 crea
1084 3652 1135 3704 in
1166 3653 1445 3718 me,Deus,
1491 3669 1542 3709 et
1570 3658 1816 3725 spiritum
1850 3674 2053 3716 rectum
2094 3666 2174 3719 in-

623 3747 761 3786 nova
792 3736 842 3786 in
874 3735 1167 3791 visceribus
1198 3741 1332 3793 meis
1354 3742 1418 3793 η.
1442 3761 1459 3791 ι
1495 3741 1570 3797 De
1600 3743 1702 3797 hoc
1727 3743 1941 3801 Gabriel
1971 3750 2037 3802 ad
2063 3748 2175 3805 Vir-

626 3822 802 3891 ginem
834 3844 844 3875 :
881 3843 899 3874 (
936 3826 1167 3894 Spiritus
1192 3842 1412 3884 sanctus
1441 3838 1779 3901 superveniet
1808 3837 1861 3890 in
1890 3848 1959 3904 te,
1989 3850 2042 3893 et
2061 3841 2174 3895 vir-

628 3921 717 3965 tus
744 3914 1005 3968 Altissimi
1041 3917 1387 3974 ohumbrabit
1415 3924 1510 3976 tibi
1528 3927 1594 3978 ".
1628 3944 1647 3977 ι
1691 3926 1792 3982 Per
1832 3929 1975 3983 hunc
2006 3929 2175 3999 Spiri-

626 4012 741 4055 tum
763 4001 954 4057 Petrus
979 4006 1188 4061 beatam
1216 4011 1358 4065 illam
1392 4030 1576 4069 vocem
1596 4017 1788 4074 eﬂatus
1808 4030 1889 4075 est
1915 4038 1927 4074 :
1966 4040 1984 4073 ι
2009 4021 2087 4075 Τυ
2111 4037 2171 4078 es

621 4091 874 4146 Christus
929 4093 1098 4151 Filius
1124 4098 1216 4152 Dei
1245 4103 1470 4160 viventis
1491 4108 1554 4160 “.
1581 4127 1600 4160 ι
1623 4108 1724 4163 Per
1748 4113 1891 4165 hunc
1912 4110 2169 4181 Spiritum

621 4183 831 4237 ﬁrmata
861 4182 1109 4242 Ecclesia:
1144 4201 1291 4258 petra
1321 4206 1403 4249 est
1424 4198 1487 4250 ³⁸.
1518 4197 1616 4253 llic
1634 4210 1717 4253 est
1744 4200 1978 4269 Spiritus
2007 4202 2172 4259 Para-

620 4273 792 4327 cletus
815 4286 1028 4343 propter
1058 4288 1108 4333 te
1141 4284 1337 4340 missus
1378 4290 1444 4352 ",
1485 4297 1543 4341 ut
1568 4290 1962 4348 demonstraret
1997 4295 2168 4350 ﬁlium

620 4375 673 4419 te
696 4380 814 4420 esse
845 4365 960 4421 Dei.

2202 3250 2244 3307 C

2275 2025 2366 2075 ἐπὶ
2392 2023 2486 2094 τὴν
2508 2024 2594 2077 τοῦ
2623 2025 2987 2096 βαπτίσματος
3016 2014 3325 2083 ἀθανασίαν.
3356 2031 3505 2100 Ζωὴν
3525 2031 3652 2099 ὑμῖν
3677 2032 3834 2097 εύαγ·

2276 2112 2575 2183 γελίζομαι,
2605 2120 2717 2178 τοῖς
2759 2119 2815 2169 ὲν
2853 2117 2929 2187 τῷ
2960 2118 3104 2187 ζόφῳ
3140 2120 3235 2189 τῆς
3267 2121 3536 2189 ἀγνωσίας
3563 2119 3835 2189 ἐνδιατρίά

2276 2203 2477 2256 ϐουσιν.
2510 2206 2671 2259 Δεῦτε
2703 2209 2781 2269 είς
2823 2208 3129 2279 ἐλευθερίαν
3167 2212 3231 2263 ὲκ
3273 2211 3533 2275 δουλείας,
3569 2214 3648 2275 είς
3680 2212 3834 2280 βασι-

2275 2292 2421 2347 λείαν
2457 2295 2524 2349 ἒκ
2567 2299 2894 2366 τυραννίδος,
2927 2300 3005 2362 είς
3043 2299 3343 2370 ἀφθαρσίαν
3381 2304 3445 2355 ὲκ
3474 2304 3572 2371 τῆς
3600 2302 3827 2371 φθορᾶς.

2275 2386 2385 2437 Καὶ
2412 2385 2548 2449 πῶς,
2577 2390 2759 2458 φησὶν,
2798 2380 3159 2460 ὲλευσόμεθαζ
3204 2392 3360 2457 Πῶς;
3404 2395 3482 2445 Δι’
3517 2393 3706 2455 ὓδατος
3737 2394 3832 2446 καὶ

2276 2474 2427 2543 ἁγίου
2456 2477 2782 2547 Πνεύματος.
2816 2479 2986 2533 Τοῦτο
3012 2481 3065 2533 δέ
3096 2483 3239 2533 ἐστιν
3280 2482 3341 2533 τὸ
3382 2482 3525 2552 ὕδωρ
3564 2484 3625 2534 τὸ
3662 2482 3832 2535 Πνεύ-

2279 2580 2406 2632 ματι
2437 2566 2741 2631 κοινωνοῦν,
2771 2568 2837 2620 δι’
2860 2565 2919 2623 οῦ
2947 2571 3266 2642 παράδεισος
3297 2572 3590 2636 ποτίζεται,
3621 2572 3688 2624 δι’
3714 2567 3773 2625 οῦ
3795 2573 3830 2642 ἠ

2276 2649 2347 2718 γῆ
2381 2652 2667 2716 πιαίνεται,
2696 2655 2763 2707 δι’
2794 2650 2853 2709 οὗ
2893 2658 3055 2725 φυτὸν
3080 2658 3258 2723 αῦξει,
3298 2660 3364 2712 δι’
3391 2656 3451 2713 οὗ
3492 2661 3604 2723 ζῶα
3645 2677 3832 2713 τεκνο-

2277 2742 2420 2805 γονεῖ
2436 2757 2447 2770 ο
2480 2743 2572 2793 καὶ
2598 2743 2683 2793 ἵνα
2713 2743 2887 2799 πάντα
2912 2744 3141 2797 συνελὼν
3164 2746 3320 2807 εἴπω,
3358 2746 3423 2797 δι’
3444 2741 3504 2799 οῦ
3532 2745 3832 2811 ἀναγεννὼ-

2278 2846 2435 2899 μενος
2483 2830 2822 2899 ζωογονεῖται
2870 2832 3171 2904 ἄνθρωπος,
3219 2837 3277 2887 ὲν
3315 2828 3359 2900 ᾧ
3401 2834 3493 2887 καὶ
3531 2836 3559 2885 ὁ
3597 2834 3831 2902 Χριστὸς

2276 2920 2604 2973 ὲὸαπτίσατο
2623 2924 2727 2985 ,·ὲν
2752 2915 2796 2989 ᾧ
2827 2923 2919 2975 καὶ
2946 2925 3006 2976 τὸ
3036 2918 3255 2994 Πνεῦμα
3280 2926 3593 2994 ’κατήρχετο
3618 2927 3675 2976 ὲν
3701 2924 3831 2977 εῖδει

2276 3012 2619 3082 περιστερᾶς.

2348 3102 2517 3155 Τοῦτο
2536 3102 2593 3155 δέ
2621 3102 2848 3154 ἐστιντὸ
2868 3102 3107 3177 Πνεῦμα,
3132 3104 3192 3157 τὸ
3212 3105 3305 3157 ἀπ’
3329 3105 3498 3176 ἀρχῆς
3528 3125 3545 3157 ι
3574 3107 3832 3178 ἐπιφερόέ

2281 3210 2438 3263 μενον
2472 3192 2654 3245 ἐπάνω
2685 3192 2791 3245 τῶν
2828 3192 3032 3246 ὑδάτων
3054 3210 3069 3225 ·
3117 3212 3137 3245 ι
3166 3193 3230 3247 δι’
3257 3190 3315 3249 οὗ
3354 3196 3550 3265 κόσμος
3581 3201 3829 3263 κινεῖται,

2274 3285 2341 3337 δι’
2364 3278 2424 3336 οὗ
2452 3281 2627 3345 κτίσις
2658 3283 2869 3336 ἵσταται
2905 3283 2998 3337 καὶ
3027 3283 3095 3337 τὰ
3126 3284 3413 3356 σύμπαντα
3446 3286 3793 3355 ζωογονεῖται
3812 3308 3826 3320 ·

2273 3373 2331 3425 τὺ
2352 3374 2408 3425 ὲν
2435 3373 2732 3444 προφήταις
2758 3376 3072 3445 ὲνεργῆσαν,
3089 3376 3151 3428 τὸ
3172 3378 3261 3431 ἐπὶ
3276 3378 3504 3448 Χριστὸν
3528 3380 3830 3431 καταπτάν.

2274 3462 2441 3515 Τοῦτό
2472 3464 2615 3515 ἐστιν
2646 3464 2704 3517 τὸ
2742 3464 2959 3534 Πνεῦμα
2990 3464 3050 3515 τὸ
3089 3464 3235 3517 δοθὲν
3279 3469 3384 3528 τοῖς
3427 3467 3735 3529 ἀποστόλοις
3771 3470 3833 3519 ἐν

2272 3552 2398 3604 εῖδει
2422 3553 2655 3624 πυρίνων
2687 3553 2957 3621 γλωσσῶν.
2987 3552 3154 3605 Τοῦτο
3183 3555 3241 3605 τὸ
3270 3555 3490 3624 Πνεῦμα
3510 3556 3689 3626 ἐζήτει
3718 3560 3825 3610 Δα-

2272 3642 2357 3694 6ὶδ
2378 3642 2549 3710 λέγων
2567 3660 2581 3673 ο
2602 3662 2619 3694 ι
2638 3643 2874 3713 Καρδίαν
2900 3642 3141 3711 καθαρὰν
3164 3645 3343 3696 κτίσον
3366 3648 3423 3697 ὲν
3444 3648 3585 3715 ἐμοὶ,
3606 3648 3635 3698 ὁ
3670 3647 3826 3711 Θεὸς,

2271 3735 2365 3788 καὶ
2406 3733 2618 3805 πνεῦμα
2644 3734 2795 3795 εύθὲς
2821 3734 3124 3801 ὲγκαίνισον
3150 3735 3205 3785 ἐν
3236 3736 3346 3796 τοῖς
3368 3737 3618 3801 ὲγκάτοις
3650 3754 3774 3805 μου.
3801 3756 3821 3787 ι

2272 3826 2406 3895 Περὶ
2433 3824 2619 3877 τούτου
2650 3826 2741 3877 καὶ
2768 3823 2998 3894 Γαϐριὴλ
3028 3824 3206 3891 ἔλεγεν
3226 3827 3289 3892 τῇ
3308 3824 3588 3895 Παρθένῳ·
3621 3846 3639 3875 ι
3664 3826 3831 3879 Πνεῦ-

2275 3930 2351 3982 μα
2387 3916 2537 3982 ἆγιον
2566 3916 2907 3967 ἐπελεύσεται
2939 3914 3029 3969 ἐπὶ
3064 3915 3141 3977 σὲ,
3183 3914 3276 3965 καὶ
3311 3913 3533 3982 δύναμις
3573 3915 3828 3982 Ὑψίστου

2272 4003 2575 4058 ἐπισκιάσει
2604 4023 2702 4059 σοι.
2742 4024 2759 4057 ι
2797 4006 2892 4058 Διά
2934 4004 3119 4058 τούτου
3158 4004 3249 4056 τοῦ
3284 4004 3591 4073 Πνεύματός
3620 4006 3826 4075 Πέτρος

2272 4092 2564 4161 ἐφθέγξατο
2604 4097 2699 4167 τὴν
2749 4099 3019 4169 μακαρίαν
3059 4096 3270 4165 ἐκείνην
3310 4098 3513 4167 φωνήν·
3550 4114 3569 4146 ‹
3603 4096 3673 4149 Σὺ
3714 4093 3765 4149 εἷ
3796 4100 3828 4150 ὁ

2268 4184 2497 4254 Χριστὸς
2544 4188 2572 4237 ὁ
2617 4186 2741 4248 Υἱὸς
2785 4186 2877 4239 τοῦ
2908 4186 3037 4240 Θεοῦ
3077 4186 3292 4250 ζῶντος.
3328 4204 3345 4236 ι
3382 4187 3479 4239 Διά
3508 4186 3695 4239 τούτου
3727 4187 3823 4241 τοῦ

2268 4274 2577 4344 Πνεύματος
2601 4274 2946 4347 ὲστερεὼθηή
2968 4278 3140 4347 πέτρα
3164 4275 3262 4344 τῆς
3292 4274 3628 4345 Ἐκκλησίας.
3650 4277 3826 4330 Τοῦτό

2270 4369 2416 4419 ἐστιν
2448 4364 2507 4417 τὸ
2538 4363 2779 4435 Πνεῦμα,
2807 4369 2837 4418 ό
2864 4367 3230 4438 Παράκλητος,
3262 4363 3323 4415 τὸ
3342 4364 3429 4417 διὰ
3449 4366 3505 4416 σὲ
3532 4369 3824 4438 πεμπόμε-

2244 4464 2376 4524 νον,
2406 4458 2494 4509 ’ίνα
2528 4456 2673 4529 δείξῃ
2700 4474 2759 4510 σε
2792 4458 2976 4511 τέκνον
3006 4456 3159 4510 Θεοῦ.

689 4544 758 4599 Χ.
800 4545 1005 4599 Accede
1032 4547 1194 4616 igitur
1221 4558 1274 4602 et
1306 4566 1642 4619 regenerare,
1673 4569 1707 4609 o
1735 4540 1917 4624 hoino,
1942 4561 2007 4615 ad
2034 4564 2164 4618 ado-

2333 4548 2499 4620 Δεῦρο
2528 4548 2720 4613 τοίνυν,
2738 4549 3146 4619 ἀναγεννήθητι,
3168 4545 3433 4616 ἄνθρωπε,
3455 4549 3533 4611 είς
3554 4549 3823 4603 υἱοθεσίαν

619 4636 858 4705 ptionem
891 4636 943 4689 in
976 4637 1143 4690 lilium
1172 4637 1286 4691 Dei.
1318 4637 1383 4692 Et
1410 4643 1716 4707 quomodo?
1743 4646 1937 4715 inquit.
1970 4650 2025 4702 Si
2054 4667 2161 4706 non

620 4727 942 4781 adulterium
970 4742 1069 4783 nec
1090 4729 1289 4783 credem
1323 4733 1660 4786 commiseris
1677 4734 1743 4797 ",
1775 4751 1875 4790 nec
1908 4738 2055 4804 idola
2077 4756 2171 4794 co-

621 4816 812 4883 lueris;
840 4821 883 4873 si
910 4834 1015 4874 non
1040 4822 1273 4876 vincaris
1297 4838 1325 4875 a
1354 4824 1643 4893 voluptate,
1668 4825 1711 4878 si
1734 4842 1842 4878 non
1868 4830 2172 4886 committas

622 4918 679 4960 ut
704 4911 923 4966 aﬂ'ectus
947 4915 1207 4981 superbiae
1233 4915 1326 4969 tibi
1355 4916 1696 4982 dominetur;
1722 4918 1768 4971 si
1791 4918 1975 4971 sordes
2002 4920 2173 4989 impu-

621 4998 790 5054 ritatis
837 5004 1134 5073 abstergas,
1182 5016 1236 5059 et
1280 5023 1417 5063 onus
1445 5010 1649 5076 peccati
1686 5024 1715 5061 a
1750 5018 1801 5062 te
1834 5009 2088 5077 abjicias;
2124 5013 2168 5066 si

620 5102 785 5143 exuas
824 5105 1150 5149 armaturam
1198 5097 1394 5151 diaboli
1435 5109 1488 5153 et
1532 5100 1724 5155 induas
1762 5100 1882 5153 lich
1920 5100 2163 5163 loricam,

622 5177 761 5231 sicut
804 5182 970 5243 Isaias
1002 5204 1015 5239 :
1052 5204 1071 5236 ι
1105 5186 1404 5253 Lavamini,
1433 5192 1627 5259 inquit,
1671 5200 1725 5245 et
1769 5192 1993 5261 quaerite
2018 5190 2165 5259 judi-

621 5268 789 5331 cium,
820 5275 1006 5341 eripite
1034 5294 1377 5346 oppressum,
1402 5281 1641 5349 judicate
1680 5284 1948 5352 orphano,
1982 5281 2161 5334 absol-

2270 4643 2425 4697 Θεοῦ.
2456 4642 2565 4694 Καὶ
2597 4641 2740 4706 πῶς;
2777 4642 2965 4713 φησιν’
3014 4642 3106 4693 ὲάν
3138 4640 3328 4709 μηκέτι
3368 4642 3653 4713 μοιχεύσῃς
3683 4644 3817 4713 (82),

2276 4737 2408 4806 μηδὲ
2440 4734 2720 4805 φονεύσῃς,
2755 4736 2886 4804 μηδὲ
2915 4731 3423 4804 είδωλολατρεύηλς
3452 4735 3543 4788 ἐὰν
3575 4738 3649 4806 μὴ
3680 4753 3818 4806 κρα-

2269 4826 2434 4896 τηθῇς
2452 4825 2539 4894 ὑφ’
2558 4824 2764 4895 ἡδονῆς,
2783 4826 2876 4877 ἐὰν
2900 4824 2972 4895 μὴ
2993 4822 3158 4884 πάθος
3179 4822 3544 4891 ὑπερηφανίας
3559 4828 3817 4899 κυριεύσῃ

2272 4931 2362 4966 σου
2385 4932 2397 4945 ⁸
2430 4916 2523 4968 ὲάν
2556 4916 2823 4987 ἀπξέσῃς
2862 4916 2952 4968 τὸν
2994 4914 3160 4984 ῥύπον
3195 4912 3294 4982 τῆς
3325 4914 3681 4993 ἀκαθαρσίας,
3724 4918 3819 4972 καὶ

2269 4994 2571 5074 deceptum;
2614 5004 2675 5056 τὸ
2719 5003 2933 5071 φορτίον
2974 5002 3072 5069 τῆς
3108 4998 3403 5069 ἁμαρτίας·
3442 5001 3535 5053 ὲάν
3574 5003 3819 5075 ἀποδύσῃ

2268 5096 2364 5164 τὴν
2393 5094 2685 5148 πανοπλίαν
2723 5094 2815 5147 τοῦ
2848 5091 3109 5153 διαόόλου,
3144 5090 3236 5141 καὶ
3264 5080 3449 5159 ἐνδύσῃ
3478 5093 3566 5145 τὸν
3594 5092 3816 5164 θώρακα

2267 5186 2363 5254 τῆς
2398 5186 2647 5248 πίστεως,
2682 5183 2860 5247 καθώς
2887 5199 3048 5253 φησιν
3082 5180 3302 5243 Ἡσαΐας
3323 5195 3336 5208 ’
3368 5198 3387 5229 ί
3418 5182 3691 5237 Λούσασθε
3720 5186 3816 5237 καὶ

2264 5270 2529 5343 ζητήσατε
2560 5275 2756 5347 κρίσιν,
2792 5272 3023 5343 ῥύσασθε
3065 5271 3427 5340 ἀδικούμενον,
3469 5276 3685 5345 κρίνατε
3722 5279 3817 5348 ὀρ-

693 5378 736 5453 ¹ῌ³
765 5376 895 5431 Ileb.
924 5397 959 5441 I,
982 5388 1033 5439 3.
1111 5389 1153 5419 "
1183 5387 1368 5445 Matth.
1402 5408 1548 5453 xxvi,
1580 5391 1667 5445 67.
1747 5393 1787 5423 "
1811 5392 1964 5448 Joan.
2002 5405 2116 5450 xu,
2139 5388 2172 5442 5

2273 5386 2357 5453 ηε
2378 5384 2420 5436 11
2454 5384 2593 5447 _Pet.
2644 5400 2682 5446 ι,
2708 5386 2761 5436 ι.
2836 5386 2877 5453 ξτ
2908 5384 3067 5437 Rom.
3114 5397 3231 5453 viil,
3262 5381 3399 5453 I7.”
3425 5385 3467 5416 ¹⁸
3507 5385 3638 5440 Gen.
3683 5403 3721 5451 ι,
3755 5389 3812 5442 2.

691 5446 807 5524 θοι..
840 5463 1021 5524 ισξιιι,
1051 5456 1140 5509 25.
1217 5461 1260 5489 ³ο
1285 5460 1474 5514 Matth.
1514 5446 1593 5524 In,
1628 5462 1712 5513 I6.
1788 5464 1829 5493 ²¹
1867 5446 1983 5515 Act.
2016 5476 2073 5523 ιι,
2104 5446 2156 5510 ῦ.

618 5506 665 5551 ἀι
693 5515 824 5568 Ihid.
867 5517 951 5570 I8.
1010 5506 1593 5593 πιοεηίἶέἱζέξῗ
1632 5506 2158 5598 ἰῗεριιοὲῗῖιῖᾏὶζ

690 5630 803 5701 (80)
846 5630 963 5711 Τὴν
1005 5638 1267 5711 πολι-τυρῷρ
1301 5642 1406 5694 τοῦ
1448 5642 1615 5711 Ἀδὰμ
1640 5637 2161 5711 διορθούμενος-,λά

623 5713 725 5763 est,
762 5709 1038 5768 peccatum
1083 5718 1177 5770 per
1208 5707 1368 5761 Evam
1414 5707 1799 5775 iutmduetuin,
1834 5707 1954 5779 quae
1984 5725 2051 5763 ex
2084 5709 2161 5761 la-

627 5779 745 5827 tere,
769 5768 960 5823 Adami
988 5768 1215 5826 formata
1245 5790 1275 5826 a
1307 5776 1414 5829 Deo
1445 5778 1634 5833 fuerat.
1666 5780 1879 5834 huic.

700 5839 811 5909 (8!)
852 5840 1055 5894 ἐσται
1082 5841 1180 5894 καὶ
1214 5844 1371 5909 Cede.
1400 5846 1477 5900 Ad
1511 5848 1639 5904 illud
1668 5849 1887 5917 respicit
1908 5846 1948 5900 ll
1977 5846 2090 5902 Pet.
2123 5864 2161 5913 ι,

2264 5456 2307 5486 ³³
2336 5444 2474 5507 Ρειιι.
2510 5469 2561 5518 1.,
2593 5444 2678 5505 I2.
2754 5453 2798 5482 "
2840 5450 2971 5506 Luc.
3023 5468 3061 5515 ι,
3110 5444 3227 5504 55(
3272 5451 3317 5482 ’⁸
3354 5452 3539 5509 Matth.
3573 5472 3683 5519 xv1,
3708 5444 3813 5513 ⁷16.

2265 5638 2297 5690 4
2318 5634 2479 5704 ιγξΊνα
2498 5630 2584 5685 διὰ
2607 5630 2817 5704 τούτων-
2834 5630 3070 5704 γένησθε.
3098 5628 3246 5704 θείας
3281 5634 3520 5687 κοινωνοὶ
3552 5634 3769 5704 φύσεως
3799 5652 3816 5667 ·

2274 5723 2292 5756 ι
2333 5703 2402 5758 Ut
2427 5718 2518 5771 per
2546 5704 2660 5756 haec
2688 5700 2990 5771 eﬂiciamini
3020 5700 3520 5771 d_ivin:e_consortes
3545 5700 3814 5756 natura.»

2336 5767 2446 5842 (82)
2495 5770 2845 5842 Έὰγμηκέτέ
2861 5769 3204 5842 μοιχεύσῃς.
3228 5767 3284 5842 In
3312 5772 3462 5842 hunc
3482 5773 3659 5827 locum
3695 5774 3823 5827 vitio
3864 5786 3867 5789 ‘

2276 5838 2559 5902 Possinum
2595 5838 2662 5899 ad
2702 5839 2758 5897 S.
2793 5838 2897 5895 Nili
2918 5838 3198 5910 epistolam
3225 5838 3279 5893 2.
3312 5839 3524 5899 Fnaic.
