  <div class='ocr_page' id='page_1' title='image "/cluster/home/n/w/nwhite01/storage/ocr_20150623/10/pst.000005711901/447.png"; bbox 0 0 4098 6362; ppageno 0'>
   <div class='ocr_carea' id='block_1_1' title="bbox 674 398 767 451">
    <p class='ocr_par' dir='ltr' id='par_1_1' title="bbox 674 398 767 451">
     <span class='ocr_line' id='line_1_1' title="bbox 674 398 767 451; baseline 0 0"><span class='ocrx_word' id='word_1_1' title='bbox 674 398 767 451; x_wconf 77' lang='lat'><strong>8&#39;&quot;</strong></span> 
     </span>
    </p>
   </div>
   <div class='ocr_carea' id='block_1_2' title="bbox 1244 370 2256 475">
    <p class='ocr_par' dir='ltr' id='par_1_2' title="bbox 1244 396 2243 456">
     <span class='ocr_line' id='line_1_2' title="bbox 1244 396 2243 456; baseline -0.003 -1"><span class='ocrx_word' id='word_1_2' title='bbox 1244 442 1245 445; x_wconf 58' lang='grc' dir='ltr'><strong>η</strong></span> <span class='ocrx_word' id='word_1_3' title='bbox 1292 399 1347 455; x_wconf 87' lang='lat' dir='ltr'><strong>S.</strong></span> <span class='ocrx_word' id='word_1_4' title='bbox 1390 399 1743 456; x_wconf 73' lang='lat' dir='ltr'><strong>IIIPPOLYTI</strong></span> <span class='ocrx_word' id='word_1_5' title='bbox 1783 398 1927 454; x_wconf 82' lang='lat' dir='ltr'><strong>OPP.</strong></span> <span class='ocrx_word' id='word_1_6' title='bbox 1968 396 2143 453; x_wconf 81' lang='lat' dir='ltr'><strong>PARS</strong></span> <span class='ocrx_word' id='word_1_7' title='bbox 2177 399 2243 452; x_wconf 87' lang='lat' dir='ltr'><strong>ll.</strong></span> 
     </span>
    </p>
   </div>
   <div class='ocr_carea' id='block_1_3' title="bbox 2352 370 3182 475">
    <p class='ocr_par' dir='ltr' id='par_1_3' title="bbox 2352 370 3182 475">
     <span class='ocr_line' id='line_1_3' title="bbox 2352 370 3182 475; baseline -0.01 -24"><span class='ocrx_word' id='word_1_8' title='bbox 2352 430 2353 437; x_wconf 37' lang='grc' dir='ltr'><strong>γ</strong></span> <span class='ocrx_word' id='word_1_9' title='bbox 2390 392 2812 475; x_wconf 55' lang='grc' dir='ltr'>υοοιιᾼτμετ</span> <span class='ocrx_word' id='word_1_10' title='bbox 2850 388 3182 445; x_wconf 79' lang='lat' dir='ltr'><strong>HlSTORlC.</strong></span> 
     </span>
    </p>
   </div>
   <div class='ocr_carea' id='block_1_4' title="bbox 3741 382 3844 436">
    <p class='ocr_par' dir='ltr' id='par_1_4' title="bbox 3741 382 3844 436">
     <span class='ocr_line' id='line_1_4' title="bbox 3741 382 3844 436; baseline 0.01 -1"><span class='ocrx_word' id='word_1_11' title='bbox 3741 382 3844 436; x_wconf 65' lang='lat'><strong>872</strong></span> 
     </span>
    </p>
   </div>
   <div class='ocr_carea' id='block_1_5' title="bbox 1552 788 2929 972">
    <p class='ocr_par' dir='ltr' id='par_1_5' title="bbox 1552 788 2929 972">
     <span class='ocr_line' id='line_1_5' title="bbox 1552 788 2929 972; baseline -0.008 -27"><span class='ocrx_word' id='word_1_12' title='bbox 1552 872 1557 877; x_wconf 89' lang='grc'>·</span> <span class='ocrx_word' id='word_1_13' title='bbox 1612 793 1766 946; x_wconf 88' lang='lat' dir='ltr'><strong>S.</strong></span> <span class='ocrx_word' id='word_1_14' title='bbox 1898 788 2929 972; x_wconf 86' lang='lat' dir='ltr'><strong>HIPPOLYTI</strong></span> 
     </span>
    </p>
   </div>
   <div class='ocr_carea' id='block_1_6' title="bbox 1051 1250 3498 1331">
    <p class='ocr_par' dir='ltr' id='par_1_6' title="bbox 1051 1250 3498 1331">
     <span class='ocr_line' id='line_1_6' title="bbox 1051 1250 3498 1331; baseline -0.004 -7"><span class='ocrx_word' id='word_1_15' title='bbox 1051 1265 1155 1326; x_wconf 82' lang='lat' dir='ltr'><strong>DE</strong></span> <span class='ocrx_word' id='word_1_16' title='bbox 1206 1266 1540 1327; x_wconf 80' lang='lat' dir='ltr'><strong>VlRGlNE</strong></span> <span class='ocrx_word' id='word_1_17' title='bbox 1595 1259 2139 1327; x_wconf 77' lang='lat' dir='ltr'><strong>CORINTHIACA</strong></span> <span class='ocrx_word' id='word_1_18' title='bbox 2198 1259 2301 1319; x_wconf 87' lang='lat' dir='ltr'><strong>ET</strong></span> <span class='ocrx_word' id='word_1_19' title='bbox 2353 1258 2460 1317; x_wconf 90' lang='lat' dir='ltr'><strong>DE</strong></span> <span class='ocrx_word' id='word_1_20' title='bbox 2515 1258 2855 1331; x_wconf 83' lang='lat' dir='ltr'><strong>QUODAM</strong></span> <span class='ocrx_word' id='word_1_21' title='bbox 2921 1250 3498 1316; x_wconf 81' lang='lat' dir='ltr'><strong>MAGISTRIANO.</strong></span> 
     </span>
    </p>
   </div>
   <div class='ocr_carea' id='block_1_7' title="bbox 1417 1389 3183 1513">
    <p class='ocr_par' dir='ltr' id='par_1_7' title="bbox 1417 1389 3183 1513">
     <span class='ocr_line' id='line_1_7' title="bbox 1417 1389 3183 1513; baseline -0.006 -24"><span class='ocrx_word' id='word_1_22' title='bbox 1417 1430 1597 1505; x_wconf 80' lang='lat' dir='ltr'><strong>Apud</strong></span> <span class='ocrx_word' id='word_1_23' title='bbox 1645 1426 1993 1513; x_wconf 71' lang='lat' dir='ltr'><strong>Palladium</strong></span> <span class='ocrx_word' id='word_1_24' title='bbox 2041 1426 2111 1486; x_wconf 77' lang='lat' dir='ltr'><strong>in</strong></span> <span class='ocrx_word' id='word_1_25' title='bbox 2140 1424 2416 1485; x_wconf 78' lang='lat' dir='ltr'><strong>Historia</strong></span> <span class='ocrx_word' id='word_1_26' title='bbox 2475 1422 2793 1493; x_wconf 83' lang='lat' dir='ltr'><strong>Lausiaca,</strong></span> <span class='ocrx_word' id='word_1_27' title='bbox 2853 1438 2986 1495; x_wconf 83' lang='lat' dir='ltr'><strong>cap.</strong></span> <span class='ocrx_word' id='word_1_28' title='bbox 3030 1389 3183 1478; x_wconf 53' lang='grc' dir='ltr'><strong>ηδ(</strong></span> 
     </span>
    </p>
   </div>
   <div class='ocr_carea' id='block_1_8' title="bbox 1866 1574 2647 1649">
    <p class='ocr_par' dir='ltr' id='par_1_8' title="bbox 1866 1574 2647 1649">
     <span class='ocr_line' id='line_1_8' title="bbox 1866 1574 2647 1649; baseline -0.008 -13"><span class='ocrx_word' id='word_1_29' title='bbox 1866 1574 1946 1649; x_wconf 68' lang='grc' dir='ltr'>(ο</span> <span class='ocrx_word' id='word_1_30' title='bbox 1960 1578 2155 1632; x_wconf 60' lang='lat' dir='ltr'><strong>nmo.</strong></span> <span class='ocrx_word' id='word_1_31' title='bbox 2191 1580 2433 1641; x_wconf 80' lang='lat' dir='ltr'><strong>Biblioth.,</strong></span> <span class='ocrx_word' id='word_1_32' title='bbox 2454 1580 2519 1642; x_wconf 91' lang='lat' dir='ltr'><strong>II,</strong></span> <span class='ocrx_word' id='word_1_33' title='bbox 2543 1583 2647 1631; x_wconf 74' lang='grc' dir='ltr'><strong>διδ.</strong></span> 
     </span>
    </p>
   </div>
   <div class='ocr_carea' id='block_1_9' title="bbox 870 1877 2061 1946">
    <p class='ocr_par' dir='ltr' id='par_1_9' title="bbox 870 1877 2061 1946">
     <span class='ocr_line' id='line_1_9' title="bbox 870 1877 2061 1946; baseline -0.006 -11"><span class='ocrx_word' id='word_1_34' title='bbox 870 1881 1125 1935; x_wconf 72' lang='lat' dir='ltr'><strong>Narratio</strong></span> <span class='ocrx_word' id='word_1_35' title='bbox 1161 1877 1464 1946; x_wconf 75' lang='lat' dir='ltr'><strong>Hippolyti.</strong></span> <span class='ocrx_word' id='word_1_36' title='bbox 1500 1878 1587 1945; x_wconf 84' lang='lat' dir='ltr'><strong>qui</strong></span> <span class='ocrx_word' id='word_1_37' title='bbox 1625 1878 1721 1942; x_wconf 76' lang='lat' dir='ltr'><strong>fuit</strong></span> <span class='ocrx_word' id='word_1_38' title='bbox 1778 1877 2061 1945; x_wconf 78' lang='lat' dir='ltr'><strong>familiaris</strong></span> 
     </span>
    </p>
   </div>
   <div class='ocr_carea' id='block_1_10' title="bbox 1274 1947 1949 2015">
    <p class='ocr_par' dir='ltr' id='par_1_10' title="bbox 1274 1947 1949 2015">
     <span class='ocr_line' id='line_1_10' title="bbox 1274 1947 1949 2015; baseline 0 -17"><span class='ocrx_word' id='word_1_39' title='bbox 1274 1947 1645 2015; x_wconf 82' lang='lat' dir='ltr'><strong>apostolorum.</strong></span> <span class='ocrx_word' id='word_1_40' title='bbox 1934 1953 1949 1959; x_wconf 86' lang='grc'><strong>’</strong></span> 
     </span>
    </p>
   </div>
   <div class='ocr_carea' id='block_1_11' title="bbox 772 2054 2234 2125">
    <p class='ocr_par' dir='ltr' id='par_1_11' title="bbox 772 2054 2234 2125">
     <span class='ocr_line' id='line_1_11' title="bbox 772 2054 2234 2125; baseline -0.007 -9"><span class='ocrx_word' id='word_1_41' title='bbox 772 2062 830 2117; x_wconf 87' lang='lat' dir='ltr'><strong>In</strong></span> <span class='ocrx_word' id='word_1_42' title='bbox 851 2062 955 2116; x_wconf 83' lang='lat' dir='ltr'><strong>alio</strong></span> <span class='ocrx_word' id='word_1_43' title='bbox 978 2060 1116 2114; x_wconf 91' lang='lat' dir='ltr'><strong>libro</strong></span> <span class='ocrx_word' id='word_1_44' title='bbox 1136 2059 1225 2113; x_wconf 84' lang='lat' dir='ltr'><strong>cui</strong></span> <span class='ocrx_word' id='word_1_45' title='bbox 1255 2069 1371 2113; x_wconf 89' lang='lat' dir='ltr'><strong>erat</strong></span> <span class='ocrx_word' id='word_1_46' title='bbox 1399 2058 1713 2125; x_wconf 85' lang='lat' dir='ltr'><strong>inscriptum</strong></span> <span class='ocrx_word' id='word_1_47' title='bbox 1736 2071 1928 2109; x_wconf 87' lang='lat' dir='ltr'><strong>nomen</strong></span> <span class='ocrx_word' id='word_1_48' title='bbox 1950 2054 2234 2125; x_wconf 76' lang='lat' dir='ltr'><strong>Hippolyti,</strong></span> 
     </span>
    </p>
   </div>
   <div class='ocr_carea' id='block_1_12' title="bbox 2259 1886 2309 1943">
    <p class='ocr_par' dir='ltr' id='par_1_12' title="bbox 2259 1886 2309 1943">
     <span class='ocr_line' id='line_1_12' title="bbox 2259 1886 2309 1943; baseline 0 0"><span class='ocrx_word' id='word_1_49' title='bbox 2259 1886 2309 1943; x_wconf 78' lang='grc' dir='ltr'><strong>Α</strong></span> 
     </span>
    </p>
   </div>
   <div class='ocr_carea' id='block_1_13' title="bbox 2479 1870 3727 1941">
    <p class='ocr_par' dir='ltr' id='par_1_13' title="bbox 2479 1870 3727 1941">
     <span class='ocr_line' id='line_1_13' title="bbox 2479 1870 3727 1941; baseline -0.003 -16"><span class='ocrx_word' id='word_1_50' title='bbox 2479 1872 2760 1941; x_wconf 81' lang='grc' dir='ltr'>Διήτησις</span> <span class='ocrx_word' id='word_1_51' title='bbox 2799 1873 3140 1927; x_wconf 79' lang='grc' dir='ltr'><strong>Ἱππολύτου</strong></span> <span class='ocrx_word' id='word_1_52' title='bbox 3164 1871 3267 1924; x_wconf 82' lang='grc' dir='ltr'>τοῦ</span> <span class='ocrx_word' id='word_1_53' title='bbox 3297 1873 3586 1939; x_wconf 72' lang='grc' dir='ltr'><strong>γνωρίμου</strong></span> <span class='ocrx_word' id='word_1_54' title='bbox 3616 1870 3727 1923; x_wconf 77' lang='grc' dir='ltr'><strong>τῶν</strong></span> 
     </span>
    </p>
   </div>
   <div class='ocr_carea' id='block_1_14' title="bbox 2920 1944 3287 1995">
    <p class='ocr_par' dir='ltr' id='par_1_14' title="bbox 2920 1944 3287 1995">
     <span class='ocr_line' id='line_1_14' title="bbox 2920 1944 3287 1995; baseline -0.008 0"><span class='ocrx_word' id='word_1_55' title='bbox 2920 1944 3265 1995; x_wconf 69' lang='grc' dir='ltr'>ἀποστόλων</span> <span class='ocrx_word' id='word_1_56' title='bbox 3275 1981 3287 1993; x_wconf 93' lang='grc'><strong>.</strong></span> 
     </span>
    </p>
   </div>
   <div class='ocr_carea' id='block_1_15' title="bbox 2418 2050 3876 2125">
    <p class='ocr_par' dir='ltr' id='par_1_15' title="bbox 2418 2050 3876 2125">
     <span class='ocr_line' id='line_1_15' title="bbox 2418 2050 3876 2125; baseline -0.005 -17"><span class='ocrx_word' id='word_1_57' title='bbox 2418 2057 2504 2108; x_wconf 84' lang='grc' dir='ltr'>Ἐν</span> <span class='ocrx_word' id='word_1_58' title='bbox 2533 2055 2673 2125; x_wconf 82' lang='grc' dir='ltr'>ἄλλῳ</span> <span class='ocrx_word' id='word_1_59' title='bbox 2713 2053 3019 2123; x_wconf 79' lang='grc' dir='ltr'>βιδλιδαρίῳ</span> <span class='ocrx_word' id='word_1_60' title='bbox 3062 2052 3515 2121; x_wconf 78' lang='grc' dir='ltr'><strong>ἐπιγεγραμμένῳ</strong></span> <span class='ocrx_word' id='word_1_61' title='bbox 3570 2050 3876 2103; x_wconf 75' lang='grc' dir='ltr'><strong>Ἱππολύτου</strong></span> 
     </span>
    </p>
   </div>
   <div class='ocr_carea' id='block_1_16' title="bbox 696 2135 2256 2221">
    <p class='ocr_par' dir='ltr' id='par_1_16' title="bbox 696 2142 2237 2221">
     <span class='ocr_line' id='line_1_16' title="bbox 696 2142 2237 2221; baseline -0.008 -15"><span class='ocrx_word' id='word_1_62' title='bbox 696 2152 791 2221; x_wconf 89' lang='lat' dir='ltr'><strong>qui</strong></span> <span class='ocrx_word' id='word_1_63' title='bbox 838 2149 938 2204; x_wconf 87' lang='lat' dir='ltr'><strong>fuit</strong></span> <span class='ocrx_word' id='word_1_64' title='bbox 973 2148 1253 2202; x_wconf 79' lang='lat' dir='ltr'><strong>familiaris</strong></span> <span class='ocrx_word' id='word_1_65' title='bbox 1295 2145 1659 2215; x_wconf 75' lang='lat' dir='ltr'><strong>apostolorum</strong></span> <span class='ocrx_word' id='word_1_66' title='bbox 1684 2183 1716 2213; x_wconf 33' lang='lat'><strong>,.</strong></span> <span class='ocrx_word' id='word_1_67' title='bbox 1750 2144 1926 2196; x_wconf 85' lang='lat' dir='ltr'><strong>inveni</strong></span> <span class='ocrx_word' id='word_1_68' title='bbox 1974 2142 2237 2210; x_wconf 82' lang='lat' dir='ltr'><strong>ejusmodi</strong></span> 
     </span>
    </p>
   </div>
   <div class='ocr_carea' id='block_1_17' title="bbox 2352 2135 3881 2221">
    <p class='ocr_par' dir='ltr' id='par_1_17' title="bbox 2352 2135 3881 2215">
     <span class='ocr_line' id='line_1_17' title="bbox 2352 2135 3881 2215; baseline -0.002 -17"><span class='ocrx_word' id='word_1_69' title='bbox 2352 2145 2429 2199; x_wconf 75' lang='grc' dir='ltr'>τοῦ</span> <span class='ocrx_word' id='word_1_70' title='bbox 2451 2146 2719 2214; x_wconf 84' lang='grc' dir='ltr'><strong>γνωρίμου</strong></span> <span class='ocrx_word' id='word_1_71' title='bbox 2749 2144 2854 2195; x_wconf 82' lang='grc' dir='ltr'><strong>τῶν</strong></span> <span class='ocrx_word' id='word_1_72' title='bbox 2881 2135 3219 2207; x_wconf 70' lang='grc' dir='ltr'><strong>ἀποστόλων,</strong></span> <span class='ocrx_word' id='word_1_73' title='bbox 3258 2140 3412 2215; x_wconf 73' lang='grc' dir='ltr'>εὖρον</span> <span class='ocrx_word' id='word_1_74' title='bbox 3448 2145 3687 2214; x_wconf 79' lang='grc' dir='ltr'><strong>διήγημα</strong></span> <span class='ocrx_word' id='word_1_75' title='bbox 3717 2144 3881 2195; x_wconf 81' lang='grc' dir='ltr'>τοιοῦ-</span> 
     </span>
    </p>
   </div>
   <div class='ocr_carea' id='block_1_18' title="bbox 694 2232 2256 2303">
    <p class='ocr_par' dir='ltr' id='par_1_18' title="bbox 694 2232 2240 2301">
     <span class='ocr_line' id='line_1_18' title="bbox 694 2232 2240 2301; baseline -0.006 -8"><span class='ocrx_word' id='word_1_76' title='bbox 694 2237 1055 2293; x_wconf 84' lang='lat' dir='ltr'><strong>uarrationem</strong></span> <span class='ocrx_word' id='word_1_77' title='bbox 1084 2252 1096 2285; x_wconf 90' lang='lat'>:</span> <span class='ocrx_word' id='word_1_78' title='bbox 1134 2254 1153 2285; x_wconf 84' lang='grc'><strong>‹</strong></span> <span class='ocrx_word' id='word_1_79' title='bbox 1186 2234 1308 2287; x_wconf 87' lang='lat' dir='ltr'><strong>Fuit</strong></span> <span class='ocrx_word' id='word_1_80' title='bbox 1335 2232 1581 2301; x_wconf 58' lang='lat' dir='ltr'><strong>quadam</strong></span> <span class='ocrx_word' id='word_1_81' title='bbox 1612 2232 1945 2286; x_wconf 85' lang='lat' dir='ltr'><strong>nobilissima</strong></span> <span class='ocrx_word' id='word_1_82' title='bbox 1987 2232 2139 2299; x_wconf 82' lang='lat' dir='ltr'><strong>virgo</strong></span> <span class='ocrx_word' id='word_1_83' title='bbox 2187 2238 2240 2283; x_wconf 85' lang='lat' dir='ltr'><strong>et</strong></span> 
     </span>
    </p>
   </div>
   <div class='ocr_carea' id='block_1_19' title="bbox 2352 2232 3879 2303">
    <p class='ocr_par' dir='ltr' id='par_1_19' title="bbox 2352 2233 3879 2303">
     <span class='ocr_line' id='line_1_19' title="bbox 2352 2233 3879 2303; baseline -0.003 -16"><span class='ocrx_word' id='word_1_84' title='bbox 2352 2253 2427 2288; x_wconf 76' lang='grc' dir='ltr'><strong>τον</strong></span> <span class='ocrx_word' id='word_1_85' title='bbox 2446 2252 2459 2263; x_wconf 92' lang='grc'><strong>·</strong></span> <span class='ocrx_word' id='word_1_86' title='bbox 2487 2234 2854 2302; x_wconf 81' lang='grc' dir='ltr'>Εὑγενεστάτη</span> <span class='ocrx_word' id='word_1_87' title='bbox 2878 2251 2959 2297; x_wconf 87' lang='grc' dir='ltr'><strong>τις</strong></span> <span class='ocrx_word' id='word_1_88' title='bbox 2987 2234 3095 2302; x_wconf 87' lang='lat'><strong>(89)</strong></span> <span class='ocrx_word' id='word_1_89' title='bbox 3144 2233 3237 2286; x_wconf 74' lang='grc' dir='ltr'><strong>καὶ</strong></span> <span class='ocrx_word' id='word_1_90' title='bbox 3272 2233 3573 2303; x_wconf 81' lang='grc' dir='ltr'><strong>ὡραιοτάτη</strong></span> <span class='ocrx_word' id='word_1_91' title='bbox 3620 2233 3879 2300; x_wconf 76' lang='grc' dir='ltr'><strong>παρθένος</strong></span> 
     </span>
    </p>
   </div>
   <div class='ocr_carea' id='block_1_20' title="bbox 698 2318 2240 2395">
    <p class='ocr_par' dir='ltr' id='par_1_20' title="bbox 698 2318 2240 2395">
     <span class='ocr_line' id='line_1_20' title="bbox 698 2318 2240 2395; baseline -0.008 -12"><span class='ocrx_word' id='word_1_92' title='bbox 698 2318 1114 2387; x_wconf 70' lang='lat' dir='ltr'><strong>formosiSsima,</strong></span> <span class='ocrx_word' id='word_1_93' title='bbox 1141 2339 1261 2391; x_wconf 67' lang='lat' dir='ltr'><strong>qua:</strong></span> <span class='ocrx_word' id='word_1_94' title='bbox 1286 2325 1339 2374; x_wconf 91' lang='lat' dir='ltr'><strong>in</strong></span> <span class='ocrx_word' id='word_1_95' title='bbox 1364 2322 1471 2395; x_wconf 80' lang='lat' dir='ltr'><strong>vita</strong></span> <span class='ocrx_word' id='word_1_96' title='bbox 1497 2336 1563 2374; x_wconf 71' lang='lat' dir='ltr'><strong>ex</strong></span> <span class='ocrx_word' id='word_1_97' title='bbox 1600 2321 1796 2373; x_wconf 88' lang='lat' dir='ltr'><strong>virtute</strong></span> <span class='ocrx_word' id='word_1_98' title='bbox 1838 2321 2042 2387; x_wconf 82' lang='lat' dir='ltr'><strong>agenda</strong></span> <span class='ocrx_word' id='word_1_99' title='bbox 2085 2335 2240 2373; x_wconf 81' lang='lat' dir='ltr'><strong>excr-</strong></span> 
     </span>
    </p>
   </div>
   <div class='ocr_carea' id='block_1_21' title="bbox 700 2408 2242 2478">
    <p class='ocr_par' dir='ltr' id='par_1_21' title="bbox 700 2408 2242 2478">
     <span class='ocr_line' id='line_1_21' title="bbox 700 2408 2242 2478; baseline -0.006 -10"><span class='ocrx_word' id='word_1_100' title='bbox 700 2416 927 2469; x_wconf 73' lang='lat' dir='ltr'><strong>rebatur.</strong></span> <span class='ocrx_word' id='word_1_101' title='bbox 946 2410 1215 2467; x_wconf 88' lang='lat' dir='ltr'><strong>Corinthi.</strong></span> <span class='ocrx_word' id='word_1_102' title='bbox 1252 2408 1399 2463; x_wconf 83' lang='lat' dir='ltr'><strong>Hanc</strong></span> <span class='ocrx_word' id='word_1_103' title='bbox 1424 2409 1515 2463; x_wconf 91' lang='lat' dir='ltr'><strong>illo</strong></span> <span class='ocrx_word' id='word_1_104' title='bbox 1546 2417 1784 2478; x_wconf 87' lang='lat' dir='ltr'><strong>tempore</strong></span> <span class='ocrx_word' id='word_1_105' title='bbox 1824 2409 2129 2461; x_wconf 86' lang='lat' dir='ltr'><strong>detulerunt</strong></span> <span class='ocrx_word' id='word_1_106' title='bbox 2174 2408 2242 2469; x_wconf 83' lang='lat' dir='ltr'><strong>ad</strong></span> 
     </span>
    </p>
   </div>
   <div class='ocr_carea' id='block_1_22' title="bbox 632 2499 2241 2573">
    <p class='ocr_par' dir='ltr' id='par_1_22' title="bbox 632 2499 2241 2573">
     <span class='ocr_line' id='line_1_22' title="bbox 632 2499 2241 2573; baseline -0.005 -16"><span class='ocrx_word' id='word_1_107' title='bbox 632 2553 636 2556; x_wconf 87' lang='lat'><strong>.</strong></span> <span class='ocrx_word' id='word_1_108' title='bbox 691 2505 949 2573; x_wconf 90' lang='lat' dir='ltr'><strong>judicem,</strong></span> <span class='ocrx_word' id='word_1_109' title='bbox 974 2502 1067 2570; x_wconf 89' lang='lat' dir='ltr'><strong>qui</strong></span> <span class='ocrx_word' id='word_1_110' title='bbox 1091 2510 1206 2554; x_wconf 89' lang='lat' dir='ltr'><strong>erat</strong></span> <span class='ocrx_word' id='word_1_111' title='bbox 1224 2501 1455 2569; x_wconf 77' lang='lat' dir='ltr'><strong>gentilis,</strong></span> <span class='ocrx_word' id='word_1_112' title='bbox 1486 2499 1538 2552; x_wconf 91' lang='lat' dir='ltr'><strong>in</strong></span> <span class='ocrx_word' id='word_1_113' title='bbox 1562 2506 1798 2568; x_wconf 89' lang='lat' dir='ltr'><strong>tempore</strong></span> <span class='ocrx_word' id='word_1_114' title='bbox 1818 2507 2241 2567; x_wconf 85' lang='lat' dir='ltr'><strong>persecutorum,</strong></span> 
     </span>
    </p>
   </div>
   <div class='ocr_carea' id='block_1_23' title="bbox 703 2589 2245 2662">
    <p class='ocr_par' dir='ltr' id='par_1_23' title="bbox 703 2589 2245 2662">
     <span class='ocr_line' id='line_1_23' title="bbox 703 2589 2245 2662; baseline -0.006 -15"><span class='ocrx_word' id='word_1_115' title='bbox 703 2604 763 2647; x_wconf 89' lang='lat' dir='ltr'><strong>ut</strong></span> <span class='ocrx_word' id='word_1_116' title='bbox 794 2608 912 2662; x_wconf 88' lang='lat' dir='ltr'><strong>quae</strong></span> <span class='ocrx_word' id='word_1_117' title='bbox 942 2592 1240 2645; x_wconf 77' lang='lat' dir='ltr'><strong>maledictis</strong></span> <span class='ocrx_word' id='word_1_118' title='bbox 1264 2591 1553 2645; x_wconf 77' lang='lat' dir='ltr'><strong>incesseret</strong></span> <span class='ocrx_word' id='word_1_119' title='bbox 1570 2599 1623 2643; x_wconf 88' lang='lat' dir='ltr'><strong>et</strong></span> <span class='ocrx_word' id='word_1_120' title='bbox 1656 2598 1895 2657; x_wconf 83' lang='lat' dir='ltr'><strong>tempora</strong></span> <span class='ocrx_word' id='word_1_121' title='bbox 1934 2597 1985 2642; x_wconf 90' lang='lat' dir='ltr'><strong>et</strong></span> <span class='ocrx_word' id='word_1_122' title='bbox 2015 2589 2245 2657; x_wconf 88' lang='lat' dir='ltr'><strong>impera-</strong></span> 
     </span>
    </p>
   </div>
   <div class='ocr_carea' id='block_1_24' title="bbox 700 2678 2245 2749">
    <p class='ocr_par' dir='ltr' id='par_1_24' title="bbox 700 2678 2245 2749">
     <span class='ocr_line' id='line_1_24' title="bbox 700 2678 2245 2749; baseline -0.006 -11"><span class='ocrx_word' id='word_1_123' title='bbox 700 2700 841 2739; x_wconf 80' lang='lat' dir='ltr'><strong>tores</strong></span> <span class='ocrx_word' id='word_1_124' title='bbox 870 2692 924 2737; x_wconf 86' lang='lat' dir='ltr'><strong>et</strong></span> <span class='ocrx_word' id='word_1_125' title='bbox 976 2682 1283 2738; x_wconf 88' lang='lat' dir='ltr'><strong>simulacra.</strong></span> <span class='ocrx_word' id='word_1_126' title='bbox 1339 2680 1716 2749; x_wconf 87' lang='lat' dir='ltr'><strong>Proponebant</strong></span> <span class='ocrx_word' id='word_1_127' title='bbox 1764 2689 1938 2733; x_wconf 85' lang='lat' dir='ltr'><strong>autem</strong></span> <span class='ocrx_word' id='word_1_128' title='bbox 1974 2679 2089 2747; x_wconf 86' lang='lat' dir='ltr'><strong>ejus</strong></span> <span class='ocrx_word' id='word_1_129' title='bbox 2125 2678 2245 2746; x_wconf 86' lang='lat' dir='ltr'><strong>pul-</strong></span> 
     </span>
    </p>
   </div>
   <div class='ocr_carea' id='block_1_25' title="bbox 699 2768 2245 2837">
    <p class='ocr_par' dir='ltr' id='par_1_25' title="bbox 699 2768 2245 2837">
     <span class='ocr_line' id='line_1_25' title="bbox 699 2768 2245 2837; baseline -0.006 -7"><span class='ocrx_word' id='word_1_130' title='bbox 699 2774 1061 2830; x_wconf 88' lang='lat' dir='ltr'><strong>chritudinem</strong></span> <span class='ocrx_word' id='word_1_131' title='bbox 1086 2772 1276 2826; x_wconf 90' lang='lat' dir='ltr'><strong>harum</strong></span> <span class='ocrx_word' id='word_1_132' title='bbox 1306 2780 1487 2824; x_wconf 82' lang='lat' dir='ltr'><strong>rerum</strong></span> <span class='ocrx_word' id='word_1_133' title='bbox 1510 2777 1921 2837; x_wconf 84' lang='lat' dir='ltr'><strong>cauponatores,</strong></span> <span class='ocrx_word' id='word_1_134' title='bbox 1964 2768 2130 2835; x_wconf 90' lang='lat' dir='ltr'><strong>impio</strong></span> <span class='ocrx_word' id='word_1_135' title='bbox 2157 2769 2245 2834; x_wconf 82' lang='lat' dir='ltr'><strong>ja-</strong></span> 
     </span>
    </p>
   </div>
   <div class='ocr_carea' id='block_1_26' title="bbox 702 2857 2250 2926">
    <p class='ocr_par' dir='ltr' id='par_1_26' title="bbox 702 2857 2250 2926">
     <span class='ocr_line' id='line_1_26' title="bbox 702 2857 2250 2926; baseline -0.006 -9"><span class='ocrx_word' id='word_1_136' title='bbox 702 2863 809 2917; x_wconf 91' lang='lat' dir='ltr'><strong>dici</strong></span> <span class='ocrx_word' id='word_1_137' title='bbox 837 2862 1065 2916; x_wconf 79' lang='lat' dir='ltr'><strong>feminas</strong></span> <span class='ocrx_word' id='word_1_138' title='bbox 1087 2860 1277 2915; x_wconf 88' lang='lat' dir='ltr'><strong>insano</strong></span> <span class='ocrx_word' id='word_1_139' title='bbox 1300 2872 1483 2911; x_wconf 89' lang='lat' dir='ltr'><strong>amore</strong></span> <span class='ocrx_word' id='word_1_140' title='bbox 1513 2857 1846 2926; x_wconf 89' lang='lat' dir='ltr'><strong>depereunti.</strong></span> <span class='ocrx_word' id='word_1_141' title='bbox 1870 2858 1920 2909; x_wconf 88' lang='lat' dir='ltr'><strong>Is</strong></span> <span class='ocrx_word' id='word_1_142' title='bbox 1947 2869 2074 2911; x_wconf 85' lang='lat' dir='ltr'><strong>vero</strong></span> <span class='ocrx_word' id='word_1_143' title='bbox 2099 2858 2250 2925; x_wconf 83' lang='lat' dir='ltr'><strong>equi-</strong></span> 
     </span>
    </p>
   </div>
   <div class='ocr_carea' id='block_1_27' title="bbox 706 2945 2249 3024">
    <p class='ocr_par' dir='ltr' id='par_1_27' title="bbox 706 2945 2249 3024">
     <span class='ocr_line' id='line_1_27' title="bbox 706 2945 2249 3024; baseline -0.005 -19"><span class='ocrx_word' id='word_1_144' title='bbox 706 2953 792 3007; x_wconf 92' lang='lat' dir='ltr'><strong>nis</strong></span> <span class='ocrx_word' id='word_1_145' title='bbox 830 2952 1071 3014; x_wconf 87' lang='lat' dir='ltr'><strong>auribus,</strong></span> <span class='ocrx_word' id='word_1_146' title='bbox 1109 2959 1162 3004; x_wconf 85' lang='lat' dir='ltr'><strong>et</strong></span> <span class='ocrx_word' id='word_1_147' title='bbox 1193 2948 1421 3002; x_wconf 81' lang='lat' dir='ltr'><strong>feminas</strong></span> <span class='ocrx_word' id='word_1_148' title='bbox 1454 2947 1661 3024; x_wconf 89' lang='lat' dir='ltr'><strong>insane_</strong></span> <span class='ocrx_word' id='word_1_149' title='bbox 1688 2947 1993 2999; x_wconf 84' lang='lat' dir='ltr'><strong>amantibus</strong></span> <span class='ocrx_word' id='word_1_150' title='bbox 2042 2945 2249 3015; x_wconf 85' lang='lat' dir='ltr'><strong>cogita-</strong></span> 
     </span>
    </p>
   </div>
   <div class='ocr_carea' id='block_1_28' title="bbox 707 3034 2251 3109">
    <p class='ocr_par' dir='ltr' id='par_1_28' title="bbox 707 3034 2251 3109">
     <span class='ocr_line' id='line_1_28' title="bbox 707 3034 2251 3109; baseline -0.005 -12"><span class='ocrx_word' id='word_1_151' title='bbox 707 3044 944 3097; x_wconf 80' lang='lat' dir='ltr'><strong>tionibus</strong></span> <span class='ocrx_word' id='word_1_152' title='bbox 971 3040 1175 3109; x_wconf 75' lang='lat' dir='ltr'><strong>accepit</strong></span> <span class='ocrx_word' id='word_1_153' title='bbox 1204 3039 1551 3094; x_wconf 88' lang='lat' dir='ltr'><strong>calumniam.</strong></span> <span class='ocrx_word' id='word_1_154' title='bbox 1582 3036 1660 3091; x_wconf 88' lang='lat' dir='ltr'><strong>Ea</strong></span> <span class='ocrx_word' id='word_1_155' title='bbox 1684 3045 1861 3091; x_wconf 89' lang='lat' dir='ltr'><strong>autem</strong></span> <span class='ocrx_word' id='word_1_156' title='bbox 1900 3037 2157 3105; x_wconf 89' lang='lat' dir='ltr'><strong>producta</strong></span> <span class='ocrx_word' id='word_1_157' title='bbox 2183 3034 2251 3089; x_wconf 77' lang='lat' dir='ltr'><strong>ad</strong></span> 
     </span>
    </p>
   </div>
   <div class='ocr_carea' id='block_1_29' title="bbox 714 3127 2252 3197">
    <p class='ocr_par' dir='ltr' id='par_1_29' title="bbox 714 3127 2252 3197">
     <span class='ocr_line' id='line_1_29' title="bbox 714 3127 2252 3197; baseline -0.005 -10"><span class='ocrx_word' id='word_1_158' title='bbox 714 3132 984 3187; x_wconf 85' lang='lat' dir='ltr'><strong>hominem</strong></span> <span class='ocrx_word' id='word_1_159' title='bbox 1015 3131 1373 3193; x_wconf 68' lang='lat' dir='ltr'><strong>sceleratum,</strong></span> <span class='ocrx_word' id='word_1_160' title='bbox 1402 3127 1572 3182; x_wconf 87' lang='lat' dir='ltr'><strong>multo</strong></span> <span class='ocrx_word' id='word_1_161' title='bbox 1610 3129 1783 3197; x_wconf 85' lang='lat' dir='ltr'><strong>magis</strong></span> <span class='ocrx_word' id='word_1_162' title='bbox 1831 3128 2017 3181; x_wconf 86' lang='lat' dir='ltr'><strong>insana</strong></span> <span class='ocrx_word' id='word_1_163' title='bbox 2063 3134 2252 3193; x_wconf 84' lang='lat' dir='ltr'><strong>captus</strong></span> 
     </span>
    </p>
   </div>
   <div class='ocr_carea' id='block_1_30' title="bbox 2341 2322 3882 2395">
    <p class='ocr_par' dir='ltr' id='par_1_30' title="bbox 2341 2322 3882 2395">
     <span class='ocr_line' id='line_1_30' title="bbox 2341 2322 3882 2395; baseline -0.002 -19"><span class='ocrx_word' id='word_1_164' title='bbox 2341 2324 2580 2393; x_wconf 77' lang='grc' dir='ltr'>ὑπῆρχεν</span> <span class='ocrx_word' id='word_1_165' title='bbox 2613 2326 2668 2376; x_wconf 83' lang='grc' dir='ltr'><strong>ἐν</strong></span> <span class='ocrx_word' id='word_1_166' title='bbox 2694 2327 2758 2393; x_wconf 80' lang='grc' dir='ltr'>τῇ</span> <span class='ocrx_word' id='word_1_167' title='bbox 2794 2325 3038 2395; x_wconf 77' lang='grc' dir='ltr'>Κορίνθῳ</span> <span class='ocrx_word' id='word_1_168' title='bbox 3068 2323 3215 2375; x_wconf 79' lang='grc' dir='ltr'>πόλει</span> <span class='ocrx_word' id='word_1_169' title='bbox 3234 2323 3538 2391; x_wconf 85' lang='grc' dir='ltr'>ἀσκουμένη</span> <span class='ocrx_word' id='word_1_170' title='bbox 3558 2325 3639 2383; x_wconf 82' lang='grc' dir='ltr'>εις</span> <span class='ocrx_word' id='word_1_171' title='bbox 3658 2322 3746 2373; x_wconf 78' lang='grc' dir='ltr'><strong>τὸν</strong></span> <span class='ocrx_word' id='word_1_172' title='bbox 3767 2322 3882 2373; x_wconf 80' lang='grc' dir='ltr'>ἐνά-</span> 
     </span>
    </p>
   </div>
   <div class='ocr_carea' id='block_1_31' title="bbox 2343 2412 3883 2485">
    <p class='ocr_par' dir='ltr' id='par_1_31' title="bbox 2343 2412 3883 2485">
     <span class='ocr_line' id='line_1_31' title="bbox 2343 2412 3883 2485; baseline -0.003 -18"><span class='ocrx_word' id='word_1_173' title='bbox 2343 2431 2492 2485; x_wconf 89' lang='grc' dir='ltr'>ρετον</span> <span class='ocrx_word' id='word_1_174' title='bbox 2519 2414 2645 2482; x_wconf 85' lang='grc' dir='ltr'>βίον.</span> <span class='ocrx_word' id='word_1_175' title='bbox 2696 2414 2909 2483; x_wconf 86' lang='grc' dir='ltr'>Ταύτην</span> <span class='ocrx_word' id='word_1_176' title='bbox 2938 2417 3057 2467; x_wconf 81' lang='grc' dir='ltr'>κατ’</span> <span class='ocrx_word' id='word_1_177' title='bbox 3097 2416 3269 2467; x_wconf 83' lang='grc' dir='ltr'>ἐκεῖνο</span> <span class='ocrx_word' id='word_1_178' title='bbox 3303 2413 3491 2484; x_wconf 74' lang='grc' dir='ltr'>καιροῦ</span> <span class='ocrx_word' id='word_1_179' title='bbox 3532 2412 3770 2465; x_wconf 81' lang='grc' dir='ltr'>διέϐαλον</span> <span class='ocrx_word' id='word_1_180' title='bbox 3810 2412 3883 2480; x_wconf 77' lang='grc' dir='ltr'>τῷ</span> 
     </span>
    </p>
   </div>
   <div class='ocr_carea' id='block_1_32' title="bbox 2342 2500 3882 2575">
    <p class='ocr_par' dir='ltr' id='par_1_32' title="bbox 2342 2500 3882 2575">
     <span class='ocr_line' id='line_1_32' title="bbox 2342 2500 3882 2575; baseline -0.004 -18"><span class='ocrx_word' id='word_1_181' title='bbox 2342 2504 2457 2557; x_wconf 85' lang='grc' dir='ltr'>τότε</span> <span class='ocrx_word' id='word_1_182' title='bbox 2489 2504 2752 2566; x_wconf 80' lang='grc' dir='ltr'>δικάζοντι</span> <span class='ocrx_word' id='word_1_183' title='bbox 2778 2505 2992 2575; x_wconf 76' lang='grc' dir='ltr'>Ἕλληνι</span> <span class='ocrx_word' id='word_1_184' title='bbox 3010 2504 3120 2557; x_wconf 78' lang='grc' dir='ltr'>ὄντι</span> <span class='ocrx_word' id='word_1_185' title='bbox 3149 2505 3239 2556; x_wconf 76' lang='grc' dir='ltr'>ἐπὶ</span> <span class='ocrx_word' id='word_1_186' title='bbox 3274 2502 3365 2555; x_wconf 71' lang='grc' dir='ltr'>τοῦ</span> <span class='ocrx_word' id='word_1_187' title='bbox 3394 2500 3584 2572; x_wconf 78' lang='grc' dir='ltr'>καιροῦ</span> <span class='ocrx_word' id='word_1_188' title='bbox 3627 2502 3733 2554; x_wconf 80' lang='grc' dir='ltr'><strong>τῶν</strong></span> <span class='ocrx_word' id='word_1_189' title='bbox 3764 2502 3882 2553; x_wconf 86' lang='grc' dir='ltr'>διω-</span> 
     </span>
    </p>
   </div>
   <div class='ocr_carea' id='block_1_33' title="bbox 2344 2590 3886 2663">
    <p class='ocr_par' dir='ltr' id='par_1_33' title="bbox 2344 2590 3886 2663">
     <span class='ocr_line' id='line_1_33' title="bbox 2344 2590 3886 2663; baseline -0.004 -18"><span class='ocrx_word' id='word_1_190' title='bbox 2344 2594 2503 2656; x_wconf 84' lang='grc' dir='ltr'>κτῶν,</span> <span class='ocrx_word' id='word_1_191' title='bbox 2530 2593 2602 2655; x_wconf 82' lang='grc' dir='ltr'>ὡς</span> <span class='ocrx_word' id='word_1_192' title='bbox 2637 2593 3051 2663; x_wconf 80' lang='grc' dir='ltr'>βλασφημοῦσαν</span> <span class='ocrx_word' id='word_1_193' title='bbox 3085 2592 3177 2645; x_wconf 77' lang='grc' dir='ltr'><strong>καὶ</strong></span> <span class='ocrx_word' id='word_1_194' title='bbox 3221 2593 3343 2653; x_wconf 85' lang='grc' dir='ltr'>τοὺς</span> <span class='ocrx_word' id='word_1_195' title='bbox 3385 2593 3607 2661; x_wconf 80' lang='grc' dir='ltr'>καιροὺς</span> <span class='ocrx_word' id='word_1_196' title='bbox 3645 2591 3736 2641; x_wconf 74' lang='grc' dir='ltr'><strong>καὶ</strong></span> <span class='ocrx_word' id='word_1_197' title='bbox 3767 2590 3886 2649; x_wconf 76' lang='grc' dir='ltr'>τοὺς</span> 
     </span>
    </p>
   </div>
   <div class='ocr_carea' id='block_1_34' title="bbox 2346 2681 3889 2754">
    <p class='ocr_par' dir='ltr' id='par_1_34' title="bbox 2346 2681 3889 2754">
     <span class='ocr_line' id='line_1_34' title="bbox 2346 2681 3889 2754; baseline -0.005 -16"><span class='ocrx_word' id='word_1_198' title='bbox 2346 2684 2607 2754; x_wconf 85' lang='grc' dir='ltr'><strong>βασιλεῖς,</strong></span> <span class='ocrx_word' id='word_1_199' title='bbox 2654 2686 2745 2737; x_wconf 78' lang='grc' dir='ltr'><strong>καὶ</strong></span> <span class='ocrx_word' id='word_1_200' title='bbox 2783 2686 2849 2738; x_wconf 89' lang='grc' dir='ltr'><strong>τά</strong></span> <span class='ocrx_word' id='word_1_201' title='bbox 2898 2685 3109 2737; x_wconf 81' lang='grc' dir='ltr'>εἴδωλα.</span> <span class='ocrx_word' id='word_1_202' title='bbox 3138 2683 3474 2753; x_wconf 88' lang='grc' dir='ltr'>Προεπείνων</span> <span class='ocrx_word' id='word_1_203' title='bbox 3493 2684 3514 2703; x_wconf 77' lang='lat'><strong><em>‘</em></strong></span> <span class='ocrx_word' id='word_1_204' title='bbox 3538 2681 3595 2733; x_wconf 86' lang='grc' dir='ltr'>δὲ</span> <span class='ocrx_word' id='word_1_205' title='bbox 3617 2681 3677 2732; x_wconf 81' lang='grc' dir='ltr'><strong>τὸ</strong></span> <span class='ocrx_word' id='word_1_206' title='bbox 3698 2681 3889 2747; x_wconf 83' lang='grc' dir='ltr'>ταύτης</span> 
     </span>
    </p>
   </div>
   <div class='ocr_carea' id='block_1_35' title="bbox 2346 2770 3889 2847">
    <p class='ocr_par' dir='ltr' id='par_1_35' title="bbox 2346 2770 3889 2847">
     <span class='ocr_line' id='line_1_35' title="bbox 2346 2770 3889 2847; baseline -0.005 -19"><span class='ocrx_word' id='word_1_207' title='bbox 2346 2776 2556 2838; x_wconf 82' lang='grc' dir='ltr'>κάλλος,</span> <span class='ocrx_word' id='word_1_208' title='bbox 2585 2778 2634 2828; x_wconf 78' lang='grc' dir='ltr'><strong>οἱ</strong></span> <span class='ocrx_word' id='word_1_209' title='bbox 2667 2778 2793 2847; x_wconf 72' lang='grc' dir='ltr'>περὶ</span> <span class='ocrx_word' id='word_1_210' title='bbox 2817 2776 2887 2828; x_wconf 87' lang='grc' dir='ltr'><strong>τά</strong></span> <span class='ocrx_word' id='word_1_211' title='bbox 2912 2777 3132 2828; x_wconf 79' lang='grc' dir='ltr'>τοιαῦτα</span> <span class='ocrx_word' id='word_1_212' title='bbox 3165 2775 3396 2846; x_wconf 78' lang='grc' dir='ltr'>κάπηλοι</span> <span class='ocrx_word' id='word_1_213' title='bbox 3414 2770 3889 2842; x_wconf 79' lang='grc' dir='ltr'>γυναικομανοῦντι</span> 
     </span>
    </p>
   </div>
   <div class='ocr_carea' id='block_1_36' title="bbox 2348 2861 3889 2936">
    <p class='ocr_par' dir='ltr' id='par_1_36' title="bbox 2348 2861 3889 2936">
     <span class='ocr_line' id='line_1_36' title="bbox 2348 2861 3889 2936; baseline -0.004 -18"><span class='ocrx_word' id='word_1_214' title='bbox 2348 2867 2423 2936; x_wconf 81' lang='grc' dir='ltr'>τῷ</span> <span class='ocrx_word' id='word_1_215' title='bbox 2454 2867 2596 2935; x_wconf 82' lang='grc' dir='ltr'>ἀθέῳ</span> <span class='ocrx_word' id='word_1_216' title='bbox 2622 2867 2726 2920; x_wconf 85' lang='grc' dir='ltr'>τῶν</span> <span class='ocrx_word' id='word_1_217' title='bbox 2756 2868 3036 2920; x_wconf 84' lang='grc' dir='ltr'>δικαστῶν.</span> <span class='ocrx_word' id='word_1_218' title='bbox 3080 2868 3137 2918; x_wconf 89' lang='lat'><strong>&#39;0</strong></span> <span class='ocrx_word' id='word_1_219' title='bbox 3160 2867 3216 2918; x_wconf 72' lang='grc' dir='ltr'>δὲ</span> <span class='ocrx_word' id='word_1_220' title='bbox 3240 2865 3405 2933; x_wconf 77' lang='grc' dir='ltr'>ἡδέως</span> <span class='ocrx_word' id='word_1_221' title='bbox 3430 2863 3640 2926; x_wconf 77' lang='grc' dir='ltr'>ἐδέξατο</span> <span class='ocrx_word' id='word_1_222' title='bbox 3669 2863 3764 2932; x_wconf 79' lang='grc' dir='ltr'><strong>τὴν</strong></span> <span class='ocrx_word' id='word_1_223' title='bbox 3782 2861 3889 2912; x_wconf 72' lang='lat' dir='ltr'><strong>6w.-</strong></span> 
     </span>
    </p>
   </div>
   <div class='ocr_carea' id='block_1_37' title="bbox 2351 2951 3893 3025">
    <p class='ocr_par' dir='ltr' id='par_1_37' title="bbox 2351 2951 3893 3025">
     <span class='ocr_line' id='line_1_37' title="bbox 2351 2951 3893 3025; baseline -0.004 -18"><span class='ocrx_word' id='word_1_224' title='bbox 2351 2955 2507 3025; x_wconf 76' lang='grc' dir='ltr'>ϐολὴν</span> <span class='ocrx_word' id='word_1_225' title='bbox 2538 2958 2646 3018; x_wconf 87' lang='grc' dir='ltr'>τοῖς</span> <span class='ocrx_word' id='word_1_226' title='bbox 2680 2958 2915 3018; x_wconf 80' lang='grc' dir='ltr'>ἱππικοῖς</span> <span class='ocrx_word' id='word_1_227' title='bbox 2940 2952 3138 3017; x_wconf 79' lang='grc' dir='ltr'>ὠτίοις,</span> <span class='ocrx_word' id='word_1_228' title='bbox 3174 2955 3265 3006; x_wconf 72' lang='grc' dir='ltr'>καὶ</span> <span class='ocrx_word' id='word_1_229' title='bbox 3301 2952 3409 3014; x_wconf 81' lang='grc' dir='ltr'>τοῖς</span> <span class='ocrx_word' id='word_1_230' title='bbox 3444 2952 3770 3022; x_wconf 84' lang='grc' dir='ltr'>θηλυμανέσι</span> <span class='ocrx_word' id='word_1_231' title='bbox 3810 2951 3893 3002; x_wconf 87' lang='grc' dir='ltr'>λο-</span> 
     </span>
    </p>
   </div>
   <div class='ocr_carea' id='block_1_38' title="bbox 2353 3042 3891 3118">
    <p class='ocr_par' dir='ltr' id='par_1_38' title="bbox 2353 3042 3891 3118">
     <span class='ocr_line' id='line_1_38' title="bbox 2353 3042 3891 3118; baseline -0.003 -19"><span class='ocrx_word' id='word_1_232' title='bbox 2353 3051 2582 3117; x_wconf 84' lang='grc' dir='ltr'>γισμοῖς.</span> <span class='ocrx_word' id='word_1_233' title='bbox 2612 3048 3010 3118; x_wconf 85' lang='grc' dir='ltr'>Προσαχθείσης</span> <span class='ocrx_word' id='word_1_234' title='bbox 3034 3048 3089 3099; x_wconf 88' lang='grc' dir='ltr'><strong>δὲ</strong></span> <span class='ocrx_word' id='word_1_235' title='bbox 3121 3046 3318 3115; x_wconf 78' lang='grc' dir='ltr'>ταύτης</span> <span class='ocrx_word' id='word_1_236' title='bbox 3350 3046 3425 3114; x_wconf 82' lang='grc' dir='ltr'>τῷ</span> <span class='ocrx_word' id='word_1_237' title='bbox 3444 3045 3726 3115; x_wconf 81' lang='grc' dir='ltr'>μιαιφόνῳ,</span> <span class='ocrx_word' id='word_1_238' title='bbox 3761 3042 3891 3096; x_wconf 81' lang='grc' dir='ltr'>πολὺ</span> 
     </span>
    </p>
   </div>
   <div class='ocr_carea' id='block_1_39' title="bbox 2357 3134 3892 3207">
    <p class='ocr_par' dir='ltr' id='par_1_39' title="bbox 2357 3134 3892 3207">
     <span class='ocr_line' id='line_1_39' title="bbox 2357 3134 3892 3207; baseline -0.005 -18"><span class='ocrx_word' id='word_1_239' title='bbox 2357 3138 2515 3189; x_wconf 83' lang='grc' dir='ltr'>πλέον</span> <span class='ocrx_word' id='word_1_240' title='bbox 2547 3141 2611 3207; x_wconf 83' lang='grc' dir='ltr'>τῇ</span> <span class='ocrx_word' id='word_1_241' title='bbox 2652 3138 2853 3207; x_wconf 68' lang='grc' dir='ltr'>ἀσωτίᾳ</span> <span class='ocrx_word' id='word_1_242' title='bbox 2876 3138 3199 3207; x_wconf 83' lang='grc' dir='ltr'>ἐκμέμηνεν.</span> <span class='ocrx_word' id='word_1_243' title='bbox 3239 3137 3323 3199; x_wconf 82' lang='grc' dir='ltr'>Ὠς</span> <span class='ocrx_word' id='word_1_244' title='bbox 3353 3135 3407 3188; x_wconf 83' lang='grc' dir='ltr'>δὲ</span> <span class='ocrx_word' id='word_1_245' title='bbox 3440 3137 3621 3188; x_wconf 80' lang='grc' dir='ltr'>πᾶσαν</span> <span class='ocrx_word' id='word_1_246' title='bbox 3655 3134 3892 3203; x_wconf 75' lang='grc' dir='ltr'>μηχανὴν</span> 
     </span>
    </p>
   </div>
   <div class='ocr_carea' id='block_1_40' title="bbox 711 3196 2256 3299">
    <p class='ocr_par' dir='ltr' id='par_1_40' title="bbox 711 3196 2256 3289">
     <span class='ocr_line' id='line_1_40' title="bbox 711 3196 2256 3289; baseline -0.003 -11"><span class='ocrx_word' id='word_1_247' title='bbox 711 3232 794 3280; x_wconf 87' lang='lat' dir='ltr'><strong>est</strong></span> <span class='ocrx_word' id='word_1_248' title='bbox 823 3221 1255 3289; x_wconf 86' lang='lat' dir='ltr'><strong>intemperantia.</strong></span> <span class='ocrx_word' id='word_1_249' title='bbox 1284 3218 1570 3289; x_wconf 82' lang='lat' dir='ltr'><strong>Postquam</strong></span> <span class='ocrx_word' id='word_1_250' title='bbox 1595 3196 1772 3273; x_wconf 87' lang='lat' dir='ltr'><strong>autem</strong></span> <span class='ocrx_word' id='word_1_251' title='bbox 1795 3220 2043 3272; x_wconf 92' lang='lat' dir='ltr'><strong>omnibus</strong></span> <span class='ocrx_word' id='word_1_252' title='bbox 2068 3219 2256 3274; x_wconf 88' lang='lat' dir='ltr'><strong>adver-</strong></span> 
     </span>
    </p>
   </div>
   <div class='ocr_carea' id='block_1_41' title="bbox 2352 3196 3894 3299">
    <p class='ocr_par' dir='ltr' id='par_1_41' title="bbox 2356 3196 3894 3299">
     <span class='ocr_line' id='line_1_41' title="bbox 2356 3196 3894 3299; baseline -0.005 -20"><span class='ocrx_word' id='word_1_253' title='bbox 2356 3229 2471 3279; x_wconf 82' lang='grc' dir='ltr'>κατ’</span> <span class='ocrx_word' id='word_1_254' title='bbox 2502 3196 2668 3296; x_wconf 57' lang='grc' dir='ltr'>αύτξῆς</span> <span class='ocrx_word' id='word_1_255' title='bbox 2702 3196 2975 3297; x_wconf 62' lang='grc' dir='ltr'>κινήσαςδ</span> <span class='ocrx_word' id='word_1_256' title='bbox 3008 3196 3252 3297; x_wconf 64' lang='grc' dir='ltr'>ῥέθηλος,</span> <span class='ocrx_word' id='word_1_257' title='bbox 3281 3196 3377 3294; x_wconf 77' lang='grc' dir='ltr'>τὴν</span> <span class='ocrx_word' id='word_1_258' title='bbox 3410 3223 3503 3276; x_wconf 81' lang='grc' dir='ltr'>τοῦ</span> <span class='ocrx_word' id='word_1_259' title='bbox 3526 3196 3667 3276; x_wconf 42' lang='grc' dir='ltr'>Θεοῦ.</span> 
     </span>
    </p>
   </div>
   <div class='ocr_carea' id='block_1_42' title="bbox 712 3302 2252 3369">
    <p class='ocr_par' dir='ltr' id='par_1_42' title="bbox 712 3302 2252 3369">
     <span class='ocr_line' id='line_1_42' title="bbox 712 3302 2252 3369; baseline -0.004 0"><span class='ocrx_word' id='word_1_260' title='bbox 712 3315 812 3369; x_wconf 79' lang='lat' dir='ltr'><strong>sus‘</strong></span> <span class='ocrx_word' id='word_1_261' title='bbox 829 3327 947 3367; x_wconf 88' lang='lat' dir='ltr'><strong>eam</strong></span> <span class='ocrx_word' id='word_1_262' title='bbox 970 3311 1224 3365; x_wconf 80' lang='lat' dir='ltr'><strong>adhibitis</strong></span> <span class='ocrx_word' id='word_1_263' title='bbox 1242 3310 1504 3365; x_wconf 89' lang='lat' dir='ltr'><strong>machinis</strong></span> <span class='ocrx_word' id='word_1_264' title='bbox 1527 3310 1667 3362; x_wconf 89' lang='lat' dir='ltr'><strong>hanc</strong></span> <span class='ocrx_word' id='word_1_265' title='bbox 1684 3309 1775 3362; x_wconf 88' lang='lat' dir='ltr'><strong>Dei</strong></span> <span class='ocrx_word' id='word_1_266' title='bbox 1804 3302 2071 3362; x_wconf 86' lang='lat' dir='ltr'><strong>hominem</strong></span> <span class='ocrx_word' id='word_1_267' title='bbox 2099 3310 2252 3363; x_wconf 82' lang='lat' dir='ltr'><strong>sedu-</strong></span> 
     </span>
    </p>
   </div>
   <div class='ocr_carea' id='block_1_43' title="bbox 709 3394 2256 3471">
    <p class='ocr_par' dir='ltr' id='par_1_43' title="bbox 709 3394 2256 3471">
     <span class='ocr_line' id='line_1_43' title="bbox 709 3394 2256 3471; baseline -0.006 -12"><span class='ocrx_word' id='word_1_268' title='bbox 709 3419 833 3459; x_wconf 86' lang='lat' dir='ltr'><strong>cere</strong></span> <span class='ocrx_word' id='word_1_269' title='bbox 891 3418 997 3457; x_wconf 91' lang='lat' dir='ltr'><strong>non</strong></span> <span class='ocrx_word' id='word_1_270' title='bbox 1048 3402 1219 3471; x_wconf 87' lang='lat' dir='ltr'><strong>potuit</strong></span> <span class='ocrx_word' id='word_1_271' title='bbox 1265 3400 1524 3469; x_wconf 86' lang='lat' dir='ltr'><strong>profanus</strong></span> <span class='ocrx_word' id='word_1_272' title='bbox 1571 3394 1755 3458; x_wconf 80' lang='lat' dir='ltr'><strong>homo,</strong></span> <span class='ocrx_word' id='word_1_273' title='bbox 1780 3398 1945 3449; x_wconf 82' lang='lat' dir='ltr'><strong>variis</strong></span> <span class='ocrx_word' id='word_1_274' title='bbox 1979 3398 2256 3451; x_wconf 87' lang='lat' dir='ltr'><strong>tormentis</strong></span> 
     </span>
    </p>
   </div>
   <div class='ocr_carea' id='block_1_44' title="bbox 660 3486 2254 3563">
    <p class='ocr_par' dir='ltr' id='par_1_44' title="bbox 660 3486 2254 3563">
     <span class='ocr_line' id='line_1_44' title="bbox 660 3486 2254 3563; baseline -0.008 -14"><span class='ocrx_word' id='word_1_275' title='bbox 660 3556 661 3559; x_wconf 27' lang='grc' dir='ltr'><strong>η</strong></span> <span class='ocrx_word' id='word_1_276' title='bbox 710 3494 941 3563; x_wconf 80' lang='lat' dir='ltr'><strong>subjecit</strong></span> <span class='ocrx_word' id='word_1_277' title='bbox 964 3492 1152 3547; x_wconf 89' lang='lat' dir='ltr'><strong>fortem</strong></span> <span class='ocrx_word' id='word_1_278' title='bbox 1178 3490 1454 3547; x_wconf 85' lang='lat' dir='ltr'><strong>feminam.</strong></span> <span class='ocrx_word' id='word_1_279' title='bbox 1484 3487 1680 3543; x_wconf 82' lang='lat' dir='ltr'><strong>Verum</strong></span> <span class='ocrx_word' id='word_1_280' title='bbox 1700 3503 1821 3541; x_wconf 88' lang='lat' dir='ltr'><strong>cum</strong></span> <span class='ocrx_word' id='word_1_281' title='bbox 1852 3501 1918 3539; x_wconf 90' lang='lat' dir='ltr'><strong>ne</strong></span> <span class='ocrx_word' id='word_1_282' title='bbox 1939 3487 2022 3539; x_wconf 91' lang='lat' dir='ltr'><strong>his</strong></span> <span class='ocrx_word' id='word_1_283' title='bbox 2042 3486 2254 3553; x_wconf 82' lang='lat' dir='ltr'><strong>quidem</strong></span> 
     </span>
    </p>
   </div>
   <div class='ocr_carea' id='block_1_45' title="bbox 712 3576 2259 3653">
    <p class='ocr_par' dir='ltr' id='par_1_45' title="bbox 712 3576 2259 3653">
     <span class='ocr_line' id='line_1_45' title="bbox 712 3576 2259 3653; baseline -0.01 -15"><span class='ocrx_word' id='word_1_284' title='bbox 712 3582 855 3653; x_wconf 89' lang='lat' dir='ltr'><strong>quod</strong></span> <span class='ocrx_word' id='word_1_285' title='bbox 883 3582 1093 3635; x_wconf 87' lang='lat' dir='ltr'><strong>volebat</strong></span> <span class='ocrx_word' id='word_1_286' title='bbox 1116 3580 1276 3634; x_wconf 88' lang='lat' dir='ltr'><strong>fuerit</strong></span> <span class='ocrx_word' id='word_1_287' title='bbox 1297 3588 1594 3641; x_wconf 81' lang='lat' dir='ltr'><strong>assecutus,</strong></span> <span class='ocrx_word' id='word_1_288' title='bbox 1614 3586 1673 3630; x_wconf 90' lang='lat' dir='ltr'><strong>ut</strong></span> <span class='ocrx_word' id='word_1_289' title='bbox 1699 3576 1791 3644; x_wconf 89' lang='lat' dir='ltr'><strong>qui</strong></span> <span class='ocrx_word' id='word_1_290' title='bbox 1817 3590 1921 3627; x_wconf 92' lang='lat' dir='ltr'><strong>non</strong></span> <span class='ocrx_word' id='word_1_291' title='bbox 1949 3582 2125 3641; x_wconf 84' lang='lat' dir='ltr'><strong>posset</strong></span> <span class='ocrx_word' id='word_1_292' title='bbox 2141 3587 2259 3624; x_wconf 86' lang='lat' dir='ltr'><strong>cam</strong></span> 
     </span>
    </p>
   </div>
   <div class='ocr_carea' id='block_1_46' title="bbox 713 3663 2260 3729">
    <p class='ocr_par' dir='ltr' id='par_1_46' title="bbox 713 3663 2260 3729">
     <span class='ocr_line' id='line_1_46' title="bbox 713 3663 2260 3729; baseline -0.009 0"><span class='ocrx_word' id='word_1_293' title='bbox 713 3676 979 3729; x_wconf 78' lang='lat' dir='ltr'><strong>abducere</strong></span> <span class='ocrx_word' id='word_1_294' title='bbox 1009 3688 1039 3726; x_wconf 88' lang='lat' dir='ltr'><strong>a</strong></span> <span class='ocrx_word' id='word_1_295' title='bbox 1063 3672 1262 3726; x_wconf 82' lang='lat' dir='ltr'><strong>Christi</strong></span> <span class='ocrx_word' id='word_1_296' title='bbox 1308 3668 1683 3728; x_wconf 85' lang='lat' dir='ltr'><strong>confessione,</strong></span> <span class='ocrx_word' id='word_1_297' title='bbox 1728 3666 1783 3718; x_wconf 92' lang='lat' dir='ltr'><strong>in</strong></span> <span class='ocrx_word' id='word_1_298' title='bbox 1821 3680 1938 3717; x_wconf 89' lang='lat' dir='ltr'><strong>eam</strong></span> <span class='ocrx_word' id='word_1_299' title='bbox 1983 3663 2260 3715; x_wconf 83' lang='lat' dir='ltr'><strong>insaniens</strong></span> 
     </span>
    </p>
   </div>
   <div class='ocr_carea' id='block_1_47' title="bbox 716 3751 2264 3828">
    <p class='ocr_par' dir='ltr' id='par_1_47' title="bbox 716 3751 2264 3828">
     <span class='ocr_line' id='line_1_47' title="bbox 716 3751 2264 3828; baseline -0.009 -11"><span class='ocrx_word' id='word_1_300' title='bbox 716 3763 970 3823; x_wconf 86' lang='lat' dir='ltr'><strong>crudelis,</strong></span> <span class='ocrx_word' id='word_1_301' title='bbox 1006 3759 1272 3828; x_wconf 85' lang='lat' dir='ltr'><strong>ejusmodi</strong></span> <span class='ocrx_word' id='word_1_302' title='bbox 1298 3772 1456 3824; x_wconf 68' lang='lat' dir='ltr'><strong>paena</strong></span> <span class='ocrx_word' id='word_1_303' title='bbox 1478 3758 1663 3823; x_wconf 72' lang='lat' dir='ltr'><strong>ipsam</strong></span> <span class='ocrx_word' id='word_1_304' title='bbox 1712 3754 1906 3807; x_wconf 84' lang='lat' dir='ltr'><strong>aﬂ&#39;ecit.</strong></span> <span class='ocrx_word' id='word_1_305' title='bbox 1941 3751 2157 3805; x_wconf 88' lang='lat' dir='ltr'><strong>Castam</strong></span> <span class='ocrx_word' id='word_1_306' title='bbox 2211 3760 2264 3804; x_wconf 90' lang='lat' dir='ltr'><strong>et</strong></span> 
     </span>
    </p>
   </div>
   <div class='ocr_carea' id='block_1_48' title="bbox 720 3842 2265 3919">
    <p class='ocr_par' dir='ltr' id='par_1_48' title="bbox 720 3842 2265 3919">
     <span class='ocr_line' id='line_1_48' title="bbox 720 3842 2265 3919; baseline -0.008 -13"><span class='ocrx_word' id='word_1_307' title='bbox 720 3858 1102 3919; x_wconf 83' lang='lat' dir='ltr'><strong>temperantem</strong></span> <span class='ocrx_word' id='word_1_308' title='bbox 1129 3846 1382 3900; x_wconf 85' lang='lat' dir='ltr'><strong>feminam</strong></span> <span class='ocrx_word' id='word_1_309' title='bbox 1412 3859 1615 3912; x_wconf 86' lang='lat' dir='ltr'><strong>ponens</strong></span> <span class='ocrx_word' id='word_1_310' title='bbox 1642 3844 1694 3895; x_wconf 93' lang='lat' dir='ltr'><strong>in</strong></span> <span class='ocrx_word' id='word_1_311' title='bbox 1731 3843 2056 3910; x_wconf 79' lang='lat' dir='ltr'><strong>prostibula,</strong></span> <span class='ocrx_word' id='word_1_312' title='bbox 2099 3842 2265 3909; x_wconf 89' lang='lat' dir='ltr'><strong>jussit</strong></span> 
     </span>
    </p>
   </div>
   <div class='ocr_carea' id='block_1_49' title="bbox 719 3931 2262 4009">
    <p class='ocr_par' dir='ltr' id='par_1_49' title="bbox 719 3931 2262 4009">
     <span class='ocr_line' id='line_1_49' title="bbox 719 3931 2262 4009; baseline -0.008 -13"><span class='ocrx_word' id='word_1_313' title='bbox 719 3942 772 3997; x_wconf 84' lang='lat' dir='ltr'><strong>ei</strong></span> <span class='ocrx_word' id='word_1_314' title='bbox 802 3942 895 4009; x_wconf 88' lang='lat' dir='ltr'><strong>qui</strong></span> <span class='ocrx_word' id='word_1_315' title='bbox 941 3953 1033 3992; x_wconf 89' lang='lat' dir='ltr'><strong>eas</strong></span> <span class='ocrx_word' id='word_1_316' title='bbox 1074 3936 1400 4007; x_wconf 82' lang='lat' dir='ltr'><strong>possidebat,</strong></span> <span class='ocrx_word' id='word_1_317' title='bbox 1435 3935 1619 3987; x_wconf 89' lang='lat' dir='ltr'><strong>dicens</strong></span> <span class='ocrx_word' id='word_1_318' title='bbox 1653 3948 1668 3985; x_wconf 89' lang='lat'><strong>:</strong></span> <span class='ocrx_word' id='word_1_319' title='bbox 1697 3931 1846 3985; x_wconf 82' lang='lat' dir='ltr'><strong>Hanc</strong></span> <span class='ocrx_word' id='word_1_320' title='bbox 1872 3933 2003 3985; x_wconf 87' lang='lat' dir='ltr'><strong>mihi</strong></span> <span class='ocrx_word' id='word_1_321' title='bbox 2033 3947 2181 4001; x_wconf 88' lang='lat' dir='ltr'><strong>cape,</strong></span> <span class='ocrx_word' id='word_1_322' title='bbox 2212 3942 2262 3985; x_wconf 88' lang='lat' dir='ltr'><strong>et</strong></span> 
     </span>
    </p>
   </div>
   <div class='ocr_carea' id='block_1_50' title="bbox 720 4021 2263 4091">
    <p class='ocr_par' dir='ltr' id='par_1_50' title="bbox 720 4021 2263 4091">
     <span class='ocr_line' id='line_1_50' title="bbox 720 4021 2263 4091; baseline -0.007 -6"><span class='ocrx_word' id='word_1_323' title='bbox 720 4042 831 4085; x_wconf 84' lang='lat' dir='ltr'><strong>tres</strong></span> <span class='ocrx_word' id='word_1_324' title='bbox 862 4042 1110 4083; x_wconf 90' lang='lat' dir='ltr'><strong>nummos</strong></span> <span class='ocrx_word' id='word_1_325' title='bbox 1146 4041 1213 4079; x_wconf 77' lang='lat' dir='ltr'><strong>ex</strong></span> <span class='ocrx_word' id='word_1_326' title='bbox 1238 4041 1298 4078; x_wconf 90' lang='lat' dir='ltr'><strong>ea</strong></span> <span class='ocrx_word' id='word_1_327' title='bbox 1326 4025 1392 4077; x_wconf 88' lang='lat' dir='ltr'><strong>ad</strong></span> <span class='ocrx_word' id='word_1_328' title='bbox 1427 4039 1512 4078; x_wconf 92' lang='lat' dir='ltr'><strong>me</strong></span> <span class='ocrx_word' id='word_1_329' title='bbox 1533 4022 1681 4077; x_wconf 92' lang='lat' dir='ltr'><strong>defer</strong></span> <span class='ocrx_word' id='word_1_330' title='bbox 1708 4023 1965 4091; x_wconf 84' lang='lat' dir='ltr'><strong>quotidie.</strong></span> <span class='ocrx_word' id='word_1_331' title='bbox 2009 4021 2057 4074; x_wconf 90' lang='lat' dir='ltr'><strong>ls</strong></span> <span class='ocrx_word' id='word_1_332' title='bbox 2088 4031 2263 4074; x_wconf 81' lang='lat' dir='ltr'><strong>autem</strong></span> 
     </span>
    </p>
   </div>
   <div class='ocr_carea' id='block_1_51' title="bbox 721 4109 2268 4189">
    <p class='ocr_par' dir='ltr' id='par_1_51' title="bbox 721 4109 2268 4189">
     <span class='ocr_line' id='line_1_51' title="bbox 721 4109 2268 4189; baseline -0.012 -13"><span class='ocrx_word' id='word_1_333' title='bbox 721 4138 915 4176; x_wconf 86' lang='lat' dir='ltr'><strong>aurum</strong></span> <span class='ocrx_word' id='word_1_334' title='bbox 943 4120 1159 4189; x_wconf 80' lang='lat' dir='ltr'><strong>exigens</strong></span> <span class='ocrx_word' id='word_1_335' title='bbox 1180 4132 1245 4170; x_wconf 76' lang='lat' dir='ltr'><strong>ex</strong></span> <span class='ocrx_word' id='word_1_336' title='bbox 1271 4114 1413 4183; x_wconf 83' lang='lat' dir='ltr'><strong>turpi</strong></span> <span class='ocrx_word' id='word_1_337' title='bbox 1436 4114 1662 4176; x_wconf 76' lang='lat' dir='ltr'><strong>actibue,</strong></span> <span class='ocrx_word' id='word_1_338' title='bbox 1685 4126 1801 4165; x_wconf 91' lang='lat' dir='ltr'><strong>eam</strong></span> <span class='ocrx_word' id='word_1_339' title='bbox 1835 4110 2054 4163; x_wconf 86' lang='lat' dir='ltr'><strong>tradidit</strong></span> <span class='ocrx_word' id='word_1_340' title='bbox 2084 4109 2268 4160; x_wconf 86' lang='lat' dir='ltr'><strong>volen-</strong></span> 
     </span>
    </p>
   </div>
   <div class='ocr_carea' id='block_1_52' title="bbox 724 4204 2266 4282">
    <p class='ocr_par' dir='ltr' id='par_1_52' title="bbox 724 4204 2266 4282">
     <span class='ocr_line' id='line_1_52' title="bbox 724 4204 2266 4282; baseline -0.013 -12"><span class='ocrx_word' id='word_1_341' title='bbox 724 4218 869 4270; x_wconf 84' lang='lat' dir='ltr'><strong>tibus</strong></span> <span class='ocrx_word' id='word_1_342' title='bbox 891 4216 945 4268; x_wconf 91' lang='lat' dir='ltr'><strong>in</strong></span> <span class='ocrx_word' id='word_1_343' title='bbox 973 4212 1177 4267; x_wconf 72' lang='lat' dir='ltr'><strong>officina</strong></span> <span class='ocrx_word' id='word_1_344' title='bbox 1210 4208 1550 4282; x_wconf 83' lang='lat' dir='ltr'><strong>abominandi</strong></span> <span class='ocrx_word' id='word_1_345' title='bbox 1584 4206 1790 4275; x_wconf 81' lang='lat' dir='ltr'><strong>flagitii.</strong></span> <span class='ocrx_word' id='word_1_346' title='bbox 1827 4204 1961 4257; x_wconf 91' lang='lat' dir='ltr'><strong>Cum</strong></span> <span class='ocrx_word' id='word_1_347' title='bbox 1992 4204 2103 4256; x_wconf 73' lang='lat' dir='ltr'><strong>haec</strong></span> <span class='ocrx_word' id='word_1_348' title='bbox 2139 4214 2266 4269; x_wconf 80' lang='lat' dir='ltr'><strong>ergo</strong></span> 
     </span>
    </p>
   </div>
   <div class='ocr_carea' id='block_1_53' title="bbox 726 4292 2264 4370">
    <p class='ocr_par' dir='ltr' id='par_1_53' title="bbox 726 4292 2264 4370">
     <span class='ocr_line' id='line_1_53' title="bbox 726 4292 2264 4370; baseline -0.01 -11"><span class='ocrx_word' id='word_1_349' title='bbox 726 4306 1005 4359; x_wconf 81' lang='lat' dir='ltr'><strong>novissent</strong></span> <span class='ocrx_word' id='word_1_350' title='bbox 1036 4292 1128 4370; x_wconf 68' lang='lat' dir='ltr'><strong>qui</strong></span> <span class='ocrx_word' id='word_1_351' title='bbox 1164 4300 1477 4354; x_wconf 89' lang='lat' dir='ltr'><strong>tenebantur</strong></span> <span class='ocrx_word' id='word_1_352' title='bbox 1505 4298 1697 4351; x_wconf 85' lang='lat' dir='ltr'><strong>insano</strong></span> <span class='ocrx_word' id='word_1_353' title='bbox 1744 4310 1929 4349; x_wconf 88' lang='lat' dir='ltr'><strong>amore</strong></span> <span class='ocrx_word' id='word_1_354' title='bbox 1958 4294 2264 4352; x_wconf 90' lang='lat' dir='ltr'><strong>mulierum,</strong></span> 
     </span>
    </p>
   </div>
   <div class='ocr_carea' id='block_1_54' title="bbox 730 4383 2279 4451">
    <p class='ocr_par' dir='ltr' id='par_1_54' title="bbox 730 4383 2279 4451">
     <span class='ocr_line' id='line_1_54' title="bbox 730 4383 2279 4451; baseline -0.012 0"><span class='ocrx_word' id='word_1_355' title='bbox 730 4395 1037 4451; x_wconf 82' lang='lat' dir='ltr'><strong>assidebam</strong></span> <span class='ocrx_word' id='word_1_356' title='bbox 1065 4390 1332 4444; x_wconf 76' lang='lat' dir='ltr'><strong>scelerata:</strong></span> <span class='ocrx_word' id='word_1_357' title='bbox 1354 4387 1501 4439; x_wconf 79' lang='lat' dir='ltr'><strong>exitii</strong></span> <span class='ocrx_word' id='word_1_358' title='bbox 1531 4386 1773 4446; x_wconf 67' lang='lat' dir='ltr'><strong>ollicinaa,</strong></span> <span class='ocrx_word' id='word_1_359' title='bbox 1811 4384 2107 4438; x_wconf 89' lang='lat' dir='ltr'><strong>mercedem</strong></span> <span class='ocrx_word' id='word_1_360' title='bbox 2137 4383 2279 4435; x_wconf 68' lang='lat' dir='ltr'><strong>dan--</strong></span> 
     </span>
    </p>
   </div>
   <div class='ocr_carea' id='block_1_55' title="bbox 734 4470 2263 4547">
    <p class='ocr_par' dir='ltr' id='par_1_55' title="bbox 734 4470 2263 4547">
     <span class='ocr_line' id='line_1_55' title="bbox 734 4470 2263 4547; baseline -0.01 -6"><span class='ocrx_word' id='word_1_361' title='bbox 734 4497 814 4541; x_wconf 88' lang='lat' dir='ltr'><strong>tes</strong></span> <span class='ocrx_word' id='word_1_362' title='bbox 864 4470 1171 4537; x_wconf 27' lang='lat' dir='ltr'><strong>inhonesta.</strong></span> <span class='ocrx_word' id='word_1_363' title='bbox 1200 4476 1529 4547; x_wconf 88' lang='lat' dir='ltr'><strong>operationis</strong></span> <span class='ocrx_word' id='word_1_364' title='bbox 1576 4476 1958 4543; x_wconf 89' lang='lat' dir='ltr'><strong>cupientesque</strong></span> <span class='ocrx_word' id='word_1_365' title='bbox 2010 4489 2129 4525; x_wconf 89' lang='lat' dir='ltr'><strong>cum</strong></span> <span class='ocrx_word' id='word_1_366' title='bbox 2175 4474 2263 4526; x_wconf 88' lang='lat' dir='ltr'><strong>illa</strong></span> 
     </span>
    </p>
   </div>
   <div class='ocr_carea' id='block_1_56' title="bbox 734 4563 2272 4645">
    <p class='ocr_par' dir='ltr' id='par_1_56' title="bbox 734 4563 2272 4645">
     <span class='ocr_line' id='line_1_56' title="bbox 734 4563 2272 4645; baseline -0.012 -14"><span class='ocrx_word' id='word_1_367' title='bbox 734 4576 967 4645; x_wconf 86' lang='lat' dir='ltr'><strong>turpiter</strong></span> <span class='ocrx_word' id='word_1_368' title='bbox 991 4572 1261 4643; x_wconf 84' lang='lat' dir='ltr'><strong>congredi.</strong></span> <span class='ocrx_word' id='word_1_369' title='bbox 1296 4569 1389 4623; x_wconf 81' lang='lat' dir='ltr'><strong>illa</strong></span> <span class='ocrx_word' id='word_1_370' title='bbox 1427 4577 1604 4621; x_wconf 90' lang='lat' dir='ltr'><strong>autem</strong></span> <span class='ocrx_word' id='word_1_371' title='bbox 1641 4567 1789 4633; x_wconf 83' lang='lat' dir='ltr'><strong>virgo</strong></span> <span class='ocrx_word' id='word_1_372' title='bbox 1818 4563 2191 4615; x_wconf 85' lang='lat' dir='ltr'><strong>honestissima</strong></span> <span class='ocrx_word' id='word_1_373' title='bbox 2220 4572 2272 4614; x_wconf 93' lang='lat' dir='ltr'><strong>et</strong></span> 
     </span>
    </p>
   </div>
   <div class='ocr_carea' id='block_1_57' title="bbox 733 4653 2273 4736">
    <p class='ocr_par' dir='ltr' id='par_1_57' title="bbox 733 4653 2273 4736">
     <span class='ocr_line' id='line_1_57' title="bbox 733 4653 2273 4736; baseline -0.01 -15"><span class='ocrx_word' id='word_1_374' title='bbox 733 4669 788 4721; x_wconf 90' lang='lat' dir='ltr'><strong>in</strong></span> <span class='ocrx_word' id='word_1_375' title='bbox 812 4666 997 4736; x_wconf 90' lang='lat' dir='ltr'><strong>primis</strong></span> <span class='ocrx_word' id='word_1_376' title='bbox 1024 4667 1348 4726; x_wconf 86' lang='lat' dir='ltr'><strong>veneranda,</strong></span> <span class='ocrx_word' id='word_1_377' title='bbox 1378 4671 1431 4715; x_wconf 92' lang='lat' dir='ltr'><strong>et</strong></span> <span class='ocrx_word' id='word_1_378' title='bbox 1445 4662 1604 4715; x_wconf 86' lang='lat' dir='ltr'><strong>verba</strong></span> <span class='ocrx_word' id='word_1_379' title='bbox 1634 4660 1698 4712; x_wconf 90' lang='lat' dir='ltr'><strong>ad</strong></span> <span class='ocrx_word' id='word_1_380' title='bbox 1720 4658 2081 4725; x_wconf 88' lang='lat' dir='ltr'><strong>deceptionem</strong></span> <span class='ocrx_word' id='word_1_381' title='bbox 2112 4653 2273 4707; x_wconf 82' lang='lat' dir='ltr'><strong>defle-</strong></span> 
     </span>
    </p>
   </div>
   <div class='ocr_carea' id='block_1_58' title="bbox 737 4746 2272 4824">
    <p class='ocr_par' dir='ltr' id='par_1_58' title="bbox 737 4746 2272 4824">
     <span class='ocr_line' id='line_1_58' title="bbox 737 4746 2272 4824; baseline -0.011 -11"><span class='ocrx_word' id='word_1_382' title='bbox 737 4768 906 4819; x_wconf 85' lang='lat' dir='ltr'><strong>ctens,</strong></span> <span class='ocrx_word' id='word_1_383' title='bbox 933 4756 1240 4824; x_wconf 88' lang='lat' dir='ltr'><strong>suppliciter</strong></span> <span class='ocrx_word' id='word_1_384' title='bbox 1263 4756 1341 4809; x_wconf 91' lang='lat' dir='ltr'><strong>eis</strong></span> <span class='ocrx_word' id='word_1_385' title='bbox 1376 4754 1611 4814; x_wconf 89' lang='lat' dir='ltr'><strong>dicebat,</strong></span> <span class='ocrx_word' id='word_1_386' title='bbox 1637 4764 1867 4820; x_wconf 88' lang='lat' dir='ltr'><strong>rogans:</strong></span> <span class='ocrx_word' id='word_1_387' title='bbox 1906 4747 2085 4799; x_wconf 86' lang='lat' dir='ltr'><strong>Habeo</strong></span> <span class='ocrx_word' id='word_1_388' title='bbox 2119 4746 2272 4798; x_wconf 90' lang='lat' dir='ltr'><strong>ulcus</strong></span> 
     </span>
    </p>
   </div>
   <div class='ocr_carea' id='block_1_59' title="bbox 740 4836 2275 4913">
    <p class='ocr_par' dir='ltr' id='par_1_59' title="bbox 740 4836 2275 4913">
     <span class='ocr_line' id='line_1_59' title="bbox 740 4836 2275 4913; baseline -0.008 -12"><span class='ocrx_word' id='word_1_389' title='bbox 740 4848 793 4901; x_wconf 90' lang='lat' dir='ltr'><strong>in</strong></span> <span class='ocrx_word' id='word_1_390' title='bbox 821 4848 939 4901; x_wconf 90' lang='lat' dir='ltr'><strong>loco</strong></span> <span class='ocrx_word' id='word_1_391' title='bbox 960 4846 1201 4907; x_wconf 88' lang='lat' dir='ltr'><strong>occulto,</strong></span> <span class='ocrx_word' id='word_1_392' title='bbox 1243 4846 1383 4913; x_wconf 86' lang='lat' dir='ltr'><strong>quod</strong></span> <span class='ocrx_word' id='word_1_393' title='bbox 1435 4843 1743 4896; x_wconf 88' lang='lat' dir='ltr'><strong>mirandum</strong></span> <span class='ocrx_word' id='word_1_394' title='bbox 1777 4840 1828 4890; x_wconf 89' lang='lat' dir='ltr'><strong>in</strong></span> <span class='ocrx_word' id='word_1_395' title='bbox 1872 4836 2087 4890; x_wconf 87' lang='lat' dir='ltr'><strong>modum</strong></span> <span class='ocrx_word' id='word_1_396' title='bbox 2136 4836 2275 4888; x_wconf 87' lang='lat' dir='ltr'><strong>male</strong></span> 
     </span>
    </p>
   </div>
   <div class='ocr_carea' id='block_1_60' title="bbox 742 4927 2274 5004">
    <p class='ocr_par' dir='ltr' id='par_1_60' title="bbox 742 4927 2274 5004">
     <span class='ocr_line' id='line_1_60' title="bbox 742 4927 2274 5004; baseline -0.006 -17"><span class='ocrx_word' id='word_1_397' title='bbox 742 4934 879 4999; x_wconf 88' lang='lat' dir='ltr'><strong>olet;</strong></span> <span class='ocrx_word' id='word_1_398' title='bbox 900 4944 952 4988; x_wconf 88' lang='lat' dir='ltr'><strong>et</strong></span> <span class='ocrx_word' id='word_1_399' title='bbox 973 4936 1133 4987; x_wconf 87' lang='lat' dir='ltr'><strong>timeo</strong></span> <span class='ocrx_word' id='word_1_400' title='bbox 1152 4949 1217 4987; x_wconf 90' lang='lat' dir='ltr'><strong>ne</strong></span> <span class='ocrx_word' id='word_1_401' title='bbox 1245 4948 1340 4985; x_wconf 82' lang='lat' dir='ltr'><strong>vos</strong></span> <span class='ocrx_word' id='word_1_402' title='bbox 1362 4932 1463 4984; x_wconf 92' lang='lat' dir='ltr'><strong>mei</strong></span> <span class='ocrx_word' id='word_1_403' title='bbox 1487 4932 1667 4983; x_wconf 89' lang='lat' dir='ltr'><strong>odium</strong></span> <span class='ocrx_word' id='word_1_404' title='bbox 1691 4929 1864 5004; x_wconf 87' lang='lat' dir='ltr'><strong>capiat</strong></span> <span class='ocrx_word' id='word_1_405' title='bbox 1890 4935 2100 4993; x_wconf 83' lang='lat' dir='ltr'><strong>prOpter</strong></span> <span class='ocrx_word' id='word_1_406' title='bbox 2123 4927 2274 4978; x_wconf 88' lang='lat' dir='ltr'><strong>ulcus</strong></span> 
     </span>
    </p>
   </div>
   <div class='ocr_carea' id='block_1_61' title="bbox 744 5016 2276 5089">
    <p class='ocr_par' dir='ltr' id='par_1_61' title="bbox 744 5016 2276 5089">
     <span class='ocr_line' id='line_1_61' title="bbox 744 5016 2276 5089; baseline -0.005 -14"><span class='ocrx_word' id='word_1_407' title='bbox 744 5025 1115 5085; x_wconf 82' lang='lat' dir='ltr'><strong>aversandum.</strong></span> <span class='ocrx_word' id='word_1_408' title='bbox 1162 5022 1449 5077; x_wconf 83' lang='lat' dir='ltr'><strong>Concedite</strong></span> <span class='ocrx_word' id='word_1_409' title='bbox 1485 5036 1611 5089; x_wconf 90' lang='lat' dir='ltr'><strong>ergo</strong></span> <span class='ocrx_word' id='word_1_410' title='bbox 1655 5020 1787 5073; x_wconf 88' lang='lat' dir='ltr'><strong>mihi</strong></span> <span class='ocrx_word' id='word_1_411' title='bbox 1832 5030 2030 5086; x_wconf 85' lang='lat' dir='ltr'><strong>paucos</strong></span> <span class='ocrx_word' id='word_1_412' title='bbox 2060 5016 2191 5079; x_wconf 83' lang='lat' dir='ltr'><strong>dies,</strong></span> <span class='ocrx_word' id='word_1_413' title='bbox 2225 5026 2276 5068; x_wconf 87' lang='lat' dir='ltr'><strong>ct</strong></span> 
     </span>
    </p>
   </div>
   <div class='ocr_carea' id='block_1_62' title="bbox 748 5104 2275 5179">
    <p class='ocr_par' dir='ltr' id='par_1_62' title="bbox 748 5104 2275 5179">
     <span class='ocr_line' id='line_1_62' title="bbox 748 5104 2275 5179; baseline -0.005 -14"><span class='ocrx_word' id='word_1_414' title='bbox 748 5124 874 5165; x_wconf 89' lang='lat' dir='ltr'><strong>tunc</strong></span> <span class='ocrx_word' id='word_1_415' title='bbox 918 5114 1094 5167; x_wconf 87' lang='lat' dir='ltr'><strong>licebit</strong></span> <span class='ocrx_word' id='word_1_416' title='bbox 1134 5128 1229 5167; x_wconf 78' lang='lat' dir='ltr'><strong>vos</strong></span> <span class='ocrx_word' id='word_1_417' title='bbox 1275 5112 1358 5166; x_wconf 89' lang='lat' dir='ltr'><strong>vel</strong></span> <span class='ocrx_word' id='word_1_418' title='bbox 1397 5125 1483 5163; x_wconf 88' lang='lat' dir='ltr'><strong>me</strong></span> <span class='ocrx_word' id='word_1_419' title='bbox 1538 5111 1733 5163; x_wconf 84' lang='lat' dir='ltr'><strong>habere</strong></span> <span class='ocrx_word' id='word_1_420' title='bbox 1762 5108 1943 5179; x_wconf 87' lang='lat' dir='ltr'><strong>gratis.</strong></span> <span class='ocrx_word' id='word_1_421' title='bbox 1982 5104 2073 5157; x_wconf 82' lang='lat' dir='ltr'><strong>His</strong></span> <span class='ocrx_word' id='word_1_422' title='bbox 2100 5107 2275 5158; x_wconf 84' lang='lat' dir='ltr'><strong>verbis</strong></span> 
     </span>
    </p>
   </div>
   <div class='ocr_carea' id='block_1_63' title="bbox 747 5195 2272 5273">
    <p class='ocr_par' dir='ltr' id='par_1_63' title="bbox 747 5195 2272 5273">
     <span class='ocr_line' id='line_1_63' title="bbox 747 5195 2272 5273; baseline -0.004 -18"><span class='ocrx_word' id='word_1_423' title='bbox 747 5217 1030 5273; x_wconf 72' lang='lat' dir='ltr'><strong>persuasus</strong></span> <span class='ocrx_word' id='word_1_424' title='bbox 1056 5204 1470 5271; x_wconf 90' lang='lat' dir='ltr'><strong>intemperantes</strong></span> <span class='ocrx_word' id='word_1_425' title='bbox 1506 5200 1714 5252; x_wconf 90' lang='lat' dir='ltr'><strong>interim</strong></span> <span class='ocrx_word' id='word_1_426' title='bbox 1746 5198 2067 5251; x_wconf 84' lang='lat' dir='ltr'><strong>amandabat</strong></span> <span class='ocrx_word' id='word_1_427' title='bbox 2100 5195 2272 5249; x_wconf 83' lang='lat' dir='ltr'><strong>beata.</strong></span> 
     </span>
    </p>
   </div>
   <div class='ocr_carea' id='block_1_64' title="bbox 747 5287 2273 5359">
    <p class='ocr_par' dir='ltr' id='par_1_64' title="bbox 747 5287 2273 5359">
     <span class='ocr_line' id='line_1_64' title="bbox 747 5287 2273 5359; baseline -0.006 -16"><span class='ocrx_word' id='word_1_428' title='bbox 747 5289 993 5343; x_wconf 84' lang='lat' dir='ltr'><strong>Assiduis</strong></span> <span class='ocrx_word' id='word_1_429' title='bbox 1020 5300 1192 5342; x_wconf 88' lang='lat' dir='ltr'><strong>autem</strong></span> <span class='ocrx_word' id='word_1_430' title='bbox 1218 5291 1465 5359; x_wconf 87' lang='lat' dir='ltr'><strong>precibus</strong></span> <span class='ocrx_word' id='word_1_431' title='bbox 1485 5287 1651 5341; x_wconf 85' lang='lat' dir='ltr'><strong>Deum</strong></span> <span class='ocrx_word' id='word_1_432' title='bbox 1678 5287 1914 5354; x_wconf 85' lang='lat' dir='ltr'><strong>placans,</strong></span> <span class='ocrx_word' id='word_1_433' title='bbox 1941 5297 1993 5339; x_wconf 88' lang='lat' dir='ltr'><strong>et</strong></span> <span class='ocrx_word' id='word_1_434' title='bbox 2020 5299 2273 5352; x_wconf 85' lang='lat' dir='ltr'><strong>compun-</strong></span> 
     </span>
    </p>
   </div>
   <div class='ocr_carea' id='block_1_65' title="bbox 744 5376 2273 5448">
    <p class='ocr_par' dir='ltr' id='par_1_65' title="bbox 744 5376 2273 5448">
     <span class='ocr_line' id='line_1_65' title="bbox 744 5376 2273 5448; baseline -0.005 -12"><span class='ocrx_word' id='word_1_435' title='bbox 744 5382 851 5437; x_wconf 83' lang='lat' dir='ltr'><strong>ctis</strong></span> <span class='ocrx_word' id='word_1_436' title='bbox 876 5379 1349 5448; x_wconf 88' lang='lat' dir='ltr'><strong>supplicationibus</strong></span> <span class='ocrx_word' id='word_1_437' title='bbox 1370 5397 1491 5435; x_wconf 90' lang='lat' dir='ltr'><strong>eum</strong></span> <span class='ocrx_word' id='word_1_438' title='bbox 1514 5378 1716 5433; x_wconf 76' lang='lat' dir='ltr'><strong>inﬂexit</strong></span> <span class='ocrx_word' id='word_1_439' title='bbox 1739 5378 1804 5430; x_wconf 85' lang='lat' dir='ltr'><strong>ad</strong></span> <span class='ocrx_word' id='word_1_440' title='bbox 1833 5376 2273 5429; x_wconf 86' lang='lat' dir='ltr'><strong>misericordiam.</strong></span> 
     </span>
    </p>
   </div>
   <div class='ocr_carea' id='block_1_66' title="bbox 758 5468 2278 5541">
    <p class='ocr_par' dir='ltr' id='par_1_66' title="bbox 758 5468 2278 5541">
     <span class='ocr_line' id='line_1_66' title="bbox 758 5468 2278 5541; baseline -0.004 -18"><span class='ocrx_word' id='word_1_441' title='bbox 758 5468 1043 5525; x_wconf 69' lang='lat' dir='ltr'><strong>Attendens</strong></span> <span class='ocrx_word' id='word_1_442' title='bbox 1076 5483 1202 5538; x_wconf 86' lang='lat' dir='ltr'><strong>ergo</strong></span> <span class='ocrx_word' id='word_1_443' title='bbox 1240 5469 1381 5525; x_wconf 82' lang='lat' dir='ltr'><strong>Deus</strong></span> <span class='ocrx_word' id='word_1_444' title='bbox 1418 5472 1509 5541; x_wconf 89' lang='lat' dir='ltr'><strong>qui</strong></span> <span class='ocrx_word' id='word_1_445' title='bbox 1558 5469 1703 5522; x_wconf 78' lang='lat' dir='ltr'><strong>novit</strong></span> <span class='ocrx_word' id='word_1_446' title='bbox 1728 5468 2107 5535; x_wconf 87' lang='lat' dir='ltr'><strong>cogitationes,</strong></span> <span class='ocrx_word' id='word_1_447' title='bbox 2143 5480 2278 5535; x_wconf 81' lang='lat' dir='ltr'><strong>quo-</strong></span> 
     </span>
    </p>
   </div>
   <div class='ocr_carea' id='block_1_67' title="bbox 2356 3312 3897 3387">
    <p class='ocr_par' dir='ltr' id='par_1_67' title="bbox 2356 3312 3897 3387">
     <span class='ocr_line' id='line_1_67' title="bbox 2356 3312 3897 3387; baseline -0.005 -16"><span class='ocrx_word' id='word_1_448' title='bbox 2356 3336 2452 3371; x_wconf 88' lang='grc' dir='ltr'><strong>πον</strong></span> <span class='ocrx_word' id='word_1_449' title='bbox 2480 3321 2658 3370; x_wconf 88' lang='grc' dir='ltr'>πεῖσαι</span> <span class='ocrx_word' id='word_1_450' title='bbox 2687 3319 2783 3369; x_wconf 77' lang='grc' dir='ltr'><strong>οὐκ</strong></span> <span class='ocrx_word' id='word_1_451' title='bbox 2801 3317 3057 3387; x_wconf 71' lang='grc' dir='ltr'>ἠδυνήθη,</span> <span class='ocrx_word' id='word_1_452' title='bbox 3072 3312 3353 3387; x_wconf 22' lang='grc' dir='ltr'>(διαφόροις</span> <span class='ocrx_word' id='word_1_453' title='bbox 3374 3315 3575 3378; x_wconf 86' lang='grc' dir='ltr'>αἰκίαις</span> <span class='ocrx_word' id='word_1_454' title='bbox 3594 3314 3786 3383; x_wconf 66' lang='grc' dir='ltr'>ταύτην</span> <span class='ocrx_word' id='word_1_455' title='bbox 3804 3316 3897 3383; x_wconf 65' lang='grc' dir='ltr'>τὴν</span> 
     </span>
    </p>
   </div>
   <div class='ocr_carea' id='block_1_68' title="bbox 2354 3404 3894 3476">
    <p class='ocr_par' dir='ltr' id='par_1_68' title="bbox 2354 3404 3894 3476">
     <span class='ocr_line' id='line_1_68' title="bbox 2354 3404 3894 3476; baseline -0.004 -16"><span class='ocrx_word' id='word_1_456' title='bbox 2354 3408 2599 3476; x_wconf 78' lang='grc' dir='ltr'>γενναίαν</span> <span class='ocrx_word' id='word_1_457' title='bbox 2639 3407 2915 3460; x_wconf 76' lang='grc' dir='ltr'>ὑπέϐαλεν.</span> <span class='ocrx_word' id='word_1_458' title='bbox 2979 3408 3063 3468; x_wconf 82' lang='grc' dir='ltr'>Ὠς</span> <span class='ocrx_word' id='word_1_459' title='bbox 3082 3406 3137 3458; x_wconf 84' lang='grc' dir='ltr'><strong>δὲ</strong></span> <span class='ocrx_word' id='word_1_460' title='bbox 3163 3408 3254 3457; x_wconf 80' lang='grc' dir='ltr'>καὶ</span> <span class='ocrx_word' id='word_1_461' title='bbox 3284 3408 3339 3457; x_wconf 87' lang='grc' dir='ltr'><strong>ἐν</strong></span> <span class='ocrx_word' id='word_1_462' title='bbox 3365 3404 3573 3466; x_wconf 79' lang='grc' dir='ltr'>τούτοις</span> <span class='ocrx_word' id='word_1_463' title='bbox 3616 3405 3894 3471; x_wconf 80' lang='grc' dir='ltr'>ἀπέτυχεν,</span> 
     </span>
    </p>
   </div>
   <div class='ocr_carea' id='block_1_69' title="bbox 2360 3492 3898 3568">
    <p class='ocr_par' dir='ltr' id='par_1_69' title="bbox 2360 3492 3898 3568">
     <span class='ocr_line' id='line_1_69' title="bbox 2360 3492 3898 3568; baseline -0.003 -19"><span class='ocrx_word' id='word_1_464' title='bbox 2360 3497 2432 3568; x_wconf 79' lang='grc' dir='ltr'><strong>μὴ</strong></span> <span class='ocrx_word' id='word_1_465' title='bbox 2455 3497 2672 3566; x_wconf 73' lang='grc' dir='ltr'>ἰσχύσας</span> <span class='ocrx_word' id='word_1_466' title='bbox 2704 3496 2867 3566; x_wconf 82' lang='grc' dir='ltr'>αὐτὴν</span> <span class='ocrx_word' id='word_1_467' title='bbox 2899 3496 3195 3564; x_wconf 78' lang='grc' dir='ltr'>ἀποστῆσαι</span> <span class='ocrx_word' id='word_1_468' title='bbox 3218 3496 3313 3563; x_wconf 81' lang='grc' dir='ltr'>τῆς</span> <span class='ocrx_word' id='word_1_469' title='bbox 3342 3493 3626 3563; x_wconf 80' lang='grc' dir='ltr'>ὁμολογίας</span> <span class='ocrx_word' id='word_1_470' title='bbox 3672 3494 3766 3561; x_wconf 81' lang='grc' dir='ltr'>τῆς</span> <span class='ocrx_word' id='word_1_471' title='bbox 3810 3492 3898 3545; x_wconf 71' lang='grc' dir='ltr'>τιγῦ</span> 
     </span>
    </p>
   </div>
   <div class='ocr_carea' id='block_1_70' title="bbox 2357 3584 3901 3658">
    <p class='ocr_par' dir='ltr' id='par_1_70' title="bbox 2357 3584 3901 3658">
     <span class='ocr_line' id='line_1_70' title="bbox 2357 3584 3901 3658; baseline -0.005 -18"><span class='ocrx_word' id='word_1_472' title='bbox 2357 3587 2609 3658; x_wconf 74' lang='grc' dir='ltr'>Χριστοῦ.</span> <span class='ocrx_word' id='word_1_473' title='bbox 2644 3588 2942 3655; x_wconf 77' lang='grc' dir='ltr'>ἀπομανεὶς</span> <span class='ocrx_word' id='word_1_474' title='bbox 2968 3586 3103 3655; x_wconf 84' lang='grc' dir='ltr'>πρὸς</span> <span class='ocrx_word' id='word_1_475' title='bbox 3126 3584 3291 3655; x_wconf 75' lang='grc' dir='ltr'>αὐτὴν</span> <span class='ocrx_word' id='word_1_476' title='bbox 3308 3587 3335 3636; x_wconf 86' lang='grc' dir='ltr'>ὁ</span> <span class='ocrx_word' id='word_1_477' title='bbox 3357 3586 3643 3654; x_wconf 75' lang='grc' dir='ltr'>ἀνήμερος,</span> <span class='ocrx_word' id='word_1_478' title='bbox 3676 3586 3793 3635; x_wconf 78' lang='grc' dir='ltr'>τότε</span> <span class='ocrx_word' id='word_1_479' title='bbox 3826 3600 3901 3634; x_wconf 87' lang='grc' dir='ltr'>τι-</span> 
     </span>
    </p>
   </div>
   <div class='ocr_carea' id='block_1_71' title="bbox 2362 3674 3903 3749">
    <p class='ocr_par' dir='ltr' id='par_1_71' title="bbox 2362 3674 3903 3749">
     <span class='ocr_line' id='line_1_71' title="bbox 2362 3674 3903 3749; baseline -0.003 -19"><span class='ocrx_word' id='word_1_480' title='bbox 2362 3680 2539 3749; x_wconf 77' lang='grc' dir='ltr'>μωρίᾳ.</span> <span class='ocrx_word' id='word_1_481' title='bbox 2584 3677 2806 3749; x_wconf 83' lang='grc' dir='ltr'>τοιαύτῃ</span> <span class='ocrx_word' id='word_1_482' title='bbox 2838 3677 3005 3747; x_wconf 75' lang='grc' dir='ltr'>αὐτὴν</span> <span class='ocrx_word' id='word_1_483' title='bbox 3040 3676 3366 3745; x_wconf 85' lang='grc' dir='ltr'>παρέδωκεν.</span> <span class='ocrx_word' id='word_1_484' title='bbox 3411 3677 3614 3745; x_wconf 79' lang='grc' dir='ltr'>Στήσας</span> <span class='ocrx_word' id='word_1_485' title='bbox 3650 3676 3740 3743; x_wconf 78' lang='grc' dir='ltr'>τὴν</span> <span class='ocrx_word' id='word_1_486' title='bbox 3803 3674 3903 3726; x_wconf 85' lang='grc' dir='ltr'><strong>σώ-</strong></span> 
     </span>
    </p>
   </div>
   <div class='ocr_carea' id='block_1_72' title="bbox 2362 3752 3901 3837">
    <p class='ocr_par' dir='ltr' id='par_1_72' title="bbox 2362 3752 3901 3837">
     <span class='ocr_line' id='line_1_72' title="bbox 2362 3752 3901 3837; baseline -0.002 -19"><span class='ocrx_word' id='word_1_487' title='bbox 2362 3785 2526 3836; x_wconf 77' lang='grc' dir='ltr'>φρονα</span> <span class='ocrx_word' id='word_1_488' title='bbox 2548 3770 2625 3829; x_wconf 82' lang='grc' dir='ltr'>εἰς</span> <span class='ocrx_word' id='word_1_489' title='bbox 2656 3770 2896 3837; x_wconf 82' lang='grc' dir='ltr'>πορνεῖον</span> <span class='ocrx_word' id='word_1_490' title='bbox 2916 3807 2929 3830; x_wconf 98' lang='grc'><strong>,</strong></span> <span class='ocrx_word' id='word_1_491' title='bbox 2982 3752 3276 3818; x_wconf 83' lang='grc' dir='ltr'>ἐνετείλατο</span> <span class='ocrx_word' id='word_1_492' title='bbox 3327 3765 3402 3834; x_wconf 77' lang='grc' dir='ltr'>τῷ</span> <span class='ocrx_word' id='word_1_493' title='bbox 3432 3764 3628 3827; x_wconf 85' lang='grc' dir='ltr'>ταύτας</span> <span class='ocrx_word' id='word_1_494' title='bbox 3668 3764 3901 3831; x_wconf 77' lang='grc' dir='ltr'>νέμοντι,</span> 
     </span>
    </p>
   </div>
   <div class='ocr_carea' id='block_1_73' title="bbox 2362 3850 3905 3923">
    <p class='ocr_par' dir='ltr' id='par_1_73' title="bbox 2362 3850 3905 3923">
     <span class='ocr_line' id='line_1_73' title="bbox 2362 3850 3905 3923; baseline -0.001 -20"><span class='ocrx_word' id='word_1_495' title='bbox 2362 3853 2560 3919; x_wconf 79' lang='grc' dir='ltr'>λέγων·</span> <span class='ocrx_word' id='word_1_496' title='bbox 2610 3853 2765 3915; x_wconf 77' lang='grc' dir='ltr'>Δέξαι</span> <span class='ocrx_word' id='word_1_497' title='bbox 2808 3853 3028 3923; x_wconf 87' lang='grc' dir='ltr'>ταύτην,</span> <span class='ocrx_word' id='word_1_498' title='bbox 3067 3854 3160 3905; x_wconf 70' lang='grc' dir='ltr'><strong>καὶ</strong></span> <span class='ocrx_word' id='word_1_499' title='bbox 3193 3854 3464 3923; x_wconf 81' lang='grc' dir='ltr'>ήμερήσιά</span> <span class='ocrx_word' id='word_1_500' title='bbox 3515 3870 3602 3923; x_wconf 85' lang='grc' dir='ltr'><strong>μοι</strong></span> <span class='ocrx_word' id='word_1_501' title='bbox 3647 3850 3702 3914; x_wconf 79' lang='grc' dir='ltr'><strong>ἐξ</strong></span> <span class='ocrx_word' id='word_1_502' title='bbox 3738 3850 3905 3917; x_wconf 69' lang='grc' dir='ltr'>αὐτῆς</span> 
     </span>
    </p>
   </div>
   <div class='ocr_carea' id='block_1_74' title="bbox 2360 3940 3905 4013">
    <p class='ocr_par' dir='ltr' id='par_1_74' title="bbox 2360 3940 3905 4013">
     <span class='ocr_line' id='line_1_74' title="bbox 2360 3940 3905 4013; baseline -0.004 -19"><span class='ocrx_word' id='word_1_503' title='bbox 2360 3943 2485 4013; x_wconf 87' lang='grc' dir='ltr'>τρία</span> <span class='ocrx_word' id='word_1_504' title='bbox 2508 3942 2809 4010; x_wconf 79' lang='grc' dir='ltr'>νομίσματα</span> <span class='ocrx_word' id='word_1_505' title='bbox 2839 3941 3150 4010; x_wconf 74' lang='grc' dir='ltr'>ἀποκόμιζε.</span> <span class='ocrx_word' id='word_1_506' title='bbox 3188 3943 3243 3993; x_wconf 90' lang='lat'><strong>&#39;0</strong></span> <span class='ocrx_word' id='word_1_507' title='bbox 3270 3943 3325 3994; x_wconf 82' lang='grc' dir='ltr'>δὲ</span> <span class='ocrx_word' id='word_1_508' title='bbox 3351 3942 3797 4011; x_wconf 79' lang='grc' dir='ltr'>εἰσπραττόμενος</span> <span class='ocrx_word' id='word_1_509' title='bbox 3820 3940 3905 3990; x_wconf 60' lang='grc' dir='ltr'><strong>τὶν</strong></span> 
     </span>
    </p>
   </div>
   <div class='ocr_carea' id='block_1_75' title="bbox 2362 4031 3906 4103">
    <p class='ocr_par' dir='ltr' id='par_1_75' title="bbox 2362 4031 3906 4103">
     <span class='ocr_line' id='line_1_75' title="bbox 2362 4031 3906 4103; baseline -0.004 -18"><span class='ocrx_word' id='word_1_510' title='bbox 2362 4037 2425 4086; x_wconf 85' lang='grc' dir='ltr'><strong>ἐκ</strong></span> <span class='ocrx_word' id='word_1_511' title='bbox 2454 4035 2548 4102; x_wconf 83' lang='grc' dir='ltr'>τῆς</span> <span class='ocrx_word' id='word_1_512' title='bbox 2573 4033 2995 4101; x_wconf 82' lang='grc' dir='ltr'>αἰσχροπραγίας</span> <span class='ocrx_word' id='word_1_513' title='bbox 3025 4033 3239 4103; x_wconf 71' lang='grc' dir='ltr'>χρυσὸν,</span> <span class='ocrx_word' id='word_1_514' title='bbox 3269 4032 3478 4084; x_wconf 78' lang='grc' dir='ltr'>ἔκδοτον</span> <span class='ocrx_word' id='word_1_515' title='bbox 3500 4032 3662 4100; x_wconf 71' lang='grc' dir='ltr'>αὐτὴν</span> <span class='ocrx_word' id='word_1_516' title='bbox 3685 4031 3906 4097; x_wconf 77' lang='grc' dir='ltr'>ἔστησεν</span> 
     </span>
    </p>
   </div>
   <div class='ocr_carea' id='block_1_76' title="bbox 2362 4117 3906 4190">
    <p class='ocr_par' dir='ltr' id='par_1_76' title="bbox 2362 4117 3906 4190">
     <span class='ocr_line' id='line_1_76' title="bbox 2362 4117 3906 4190; baseline -0.004 -18"><span class='ocrx_word' id='word_1_517' title='bbox 2362 4123 2471 4181; x_wconf 79' lang='grc' dir='ltr'>τοῖς</span> <span class='ocrx_word' id='word_1_518' title='bbox 2494 4120 2845 4189; x_wconf 81' lang='grc' dir='ltr'>βουλομένοις,</span> <span class='ocrx_word' id='word_1_519' title='bbox 2879 4120 2934 4170; x_wconf 88' lang='grc' dir='ltr'><strong>ἐν</strong></span> <span class='ocrx_word' id='word_1_520' title='bbox 2968 4120 3043 4188; x_wconf 80' lang='grc' dir='ltr'><strong>τῷ</strong></span> <span class='ocrx_word' id='word_1_521' title='bbox 3076 4120 3167 4172; x_wconf 74' lang='grc' dir='ltr'>τοῦ</span> <span class='ocrx_word' id='word_1_522' title='bbox 3204 4121 3401 4190; x_wconf 81' lang='grc' dir='ltr'>μύσους</span> <span class='ocrx_word' id='word_1_523' title='bbox 3425 4118 3779 4189; x_wconf 83' lang='grc' dir='ltr'>ἐργαστηρίῳ.</span> <span class='ocrx_word' id='word_1_524' title='bbox 3825 4117 3906 4178; x_wconf 80' lang='lat'><strong>&#39;0;</strong></span> 
     </span>
    </p>
   </div>
   <div class='ocr_carea' id='block_1_77' title="bbox 2364 4208 3908 4280">
    <p class='ocr_par' dir='ltr' id='par_1_77' title="bbox 2364 4208 3908 4280">
     <span class='ocr_line' id='line_1_77' title="bbox 2364 4208 3908 4280; baseline -0.005 -16"><span class='ocrx_word' id='word_1_525' title='bbox 2364 4208 2454 4264; x_wconf 77' lang='grc' dir='ltr'><strong>οὖν</strong></span> <span class='ocrx_word' id='word_1_526' title='bbox 2478 4212 2714 4279; x_wconf 76' lang='grc' dir='ltr'>ἔγνωσαν</span> <span class='ocrx_word' id='word_1_527' title='bbox 2740 4212 2788 4262; x_wconf 90' lang='grc' dir='ltr'>οἱ</span> <span class='ocrx_word' id='word_1_528' title='bbox 2814 4212 2939 4280; x_wconf 77' lang='grc' dir='ltr'>περὶ</span> <span class='ocrx_word' id='word_1_529' title='bbox 2960 4210 3029 4262; x_wconf 83' lang='grc' dir='ltr'><strong>τά</strong></span> <span class='ocrx_word' id='word_1_530' title='bbox 3051 4210 3271 4264; x_wconf 81' lang='grc' dir='ltr'>τοιαῦτα</span> <span class='ocrx_word' id='word_1_531' title='bbox 3296 4209 3747 4279; x_wconf 80' lang='grc' dir='ltr'>γυναικοῐέρακες,</span> <span class='ocrx_word' id='word_1_532' title='bbox 3773 4224 3908 4279; x_wconf 72' lang='grc' dir='ltr'>παρ·</span> 
     </span>
    </p>
   </div>
   <div class='ocr_carea' id='block_1_78' title="bbox 2366 4298 3905 4372">
    <p class='ocr_par' dir='ltr' id='par_1_78' title="bbox 2366 4298 3905 4372">
     <span class='ocr_line' id='line_1_78' title="bbox 2366 4298 3905 4372; baseline 0.005 -20"><span class='ocrx_word' id='word_1_533' title='bbox 2366 4302 2583 4372; x_wconf 84' lang='grc' dir='ltr'>ήδρευον</span> <span class='ocrx_word' id='word_1_534' title='bbox 2614 4300 2691 4370; x_wconf 80' lang='grc' dir='ltr'><strong>τῷ</strong></span> <span class='ocrx_word' id='word_1_535' title='bbox 2741 4301 3032 4371; x_wconf 77' lang='grc' dir='ltr'>παρανόμῳ</span> <span class='ocrx_word' id='word_1_536' title='bbox 3060 4299 3415 4370; x_wconf 74' lang='grc' dir='ltr'>ἐργαστηρίῳ,</span> <span class='ocrx_word' id='word_1_537' title='bbox 3448 4298 3671 4359; x_wconf 81' lang='grc' dir='ltr'>διδόντες</span> <span class='ocrx_word' id='word_1_538' title='bbox 3702 4298 3788 4349; x_wconf 64' lang='grc' dir='ltr'>τὸν</span> <span class='ocrx_word' id='word_1_539' title='bbox 3812 4298 3905 4365; x_wconf 76' lang='grc' dir='ltr'><strong>τῆς</strong></span> 
     </span>
    </p>
   </div>
   <div class='ocr_carea' id='block_1_79' title="bbox 2365 4384 3906 4462">
    <p class='ocr_par' dir='ltr' id='par_1_79' title="bbox 2365 4384 3906 4462">
     <span class='ocr_line' id='line_1_79' title="bbox 2365 4384 3906 4462; baseline -0.003 -18"><span class='ocrx_word' id='word_1_540' title='bbox 2365 4393 2554 4461; x_wconf 85' lang='grc' dir='ltr'>ἀτίμου</span> <span class='ocrx_word' id='word_1_541' title='bbox 2590 4393 2849 4462; x_wconf 83' lang='grc' dir='ltr'>ἐργασίας</span> <span class='ocrx_word' id='word_1_542' title='bbox 2880 4390 3086 4462; x_wconf 80' lang='grc' dir='ltr'>μισθὸν,</span> <span class='ocrx_word' id='word_1_543' title='bbox 3122 4391 3211 4441; x_wconf 73' lang='grc' dir='ltr'><strong>καὶ</strong></span> <span class='ocrx_word' id='word_1_544' title='bbox 3244 4384 3544 4456; x_wconf 77' lang='grc' dir='ltr'>βουλόμενοι</span> <span class='ocrx_word' id='word_1_545' title='bbox 3585 4388 3749 4459; x_wconf 73' lang='grc' dir='ltr'>ταύτῃ</span> <span class='ocrx_word' id='word_1_546' title='bbox 3777 4390 3906 4458; x_wconf 45' lang='lat' dir='ltr'><strong>np)»;</strong></span> 
     </span>
    </p>
   </div>
   <div class='ocr_carea' id='block_1_80' title="bbox 2296 4478 3905 4573">
    <p class='ocr_par' dir='ltr' id='par_1_80' title="bbox 2296 4478 3905 4573">
     <span class='ocr_line' id='line_1_80' title="bbox 2296 4478 3905 4573; baseline -0.001 -40"><span class='ocrx_word' id='word_1_547' title='bbox 2296 4518 2337 4573; x_wconf 62' lang='grc' dir='ltr'>Ο</span> <span class='ocrx_word' id='word_1_548' title='bbox 2370 4482 2568 4553; x_wconf 78' lang='grc' dir='ltr'>φθορὰν</span> <span class='ocrx_word' id='word_1_549' title='bbox 2591 4483 2811 4551; x_wconf 82' lang='grc' dir='ltr'>ὁμιλεῖν.</span> <span class='ocrx_word' id='word_1_550' title='bbox 2853 4484 2917 4535; x_wconf 80' lang='grc' dir='ltr'><strong>Ἠ</strong></span> <span class='ocrx_word' id='word_1_551' title='bbox 2946 4482 3000 4535; x_wconf 83' lang='grc' dir='ltr'>δὲ</span> <span class='ocrx_word' id='word_1_552' title='bbox 3031 4480 3325 4550; x_wconf 83' lang='grc' dir='ltr'>σεμνοτάτη</span> <span class='ocrx_word' id='word_1_553' title='bbox 3361 4478 3519 4547; x_wconf 73' lang='grc' dir='ltr'>αὕτη,</span> <span class='ocrx_word' id='word_1_554' title='bbox 3554 4480 3786 4540; x_wconf 77' lang='grc' dir='ltr'>καὶτοὺς</span> <span class='ocrx_word' id='word_1_555' title='bbox 3822 4480 3905 4531; x_wconf 74' lang='grc' dir='ltr'><strong>λό-</strong></span> 
     </span>
    </p>
   </div>
   <div class='ocr_carea' id='block_1_81' title="bbox 2372 4570 3907 4645">
    <p class='ocr_par' dir='ltr' id='par_1_81' title="bbox 2372 4570 3907 4645">
     <span class='ocr_line' id='line_1_81' title="bbox 2372 4570 3907 4645; baseline -0.004 -17"><span class='ocrx_word' id='word_1_556' title='bbox 2372 4594 2499 4643; x_wconf 80' lang='grc' dir='ltr'>γους</span> <span class='ocrx_word' id='word_1_557' title='bbox 2525 4576 2655 4645; x_wconf 80' lang='grc' dir='ltr'>πρὸς</span> <span class='ocrx_word' id='word_1_558' title='bbox 2686 4577 2898 4644; x_wconf 82' lang='grc' dir='ltr'>ἀπάτην</span> <span class='ocrx_word' id='word_1_559' title='bbox 2930 4575 3273 4635; x_wconf 85' lang='grc' dir='ltr'>ἐκκλίνουσα,</span> <span class='ocrx_word' id='word_1_560' title='bbox 3320 4570 3681 4642; x_wconf 81' lang='grc' dir='ltr'>ἐκλιπαροῦσα</span> <span class='ocrx_word' id='word_1_561' title='bbox 3718 4572 3907 4632; x_wconf 68' lang='grc' dir='ltr'>αὐτοὺς</span> 
     </span>
    </p>
   </div>
   <div class='ocr_carea' id='block_1_82' title="bbox 2378 4663 3909 4734">
    <p class='ocr_par' dir='ltr' id='par_1_82' title="bbox 2378 4663 3909 4734">
     <span class='ocr_line' id='line_1_82' title="bbox 2378 4663 3909 4734; baseline -0.003 -17"><span class='ocrx_word' id='word_1_562' title='bbox 2378 4665 2689 4734; x_wconf 83' lang='grc' dir='ltr'>παρεκάλει,</span> <span class='ocrx_word' id='word_1_563' title='bbox 2717 4666 2971 4731; x_wconf 78' lang='grc' dir='ltr'>λέγουσα·</span> <span class='ocrx_word' id='word_1_564' title='bbox 3011 4665 3128 4715; x_wconf 72' lang='grc' dir='ltr'>Ὀτι</span> <span class='ocrx_word' id='word_1_565' title='bbox 3152 4663 3304 4724; x_wconf 77' lang='grc' dir='ltr'>ἕλκος</span> <span class='ocrx_word' id='word_1_566' title='bbox 3335 4663 3440 4732; x_wconf 80' lang='grc' dir='ltr'><strong>ἔχω</strong></span> <span class='ocrx_word' id='word_1_567' title='bbox 3476 4682 3528 4716; x_wconf 87' lang='grc' dir='ltr'><strong>τι</strong></span> <span class='ocrx_word' id='word_1_568' title='bbox 3558 4667 3633 4725; x_wconf 82' lang='grc' dir='ltr'><strong>είς</strong></span> <span class='ocrx_word' id='word_1_569' title='bbox 3676 4682 3909 4732; x_wconf 83' lang='grc' dir='ltr'>κεκρυμ-</span> 
     </span>
    </p>
   </div>
   <div class='ocr_carea' id='block_1_83' title="bbox 2380 4752 3908 4823">
    <p class='ocr_par' dir='ltr' id='par_1_83' title="bbox 2380 4752 3908 4823">
     <span class='ocr_line' id='line_1_83' title="bbox 2380 4752 3908 4823; baseline -0.001 -18"><span class='ocrx_word' id='word_1_570' title='bbox 2380 4755 2537 4823; x_wconf 83' lang='grc' dir='ltr'>μένον</span> <span class='ocrx_word' id='word_1_571' title='bbox 2566 4754 2744 4810; x_wconf 86' lang='grc' dir='ltr'>τόπον,</span> <span class='ocrx_word' id='word_1_572' title='bbox 2780 4755 2912 4823; x_wconf 81' lang='grc' dir='ltr'>ὅπερ</span> <span class='ocrx_word' id='word_1_573' title='bbox 2938 4753 3173 4821; x_wconf 87' lang='grc' dir='ltr'>ἐσχάτως</span> <span class='ocrx_word' id='word_1_574' title='bbox 3198 4752 3335 4815; x_wconf 56' lang='grc' dir='ltr'>ὄζεις</span> <span class='ocrx_word' id='word_1_575' title='bbox 3365 4755 3456 4805; x_wconf 86' lang='grc' dir='ltr'><strong>καί</strong></span> <span class='ocrx_word' id='word_1_576' title='bbox 3487 4755 3693 4806; x_wconf 81' lang='grc' dir='ltr'>δέδοικα</span> <span class='ocrx_word' id='word_1_577' title='bbox 3726 4754 3798 4821; x_wconf 75' lang='grc' dir='ltr'>μὴ</span> <span class='ocrx_word' id='word_1_578' title='bbox 3836 4756 3908 4813; x_wconf 82' lang='grc' dir='ltr'>εἰς</span> 
     </span>
    </p>
   </div>
   <div class='ocr_carea' id='block_1_84' title="bbox 2381 4841 3909 4912">
    <p class='ocr_par' dir='ltr' id='par_1_84' title="bbox 2381 4841 3909 4912">
     <span class='ocr_line' id='line_1_84' title="bbox 2381 4841 3909 4912; baseline 0 -20"><span class='ocrx_word' id='word_1_579' title='bbox 2381 4846 2530 4912; x_wconf 84' lang='grc' dir='ltr'>μῖσος</span> <span class='ocrx_word' id='word_1_580' title='bbox 2563 4859 2660 4910; x_wconf 89' lang='grc' dir='ltr'><strong>μου</strong></span> <span class='ocrx_word' id='word_1_581' title='bbox 2700 4841 2884 4910; x_wconf 74' lang='grc' dir='ltr'>ἔλθητε</span> <span class='ocrx_word' id='word_1_582' title='bbox 2923 4842 2998 4911; x_wconf 78' lang='grc' dir='ltr'><strong>τῷ</strong></span> <span class='ocrx_word' id='word_1_583' title='bbox 3042 4843 3387 4912; x_wconf 81' lang='grc' dir='ltr'>ἀποτροπαίῳ</span> <span class='ocrx_word' id='word_1_584' title='bbox 3429 4844 3518 4895; x_wconf 82' lang='grc' dir='ltr'>τοῦ</span> <span class='ocrx_word' id='word_1_585' title='bbox 3550 4843 3747 4905; x_wconf 73' lang='grc' dir='ltr'>ἕλκους.</span> <span class='ocrx_word' id='word_1_586' title='bbox 3790 4844 3909 4893; x_wconf 79' lang='grc' dir='ltr'><strong>Ἔν-</strong></span> 
     </span>
    </p>
   </div>
   <div class='ocr_carea' id='block_1_85' title="bbox 2374 4930 3907 5003">
    <p class='ocr_par' dir='ltr' id='par_1_85' title="bbox 2374 4930 3907 5003">
     <span class='ocr_line' id='line_1_85' title="bbox 2374 4930 3907 5003; baseline 0 -19"><span class='ocrx_word' id='word_1_587' title='bbox 2374 4934 2489 4985; x_wconf 86' lang='grc' dir='ltr'>δοτε</span> <span class='ocrx_word' id='word_1_588' title='bbox 2520 4930 2609 4984; x_wconf 81' lang='grc' dir='ltr'><strong>οὖν</strong></span> <span class='ocrx_word' id='word_1_589' title='bbox 2634 4950 2720 5001; x_wconf 91' lang='grc' dir='ltr'><strong>μοι</strong></span> <span class='ocrx_word' id='word_1_590' title='bbox 2752 4933 2932 4999; x_wconf 77' lang='grc' dir='ltr'>ὀλίγας</span> <span class='ocrx_word' id='word_1_591' title='bbox 2955 4934 3180 5003; x_wconf 75' lang='grc' dir='ltr'>ἡμέρας,</span> <span class='ocrx_word' id='word_1_592' title='bbox 3216 4936 3307 4986; x_wconf 67' lang='grc' dir='ltr'><strong>καὶ</strong></span> <span class='ocrx_word' id='word_1_593' title='bbox 3340 4935 3583 4999; x_wconf 80' lang='grc' dir='ltr'>ἐξουσίαν</span> <span class='ocrx_word' id='word_1_594' title='bbox 3622 4951 3722 5003; x_wconf 82' lang='grc' dir='ltr'><strong>μου</strong></span> <span class='ocrx_word' id='word_1_595' title='bbox 3764 4934 3907 5001; x_wconf 78' lang='grc' dir='ltr'>ἔχετε</span> 
     </span>
    </p>
   </div>
   <div class='ocr_carea' id='block_1_86' title="bbox 2377 5022 3907 5093">
    <p class='ocr_par' dir='ltr' id='par_1_86' title="bbox 2377 5022 3907 5093">
     <span class='ocr_line' id='line_1_86' title="bbox 2377 5022 3907 5093; baseline 0 -17"><span class='ocrx_word' id='word_1_596' title='bbox 2377 5024 2471 5077; x_wconf 65' lang='grc' dir='ltr'><strong>καὶ</strong></span> <span class='ocrx_word' id='word_1_597' title='bbox 2495 5023 2696 5093; x_wconf 85' lang='grc' dir='ltr'>δωρεάν</span> <span class='ocrx_word' id='word_1_598' title='bbox 2726 5040 2789 5091; x_wconf 84' lang='grc' dir='ltr'><strong>με</strong></span> <span class='ocrx_word' id='word_1_599' title='bbox 2814 5022 2971 5091; x_wconf 80' lang='grc' dir='ltr'>ἔχειν.</span> <span class='ocrx_word' id='word_1_600' title='bbox 3006 5024 3222 5084; x_wconf 90' lang='grc' dir='ltr'>Τούτοις</span> <span class='ocrx_word' id='word_1_601' title='bbox 3242 5024 3296 5075; x_wconf 82' lang='grc' dir='ltr'>δὲ</span> <span class='ocrx_word' id='word_1_602' title='bbox 3327 5026 3437 5083; x_wconf 86' lang='grc' dir='ltr'>τοῖς</span> <span class='ocrx_word' id='word_1_603' title='bbox 3464 5022 3639 5088; x_wconf 85' lang='grc' dir='ltr'>λόγοις</span> <span class='ocrx_word' id='word_1_604' title='bbox 3666 5024 3696 5091; x_wconf 80' lang='grc' dir='ltr'>ἡ</span> <span class='ocrx_word' id='word_1_605' title='bbox 3737 5040 3907 5090; x_wconf 78' lang='grc' dir='ltr'>μακα-</span> 
     </span>
    </p>
   </div>
   <div class='ocr_carea' id='block_1_87' title="bbox 2381 5109 3908 5181">
    <p class='ocr_par' dir='ltr' id='par_1_87' title="bbox 2381 5109 3908 5181">
     <span class='ocr_line' id='line_1_87' title="bbox 2381 5109 3908 5181; baseline 0.001 -20"><span class='ocrx_word' id='word_1_606' title='bbox 2381 5112 2467 5181; x_wconf 89' lang='grc' dir='ltr'><strong>ρία</strong></span> <span class='ocrx_word' id='word_1_607' title='bbox 2501 5112 2731 5162; x_wconf 88' lang='grc' dir='ltr'>πείσασα</span> <span class='ocrx_word' id='word_1_608' title='bbox 2759 5113 2882 5172; x_wconf 77' lang='grc' dir='ltr'>τοὺς</span> <span class='ocrx_word' id='word_1_609' title='bbox 2902 5110 3137 5172; x_wconf 80' lang='grc' dir='ltr'>ἀσώτους</span> <span class='ocrx_word' id='word_1_610' title='bbox 3167 5112 3299 5173; x_wconf 85' lang='grc' dir='ltr'>τέως</span> <span class='ocrx_word' id='word_1_611' title='bbox 3330 5109 3666 5177; x_wconf 69' lang='grc' dir='ltr'>ἀπέπεμψεν.</span> <span class='ocrx_word' id='word_1_612' title='bbox 3712 5112 3908 5179; x_wconf 84' lang='grc' dir='ltr'>Ἐμμε-</span> 
     </span>
    </p>
   </div>
   <div class='ocr_carea' id='block_1_88' title="bbox 2376 5200 3910 5269">
    <p class='ocr_par' dir='ltr' id='par_1_88' title="bbox 2376 5200 3910 5269">
     <span class='ocr_line' id='line_1_88' title="bbox 2376 5200 3910 5269; baseline 0.001 -18"><span class='ocrx_word' id='word_1_613' title='bbox 2376 5200 2653 5262; x_wconf 82' lang='grc' dir='ltr'>λεστάταις</span> <span class='ocrx_word' id='word_1_614' title='bbox 2684 5200 2738 5251; x_wconf 89' lang='grc' dir='ltr'><strong>δέ</strong></span> <span class='ocrx_word' id='word_1_615' title='bbox 2768 5200 2975 5269; x_wconf 74' lang='grc' dir='ltr'>δεήσεσι</span> <span class='ocrx_word' id='word_1_616' title='bbox 2998 5200 3087 5251; x_wconf 76' lang='grc' dir='ltr'><strong>τὸν</strong></span> <span class='ocrx_word' id='word_1_617' title='bbox 3120 5200 3247 5253; x_wconf 77' lang='grc' dir='ltr'>Θεὸν</span> <span class='ocrx_word' id='word_1_618' title='bbox 3278 5200 3653 5268; x_wconf 81' lang='grc' dir='ltr'>δυσωπήσασα,</span> <span class='ocrx_word' id='word_1_619' title='bbox 3688 5202 3775 5252; x_wconf 75' lang='grc' dir='ltr'><strong>καὶ</strong></span> <span class='ocrx_word' id='word_1_620' title='bbox 3822 5220 3910 5253; x_wconf 85' lang='grc' dir='ltr'>κα-</span> 
     </span>
    </p>
   </div>
   <div class='ocr_carea' id='block_1_89' title="bbox 2376 5289 3911 5359">
    <p class='ocr_par' dir='ltr' id='par_1_89' title="bbox 2376 5289 3911 5359">
     <span class='ocr_line' id='line_1_89' title="bbox 2376 5289 3911 5359; baseline 0.001 -18"><span class='ocrx_word' id='word_1_621' title='bbox 2376 5291 2786 5359; x_wconf 83' lang='grc' dir='ltr'>τανενυγμέναις</span> <span class='ocrx_word' id='word_1_622' title='bbox 2810 5290 3027 5352; x_wconf 77' lang='grc' dir='ltr'>ἱκεσίαις</span> <span class='ocrx_word' id='word_1_623' title='bbox 3067 5290 3247 5341; x_wconf 80' lang='grc' dir='ltr'>τοῦτον</span> <span class='ocrx_word' id='word_1_624' title='bbox 3270 5291 3347 5350; x_wconf 83' lang='grc' dir='ltr'><strong>είς</strong></span> <span class='ocrx_word' id='word_1_625' title='bbox 3380 5289 3763 5359; x_wconf 83' lang='grc' dir='ltr'>εύσπλαγχνίαν</span> <span class='ocrx_word' id='word_1_626' title='bbox 3788 5309 3911 5344; x_wconf 81' lang='grc' dir='ltr'>κατ-</span> 
     </span>
    </p>
   </div>
   <div class='ocr_carea' id='block_1_90' title="bbox 2386 5378 3912 5449">
    <p class='ocr_par' dir='ltr' id='par_1_90' title="bbox 2386 5378 3912 5449">
     <span class='ocr_line' id='line_1_90' title="bbox 2386 5378 3912 5449; baseline 0.003 -21"><span class='ocrx_word' id='word_1_627' title='bbox 2386 5379 2641 5447; x_wconf 76' lang='grc' dir='ltr'>έκαμψεν.</span> <span class='ocrx_word' id='word_1_628' title='bbox 2685 5379 3069 5449; x_wconf 75' lang='grc' dir='ltr'>Προσεσχηκὼς</span> <span class='ocrx_word' id='word_1_629' title='bbox 3094 5379 3271 5441; x_wconf 59' lang='grc' dir='ltr'>ποίνυν</span> <span class='ocrx_word' id='word_1_630' title='bbox 3299 5379 3328 5427; x_wconf 84' lang='grc' dir='ltr'>ὁ</span> <span class='ocrx_word' id='word_1_631' title='bbox 3351 5378 3479 5439; x_wconf 84' lang='grc' dir='ltr'>Θεὸς</span> <span class='ocrx_word' id='word_1_632' title='bbox 3521 5381 3548 5432; x_wconf 83' lang='grc' dir='ltr'>ὁ</span> <span class='ocrx_word' id='word_1_633' title='bbox 3588 5380 3679 5440; x_wconf 76' lang='grc' dir='ltr'>τὰς</span> <span class='ocrx_word' id='word_1_634' title='bbox 3714 5382 3912 5443; x_wconf 82' lang='grc' dir='ltr'>ἐννοίας</span> 
     </span>
    </p>
   </div>
   <div class='ocr_carea' id='block_1_91' title="bbox 2386 5460 3909 5539">
    <p class='ocr_par' dir='ltr' id='par_1_91' title="bbox 2386 5460 3909 5539">
     <span class='ocr_line' id='line_1_91' title="bbox 2386 5460 3909 5539; baseline 0.003 -22"><span class='ocrx_word' id='word_1_635' title='bbox 2386 5460 2555 5530; x_wconf 70' lang='grc' dir='ltr'>εἰδὼς,</span> <span class='ocrx_word' id='word_1_636' title='bbox 2590 5470 2701 5531; x_wconf 86' lang='grc' dir='ltr'>πῶς</span> <span class='ocrx_word' id='word_1_637' title='bbox 2736 5472 2797 5520; x_wconf 79' lang='grc' dir='ltr'><strong>ἐκ</strong></span> <span class='ocrx_word' id='word_1_638' title='bbox 2831 5470 3049 5539; x_wconf 85' lang='grc' dir='ltr'>καρδίας</span> <span class='ocrx_word' id='word_1_639' title='bbox 3088 5470 3120 5535; x_wconf 82' lang='grc' dir='ltr'>ἡ</span> <span class='ocrx_word' id='word_1_640' title='bbox 3158 5467 3379 5537; x_wconf 85' lang='grc' dir='ltr'>σώφρων</span> <span class='ocrx_word' id='word_1_641' title='bbox 3407 5470 3503 5538; x_wconf 84' lang='grc' dir='ltr'>τῆς</span> <span class='ocrx_word' id='word_1_642' title='bbox 3539 5471 3749 5536; x_wconf 87' lang='grc' dir='ltr'>ἁγνείας</span> <span class='ocrx_word' id='word_1_643' title='bbox 3790 5474 3909 5539; x_wconf 53' lang='lat' dir='ltr'><strong>Exi.»</strong></span> 
     </span>
    </p>
   </div>
   <div class='ocr_carea' id='block_1_92' title="bbox 793 5618 3903 5701">
    <p class='ocr_par' dir='ltr' id='par_1_92' title="bbox 793 5618 3903 5701">
     <span class='ocr_line' id='line_1_92' title="bbox 793 5618 3903 5701; baseline -0.001 -24"><span class='ocrx_word' id='word_1_644' title='bbox 793 5621 1361 5701; x_wconf 41' lang='lat' dir='ltr'><strong>‘(89)£‘iirersqtdm</strong></span> <span class='ocrx_word' id='word_1_645' title='bbox 1386 5623 1755 5701; x_wconf 37' lang='lat' dir='ltr'><strong>tt¢._MQmi.n_i1</strong></span> <span class='ocrx_word' id='word_1_646' title='bbox 1782 5622 1941 5688; x_wconf 86' lang='lat' dir='ltr'><strong>hujus</strong></span> <span class='ocrx_word' id='word_1_647' title='bbox 1971 5622 2193 5701; x_wconf 75' lang='lat' dir='ltr'><strong>virginis</strong></span> <span class='ocrx_word' id='word_1_648' title='bbox 2228 5632 2277 5673; x_wconf 79' lang='lat' dir='ltr'><strong>et</strong></span> <span class='ocrx_word' id='word_1_649' title='bbox 2315 5618 2665 5688; x_wconf 72' lang='lat' dir='ltr'><strong>Niccpliorus,</strong></span> <span class='ocrx_word' id='word_1_650' title='bbox 2701 5624 2837 5677; x_wconf 80' lang='lat' dir='ltr'><strong>(list.</strong></span> <span class='ocrx_word' id='word_1_651' title='bbox 2871 5623 3017 5689; x_wconf 60' lang='grc' dir='ltr'>ραι,</span> <span class='ocrx_word' id='word_1_652' title='bbox 3041 5623 3133 5675; x_wconf 90' lang='lat' dir='ltr'><strong>lib.</strong></span> <span class='ocrx_word' id='word_1_653' title='bbox 3186 5638 3281 5688; x_wconf 80' lang='lat' dir='ltr'><strong>vn,</strong></span> <span class='ocrx_word' id='word_1_654' title='bbox 3333 5638 3450 5692; x_wconf 84' lang='lat' dir='ltr'><strong>cap.</strong></span> <span class='ocrx_word' id='word_1_655' title='bbox 3494 5626 3592 5690; x_wconf 72' lang='grc'><strong>15,</strong></span> <span class='ocrx_word' id='word_1_656' title='bbox 3646 5626 3728 5680; x_wconf 82' lang='lat' dir='ltr'><strong>sed</strong></span> <span class='ocrx_word' id='word_1_657' title='bbox 3790 5642 3903 5691; x_wconf 74' lang='lat' dir='ltr'><strong>pnu-</strong></span> 
     </span>
    </p>
   </div>
   <div class='ocr_carea' id='block_1_93' title="bbox 758 5692 2277 5769">
    <p class='ocr_par' dir='ltr' id='par_1_93' title="bbox 758 5692 2277 5769">
     <span class='ocr_line' id='line_1_93' title="bbox 758 5692 2277 5769; baseline 0 -24"><span class='ocrx_word' id='word_1_658' title='bbox 758 5692 871 5769; x_wconf 79' lang='lat' dir='ltr'><strong>cis;</strong></span> <span class='ocrx_word' id='word_1_659' title='bbox 902 5708 1069 5761; x_wconf 89' lang='lat' dir='ltr'><strong>neque</strong></span> <span class='ocrx_word' id='word_1_660' title='bbox 1097 5692 1302 5759; x_wconf 87' lang='lat' dir='ltr'><strong>uspiam</strong></span> <span class='ocrx_word' id='word_1_661' title='bbox 1335 5708 1449 5746; x_wconf 86' lang='lat' dir='ltr'><strong>eam</strong></span> <span class='ocrx_word' id='word_1_662' title='bbox 1476 5693 1872 5748; x_wconf 79' lang='lat' dir='ltr'><strong>Corinthiacam</strong></span> <span class='ocrx_word' id='word_1_663' title='bbox 1912 5706 2027 5744; x_wconf 80' lang='lat' dir='ltr'><strong>esse</strong></span> <span class='ocrx_word' id='word_1_664' title='bbox 2054 5693 2277 5745; x_wconf 81' lang='lat' dir='ltr'><strong>dictitat.</strong></span> 
     </span>
    </p>
   </div>
  </div>
