4098 6362
218 460 311 517 89¹1

758 510 762 518 ,
840 453 905 506 IN
943 406 1263 506 CANONEM
1302 444 1707 503 PASCIIALEM
1743 440 2066 499 BUlIHEllII
2105 425 2768 495 ANIMADVEHSIONES.
2859 458 2862 462 λ

3311 429 3412 483 $98

289 551 459 640 Atque
492 571 607 625 hac
633 565 699 624 de
729 568 796 624 iis
825 577 953 637 qua:
992 568 1062 620 ad
1089 565 1356 636 Hippolyti
1383 561 1680 622 Canouem,
1713 569 1766 613 et
1794 568 1834 618 Λ
1865 559 2133 613 riensibus
2175 554 2470 619 collocarit,
2505 553 2648 621 quod
2674 549 2843 619 magis
2874 547 3158 611 existimo;
3191 553 3318 598 tunc
3346 546 3414 597 ab

221 661 519 733 institutum
543 667 786 721 nostrum
811 663 1073 726 spectant,
1098 654 1235 707 dicta
1265 654 1395 708 sint.
1420 650 1620 705 Cmtera
1644 664 1762 716 quze

223 752 310 805 hic
335 749 777 818 notaripossent,
804 746 994 802 omitto
1021 763 1034 796 :
1063 753 1178 796 tum
1202 742 1328 811 quia
1357 740 1488 794 nihil
1513 740 1578 792 ad
1610 739 1762 800 insti-

223 850 416 904 tutum,
441 849 553 905 tum
577 839 700 908 quia
725 837 863 906 apud
891 835 1239 904 Scaligerum,
1261 831 1535 885 Petavium
1557 838 1611 884 et
1630 829 1763 884 alios

220 933 384 986 videri
413 939 657 1000 possunt.
693 927 810 984 Una
832 917 992 982 modo
1015 927 1240 998 quaestio
1263 933 1523 994 superest.

225 1103 354 1157 Vill.
397 1103 648 1169 Qutestio.
684 1104 760 1156 An
787 1104 1058 1156 octaeteris
1079 1101 1351 1157 Paschalis
1385 1103 1582 1169 passim
1610 1117 1766 1153 usur-

282 1184 410 1240 pata
443 1174 511 1225 sit
543 1190 576 1225 α
600 1173 782 1240 primis
807 1173 1139 1226 Christianis.
1175 1169 1765 1240 Octaeteridemﬂippo-

287 1238 383 1309 lyti
409 1238 644 1321 Scaliger
674 1241 953 1321 absurdam
986 1250 1136 1310 putat
1157 1257 1176 1294 :
1198 1255 1314 1310 quin
1345 1252 1517 1306 tamen
1549 1238 1765 1292 Latino-

291 1327 410 1363 rum
437 1319 663 1373 rationes
689 1319 883 1365 servat.

291 1461 528 1532 Scaliger
550 1462 664 1516 suis
698 1461 752 1514 in
789 1461 932 1514 hunc
961 1457 1226 1529 Hippolyti
1261 1459 1536 1515 Canonem
1579 1461 1765 1517 obser-

222 1552 549 1614 vationibus,
597 1549 772 1605 vereri
803 1565 860 1605 se
899 1550 993 1614 ait,
1047 1558 1105 1604 ut
1158 1549 1246 1603 illa
1295 1548 1767 1605 heckaadecaeteris

224 1640 534 1710 llippolytea
569 1654 803 1709 unquam
827 1646 1036 1706 recepta
1059 1635 1242 1702 fuerit,
1277 1652 1400 1691 cum
1434 1646 1512 1691 tot
1535 1638 1767 1692 absurda

223 1734 278 1785 in
310 1732 400 1785 ilia
428 1731 610 1785 relicta
649 1730 775 1784 sint.
814 1727 955 1780 Nam
983 1727 1234 1798 alioquin,
1269 1729 1461 1798 inquit,
1499 1730 1770 1782 octaeteri-

220 1821 307 1873 des
327 1819 599 1888 paschales
625 1820 785 1889 fuisse
818 1817 1048 1870 nouimus
1070 1832 1132 1868 ea:
1163 1817 1383 1886 epistola
1408 1817 1646 1886 Dionysii
1667 1815 1769 1885 epi-

221 1912 386 1976 scopi,
419 1919 524 1966 etc.
550 1904 654 1974 Sed,
680 1924 779 1964 nos
803 1908 1032 1963 absurda
1060 1907 1113 1962 in
1143 1909 1246 1963 hoc
1265 1906 1528 1978 Hippolyti
1552 1908 1767 1962 Canone
1800 1896 1840 1948 Β

223 2003 370 2055 nulla
391 2003 662 2066 videmus;
694 2015 799 2053 non
823 1999 923 2052 alia
943 2007 1105 2063 certe,
1123 2013 1281 2067 quam
1313 2014 1435 2066 qua:
1453 1999 1505 2051 in
1531 1999 1766 2066 paschali

215 2091 541 2146 Latinorum
578 2090 828 2144 methodo
861 2091 1296 2145 monstravimus.
1329 2088 1460 2154 Quae
1489 2104 1648 2142 nemo
1676 2090 1769 2145 ab-

222 2181 388 2235 surda
417 2180 687 2234 vocaverit
713 2180 733 2234 :'
761 2191 814 2235 et
840 2193 902 2235 ut
923 2187 1122 2246 essent,
1153 2195 1311 2237 nemo
1343 2189 1556 2249 propter
1582 2195 1643 2234 ea
1672 2194 1769 2248 pa-

224 2273 459 2327 schalem
502 2270 814 2326 Latinorum
835 2271 1042 2341 cyclum
1073 2269 1126 2323 in
1157 2263 1258 2324 usu
1293 2269 1461 2324 fuisse
1505 2285 1625 2322 cum
1649 2259 1771 2321 Sea.

223 2362 389 2430 ligero
411 2375 606 2429 negare
630 2359 864 2414 auderet.
899 2357 1008 2412 Nec
1041 2359 1203 2421 enim,
1233 2373 1353 2426 quze
1379 2356 1576 2425 passim
1612 2371 1769 2408 usur-

201 2460 368 2517 pata,
409 2459 504 2504 aut
528 2448 653 2518 quia
688 2455 960 2517 usurpata,
993 2434 1100 2499 non
1134 2446 1363 2498 absurda
1393 2452 1539 2497 sunt.
1571 2441 1767 2496 Ver'urn

226 2553 347 2602 nos,
391 2548 450 2592 ut
484 2538 628 2603 dixi,
672 2537 817 2591 nulla
847 2537 918 2594 in
946 2537 1012 2590 iis
1042 2535 1354 2589 Latinorum
1381 2541 1474 2588 aut
1502 2531 1767 2601 Hippolyti

222 2629 526 2704 canonibus
550 2628 800 2689 absurda,
837 2626 943 2680 sed
975 2628 1150 2694 potius
1193 2633 1345 2679 acuta
1379 2636 1433 2677 et
1457 2622 1768 2695 verisimilia

225 2720 389 2773 multa
429 2717 628 2782 inesse,
667 2717 796 2772 satis
843 2715 976 2783 jam.
1031 2723 1092 2767 ut
1141 2713 1354 2780 opinor,
1401 2711 1766 2782 probavimus.

220 2809 467 2879 Cumque
508 2808 786 2876 paschales
821 2792 1130 2861 Latinorum
1163 2806 1396 2858 rationes
1441 2803 1531 2857 diu
1577 2803 1629 2857 in
1668 2801 1770 2857 Ec-

223 2901 386 2954 clesia
411 2900 670 2970 viguisse,
700 2914 761 2953 ex
787 2884 949 2951 dictis
976 2896 1188 2950 abunde
1214 2895 1325 2963 jam
1358 2901 1599 2956 constet;
1637 2890 1767 2961 Hip-

224 2991 464 3059 polyteas
499 3003 714 3057 quoque
761 3001 882 3056 quae
919 2987 1104 3040 iisdem
1137 2982 1414 3055 principiis
1447 2982 1766 3044 innituntur,

223 3077 531 3147 aliquandiu
559 3078 746 3132 saltem
772 3084 1078 3143 usurpatas,
1109 3088 1300 3142 negare
1329 3087 1432 3126 non
1457 3086 1764 3140 possumus.

1862 649 2036 705 Martii
2057 648 2141 712 12,
2166 648 2252 700 ubi
2278 646 2487 699 Aureus
2508 644 2628 712 ejus
2646 655 2906 695 numeros
2926 655 3018 693 vni
3049 632 3102 691 et
3129 652 3216 692 xvt
3246 651 3423 704 appo-e

1861 742 2071 796 suimus
2093 779 2108 802 ,
2136 747 2232 791 aut
2259 735 2420 805 quam
2444 734 2724 794 citissime,
2757 731 3041 784 undecimo
3070 728 3266 798 Martii,
3304 727 3415 795 pri—

1861 845 2007 884 mum
2043 828 2394 881 inchoaverit.
2423 823 2604 877 Potuit
2633 832 2810 875 tamen
2841 819 2930 873 hie
2956 819 3192 872 solarum
3225 815 3414 869 Domi—

1864 918 2126 976 nicarum.
2167 930 2276 969 non
2310 914 2435 968 item
2470 913 2825 967 terminorum
2866 908 3199 978 paschalium
3246 905 3414 960 ratio—

1864 1025 1985 1064 nem
2016 1005 2232 1071 habere,
2266 1018 2475 1072 nempe,
2511 1011 2571 1056 ut
2596 1002 2698 1054 illze
2729 1000 2857 1054 sola:
2881 1006 3002 1067 post
3032 992 3414 1066 aequinoctium

1865 1097 2258 1158 indicerentur;
2309 1103 2368 1150 ut
2401 1091 2466 1146 dc
2510 1091 2780 1154 Anatolio,
2813 1090 2906 1159 qui
2947 1089 3246 1157 discipulus
3291 1087 3413 1155 ejus

1866 1188 2030 1242 fuisse
2069 1188 2298 1247 videtur,
2336 1181 2760 1238 observabimus.

2365 1338 2434 1392 Χ.
2475 1337 2610 1392 Julii
2644 1336 2906 1406 Africani.

1934 1497 2137 1556 Tertio,
2180 1492 2358 1548 Julius
2417 1490 2724 1552 Africanus,
2769 1489 2862 1558 qui
2915 1486 3208 1541 Chronicon
3257 1499 3414 1538 suum
3464 1501 3466 1503 '

1865 1585 2110 1656 perduxit
2138 1598 2306 1652 usque
2337 1581 2403 1635 ad
2433 1594 2634 1634 annum
2657 1575 2858 1631 Christi
2882 1575 3009 1638 221,
3043 1573 3233 1641 quinto
3261 1570 3411 1624 Tem-

1863 1663 2046 1745 porum
2072 1673 2345 1727 volumine
2375 1673 2446 1727 ita
2482 1669 2688 1732 scribit,
2717 1674 2850 1720 teste
2880 1663 3204 1731 Hieronymo
3227 1662 3280 1714 in
3313 1660 3415 1712 Da-

1867 1767 2021 1819 niclis
2057 1779 2174 1832 cap.
2204 1778 2258 1815 1x
2280 1802 2294 1827 ,
2327 1769 2379 1815 et
2411 1760 2640 1815 Eusebio
2679 1758 2816 1813 libro
2848 1755 3198 1808 Demonstrat.
3230 1764 3410 1818 evang.

1867 1871 1962 1909 vm
1995 1873 2008 1907 :
2035 1853 2202 1908 (ἶνωεὶ
2232 1862 2279 1906 et
2306 1849 2483 1923 Judtci
2515 1865 2605 1919 per
2641 1857 2755 1900 octo
2781 1861 2943 1899 annos
2977 1843 3132 1917 trium
3159 1841 3414 1894 mensium
3463 1887 3494 1912 ,ἰ

1848 1943 2266 2016 ’Ἐμϐολισμοὺς
2293 1943 2518 2011 faciunt.
2570 1940 2630 1995 Si
2673 1940 2808 1993 enim
2845 1937 3002 2001 octies
3041 1933 3276 1996 undecim
3306 1928 3414 1982 dies

1868 2034 1982 2104 (qui
2019 2041 2306 2102 supersunt
2332 2047 2397 2085 ex
2428 2045 2569 2084 anno
2590 2029 2720 2083 solis
2744 2041 2865 2080 cum
2897 2023 3071 2083 lunari
3099 2018 3414 2088 composito)
3499 2061 3502 2064 .

1866 2125 2175 2200 et‘quartam
2211 2123 2314 2175 diei
2344 2119 2804 2189 partemroluerts
2839 2122 3161 2194 supputare';
3189 2112 3256 2166 90
3285 2111 3413 2170 dies,
3470 2139 3476 2144 ι
3525 2152 3527 2154 .

1867 2195 1965 2264 hoc
1981 2219 2055 2264 est
2111 2221 2215 2262 tres
2248 2187 2673 2275 menses,eﬂicies.
2711 2203 2773 2257 Et
2801 2203 2961 2272 paulo
2991 2187 3156 2255 ante:
3182 2198 3415 2251 Lunares

1870 2301 2213 2356 llebrworum'
2251 2313 2469 2362 menses,
2507 2296 2788 2349 secundum
2827 2292 3038 2346 illorum
3082 2290 3415 2358 supputatio-
3505 2309 3515 2339 λ.

1867 2405 2000 2450 nem,
2031 2395 2243 2456 possunt
2272 2385 2442 2454 facere
2489 2379 3086 2450 per-‘singulos,.ntenses
3128 2375 3237 2442 dies
3265 2372 3334 2426 29
3367 2380 3417 2425 et

1866 2480 2053 2541 semis;
2098 2479 2172 2531 ita
2209 2485 2266 2528 ut
2305 2475 2431 2529 solis
2477 2471 2707 2525 circulus
2736 2485 2827 2537 per
2851 2481 3160 2521 annossuos
3185 2462 3416 2534 singulas

1868 2569 1977 2639 (qui
2021 2569 2208 2620 habent
2235 2567 2342 2618 dies
2371 2563 2473 2617 563
2501 2573 2550 2616 et
2592 2569 2832 2631 quartam
2879 2557 2984 2609 diei
3027 2554 3249 2624 partem)
3300 2553 3417 2622 plus

1867 2661 2050 2711 habeat
2077 2654 2314 2708 undecim
2335 2653 2444 2705 dics
2476 2660 2525 2702 et
2547 2658 2789 2718 quartam
2821 2647 2924 2698 diei
2953 2655 3177 2712 partem.
3201 2642 3420 2707 Grzrcns
3444 2651 3447 2654 ‘

1866 2749 2077 2817 quidem
2110 2734 2432 2800 octaeteride
2455 2754 2582 2792 usos
2600 2777 2616 2801 ,
2645 2746 2698 2790 et
2723 2735 2938 2804 quidem
2974 2734 3186 2802 qualem
3217 2731 3304 2785 hic
3325 2731 3418 2784 dc-

1865 2838 2055 2892 scribit
2103 2834 2424 2893 Al‘ricanus,
2465 2830 2597 2884 satis
2625 2819 2858 2890 scimus;
2889 2823 3102 2879 Judaeos
3128 2837 3234 2877 non
3265 2822 3414 2885 item,

1866 2926 1972 2980 nisi
2006 2921 2140 2978 forte
2169 2923 2234 2976 de
2262 2918 2585 2975 octaeteride
2615 2914 2827 2970 Juliana
2851 2915 2917 2978 ad
2953 2914 3018 2969 76
3040 2927 3212 2967 annos
3235 2910 3418 2978 Calip-

1864 3015 2016 3084 picos
2047 3014 2098 3066 in
2133 3010 2378 3065 Paschali
2421 3023 2609 3064 eorum
2656 2989 3044 3081 periodo-addi
3078 3002 3236 3056 solita
3273 3000 3416 3054 Alri-

1865 3120 2034 3160 canus
2085 3102 2362 3170 intelligat.
2406 3094 2722 3167 Quanquam
2769 3086 2943 3163 neque
2975 3094 3077 3146 hoc
3108 3091 3280 3155 dicat;
3318 3089 3414 3143 sed

223 3167 409 3262 Neque:
435 3167 994 3262 probabilitatﬁcarﬂ’
1018 3162 1372 3262 oetam?"an
1395 3161 1512 3262 ei“?
1540 3162 1766 3262 summ]?
1793 3205 1834 3262 C
1869 3206 2072 3250 tantum
2099 3161 2314 3248 Iudaeos
2335 3161 2457 3244 octo
2495 3161 2652 3242 antiis
2676 3195 2786 3242 tres
2813 3161 3176 3257 eiubolimaaos
3205 3196 3430 3250 menses
3494 3177 3498 3180 ’

161 3333 163 3336 ⁴
221 3259 532 3312 eniendatas
568 3271 735 3320 esse;
784 3255 908 3308 licet
951 3253 1340 3308 emendationis
1387 3252 1628 3318 modum,
1674 3254 1765 3322 qui

221 3347 406 3400 varius
431 3360 549 3401 esse
580 3339 785 3414 patuit,
822 3345 1147 3415 ignoremus.

281 3506 284 3508 ‘
328 3497 424 3554 IX.
466 3498 751 3584 Octaeteris
782 3483 1020 3568 Dionysii
1045 3497 1389 3553 Alexandrini
1418 3497 1662 3564 episcopi.

295 3602 541 3664 Rursum
563 3609 916 3672 ocraetcritlos
945 3624 1100 3663 usum
1120 3608 1310 3676 priscis
1338 3604 1655 3661 Christianis
1683 3604 1768 3658 l'a-

137 3710 140 3712 ⁷
224 3690 489 3752 mitiorem
540 3683 723 3763 fuisse,
766 3689 958 3766 probat,
992 3696 1226 3765 Dionysii
1260 3687 1495 3763 episcopi
1538 3695 1771 3748 Alexan-

142 3788 151 3791 ”
219 3790 370 3843 drini
415 3790 529 3865 (qui
571 3790 660 3865 ab
682 3804 822 3843 anno
849 3788 1048 3844 Christi
1071 3787 1176 3854 246
1207 3786 1274 3840 ad
1294 3785 1401 3839 265
1430 3785 1608 3839 sedem
1647 3799 1768 3839 eam

217 3880 418 3947 tenuit)
452 3879 673 3953 epistola
718 3879 786 3932 ad
828 3877 1115 3932 Domitium
1159 3885 1213 3929 et
1245 3874 1532 3944 ,Didynium
1559 3914 1574 3939 ,
1607 3888 1768 3942 quam

201 3970 360 4037 λειω
390 3968 651 4022 Eusebius
689 3963 831 4020 Hist.
864 3964 1226 4021 ecclesiastica:
1258 3964 1351 4017 lib.
1375 3979 1481 4026 vn,
1512 3979 1629 4032 cap.
1661 3963 1766 4018 l5:

220 4056 449 4122 Iuliae,
488 4058 597 4123 ait,
641 4056 902 4111 Canonem
957 4065 1071 4108 octo
1122 4069 1384 4107 annorum
1426 4055 1588 4118 citat,
1633 4055 1770 4122 quod
1822 4086 1860 4093 ρ

220 4147 419 4215 festum
451 4132 723 4201 Paschatis
759 4163 860 4203 non
898 4128 1005 4197 alio
1032 4136 1169 4224 anni
1207 4153 1427 4211 tempore
1462 4159 1617 4212 quam
1657 4150 1770 4210 post

217 4236 363 4290 beris
408 4228 774 4312 aequinoctium
828 4233 1078 4287 celebrari
1115 4232 1320 4286 debeat.
1369 4231 1619 4286 Fueritne
1659 4233 1802 4286 haec

163 4340 166 4342 ‘
219 4324 467 4403 Dionysii
505 4322 806 4385 octaeteris,
842 4322 930 4375 illa
959 4320 1228 4390 Hippolyti
1254 4321 1462 4392 diorum
1487 4319 1648 4386 2922,
1689 4319 1773 4372 di-

216 4415 414 4467 vinare
438 4419 522 4466 est
553 4427 567 4465 :
596 4425 703 4465 non
730 4409 895 4464 fuisse
921 4418 1118 4473 tamen,
1141 4407 1441 4472 videretur;
1474 4406 1519 4461 si
1541 4405 1768 4459 Pascha—

217 4505 294 4559 tis
341 4516 433 4555 eos
467 4501 724 4561 terminos
755 4499 1040 4562 exhibuit,
1087 4496 1179 4566 qui
1220 4505 1344 4565 post
1389 4495 1766 4565 aequinoctium
1802 4525 1844 4578 υ

219 4606 455 4651 vernum
485 4584 695 4660 semper
719 4589 1073 4659 plenilunium
1096 4587 1427 4649 exhiberem,
1443 4595 1495 4642 et
1517 4593 1768 4638 constan-

217 4695 307 4738 ter
346 4700 359 4736 :
395 4681 666 4744 hocenim
700 4678 1011 4750 Hippolytea
1050 4677 1320 4746 sesquidie
1351 4675 1559 4729 brevior
1591 4684 1770 4727 tenere

218 4788 340 4831 non
383 4780 591 4841 potest,
639 4771 752 4826 nisi
783 4771 998 4844 aliunde
1018 4769 1253 4838 juvetur.
1286 4766 1402 4819 Jam
1441 4771 1568 4840 tunc
1613 4764 1772 4833 igitur

219 4862 758 4933 temporeDionysii
801 4869 1051 4923 constat,_
1084 4858 1342 4927 quosdam
1392 4855 1600 4913 Pascha
1647 4864 1774 4906 ante

213 4944 604 5020 aequinoctium
627 4993 646 5018 ,
674 4952 860 5006 saltem
885 4949 1144 5010 Caesaris,
1172 4946 1470 5000 celebrasse
1511 4942 1769 5007 subinde;

215 5055 280 5099 ut
307 5058 380 5120 ex
411 5043 633 5114 Canone
659 5039 927 5118 Hippolyti
963 5046 1020 5092 et
1055 5036 1367 5123 Latinorum
1403 5033 1633 5086 vidimus
1655 5071 1671 5095 ,
1718 5043 1772 5086 et
1826 5073 1830 5077 .

217 5136 394 5213 etiam
422 5134 474 5205 in
493 5133 716 5190 iudaico
735 5130 1051 5185 videbimus.
1078 5122 1403 5200 ‘Contraphos
1427 5137 1614 5177 omnes
1644 5122 1770 5175 Dio-
1831 5191 1835 5194 .

208 5215 446 5296 nysiurn
468 5216 750 5293 scripsisse
778 5221 1086 5290 conjectura
1103 5220 1242 5287 pene
1266 5226 1409 5271 certa
1431 5223 1542 5276 est;
1575 5223 1628 5266 et
1654 5213 1770 5282 qui-

217 5313 357 5367 dem
392 5309 438 5364 si
471 5312 850 5383 aquinoctium
896 5309 961 5377 2-1
1019 5306 1200 5360 martii
1244 5303 1444 5357 Juliani
1478 5302 1767 5365 delixerit;

186 5398 378 5472 quod
423 5399 544 5452 inde
569 5387 946 5469 Consequitur,
995 5397 1229 5451 citimam
1265 5407 1415 5446 suam
1462 5390 1771 5460 paschalem

173 5484 190 5567 ᾖ
223 5488 569 5567 neomeniam
592 5503 698 5556 non
723 5485 830 5544 nisi
854 5488 888 5542 8
909 5489 1145 5558 ejusdem
1173 5483 1344 5537 Martii
1373 5481 1457 5534 die
1481 5495 1635 5533 crsus
1657 5480 1772 5533 lue.

221 5575 405 5638 τίινε
434 5565 603 5644 ἐσίω
629 5575 847 5645 regione
873 5563 991 5639 nos,
1030 5565 1201 5628 annos
1230 5567 1770 5623 heckzedecaeteridos

225 5667 563 5739 Hippolyten:
612 5681 676 5718 ιιι
713 5674 767 5723 et
795 5681 846 5718 xl
879 5665 1310 5734 composuimus:
1362 5661 1406 5712 si
1439 5673 1564 5713 vero
1600 5657 1769 5726 acqui-

220 5756 469 5814 noctium
517 5752 586 5807 25
622 5751 795 5807 Martii
843 5766 970 5806 cum
994 5753 1199 5807 C'esare
1223 5761 1284 5804 et
1315 5747 1558 5801 Patribus
1591 5744 1768 5801 Caesa-

1865 3286 2135 3342 inc'ulcare
2150 3325 2164 3348 ,
2188 3281 2329 3350 quod
2354 3287 2408 3333 et
2429 3279 2481 3332 in
2506 3273 3050 3343 eorumrproductiore
3065 3271 3133 3324 84
3149 3283 3415 3327 annorum

1867 3371 2087 3442 periodo
2116 3384 2301 3422 verum
2327 3375 2443 3432 est,
2478 3365 2568 3418 ubi
2600 3363 2728 3416 anni
2780 3370 2904 3415 octo
2950 3360 3078 3414 tres
3102 3359 3416 3427 plerumque

1866 3476 2079 3516 menses
2119 3458 2484 3515 emboliuueos
2534 3453 2936 3507 nanciscuntur.
2987 3448 3097 3502 Cur
3138 3455 3314 3500 autem
3359 3446 3413 3498 in

1867 3555 1966 3607 hac
2005 3565 2271 3605 annorum
2309 3549 2579 3602 lunarium
2624 3526 3002 3614 supputatione
3031 3539 3239 3609 cyclum
3269 3537 3415 3590 hunc

1865 3642 2152 3696 Africanus
2190 3640 2369 3709 potius
2418 3652 2581 3706 quam
2616 3645 2694 3692 tot
2712 3635 2848 3688 alios
2880 3631 3135 3687 certiores
3162 3624 3412 3697 accipiat,

1834 3731 2010 3787 nulla
2065 3730 2196 3784 mihi
2226 3728 2441 3797 quidem
2491 3724 2630 3778 ratio
2676 3723 2898 3797 solidior
2936 3718 3202 3783 occurrit,
3247 3732 3411 3785 quam

1840 3818 2008 3892 ‘quod
2043 3834 2165 3875 eun.
2193 3829 2247 3874 et
2279 3818 2564 3874 taeiliorem
2593 3856 2609 3879 ,
2655 3823 2711 3868 et
2748 3828 2779 3867 a
2821 3809 3142 3881 quibusdam
3177 3808 3274 3863 :evi
3327 3806 3413 3860 sui
3478 3877 3481 3880 _
3534 3844 3543 3855 .

1867 3912 2188 3968 Christianis
2229 3910 2283 3962 in
2336 3922 2494 3979 usum
2544 3904 2722 3960 induci
2771 3903 2986 3957 videbat
3015 3901 3190 3956 :‘nam
3225 3897 3411 3951 eodem

1869 4015 2108 4071 tempore
2173 4009 2338 4055 suam
2405 3996 2765 4053 concinnabat
2840 3987 3410 4048 heckadecaeteridem

1870 4093 2214 4162 Hippolytus..
2241 4088 2305 4142 Et
2337 4102 2470 4142 sane
2492 4085 2660 4154 paulo
2687 4081 2955 4138 difﬁcilior
2999 4076 3386 4132 enneadeeaete

1870 4185 1945 4238 ris
1965 4182 2200 4254 nondum
2228 4175 2553 4232 Christianis
2574 4167 2852 4254 perspecta
2870 4166 3005 4222 satis
3023 4173 3117 4220 aut
3131 4162 3418 4218 familiaris
3501 4173 3506 4176 '

1867 4279 2016 4335 erat;
2048 4250 2270 4322 iudaica
2301 4262 2514 4318 vero.“
2539 4272 2807 4314 annorum
2836 4252 3088 4327 periodus
3107 4252 3278 4314 iidem
3295 4250 3408 4320 jam

1870 4361 2036 4414 nimia
2067 4372 2165 4414 sua
2197 4355 2565 4411 contractione
2592 4348 2911 4420 perdiderat.
3080 4405 3084 4408 ,
3369 4352 3371 4354 ·

2344 4525 2435 4584 XI.
2476 4527 2932 4602 Nontanistarum.
2986 4525 2987 4528 “

1870 4709 1872 4711 ›
1937 4669 2160 4737 Quarto,
2211 4663 2565 4724 Hontanistae,
2618 4666 2679 4712 ut
2728 4654 2891 4726 refert
2920 4624 3276 4730 nSozomenus
3317 4635 3409 4702 lib.

1869 4721 2244 4829 vntcﬁaprw
2291 4757 2406 4813 lln.,
2444 4721 3110 4818 argumentantesbcontra
3161 4757 3254 4797 eos
3317 4738 3409 4808 qui
3486 4790 3488 4793 ,
3552 4721 3554 4723 ’

1868 4868 1934 4908 ex
1967 4847 2266 4907 rationibus
2293 4845 2433 4895 lunae
2453 4839 2662 4912 Pascha
2695 4832 3033 4910 celebrabant
3051 4837 3152 4897 ,“et
3185 4844 3289 4885 non
3314 4843 3413 4896 po-

1871 4945 1979 4998 tius
2004 4957 2070 4995 ει
2102 4938 2231 4994 solis
2254 4933 2476 4993 circulo,
2513 4930 2671 4997 longe
2686 4925 2914 4988 certiore
2941 4932 2995 4976 et
3013 4916 3407 4982 constantiore,

1871 5036 1944 5088 ita
1981 5028 2284 5085 statuebant
2311 5042 2324 5078 :
2353 5009 2552 5075 Menses
2581 5017 2812 5087 singulos
2839 5030 2947 5069 esse
2965 5013 3049 5089 ~1‘50
3075 5011 3297 5071 dierum,
3327 5007 3412 5058 in-

1869 5128 2034 5191 cipere
2058 5126 2228 5172 autem
2258 5116 2394 5166 diem
2425 5114 2650 5180 primam
2677 5113 2741 5163 ab
2767 5104 3070 5175 tequinoctio
3095 5116 3266 5164 verno,
3296 5114 3410 5167 qua!
3478 5167 3480 5169 p

1870 5187 2218 5268 Romanorum
2268 5219 2408 5258 more
2458 5203 2656 5254 dicitur
2709 5213 2762 5250 ιι
2794 5192 3060 5247 Kalendas
3095 5187 3294 5256 Apriles
3338 5188 3408 5254 (id

1870 5314 1953 5358 est
1980 5300 2051 5354 24
2086 5295 2304 5364 Martii),
2353 5288 2802 5362 quandoquidem,
2849 5283 3108 5352 inquiunt,
3159 5281 3263 5330 duo
3306 5280 3408 5332 ista

1869 5389 2158 5446 luminaria
2190 5395 2309 5437 tunc
2336 5393 2512 5438 creata
2536 5389 2656 5432 sunt
2676 5417 2691 5440 ,
2731 5376 2915 5444 quibus
2949 5385 3177 5440 tempora
3205 5381 3251 5423 et
3285 5376 3404 5434 anni

1872 5479 2280 5533 declararentur.
2311 5472 2474 5541 idque
2491 5485 2550 5523 eo
2576 5469 2980 5524 demonstratur,
3010 5462 3145 5530 quod
3175 5461 3298 5511 luna
3322 5475 3409 5514 per

1870 5566 2230 5626 octaeteridem
2253 5579 2368 5617 cum
2397 5561 2503 5614 sole
2523 5558 2671 5626 paria
2690 5556 2850 5624 faciat
2867 5594 2882 5616 ,
2915 5552 3208 5618 etutrisque
3233 5549 3400 5601 eodem

1871 5671 2094 5724 tempore
2132 5653 2397 5706 neomenia
2428 5647 2715 5713 contingat.
2751 5641 3019 5710 Siquidem
3058 5636 3403 5692 octaeteris'in

1871 5721 2041 5795 lunari
2075 5741 2228 5792 cursu
2264 5738 2332 5793 99
2373 5734 2649 5796 mensibus,
2681 5729 2992 5783 dicbusrero
3026 5724 3162 5780 2922
3188 5721 3406 5788 comple-
