4098 6362
675 381 866 453 ’899

1326 370 1329 373 ⁷
1421 393 1479 450 s.
1516 391 1867 469 lthPOLYTl
1902 392 2049 448 ore.
2082 387 2259 447 psus
2290 357 2356 443 η.
2395 417 2468 429 —-
2493 386 2790 447 uocum.
2832 389 2922 446 ετ
2949 390 3293 465 utsrontc.
3347 356 3350 359 λ
3510 414 3513 415 ί
3860 397 3946 452 soo

762 520 874 563 tur.
922 506 1076 581 Intra
1114 521 1244 577 quos
1285 506 1365 560 sol
1410 515 1525 560 octo
1558 523 1815 560 annorum
1845 523 2028 562 cursus
2069 506 2312 569 absolvit,
2343 508 2390 563 A
2414 514 2512 558 est.
2542 504 2810 575 Hactenus
2831 504 3181 578 Epiphanius.
3208 472 3603 581 Quibus-hujus
3622 512 3945 568 octaeteridos

676 628 679 629 ν
736 599 1041 652 destinatis
1075 598 1347 666 unicuique
1368 585 1512 650 “anno
1538 597 1715 651 diebus
1749 596 1851 652 560
1877 598 1952 669 (2)
1976 608 2091 651 cum
2118 608 2306 665 quarta

762 690 976 757 insuper
1004 674 1154 753 unius
1183 688 1287 745 diei
1306 698 1472 756 parte.
1499 684 1749 741 Etenima
1769 706 1819 742 rx
1851 687 2121 743 Kalendas
2146 689 2306 757 Apri-

765 780 860 843 les,
884 772 939 839 sit
957 779 1018 831 ab
1044 778 1254 833 exordio
1271 780 1549 831 creatiunis
1573 778 1696 831 solis
1720 796 1781 831 ac
1794 780 1954 847 primi
1976 780 2163 832 mensis
2186 796 2308 847 sup-

764 877 949 935 putant
976 880 1313 921 memoratam
1336 866 1595 922 instructis
1608 866 1816 941 Litteris
1838 868 1900 921 14
1921 870 2078 932 diem,
2108 878 2155 922 et
2177 866 2308 921 hanc

762 976 874 1014 esse
887 960 1064 1031 dicunt
1084 976 1180 1013 vm
1210 960 1338 1015 Idus
1370 962 1585 1030 Aprilis,
1618 965 1673 1014 in
1703 979 1803 1031 qua
1841 962 2044 1015 Pascha
2066 971 2310 1030 perpetuo

762 1050 1040 1104 celebrant.
1076 1050 1224 1115 Quod
1258 1053 1302 1107 si
1335 1068 1453 1105 cum
1484 1052 1580 1105 hac
1614 1053 1698 1106 die
1728 1043 1838 1106 dies
1863 1054 2022 1107 etiam
2057 1054 2310 1108 Resurre-

764 1144 948 1196 ctionis
974 1144 1107 1213 forte
1134 1152 1431 1207 concurrat,
1476 1154 1586 1197 tum
1612 1146 1843 1213 proxime
1876 1149 2108 1216 sequenti
2142 1147 2315 1200 Domi-

766 1234 884 1286 nica
936 1235 1095 1302 ferias
1135 1243 1316 1303 agunt.
1366 1233 1629 1304 Scriptum
1684 1245 1760 1289 est
1804 1237 1939 1289 enim
1978 1252 1997 1289 :
2030 1239 2072 1290 A
2110 1245 2198 1291 xlv
2231 1240 2313 1292 die

758 1318 925 1391 “usque
961 1321 1027 1373 ad
1069 1338 1179 1374 xxr.
1219 1319 1342 1374 Hice
1365 1319 1701 1375 Montanista!
1743 1322 1881 1390 apud
1928 1320 2310 1387 Sozomenum,

764 1426 830 1464 ex
854 1410 1052 1478 quibus
1077 1409 1184 1463 duo
1208 1417 1351 1464 certa
1377 1408 1566 1477 colligo
1604 1416 1616 1461 :‘
1652 1406 1910 1475 Primum,
1936 1410 2311 1465 octacteridem

766 1502 975 1572 primis,
1023 1510 1084 1555 ut
1136 1501 1267 1565 dixi,
1309 1500 1632 1556 Christianis
1677 1500 1729 1552 in
1771 1516 1870 1555 usu
1916 1504 2118 1570 passim
2148 1504 2314 1558 fuisse

766 1608 865 1664 pro
892 1591 1191 1647 Paschate:
1228 1585 1428 1659 alioqui
1470 1584 1809 1645 Montanista:
1837 1600 2025 1646 contra
2068 1595 2314 1647 umbram

766 1692 1090 1755 pugnarent.
1135 1681 1465 1745 Secundum,
1519 1680 1903 1755 'octaeteridem
1954 1682 2100 1735 illam
2149 1684 2317 1738 fuisse

767 1774 989 1844 praecise
1027 1773 1233 1829 dierum
1260 1758 1431 1836 2922,
1460 1785 1524 1824 ac
1555 1771 1779 1839 proinde
1803 1756 2070 1843 J‘uliauarn
2100 1782 2154 1828 et
2191 1759 2320 1845 Πίν-

768 1868 964 1937 polyli;
1010 1868 1113 1921 nisi
1164 1865 1493 1920 Sozmneuus
1528 1863 1706 1918 omnia
1740 1864 1828 1919 hic
1866 1880 1973 1919 non
2019 1863 2237 1927 referat,
2267 1876 2321 1918 et

768 1957 955 2011 saltem
977 1956 1091 2009 dies
1113 1955 1465 2018 abundantes,
1498 1964 1553 2008 ut
1585 1955 1837 2009 minutias
1859 1970 2052 2023 parvas
2073 1955 2315 2008 omittat:

769 2048 914 2114 quod
963 2047 1051 2099 vix
1101 2055 1265 2115 puto,
1303 2044 1740 2113 quandoquidem
1781 2044 2065 2099 octaewris
2113 2045 2319 2099 lunaris

770 2148 899 2193 tunc
935 2152 1056 2213 cum
1092 2136 1253 2204 solari
1292 2138 1439 2205 paria
1470 2125 1576 2189 non
1615 2135 1810 2201 faciat;
1845 2135 1991 2203 quod
2024 2144 2200 2189 tamen
2231 2136 2319 2190 hic

770 2219 1109 2280 hlontanista:
1143 2232 1470 2293 supponunt.
2010 2220 2013 2225 ’

1280 2354 1393 2410 XII.
1434 2355 1815 2412 Audianorum.

839 2466 1059 2555 Quinto,
1091 2487 1181 2543 sed
1208 2488 1319 2542 hmc
1340 2488 1519 2543 omnia
1550 2489 1751 2543 clarius
1776 2489 1938 2543 habet
1965 2468 2317 2559 Epiphanius,

768 2590 825 2635 ct
861 2579 1033 2634 iusius
1064 2581 1251 2635 haeresi
1287 2580 1351 2634 70
1376 2580 1779 2645 Audianorum;
1810 2583 2104 2650 praesertim
2145 2581 2172 2651 §
2204 2582 2268 2637 l3
2304 2600 2317 2635 :

770 2673 904 2728 Cum
934 2689 1121 2734 annus,
1159 2672 1352 2740 inquit,
1384 2672 1663 2725 secundum
1687 2672 1811 2723 solis
1843 2688 2054 2724 cursum
2078 2670 2181 2725 565
2212 2674 2319 2725 die-

768 2764 868 2819 bus
895 2774 1048 2833 atque
1083 2763 1223 2831 horis
1254 2763 1417 2814 tribus
1455 2760 1779 2831 (duplicibus
1808 2762 2030 2831 scilicet)
2062 2763 2320 2831 complea-

771 2862 896 2917 tur;
932 2852 1051 2906 inde
1085 2853 1165 2920 fit,
1202 2860 1257 2905 ut
1312 2854 1556 2921 quoniam
1605 2851 1729 2903 luna
1766 2850 1869 2904 5'34
1920 2851 2098 2904 diebus
2126 2870 2319 2905 annum

770 2960 927 2997 suum
968 2942 1207 3007 absolvit,
1255 2942 1363 2995 dies
1395 2943 1439 2994 ei
1473 2942 1706 2995 undecim
1738 2952 1890 3010 atque
1930 2943 2069 2995 hora:
2102 2951 2201 2995 tres
2232 2960 2321 2994 su-

769 3034 989 3102 persint.
1024 3032 1209 3101 Itaque
1244 3034 1441 3101 primus
1480 3034 1879 3099 annus'cpactas
1904 3069 1918 3092 ,
1953 3047 2082 3099 quas
2116 3041 2318 3096 vocant,

772 3121 918 3175 habet
948 3124 1184 3183 undecim
1229 3139 1343 3173 cum
1373 3123 1510 3173 horis
1547 3123 1733 3175 tribus.
1794 3120 2059 3174 Secundus
2094 3123 2203 3175 dies
2228 3124 2316 3182 2‘2,

771 3212 931 3263 horas
983 3210 1034 3265 6.
1094 3209 1296 3263 Tertius
1338 3220 1524 3276 prwter
1566 3213 1673 3264 dies
1715 3213 1804 3274 55,
1844 3212 1997 3264 horas
2027 3214 2076 3266 9.
2117 3215 2320 3281 Quaeaz

770 3299 976 3354 dierum
1008 3316 1209 3353 summa
1242 3300 1570 3351 intercalaris
1620 3302 1804 3354 mensis
1846 3317 1978 3353 unus
2022 3301 2318 3361 deducitur,

772 3402 839 3440 ac
868 3388 1047 3441 triceni
1076 3390 1185 3442 dies
1209 3389 1528 3440 inseruntur.
1568 3386 1767 3455 Reliqui
1795 3400 1915 3441 sunt
1940 3391 2051 3443 dies
2073 3399 2199 3455 tres,
2227 3391 2321 3442 ho-

776 3492 849 3532 ra:
873 3477 926 3533 9.
960 3476 1062 3540 Qui
1094 3495 1213 3530 cunt
1243 3477 1478 3531 undecim
1508 3478 1686 3528 diebus
1714 3478 1835 3527 anni
1862 3480 2035 3545 quarti
2065 3480 2203 3530 horis
2234 3484 2323 3533 tri-

777 3564 872 3619 bus
909 3567 1189 3635 conjunctl,
1234 3567 1341 3621 dies
1372 3566 1651 3639 conﬁciunt
1683 3563 1783 3631 ιι,
1806 3565 1962 3619 horas
1998 3567 2080 3619 i2.
2113 3569 2320 3622 Additis

775 3654 962 3706 deinde
996 3654 1114 3707 aliis
1145 3655 1383 3707 undecim
1426 3656 1606 3707 diebus
1643 3654 1882 3722 horisque
1910 3655 2096 3717 tribus,
2129 3669 2322 3723 epacta:

777 3741 883 3805 28,
908 3755 955 3797 et
989 3746 1129 3797 horta
1160 3746 1226 3798 15
1252 3755 1586 3813 consurgunt.
1619 3742 1775 3797 Sexto
1803 3743 2006 3797 demum
2043 3763 2197 3809 anno,
2227 3764 2323 3799 un-

775 3832 943 3884 decim
974 3835 1159 3884 annuis
1185 3834 1359 3885 diebus
1386 3848 1539 3903 atque
1571 3836 1707 3888 horis
1740 3835 1904 3887 tribus
1940 3837 2319 3901 accedentibus,

775 3925 887 3975 dies
923 3925 1215 3990 conﬂantur
1245 3924 1330 3986 36,
1361 3940 1476 3975 cum
1508 3926 1647 3978 horis
1682 3928 1764 3978 18.
1797 3926 1875 3977 Ex
1898 3928 1961 3979 iis
1992 3929 2319 3980 intercalaris

778 4017 912 4068 alter
935 4015 1123 4067 mensis
1147 4016 1369 4066 exsistit.
1422 4016 1499 4067 Ad
1542 4018 1674 4069 hunc
1716 4018 1923 4070 modum
1950 4017 2320 4087 tertio'cuique

779 4121 918 4159 anno
973 4105 1241 4157 attributis
1299 4104 1537 4172 singulis,
1594 4108 1694 4158 duo
1754 4124 1949 4161 menses
1986 4111 2315 4162 inseruntur.

781 4195 921 4249 Nam
963 4196 1129 4263 priori
1174 4196 1395 4248 triennio
1422 4211 1545 4246 suus
1580 4199 1765 4250 mensis
1800 4200 2017 4257 accedit.
2049 4201 2322 4265 posteriori

778 4290 989 4356 perinde
1013 4303 1157 4341 suus.
1189 4288 1397 4339 Restant
1434 4301 1496 4353 ea;
1512 4288 1703 4354 epactis
1720 4288 1824 4340 illis
1853 4291 1962 4341 dies
1991 4290 2042 4353 6,
2075 4291 2213 4343 hortv
2236 4291 2315 4343 18.

780 4378 979 4441 Quibus
1011 4380 1255 4445 septimus
1280 4395 1442 4431 annus
1468 4377 1702 4429 undecim
1722 4378 1853 4440 dies,
1872 4380 2023 4431 horas
2051 4381 2281 4447 5adjicit
2301 4398 2318 4433 :

779 4472 909 4539 fiunt
943 4481 1134 4537 epacta:
1166 4470 1261 4534 i7,
1298 4470 1437 4523 hora:
1477 4470 1562 4522 21.
1613 4467 1743 4521 Tum
1784 4482 1960 4520 octava
1994 4487 2127 4523 anno
2159 4474 2317 4525 unde—
2348 4472 2393 4526 D

778 4561 881 4613 cim
922 4575 1097 4610 rursus
1129 4562 1303 4612 diebus
1341 4562 1579 4628 horisque
1626 4561 1789 4611 tribus
1835 4559 2063 4626 (semper
2097 4560 2320 4627 duplici-

736 4638 904 4711 rbus)
957 4647 1239 4714 adjunctis,
1286 4650 1354 4702 ‘28
1405 4650 1642 4713 dierum,
1694 4650 1940 4701 horarum
1982 4647 2070 4709 2’s,
2125 4660 2320 4714 epacta:

777 4737 1095 4807 colliguntur
1126 4755 1143 4791 :
1173 4738 1310 4791 hora:
1340 4740 1447 4792 dies
1476 4741 1754 4807 conﬁciunt
1780 4740 1930 4803 duos,
1979 4740 2066 4807 qui
2108 4740 2177 4792 9.8
2215 4741 2320 4791 illis

776 4829 1134 4893 annamerati,
1162 4829 1228 4883 30
1256 4831 1362 4881 dies
1395 4832 1586 4884 solidos
1629 4833 1899 4898 complent.
1936 4832 2109 4895 Quare
2144 4841 2321 4882 octavo

777 4938 913 4974 anno
945 4922 1012 4975 50
1043 4917 1150 4973 dies
1181 4921 1573 4985 intercalantur,
1626 4932 1675 4973 et
1710 4922 1967 4973 biennium
2002 4923 2143 4973 istud
2175 4937 2317 4972 meu-

776 5030 881 5081 sent
911 5012 1060 5066 habet
1088 5027 1269 5064 unum.
1299 5010 1532 5077 Adeoque
1567 5020 1671 5063 tota
1701 5011 1795 5063 illa
1826 5012 2065 5078 periodus
2088 5020 2315 5063 octaete-

779 5104 888 5154 rica
911 5100 1018 5152 dies
1042 5101 1140 5152 sibi
1173 5099 1401 5151 vindicat
1428 5097 1515 5155 90,
1542 5099 1628 5162 qui
1657 5114 1849 5150 menses
1875 5098 2067 5150 solidos
2092 5100 2315 5166 efﬁciunt

779 5198 918 5249 tres;
946 5187 1191 5239 nimirum
1221 5185 1404 5253 primis
1437 5182 1635 5236 duobus
1670 5176 1902 5239 trienniis
1932 5186 2151 5255 singulis
2180 5204 2317 5239 men-
2344 5226 2345 5229 η

782 5294 886 5330 sem
922 5294 1102 5341 unum,
1146 5277 1347 5339 biennio
1388 5276 1566 5328 itidem
1615 5266 1847 5341 sequente
1876 5293 2096 5330 mensem
2134 5293 2310 5329 unum.

784 5379 851 5419 In
892 5369 971 5422 his
1020 5371 1185 5422 tribus
1222 5364 1619 5420 intercalaribus
1645 5367 1903 5418 mensibus
1931 5408 1943 5429 ,
1978 5370 2066 5437 qui
2119 5368 2316 5435 triplici

782 5457 878 5510 illa
906 5458 1103 5509 dierum
1132 5458 1429 5517 collectione
1457 5467 1717 5519 constant,
1759 5456 2061 5512 Juda'orum
2091 5459 2317 5523 Pascha,

781 5565 815 5600 α
858 5548 1267 5601 Christianorum
1319 5558 1715 5616 ceterorumque
1776 5547 2029 5604 Paschate
2066 5552 2320 5606 diversum

2406 594 2730 651 Christianae
2766 596 2981 664 natura,
3019 599 3400 669 quantitasque
3442 580 3612 670 platie’
3649 599 3856 656 Julian:
3900 613 3943 659 et

2408 682 2729 763 Hippolytea
2764 688 2973 742 dierum
3004 687 3149 754 2922
3186 689 3330 744 velut
3357 690 3532 745 oculis
3565 690 3843 759 subjicitur
3867 710 3878 746 :
3901 707 3943 749 et

2406 782 2460 837 id
2494 785 2749 845 praeterea
2774 773 3128 847 signiﬁcatur,
3157 792 3329 834 annos
3354 779 3476 849 ejus
3504 780 3857 835 cmbolimmos
3878 783 3941 834 di-

2408 882 2595 922 versos
2616 869 2683 923 ab
2705 867 3034 941 Hippolyteis
3054 869 3229 944 luisse
3250 889 3264 939 ς
3288 871 3725 941 quandoquidem
3741 873 3939 941 primus,

2410 963 2637 1023 quartus
2674 965 2728 1009 et
2772 958 3033 1025 septimus
3069 958 3195 1011 anni
3238 958 3938 1031 octaeteridosllippolytca,

2411 1045 2522 1099 sint
2559 1046 2877 1101 embolimaei
2900 1063 2914 1111 ;
2936 1047 3052 1101 non
3076 1044 3286 1114 tertius,
3324 1058 3509 1105 sextus
3552 1058 3607 1105 et
3636 1059 3867 1113 octavus,
3896 1062 3941 1102 ut

2413 1134 2465 1189 iu
2504 1136 2603 1190 hac
2640 1136 3033 1206 Epiphaniam.
3062 1130 3247 1208 Neque
3286 1147 3463 1203 tamen
3503 1140 3636 1195 satis
3682 1141 3939 1210 colligitur,

2412 1241 2534 1279 cum
2565 1224 3067 1295 quo_Christi-anno
3091 1231 3495 1299 componendus
3513 1219 3600 1285 sit
3632 1230 3833 1299 primus
3856 1230 3939 1282 hu-

2408 1318 2500 1386 jus
2518 1318 2881 1373 -octaeteridos
2904 1333 3101 1380 annus,
3134 1319 3235 1375 nisi
3262 1328 3445 1374 certus
3465 1320 3664 1389 aliquis
3695 1321 3941 1374 character

2415 1407 2750 1462 adhibeatur.
2800 1401 3225 1465 Caterumearn
3276 1410 3329 1463 in
3380 1425 3483 1465 usu
3535 1410 3771 1464 maxime
3799 1408 3940 1465 fuisse

2415 1499 2603 1568 primis
2636 1499 2890 1555 Ecclesiae
2930 1488 3277 1569 temperibus,
3330 1502 3516 1555 saltem
3553 1509 3677 1569 post
3709 1498 3809 1553 200
3840 1502 3938 1569 plus

2416 1582 2614 1643 minus
2645 1589 2847 1643 Christi
2892 1604 3116 1653 annum,
3150 1591 3258 1643 duo
3295 1606 3363 1644 ex
3396 1591 3499 1645 hoc
3526 1589 3805 1660 Epiphanii
3844 1595 3940 1647 loco

2417 1676 2688 1731 evincunt.
2716 1676 2900 1733 Primo
2920 1718 2935 1743 ,
2964 1680 3105 1746 quod
3130 1678 3463 1747 Epiphanius
3482 1682 3672 1736 contra
3693 1684 3941 1739 Audianos

2414 1765 2508 1819 hic
2530 1781 2694 1835 agens
2716 1782 2814 1836 pro
2844 1783 3031 1822 mense
3062 1769 3319 1837 paschali,
3344 1769 3486 1823 luna:
3516 1779 3764 1826 naturam
3789 1788 3845 1827 ea
3864 1790 3940 1827 ex-

2419 1856 2620 1925 plicare
2645 1858 2853 1922 maluit,
2876 1874 3037 1929 quam
3059 1845 3567 1917 enneadecaeteride‘
3583 1862 3937 1923 Alexandrina,

2419 1947 2668 2016 quamvis
2711 1959 2823 2002 tum
2852 1951 3086 2003 maxime
3117 1948 3171 2003 iu
3210 1949 3503 2015 Ecclesiam
3534 1950 3849 2006 Orientalem
3880 1952 3935 2005 ir-

2420 2046 2673 2105 repente,
2724 2039 2816 2094 sed
2850 2046 3012 2108 quam
3043 2028 3300 2105 Au‘dian’i,
3349 2049 3407 2095 ut
3441 2042 3809 2106 recentiorem,
3834 2043 3939 2110 reji-

2418 2129 2650 2183 ciebant.
2689 2116 2960 2196 Secundo,
3010 2146 3133 2185 nam
3174 2131 3227 2183 id
3272 2131 3566 2187 Catholicis
3618 2131 3934 2201 objicieham,

2416 2214 2555 2272 teste
2580 2220 2767 2273 eodem
2792 2218 3088 2289 Epiphanio
3115 2218 3202 2293 §q9
3230 2221 3309 2272 ;-Α
3334 2219 3685 2287 Constantini,
3704 2222 3937 2291 inquiunt,

2342 2382 2345 2385 λ
2422 2322 2667 2379 tempore,
2708 2320 2765 2364 ut
2795 2312 3126 2380 imperatoris
3171 2314 3429 2369 rationem
3458 2307 3745 2380 haberetis,
3786 2315 3935 2383 pater-

2420 2416 2540 2455 nam
2572 2403 2625 2455 in
2664 2402 2967 2455 celebrando
2992 2402 3244 2457 Paschate
3282 2406 3703 2466 consuetudinem
3753 2405 3935 2473 reliqui-

2419 2496 2553 2557 stis;
2606 2495 3269 2563 diemquechmmutastis,
3320 2478 3377 2546 ut
3408 2512 3493 2549 vos
3528 2496 3597 2547 ad
3636 2495 3929 2565 imperatoris

2420 2596 2602 2659 nutum
2641 2584 3099 2636 accommodaretis
3129 2600 3146 2636 :
3180 2596 3227 2638 et
3259 2602 3375 2641 cum
3407 2585 3600 2639 natalis
3637 2585 3932 2639 Constantini

2420 2675 2784 2735 celebraretur,
2834 2674 3108 2727 Paschatis
3158 2677 3412 2728 rationem
3440 2676 3777 2728 immutastis.
3824 2672 3935 2725 Prat-

2420 2774 2660 2820 cesserat
2700 2764 2860 2833 igitur
2904 2764 3039 2818 alios
3065 2764 3496 2817 Christianorum
3532 2763 3712 2831 cyclos
3736 2768 3934 2815 oetaetrz

2420 2857 2527 2918 ris;
2559 2856 2673 2908 ideo
2703 2870 2733 2907 a
2776 2854 3023 2911 Patr-ibus
3057 2854 3287 2913 Nicaznis
3319 2854 3544 2919 ahjccta,
3585 2853 3722 2920 quod
3746 2867 3773 2904 a
3798 2851 3931 2903 ratu».

2423 2946 2581 2998 nibus
2628 2936 2771 2998 veris
2809 2946 2949 2997 lunae
2996 2943 3265 3011 sesquidie
3302 2944 3529 2996 deiicere
3557 2943 3831 3004 videretur,
3856 2956 3957 3009 ge-~

2423 3036 2621 3088 minata
2651 3035 2820 3089 solido
2851 3033 3045 3087 triduo.

2782 3163 2915 3218 XIII.
2954 3166 3194 3233 Aliorum
3226 3165 3362 3233 apud
3395 3166 3611 3219 Bedam.

2493 3298 2674 3363 Sexto,
2706 3313 2804 3353 nec
2827 3307 3031 3353 tantum
3068 3299 3255 3367 primis
3289 3299 3395 3353 illis
3426 3297 3675 3353 Ecclesia:
3709 3294 3925 3364 tempori~

2420 3388 2522 3444 bus
2552 3391 2616 3443 ad
2665 3406 2822 3443 usum
2862 3388 3139 3442 Paschalis
3176 3390 3411 3442 adhibita
3444 3398 3525 3444 est
3556 3382 3865 3453 cataractis;
3889 3384 3932 3437 iu

2420 3497 2540 3535 sera
2582 3482 2743 3534 etiam
2790 3481 2983 3534 smcula
3024 3480 3356 3533 inveteravit.
3404 3479 3494 3533 Sic
3541 3480 3684 3534 enim
3719 3475 3847 3530 Beda
3873 3473 3932 3525 De

2422 3564 2621 3619 ratione
2655 3580 2834 3636 temp.,
2887 3561 3007 3637 cap.
3059 3568 3126 3620 H
3160 3586 3189 3633 :7
3223 3569 3407 3621 Verum
3449 3571 3611 3621 etiam
3652 3581 3778 3621 nunc
3817 3571 3932 3626 sunt,

2419 3661 2506 3724 qui
2534 3658 2660 3710 solis
2688 3662 2803 3710 octo
2836 3675 3030 3723 annos,
3062 3659 3274 3711 totidem
3309 3656 3461 3710 anuis
3486 3659 3752 3712 lunaribus
3778 3662 3933 3725 putent

2420 3748 2622 3797 dierum
2657 3748 2955 3809 tequalitate
2985 3749 3237 3811 componi.
3276 3740 3491 3799 “eiulat
3523 3762 3618 3800 eos
3641 3747 3727 3800 ille
3752 3747 3936 3815 quidem

2422 3844 2475 3887 et
2517 3845 2659 3888 recte
2712 3854 2724 3887 :
2774 3837 2864 3889 sed
2911 3850 3009 3887 nos
3056 3838 3218 3889 etiam
3260 3838 3413 3889 docet
3445 3836 3816 3889 octacteridem
3846 3836 3935 3902 jam

2424 3926 2546 3977 inde
2586 3926 2651 3978 ab
2681 3941 2822 3980 anno
2852 3926 3049 3979 Christi
3089 3926 3291 3995 vulgari
3333 3926 3457 3991 ἓξὲξ,
3504 3941 3599 3979 aut
3627 3927 3780 3979 etiam
3805 3928 3938 3980 citius

2423 4026 2772 4083 usurpatam,
2825 4016 2890 4068 ad
2936 4016 3036 4069 Sua
3098 4032 3265 4084 usque
3325 4026 3588 4083 tempora,
3631 4032 3723 4070 seu
3765 4030 3935 4069 annum

2422 4107 2619 4159 Christi
2660 4106 2759 4157 720
2791 4115 2883 4159 aut
2933 4104 3033 4157 750
3060 4146 3073 4171 ,
3118 4121 3145 4157 a
3181 4105 3501 4173 quibusdam
3546 4104 3937 4174 pertinacissime

2421 4209 2816 4251 conservatam.
3900 4204 3903 4207 λ

2378 4384 2379 4391 η
2422 4346 2560 4400 XIV.
2603 4332 2710 4399 Cur
2752 4346 3169 4400 Christianorum
3214 4347 3567 4415 antiquissimi
3606 4359 3753 4401 actae
3772 4348 3939 4400 eridem

2558 4417 2731 4483 potius
2762 4433 2916 4483 quam
2944 4416 3474 4469 enneadecaeteridem
3510 4418 3823 4484 su/Iecerint.

2493 4550 2603 4603 Cur
2632 4560 2806 4604 autem
2839 4550 3265 4605 Christianorum
3303 4550 3388 4604 isti
3417 4553 3808 4621 antiquissimi,
3835 4565 3938 4605 cum

2426 4640 2728 4704 paschalem
2756 4638 3063 4692 Judzrorum
3089 4640 3295 4707 cyclum
3330 4642 3441 4709 jam
3487 4656 3775 4696 erroneum
3810 4641 3939 4693 deus.

2426 4743 2543 4780 rere
2574 4738 2625 4780 et
2669 4728 2773 4779 alio
2811 4731 3070 4796 castigare
3109 4730 3331 4791 vellent.
3380 4733 3754 4786 octaeteridem
3785 4730 3937 4800 potius

2425 4834 2585 4885 quam
2631 4817 3189 4877 criticadccaetcridem
3238 4822 3566 4887 suffecerint,
3612 4823 3777 4878 facilis
3826 4836 3935 4873 con-

2421 4910 2627 4977 jectura
2660 4918 2757 4961 est.
2799 4907 3034 4962 Primum
3071 4912 3211 4964 enim
3244 4913 3313 4967 ab
3340 4914 3641 4966 notioribus
3671 4923 3723 4966 et
3760 4910 3931 4964 facilio-

2424 5002 2573 5055 ribus
2617 5002 2749 5055 solct
2785 5011 2972 5055 natura
3016 5006 3330 5071 procedere;
3364 5004 3667 5071 cujusmodi
3700 5012 3774 5057 est
3801 5014 3929 5056 com-

2425 5095 2697 5162 paratione
2775 5094 3308 5153 enneadecacteridos
3381 5094 3683 5149 octaeteris.
3758 5093 3926 5148 Deinde

2422 5186 2703 5241 octaeteris
2742 5201 2864 5239 cum
2902 5185 3113 5241 duobus
3141 5188 3298 5240 annis
3333 5186 3691 5242 hissextilibus
3711 5187 3842 5260 p'aria
3860 5185 3925 5238 fa-

2422 5278 2514 5340 cit,
2544 5293 2713 5346 eoque
2741 5278 3038 5333 litterarum
3073 5260 3483 5330 Dominicalium.
3509 5277 3739 5344 aliquam
3766 5277 3923 5333 saltem

2425 5370 2615 5424 seriem
2647 5372 2857 5436 retinet,
2888 5370 3032 5422 nulla
3055 5376 3197 5422 certe
3218 5367 3422 5421 ratione
3452 5368 3653 5425 turbat.
3680 5360 3923 5422 Enneadec

2424 5462 2647 5515 caeteris
2672 5463 2807 5515 ultra
2835 5469 3067 5529 quatuor
3083 5458 3402 5521 bissestllcs,
3430 5466 3534 5513 tres
3564 5469 3759 5521 tantum
3780 5469 3921 5509 annos

2427 5552 2642 5621 insuper
2690 5552 2925 5615 obtinet;
2977 5562 3148 5616 eoque
3194 5547 3490 5621 litterarum
3552 5547 3915 5608 Dominicaliuw

854 5718 929 5789 (Ξ)
956 5717 1176 5776 Videtur
1197 5720 1472 5781 legendum
1500 5722 1620 5778 365.
1649 5722 1878 5777 "causa.
1899 5746 1949 5761 ι-
1979 5721 2051 5775 Ita
2078 5724 2368 5779 enimvero.
2404 5722 2531 5780 Vide
2581 5725 2846 5805 Valesiani
2886 5723 2935 5777 in
2969 5723 3107 5777 hunc
3129 5722 3328 5783 locum.
