4098 6362
654 393 750 447 9H

1402 392 1685 449 APPEND.
1724 392 1814 447 AD
1851 391 2123 447 PARTEM
2161 390 2201 444 ll
2240 390 2517 448 OPERULI
2557 390 2613 446 S.
2654 390 3025 446 HIPPOLYTI.

3709 400 3813 455 912

654 505 988 561 mendacium
1027 507 1277 578 diligent,
1312 498 1572 563 monachi
1610 517 1860 578 expetent
1898 522 2015 578 qua
2059 516 2185 563 sunt
2210 525 2259 581 Α
2281 508 2472 579 γόητες
2503 506 2596 561 ἀνθ

2257 508 2472 579 ,γόητες
2503 506 2790 577 ἄνθρωποι,
2824 509 3149 581 φθοροποιοὶ,
3184 514 3479 575 κακοποιοὶ,
3506 512 3812 585 ψευδόμενοι

652 595 860 664 mundi,
906 597 1095 652 divites
1124 598 1361 652 animum
1388 608 1656 668 expertem
1684 598 2060 653 misericordia
2097 599 2180 652 in-

651 685 837 748 duent,
882 686 1099 754 pauperi
1129 702 1232 740 non
1263 694 1577 742 succurrent
1616 688 1907 757 principes,
1932 694 2179 756 potentes

649 778 1022 851 miserationes
1050 778 1549 849 abjicient,_judices
1582 778 1787 848 justum
1831 777 2074 832 auferent
2113 792 2178 831 ex

644 867 815 939 justo,
830 870 1243 940 muneribusque
1259 871 1511 925 excacati
1522 871 1833 939 injustitiam
1852 869 2176 939 probabunt.

2282 599 2401 651 κατ’
2429 596 2687 669 ἀλλήλων,
2727 600 2919 668 μοιχοὶ,
2950 600 3154 670 πόρνοι,
3189 602 3450 671 ἅρπαγες,
3478 602 3808 668 πλεονέκται,

2280 688 2549 760 ἐπίορκοι,
2598 689 2902 755 κατάλαλοι,
2929 690 3193 761 ἀλλήλους
3234 691 3510 762 μισοῦντες
3565 692 3693 765 (78).
3747 694 3812 747 οι

2280 781 2533 850 ποιμένες
2574 780 2648 843 ὼς
2683 780 2832 835 λύκοι
2875 784 3216 853 γενήσονται·
3246 785 3294 835 oi
3341 786 3502 854 ἱερεῖς
3540 784 3599 836 τὸ
3620 783 3813 853 ψεῦδος

2282 870 2609 925 ἀσπάσονται
2632 888 2644 902 ·
2674 872 2722 925 οἱ
2748 873 2965 943 μοναχοὶ
2993 871 3100 943 (79)
3125 872 3191 926 τὰ
3215 873 3306 925 τοῦ
3330 875 3529 944 κόσμου
3554 874 3813 945 ποθήσον-

652 980 761 1018 σιν·
790 968 839 1020 οί
866 966 1098 1019 πλούσιοι
1124 966 1452 1036 ἀσπλαχνίαν
1470 966 1769 1042 ἐνδῦσονται
1789 985 1802 997 ο
1831 968 1879 1017 οἱ
1908 966 2160 1036 ἄρχοντες
2178 964 2376 1035 πτωχῷ
2414 967 2475 1018 οὐ
2524 958 2892 1058 βοηθήσουσιν,
2944 968 2992 1020 oi
3034 966 3279 1020 δυνάσται
3325 968 3631 1038 οἰκτιρμοὺς
3679 970 3787 1021 ἀπο

649 1054 930 1110 δαλοῦνται
950 1073 964 1086 ·
990 1058 1038 1109 oi
1062 1057 1241 1127 κριταὶ
1255 1056 1316 1108 τὸ
1352 1056 1552 1109 δίκαιον
1572 1058 1636 1109 ὲκ
1682 1055 1773 1109 τοῦ
1816 1056 2021 1108 δικαίου
2061 1054 2268 1125 ἀροῦσι,
2298 1057 2527 1120 καὶτοῖς
2568 1055 2756 1129 δώροις
2786 1054 3217 1129 ἑκέυφλούμενοι,
3250 1058 3455 1112 ἀδικίαν
3494 1060 3815 1114 immem-

648 1168 756 1206 ται.

720 1244 851 1300 VIII.
871 1245 1009 1311 Quid
1026 1262 1187 1301 narro
1205 1261 1325 1316 qua
1345 1246 1471 1301 ﬁent
1490 1248 1556 1299 ab
1579 1246 1905 1313 hominibus,
1925 1261 2044 1300 cum
2066 1246 2179 1316 ipsa

646 1335 809 1388 etiam
827 1337 1088 1391 elementa
1114 1338 1354 1391 ordinem
1381 1351 1534 1390 suum
1564 1337 1671 1390 sint
1692 1346 1944 1404 negatura
1963 1336 1985 1389 ?
2002 1334 2180 1389 Terra

646 1435 823 1480 motus
840 1433 997 1481 erunt
1016 1440 1108 1496 per
1128 1441 1315 1481 omnes
1334 1426 1598 1488 civitates,
1618 1425 1928 1494 pestilentia
1952 1439 2047 1493 per
2071 1439 2181 1478 om-

646 1530 742 1570 nes
757 1516 1016 1587 regiones,
1034 1515 1266 1570 tonitrua
1291 1517 1406 1570 sine
1431 1524 1611 1577 mouo,
1635 1498 1895 1569 horrenda
1938 1513 2173 1584 fulgura,

642 1621 764 1676 qua
773 1606 961 1662 domos
972 1622 1232 1677 agrosque
1242 1616 1483 1670 exurent;
1498 1607 1738 1675 procella
1748 1615 2044 1675 ventorum,
2058 1620 2177 1675 qua

2346 1244 2479 1299 Vill.
2509 1245 2616 1298 Kal
2646 1244 2699 1297 τί
2729 1245 2867 1313 λέγω
2908 1246 3031 1317 περὶ
3057 1244 3352 1317 ἀνθρώπων
3392 1242 3519 1313 (80),
3551 1243 3684 1295 ὅπου
3719 1243 3817 1295 καὶ

2275 1322 2411 1389 αὗτά
2456 1336 2524 1389 τά
2578 1340 2808 1407 στοιχεῖα
2856 1321 2952 1407 τὴν
3010 1336 3211 1389 οἰκείαν
3258 1332 3407 1397 τάξιν
3464 1334 3810 1405 ἀρνήσονταν

2274 1428 2483 1498 σεισμοὶ
2510 1427 2648 1480 κατά
2672 1424 2851 1481 ’πᾶσαν
2878 1427 3046 1491 πόλιν,
3074 1411 3246 1496 λοιμοὶ
3286 1425 3377 1477 ἐπὶ
3399 1426 3574 1477 πᾶσαν
3600 1422 3809 1495 χώραν,

2276 1518 2494 1589 βρονταὶ
2526 1515 2751 1589 ἄμετροι
2782 1518 2889 1587 (81)
2931 1513 3273 1586 messem
3317 1515 3607 1585 ἀστραπαὶ,
3634 1514 3813 1577 οίκους

2274 1609 2365 1663 καὶ
2408 1609 2605 1681 ἀγροὺς
2649 1607 3052 1662 κατακαίουσαιο
3095 1605 3399 1683 καταιγίδες
3441 1604 3675 1673 ἀνέμων,
3713 1604 3812 1675 τὴν

644 1706 841 1753 terram
863 1715 925 1754 ac
942 1716 1087 1754 mare
1104 1716 1220 1756 sme
1248 1700 1406 1753 modo
1422 1706 1570 1767 pertu
1580 1698 1835 1764 rbabunt;
1856 1708 2008 1752 terra
2024 1697 2174 1751 steri‘.
2207 1694 2247 1709 "
2270 1701 2373 1769 γῆν
2402 1698 2599 1770 καὶντὴπ

2270 1701 2373 1769 γῆν
2402 1698 2616 1770 καὶντὴν
2645 1699 2912 1752 θάλασσαν
2949 1698 3196 1767 ἀμέτρως
3240 1694 3685 1766 ἐκταράσσουσαι,
3712 1694 3809 1763 τῆς

644 1789 839 1855 litates,
852 1792 1059 1846 sonitus
1075 1790 1260 1853 maris,
1282 1789 1630 1844 intolerabilis
1652 1790 1939 1843 commotio
1954 1789 2021 1842 ob
2041 1789 2173 1843 inte-

642 1881 806 1935 ritum
830 1889 937 1936 tam
960 1882 1255 1935 animarum
1275 1894 1433 1949 quam
1456 1879 1764 1945 hominum;
1789 1880 1938 1949 signa
1961 1882 2012 1933 in
2036 1882 2167 1944 sole,

644 1974 794 2041 signa
823 1972 877 2025 in
906 1972 1051 2037 luna,
1094 1972 1323 2026 siderum
1347 1973 1412 2026 de
1434 1974 1517 2026 via
1539 1971 1879 2035 deﬂexiones,
1912 1971 2170 2039 angustia

642 2064 899 2134 gentium,
922 2062 1062 2118 aeris
1086 2064 1445 2132 intemperies,
1463 2063 1735 2132 grandinis
1746 2063 2064 2117 emissiones
2086 2078 2171 2116 su-

637 2169 734 2223 per
752 2152 938 2207 faciem
961 2162 1144 2218 terra;
1172 2153 1374 2207 hiemes
1398 2152 1728 2214 inordinata,
1751 2151 1945 2220 glacies
1967 2150 2049 2204 sui
2066 2150 2171 2204 dis-

641 2244 858 2308 similis,
883 2243 1221 2311 ardoreSIqui
1252 2243 1425 2297 sedari
1450 2251 1732 2311 nequeant,
1762 2241 2034 2308 repentina
2065 2239 2165 2294 ful-

635 2320 810 2398 mina,
836 2334 1105 2398 inSperata
1138 2332 1415 2397 incendia;
1443 2341 1516 2394 et,
1561 2340 1618 2383 ut
1662 2331 1823 2384 semel
1850 2330 2044 2393 dicam,
2077 2346 2166 2397 κει

636 2424 802 2477 mitus
870 2432 925 2475 et
983 2422 1223 2490 planctus
1284 2423 1542 2475 universa
1593 2431 1743 2473 terra
1800 2419 2166 2473 consolatione

630 2509 887 2563 carentis.
923 2507 1006 2561 Ea:
1033 2524 1131 2577 quo
1162 2510 1298 2562 enim
1332 2508 1665 2561 abundaverit
1702 2509 1969 2577 iniquitas,
2008 2507 2161 2574 refri-

634 2609 799 2671 gescet
848 2601 1074 2653 clmritas
1124 2601 1404 2653 multorum
1445 2600 1510 2653 ⁸⁸.
1562 2598 1869 2667 Propterea,
1906 2599 2163 2653 Dominus

634 2689 867 2743 universi
907 2688 1097 2743 horum
1149 2689 1386 2742 omnium
1432 2689 1825 2742 ﬂuctuationem
1874 2698 1927 2742 et
1969 2688 2163 2742 contu-

633 2780 838 2835 sionem
868 2780 1062 2834 clamat
1092 2794 1183 2846 per
1211 2776 1578 2848 Evangelium,
1610 2780 1791 2833 dicens
1825 2798 1836 2831 :
1880 2778 2073 2843 Videte,
2105 2794 2165 2831 ne

634 2871 971 2923 seducamini.
1002 2869 1158 2923 Multi
1195 2871 1332 2923 enim
1364 2870 1559 2921 venient
1603 2871 1657 2921 in
1701 2872 1903 2922 nomine
1936 2886 2044 2921 meo
2088 2870 2167 2922 di-

2268 1791 2369 1861 γῆς
2416 1791 2697 1861 ἀκαρπίαι,
2729 1790 2994 1859 θαλάσσης
3022 1784 3171 1856 ἦχος,
3205 1787 3297 1841 καὶ
3342 1785 3501 1849 σάλος
3542 1774 3803 1856 ἀφόρητος

2268 1881 2373 1935 ἀπὸ
2427 1880 2607 1952 ψυχῶν
2657 1882 2749 1935 καὶ
2785 1867 3067 1942 ’ἀπωλείας
3114 1877 3443 1949 ἀνθρώπων·
3502 1880 3690 1946 σημεῖα
3740 1878 3796 1927 ἐν

2265 1974 2417 2045 ἡλίῳ,
2451 1976 2645 2044 σημεῖα
2677 1976 2731 2026 ὲν
2766 1972 2979 2043 σελήνῃ.
3009 1970 3221 2040 ἄστρων
3255 1968 3618 2040 παρατροπαὶ,
3648 1982 3794 2018 συνο-

2266 2067 2355 2136 χαὶ
2407 2058 2569 2117 ἐθνῶν
2596 2104 2610 2126 ,
2657 2064 2829 2135 ἀέρων
2868 2060 3150 2132 ἀκρασίαι,
3196 2060 3433 2130 χαλάζης
3470 2058 3665 2128 βολίδες
3709 2055 3795 2107 ἐπὶ

2265 2154 2549 2227 προσώπου
2587 2156 2681 2225 τῆς
2720 2155 2839 2223 γῆς,
2874 2152 3133 2222 χειμῶνος
3169 2151 3401 2216 άταξίαι,
3439 2150 3663 2217 παγετοὶ
3692 2146 3802 2201 διά-

2265 2266 2415 2318 φοροι
2460 2248 2588 2318 (82),
2627 2246 2899 2305 καύσωνες
2946 2240 3378 2310 ἀπαραμύθητοι,
3434 2239 3689 2310 κεραυνοὶ
3724 2239 3804 2291 αἱ-

2264 2325 2473 2405 φνίδιοι,
2515 2334 2828 2405 ἐμπρησμοὶ
2857 2331 3120 2400 ἀδόκητοι,
3151 2331 3240 2381 καὶ
3270 2327 3591 2394 ἁπαξαπλῶς
3628 2327 3802 2396 πάσης

2262 2429 2359 2497 τῆς
2386 2428 2486 2497 γῆς
2521 2426 2712 2495 θρῆνος
2756 2425 2848 2475 καὶ
2879 2422 3121 2484 κοπετὸς,
3164 2420 3507 2490 παραμυθίαν
3539 2419 3613 2489 μὴ
3652 2417 3806 2488 ἐχού-

2265 2533 2378 2588 σης.
2407 2519 2498 2569 Ἐκ
2518 2517 2625 2585 γὰρ
2648 2515 2750 2567 τοῦ
2774 2511 3184 2581 πληθυνθῆναι
3216 2511 3328 2577 τὴν
3361 2510 3643 2578 ἁμαρτίαν
3669 2506 3806 2577 (85),

2261 2606 2594 2675 ψυγήσεται
2646 2606 2683 2672 νὴ
2733 2603 2929 2671 ἀγάπη
2976 2601 3093 2655 τῶν
3145 2599 3405 2653 πολλῶν.
3455 2600 3549 2651 Διά
3593 2597 3808 2649 τούτων

2264 2698 2508 2750 ἁπάντων
2538 2698 2636 2766 τὴν
2664 2696 2846 2763 ζάλην,
2872 2694 2967 2763 τὴν
2989 2691 3230 2755 ἀταξίαν,
3263 2693 3290 2743 6
3313 2690 3506 2761 Κύριος
3538 2687 3631 2741 τοῦ
3659 2701 3810 2739 mv-

2259 2788 2369 2851 τὸς,
2396 2786 2481 2840 διὰ
2528 2788 2622 2840 τοῦ
2667 2783 2992 2854 Εὑαγγελίου
3032 2784 3132 2853 βοᾷ
3178 2783 3383 2847 λέγων’
3414 2780 3673 2834 Βλέπετε
3714 2778 3804 2847 μὴ

2261 2878 2626 2946 πλανηθῆτε·
2669 2876 2879 2931 πολλοὶ
2911 2876 3018 2945 γὰρ
3048 2874 3399 2926 ἐλεύσονται
3418 2871 3518 2923 ἐπὶ
3544 2869 3628 2935 τῷ
3670 2873 3804 2925 όνόο

632 2970 800 3016 centes
822 2978 840 3014 :
866 2960 1001 3026 Quia
1028 2978 1118 3029 ego
1142 2977 1274 3027 sum,
1303 2970 1351 3013 et
1379 2971 1572 3028 tempus
1605 2962 2050 3029 appropinquavit.
2081 2960 2161 3015 Ne
2186 2980 2227 3035 ς
2253 2970 2394 3041 ματι
2427 2984 2545 3037 μου
2579 2977 2599 3020 4

2257 2970 2394 3041 ματι
2427 2984 2545 3037 μου
2579 2967 2854 3036 λέγοντες
2888 2967 2987 3030 ὅτι,
3031 2963 3175 3034 Ἐγώ
3200 2964 3333 3029 ειμι,
3377 2960 3472 3011 καὶ
3516 2962 3551 3012 ὁ
3597 2960 3799 3027 καιρὸς
3852 3026 3857 3029 ἱ

633 3050 951 3104 seducamini
996 3051 1156 3119 igitur
1197 3060 1313 3120 post
1352 3068 1457 3104 eos.
1502 3051 1632 3105 Cum
1676 3061 1848 3104 autem
1892 3052 2161 3105 audieritis

632 3139 770 3195 bella
810 3151 859 3192 et
898 3140 1274 3207 dissensiones,
1318 3142 1475 3196 nolite
1524 3143 1720 3195 terreri.
1770 3132 1981 3210 Oportet
2025 3143 2160 3195 enim

628 3229 854 3305 primum
876 3234 982 3283 hac
1011 3230 1124 3298 ﬁeri
1156 3245 1173 3281 :
1200 3231 1288 3283 sed
1310 3247 1408 3282 non
1433 3234 1607 3283 statim
1628 3232 1746 3299 ﬁnis
1782 3234 1847 3283 ⁵⁸.
1875 3229 2173 3286 Videamus

627 3323 791 3377 uerba
840 3319 1173 3388 Salvatoris,
1212 3322 1659 3392 quemadmodum
1700 3322 1764 3375 ad
1810 3339 1909 3377 nos
1952 3336 2159 3390 semper

628 3412 1024 3467 conﬁrmandos
1067 3412 1375 3482 praceperit
1426 3430 1440 3465 :
1478 3411 1674 3475 Videte,
1716 3428 1775 3464 ne
1820 3414 2155 3466 seducamini.

626 3498 787 3555 Πιιηὶ
805 3504 939 3554 enim
961 3503 1157 3554 venient
1180 3503 1233 3554 in
1260 3504 1461 3557 nomine
1488 3518 1595 3554 meo
1617 3502 1859 3567 dicentes,
1883 3500 1991 3570 Ego
2018 3518 2153 3555 sum.

696 3770 785 3823 IX.
810 3770 942 3825 Nam
980 3779 1332 3841 posteaquam
1361 3771 1472 3838 ipse
1495 3780 1799 3838 assumptus
1843 3780 1925 3825 est
1957 3771 2021 3825 ad
2050 3770 2150 3825 Pa-

629 3872 784 3924 trem,
820 3870 1164 3914 surrexerunt
1190 3862 1404 3929 quidam
1430 3860 1700 3922 dicentes:
1726 3859 1836 3928 Ego
1859 3876 1975 3915 sum
1996 3860 2122 3915 Chri

628 3964 762 4017 stus,
793 3961 850 4005 ut
876 3950 1058 4004 Simon
1084 3950 1294 4018 Magus,
1330 3962 1381 4003 et
1414 3948 1640 4016 reliqui,
1675 3964 1903 4017 quorum
1935 3951 2148 4002 nomina

2265 3060 2488 3129 ἤγγικε.
2516 3056 2607 3124 Μὴ
2642 3052 2753 3110 οὖν
2778 3051 3115 3119 πλανηθῆτε
3154 3052 3340 3104 ὀπίσω
3374 3048 3589 3103 αὐτῶν.
3630 3051 3790 3105 Ὅταν

2251 3152 2319 3206 δὲ
2364 3152 2658 3214 ἀκούσητε
2702 3144 2994 3210 πολέμους
3049 3143 3145 3195 καὶ
3202 3141 3685 3206 ἀκαταστασίας,
3712 3140 3790 3209 μὴ

2254 3238 2545 3306 πτοηθῆτε
2592 3236 2721 3305 (84).
2765 3234 2857 3287 Δεῖ
2887 3234 2992 3302 γὰρ
3031 3233 3212 3287 ταῦτα
3246 3231 3515 3300 γενέσθαι
3543 3232 3794 3299 πρῶτον,

2252 3332 2386 3385 ἀλλ’
2427 3330 2535 3383 οὐκ
2564 3327 2738 3391 εὐθὺς
2774 3324 2879 3395 (85)
2917 3323 2984 3375 τὸ
3016 3324 3205 3387 τέλος.
3236 3322 3511 3391 Μάθωμεν
3560 3321 3651 3374 τοῦ
3680 3322 3797 3374 Σω-

2252 3420 2413 3487 τῆρος
2452 3416 2541 3469 τὸν
2583 3415 2755 3481 λόγον,
2786 3412 2899 3474 πῶς
2941 3411 3025 3464 διά
3070 3409 3263 3472 παντὸς
3303 3409 3611 3477 ἀσφαλίζων

2262 3506 2589 3579 παρήγγειλε
2622 3504 2747 3576 (86).
2782 3502 3039 3556 Βλέπετε
3060 3500 3143 3569 μὴ
3184 3499 3544 3569 πλανηθῆτε.
3574 3500 3797 3555 Πολλοὶ

2256 3598 2365 3666 γὰρ
2383 3598 2724 3650 ἐλεύσονται
2747 3594 2841 3647 ἐπὶ
2872 3592 2951 3657 τῷ
2973 3592 3209 3659 ὀνόματί
3230 3607 3344 3659 μου
3370 3591 3666 3659 λέγοντες,
3691 3590 3796 3652 ὅτι,

2261 3685 2405 3755 Ἐγώ
2428 3686 2562 3753 ειμι.
2588 3678 2591 3681 λ
3272 3673 3282 3679 ’

2324 3778 2417 3831 IX.
2450 3779 2557 3832 Kal.
2586 3775 2691 3846 γὰρ
2718 3772 2851 3844 μετά
2880 3770 2940 3822 τὸ
2966 3766 3328 3836 ἀναληφθῆναι
3351 3765 3508 3818 αὐτὸν
3542 3765 3674 3833 πρὸς
3698 3764 3793 3816 τὸν

2256 3870 2492 3937 Πατέρα,
2528 3864 2821 3932 ἀνέστησάν
2852 3877 2991 3923 τινες
3032 3857 3297 3930 λέγοντες,
3328 3856 3447 3907 Ὅτι
3470 3854 3580 3922 ἐγώ
3607 3858 3731 3937 είμι
3760 3855 3797 3906 6

2256 3936 2485 4031 Χριστὸς
2504 3996 2518 4019 ,
2550 3955 2727 4015 καθὼς
2762 3953 2937 4021 Σίμων
2965 3952 2991 4002 6
3032 3949 3217 4015 Μάγος
3236 3987 3251 4011 ,
3286 3947 3378 3998 καὶ
3407 3946 3453 3997 οἱ
3496 3944 3688 4007 λοιποὶ,
3716 3936 3796 3997 ὧν

626 4043 827 4099 referre
870 4058 974 4097 non
1029 4050 1112 4096 est
1159 4042 1319 4109 hujus
1369 4042 1643 4111 temporis.
1688 4039 1866 4105 Quare
1912 4050 2151 4093 extremo
2185 4063 2227 4117 ι)
2256 4048 2354 4099 οὐχ
2384 4044 2497 4096 ἐστι
2532 4059 2599 4095 κα

2257 4048 2354 4099 οὐκ
2384 4044 2497 4096 ἐστι
2532 4042 2716 4112 καιρὸς
2751 4040 2872 4109 ἄρτι
2903 4039 2971 4091 τὰ
3003 4038 3237 4106 ὀνόματα
3282 4032 3663 4107 μνημονεῦσαι.
3694 4032 3799 4087 Διὺ

626 4133 787 4185 etiam
812 4132 897 4186 die
924 4131 1403 4210 consummationis
1443 4146 1730 4201 exsurgere
1762 4131 1938 4184 denuo
1966 4129 2155 4183 debent

625 4222 1016 4290 pseudochristi
1046 4223 1145 4275 viri
1164 4222 1254 4291 qui
1286 4224 1494 4276 dicant:
1524 4222 1632 4293 Ego
1653 4237 1771 4275 sum
1796 4220 2073 4284 Christus;
2104 4229 2155 4273 et

626 4315 878 4368 scducent
896 4313 1213 4381 complures.
1229 4310 1472 4380 Plerique
1488 4315 1727 4367 homines
1741 4313 2076 4367 cursitabunt
2089 4311 2156 4365 ab

624 4406 830 4460 oriente
846 4404 911 4457 ad
932 4400 1260 4456 occidentem
1283 4418 1470 4470 usque,
1488 4412 1539 4456 et
1555 4406 1619 4455 ah
1639 4405 1887 4471 aquilone
1904 4418 2074 4472 usque
2088 4403 2154 4456 ad

624 4496 1041 4558 mare,dicentes
1064 4513 1077 4546 :
1106 4493 1206 4547 Ubi
1229 4495 1313 4547 hic
1330 4493 1606 4547 Christus?
1634 4493 1730 4546 Ubi
1756 4496 1859 4547 illic
1874 4494 2151 4547 Christus?

627 4584 730 4638 Sed
754 4585 845 4652 qui
868 4600 1002 4637 vana
1030 4585 1286 4652 sapientia
1310 4583 1536 4651 praediti,
1561 4597 1656 4634 nec
1677 4581 1954 4649 diligenter
1979 4582 2150 4649 legant

626 4676 951 4743 Scripturas,
995 4692 1091 4729 nec
1147 4685 1289 4730 recta
1344 4675 1612 4737 sentiant;
1667 4688 1858 4726 nomen
1916 4683 2151 4740 quarent

624 4767 768 4834 quod
800 4765 1037 4818 invenire
1072 4782 1175 4819 non
1203 4776 1467 4835 poterunt.
1504 4765 1721 4833 Oportet
1748 4764 1890 4817 enim
1919 4765 2149 4831 primum

694 4884 738 4914 “
762 4881 949 4935 Matth.
981 4897 1125 4943 niv,
1150 4884 1234 4936 12.
1313 4884 1357 4914 ⁸³
1390 4882 1517 4937 Luc.
1548 4899 1662 4947 ut,
1693 4883 1745 4943 8,
1780 4884 1831 4936 9.

700 5004 807 5072 (78)
841 5001 1010 5073 Verba
1044 5001 1293 5073 ἀλλήλους
1329 5002 1620 5069 μισοῦντες,
1650 5013 1702 5073 ιιι
1732 5018 1873 5065 mox,
1907 5004 1955 5055 οἱ
1986 5004 2146 5073 ίερεῖς

630 5070 688 5123 τὸ
708 5070 893 5136 ψεῦδος
922 5071 1267 5130 ἀσπάσονται,
1296 5076 1527 5136 supplevi
1558 5088 1621 5123 ex
1647 5072 1705 5123 Β.

701 5138 805 5221 (79)
837 5141 957 5194 Hac
988 5141 1052 5193 de
1078 5140 1352 5192 monachis
1373 5153 1483 5191 avo
1513 5138 1568 5190 S.
1599 5139 1862 5209 Hippolyti
1888 5156 1989 5193 non
2016 5155 2145 5193 con-

628 5222 860 5263 veniunt.

702 5278 809 5344 (80)
838 5278 909 5331 lta
948 5287 1089 5332 recte
1119 5278 1177 5339 B.
1221 5290 1314 5343 pro
1341 5276 1446 5327 ἀπὸ
1484 5276 1794 5346 ἀνθρώπων.
1827 5275 2022 5330 Ibidem
2057 5293 2143 5330 se-A

627 5348 808 5464 q’uiwr
835 5365 850 5424 _:
880 5350 970 5399 καὶ
1000 5348 1065 5400 τὰ
1090 5347 1321 5413 στοιχεῖα
1339 5346 1430 5412 τὴν
1471 5346 1598 5396 ἰδίαν
1623 5346 1769 5409 τάξιν
1806 5347 2141 5424 ἀρνῄσοντίαι.

679 5416 797 5464 erba
830 5418 951 5464 inde
977 5418 1114 5464 κατὰ
1156 5418 1332 5464 πᾶσαν
1365 5415 1513 5464 πόλιν
1541 5415 1713 5464 Minoi.
1755 5430 1871 5464 nua
1912 5432 1963 5464 in
1991 5418 2141 5464 editis

679 5416 797 5467 erba
830 5415 951 5469 inde
977 5418 1114 5469 κατὰ
1156 5418 1332 5467 πᾶσαν
1365 5415 1513 5465 πόλιν
1541 5415 1713 5481 λοιμο)⁹
1755 5430 1871 5482 qua
1912 5417 1963 5467 in
1991 5417 2145 5468 editis

628 5487 865 5545 aberant,
895 5499 957 5535 ex
982 5490 1162 5539 eodem
1190 5486 1307 5539 cod.
1345 5484 1598 5551 supplevi.
1760 5516 1765 5531 .

700 5553 805 5619 (8i)
840 5552 913 5604 Ita
952 5564 1088 5606 recte
1120 5557 1175 5607 Β.
1208 5570 1301 5622 pro
1345 5554 1529 5621 ἄνεμοι
1558 5551 1696 5622 quod
1733 5560 1845 5622 erat
1885 5552 1939 5604 in
1967 5552 2142 5607 editis.

625 5622 910 5675 Murenim
940 5621 1229 5688 sequuntur
1258 5626 1415 5675 verba
1442 5621 1745 5687 καταιγίδες
1778 5621 2005 5691 ἀνέμων,
2028 5637 2145 5691 qua

626 5694 679 5745 in
714 5692 801 5743 illo
824 5692 1000 5741 codice
1030 5702 1233 5744 existant
1260 5696 1438 5744 statim
1468 5698 1584 5759 post
1610 5690 1897 5759 ἀστραπαί.

696 5760 803 5832 (82)
838 5759 891 5813 In
924 5759 981 5813 B.
1017 5769 1099 5815 est
1131 5760 1583 5833 ἀδιάφοροινιυοίι
1621 5760 1787 5828 magis
1828 5759 2015 5829 placet,
2046 5775 2142 5815 n0-

2249 4138 2341 4190 καί
2371 4139 2428 4188 ἐν
2458 4138 2521 4205 τῇ
2566 4133 2764 4203 ἐσχάτῃ
2794 4131 2971 4201 ἡμέρᾳ
3005 4131 3100 4198 τῆς
3148 4125 3479 4188 συντελείας,
3514 4124 3591 4176 δεῖ
3623 4124 3797 4181 πάλιν

2249 4228 2536 4296 ἀναστῆναι
2570 4224 2677 4293 (87)
2700 4220 3103 4291 ψευδοχρίστους
3134 4218 3327 4287 ἄνδρας
3368 4216 3640 4283 λέγοντας,
3668 4214 3793 4267 Ὅτι

2248 4317 2358 4386 ἐγώ
2388 4320 2501 4386 εἰμι
2532 4318 2559 4368 ὁ
2604 4313 2858 4384 Χριστός·
2905 4311 2995 4361 καὶ
3037 4309 3259 4370 πολλοὺς
3292 4306 3645 4394 πλανήσουσι,
3678 4306 3797 4359 Καὶ

2250 4406 2429 4459 πολλοὶ
2460 4405 2566 4457 τῶν
2594 4401 2887 4472 ἀνθρώπων
2917 4398 3210 4469 δραμοῦσιν
3253 4395 3357 4449 ἀπὸ
3387 4396 3660 4449 ἀνατολῶν
3685 4395 3792 4457 ἓως

2250 4496 2495 4565 δυσμῶν,
2546 4497 2635 4547 καὶ
2672 4493 2776 4544 ἀπὸ
2825 4492 2993 4561 βορρᾷ
3029 4490 3129 4550 ἕως
3181 4488 3476 4557 Θαλάσσης,
3506 4486 3790 4554 λέγοντες·

2252 4588 2359 4639 Ποῦ
2398 4582 2496 4639 ὧδε
2543 4588 2571 4635 6
2618 4582 2878 4653 Χριστόςς
2936 4581 3042 4632 Ποῦ
3091 4583 3203 4632 ἐκεῖ
3248 4581 3275 4632 6
3324 4581 3588 4651 Χριστός;
3630 4576 3798 4630 Ἀλλὰ

2259 4678 2476 4746 μάταιον
2529 4678 2774 4747 φρόνημα
2817 4673 3155 4741 κεκτημένοι,
3189 4673 3399 4734 καὶτὰς
3434 4671 3651 4743 Γραφάς
3682 4670 3797 4736 ἐμ.»-

2260 4767 2429 4835 μελῶς
2448 4768 2545 4819 οὐκ
2567 4766 3035 4833 ἀναγινώσκοντες,
3056 4767 3152 4817 οὐκ
3169 4763 3299 4834 ὀρθὰ
3319 4761 3632 4832 φρονοῦντες
3649 4757 3797 4828 (88),

2247 5011 2427 5068 tatque
2454 5001 2646 5068 glacies
2678 5009 2875 5051 aterno
2905 4997 3101 5069 frigore
3146 5004 3481 5066 compactas,
3520 5006 3637 5060 qua
3670 5007 3797 5047 non

2249 5076 2438 5123 iterum
2474 5072 2626 5122 facile
2657 5069 2956 5123 solvuntur.

2320 5140 2426 5207 (85)
2472 5139 2609 5190 Idem
2657 5154 2781 5199 ms.,
2814 5138 2965 5207 ἔχων.
3022 5138 3105 5189 Ἑν
3145 5135 3251 5203 γὰρ
3297 5131 3373 5200 τῷ
3415 5128 3795 5199 πληθυνθῆναι

2249 5208 2632 5343 ἁνῗέἀῗῖἐὼιι
2664 5276 2785 5327 ὅταν
2814 5275 2867 5326 δὲ
2898 5290 3065 5343 usque
3098 5272 3160 5325 ad
3192 5266 3456 5336 πτοηθῆτε
3508 5268 3560 5319 in
3588 5267 3647 5318 B.
3686 5269 3796 5321 tle-

2250 5348 2571 5402 siderantur.
3456 5386 3457 5389 η

2320 5415 2428 5488 (85)
2456 5414 2553 5488 1d,,
2586 5415 2887 5488 ebeéwgtet
2916 5427 3035 5488 mna
3072 5409 3200 5488 μάθε
3232 5422 3327 5488 pro
3360 5405 3633 5488 μάθωμεν.

2302 5473 2430 5554 ’(86)
2478 5473 2573 5549 Idi,
2614 5473 2957 5552 ἀσφαλίζεται
2996 5473 3135 5548 ἡμᾶς
3171 5477 3259 5529 καὶ
3292 5474 3650 5545 παραγγέλλει
3699 5473 3799 5530 λὲ-

2255 5573 2426 5691 γυξέίῖ)
2467 5626 2555 5676 Δεῖ
2577 5619 2663 5677 οῦν
2696 5627 2751 5675 ὲν
2774 5641 2821 5674 τ.
2842 5638 2883 5671 ε.
2912 5636 2965 5686 η.
2992 5635 3042 5691 τ.
3070 5633 3116 5668 σ.
3157 5614 3307 5667 πάλιν
3336 5613 3647 5683 ἀναστῆναι,
3674 5612 3745 5672 Β.

2321 5688 2428 5767 (88)
2476 5692 2962 5766 Ὀρθοφρονοῦντες,
2992 5688 3047 5741 Β.
