4098 6362
216 464 321 522 9‘53

1253 462 1523 522 spuma.
1562 494 1633 508 —
1670 463 1760 520 ns
1796 464 1936 521 cxx
1969 454 2368 526 APOSTOLIS.

3302 474 3406 531 956

284 577 485 647 Θωμᾶς
515 576 571 631 δὲ
602 577 852 649 Πάρθοις,
883 578 1103 650 Μήδοις,
1149 578 1408 651 Πέρσαις,
1450 578 1758 650 Ὑρκανοῐς,

1936 582 2195 647 Thomas,
2229 600 2354 640 cum
2382 582 2619 652 Parthis,
2657 583 2847 650 Medis,
2876 584 3074 651 Persis,
3114 583 3404 657 Hyrcanis,
3444 660 3447 663 Α

218 667 505 740 Βακτροίς,
537 668 781 738 Μάργοις
809 665 921 740 (40)
952 668 1212 741 κηρύξας,
1236 669 1465 740 ἐλακήδη
1502 668 1614 741 (Η)
1652 670 1765 723 ἐλο-

214 759 446 830 γχιάσθη
480 761 592 823 τοίς
617 760 834 831 τέταρσι
867 759 1085 831 μέρεσιν
1131 749 1291 815 αὖτοῦ
1322 762 1380 815 ἐν
1411 762 1562 815 πόλει
1592 761 1766 818 Καλα-

218 850 362 921 μήνῃ
396 849 528 919 (42),
556 849 653 919 τῆς
694 850 941 921 Ἰνδικῆς,
971 852 1064 905 καὶ
1091 851 1353 906 θάπτεται
1383 853 1519 907 ἐκεῖ.

295 939 546 1003 Ἰάκωὸος
572 939 629 993 δὲ
669 939 936 1009 Ἁλφαίου,
969 940 1254 1013 κηρύσσων
1285 944 1343 995 ἐν
1382 941 1762 1013 Ἰερουσαλὴμ,

214 1030 317 1083 ὑπὸ
361 1030 624 1083 Ἰουδαίων
652 1032 1051 1099 καταλευσθεὶς,
1083 1034 1411 1108 ἀναιρεῖται,
1444 1036 1537 1089 καὶ
1564 1035 1761 1089 θάπτε-

211 1137 298 1172 ται
330 1122 448 1173 ἐκεῖ
477 1120 626 1192 παρὰ
647 1120 726 1192 τῷ
756 1122 887 1193 ναῷ.

290 1209 507 1279 Ἰούδας,
538 1213 568 1265 6
594 1213 687 1265 καὶ
720 1212 1000 1278 Λεϐϐαῖος,
1032 1212 1323 1277 Αίδεσινοτς
1349 1214 1442 1267 καὶ
1473 1213 1621 1285 πάσῃ
1648 1214 1761 1267 Με-

210 1302 516 1374 σοποταμίᾳ
555 1303 817 1376 κηρύξας,
847 1303 1111 1376 ἐκοιμήθη
1154 1306 1213 1357 ἐν
1243 1305 1488 1377 Βηρύτῳ,
1534 1306 1626 1357 καὶ
1664 1304 1759 1359 θά-

207 1410 404 1447 πτεται
433 1394 567 1448 ἐκετ.

276 1486 459 1556 Σίμων
486 1488 516 1541 6
541 1486 847 1557 Κανανίτης
889 1487 919 1541 6
947 1486 1039 1540 τοῦ
1073 1488 1297 1552 Κλωπᾶ,
1328 1489 1357 1541 6
1400 1487 1495 1541 καὶ
1533 1487 1757 1553 Ἰούδας,

210 1576 348 1647 μετὰ
386 1578 638 1632 Ἰάκωϐον
667 1578 759 1631 τὸν
781 1578 994 1631 Δίκαιον
1020 1578 1315 1641 ἐπίσκοπος
1340 1580 1627 1649 γενόμενος
1668 1580 1762 1631 Ἰε-

207 1667 540 1739 ροσολύμων,
585 1668 848 1740 ἐκοιμήθη
869 1706 884 1732 ,
915 1670 1009 1722 καὶ
1036 1667 1299 1724 θάπτεται
1339 1672 1472 1737 ἐκεῖ,
1510 1671 1675 1742 ζήσας
1707 1670 1761 1723 ἔ-

203 1776 272 1830 τη
309 1766 409 1830 ρκ’.
480 1804 483 1807 ,
1429 1799 1432 1802 .

273 1850 521 1914 Ματθίας
549 1850 607 1904 δέ
640 1845 720 1914 εἷς
759 1848 835 1904 ὣν
861 1850 968 1905 τῶν
999 1858 1061 1918 o’,
1096 1851 1610 1924 συγκαταριθμεῖται
1649 1854 1760 1918 τοῖς

1863 675 2089 739 Bactris,
2146 674 2345 745 Μαι-εἰσ
2388 674 2751 744 praedicasset,
2797 675 3031 729 abietina
3059 677 3240 730 lancea
3274 693 3408 744 qua-

1863 773 1986 819 tuor
2015 766 2098 818 sui
2128 766 2371 833 corporis
2398 766 2642 835 partibus
2671 765 2955 822 confossus
2975 776 3059 821 est
3076 767 3368 823 Calaminz
3387 807 3407 834 ,

1862 870 1983 924 qua:
2012 864 2095 909 est
2125 855 2255 909 urbs
2284 852 2464 920 India,
2495 854 2711 925 illicque
2737 856 3012 925 sepelitur.

1930 942 2163 996 Jacobus
2198 942 2404 1011 Alphaei
2431 942 2729 1012 praedicans
2760 942 3163 1014 Hierosolymis,
3200 945 3408 1013 lapida-

1862 1044 1949 1089 tus
1972 1049 2002 1087 a
2025 1032 2224 1106 Judaeis
2260 1034 2542 1101 occiditur,
2582 1034 2797 1105 illicque
2827 1050 2990 1106 prope
3020 1033 3277 1104 templum
3321 1051 3407 1089 se-

1860 1125 2073 1194 pelitur.

1927 1214 2122 1283 Judas,
2154 1214 2248 1285 qui
2294 1222 2349 1268 et
2392 1211 2670 1274 Lebbteus,
2720 1211 2811 1265 ubi
2845 1210 3040 1280 popqu
3078 1207 3293 1261 Edessa:
3334 1220 3404 1259 ac

1862 1308 1959 1361 toti
1993 1306 2389 1377 Mesopotamia
2424 1305 2787 1375 pradicasset,
2820 1302 2951 1357 obiit
2973 1299 3175 1370 Beryti,
3203 1313 3266 1353 ac
3293 1297 3404 1351 illic

1858 1399 2133 1467 sepelitur.
2662 1404 2665 1413 ‘

1929 1488 2117 1543 Simon
2146 1486 2503 1549 Chananeus,
2535 1485 2675 1538 ﬁlius
2703 1483 2971 1551 CleOphae,
3001 1481 3093 1550 qui
3114 1490 3169 1537 et
3202 1477 3402 1544 Iudas,

1857 1590 1979 1652 post
2009 1579 2269 1635 Iacobum
2294 1575 2505 1632 Justum
2531 1584 2745 1631 creatus
2769 1572 3263 1643 Hierosolymorum
3288 1571 3415 1640 epi-_

1859 1688 2074 1743 scopus,
2094 1670 2258 1735 obiit',
2291 1668 2653 1739 sepeliturque
2681 1665 2869 1721 eodem
2905 1664 3048 1731 loco,
3076 1677 3200 1717 cum
3228 1677 3404 1717 annos

1858 1772 2073 1820 centum
2105 1760 2294 1833 viginti
2319 1759 2561 1815 vixisset.

1928 1850 2174 1905 Matthias
2204 1864 2327 1904 cum
2354 1855 2497 1902 esset
2524 1859 2665 1900 unus
2708 1846 2775 1899 de
2810 1840 3175 1911 septuaginta,
3210 1853 3403 1893 accen-

199 1920 274 1996 ἰα’
304 1942 645 2006 ἀποστόλοις,
675 1941 770 1996 καὶ
798 1940 1084 2013 κηρύσσων
1115 1920 1182 1995 ἐν.
1216 1920 1584 2013 Ἰερουσαλὴμ,
1615 1942 1757 1995 ἐκοι-

1854 1954 2003 1997 setur
2043 1939 2293 1995 undecim
2333 1936 2625 2007 apostolis;
2652 1949 2883 2001 cumque
2911 1931 3253 2001 praedicasset
3280 1928 3402 1981 Hie-

204 2032 351 2105 μήθη
386 2034 479 2087 καὶ
503 2032 766 2086 θάπτεται
791 2032 924 2086 ἐκεῖ.

274 2121 485 2185 Παῦλος
505 2121 563 2175 δὲ
594 2123 710 2192 μετ’
742 2122 985 2176 ἐνιαυτὸν
1012 2120 1111 2176 ἕνα
1137 2122 1235 2193 τῆς
1252 2122 1343 2176 τοῦ
1378 2121 1618 2194 Χριστοῦ
1643 2120 1753 2193 (45)

202 2212 517 2281 ἀναλήψεως
546 2211 789 2283 εἰσῆλθεν
841 2215 922 2278 είς
963 2213 1061 2285 τὴν
1091 2214 1412 2285 ἀποστολὴν,
1459 2214 1557 2267 καὶ
1586 2213 1755 2284 ἀρξά-

203 2319 362 2373 μενος
382 2302 491 2355 ἀπὸ
530 2301 901 2375 Ἰερουσαλὴμ,
930 2304 1192 2376 προῆλθεν
1214 2303 1317 2367 ἕως
1345 2303 1435 2357 τοῦ
1468 2301 1754 2373 Ἰλλυρικοῦ

200 2392 296 2445 καὶ
340 2392 567 2457 Ἰταλίας
596 2394 693 2446 καὶ
740 2394 976 2458 Σπανίας
1022 2393 1308 2466 κηρύσσων
1337 2393 1398 2447 τὸ
1428 2393 1755 2461 Εύαγγέλιον

197 2482 294 2553 ἐτη
340 2482 439 2543 λε’.
474 2484 596 2538 Ἐπὶ
623 2484 683 2538 δὲ
728 2485 998 2556 Νέρωνος,
1042 2486 1102 2539 ἐν
1143 2482 1331 2558 Ῥώμῃ
1369 2484 1469 2557 τὴν
1515 2484 1751 2556 κεφαλὴν

196 2574 553 2646 αποτμηθεὶς,
586 2576 849 2631 θάπτεται
876 2576 1009 2629 ἐκεῖ.

1857 2030 2167 2101 rosolymis,
2194 2028 2345 2091 obiit,
2374 2042 2438 2081 ac
2463 2025 2572 2079 illic
2600 2023 2834 2092 sepultus
2860 2030 2961 2075 est.

1922 2122 2119 2184 Paulus
2165 2118 2432 2187 denique,
2492 2123 2613 2185 post
2661 2122 2860 2169 annum
2917 2111 2986 2175 ab
3027 2107 3399 2178 assumptione

1853 2212 2075 2274 Christi,
2109 2210 2241 2265 adiit
2295 2207 2690 2279 apostolatum;
2744 2202 3113 2273 incipiensque
3144 2201 3213 2255 ab
3242 2198 3399 2254 Jeru-

1853 2303 2041 2367 salem,
2068 2298 2309 2370 pervenit
2346 2312 2519 2367 usque
2551 2296 2620 2350 ad
2660 2294 2950 2365 Illyricum,
2981 2300 3036 2345 et
3078 2289 3306 2355 Italiam,
3332 2303 3399 2344 ac

1854 2394 2190 2464 Hispaniam,
2219 2389 2520 2461 praedicans
2541 2386 2887 2455 Evangelium
2916 2400 3009 2453 per
3035 2397 3207 2438 annos
3232 2381 3403 2451 quin-

1854 2502 1961 2558 que
1985 2502 2050 2541 ac
2065 2484 2281 2555 triginta
2300 2498 2316 2547 ;
2342 2482 2444 2536 sub
2456 2479 2667 2537 Nerone
2684 2487 2884 2542 autem,
2903 2474 3107 2540 Romae,
3119 2478 3395 2542 amputato

1855 2576 2050 2646 capite,
2076 2575 2185 2630 illic
2213 2571 2490 2643 sepelitur.

197 2770 3377 2808 _____________________._____________.____._.__.___——.

876 2939 1176 3060 ΤΟΥ
1244 2938 1725 3055 ΑΥΤΟΥ
1810 2928 2705 3052 ΙΠΠΟΛΥΤΟΥ

1341 3150 1501 3206 ΠΕΡΙ
1544 3147 1679 3203 ΤΩΝ
1707 3149 1761 3204 ον
1815 3143 2237 3203 ΑΠοΣτοΑοΝ.
2312 3208 2318 3215 ι

702 3354 735 3389 9

534 3474 1062 3570 EJUSDEM
1134 3468 1799 3567 HIPPOLYTI
1857 3469 2003 3557 DE
2076 3467 2329 3558 LXX
2392 3462 3079 3558 APOSTOLIS.

1372 3661 1423 3717 Ε
1440 3660 1615 3717 codice
1640 3657 1963 3715 Barocciano
1981 3656 2089 3714 206
2108 3656 2243 3729 (ﬂ).

196 4042 203 4044 ἡ
279 3971 537 4036 Ἰάκωϐος
560 3972 589 4025 6
617 3968 949 4041 ἁδελφόθεος,
987 3966 1280 4032 ἐπίσκοπος
1307 3957 1704 4040 Ἱεροσολύμων.

1926 3965 1978 4018 l.
2012 3960 2247 4019 Iacobus
2277 3954 2489 4011 Domini
2523 3952 2711 4021 frater,
2746 3950 3235 4023 Hierosolymorum
3272 3951 3392 4023 epi-

269 4152 539 4214 Κλιωπᾶς
564 4148 855 4209 ἐπίσκοπος
888 4142 1287 4214 Ἰεροσολύμων.

267 4242 517 4305 Ματθίας
550 4242 580 4294 6
621 4234 1016 4330 ἀναπληρώσας
1055 4236 1147 4291 τὸν
1173 4237 1335 4292 τόπον
1371 4237 1480 4293 τῶν
1511 4244 1577 4292 ια’
1611 4239 1749 4290 ἀπο-

194 4332 420 4385 πόλων.

262 4420 521 4482 Θαδδαῖος
547 4419 577 4472 6
603 4418 705 4489 τὴν
735 4416 1016 4490 ἐπιστολὴν
1040 4417 1272 4490 Αὑγάρῳ
1298 4417 1544 4488 κομίσας.

284 4501 533 4565 Ἀνανίας
568 4503 599 4555 6
639 4502 904 4572 βαπτίσας
946 4503 1185 4568 Παῦλον,
1226 4503 1514 4566 ἐπίσκοπος
1560 4500 1744 4570 Δαμά-

203 4610 362 4647 σκου.

264 4687 535 4757 Στέφανος
562 4689 593 4743 ὁ
617 4689 1035 4765 πρωτομάινωρσ

260 4778 529 4843 Φίλιππος
553 4781 582 4834 6
604 4778 695 4835 τὸν
725 4781 974 4853 εὐνοῦχον
1002 4778 1287 4851 βαπτίσας.

262 4870 541 4942 Πρόχορος
577 4872 870 4936 ἐπίσκοπος
905 4860 1294 4943 Νικομηδείας,
1338 4872 1367 4924 6
1406 4868 1500 4924 καὶ
1539 4868 1751 4941 πρῶτος

195 4962 448 5029 ἐξελθὼν,
480 4963 770 5027 πιστεύσας
797 4964 932 5034 μετὰ
956 4963 1062 5015 τῶν
1093 4962 1399 5033 θυγατέρων
1422 4958 1606 5013 αὐτοῦ.

263 5051 523 5124 Νικάνωρ
546 5044 832 5117 ἀπέθανεν,
855 5054 944 5106 ὅτε
968 5051 1232 5121 Στέφανος
1261 5048 1649 5119 ἐμαρτύρησεν.

262 5233 457 5305 τίμων
479 5232 769 5297 ἐπίσκοπος
794 5232 1050 5306 Βόστρης.

267 5524 385 5597 (ιθ)
417 5527 502 5581 ‘0'-
534 5527 791 5601 Μάρδοις.
822 5533 1138 5600 Combelis.,
1182 5545 1237 5590 at
1270 5534 1513 5601 Hierom,
1550 5534 1738 5605 Magis.

266 5598 503 5683 ςέπέὶλνο
538 5598 790 5683 Wfﬁn.
957 5672 972 5683 .
1045 5672 1057 5683 .
1120 5674 1161 5683 --
1230 5678 1234 5683 ,
1333 5677 1345 5683 -

404 5667 627 5747 ξρερΙιῇ
641 5667 699 5724 Ιᾶ
740 5669 1083 5747 Moynejegit
1113 5674 1469 5747 ΔΚιιιραμέήνίινλς.

414 5737 548 5791 Cod.
587 5736 956 5818 Barocc.,'roﬁ
984 5736 1222 5812 Κυρίου.’
1282 5736 1295 5745 ’
1342 5736 1353 5747 ’

266 5810 354 5873 (54
411 5806 594 5863 Exstat
617 5817 777 5865 etiam
806 5827 927 5867 cum
964 5812 1237 5877 superiore
1264 5814 1363 5870 scri

262 5806 375 5877 (54)
411 5806 594 5863 Exstat
617 5809 777 5865 etiam
806 5806 927 5867 eum
964 5806 1237 5880 superiore
1264 5814 1460 5885 scripto
1502 5814 1577 5870 De
1604 5815 1733 5867 duo-

1848 4066 2300 4207 “;ifuzleophas,
2330 4132 2615 4203 episcopus
2648 4132 3157 4203 Hierosolymorum.

1921 4229 1975 4282 ὅ.
2013 4224 2266 4281 Matthias
2297 4225 2391 4295 qui
2420 4225 2600 4280 locum
2642 4223 2894 4279 undecim
2938 4222 3197 4291 apostolis
3237 4222 3391 4276 addi-

1847 4329 1937 4376 tus
1968 4317 2252 4387 supplevit.

1920 4410 1977 4463 4.
2010 4406 2310 4463 Thaddaaus
2342 4407 2435 4477 qui
2468 4402 2747 4475 epistolam
2791 4402 2970 4457 attulit
2999 4402 3065 4456 ad
3094 4401 3388 4471 Augarum.

1922 4501 1977 4556 5.
2010 4500 2251 4557 Ananias
2283 4501 2379 4570 qui
2406 4499 2630 4554 Paulum
2661 4495 2970 4567 baptizavit,
3001 4493 3247 4548 Damasci
3274 4484 3411 4562 cpi?

1843 4602 2063 4660 scopas.

1923 4680 1978 4738 6.
2014 4680 2320 4752 Stephanus
2352 4685 2730 4751 protomartyr.

1925 4774 1981 4829 7.
2010 4774 2307 4845 Philippus,
2345 4789 2377 4827 a
2406 4785 2516 4841 quo
2546 4769 2829 4825 eunuchus
2856 4768 3158 4839 baptizatus
3187 4775 3288 4822 est.

1925 4864 1978 4920 8.
2014 4864 2337 4927 Procborus,
2367 4861 2657 4931 episcopus
2686 4859 3029 4927 Nicomediae,
3060 4860 3151 4929 qui
3187 4860 3397 4925 primus

1847 4954 1992 5010 diem
2024 4954 2179 5018 obiit,
2213 4951 2371 5005 ﬁdem
2408 4966 2529 5006 cum
2564 4952 2777 5006 ﬁliabus
2810 4953 2923 5007 suis
2950 4951 3246 5019 amplexus.

1917 5047 1972 5101 9.
2012 5042 2248 5098 Nicanor
2273 5042 2417 5097 obiit
2435 5056 2559 5099 cum
2592 5042 2897 5115 Stephanus
2929 5042 3211 5099 sustineret
3241 5050 3391 5091 mar-

1844 5135 2059 5206 tyrium.

1928 5221 2015 5276 ιο.
2048 5218 2262 5288 Timon,
2290 5219 2495 5280 Bostra:
2518 5226 2824 5295 episcopus.

1847 5534 2012 5587 decim
2039 5534 2286 5603 apostolis
2310 5532 2413 5588 sub
2450 5526 2713 5603 Hippolyti
2745 5522 2980 5603 ﬂumine
3017 5523 3071 5578 in
3113 5519 3389 5603 codicibus

1847 5593 2219 5659 duobus'bibl.
2249 5593 2586 5656 Coislinianae
2609 5593 2720 5651 sive
2744 5593 3123 5663 Seguieriante,
3148 5600 3207 5645 ut
3229 5598 3388 5663 testa-

1765 5718 1774 5728 .
1846 5683 1934 5725 tur
1964 5673 2174 5728 clariss.
2207 5671 2619 5726 Montfauconus
2646 5665 2699 5719 in
2723 5659 3041 5731 recensione
3076 5659 3387 5731 mssnGra-

1845 5758 2029 5796 corum
2063 5744 2205 5797 illius
2232 5742 2357 5795 bibl.
2386 5736 2623 5807 Tertium
2650 5736 2887 5792 codicem
2916 5733 3184 5807 Hippolyti
3206 5730 3281 5784 De
3307 5740 3381 5781 xu

1844 5812 2090 5880 apostolis
2117 5817 2376 5869 memorat
2403 5822 2455 5878 p.
2483 5805 2603 5861 H3.
