4098 6362
785 474 887 528 959

1615 436 1901 528 nemo.
1944 470 2035 527 AD
2070 472 2347 540 rsuram
2381 473 2424 529 ιι
2460 470 2741 527 omnum
2782 470 2839 525 s.
2881 466 3262 524 marcum.

852 593 941 647 ‘19.
984 592 1124 646 Bene
1152 591 1541 646 observandum
1572 607 1689 647 esse
1718 608 1786 647 ne
1816 594 2106 664 quidquam
2138 593 2206 650 de
2230 610 2319 649 ca-
2347 605 2395 661 Α
2494 596 2581 649 54.
2627 594 2699 648 De
2728 591 2989 647 modestia
3015 589 3349 645 saecularium
3378 586 3431 640 in
3454 582 3681 640 ecclesia
3706 582 3773 634 ³¹.

785 681 886 735 Iice
911 681 964 735 in
991 691 1188 736 terram
1216 684 1371 736 cadat
1396 684 1459 737 ⁴⁸.

853 774 943 828 50.
984 774 1058 828 De
1088 775 1490 841 catechumenis
1511 775 1576 827 ⁸⁷.

855 864 945 917 51.
999 863 1292 917 Diaconum
1345 864 1739 919 Eucharistiam
1788 880 1913 918 cum
1974 864 2331 934 permissione

784 950 1020 1020 episcopi
1038 961 1133 1006 aut
1147 955 1443 1024 presbyteri
1467 953 1662 1021 popqu
1689 953 2067 1007 administrare
2089 968 2246 1021 posse
2262 953 2327 1007 ⁵⁸.

854 1045 943 1099 52.
984 1044 1187 1100 Viduas
1222 1055 1381 1115 atque
1417 1045 1655 1113 virgines
1703 1045 1919 1099 assidue
1957 1059 2113 1098 orare
2167 1058 2329 1110 opor-

787 1143 895 1187 tere
918 1135 983 1189 δ’.

854 1225 942 1281 55.
984 1224 1317 1279 Mortuorum
1350 1224 1583 1279 ﬁdelium
1613 1222 2183 1279 commemorationem
2218 1223 2333 1277 sin-

787 1315 926 1386 gulis
952 1315 1487 1398 diebusfaciendam,
1516 1324 1735 1385 excepta
1767 1316 1854 1371 die
1890 1314 2167 1369 Dominica
2192 1316 2256 1366 ⁸⁸.

2454 706 2587 760 '35.
2647 704 2914 757 Diaconos
2969 702 3389 755 benedictionem
3438 706 3489 753 et
3538 696 3741 765 gratias
3795 693 3971 746 dicere

2431 811 2590 865 posse
2624 797 2675 849 in
2706 795 2911 863 agapis,
2942 808 3064 847 cum
3085 792 3367 861 episcopus
3394 803 3625 858 praesens
3651 800 3760 839 non
3786 794 3868 837 est
3897 784 3966 835 ⁸².

2436 932 2441 937 -
2501 908 2587 961 56.
2626 907 2699 962 De
2729 908 2980 976 primitiis
3013 915 3167 960 terrae
3202 912 3257 957 et
3290 904 3355 956 de
3389 902 3530 956 votis
3550 900 3616 953 ⁸⁸.

2502 998 2590 1053 5'7.
2630 998 2765 1052 Cum
2796 998 3080 1066 episcopus
3110 995 3170 1050 S.
3201 995 3437 1064 Synaxin
3464 992 3721 1054 celebrat,
3747 986 3965 1056 presby-

2434 1112 2531 1166 teri
2564 1111 2638 1164 illi
2670 1112 2985 1166 assistentes
3010 1108 3132 1163 alba
3160 1105 3339 1161 vestiti
3362 1119 3480 1158 esse
3512 1101 3709 1155 debent
3729 1098 3799 1151 “.

2510 1222 2599 1276 38.
2639 1204 2921 1275 Neminem
2947 1219 3181 1274 dormire
3205 1215 3396 1269 debere
3420 1222 3576 1268 nocte
3597 1204 3969 1264 Resurrectio-

2434 1313 2521 1369 nis
2551 1311 2762 1367 Domini
2792 1312 2960 1365 nostri
2984 1309 3112 1365 Jesu
3140 1308 3337 1363 Christi
3360 1306 3427 1361 ⁸³.

1098 1629 1742 1744 CANONES
1824 1628 2540 1741 ECCLESUE
2618 1623 3654 1738 ALEXANDRIN/E

1707 1842 2136 1902 PERPERAM
2185 1842 2643 1904 HIPPOLYTO
2679 1841 3017 1903 TRIBUTI.

1214 2008 1307 2068 (De
1328 2006 1597 2065 Haemona,
1627 2009 1742 2054 Acta
1770 2004 2038 2068 Martyrum
2057 2001 2120 2052 ad
2148 2000 2279 2051 Ostia
2306 1999 2553 2062 Tiberina,
2575 1962 2894 2062 Romae1795,
2920 2002 3021 2063 fol.,
3046 2004 3289 2063 Append,
3317 2016 3368 2064 p.
3390 2000 3518 2061 ΠΒ.)

2342 2166 2412 2182 ,σε

862 2301 928 2355 In
978 2302 1183 2355 nomine
1230 2298 1445 2364 Patris,
1490 2308 1539 2353 et
1588 2272 1723 2352 (Filii
1744 2337 1760 2362 ,
1797 2308 1848 2352 et
1893 2296 2123 2366 Spiritus
2150 2298 2335 2351 sancti.
2372 2301 2414 2355 B
2508 2294 2692 2349 Canou
2725 2298 2971 2361 quartus.
3010 2289 3082 2343 De
3108 2290 3441 2344 ordinatione
3470 2290 3786 2361 presbyteri.

790 2398 973 2450 Amen.

862 2483 964 2538 Isti
988 2492 1110 2535 sunt
1138 2481 1372 2537 Canones
1403 2480 1672 2547 Ecclesiae,
1704 2481 1953 2533 mandata
1977 2497 2093 2538 qua:
2129 2481 2335 2549 scripsit

792 2574 1126 2646 Hippolytus,
1146 2591 1237 2644 per
1263 2590 1413 2644 quem
1435 2573 1667 2644 loquitur
1690 2571 1991 2639 (Ecclesia),
2008 2580 2057 2624 et
2094 2586 2336 2625 numerus

787 2683 967 2723 eorum
995 2663 1255 2720 XXXVIII
1281 2663 1535 2719 (Iunones.
1564 2662 1722 2718 Salus
1745 2680 1779 2716 a
1802 2662 2042 2716 Domino.

859 2755 1043 2811 Canon
1078 2754 1303 2826 primus.
1345 2753 1419 2809 De
1457 2751 1589 2807 Fide
1625 2750 1909 2807 catholica.
1962 2749 2103 2804 Ante
2159 2748 2340 2803 omnia

790 2849 1077 2920 loquamur
1100 2849 1167 2902 de
1188 2847 1290 2901 ﬁde
1311 2852 1517 2917 sancta,
1536 2851 1680 2897 recta
1706 2840 2068 2895 in'Dominum
2095 2848 2340 2895 nostrum

790 2940 972 2995 Jesum
1004 2938 1305 3000 Christum,
1334 2934 1527 2989 Filium
1555 2932 1649 2987 Dei
1677 2932 1805 2999 vivi,
1831 2940 1893 2993 et.
1911 2931 2193 3001 posuimus
2215 2946 2339 2985 eum

792 3028 1097 3098 (canonem)
1141 3028 1193 3081 in
1245 3026 1350 3080 ﬁde
1396 3023 1705 3095 (symbolo),
1735 3034 1789 3079 et
1828 3039 1928 3079 nos
1970 3024 2340 3079 consentimus

792 3119 939 3172 omni
968 3117 1283 3171 certitudine
1310 3114 1636 3181 rationabili,
1666 3114 1811 3184 quod
1857 3113 2093 3169 Trinitas
2118 3112 2342 3182 atqualis

793 3206 1030 3278 perfecte
1056 3207 1127 3261 sit
1155 3206 1206 3258 in
1236 3205 1459 3265 honore,
1488 3205 1709 3273 aequalis
1732 3207 1786 3258 in
1810 3205 2000 3274 gloria,
2022 3218 2123 3259 nec
2147 3204 2344 3259 habeat

796 3300 1009 3355 initium
1057 3312 1156 3350 nec
1204 3294 1388 3349 finem.
1419 3293 1652 3349 Verbum
1693 3295 1860 3351 Filius
1903 3294 1997 3350 Dei
2034 3304 2088 3350 et
2124 3298 2345 3364 ipseest

794 3396 1005 3446 creator
1029 3386 1207 3440 omnis
1234 3393 1515 3449 creaturae,
1543 3384 1831 3437 visibilium
1876 3394 1931 3439 et
1972 3385 2340 3441 invisibilium.

798 3480 911 3534 Hoc
942 3476 1321 3533 constituimus
1350 3473 1747 3529 consentientes
1790 3471 2048 3530 adversus
2092 3489 2207 3540 eos,
2250 3476 2345 3543 qui

686 3592 691 3595 ·
798 3573 1054 3628 audacter
1092 3568 1255 3622 locuti
1290 3575 1438 3630 sunt,
1475 3564 1617 3633 quod
1656 3578 1763 3617 non
1795 3572 2037 3632 oporteat
2068 3566 2135 3619 de
2166 3564 2343 3620 Verbo

2500 2386 2685 2440 Canou
2716 2382 2957 2452 quintus.
2994 2381 3069 2435 De
3096 2381 3482 2435 constitutione
3509 2381 3747 2435 diaconi.

2485 2476 2689 2533 .Canon
2722 2483 2926 2530 sextus.
2955 2472 3029 2527 De
3058 2474 3124 2527 iis
3146 2473 3236 2542 qui
3259 2472 3404 2543 passi
3434 2482 3559 2527 sunt
3580 2488 3681 2542 pro
3711 2474 3836 2529 ﬁde.

2505 2569 2688 2622 Canon
2717 2566 2995 2637 septimus.
3039 2562 3113 2619 De
3147 2578 3213 2618 eo
3256 2564 3347 2634 qui
3382 2574 3705 2634 anagnostes
3732 2574 3788 2619 et
3820 2566 3979 2635 hypo-

2435 2660 2698 2715 diaconus
2722 2658 2927 2713 electus
2948 2663 3048 2709 est.

2505 2748 2692 2803 Canou
2722 2756 2963 2801 octavus.
3005 2744 3080 2799 De
3101 2743 3436 2799 curationum
3462 2743 3627 2797 dono.

2507 2839 2693 2894 Canon
2722 2852 2919 2892 nonus.
2945 2833 3021 2888 Ne
3046 2834 3249 2888 habitet
3274 2833 3591 2903 (presbyter)
3634 2834 3690 2887 in
3732 2832 3869 2887 locis
3891 2832 3981 2887 ubi

2439 2945 2548 2984 non
2577 2936 2806 2996 oportet,
2837 2936 2891 2981 et
2915 2926 2981 2979 de
3008 2926 3211 2978 honore
3238 2923 3542 2976 viduarum.

2509 3019 2695 3072 Canou
2724 3014 2985 3071 decimus.
3016 3011 3090 3065 De
3114 3012 3201 3068 his
3227 3010 3321 3080 qui
3359 3008 3621 3064 Nazareni
3648 3010 3986 3082 (Christiani)

2440 3109 2555 3163 ﬁeri
2582 3107 2787 3161 volunt.
2972 3150 2973 3153 η

2458 3182 2465 3187 ’
2510 3196 2696 3251 Canon
2726 3191 3065 3246 undecimus.
3091 3188 3165 3244 De
3190 3189 3283 3245 illo
3303 3189 3396 3261 qui
3420 3187 3551 3245 facit
3572 3188 3717 3244 idola
3739 3196 3795 3244 et
3819 3188 3987 3245 simu-

2440 3288 2607 3350 lacra,
2639 3284 2752 3339 sive
2773 3281 2987 3337 artifex.
3408 3288 3415 3293 ‘

2513 3378 2701 3433 Canou
2729 3373 3097 3430 duodecimus.
3128 3370 3202 3425 De
3232 3370 3591 3440 prohibitione
3630 3371 3829 3425 horum
3861 3385 3986 3438 ope-

2402 3472 2414 3477 "
2442 3485 2587 3532 rum,
2613 3480 2847 3537 quorum
2877 3470 3128 3518 auctores
3161 3476 3268 3515 non
3294 3461 3620 3530 recipiantur
3641 3462 3747 3515 nisi
3770 3468 3986 3529 peracta

2444 3561 2779 3635 paenitentia.

799 3623 1122 3730 Dei(loqui)
1151 3656 1309 3711 sicuti
1335 3623 1544 3709 locutus
1568 3663 1649 3707 est
1677 3623 1939 3708 Dominus
1967 3662 2151 3708 noster
2184 3652 2343 3709 Jesus
2367 3623 2410 3681 α
2513 3654 2700 3708 Canou
2742 3648 2983 3703 decimus
3018 3643 3229 3698 tertius.
3281 3641 3355 3695 De
3402 3642 3640 3711 principe
3670 3650 3762 3694 aut
3798 3642 3990 3701 milite,

680 3804 683 3807 .
799 3750 1073 3804 Christus.
1102 3744 1418 3815 Congrcgati
1451 3759 1639 3798 sumus
1680 3743 2019 3813 potissimum
2063 3743 2131 3797 ad
2171 3743 2349 3813 profe-

802 3839 1028 3893 rendum
1068 3845 1251 3890 sancte
1283 3835 1349 3889 de
1385 3834 1517 3898 Deo,
1554 3844 1609 3889 et
1648 3836 1770 3889 illos
1803 3836 2188 3903 separavimus,
2222 3835 2348 3904 quia

803 3942 912 3983 non
938 3925 1267 3981 concordant
1291 3937 1413 3978 cum
1453 3922 1690 3977 Ecclesia
1735 3924 1786 3976 in
1834 3924 2135 3993 theologia,
2178 3939 2350 3991 neque

802 4012 1089 4067 nobiscum
1136 4010 1259 4065 ﬁliis
1304 4008 1725 4076 Scripturarum.
1772 4007 2059 4077 Pmpterea
2106 4025 2352 4078 segrega—

803 4104 984 4159 vimus
1012 4117 1110 4160 eos
1136 4103 1203 4156 ab
1224 4100 1484 4165 Ecclesia,
1511 4108 1565 4153 et
1599 4098 1871 4169 negotium
1909 4113 2095 4153 eorum
2135 4098 2328 4167 reliqui

805 4210 931 4249 mus
960 4193 1092 4259 Deo,
1123 4190 1214 4258 qui
1238 4198 1514 4245 creaturas
1540 4204 1664 4244 cum
1694 4188 1900 4257 justitia
1929 4186 2208 4257 judicabit.
2245 4186 2353 4241 Illis

804 4295 985 4342 autem
1021 4283 1114 4354 qui
1141 4283 1241 4337 bos
1288 4282 1571 4352 ignorant,
1617 4294 1801 4335 nOtum
1842 4278 2069 4333 facimus
2102 4278 2205 4333 hoc
2237 4279 2355 4332 sine

805 4374 1027 4437 invidia,
1056 4388 1123 4427 ne
1148 4372 1344 4426 malam
1373 4372 1650 4432 incurrant
1677 4378 1928 4434 mortem,
1957 4379 2213 4439 tanquam
2246 4356 2355 4423 hae-

807 4467 985 4529 retici,
1024 4462 1120 4517 sed
1150 4471 1556 4531 promereantur
1574 4461 1738 4513 vitam
1761 4469 2034 4524 aeternam,
2052 4470 2105 4515 et
2128 4461 2354 4515 doceant

807 4558 949 4611 ﬁlios
978 4568 1128 4617 suos,
1160 4564 1213 4606 et
1234 4562 1479 4623 posteros
1508 4566 1635 4607 suos
1660 4550 1798 4604 hanc
1827 4551 2042 4605 unicam
2070 4551 2247 4606 ﬁdem.

878 4646 1068 4701 Canou
1098 4632 1384 4698 secundus.
1406 4642 1781 4712 Deepiscopis.
1806 4638 2105 4708 EpiscOpus
2127 4640 2353 4709 eligatur

810 4740 881 4795 ab
930 4732 1081 4790 omni
1122 4732 1351 4802 populo,
1400 4733 1577 4801 sitque
1632 4728 2145 4799 irreprehensibilis,
2196 4729 2351 4781 sicuti

811 4828 1072 4897 scriptum
1104 4832 1187 4879 est
1215 4824 1282 4877 de
1314 4836 1379 4876 eo
1408 4823 1460 4875 in
1502 4822 1799 4891 Apostolo:
1828 4820 1880 4873 in
1928 4816 2259 4881 hebdomada
2300 4816 2354 4868 in

811 4934 920 4988 qua
951 4916 1256 4975 ordinatur,
1289 4922 1344 4966 et
1380 4912 1524 4965 dicat
1559 4913 1841 4966 universus
1887 4908 2152 4979 populus:
2192 4904 2355 4959 Volu-

811 5026 934 5065 mus
966 5022 1120 5073 eum;
1162 5006 1340 5072 sitque
1369 5002 1639 5056 silentium
1683 5002 1736 5054 in
1780 5008 1894 5054 toto
1935 4999 2093 5061 atrio,
2121 5006 2175 5052 et
2203 5004 2355 5050 orent

814 5115 1002 5155 omnes
1028 5114 1186 5167 super
1206 5111 1329 5150 eum
1358 5102 1412 5146 et
1438 5092 1618 5145 dicant
1642 5110 1655 5143 :
1681 5090 1725 5145 Ο
1749 5090 1906 5153 Deus,
1932 5089 2190 5145 conﬁrma
2215 5089 2358 5141 hunc

815 5204 969 5257 quem
998 5186 1309 5258 praeparasti
1342 5181 1521 5241 nobis,
1551 5188 1658 5233 etc.

886 5277 1071 5334 Canou
1114 5279 1327 5333 tertius.
1373 5270 1559 5326 Oratio
1601 5284 1761 5336 super
1802 5284 1925 5322 eum
1952 5268 2041 5338 qui
2071 5268 2359 5337 episcopus

819 5366 898 5428 ﬁt,
928 5378 981 5421 et
1015 5368 1281 5423 ordinatio
1315 5365 1511 5419 missae.
1555 5360 1696 5413 Deus
1738 5356 1897 5411 Pater
1935 5357 2145 5411 Domini
2189 5357 2358 5413 nostri

823 5454 947 5510 Iesu
971 5457 1192 5522 Christi,
1228 5459 1386 5511 Pater
1408 5450 1921 5513 misericordiarum,
1950 5458 2002 5503 et
2030 5449 2167 5504 Dens
2193 5451 2360 5505 totius

821 5549 1225 5608 consolationis.
1259 5558 1360 5603 ctc.

894 5660 939 5689 δ·
977 5656 1145 5709 Deest.
1234 5661 1275 5689 "
1316 5660 1377 5712 L.
1409 5676 1502 5723 vn,
1539 5676 1586 5713 c.
1614 5661 1703 5721 59,
1744 5665 1847 5710 etc.

826 5748 874 5782 ι’.
906 5728 1085 5781 Η-Η.

828 5802 861 5855 ι.
890 5816 942 5865 v,
975 5813 1022 5852 c.
1054 5797 1137 5851 l9.

2447 3761 2515 3799 ne
2547 3741 2907 3811 suscipiantur
2934 3732 3424 3789 indiscriminatim.

2516 3833 2702 3888 Canon
2732 3829 2974 3883 decimus
2997 3831 3242 3894 quartus.
3268 3819 3345 3873 Ne
3369 3820 3462 3873 ﬁat
3482 3821 3634 3875 miles
3655 3817 3990 3878 Nazarenus.

2448 3924 2550 3978 nisi
2571 3923 2777 3989 jussus.

2519 4012 2705 4073 Canon
2730 4006 2973 4061 decimus
2996 4005 3237 4075 quintus.
3259 4000 3603 4054 Enumeratio
3625 3990 3856 4067 'operum
3882 4015 3993 4067 qna'

2449 4112 2577 4157 sunt
2606 4101 2811 4155 illicita.

2522 4189 2709 4244 Canou
2736 4186 2979 4242 decimus
3010 4192 3216 4239 sextus.
3266 4176 3342 4231 De
3372 4190 3438 4230 eo
3466 4176 3560 4245 qui
3588 4174 3747 4230 habet
3770 4192 3992 4231 uxorem

2451 4282 2742 4352 legitimam
2769 4289 2822 4334 et
2844 4278 3003 4332 aliain
3036 4276 3255 4342 insuper
3279 4269 3449 4324 ducit.

2523 4372 2707 4428 Canou
2751 4370 2993 4425 decimus
3039 4365 3321 4433 septimus.
3376 4358 3448 4413 De
3489 4356 3712 4413 muliere
3740 4356 3993 4427 ingenua,

2451 4464 2676 4534 ejusque
2714 4458 2921 4515 ofﬁciis.
2973 4454 3050 4510 De
3096 4449 3496 4513 obstetricibus,
3548 4462 3612 4503 ac
3664 4449 3994 4515 separation

2451 4555 2689 4608 virorum
2718 4565 2748 4603 a
2778 4545 3115 4602 mulieribus.
3152 4540 3227 4594 De
3263 4538 3560 4607 virginibus
3597 4547 3655 4590 ut
3690 4540 3993 4604 cooperiant

2453 4643 2619 4696 facies
2647 4656 2772 4695 suas
2797 4646 2851 4690 et
2883 4634 3059 4701 capita
3088 4645 3208 4685 sua.

2523 4731 2710 4784 Canon
2741 4726 2983 4779 decimus
3004 4730 3252 4776 octavus.
3282 4716 3357 4770 De
3385 4713 3684 4785 puerperis,
3723 4728 3785 4768 ac
3828 4716 3995 4769 obste-

2456 4816 2678 4872 tricibus
2705 4814 2915 4865 iterum.

2527 4903 2716 4959 Canon
2751 4899 2996 4954 decimus
3027 4909 3223 4949 nonus.
3256 4892 3331 4946 De
3361 4888 3777 4953 catechumenis,
3826 4900 3881 4941 et
3924 4905 3996 4941 or-

2458 4988 2733 5051 dinatione
2762 4989 3023 5058 Baptismi
3052 4998 3106 5039 et
3127 4983 3322 5039 Missae.

2528 5085 2713 5139 Canou
2738 5080 3050 5136 vicesimus.
3090 5076 3163 5130 De
3201 5071 3410 5145 jejunio
3441 5069 3609 5140 (ferite
3648 5078 3748 5140 vi},
3776 5078 3838 5121 et
3876 5084 3998 5137 qua-

2462 5170 2828 5244 dragesimali.

2532 5263 2721 5319 Canon
2748 5256 3035 5312 vicesimus
3060 5253 3289 5323 primus.
3316 5249 3394 5304 De
3414 5248 3634 5304 collecta
3662 5248 3999 5303 sacerdotum

2462 5365 2517 5411 et
2544 5352 2726 5424 populi
2759 5350 2813 5402 in
2841 5346 3066 5403 ecclesia
3094 5342 3353 5413 quotidie.

2527 5433 2714 5499 Canon
2744 5438 3032 5493 vicesimus
3077 5432 3364 5489 secundus.
3411 5429 3485 5485 De
3525 5428 3871 5484 hebdomada
3915 5426 4001 5479 Ps-

2465 5535 2668 5593 schatis
2700 5531 3028 5594 Judaorum,
3064 5542 3171 5596 quo
3201 5523 3451 5595 gaudium
3476 5523 3711 5586 tolletur,
3740 5532 3793 5575 et
3839 5522 3913 5574 de
3948 5530 4001 5571 ρο

1940 5654 1982 5683 ⁸⁸
2026 5650 2081 5702 L.
2121 5666 2234 5711 Vili,
2283 5670 2329 5705 c.
2368 5652 2453 5705 9.8.
2550 5650 2594 5681 δ’
2644 5646 2705 5700 L.
2745 5660 2823 5705 nt,
2877 5658 2925 5696 c.
2965 5642 3017 5703 6,
3070 5638 3437 5711 7,I3.__"_I..
3485 5652 3659 5711 sine.
3693 5636 3796 5697 It;
3826 5637 3866 5687 Ι.
3897 5647 3999 5711 vin.

1162 5728 1199 5755 "
1232 5728 1289 5780 L.
1316 5704 1386 5794 Ῑιζ
1616 5704 1705 5761 VI;
1985 5724 2029 5753 ³³
2063 5718 2123 5774 L.
2155 5704 2427 5787 “£0725;
2472 5722 2517 5752 ”
2546 5720 2605 5773 L.
2632 5735 2725 5781 vn,
2748 5732 2793 5769 c.
2816 5714 2915 5780 ‘29;
2949 5712 2984 5768 I.
3014 5704 3128 5775 \‘ltli,
3157 5724 3203 5764 c.
3231 5706 3319 5776 30,
3343 5705 3432 5761 5f.
3501 5706 3548 5739 ⁸³
3575 5704 3637 5759 Ι...
3662 5721 3788 5771 vni,
3827 5720 3876 5757 c.
3917 5704 3999 5762 I2;
