4098 6362
122 513 211 564 961
1106 499 1376 559 SPURIA.
1413 528 1484 543 —-
1518 496 1833 554 CANONES
1869 493 2352 553 ALEXANDRINI.
2585 506 2588 512 ‘
3207 492 3311 549 962
3380 480 3401 490 ’

122 619 259 687 quod
285 618 339 671 in
372 619 497 688 ipso
517 614 908 681 manducatur;
931 622 984 669 et
1005 613 1072 669 de
1091 629 1157 669 eo
1176 615 1268 683 qui
1298 627 1522 683 peregre
1541 626 1673 667 con-
1700 615 1751 673 Α
1844 609 2029 662 Canon
2065 609 2366 664 tricesimus
2392 610 2678 663 secundus.
2722 605 2798 662 De
2826 606 3119 675 virginibus
3152 613 3205 660 et
3234 606 3312 658 vi-

124 709 336 762 stitutus
368 706 548 759 nescit
576 713 778 759 textum
803 701 1254 774 (Kalendarium).
1766 698 1887 753 duis
1918 706 1975 752 ut
1998 708 2155 753 orent
2184 710 2239 753 et
2264 699 2509 768 jejunent
2535 700 2588 753 in
2617 698 2863 753 ecclesia.
2893 697 3057 766 _Clero
3096 695 3315 764 ascripti

190 786 376 850 Canon
403 794 697 869 vicesimus
741 794 953 849 tertius.
994 792 1070 847 De
1100 792 1370 855 doctrina,
1411 788 1556 860 quod
1599 789 1678 843 sit'
1767 796 1922 841 Orent
1948 802 2047 856 pro
2072 802 2173 841 suo
2200 788 2441 847 arbitrio.
2470 786 2767 856 Episcopus
2801 802 2905 841 non
2935 786 3199 855 obligetur
3230 785 3313 853 jo-

123 892 372 953 perpetua
407 884 607 955 (major
642 883 802 953 mari)
834 892 891 939 et
920 883 1151 939 debeant
1177 883 1339 940 verba
1361 882 1481 951 ejus
1508 896 1671 951 apere
1762 876 1916 946 juuio
1946 877 2049 932 nisi
2084 892 2206 931 cum
2240 876 2402 931 clero.
2444 876 2516 929 Et
2549 886 2757 945 propter
2782 877 3068 929 convivium
3096 884 3185 928 aut
3216 888 3317 927 w-

126 972 398 1041 compleri.
1770 982 1889 1018 nam
1913 976 2171 1034 praeparet
2204 982 2296 1035 pro
2332 968 2642 1035 pauperibus
2668 966 2750 1036 (ac
2782 966 2845 1017 de
2869 980 3044 1017 mensa
3069 963 3315 1033 pauperi-

189 1063 372 1118 Canon
400 1063 695 1119 vicesimus
717 1071 965 1132 quartus.
1006 1062 1081 1119 De
1104 1062 1340 1132 episcopi
1370 1061 1673 1116 visitatione
1770 1056 1863 1108 bus
1892 1056 2175 1125 paranda).
2504 1108 2507 1111 ,

126 1164 481 1223 rgrotorum;
523 1163 581 1209 et
624 1154 671 1211 si
714 1156 948 1225 oraverit
986 1154 1233 1209 inlirmus
1270 1154 1326 1207 in
1362 1152 1589 1208 ecclesia
1618 1162 1673 1206 et
1837 1146 2022 1200 Canon
2049 1146 2354 1200 tricesimus
2375 1145 2585 1201 tertius.
2615 1144 2688 1197 De
2713 1143 2977 1197 Atalmsas
3000 1138 3315 1210 (oblatione)

130 1242 315 1297 habeat
344 1244 594 1309 domum,
626 1245 847 1299 accedat
877 1244 943 1299 ad
972 1259 1118 1299 eum.
1770 1252 1931 1305 quam
1960 1248 2165 1307 ponent
2197 1252 2296 1307 pro
2341 1238 2425 1292 his
2456 1238 2549 1306 qui
2586 1236 2784 1291 mortui
2826 1242 2971 1297 sunt,
3016 1249 3085 1288 ne
3128 1233 3181 1288 id
3224 1233 3318 1288 ﬁat

192 1331 374 1388 Canon
402 1335 700 1390 vimimus
726 1336 971 1405 quintus.
1022 1336 1096 1389 De
1135 1342 1484 1405 procuratore
1526 1332 1674 1386 inﬂr—
1770 1327 2050 1381 Dominica
2077 1328 2181 1383 die.

131 1435 331 1475 morum
362 1424 685 1485 constituto,
712 1434 766 1478 et
789 1411 1062 1493 episcopo,
1090 1433 1145 1477 et
1183 1423 1515 1510 temporibus
1547 1437 1671 1477 ora-
1838 1418 2023 1472 Canon
2049 1417 2369 1487 ltricesimus
2398 1425 2639 1485 quartus.
2687 1414 2763 1469 Ne
2799 1414 2921 1483 quis
2966 1414 3191 1467 multum
3230 1413 3315 1466 lo-

128 1512 303 1566 tionis.
1187 1504 1206 1510 ”
1771 1518 1988 1576 quatur,
2017 1523 2190 1576 neque
2213 1508 2499 1560 clamorem
2526 1506 2667 1569 edat,
2705 1516 2759 1559 et
2786 1505 2852 1559 de
2884 1512 3193 1559 sanctorum
3225 1504 3316 1557 in-

193 1600 377 1656 Cauon
410 1602 705 1659 vicesimus
744 1612 948 1658 sextus.
994 1602 1069 1657 De
1115 1603 1390 1658 auditione
1434 1604 1581 1657 verbi
1618 1602 1671 1654 in
1772 1614 1961 1667 gressu
1992 1599 2046 1651 in
2077 1598 2386 1651 mansiones
2415 1596 2671 1650 ﬁdelium.

130 1691 350 1744 ecclesia
384 1699 442 1744 et
469 1691 717 1746 oratione
739 1691 793 1743 in
818 1706 902 1743 ea.
1839 1688 2024 1743 Cauon
2058 1689 2366 1744 tricesimus
2398 1688 2637 1757 quintus.
2691 1686 2764 1740 De
2807 1686 3033 1739 diacono
3063 1697 3322 1754 praesente

195 1779 380 1834 Canon
417 1781 709 1836 vicesimus
749 1780 1030 1847 septimus.
1080 1779 1153 1833 De
1192 1796 1257 1836 eo
1298 1781 1390 1849 qui
1439 1777 1686 1851 quotidie
1774 1784 1828 1837 in
1877 1784 2158 1850 convivio,
2202 1784 2255 1838 in
2304 1799 2413 1853 quo
2460 1785 2598 1838 adsit
2637 1785 2943 1853 presbyter;
2984 1784 3152 1837 vicem
3205 1782 3323 1851 ejus

133 1886 233 1923 non
273 1871 483 1925 accedit
512 1872 580 1925 ad
616 1870 920 1935 ecclesiam;
964 1870 1105 1940 legat
1139 1871 1335 1934 libros;
1372 1880 1425 1925 et
1453 1872 1519 1925 de
1552 1886 1677 1924 ora-
1708 1930 1745 1942 ﬁ
1777 1882 1923 1941 gerat
1952 1874 2003 1926 in
2036 1873 2278 1927 oratione
2307 1883 2361 1927 et
2406 1873 2665 1928 fractione
2699 1875 2854 1942 panis
2885 1874 2949 1925 ad
2992 1872 3321 1926 benedictio-

134 1960 269 2011 tione
300 1959 497 2013 media:
524 1959 722 2024 noctis,
752 1968 805 2012 et
836 1959 1127 2028 gallicinio,
1156 1969 1210 2013 et
1246 1960 1520 2015 ablutione
1556 1975 1674 2013 ma—
1708 1930 1747 1983 Β
1776 1930 1932 2026 item,
1961 1969 2016 2015 et
2057 1976 2163 2015 non
2206 1961 2273 2015 ad
2301 1976 2528 2031 corpus;
2573 1930 2745 2030 deque
2782 1960 3094 2014 dimissione
3133 1960 3322 2012 vidua-

133 2062 290 2099 nuum
319 2056 562 2116 tempore
591 2046 880 2116 cujuslibet
902 2048 1183 2102 orationis.
1619 2080 1630 2102 ι
1776 2066 1917 2107 rum.

196 2134 380 2190 Canon
412 2137 703 2192 vicesimus
727 2146 967 2191 octavus.
991 2136 1143 2202 Quod
1172 2152 1329 2192 nemo
1347 2138 1677 2192 credentium
1844 2140 2031 2195 Canon
2059 2141 2365 2197 tricesimus
2407 2150 2611 2196 sextus.
2656 2140 2731 2195 De
2762 2140 3015 2209 primitiis
3050 2139 3321 2193 fructuum

136 2225 419 2295 quidquam
459 2237 668 2295 gustet,
711 2228 817 2282 nisi
853 2238 1135 2298 postquam
1188 2231 1485 2299 perceperit
1525 2244 1677 2283 sacra
1775 2240 1949 2295 terrae,
1976 2240 2031 2284 et
2052 2232 2228 2300 primo
2254 2242 2376 2287 voto
2405 2247 2616 2297 eorum,
2661 2242 2713 2286 et
2756 2232 3136 2292 torcularibus,
3182 2231 3322 2292 oleo,

137 2316 403 2384 mysteria,
437 2320 733 2386 presertim
759 2320 949 2374 diebus
971 2318 1181 2388 jejunii.
1440 2376 1445 2382 ,
1776 2320 1951 2381 melle,
1984 2319 2142 2383 lacte,
2172 2322 2294 2375 lana
2326 2330 2380 2376 et
2410 2321 2697 2385 similibus,
2728 2334 2848 2390 qute
2880 2320 3133 2389 episcopo
3158 2318 3322 2373 bene-

202 2406 383 2460 Canon
414 2409 707 2464 vicesimus
739 2426 930 2464 nonus.
965 2410 1040 2462 De
1078 2409 1321 2462 custodia
1345 2408 1675 2462 oblationum
1776 2410 1999 2464 dicenda
2021 2410 2335 2465 offerantur.
2432 2442 2445 2467 η-

137 2512 250 2566 qute
276 2513 449 2567 super
480 2500 651 2554 altare
686 2509 812 2554 sunt
840 2500 1131 2568 impositae;
1163 2514 1228 2552 ne
1262 2498 1552 2567 quidquam
1580 2499 1677 2552 de-
1845 2499 2033 2555 Canon
2088 2501 2396 2555 tricesimus
2442 2500 2723 2569 septimus.
2776 2498 2998 2564 Quoties
3045 2498 3327 2566 cpiscopus

138 2589 272 2642 cidat
308 2589 362 2642 in
394 2600 641 2644 sanctum
672 2591 912 2653 calicem,
952 2598 1006 2642 et
1034 2604 1099 2642 ne
1134 2588 1426 2657 quidquam
1470 2588 1680 2642 decidat
1779 2589 2005 2659 percipit
2027 2591 2093 2644 de
2126 2590 2395 2660 mysteriis
2428 2592 2651 2652 sanctis,
2689 2598 3079 2657 congregemur
3110 2588 3324 2641 diaconi

139 2691 167 2729 a
192 2677 582 2742 sacerdotibus,
612 2686 785 2747 neque
810 2693 877 2732 ex
905 2677 1086 2747 pueris
1119 2676 1209 2730 ubi
1246 2678 1678 2732 communionem
1778 2688 1833 2734 et
1875 2681 2173 2750 presbyteri
2222 2680 2389 2733 induti
2448 2681 2685 2734 vestibus
2732 2680 2869 2732 albis
2910 2677 3171 2747 speciosis
3218 2692 3331 2747 pre

138 2768 468 2836 perceperint
492 2786 506 2821 :
535 2783 602 2823 ne
632 2768 936 2823 dominetur
961 2769 1041 2823 eis
1080 2769 1301 2838 spiritus
1338 2784 1589 2837 nequam.
1626 2779 1680 2824 et
1780 2771 1927 2825 omni
1956 2770 2173 2840 populo,
2202 2779 2257 2823 et
2284 2770 2531 2824 similiter
2556 2777 2897 2837 anagnostes.

141 2872 202 2909 ne
240 2857 492 2926 loquatur
540 2857 803 2926 quispiam
848 2859 902 2911 in
953 2859 1301 2927 proiectione
1330 2860 1678 2928 (sanctuario)
1849 2861 2034 2915 Canon
2063 2863 2370 2915 tricesimus
2411 2869 2652 2914 octavus.
2689 2858 2761 2913 De
2786 2866 2943 2913 nocte
2972 2858 3024 2911 in
3070 2872 3172 2926 qua
3205 2872 3330 2910 sur-

141 2948 236 2999 nisi
266 2948 570 3002 orationem
594 2948 847 3012 dicendo;
882 2958 933 3002 et
960 2950 1049 3003 ubi
1090 2948 1343 3002 desinunt
1382 2950 1680 3003 oblationes
1784 2951 1924 3003 rexit
1946 2949 2010 3002 D.
2037 2948 2101 3003 N.
2126 2949 2284 3004 Jesus
2317 2950 2583 3004 Christus.
2626 2948 2702 3001 Ne
2734 2949 2873 3002 ullus
2902 2963 2962 3001 ea
3004 2956 3158 3000 nocte
3197 2948 3326 2999 dor-

139 3037 308 3104 p0puli
336 3037 584 3107 legantur
607 3037 806 3092 Psalmi
843 3038 1047 3107 (ubique
1092 3039 1203 3091 loco
1233 3038 1479 3091 Calvaria
1505 3049 1552 3091 et
1586 3055 1679 3106 pro
1783 3039 1913 3091 miat
1936 3046 1991 3090 et
2019 3054 2157 3106 aqua
2210 3054 2267 3091 se
2311 3038 2528 3101 abluat;
2576 3045 2629 3091 et
2679 3037 2942 3105 expositio
2992 3030 3235 3104 hujusce,
3273 3043 3329 3088 ei

140 3129 520 3196 consignatione
551 3130 721 3182 crucis
742 3141 789 3182 et
816 3130 1125 3197 projectione
1146 3129 1369 3197 pulveris
1400 3130 1587 3181 altaris
1626 3129 1680 3180 in
1782 3129 2044 3196 expositio
2073 3129 2139 3182 de
2177 3128 2268 3181 illo
2300 3130 2391 3197 qui
2421 3138 2541 3197 post
2566 3125 2895 3197 Baptismum
2923 3138 3125 3198 peccat,
3155 3132 3326 3198 deque

139 3220 380 3287 piscinam
406 3235 426 3273 :
457 3222 528 3276 ita
565 3223 634 3276 cl.
693 3223 978 3291 interpres,
1018 3224 1196 3289 potius
1240 3222 1522 3290 verterem)
1568 3236 1682 3273 cum
1709 3240 1751 3296 ρ
1783 3220 1942 3272 licitis
1981 3227 2034 3271 et
2071 3218 2292 3272 illicitis.

140 3309 268 3360 omni
299 3312 586 3364 attentione
616 3327 773 3379 usque
801 3314 869 3364 ad
890 3312 1093 3380 signum
1116 3312 1303 3364 crotali
1322 3326 1342 3363 :
1367 3328 1429 3364 ac
1448 3311 1513 3363 de
1532 3311 1677 3379 signa
1855 3311 2162 3379 Expliciunt
2188 3310 2421 3365 Canones
2450 3310 2509 3364 S.
2534 3312 2848 3379 patriarcha
2879 3310 3148 3380 Hippolyti
3175 3305 3328 3378 primi

142 3400 297 3453 crucis
319 3409 367 3453 et
389 3401 707 3469 proiectione
735 3400 980 3469 pulveris,
1016 3410 1119 3455 etc.
1781 3404 2097 3471 patriarchae
2139 3401 2284 3455 urbis
2322 3417 2525 3468 magna:
2562 3400 2755 3461 Rome.
2786 3417 2912 3469 quos
2947 3403 3250 3467 composuit,
3280 3412 3325 3451 et

204 3488 383 3545 Callon
407 3490 736 3546 tricesimus.
762 3488 836 3547 Dc
857 3494 1273 3554 catechumenis,
1303 3510 1364 3548 ac
1391 3493 1674 3547 similibus.
1784 3510 2026 3545 numerus
2052 3510 2226 3545 eorum
2260 3503 2333 3546 rst
2356 3490 2611 3544 XXXVIII
2638 3492 2922 3557 Cortonam.
2952 3489 3087 3542 Deus
3114 3506 3202 3541 nos
3234 3492 3326 3541 atl-

204 3579 387 3635 Canon
414 3581 725 3636 tricesimus
754 3582 977 3651 primus.
1006 3584 1077 3636 De
1097 3585 1347 3653 episcopo
1369 3594 1421 3637 et
1458 3586 1679 3655 presby-
1779 3585 1920 3650 iuvet
1951 3586 2017 3636 ad
2049 3602 2132 3637 eos
2162 3585 2531 3654 exsequendas.
2579 3582 2644 3634 Et
2683 3581 2787 3632 Deo
2833 3581 3001 3649 gloria
3033 3595 3248 3647 semper,
3278 3590 3327 3632 et

146 3680 250 3725 tero
279 3671 671 3743 imperantibus
705 3672 927 3728 diaccuc
969 3681 1029 3726 ut
1069 3673 1505 3728 communionem
1550 3689 1678 3743 por-
1784 3692 1937 3746 super
1970 3692 2061 3729 nos
2088 3674 2448 3729 misericordia
2475 3672 2587 3742 ejus
2620 3674 2675 3725 in
2703 3671 2969 3724 saeuiunt.
3001 3670 3181 3723 Amen.

143 3773 290 3833 rigat.

1000 4142 1654 4292 ANONYMI
1737 4140 2461 4255 CUJUSDAM

467 4362 595 4435 Qui
644 4362 764 4425 sub
806 4359 1165 4427 Alexandro
1199 4358 1578 4435 imperatore
1616 4357 1877 4422 vixisse.
1908 4373 2077 4418 anno
2131 4355 2364 4417 Christi
2412 4355 2553 4427 236,
2605 4352 2971 4443 perhibetur

954 4726 1221 4785 SANCTO
1252 4725 1629 4781 HIPPOLYTO
1660 4723 2045 4782 PORTUENSI
2078 4723 2529 4781 SUPPOSITUM.

1070 4885 1231 4945 (Vide
1269 4885 1588 4954 Patrologia:
1632 4884 1840 4939 Latinae
1866 4892 1994 4938 tom.
2023 4881 2110 4945 Ill,
2139 4882 2244 4938 col.
2272 4873 2423 4943 657.)

156 5244 672 5329 Fragmenta_sub.
706 5245 964 5329 nomine
1020 5240 1717 5329 Hippolytidunioris‘,
1779 5235 2099 5329 Thebani,
2146 5236 2495 5329 'szeculi‘X
2546 5242 2875 5329 auctore,_
2910 5228 2989 5292 ab
3056 5230 3314 5293 Alberto

489 5321 781 5386 Fabricio
817 5313 1391 5401 congestafordini
1434 5316 1880 5393 chronologico
1924 5313 2315 5376 adhaerentes
2339 5357 2357 5387 ,
2393 5313 2497 5375 hic
2535 5313 2902 5375 omittimus.

159 5524 3296 5576 Μ

162 5655 403 5720 Librum
446 5652 555 5718 cui
601 5648 865 5714 titulus:
888 5646 1473 5725 Philosophumena,
1506 5642 1769 5725 Origeni
1809 5641 2081 5725 primum
2110 5683 2143 5725 ,_
2165 5643 2224 5702 S.
2257 5637 2606 5718 Hippolyto
2632 5644 2848 5715 postea
2877 5634 3315 5712 suppositum,

278 5718 319 5775 τί
1066 5718 1331 5786 adiimus
1354 5723 1422 5785 in
1449 5718 1910 5800 appendice'ad
1957 5718 2261 5780 senculum
2294 5734 2382 5780 tv.
