4098 6362
3035 448 3975 480 m

942 452 3282 483 ww.

756 453 1344 482 m

1409 665 1616 873 s.
1805 655 3360 871 GBEGOBIUS

1189 1055 2570 1193 NEOCXESARIENSIS
2701 1059 3544 1188 EPISCOPUS

1696 1344 1847 1406 (ῖοῦ
1858 1344 2032 1406 ΝΟΜ
2046 1343 2255 1405 ENTO
2305 1341 2649 1403 TIIAUMA
2660 1341 2870 1403 TURG
2881 1341 2991 1406 US.

1327 1733 1840 1882 NOTITIA
1914 1786 3379 1931 HI‘STORICO-LITTERARIA
3427 1725 3481 1906 ’ν

1626 2025 1916 2087 (Garamum,
1946 2004 2054 2076 Vel.
2083 2026 2222 2074 Patr.
2253 2020 2500 2086 Biblioth.,
2525 2023 2612 2086 ll],
2638 2026 2858 2087 Proleg.,
2882 2039 2930 2088 p.
2959 2024 3101 2086 xxv.)

737 2222 776 2275 1.
821 2221 1124 2303 Gregorius,
1169 2230 1322 2303 antea
1352 2217 1684 2299 Theodorus,
1717 2218 1914 2303 Gravis
1951 2218 2302 2300 Rorrianisque
2335 2224 2379 2280 Α
2409 2217 2610 2271 moniis
2653 2231 2774 2285 quae
2825 2216 2969 2271 illius
3012 2213 3277 2285 Operibus
3321 2217 3706 2286 praemisimus,
3750 2227 3863 2272 tum
3911 2233 3969 2270 ex

809 2287 1100 2359 disciplinis
1171 2289 1450 2352 excultus,
1514 2290 1784 2356 episcopus
1853 2287 2300 2342 Neocresariensis

807 2371 1163 2415 consecratur.
1195 2359 1309 2422 Quo
1345 2371 1568 2427 tempore
1592 2374 1889 2427 supremum
1918 2359 2058 2411 diem
2094 2359 2300 2411 abierit.

808 2498 1041 2553 Sanctus
1091 2495 1421 2565 Gregorius,
1484 2502 1640 2548 antea
1693 2493 2018 2550 Theodorus
2093 2494 2299 2558 dictus,

738 2590 1068 2658 praenomine
1109 2587 1357 2659 Magnus,
1387 2589 1596 2659 primus
1637 2585 2000 2644 Neocaesarea:
2047 2585 2100 2640 in
2132 2585 2304 2641 Ponto

736 2681 1024 2749 episcopus
1079 2680 1214 2746 fuit,
1269 2662 1400 2734 (ob
1446 2681 1598 2750 signa
1651 2686 1815 2749 atqde
1872 2678 2136 2732 miracula
2181 2693 2304 2748 qum.

734 2786 860 2824 cum
899 2770 1068 2825 multa
1097 2769 1462 2825 Ecclesiarum
1497 2769 1667 2839 gloria
1699 2770 2047 2838 perpetravit,
2081 2789 2100 2820 ι
2136 2778 2196 2823 ut
2226 2769 2303 2822 ait

733 2843 1096 2930 Hieranymus
1141 2860 1252 2928 (1),
1303 2857 1726 2927 Thaumaturgus
1775 2859 2096 2928 appellatus.
2146 2858 2302 2913 Hunc

732 2950 961 3018 ejusque
1016 2948 1236 3002 fratrem
1273 2948 1706 3011 Athenodorum,
1753 2947 1987 3002 Eusebio
2031 2957 2167 3002 teste
2197 2949 2297 3018 (2),

732 3041 936 3096 Graecis
961 3040 1331 3106 Romanisque
1379 3040 1685 3109 disciplinis
1733 3040 1999 3106 excultos,
2038 3039 2300 3110 Origenes

732 3133 996 3185 (ἐπείη-ραι
1031 3132 1084 3183 in
1114 3130 1399 3184 Palaestina
1448 3132 1636 3200 primis
1667 3133 1789 3185 lidei
1827 3132 2150 3186 rudimentis
2192 3131 2296 3183 im-

733 3223 928 3287 buens,
960 3223 1024 3276 ad
1058 3238 1238 3276 rerum
1265 3223 1571 3276 divinarum
1600 3224 2004 3278 meditationem
2035 3224 2294 3277 traduxit.

735 3315 936 3382 Efapso
970 3315 1346 3384 quinquennio
1389 3315 1439 3366 in
1471 3315 1698 3383 patriam
1731 3329 1983 3384 reversus
2005 3306 2298 3384 GregoriUS

732 3408 875 3460 circa
911 3423 1112 3459 annum
1142 3405 1346 3460 Christi
1375 3405 1500 3469 259,
1537 3404 1681 3458 haud
1719 3405 1892 3459 multo
1925 3414 2070 3473 post,
2095 3405 2297 3456 invitus

731 3501 877 3560 licet,
934 3513 963 3551 a
1007 3497 1280 3551 Pluedimo
1332 3498 1578 3552 Amasene
1645 3499 1875 3567 praesule
1943 3505 2296 3552 consecratur

734 3593 1046 3659 episcopus;
1097 3606 1203 3643 non
1244 3589 1481 3659 quidem,
1524 3600 1582 3644 ut
1619 3590 1864 3644 nonnulli
1903 3589 2109 3656 dixere,
2150 3589 2294 3642 nuda

733 3686 786 3736 in
840 3686 1114 3737 absentem
1169 3683 1357 3751 procul
1402 3681 1570 3735 divini
1617 3680 1869 3735 Numinis
1917 3681 2290 3744 invocatione,

732 3774 822 3826 sed
867 3773 1092 3826 Solemni
1148 3786 1404 3824 manuum
1457 3771 1840 3837 impositione,
1887 3771 2103 3822 πάντων
2157 3769 2294 3837 μετὰ

732 3867 900 3920 ταῦτα
929 3866 1034 3916 τῶν
1064 3864 1306 3934 νομίμων
1333 3863 1418 3916 ἐπ’
1447 3862 1597 3932 αὐτῷ
1629 3863 2002 3928 τελεσθέντων,
2064 3883 2083 3914 ‹
2118 3865 2294 3918 omni-

734 3959 834 4009 bus
886 3965 1068 4023 postea
1121 3957 1173 4007 iu
1215 3971 1280 4007 eo
1323 3956 1558 4023 peractis
1618 3967 1739 4023 quae
1787 3953 2042 4008 Ecclesiae
2100 3955 2294 4009 ritibus

733 4050 1193 4118 prmscrihuntur,
1228 4066 1245 4096 μ
1303 4046 1380 4099 ait
1432 4045 1632 4100 diserte
1685 4045 1738 4097 in
1785 4045 1906 4112 ejus
1933 4043 2055 4098 Vita
2096 4043 2293 4115 Nysse-

733 4156 836 4192 nus
863 4141 960 4208 (5),
999 4147 1056 4191 ut
1094 4139 1196 4191 rite
1236 4135 1464 4191 advertit
1499 4135 1568 4189 cl.
1611 4133 2059 4206 Lequienius(4).
2107 4134 2293 4190 Eccle-

731 4233 867 4284 siam
926 4231 1106 4298 itaque
1161 4229 1262 4282 sibi
1318 4229 1667 4283 commissam
1731 4226 1920 4283 sedulo
1982 4227 2161 4282 studio
2228 4243 2293 4283 ac

732 4340 943 4377 sun-ima
971 4322 1329 4377 sollicitudine
1350 4321 1604 4389 pastorali
1630 4320 1935 4375 diutissime
1951 4319 2288 4389 gubernavit,
2328 4398 2330 4401 Ι

734 4421 793 4463 ut
821 4418 1048 4462 testatur
1085 4417 1304 4462 sanctus
1331 4408 1568 4460 Basilius
1600 4408 1700 4476 (5),
1735 4407 1968 4461 Eusebio
2008 4417 2290 4476 propterea

732 4503 908 4555 dictus
956 4501 1033 4567 (6)
1081 4517 1098 4548 ι
1133 4500 1510 4566 episcoporum
1568 4508 1755 4550 nostra
1808 4507 1965 4551 aetate
2010 4499 2292 4552 celeberri-

733 4610 854 4649 mus
877 4632 891 4654 ,
932 4611 949 4644 ι
990 4594 1018 4644 ὀ
1047 4591 1163 4643 καθ’
1193 4592 1339 4660 ἡμᾶς
1367 4588 1679 4642 ἐπισκόπων
1709 4588 2009 4658 διαϐόητος.
2043 4588 2146 4653 Qui
2170 4598 2290 4643 tan—

729 4697 852 4742 dem
887 4685 952 4738 ad
985 4694 1219 4738 extrema
1251 4683 1558 4748 (leveniens,
1588 4696 1711 4736 cum
1746 4679 1935 4734 fuisset
1963 4681 2287 4745 sciscitatus,

700 4773 862 4852 'quot
882 4780 1058 4834 adhuc
1093 4778 1143 4829 in
1177 4777 1308 4831 urbe
1341 4777 1608 4831 idolorum
1636 4775 1874 4828 cultores
1912 4784 2298 4850 superessent,

2405 2308 2579 2377 ipsius
2596 2306 2716 2361 Vita
2748 2323 2842 2376 per
2873 2307 2934 2362 S.
2965 2308 3285 2379 Gregorium
3313 2308 3468 2380 Nyss.
3487 2311 3713 2381 scripta.
3744 2311 3865 2377 Quo
3889 2329 3969 2365 au-

2407 2409 2514 2453 tem
2564 2413 2708 2453 anno
2748 2413 3063 2467 supremum
3092 2400 3232 2454 diem
3272 2401 3473 2456 obierit
3506 2411 3732 2458 sanctus
3756 2405 3966 2473 praesul,

2406 2505 2514 2544 non
2544 2491 2735 2562 liquet.
2766 2489 2904 2556 Illud
2923 2500 3132 2546 tantum
3147 2508 3213 2547 ex
3245 2492 3476 2549 Eusebio
3499 2481 3845 2564 perspccium
3881 2497 3967 2548 ha-

2406 2583 2597 2637 bemus
2630 2583 2728 2652 (8),
2786 2589 2966 2654 ipsum
3021 2583 3162 2638 inter
3209 2600 3302 2640 eos
3329 2584 3521 2641 Patres
3567 2587 3802 2640 maxime
3845 2586 3964 2641 emi-

2403 2676 2601 2736 uuisse,
2630 2675 2724 2743 qui
2762 2676 2831 2730 ob
2861 2675 3012 2730 Pauli
3041 2675 3379 2732 Samosateni
3406 2677 3657 2730 haeresim
3702 2691 3850 2730 anno
3871 2675 3964 2728 9.64

2404 2766 2702 2820 Antiochiae
2731 2767 2961 2836 primum
2993 2777 3378 2823 convenerunt.
3413 2766 3568 2832 Quod
3607 2767 3654 2821 si
3702 2767 3836 2820 ﬁdes
3882 2767 3964 2818 ha-

2403 2856 2592 2911 beatur
2643 2841 2852 2912 auctori
2887 2857 3075 2912 libelli
3127 2859 3366 2927 synodici
3417 2856 3751 2926 :emporibus
3789 2855 3959 2910 Photii

2402 2947 2594 3003 litteris
2632 2949 2957 3019 consignati,
2989 2947 3282 3016 Gregorius
3321 2947 3428 3002 Neo
3469 2948 3778 3003 .esariensis
3833 2949 3961 3002 inter

2402 3042 2654 3095 homines
2695 3041 2874 3094 adhuc
2910 3039 3098 3110 agebat
3134 3055 3275 3093 anno
3304 3040 3430 3102 270,
3463 3040 3661 3110 quippe
3688 3040 3782 3110 qui
3817 3041 3960 3094 alteri

2405 3133 2643 3186 concilio
2667 3131 3004 3186 Antiocheno
3054 3132 3366 3187 interfuisse
3410 3131 3645 3198 deatur,
3695 3147 3806 3204 quo
3850 3142 3959 3185 tan-

2402 3221 2522 3273 dem
2563 3220 2953 3277 Samosatcuus
3021 3219 3298 3290 depositus
3346 3225 3743 3292 damnatusque
3800 3222 3960 3277 fuisse

2403 3312 2738 3380 perhibetur.
2779 3312 2873 3383 Sic
2905 3314 3048 3365 enim
3085 3311 3335 3380 Synodici
3366 3323 3554 3367 auctor
3592 3313 3706 3383 (9):
3748 3311 3956 3370 sever..—

2400 3402 2518 3456 θεία
2551 3403 2643 3456 καὶ
2678 3405 2797 3475 ἱερὰ
2825 3403 3043 3473 τοπικὴ,
3078 3406 3133 3456 ἐν
3166 3404 3464 3473 Ἀντιοχείᾳ
3494 3402 3954 3473 συναθροισθεῖσα·

2398 3491 2466 3566 ἧς
2507 3494 2731 3567 ἔξαρχος
2780 3493 2846 3566 ἦν
2894 3497 3138 3558 Ἕλενος,
3184 3497 3210 3546 ὁ
3245 3496 3457 3566 Ταρσοῦ
3505 3498 3897 3559 ἐπίσκοπος·...
3933 3497 3957 3545 ὁ

2327 3569 2367 3624 Β
2396 3587 2820 3659 Θαυματουργὸς
2846 3587 3161 3658 Γρηγόριος,
3178 3588 3508 3658 Καισαρείας
3531 3588 3753 3653 Πόντου,
3779 3606 3889 3641 κ.τ.
3911 3588 3928 3636 ὶ

2402 3698 2421 3730 ι
2455 3678 2706 3748 Synodus
2743 3679 2925 3733 divina
2964 3688 3020 3733 et
3065 3695 3217 3733 sacra
3253 3682 3624 3750 provincialis,
3665 3681 3929 3737 Antiochi;

2398 3770 2621 3822 collecta
2657 3787 2670 3822 :
2705 3769 2861 3837 cujus
2903 3785 3102 3836 praeses
3145 3781 3260 3824 erat
3290 3771 3524 3827 llelenus
3555 3771 3712 3826 Tarsi
3753 3786 3953 3839 episco-

2397 3862 3037 3929 pus;....miraculorum
3093 3863 3311 3918 effector
3358 3863 3652 3934 Gregorius
3704 3863 3952 3917 Caesareas

2397 3950 2596 4017 Ponti,
2627 3962 2733 4006 etc.
2777 3972 2794 4001 ι
2863 3951 3035 4020 llujus
3089 3965 3262 4010 tamen
3317 3958 3600 4024 scriptoris
3648 3957 3948 4015 sententi-.13.

2397 4045 2522 4101 licet
2563 4061 2625 4099 ea
2655 4046 2787 4098 viris
2820 4047 3047 4100 eruditis
3079 4050 3331 4115 probetur
3366 4049 3498 4116 (10),
3535 4049 3680 4102 haud
3711 4053 3946 4118 equidem

2395 4140 2572 4193 libens
2607 4140 2950 4194 accesserim.
2999 4139 3132 4193 Nam
3183 4142 3234 4193 in
3273 4140 3513 4209 epistola:
3559 4140 3830 4209 synodicae
3870 4143 3944 4196 in-

2395 4233 2708 4301 scriptione,
2746 4247 2908 4300 quam
2940 4232 3123 4286 Patres
3160 4232 3320 4300 hujus
3368 4232 3583 4285 concilii
3628 4235 3941 4303 scripserunt

2396 4326 2462 4378 ad
2489 4323 2806 4394 Dionysium
2841 4323 3097 4379 Romana:
3131 4323 3280 4377 urbis
3313 4321 3624 4392 episcopum
3668 4336 3720 4379 et
3754 4328 3818 4380 ad
3843 4326 3942 4380 Ma-

2384 4417 2599 4470 'ximum
2630 4416 3059 4471 Alexandrinum
3104 4415 3254 4484 (ll),
3310 4423 3434 4468 eum
3487 4417 3792 4487 complures
3841 4422 3943 4489 cpi-

2394 4506 2543 4574 scopi
2593 4515 2714 4575 post
2751 4504 3010 4559 Helenum
3041 4502 3364 4557 Tarsensem
3401 4506 3766 4573 nominentur,
3819 4526 3938 4563 nus-

2392 4596 2537 4664 piam
2573 4604 2849 4664 comparet
2866 4602 3050 4647 noster
3066 4582 3764 4661 Gregoriusznominamlus
3789 4601 3940 4654 enim.

2396 4702 2522 4740 vero
2549 4687 2594 4739 si
2620 4687 2837 4740 demum
2872 4681 3178 4746 adfuisset;
3201 4683 3293 4752 qui
3323 4684 3576 4740 nimirum
3607 4689 3746 4743 inter
3767 4690 3937 4744 Patres

2395 4777 2685 4830 anterioris
2717 4775 2930 4830 concilii
2955 4774 3278 4829 Antiocheni
3309 4781 3536 4832 maxime
3557 4767 3800 4836 enituisse
3825 4799 3935 4836 nar-

729 4875 820 4926 uhi
869 4869 1121 4939 cognovit
1154 4883 1262 4919 non
1297 4867 1477 4935 plures
1514 4881 1635 4922 esse
1676 4881 1839 4934 quam
1881 4866 2285 4933 septemdecim,
2318 4893 2358 4947 ρ
2393 4883 2563 4928 retur.
2612 4874 2768 4938 Quod
2803 4883 2985 4928 autem
3032 4887 3319 4930 censemus
3369 4875 3666 4930 de.Libe!ti
3713 4879 3935 4947 synodiri

733 4965 840 5018 Deo
865 4964 1066 5032 gratias
1098 4973 1296 5028 agens:
1323 4976 1341 5008 ι
1377 4957 1620 5012 Totidem
1645 4959 1884 5028 quidem,
1909 4959 2103 5027 inquit,
2131 4957 2289 5011 Chri-

731 5056 996 5108 stilidem
1036 5051 1446 5122 proﬁtebantur,
1492 5066 1600 5119 quo
1641 5063 1882 5121 tempore
1928 5052 2068 5107 hanc
2095 5051 2282 5106 Eccle—

733 5147 866 5197 siam
922 5144 1212 5214 regendam
1276 5140 1488 5208 suscepi
1538 5142 1635 5210 (7).
1681 5163 1697 5194 ι
1731 5142 1955 5212 Reliqua
1986 5146 2101 5211 ejus
2135 5153 2286 5212 gesta

734 5237 1088 5302 praaterimus,
1126 5234 1265 5288 infra
1296 5232 1583 5303 repetenda
1610 5249 1732 5287 cum
1757 5251 1819 5288 ex
1849 5246 2094 5292 veterum
2130 5238 2284 5292 testi-

803 5392 878 5458 (l)
919 5391 994 5462 De
1024 5391 1126 5446 vir.
1158 5391 1380 5458 illustr.,
1413 5407 1533 5462 cap.
1564 5391 1650 5444 65.

804 5461 880 5529 (Ξ)
923 5460 1062 5530 Hist.
1094 5463 1246 5524 eccl.,
1285 5463 1377 5516 lib.
1410 5460 1494 5524 vl,
1519 5477 1634 5530 cap.
1669 5462 1754 5514 ⁸50.

806 5533 882 5598 (5)
933 5529 1035 5601 Yit.
1078 5530 1304 5601 S.Greg.
1336 5529 1730 5599 Thaumnicap.
1760 5531 1812 5583 8.

805 5603 879 5668 (4)
926 5599 1018 5652 0r.
1049 5599 1269 5667 Christ.,
1298 5613 1431 5656 tom.
1465 5601 1504 5666 Ι,
1548 5616 1668 5670 pag.
1693 5602 1804 5654 501.

803 5672 877 5736 (3)
917 5670 1083 5737 Epist.
1113 5671 1201 5723 64.
1227 5721 1230 5724 .
1638 5731 1641 5734 ,

805 5741 880 5808 (6)
925 5739 1064 5810 Hist.
1099 5739 1248 5810 ccci,
1282 5739 1374 5810 lib.
1406 5756 1480 5810 v_l,
1513 5755 1629 5810 cap.
1654 5741 1739 5796 50.

804 5811 879 5881 (7)
919 5809 1145 5882 Nyssen.
1190 5808 1290 5864 Vit.
1332 5808 1557 5880 S.Greg.
1585 5808 1829 5879 Thaum.,
1862 5828 1976 5883 cap.
2013 5813 2081 5868 28

2372 4977 2638 5028 'auctore,
2662 4965 2802 5018 idem
2839 4965 3247 5036 intelligendum
3281 4967 3655 5024 existimamus
3690 4970 3755 5024 de
3776 4970 3934 5026 Theo.

2391 5059 2528 5112 doro
2559 5057 2906 5121 Balsamone,
2939 5057 3028 5125 qui
3061 5055 3287 5111 Paulum
3316 5058 3732 5115 Samosatenum
3766 5078 3792 5115 a
3816 5061 3932 5115 Grc-

2392 5150 2544 5219 gorio
2577 5148 2984 5217 Thaumaturgo
3029 5147 3257 5216 aliisque
3303 5149 3471 5205 fuisse
3513 5152 3812 5219 depositura
3845 5164 3934 5206 tra~

2392 5242 2470 5294 dit
2526 5240 2679 5310 (12),
2744 5239 3021 5293 laudatum
3080 5240 3284 5297 scilicet
3338 5257 3666 5314 anonymum
3722 5245 3931 5298 fortasse

2469 5399 2544 5467 (8)
2589 5396 2735 5450 Hist.
2770 5394 2918 5458 eccl.,
2961 5392 3052 5446 lib.
3085 5410 3200 5467 vrt,_
3218 5411 3336 5464 cap.
3366 5396 3454 5448 ‘28.

2467 5463 2542 5538 (9)
2584 5467 2782 5537 Synod.
2819 5474 2943 5538 vet.)
2983 5480 3098 5533 cap.
3132 5464 3221 5531 27,
3261 5463 3400 5535 apud
3432 5467 3643 5522 Fabric.
3675 5467 3815 5520 Bibl.
3845 5463 3928 5517 Cr.

2392 5534 2532 5593 tom.
2559 5534 2652 5600 Χῖ,
2681 5552 2804 5604 pag.
2834 5534 2951 5586 195.

2461 5601 2858 5728 (ἰθςέῧίςῗὶὶῗίῗηέῖ
2882 5605 3094 5657 dissert.
3113 5601 3186 5656 De
3219 5604 3344 5658 cuit.
3360 5607 3415 5664 Ι.
3433 5609 3492 5662 C.
3509 5627 3539 5662 a
3571 5609 3716 5679 Meg.
3739 5611 3926 5687 agt/tib”

2425 5694 2507 5741 ag.
2541 5681 2768 5736 26,‘not.
2798 5681 2848 5727 8.

2457 5747 2566 5816 (ll)
2609 5745 2828 5816 Euseb,
2862 5743 3002 5816 Hist.
3036 5742 3186 5816 ecc_l.,
3219 5744 3596 5816 lib..vu,-cap.
3626 5747 3716 5816 ὅθ.

2378 5841 2384 5846 '
2458 5813 2568 5885 (1⁸2)
2610 5815 2867 5881 Balsam.,
2901 5815 3083 5870 Schol.
3119 5813 3171 5865 in
3202 5828 3319 5867 can.
3351 5816 3412 5869 21
3469 5813 3625 5874 conc.
3649 5815 3768 5869 Nic.
