4098 6362
226 461 337 517 969

1682 486 1975 548 ΝΟἸΊΤΙΑ.

3319 526 3424 581 9ῗῦ

224 579 520 704 gregarius
555 602 569 638 :
602 601 850 658 eamque,
910 563 1046 649 teste
1093 596 1314 655 Socrate
1365 603 1474 674 ('58)
1500 643 1513 667 ,
1541 613 1784 662 “sanctus
1813 618 1854 670 A
1887 609 2059 667 danda
2095 617 2360 674 videntur.
2384 621 2610 697 Jamque
2640 620 2710 696 ab
2736 632 2959 704 Evagrio
2983 638 3299 699 scholasﬁco
3329 647 3423 701 ad-

272 673 542 704 ατηηιιὶιιη
574 687 774 704 ...Α-ι..-
834 682 896 704 ::-
953 685 1007 704 In
1060 687 1093 704 ον
1198 691 1230 704 ..
1301 691 1305 694 -

223 666 544 751 Pamphilus
574 687 774 749 martyr
834 682 900 736 iis
952 685 1104 755 libris
1132 666 1481 760 "adjunxe'rat'.
1513 713 1650 765 quos
1675 714 1771 767 pro

219 761 473 848 Origenis
519 768 831 827 defensione
855 780 1183 848 perscripsit.
1222 783 1314 838 Est
1346 787 1472 842 vero
1500 761 1613 844 haec
1650 805 1773 843 ora-

220 857 322 917 tio,
351 843 415 911 ἶιι
453 860 581 913 viris
624 863 797 919 doctis
831 868 1198 936 observatum,
1250 879 1444 932 eximia
1498 882 1653 948 plane
1708 894 1773 940 ac

215 947 554 1014 perelegans,
581 952 726 1003 omni
771 954 1116 1012 scientiarum
1167 975 1360 1031 genere
1408 970 1542 1023 satis
1595 972 1767 1026 abun-

213 1033 356 1087 dans
381 1043 539 1103 atque
565 1038 702 1094 inter
722 1051 963 1098 veterum
999 1063 1160 1116 opera
1183 1052 1499 1121 el0quentize
1546 1060 1762 1116 absolu-

211 1124 426 1178 tissima
445 1126 568 1194 jure
619 1136 1044 1192 annumeranda.
1075 1139 1143 1192 At
1192 1142 1256 1194 de
1287 1144 1432 1199 illius
1486 1153 1765 1215 praesentia

188 1204 291 1268 lci.
321 1237 332 1252 σ
360 1215 599 1286 Bcngelii
673 1222 935 1290 judicium
993 1243 1100 1295 pra:
1156 1235 1363 1304 cmteris
1395 1204 1568 1305 placet
1612 1242 1760 1312 (59):

215 1325 237 1356 ι
272 1304 414 1360 Eant
440 1310 708 1377 homines,
744 1314 939 1385 inquit,
970 1326 1258 1392 ceteroqui
1290 1329 1630 1397 excellentes,
1671 1337 1760 1402 qui

203 1414 381 1452 unum
417 1401 704 1471 aliquando
733 1408 968 1464 libellum
1006 1416 1238 1468 naturali
1271 1417 1544 1480 refertum.
1578 1401 1760 1480 divino

201 1502 441 1543 vacuum
470 1496 600 1559 sale,
648 1505 918 1565 tantopere
945 1502 1295 1568 admirentur.
1329 1519 1388 1562 ut
1427 1514 1608 1567 multis
1655 1515 1757 1569 Pa-

199 1587 350 1632 trum
381 1584 744 1644 voluminibus
783 1602 1130 1661 anteponant.
1165 1597 1274 1654 llac
1308 1604 1507 1658 trutina
1561 1608 1603 1659 si
1632 1623 1758 1677 aga—

198 1685 351 1735 mus,
380 1675 472 1726 uni
528 1677 764 1733 vicissim
820 1684 1086 1751 periochae
1132 1687 1373 1755 Patrum,
1418 1695 1577 1748 etiam
1631 1713 1753 1752 cum

193 1760 350 1814 aliud
382 1775 560 1834 agant,
597 1783 735 1837 szepe
777 1772 898 1839 plus
932 1777 1250 1842 tribuamus,
1304 1797 1464 1850 quam
1523 1785 1753 1854 ingenti-

194 1849 305 1904 bus
331 1857 580 1920 quamvis
615 1859 892 1916 subtilium
941 1865 1279 1935 ingeniorum
1320 1849 1595 1940 operibus.
1639 1875 1752 1933 Hoc

192 1952 346 1996 certe
381 1945 498 1998 loco
530 1945 819 2017 Gregdrius
849 1956 1114 2022 exquisite
1163 1959 1555 2027 complectitur,
1589 1965 1749 2032 quid-
1780 1944 1823 1998 Β

186 2036 328 2103 quid
361 2038 425 2088 de
446 2039 732 2095 virtu-tibus
766 2052 815 2095 et
842 2045 984 2110 vitiis
1033 2048 1136 2100 diei
1174 2058 1368 2118 potest.
1413 2070 1430 2101 ι
1477 2051 1745 2116 Quantum

186 2137 358 2190 porro
385 2127 554 2193 prosit
596 2139 849 2196 praeterea
907 2134 1021 2189 haec
1067 2136 1181 2205 ipsa
1231 2141 1411 2193 oratio
1441 2144 1506 2196 ad
1535 2160 1745 2198 summa

192 2215 322 2268 tidei
354 2217 526 2283 capita
553 2221 942 2289 confirmanda,
980 2225 1164 2281 Bullus
1208 2227 1440 2298 primum
1475 2233 1603 2304 (40),
1653 2237 1745 2289 de-

187 2305 319 2359 inde
343 2305 594 2376 hiat-anus
622 2309 730 2379 (41)
758 2313 995 2369 lucenter
1021 2318 1473 2375 demonstrarunt.

259 2396 342 2449 Ad
371 2396 531 2474 hujus
568 2411 744 2455 autem
773 2408 1031 2461 orationis
1065 2408 1327 2466 editiones
1359 2415 1498 2483 quod
1527 2417 1736 2480 attinet,

180 2471 498 2539 contextum
551 2487 838 2554 Graecum,
901 2495 1078 2548 addita
1136 2498 1570 2566 interpretatione
1627 2502 1740 2557 Sir-

183 2574 396 2636 mondi,
445 2576 652 2643 primus
709 2580 975 2652 evulgavit
1025 2583 1294 2641 Gerardus
1325 2587 1547 2646 Vossius
1591 2592 1737 2648 Tun-

180 2666 398 2732 grensis
461 2676 800 2735 praeposntus,
856 2669 1143 2741 Moguntiaa
1187 2692 1328 2731 anno
1372 2678 1526 2746 1604,
1574 2695 1734 2755 atque

176 2743 344 2807 istam
391 2755 678 2812 editionem
711 2764 974 2829 expressit
1029 2764 1347 2822 Parisiensis
1393 2786 1520 2825 ann.
1575 2774 1731 2829 1621.

115 2863 118 2865 ·
177 2840 383 2899 Verum
415 2847 554 2903 hanc
607 2850 774 2906 altera
825 2867 1190 2923 praecesserat,
1223 2875 1340 2928 quae
1371 2864 1547 2917 studio
1573 2864 1732 2920 Davi-

175 2939 268 2992 dis
305 2937 596 2995 Hoescbelii
654 2930 791 2998 cum
837 2942 1082 3002 versione
1142 2947 1478 3005 Rhodomani
1535 2958 1731 3023 prodiit

175 3030 438 3098 Augusta:
469 3030 869 3090 Vindelicorum
901 3053 1044 3094 anno
1088 3040 1245 3112 1605,
1278 3041 1521 3112 Origenis
1548 3058 1729 3100 contra

171 3123 387 3177 Celsum
413 3126 565 3181 libris
591 3130 897 3199 subjuncta,
925 3149 1047 3186 cum
1073 3113 1347 3193 nonnullis
1371 3141 1612 3204 editoris,
1645 3143 1728 3195 in-

169 3210 425 3282 terpretis
473 3227 635 3288 atque
674 3219 839 3276 lsaaci
898 3223 1203 3281 Casauboni
1259 3231 1418 3285 notis.
1491 3231 1723 3301 llujusce

168 3315 352 3361 autem
387 3309 566 3362 saeculi
616 3326 755 3365 anno
800 3311 935 3367 1722
981 3315 1302 3386 Stutgardite
1333 3319 1585 3389 quartam
1606 3327 1719 3378 edi-

168 3399 373 3450 tionem
412 3402 591 3454 emisit
633 3400 866 3458 Ioannes
904 3406 1151 3469 Albertus
1180 3411 1481 3480 Bengelius,
1514 3421 1717 3473 caeteris

169 3491 344 3545 multo
381 3493 822 3559 emendatiorem,
853 3506 1012 3564 quam
1045 3506 1098 3552 et
1137 3502 1358 3556 eruditis
1387 3506 1717 3561 observatio-

163 3582 330 3636 nibus
369 3589 570 3635 textum
599 3586 938 3651 potissimum
997 3592 1360 3656 spectantibus
1410 3595 1710 3651 illustravit.

162 3673 344 3740 Atque
397 3672 534 3726 banc
583 3671 1038 3745 Stutgardiensem
1095 3681 1379 3735 editionem
1425 3685 1710 3760 dolendum

162 3768 318 3818 sane
349 3764 671 3833 praeteriisse
714 3768 888 3822 virum
919 3769 1159 3839 doctum,
1186 3774 1277 3842 qui
1311 3776 1547 3828 eamdem
1576 3775 1709 3831 Gre-

161 3853 301 3921 gorii
333 3853 503 3908 nostri
555 3855 850 3910 orationem
894 3870 1088 3928 quarto
1140 3858 1408 3916 volumini
1433 3863 1710 3933 Origenia-

159 3961 358 4000 norum
395 3945 619 3999 intexuit
661 3948 932 4018 ediditque
981 3950 1208 4030 Parisiis
1241 3971 1381 4010 anno
1423 3958 1578 4010 1759.
1615 3957 1707 4013 ll;s

159 4039 345 4104 itaque
368 4037 622 4091 subsidiis
668 4037 913 4095 instructi
947 4052 1186 4100 nostram
1215 4047 1544 4120 paravimus,
1572 4048 1706 4103 Ben-

155 4129 358 4196 gelium
398 4131 707 4198 plerumque
737 4135 1017 4197 assectati;
1050 4149 1276 4203 eamque
1305 4152 1397 4205 pro
1432 4156 1577 4194 more
1611 4156 1705 4193 no-

155 4229 272 4270 stro
344 4220 398 4270 in
439 4218 609 4286 capita
674 4234 768 4272 seu
817 4225 1084 4276 sectiones
1131 4225 1505 4282 distrilmimus
1536 4271 1549 4292 ,
1594 4247 1703 4299 quo

153 4308 418 4361 nimirum
466 4310 584 4378 ejus
635 4310 791 4366 lectio
851 4311 1062 4368 facilior
1111 4315 1395 4382 utiliorque
1450 4321 1699 4388 deinceps

150 4396 368 4449 evadat.
1296 4416 1298 4419 ’

150 4486 239 4540 Vl.
289 4487 415 4540 Hec
461 4498 662 4543 tantum
703 4486 859 4562 supra
896 4504 1184 4547 memorata
1217 4494 1451 4563 Gregorii
1484 4497 1695 4570 tVeorw-

217 4557 473 4612 sariensis
514 4560 715 4615 sincera
765 4557 1058 4616 litterarum
1092 4557 1440 4636 monumenta.
1475 4568 1690 4636 Reliqua

218 4628 299 4706 pel
329 4628 490 4706 dubia
525 4629 600 4706 vet
623 4632 1079 4706 pseudepigrap/m.
1123 4635 1394 4702 Expositio
1423 4640 1540 4690 fidei
1571 4628 1692 4706 pro-

145 4731 150 4735 -
219 4699 385 4751 lixior
424 4697 742 4766 Apollinarii
787 4697 897 4755 esse
941 4697 1344 4758 demonstratur.
1392 4706 1537 4760 Idem
1571 4697 1694 4761 scu-

217 4770 457 4822 tiendum
493 4769 556 4818 de
579 4768 1070 4825 Anathematismis.

217 4859 348 4914 Haec
397 4875 559 4928 porro
617 4859 915 4923 litterarum
977 4877 1318 4918 monumenta
1377 4869 1440 4920 de
1497 4870 1694 4937 quibus

144 4951 413 5006 hactenus
439 4951 845 5018 edisseruimus,
874 4971 936 5008 ea
964 4965 1088 5010 sunt
1128 4955 1408 5021 duntaxat,
1435 4976 1552 5026 qua:
1581 4969 1691 5013 tum

141 5053 390 5096 veterum
423 5044 760 5102 auctoritate.
811 5053 920 5098 tum
956 5048 1309 5100 recentiorum
1360 5050 1689 5104 eruditorum

141 5147 418 5185 consensu
446 5140 690 5186 sanctum
715 5129 1027 5201 Gregorium
1077 5137 1558 5191 Neocaesariensem
1580 5143 1692 5207 cpi-

143 5235 374 5288 scopum
408 5230 681 5275 auctorem
700 5206 1022 5290 agnoscunt.
1059 5226 1280 5294 Reliqua
1315 5243 1438 5280 vero
1483 5245 1603 5300 qua:
1637 5233 1687 5283 in

139 5311 307 5365 editis
338 5312 440 5363 sub
464 5313 580 5380 ejus
617 5313 831 5366 nomine
858 5313 1330 5380 circumferuntur,
1360 5318 1466 5371 alio
1496 5335 1686 5372 aman-

209 5439 325 5510 ίζ58)
355 5439 494 5510 Hist.
524 5443 648 5495 eccl.
679 5421 770 5497 lib.
800 5460 871 5508 IV,
898 5459 1016 5510 cap.
1047 5448 1134 5500 27.

363 5508 418 5584 l_n
449 5523 566 5584 _not.
599 5516 664 5567 ad
691 5524 826 5584 orat.
871 5515 920 5564 in
949 5508 1164 5582 Origen.
1201 5534 1318 5584 cap.
1361 5518 1441 5569 19..

176 5577 322 5670 l“90)
360 5579 564 5646 Defens.
592 5584 683 5648 ῥά.
714 5583 859 5648 Nic.,
900 5577 1117 5649 secLiI,
1147 5577 1379 5655 cap-1‘2.
1410 5592 1433 5654 ᾗ
1482 5589 1527 5647 ί,
1562 5602 1680 5655 pag.

139 5644 255 5697 153.
294 5644 444 5714 seqq.
592 5644 600 5648 ⁷
847 5644 854 5648 ⁷
1107 5644 1115 5649 ’
1213 5644 1225 5655 ³
1410 5644 1433 5654 ”
1519 5644 1524 5647 ’
1563 5644 1574 5653 “
1605 5644 1659 5733 ,ν

207 5715 318 5781 (41)
346 5714 519 5770 Divin.
569 5720 633 5772 Β.
670 5721 740 5774 Ν.
769 5723 822 5776 Ι.
867 5725 949 5785 (2.,
990 5723 1180 5788 Ιίὶ).ἰγ,
1209 5742 1326 5793 cap.
1359 5727 1447 5787 ‘20,
1503 5741 1552 5794 ρ.
1585 5725 1676 5777 :32!

139 5800 319 5920 su(“ti-.5)
355 5853 495 5907 Hist.
533 5859 656 5910 ecel.
683 5860 772 5914 lib.
805 5879 884 5927 ιιι,
919 5879 1036 5932 cap.
1066 5861 1154 5915 9L

455 5951 712 6012 PATnoL.
763 5953 876 6016 Gtt.
915 5952 990 6013 Χ.

1872 718 2154 780 monemur
2173 709 2309 778 (42),
2325 715 2522 772 multos
2542 719 2864 788 Apollinaris
2880 726 3043 784 libros
3059 733 3354 791 Athanasio
3371 750 3422 793 ct

1871 791 2116 862 Gregorio
2176 797 2562 876 Thaumaturgo
2608 822 2660 864 et
2709 811 2851 868 Julio
2883 816 3250 893 (Acephalos)
3281 791 3420 882 falso

1868 883 2183 952 ascripsisse
2206 907 2218 941 :
2238 891 2479 969 ﬂendi;
2509 897 2567 950 δὲ
2583 883 2980 976 Ἀπολλιναρίου
3011 883 3243 978 ίόγουςί
3269 916 3422 973 Ἀθα-

1868 972 2052 1042 νασίῳ,
2090 977 2184 1032 καὶ
2215 979 2493 1053 Γρηγορεῳ
2518 987 2592 1056 τῷ
2618 972 3019 1066 Θαυματοῖδργῷ
3044 972 3141 1053 κᾷὶ
3171 972 3416 1078 "iloulttp,

1865 1059 1950 1114 διὰ
1977 1064 2084 1116 τῶν
2121 1069 2433 1140 ἐπιγραφῶν
2464 1079 2855 1136 ιάνατεθείκισι.
2889 1084 3063 1154 Atque
3107 1061 3415 1161 hujusmodi

1864 1161 1948 1205 est
1974 1154 2026 1206 in
2049 1157 2239 1224 primis
2288 1161 2559 1231 Expositio
2582 1169 2714 1235 ﬁdei
2741 1173 3018 1241 prolixior,
3057 1154 3309 1252 inscripta
3349 1187 3418 1241 Ἢ

1862 1245 2011 1296 κατὰ
2032 1247 2213 1314 μέρος
2237 1253 2457 1320 πίστις,
2492 1258 2592 1313 hoc
2639 1269 2740 1324 est,
2770 1262 2928 1318 Fides
2953 1245 3304 1336 particzdatim
3331 1279 3416 1332 di-

1862 1346 2048 1401 gesta:
2098 1340 2219 1395 ideo
2274 1345 2353 1400 sic
2404 1349 2565 1416 dicta,
2615 1361 2674 1406 ut
2723 1355 3102 1425 interpretatur
3144 1353 3410 1424 Gerardus

1863 1423 2084 1481 Vossius
2112 1431 2244 1502 (45),
2278 1437 2362 1489 vel
2389 1439 2536 1506 quod
2567 1459 2630 1494 ea:
2661 1456 2811 1510 parte
2841 1423 2958 1516 qua:
2981 1465 3105 1507 sunt
3134 1456 3276 1524 tidei,
3305 1423 3411 1513 trs-r-

1857 1515 1947 1568 dat
1974 1528 2134 1586 atque
2156 1536 2417 1590 exponat;
2449 1532 2550 1583 -vel
2604 1537 2745 1601 quod
2774 1515 2871 1603 per
2891 1546 3143 1606 partesin
3183 1564 3245 1602 ea
3262 1515 3411 1607 ἠιιρς,

1857 1606 2166 1673 explicetur.
2196 1611 2344 1668 Halic
2367 1626 2544 1672 autem
2577 1620 2964 1688 Expositione»:
2997 1638 3288 1700 genuinum
3314 1659 3406 1711 pa-

1859 1709 2062 1754 rentem
2116 1719 2412 1772 agnoscere
2470 1712 2881 1781 Apollinarium,
2935 1725 3108 1790 palam
3157 1709 3406 1802 compro—

1857 1787 2053 1843 laarunt
2079 1795 2179 1847 sub
2212 1795 2387 1853 Leone
2434 1799 2453 1851 l
2487 1804 2806 1872 imperatore
2852 1809 3122 1870 PaL-estini
3153 1826 3403 1880 monachi

1855 1887 1907 1932 et
1940 1882 2028 1933 alii
2087 1885 2538 1947 Chalcedonensis
2585 1898 2800 1952 concilii
2840 1916 3286 1979 propugnatores,
3318 1916 3402 1969 iu-

1853 1971 1967 2036 qnit
1993 1973 2060 2025 ei.
2097 1975 2421 2044 Lequienius
2453 1984 2583 2052 (44),
2645 1991 2852 2054 prolato
2879 1971 3133 2052 nimirum
3179 1971 3399 2070 operum:

1848 2059 2010 2129 hujus
2045 2064 2416 2124 hmresiarchaa
2462 2075 2672 2140 iudice,
2724 2095 2881 2147 quem
2931 2084 3242 2147 Timotheus
3279 2095 3416 2164 ejus

1847 2149 2141 2219 discipulus
2175 2159 2302 2213 olim
2357 2176 2719 2220 contexuerat.
2772 2170 2924 2234 Quod
2969 2179 3181 2243 quidem
3212 2149 3392 2251 posiea

1845 2239 2044 2295 diserte
2069 2253 2293 2302 testatus
2325 2259 2407 2304 est
2429 2246 2684 2310 Leontius
2708 2239 2997 2328 Byzantius
3043 2268 3094 2320 in
3139 2239 3277 2327 libro
3299 2276 3393 2329 ad-

1843 2343 2030 2387 versus
2082 2335 2511 2409 Apollinaristas,
2552 2347 2636 2420 cui
2686 2348 2872 2406 titulus
2899 2351 3085 2412 Latine
3131 2363 3388 2430 redditus,

1842 2417 1908 2473 1η
1943 2439 2026 2475 eos
2048 2427 2137 2494 qui
2162 2431 2430 2498 proferunt
2460 2418 2865 2508 nobis'qua’dam
2888 2446 3222 2517 Apollinarii,
3251 2417 3389 2522 falso

1840 2512 2090 2582 inscripta
2133 2522 2337 2574 nomine
2367 2534 2665 2580 sanctorum
2719 2530 2959 2587 Patrum.
2995 2534 3082 2591 Sic
3107 2539 3269 2609 igitur
3302 2544 3390 2600 ille

1841 2607 2024 2659 statim
2058 2608 2124 2662 ab
2155 2611 2306 2666 initio
2329 2615 2438 2685 (45)
2467 2635 2478 2668 :
2515 2635 2535 2667 ‹
2570 2617 2795 2683 Quidam
2847 2640 2910 2677 ex
2945 2607 3149 2684 haeresi
3185 2635 3388 2702 Apolli-

1836 2697 1974 2748 narii
2024 2700 2107 2752 vel
2151 2702 2401 2770 Eutychis
2439 2708 2521 2759 vel
2560 2708 2818 2778 Dioscori,
2865 2731 2984 2770 cum
3031 2697 3248 2777 vellent-
3275 2726 3385 2781 hae-
3422 2746 3424 2748 '

1837 2787 1996 2854 resim
2049 2804 2200 2843 suam
2243 2794 2595 2863 conﬁrmare,
2643 2805 2902 2873 quasdam
2956 2812 3224 2870 orationes
3271 2817 3382 2884 (λό-

1832 2876 1991 2947 γους)
2022 2877 2357 2946 Apollinarii,
2391 2885 2638 2956 Gregorio
2677 2891 3064 2967 Thaumaturgo
3091 2915 3190 2968 aut
3221 2876 3382 2959 Ai/m-

1831 2967 1977 3018 noxio
2006 2977 2100 3020 aut
2124 2969 2269 3025 Julia
2298 2974 2706 3047 inscripserunt,
2743 2995 2799 3038 ut
2832 2985 3184 3056 simpliciores
3225 2995 3374 3050 faile-
3459 3015 3464 3019 '

1833 3065 1982 3109 rent:
2012 3061 2154 3127 quod
2184 3063 2401 3129 quidem
2427 3068 2784 3135 perfecerunt.
2811 3114 2822 3127 .
2845 3077 2983 3131 ..-Et
3011 3082 3150 3148 apud
3183 3086 3379 3142 multos

1827 3164 1892 3202 ex
1927 3162 2071 3206 recte
2118 3156 2458 3214 credentibus
2501 3166 2734 3230 reperire
2772 3171 2973 3234 poteris
3018 3173 3233 3240 libru‘m,
3288 3181 3376 3232 cui

1749 3277 1789 3332 Ο
1826 3245 2032 3309 titulus,
2050 3246 2118 3300 'H
2137 3249 2283 3302 κατὰ
2295 3249 2471 3319 μέρος
2492 3255 2711 3322 πίστις,
2731 3259 3041 3330 inscriptum
3074 3265 3371 3335 Gregorio.)
3432 3297 3439 3299 ··

1825 3333 2074 3405 idemque
2101 3338 2366 3408 judicium
2390 3345 2511 3397 tulit
2537 3344 2794 3416 Eulogius
2815 3333 3208 3412 Alexandrinus
3232 3365 3371 3428 apud

1823 3426 2071 3482 Photium
2110 3431 2240 3502 (46).
2277 3432 2342 3486 Et
2370 3441 2708 3501 postmodum
2738 3442 2929 3496 similia
2970 3448 3184 3518 scripsit
3208 3426 3366 3506 etiam

1819 3517 2152 3589 Nicephorus
2181 3523 2294 3578 (ΞΡ.
2320 3526 2473 3580 initio
2501 3529 2892 3588 dissertationis
2922 3517 3109 3589 contra
3136 3537 3368 3609 Epipha-

1821 3608 2021 3661 nidem.
2915 3614 2918 3618 ’

1891 3715 1908 3745 ‹
1945 3697 2196 3762 Quinimo
2235 3701 2446 3764 (verbis
2473 3713 2594 3758 utor
2627 3705 2726 3759 viri
2758 3709 2900 3762 docti
2929 3711 3038 3780 (47)
3065 3715 3221 3770 modo
3244 3719 3366 3772 lau-

1815 3786 1953 3854 dati)
1988 3788 2225 3853 ejusdem
2253 3790 2407 3856 planc
2441 3792 2663 3847 furfuris
2685 3808 2809 3850 sunt
2831 3800 3192 3857 illiduodecim
3222 3809 3364 3863 Ana-

1814 3877 2132 3931 thematismi
2181 3897 2294 3933 cum
2330 3900 2508 3936 eorum
2560 3887 3003 3960 interpretatione,
3044 3913 3164 3965 qua:
3192 3899 3366 3956 Thau-

1812 3972 2041 4038 tnaturgi
2068 3988 2262 4026 nomen
2293 3976 2512 4042 perinde
2540 3981 2815 4046 pra-ﬁxum
2847 3985 3061 4039 habent.
3083 3988 3191 4044 Etsi
3219 3996 3360 4048 enim

1811 4074 1915 4119 una
1942 4073 2130 4114 natura
2165 4064 2216 4115 in
2251 4067 2328 4118 eis
2360 4066 2559 4121 diserte
2586 4085 2691 4122 non
2730 4076 3075 4139 exprimitur.
3111 4077 3358 4139 latentem

1810 4158 1986 4203 tamen
2018 4150 2201 4204 dolum
2253 4154 2493 4210 indicant
2526 4165 2796 4214 consueta:
2827 4163 3219 4229 Apollinaristis
3277 4175 3357 4224 lo—

1807 4240 2070 4302 eutioncs,
2104 4243 2300 4309 quibus
2336 4245 2472 4297 male
2511 4230 2684 4300 sanas
2727 4248 2943 4304 Diodori
2983 4254 3263 4314 Tarsensis
3291 4263 3356 4314 dc

1803 4327 2002 4382 Christi
2032 4346 2256 4396 persona
2290 4341 2343 4384 et
2373 4341 2562 4386 natura
2581 4351 2739 4390 voces
2761 4345 3159 4410 expugnabant.
3191 4365 3354 4410 Seque

1803 4418 1934 4470 adeo
1970 4420 2244 4475 catholica:
2292 4423 2410 4477 fidei
2460 4425 2792 4492 professores
2821 4432 3198 4489 obtendebant.
3245 4439 3348 4492 Sed

1801 4519 1853 4560 et
1886 4510 1936 4562 in
1994 4514 2180 4579 primis
2211 4530 2273 4568 ex
2306 4516 2494 4570 iisdem
2529 4523 2774 4589 capitulis
2824 4525 3173 4591 addiscimus,
3214 4548 3347 4597 quo-

1723 4610 1766 4662 Ι)
1799 4615 1919 4654 nam
1943 4614 2096 4671 pacto
2120 4607 2412 4676 Scriptura:
2435 4627 2600 4667 sacrae
2633 4616 2745 4668 loca
2777 4617 2945 4681 varia,
2975 4621 3170 4686 quibus
3198 4623 3353 4674 Chri-

1801 4705 1936 4761 stus,
1975 4708 2031 4750 ut
2054 4699 2351 4766 divinitate,
2385 4703 2452 4756 ita
2507 4715 2558 4757 et
2588 4707 2917 4760 humanitate
2975 4711 3242 4777 perfectus
3271 4713 3344 4766 si-

1799 4786 2102 4853 gniﬁcatur,
2133 4791 2198 4842 ad
2225 4807 2380 4845 suum
2408 4809 2623 4848 sensum
2657 4786 2984 4864 torquerent.
3022 4799 3132 4855 Nec
3164 4802 3341 4856 fucum

1798 4877 1977 4941 faciat,
2008 4879 2097 4931 ubi
2131 4882 2363 4933 animam
2398 4882 2607 4936 Domini
2643 4886 2884 4954 ἀνόητον,
2930 4893 3115 4964 mentis
3157 4910 3339 4958 αἶθρον-

1799 4977 1916 5034 tem,
1940 4983 2057 5022 esse
2087 4971 2294 5024 videtur
2324 4969 2567 5027 infici-iri.
2599 4960 2720 5029 Non
2765 4983 2908 5033 enim
2943 4983 3170 5034 humana
3203 4986 3340 5036 nati-

1799 5071 1967 5123 vaque
1993 5058 2228 5110 hominis
2262 5071 2437 5114 mente.
2482 5066 2753 5130 praeditam
2817 5070 3070 5135 intelligit,
3121 5073 3210 5123 sed
3257 5076 3338 5127 di-

1795 5144 1918 5196 vino
1953 5144 2133 5210 Verbi,
2180 5157 2237 5201 ut
2264 5150 2356 5215 ait,
2382 5154 2590 5219 spiritu,
2619 5172 2726 5224 quo
2755 5157 2948 5210 factum
2978 5159 3063 5218 sit,
3097 5171 3150 5210 ut
3172 5162 3333 5233 ἀνόηο

1792 5253 1897 5298 τος,
1918 5240 2100 5292 mentis
2130 5256 2330 5306 expers,
2352 5246 2595 5300 absolute
2607 5249 2710 5302 dici
2731 5263 2832 5300 non
2857 5248 3114 5301 debuerit.
3136 5251 3335 5316 Quam-

1791 5327 1974 5379 obrem
2005 5330 2270 5397 ejusmodi
2295 5333 2540 5391 formulie
2579 5339 2697 5391 fidei
2725 5346 2776 5389 et
2804 5340 3234 5395 anathematismi
3267 5347 3330 5397 ad

1996 5455 2059 5530 In
2086 5459 2305 5529 Argum.
2339 5465 2500 5530 hujus
2528 5464 2717 5530 Expos.

1859 5528 1970 5601 (“Hi
2000 5528 2224 5601 pissw‘t.
2254 5531 2287 5582 Ξ
2328 5528 2567 5587 Datnase.
2750 5551 2864 5600 pag.
2903 5551 2955 5585 ,ι-

1788 5595 1966 5676 ,ἠρίῗῆ
2000 5594 2188 5652 Lcont.
2219 5601 2366 5671 Byz.,
2393 5614 2519 5655 lOtll.
2553 5594 2636 5654 IX"
2661 5594 2796 5655 [ΗΜ.
2818 5594 2943 5655 ῬΡ.
2980 5603 3168 5671 Lugd.,
3207 5624 3323 5674 pag.

1795 5663 1966 5798 Ὀἱ-46)
1998 5732 2155 5792 Βὶιιιη
2179 5741 2296 5792 cod.
2328 5758 2514 5793 ccxxx.

1857 5803 1964 5870 (Η)
1988 5803 2242 5874 Lequicn.
2264 5812 2423 5863 disse:
2443 5823 2476 5860 t.
2498 5811 2529 5862 ‘2
2551 5810 2815 5869 [lunulqu
2893 5815 2950 5885 '9,
2981 5829 3099 5880 pug.
3121 5825 3327 5898 xum.

2932 5974 2998 6026 £51
