4098 6362
638 404 732 462 971

1608 408 1664 463 8.
1702 408 2091 465 GREGORIUS
2128 408 2719 465 THAUMATURGUS.

3752 408 3858 462 972

638 525 791 581 illum
817 502 1052 596 iapidem
1101 528 1323 599 lydium.
1359 530 1659 584 revocanda
1720 541 1867 593 sunt,
1907 547 2067 601 quem
2121 548 2186 585 ex
2216 537 2260 591 Λ
2290 531 2449 585 dedat
2502 531 2670 585 sacris
2721 527 2914 583 litteris
2970 527 3298 583 excolendis.
3339 526 3550 601 Scripta
3583 534 3667 581 est
3705 526 3854 580 circa

637 616 897 687 Gregorio
922 614 1260 671 Nazianzeno
1291 618 1401 687 ($8)
1453 629 1670 688 preptcr
1700 618 1890 673 Vitalis
1921 621 2192 688 Apollina-

638 708 784 761 risu:
842 708 1074 762 similem
1122 709 1519 763 confessionem
1576 711 1740 780 paulo
1795 723 1921 765 ante
1966 714 2193 780 protuli-

636 813 780 873 mus.
815 799 1129 873 ~illactenus
1159 799 1222 852 V.
1272 800 1335 854 C.
1391 816 1550 869 quem
1604 802 1830 856 consule
1866 819 2078 873 quoque
2125 806 2190 858 ad

637 888 907 942 Parallela
948 889 1323 945 Damasceniea
1378 890 1611 959 (49),ubi
1643 907 1708 946 ex
1741 894 2190 949 anathematismo

589 1022 594 1026 .
638 980 703 1033 12
729 980 829 1034 sub
853 982 1070 1036 nomine
1125 980 1514 1052 Thaumaturgi
1562 983 1782 1053 longum
1810 984 2071 1039 referetur
2099 1003 2191 1039 ex-

634 1080 894 1139 cerptum.

636 1158 747 1215 VII.
800 1161 1044 1215 Virorum
1092 1165 1420 1217 eruditorum
1468 1167 1725 1218 sententia
1770 1164 1831 1217 de
1868 1164 2112 1221 llomiliis
2140 1184 2187 1219 iv

668 1237 730 1283 et"
750 1232 814 1285 de
846 1236 1049 1287 Anima:
1071 1234 1432 1303 disputatione
1461 1246 1641 1288 sancto
1670 1236 1821 1287 Patri
1858 1237 2151 1289 attributis.

691 1320 833 1387 Qua:
852 1338 977 1376 vero
996 1332 1209 1379 exstant
1232 1325 1285 1377 in
1314 1325 1470 1379 editis
1492 1324 1753 1395 Gregorio
1775 1325 2188 1381 Neocaesariensi

633 1413 879 1482 ascripta:
908 1413 1177 1467 orationes
1203 1415 1314 1468 sive
1333 1415 1572 1469 homilite
1596 1430 1669 1478 tv,
1687 1415 1874 1484 cjusne
1896 1432 2018 1469 vere
2059 1417 2188 1481 sint,

636 1517 822 1567 necne,
848 1499 991 1555 baud
1025 1514 1173 1557 certo
1204 1505 1552 1573 pronuntiare
1574 1505 1696 1573 quis
1724 1506 1915 1559 valeat.
1946 1504 2062 1559 Iam
2096 1508 2191 1560 tri-

632 1594 733 1647 hus
767 1594 1100 1659 auctoribus,
1133 1592 1322 1648 Joanni
1380 1590 1788 1664 Chrysostomo,
1843 1606 2030 1649 nostro
2061 1596 2190 1651 Grc-

631 1684 783 1750 gorio
820 1695 875 1738 et
919 1682 1153 1738 Macario
1188 1683 1642 1753 Philadelphiensi
1694 1686 1949 1740 tributam
2012 1688 2189 1741 homi-

622 1775 758 1828 .liam
789 1776 822 1829 5
848 1776 901 1827 in
925 1775 1429 1841 Annuntiationem,
1485 1777 1538 1829 in
1569 1792 1701 1831 mss.
1734 1778 2013 1832 codicibus
2044 1778 2192 1832 Grae-

634 1868 715 1921 cis
747 1882 805 1921 se
849 1866 1119 1921 invenisse
1167 1876 1397 1920 testatur
1441 1867 1523 1929 cl.
1568 1866 2003 1922 Montiaueonius
2054 1868 2186 1938 (50).
2220 1884 2260 1936 Β

638 1956 879 2027 Eamque
912 1958 1014 2012 sub
1044 1959 1260 2012 nomine
1284 1957 1655 2028 Chrysostomi
1684 1958 1852 2011 edidit
1885 1960 2055 2014 multo
2087 1976 2184 2013 au-

632 2048 854 2103 ctiorem
885 2046 1244 2103 Combeﬁsius
1271 2048 1416 2117 (51),
1468 2050 1559 2118 qui
1592 2050 1860 2103 eruditum
1889 2051 2103 2119 quidem
2128 2065 2190 2103 ac

633 2138 780 2206 pium
806 2137 981 2193 doctae
1031 2137 1369 2206 antiquitatis
1421 2146 1831 2191 monumentum
1857 2148 2069 2203 censet;
2100 2140 2187 2192 in-

626 2237 806 2283 certus
843 2237 1019 2283 tamen
1076 2228 1284 2281 haerens
1332 2228 1547 2282 cuinam
1579 2229 1721 2281 illam
1767 2231 2013 2298 scriptori
2043 2232 2187 2287 assi-

626 2329 770 2387 gnet,
801 2334 867 2373 eo
902 2319 1115 2373 tandem
1160 2319 1395 2383 devenit,
1427 2328 1486 2373 ut
1528 2334 1701 2388 neque
1735 2318 2188 2375 Neocaesariensis

628 2426 803 2479 neque
828 2409 1199 2481 Chrysostomi
1239 2398 1457 2481 γνήάιον
1502 2410 1695 2466 dixerit
1726 2410 1858 2472 (52).
1896 2410 2185 2465 llomiliain

633 2501 816 2555 vero?
866 2501 1458 2568 inAnnuntiationem,
1513 2500 1689 2557 Procli
1736 2500 1840 2556 CP.
1881 2503 2190 2571 suspicatur

640 2589 954 2647 Vincentius
974 2591 1271 2648 Riccardus
1297 2592 1427 2661 (55),
1444 2593 1600 2662 cujus
1631 2594 1926 2648 sententias
1951 2594 2188 2648 imitetur

621 2691 675 2737 et
695 2698 881 2738 vocem
906 2686 1179 2749 θεοτόκος
1202 2684 1427 2737 aﬂectet.
1454 2683 1596 2737 idem
1622 2684 1707 2737 die
1727 2684 1792 2737 de
1814 2685 2034 2752 reliquis
2053 2686 2187 2738 dua-

623 2774 725 2828 bus
756 2790 879 2828 cum
911 2774 1044 2828 viris
1097 2774 1514 2837 eruditissimis;
1549 2775 1640 2843 qui
1689 2783 1740 2827 et
1769 2776 1823 2827 in
1871 2777 2183 2829 alterutram

619 2874 829 2935 partem
857 2865 1151 2934 quidquam
1182 2866 1314 2919 certi
1347 2865 1699 2933 pronuntiare
1731 2880 1852 2917 non.
1875 2867 2075 2919 audent
2123 2867 2186 2919 de

620 2956 811 3009 anima:
854 2972 946 3025 per
994 2958 1177 3025 capita‘
1194 2956 1552 3024 disputatione
1575 2954 1707 3007 ad-T
1710 2956 2184 3020 atianum,nostro

622 3049 750 3101 item
780 3047 1038 3116 Gregorio
1058 3048 1255 3101 tributa
1277 3063 1291 3111 ;
1310 3042 1641 3116 quippeiqitre
1669 3050 1735 3102 ab
1766 3047 1885 3117 ejus
1912 3048 2051 3117 stylo
2098 3047 2185 3100 ni-

621 3139 728 3191 mis
743 3139 937 3204 aliena,
964 3147 1018 3193 et
1033 3138 1132 3192 aevi
1157 3139 1311 3207 longe
1336 3138 1651 3217 posterioris
1670 3154 1790 3194 esse
1810 3140 2053 3193 videatur
2072 3139 2171 3209 (b).

624 3246 759 3321 Vill.
801 3251 875 3303 De
904 3250 1143 3320 Origem's
1177 3253 1399 3321 epistola
1422 3252 1666 3321 Gregorio
1695 3263 1870 3306 nostro
1894 3254 2179 3320 inscripta:

689 3320 781 3391 nec
837 3336 938 3373 non
991 3322 1054 3375 de
1090 3322 1238 3375 illius
1292 3322 1407 3375 Vita
1450 3320 1540 3389 per
1590 3333 1829 3373 sanctum
1869 3322 2176 3391 Gregorium

692 3390 1007 3459 Nyssenum.
1063 3392 1352 3447 Sinistrum
1396 3392 1647 3444 Dodwelli
1698 3390 1985 3459 judicium
2024 3392 2178 3460 refel-

688 3463 837 3517 (itur.

692 3572 788 3647 His
826 3574 1007 3644 itaque
1031 3574 1285 3643 operibus
1313 3574 1426 3628 sire
1446 3573 1625 3628 dubiis
1660 3573 1772 3627 sive
1800 3570 2180 3641 pseudepigrao

620 3667 741 3733 phis
765 3666 1161 3734 praetermissis,
1191 3682 1254 3719 ea
1283 3667 1463 3734 potius
1521 3666 1751 3720 sinceris
1786 3665 1957 3719 sancti
2004 3665 2180 3719 Patris

625 3755 989 3809 monumentis
1039 3756 1375 3822 subjicienda
1427 3757 1888 3820 existimavimus,
1940 3772 2062 3825 quae
2112 3756 2179 3809 ad

620 3846 796 3913 ipsum
836 3847 1053 3913 pr0piu~
1086 3846 1351 3913 pertinere
1378 3858 1699 3901 noscuntur.
1736 3847 1997 3901 Nimirum
2022 3847 2178 3901 exhi-

621 3936 812 3989 bemus
835 3936 1063 4005 primum
1100 3951 1130 3990 e
1161 3935 1471 3990 I’hilocut’iw
1492 3938 1665 4005 capite
1692 3940 1777 4001 15,
1802 3939 1997 3992 additis
2035 3939 2178 3991 notis

617 4026 839 4081 Joannis
875 4026 1057 4081 Ta‘rini
1082 4070 1095 4094 ,
1130 4027 1377 4097 Origenis
1408 4029 1690 4097 epistolam
1746 4030 1813 4095 ad
1862 4029 2178 4098 Gregorium

618 4116 1085 4189 Thaumaturguin
1134 4120 1255 4188 ejus
1311 4121 1664 4190 discipulum,
1698 4135 1806 4189 qua
1840 4120 2015 4187 ipsum
2053 4120 2181 4173 hor-

562 4236 568 4243 ~
617 4221 783 4276 tatur,
840 4220 920 4273 ut,
947 4220 1254 4281 contempto
1282 4212 1637 4281 philosophiae
1691 4211 1891 4275 studio,
1918 4220 2089 4264 totum
2124 4226 2182 4264 se

711 4384 801 4450 48)
836 4383 1007 4453 Epist.
1036 4384 1071 4437 2
1094 4386 1160 4440 ad
1188 4387 1409 4440 Cledon.

616 4453 1087 4595 l)qi(z495)7liequien.
1111 4456 1178 4509 ad
1226 4455 1428 4510 Parull.
1484 4454 1753 4519 Damasc.,
1789 4454 1923 4525 Opp.
1955 4466 2085 4510 tom.
2113 4455 2177 4522 ll,
2212 4516 2215 4519 γ

578 4634 582 4640 .
617 4591 630 4595 ⁷
687 4591 799 4662 (50)
834 4593 1049 4649 Prtefat.
1077 4594 1142 4648 ad
1194 4605 1326 4649 tom.
1358 4591 1538 4662 lOpp.
1567 4592 1934 4663 Clirys..i§75.

686 4665 801 4735 (51)
834 4669 1051 4718 Auctor.
1082 4682 1199 4719 nov.
1226 4674 1357 4718 tom.
1388 4664 1430 4729 l,
1452 4678 1615 4733 pagg.
1650 4662 1897 4735 602-619.

686 4732 903 4820 (ῥῆμά.
935 4751 1215 4790 ιιιηιιευιιε.
1262 4732 1475 4789 auctor.
1508 4735 1573 4787 ad
1602 4743 1749 4788 "tum.
1787 4732 1802 4784 l
1839 4732 1973 4786 Bibl.
2002 4748 2170 4795 conc.,

613 4821 735 4875 pag.
764 4806 847 4858 16.
1803 4826 1807 4831 ’

685 4876 795 4945 (55)
824 4877 900 4927 Ad
929 4873 1139 4945 _Orat.6
1170 4872 1368 4931 Procli.
1438 4944 1447 4945 ί

820 4940 958 4997 Bibl.
996 4944 1184 5007 Coial.,
1210 4960 1329 5013 pag.
1359 4944 1479 4999 180.

2294 637 2494 674 annum
2524 620 2724 674 Christi
2763 618 2883 672 240.
2918 617 3067 672 Hanc
3093 635 3221 673 vero
3249 598 3534 688 epistolam
3566 616 3853 684 Drigenia—

2293 726 2415 764 nam
2446 711 2643 778 excipit
2685 708 2801 761 Vita
2830 708 3068 777 ejusdem
3115 711 3285 762 sancti
3335 708 3576 777 Gregorii
3628 707 3853 761 Neocae-

2292 803 2548 857 sariensis
2591 818 2619 855 a
2645 809 2832 855 sancto
2856 800 3114 870 Gregorio
3139 798 3380 870 Nysseno
3411 800 3716 868 conscripta
3751 800 3852 867 (a).

2291 894 2579 964 Exemplar
2617 893 2939 949 Vossianum
2970 892 3342 963 Moguntinutn
3373 909 3498 946 ann.
3530 893 3665 945 1604
3691 893 3853 945 tradis

2291 986 2569 1039 erroribus
2623 993 2859 1049 scatens,
2894 1000 3017 1038 cum
3045 984 3191 1036 edito
3224 979 3513 1037 Parisiensi
3550 999 3679 1036 ann.
3710 982 3853 1035 1650

2292 1078 2465 1131 multo
2505 1076 2868 1129 emendatiore
2920 1074 3269 1129 contulimus.
3328 1071 3509 1139 Neque
3546 1073 3851 1141 praetermi-

2291 1169 2463 1222 simus
2490 1176 2799 1236 excerptum
2848 1164 2978 1221 Vita
3017 1166 3179 1235 hujus
3220 1164 3582 1235 Gregoriane,
3632 1164 3774 1233 quod
3819 1178 3853 1217 e

2292 1260 2478 1313 codice
2557 1258 2888 1312 Coisliniano
2944 1256 3046 1311 106
3107 1256 3433 1325 descriptum
3500 1244 3853 1310 doctissimus

2291 1350 2729 1405 Montt'auconius
2771 1348 2985 1417 exhibet
3019 1348 3130 1417 (54)
3163 1347 3310 1401 velut
3358 1346 3673 1409 anecdoton,
3725 1344 3855 1398 licet
3906 1374 3909 1375 ν

2291 1443 2342 1495 in
2378 1452 2531 1495 antea
2560 1440 2786 1510 vulgatis
2807 1448 3132 1508 compareat,
3150 1438 3221 1491 "ut
3241 1451 3341 1491 suo
3367 1436 3485 1490 loco
3512 1435 3853 1488 animadver-

2291 1532 2457 1583 timus
2488 1529 2622 1598 (55).
2662 1528 2902 1596 Denique
2926 1528 2991 1581 ad
3043 1526 3340 1591 faciliorem
3369 1524 3567 1595 egregii
3598 1524 3852 1593 opusculi

2292 1636 2471 1685 usum,
2502 1621 2631 1675 illud
2662 1620 2715 1673 in
2742 1621 2918 1674 varias
2950 1617 3215 1672 sectiones
3246 1606 3546 1681 divisimus.
3916 1604 3927 1611 ’

2360 1735 2511 1789 llaud
2569 1737 2818 1805 equidem
2882 1735 3092 1804 ignoro,
3138 1732 3469 1789 Dodwellum
3525 1748 3614 1787 res
3668 1742 3854 1804 gestas

2292 1826 2680 1897 Thaumaturgi
2724 1826 3069 1880 admirandas
3102 1841 3133 1880 a
3161 1825 3402 1896 Nysseno
3422 1833 3706 1878 'enarratas
3737 1824 3853 1877 ele-

2292 1933 2448 1980 vare;
2482 1917 2679 1985 quippe
2709 1917 2821 1984 qui,
2864 1916 2909 1969 si
2958 1902 3131 1983 ipsum
3161 1916 3347 1969 audias
3382 1906 3517 1983 (56),
3583 1932 3600 1963 1
3634 1912 3856 1964 ratioci—

2290 2008 2395 2060 niis
2455 2008 2709 2059 nimirum
2748 2008 2864 2060 suis
2893 2006 3327 2075 conjecturisque
3364 2011 3572 2067 auctas,
3616 2002 3856 2071 posteris

2289 2099 2705 2167 reprmsentarit.
2750 2117 2768 2149 ι
2806 2097 2972 2151 Miror
3004 2099 3277 2151 enimvero
3306 2111 3413 2150 non
3446 2101 3709 2151 accurate
3730 2108 3858 2161 per-

2290 2191 2542 2258 pendisse
2570 2192 2742 2242 virum
2770 2180 3017 2243 criticum
3037 2188 3211 2258 Magni
3240 2187 3422 2243 Basilii
3453 2186 3856 2249 testimonium,

2289 2298 2396 2349 quo
2423 2302 2440 2332 ι
2474 2282 2767 2349 Gregorius
2798 2278 3021 2350 Magnus
3050 2289 3262 2348 propter
3284 2282 3546 2334 donorum
3577 2280 3859 2335 excellen-

2290 2374 2417 2425 tiam
2447 2389 2567 2442 qua:
2598 2375 2651 2426 in
2697 2374 2813 2441 ipso
2843 2370 3165 2441 operabatur
3199 2372 3429 2441 Spiritus
3459 2372 3509 2424 in
3563 2371 3857 2425 omni'vir-

2291 2474 2422 2529 tute,
2464 2464 2632 2531 signis
2683 2479 2745 2517 ac
2772 2464 3051 2533 prodigiis,
3085 2464 3152 2517 ab
3202 2463 3332 2531 ipsis
3387 2462 3549 2516 etiam
3607 2463 3859 2517 veritatis

2290 2557 2535 2611 hostibus
2566 2598 2581 2622 ,
2620 2559 2744 2627 παρ’
2788 2555 2970 2609 hia-cibi;
3008 2556 3114 2609 τῶν
3164 2555 3370 2627 ἐχθρῶν
3426 2555 3523 2625 τῆς
3572 2553 3861 2625 ἀληθείας,

2287 2650 2422 2701 alter
2448 2646 2659 2716 Moyses
2703 2632 3002 2715 appellatus
3051 2646 3219 2701 fuisse
3278 2666 3297 2698 ι
3346 2646 3658 2715 perhibetur
3687 2643 3802 2712 (57)
3837 2662 3856 2696 :

2288 2726 2473 2807 neque.
2496 2737 2709 2791 Ductori
2737 2738 2973 2807 maximo
3001 2752 3185 2790 aurem
3211 2736 3506 2806 praebuisse
3524 2735 3686 2788 aienti
3712 2732 3885 2802 (58),—

2288 2830 2609 2899 Gregorium
2670 2828 3160 2883 Neocaesariensem
3205 2844 3224 2877 ι
3284 2827 3435 2895 signa
3485 2835 3647 2892 atque
3672 2824 3859 2877 mira-

2287 2920 2407 2975 cula
2469 2935 2591 2975 cum
2650 2920 2942 2972 multarum
3006 2915 3366 2992 Ecclesiarum
3418 2915 3589 2983 gloria
3651 2928 3860 2983 perpe-

2288 3020 2479 3065 trasse.
2521 3028 2539 3060 ι
2571 3008 2711 3073 Quid
2741 3022 3032 3061 memorem
3059 3005 3337 3071 Ruﬁnum,
3372 3024 3389 3056 ι
3420 3004 3671 3058 tantiviri
3696 3014 3860 3074 gesta

2288 3101 2387 3154 sub
2417 3098 2667 3153 orientali
2713 3107 2767 3152 et
2815 3086 3199 3166 septentrionis
3243 3112 3342 3150 axe
3368 3106 3687 3151 cunctorum
3733 3110 3859 3149 sero

2287 3205 2446 3242 mone
2467 3187 2725 3241 celebrari
2759 3206 2778 3239 ι
2840 3197 3125 3241 testantem
3168 3186 3315 3257 (59)?
3364 3185 3503 3252 Quid
3552 3185 3855 3241 Eusebium

2208 3248 2249 3305 ο
2283 3283 2694 3345 Ctesaricnsem,
2744 3281 3062 3350 Gregorium
3110 3288 3358 3334 nostrum
3397 3304 3416 3331 ε
3466 3280 3849 3350 episcoporum

2278 3391 2375 3428 sua
2393 3366 2548 3427 aetate
2574 3374 3001 3438 celeberrimum,
3039 3394 3057 3424 ι
3089 3374 3194 3426 τῶν
3221 3373 3338 3427 καθ’
3364 3374 3508 3442 ἡμᾶς
3535 3373 3851 3431 ἐπισκόπων

2279 3466 2581 3534 διαϐόητον,
2622 3465 3002 3533 praedicantem
3034 3464 3178 3535 (60)?
3210 3464 3519 3518 Admiretur
3541 3464 3717 3530 itaque
3747 3474 3850 3528 po.

2280 3557 2387 3611 tius
2438 3558 2539 3611 ista
2571 3573 2690 3627 qua:
2725 3558 2951 3625 respuit,
2993 3557 3156 3610 homo
3202 3556 3336 3609 adeo
3396 3552 3849 3607 entuncttenaris

2281 3645 2471 3715 (verba
2514 3661 2715 3714 usurpo
2740 3646 2917 3714 magni
2961 3644 3177 3697 Baronii
3215 3642 3614 3713 (6!),Joannem
3675 3638 3844 3693 Badi-

2282 3751 2409 3788 num
2437 3736 2763 3803 carpentis),
2789 3750 2889 3786 nec
2921 3741 3075 3801 neget
3099 3732 3379 3786 historiam
3404 3738 3481 3785 tot
3507 3727 3849 3800 gravissimis

2282 3827 2621 3887 auctoribus,
2672 3824 2876 3878 Graecis
2908 3833 3069 3893 atque
3118 3808 3345 3887 Latinis,
3400 3825 3534 3882 satis
3573 3834 3848 3887 superque!

2280 3927 2557 3981 testatam,
2594 3916 2900 3984 probatam,
2930 3917 3413 3985 consignatamque
3437 3914 3583 3968 culti:
3623 3911 3851 3975 religio-

2281 4011 2365 4061 nis
2396 4008 2553 4061 annis
2582 4006 2813 4075 Singulis
2830 4008 3025 4061 celebri
3054 4010 3314 4062 memoria
3336 4008 3500 4075 repeti
3523 4004 3679 4058 solito
3702 4002 3843 4069 (δὲ).

2284 4097 2389 4170 Sed
2413 4098 2591 4170 virum
2646 4100 3139 4170 intentperantioris
3185 4099 3386 4153 criticze
3416 4104 3729 4149 sectatorem
3756 4096 3849 4148 di-
3938 4108 3941 4109 '

2284 4169 2563 4243 mittamus
2586 4169 2685 4258 (ε).

2274 4422 2277 4423 ν
2350 4387 2583 4457 (55-56)
2611 4387 2834 4442 Dissert.
2862 4387 2909 4457 αξ
2928 4383 3174 4457 Cypr.,_§
3207 4384 3288 4447 16,
3313 4398 3433 4452 pag.
3466 4383 3553 4457 48ἶ

2350 4459 2459 4525 (57)
2484 4452 2677 4520 Basil.,
2725 4458 2820 4509 lib.
2873 4456 2948 4507 De
2974 4452 3341 4525 Spir-[saluta
3372 4469 3486 4521 cap.
3534 4452 3686 4522 29,§
3745 4452 3846 4517 74,

2281 4521 2587 4598 0pp._'tom.
2624 4526 2859 4598 lll,pag.
2889 4525 2956 4576 62
2982 4524 3110 4598 edit.
3136 4521 3248 4575 ‘BB.
3468 4539 3473 4544 ν

2208 4587 2252 4639 D
2332 4587 2457 4665 '(58)
2486 4598 2562 4647 De
2584 4599 2679 4649 vir.
2700 4587 2959 4665 'ill.,'_cap.

2352 4654 2461 4733 (59')
2500 4664 2641 4717 "ist.
2682 4654 2928 4733 ecctinb'.
2966 4654 3064 4727 νῑῑ,
3094 4676 3217 4733 cap.
3238 4661 3329 4733 25.

2348 4731 2459 4801 (‘60)
2498 4733 2639 4785 Hist.
2672 4736 2793 4785 ecct.
2822 4731 2914 4783 lib.
2953 4746 3026 4793 vt,
3053 4747 3168 4798 cap.
3191 4732 3277 4786 50.

2350 4804 2459 4872 (61)
2490 4803 2570 4857 Ad
2608 4819 2770 4872 ann:
2793 4801 2884 4864 M,
2915 4802 3172 4872 num.5|.

2350 4813 2431 4872 (tit
2490 4813 2570 4857 Ad
2608 4819 2734 4855 ann.
2793 4813 2884 4864 4t,
2915 4813 3172 4856 num.6|.

2276 4813 2459 4998 ΝΟ(ῗῦ
2490 4874 2709 4942 Martyr.
2746 4871 2903 4925 Rom.
2939 4878 2992 4923 et
3040 4870 3300 4943 Menolog.
3339 4871 3530 4926 ‘Gncc.
3588 4868 3654 4959 ad
3680 4869 3733 4923 d.
3778 4870 3854 4923 17

677 5086 745 5143 (α)
773 5085 1000 5147 Origenis
1025 5095 1077 5134 et
1101 5086 1325 5145 Gregorii
1360 5084 1569 5143 Nysseni
1596 5086 2097 5133 elucubrationes'hic
2127 5088 2429 5147 memoratas
2439 5081 2861 5147 inter-utriusque
2891 5076 3051 5147 Opera
3073 5078 3361 5147 retinemus.
3389 5074 3782 5147 ῐῇιιξιτῦῐδιιτιιεῃητ

681 5135 824 5211 ibis.
853 5135 1075 5209 Gregorii
1100 5135 1382 5211 sermonem
1404 5135 1454 5195 in
1475 5160 1635 5197 omnes
1659 5155 1895 5211 martyres
1925 5147 2160 5195 Bononia:
2201 5158 2327 5193 anno
2347 5143 2465 5191 1772
2480 5144 2660 5204 publici
2690 5135 2815 5201 juris
2837 5135 2953 5187 fecit
2984 5142 3149 5199 Aloys.
3181 5137 3471 5198 Mingarelli.
3503 5135 3634 5184 Hane
3659 5138 3853 5186 editio-

617 5221 725 5253 nem
752 5205 986 5265 ignoravit
1007 5209 1303 5258 Gallandius.
1337 5205 1400 5253 In.

679 5246 725 5327 (ἦ
732 5246 1303 5327 )’ἓ’ὸῖὶὶὶξι”ιῑιέἷὶὲῖὶὶἰῖἰῖῐι’
1325 5246 1380 5315 sf
1393 5246 1690 5329 Gregorium
1712 5283 1773 5318 ex
1799 5246 1980 5318 ίροιιιε
2003 5268 2167 5319 Allatii
2195 5265 2413 5316 Diatriba
2435 5265 2495 5315 de
2526 5259 2800 5315 Theodori:
2826 5262 2936 5311 vide
2959 5260 3081 5311 infra
3104 5262 3197 5310 col.
3225 5256 3360 5307 ηοξ».
3384 5254 3452 5305 1n.
