4098 6362
640 451 742 508 975

1509 437 1564 490 S.
1606 435 2000 490 GRECORlUS
2042 433 2640 491 Tll.\U.\lATURGUS.

3715 451 3823 503 976

640 567 798 620 batur
845 562 1013 615 illum.
1041 550 1213 625 Hujus
1243 564 1298 609 et
1335 555 1388 608 in
1416 553 1733 607 hodiernum
1782 565 1994 621 quoque
2039 552 2176 605 diem

2293 552 2573 620 ἐπέλαμψε,
2611 569 2826 622 μηνυμα
2851 554 2946 623 τῆς
2973 556 3284 625 ἐπουρανίου
3315 557 3607 627 δυνάμεως,
3633 562 3728 632 τῇς
3757 567 3827 616 ὲκ

641 670 834 723 magna
865 663 948 706 est
981 650 1117 718 apud
1149 645 1526 716 ejus’regionis
1568 645 1811 699 homines
1841 643 2123 696 admiratio
2162 661 2172 694 :

642 757 935 810 recensque
961 756 1025 794 ac
1052 754 1261 806 semper
1287 737 1471 805 vigens
1518 735 1770 789 memoria
1802 735 1880 788 sic
1909 734 2071 786 inﬁxa
2098 740 2181 787 est

644 833 918 894 Ecclesiis,
955 839 1012 886 ut
1057 830 1204 883 nullo
1235 837 1473 896 tempore
1505 828 1823 880 obsolescat.
1864 825 2046 893 Itaque
2075 839 2179 877 non

554 987 560 996 ,
647 924 845 978 factum
895 922 1130 990 aliquod,
1159 936 1266 973 non
1317 919 1540 982 dictum,
1577 932 1686 971 non
1734 917 1963 971 formam
2016 915 2178 969 ullam

611 1086 625 1092 _
647 1017 946 1087 mysticam,
979 1015 1117 1067 ultra
1149 1027 1310 1081 quam
1346 1011 1451 1064 illis
1482 1008 1714 1077 reliquit,
1759 1007 2009 1061 Ecclesiae
2037 1006 2177 1073 adje-

645 1115 850 1162 cerunt.
883 1104 1216 1173 Quapropter
1245 1103 1402 1156 etiam
1435 1101 1600 1153 multa
1645 1115 1712 1153 ex
1758 1099 1842 1152 his
1883 1113 2002 1166 quae
2044 1094 2184 1164 apud

649 1200 768 1253 illos
800 1208 1028 1267 aguntur
1059 1197 1109 1249 in
1143 1195 1336 1248 ritibus
1356 1194 1601 1247 videntur
1624 1189 1952 1260 imperfecta,
1972 1197 2185 1257 prepler

651 1287 1001 1343 institutionis
1041 1285 1432 1353 antiquitatem.
1461 1275 1652 1350 Neque
1678 1283 1820 1335 enim
1853 1279 2186 1334 sustinebant

651 1381 743 1451 qui
779 1381 831 1433 in
863 1378 1219 1433 Ecclesiarum
1249 1374 1765 1428 administrationem
1796 1378 2184 1433 successerant,
2226 1393 2229 1395 -

651 1473 1008 1526 additamenta
1039 1484 1158 1538 qua!
1206 1475 1325 1537 post
1357 1466 1504 1518 illum
1536 1464 1817 1518 adinventa
1867 1469 2012 1522 sunt,
2048 1459 2186 1512 reci-

649 1579 797 1634 pere.
835 1560 982 1615 Unus
1035 1561 1196 1630 igitur
1238 1559 1336 1612 fuit
1378 1555 1779 1626 gloriﬁcalionis
1806 1553 1997 1605 modus
2029 1563 2224 1629 quem,

650 1656 880 1711 instituit
908 1652 1213 1722 Gregorius,
1244 1659 1296 1703 et
1323 1650 1368 1701 is
1396 1647 1481 1700 cui
1518 1659 1661 1699 nunc
1689 1641 2092 1701 contradicitur,
2125 1653 2190 1692 ex

648 1746 795 1801 illius
825 1743 1112 1798 traditione
1145 1741 1197 1792 in
1227 1737 1467 1792 Ecclesia
1494 1735 1832 1789 observatos.

2281 641 2371 694 τοῦ
2398 642 2630 710 ἀφανοῦς
2654 645 3034 715 παρεπομένης
3060 646 3222 709 αὐτῷ.
3248 646 3440 697 Τούτου
3469 647 3608 715 μέγα
3629 648 3706 700 ἔτι
3731 652 3824 701 καὶ

2283 734 2374 785 νῦν
2399 736 2508 797 τοῖς
2527 735 2804 805 ἐγχωρίοις
2827 736 2886 787 τὸ
2911 735 3223 805 θαῦμα,·καὶ
3253 738 3415 807 νεαρὰ
3436 739 3524 790 καὶ
3550 741 3633 790 ἀεὶ
3661 742 3826 810 πρόσ-

2284 841 2448 892 φατος
2477 826 2510 893 ἡ
2550 827 2729 895 μνήμη
2779 829 2895 888 ταῖς
2939 827 3275 896 Ἐκκλησίαις
3323 829 3607 897 ἐνίδρυται,
3654 830 3830 882 οὐδενὶΙ

2286 916 2457 985 χρόνῳ
2487 917 2889 988 ἁμαυρουμένη.
2926 918 3130 970 Οὐκοῦν
3156 919 3215 969 οὐ
3250 920 3442 988 πρᾶξίν
3471 937 3608 983 τινα,
3641 921 3699 971 οὑ
3731 921 3828 972 λό-

2286 1023 2401 1073 γον,
2431 1008 2488 1058 οὐ
2536 1007 2700 1059 τύπον
2730 1009 2849 1061 τινὰ
2885 1009 3136 1076 μυστικὸν
3180 1011 3306 1079 παρ’
3332 1010 3387 1060 ὃν
3420 1011 3640 1073 ἐκείνοις
3666 1011 3831 1063 κατέ-

2288 1096 2430 1161 λιπε,
2453 1099 2520 1168 τῇ
2550 1097 2838 1168 Ἐκκλησία
2859 1099 3216 1169 προσέθηκαν.
3239 1100 3419 1170 Ταύτῃ
3446 1118 3523 1153 τοι
3545 1102 3636 1153 καὶ
3661 1101 3835 1153 πολλὰ

2286 1185 2391 1237 τῶν
2431 1188 2558 1256 παρ’
2595 1189 2770 1250 αὐτοῖς
2803 1189 3132 1258 τελουμένων
3177 1189 3431 1252 ἐλλειπῶς
3479 1190 3618 1260 ἔχειν
3660 1193 3832 1254 δοκεῖ,

2287 1276 2374 1329 διὰ
2428 1278 2487 1329 τὸ
2539 1278 2634 1347 τῆς
2681 1279 3055 1343 καταστάσεως
3093 1282 3496 1351 ἀρχαιότροπον.
3533 1282 3694 1333 Οὑδέν
3720 1282 3836 1350 γὰρ

2283 1368 2566 1444 ἠνέσχοντο
2609 1373 2656 1421 οἱ
2683 1371 2820 1423 κατὰ
2861 1372 3099 1442 διαδοχὴν
3142 1373 3238 1436 τὰς
3284 1371 3598 1442 Ἐκκλησίας
3629 1376 3834 1426 οἰκονο-

2289 1458 2573 1528 μήσαντες,
2606 1461 2710 1511 τῶν
2765 1464 2879 1529 μετ’
2911 1465 3110 1528 ἐκεῖνον
3159 1463 3549 1533 ἐφευρεθέντων
3597 1463 3836 1534 παραδέ-

2288 1545 2475 1609 ξασθαι
2498 1551 2574 1610 εἰς
2602 1539 3038 1620 προσθήκηνῙΕν
3065 1552 3238 1623 τοίνυν
3266 1551 3370 1604 τῶν
3399 1552 3711 1622 Γρηγορίου,
3734 1551 3836 1603 καὶ

2287 1640 2314 1689 ὁ
2345 1637 2434 1689 νῦν
2461 1639 2861 1709 άντιλεγόμενος
2894 1641 3090 1711 τρόπος
3120 1642 3216 1711 τῆς
3244 1642 3540 1710 δοξολογίας
3572 1644 3734 1702 ἐστὶν,
3769 1645 3840 1695 ἐκ

2285 1728 2384 1797 τῆς
2415 1729 2619 1780 ἐκείνου
2637 1731 2974 1801 παραδόσεως
2992 1735 3056 1801 τῇ
3087 1732 3371 1803 Ἐκκλησία
3404 1733 3836 1802 πεφυλαγμένος.

1505 1848 1654 1904 Idem
1691 1849 1842 1916 epist.
1881 1845 1970 1910 28,
1996 1852 2136 1895 num.
2175 1841 2199 1894 1
2241 1853 2288 1894 et
2327 1842 2380 1908 2,
2405 1843 2530 1896 ibid.
2557 1860 2673 1912 pag.
2707 1845 2804 1897 107
2832 1863 2935 1914 seq.

719 1954 902 2022 Neque
937 1965 1061 2004 vero
1092 1947 1315 2015 attingat
1343 1958 1578 2012 unquam
1610 1939 1947 2010 (Ecclesiam
1977 1936 2190 1989 Neocm—

2359 1935 2508 2002 Μήτε
2534 1934 2590 1987 δὲ
2622 1935 2811 2002 ἅψαιτό
2841 1954 2987 1998 ποτε,
3015 1931 3060 1988 ὦ
3084 1938 3322 1990 Δέσποτα
3349 1938 3453 1990 τῶν
3479 1938 3745 1999 ἁπάντων,
3777 1939 3840 2000 ὃς

650 2048 947 2103 sariensem
977 2041 1343 2095 haereticorum
1384 2045 1662 2088 ventorum
1693 2028 1897 2098 aestus),
1923 2042 1954 2080 o
1980 2026 2192 2079 univer-

650 2152 834 2192 sorum
891 2131 1148 2194 Domine;
1199 2128 1291 2197 qui
1343 2124 1543 2178 famulo
1575 2132 1666 2177 tuo
1699 2118 1976 2187 Gregorio,
2016 2132 2046 2168 a
2084 2129 2191 2182 quo

649 2227 794 2282 basis
839 2221 1090 2276 Ecclesia:
1144 2219 1211 2271 ab
1258 2217 1408 2269 initio
1461 2220 1761 2281 compacta,
1793 2205 2193 2274 tranquillitatis

650 2312 980 2383 longissimae
1003 2321 1201 2360 munus
1229 2303 1491 2358 dedisti...
1529 2298 1628 2363 Qui
1660 2315 1689 2351 a
1719 2310 1912 2365 magno
1943 2292 2192 2375 Ecclesiae

651 2415 844 2470 vestrae
887 2400 1111 2469 praeside
1156 2394 1412 2463 Gregorio
1463 2404 1633 2458 usque
1679 2388 1744 2442 ad
1795 2388 1935 2440 hunc
1979 2386 2190 2439 beatum

655 2495 979 2566 (Musonium
1001 2489 1040 2559 ),
1072 2489 1296 2542 alterum
1325 2483 1398 2537 'in
1444 2482 1662 2536 alterius
1695 2482 1870 2534 locum
1901 2478 2189 2540 sufﬁciens,

654 2597 968 2652 semperque
997 2579 1277 2646 adaptans,
1307 2575 1450 2628 velut
1480 2589 1544 2627 ex
1579 2572 1807 2641 quadam
1838 2571 2190 2639 pretiosorum

655 2675 891 2743 lapidum
921 2670 1295 2732 commissura,
1315 2666 1510 2718 mirum
1538 2671 1909 2717 ornamentum
1944 2660 2195 2714 Ecclesia:

657 2776 842 2822 vestrae
870 2762 1222 2831 largitusvest.

2295 2021 2371 2090 τῷ
2406 2021 2480 2090 σῷ
2513 2021 2793 2093 θεράποντι
2824 2023 3121 2094 Γρηγορίῳ,
3153 2024 3231 2094 τῷ
3259 2023 3314 2089 ἐξ
3345 2025 3514 2094 ἀρχῆς
3541 2023 3844 2092 πηξαμένῳ

2294 2110 2392 2178 τὴν
2423 2109 2656 2178 κρηπῖδα
2678 2111 2774 2179 τῆς
2811 2109 3146 2181 Ἑκκλησίας,
3179 2112 3274 2181 τῆς
3305 2114 3392 2164 ἐπὶ
3425 2116 3677 2182 μήκιστον
3707 2114 3874 2164 άταο.

2299 2198 2477 2267 ραξίας
2528 2202 2623 2271 τὴν
2673 2202 2826 2273 χάριν
2883 2202 3297 2265 ἔδωκας.....⁴¹ος
3328 2205 3432 2256 άπὸ
3474 2205 3564 2256 τοῦ
3602 2203 3844 2274 μεγάλου

2294 2291 2587 2360 προστάτου
2640 2295 2735 2361 τῆς
2773 2292 3088 2360 Ἑκκλησίας
3142 2294 3291 2361 ὑμῶν
3336 2294 3627 2365 Γρηγορίου
3673 2296 3846 2366 μέχρι

2296 2381 2384 2432 τοῦ
2418 2382 2680 2451 μακαρίου
2705 2380 2911 2444 τούτου,
2946 2381 3099 2434 ἄλλον
3125 2383 3208 2433 ἐπ’
3239 2381 3378 2452 ἄλλῳ
3412 2382 3712 2451 προστιθεὶς
3741 2385 3845 2438 καὶ

2299 2472 2641 2542 συναρμόζων
2673 2473 2776 2536 ἀεὶ,
2803 2471 2909 2525 οἷον
2941 2475 3004 2525 ἐκ
3041 2473 3181 2536 τινὸς
3211 2473 3384 2544 άρμοῦ
3416 2475 3574 2528 λίθων
3611 2476 3846 2529 πολυτε-

2296 2561 2422 2625 λῶν,
2472 2562 2778 2648 θαυμαστδν
2821 2559 2929 2616 οἷον
2975 2564 3164 2627 κάλλος
3199 2567 3296 2635 τῆς
3329 2565 3644 2636 Ἐκκλησῖας
3680 2566 3846 2637 ὑμῶν

2299 2653 2600 2724 ἐχαρίσατο.

1665 2841 1812 2896 Idem
1834 2843 1984 2910 epist.
2027 2842 2130 2894 204
2161 2855 2304 2893 num.
2333 2837 2385 2899 2,
2412 2835 2537 2888 ibid.
2570 2851 2691 2903 pag.
2715 2833 2835 2888 505.

630 2953 637 2960 ’
723 2949 961 3002 Alterum
1010 2944 1116 2995 huc
1160 2938 1383 3003 accedit,
1428 2937 1572 3007 quod
1601 2936 1647 2990 si
1675 2936 1805 3004 quid
1831 2936 2011 3003 magni
2042 2934 2193 2988 aﬂ‘ert

655 3040 723 3094 ad
765 3036 1220 3107 coniunctionem,
1251 3033 1410 3086 etiam
1464 3028 1649 3082 iisdem
1688 3027 1763 3079 uti
1798 3026 2090 3094 magistris,
2132 3024 2194 3077 ii-

656 3131 776 3183 dem
804 3128 960 3182 nobis
998 3126 1106 3180 sint
1140 3140 1203 3176 ac
1232 3122 1382 3176 vobis
1409 3119 1650 3189 magistri
1687 3119 2062 3187 mysteriorum
2101 3115 2192 3169 Dei
2246 3185 2248 3188 ι

653 3231 708 3276 et
741 3228 919 3289 patres
965 3214 1286 3283 spirituales,
1313 3211 1403 3278 qui
1451 3211 1601 3263 initio
1632 3207 1927 3262 Ecelesiam
1961 3215 2193 3261 vestram

657 3310 950 3364 fundarunt
985 3323 1000 3358 :
1027 3304 1338 3370 Gregorium
1375 3301 1497 3354 dico
1524 3315 1792 3353 summum
1823 3298 1968 3352 illum
1997 3299 2190 3363 virum,

653 3404 707 3456 οι
731 3405 987 3467 (ιυοιῳιοι
1018 3403 1138 3464 post
1170 3409 1291 3446 eum
1322 3391 1432 3446 sedi
1464 3389 1601 3457 apud
1631 3403 1726 3441 vos
1753 3386 2042 3464 episcopali
2071 3402 2194 3439 suco

656 3461 923 3553 cedentes,
953 3461 1090 3538 ali—us
1143 3491 1263 3551 post
1310 3481 1474 3534 alium
1523 3477 1685 3531 veluti
1741 3461 1904 3528 stellae
1951 3474 2192 3543 quaedam

654 3578 975 3637 exorientes,
1005 3571 1192 3626 iisdem
1218 3569 1459 3638 vestigiis
1488 3566 1825 3628 institerunt;
1857 3562 1989 3616 adeo
2017 3571 2075 3615 ut
2102 3577 2193 3616 ne-

657 3669 788 3721 niini
835 3667 1062 3721 obscura
1104 3663 1416 3732 reliquerint
1457 3659 1686 3715 cwlestis
1736 3656 1967 3710 instituti
2002 3669 2192 3709 monu-

659 3766 857 3811 menta.

2365 2929 2620 3000 Δεύτερον
2649 2929 2723 2992 δὲ,
2755 2929 2833 2980 ὅτι
2859 2927 2980 2978 εἴτι
3013 2927 3153 2994 μέγα
3179 2927 3531 2994 συμϐάλλεται
3559 2927 3692 2997 πρὸς
3716 2945 3852 2982 συν-

2298 3021 2488 3086 άφειαν
2511 3016 2609 3068 καὶ
2645 3015 2706 3066 τὸ
2751 3014 2858 3065 τῶν
2891 3013 3066 3066 αὐτῶν
3097 3016 3376 3082 μετασχεῖν
3403 3013 3754 3077 διδασκάλων,
3795 3019 3850 3070 οἱ

2298 3110 2448 3162 αὐτοὶ
2478 3109 2603 3176 ὑμῖν
2651 3110 2708 3156 τέ
2742 3105 2845 3177 εἰσ),
2887 3103 2978 3155 καὶ
3010 3106 3140 3173 ἡμῖν
3171 3103 3470 3157 διδάσκαλοί
3501 3121 3558 3157 τε
3587 3105 3691 3159 τῶν
3733 3124 3850 3176 μυ-

2301 3200 2531 3270 στηρίων
2563 3196 2656 3249 τοῦ
2679 3195 2846 3258 Θεοῦ,
2881 3196 2972 3247 καὶ
3018 3196 3248 3264 πατέρες
3282 3192 3648 3264 πνευματικοὶ,
3684 3200 3730 3249 οἱ
3784 3199 3851 3265 ἐξ

2296 3291 2467 3360 ἀρχῆς
2491 3289 2589 3358 τὴν
2627 3286 2942 3355 Ἐκκλησίαν
2970 3288 3066 3358 τὴν
3092 3287 3354 3359 ὑμετέραν
3386 3289 3808 3359 θεμελιώσαντες
3831 3311 3845 3323 ·

2297 3379 2586 3450 Γρηγόριον
2611 3376 2749 3444 λέγω
2768 3377 2857 3428 τὸν
2882 3365 3041 3439 πάνυ,
3068 3380 3158 3430 καὶ
3181 3368 3290 3431 ὅσοι
3319 3379 3506 3449 ἐφεξῆς
3530 3380 3714 3449 ἐκείνῳ
3738 3381 3850 3448 τῆς

2298 3471 2424 3539 παρ’
2454 3470 2579 3538 ὑμῖν
2608 3469 2905 3537 ἐπισκοπῆς
2931 3469 3020 3520 τὸν
3059 3469 3239 3538 θρόνον
3269 3469 3647 3538 διαδεξάμενοι,
3683 3470 3851 3534 ἄλλος

2299 3564 2384 3614 ἐπ’
2412 3562 2552 3632 ἄλλῳ
2579 3563 2763 3632 ὥσπερ
2790 3562 2929 3623 τινὲς
2962 3562 3183 3630 ἀστέρες
3211 3561 3670 3625 ἐπανατέλλοντες,
3695 3564 3849 3616 κατὰ

2295 3653 2400 3705 τῶν
2442 3653 2616 3706 αὐτῶν
2653 3653 2809 3723 ἰχνῶν
2841 3653 3133 3720 ἐπέϐησαν,
3167 3650 3305 3703 ὥστε
3337 3652 3630 3720 διάγνωστα
3673 3671 3853 3706 κατα-

2294 3745 2468 3797 λιπεῖν
2520 3745 2639 3813 τῆςν
2669 3743 2785 3796 κατ’
2818 3743 3038 3811 οὐρανὸν
3089 3741 3354 3804 πολιτείας
3399 3743 3465 3798 τά
3497 3746 3690 3814 σημεῖα
3724 3747 3851 3806 τοῖς
3876 3777 3892 3798 -.

2297 3835 2658 3905 βουλομένοις.
3006 3823 3008 3825 ’
3653 3821 3660 3828 ’

1531 3932 1679 3983 Idem
1699 3930 1850 3996 epist.
1878 3928 2001 3992 207,
2037 3945 2180 3981 num.
2213 3927 2266 3994 4,
2294 3929 2418 3982 ibid.
2446 3945 2564 3997 pag.
2602 3928 2697 3981 3H
2726 3936 2772 3978 et
2795 3943 2928 3996 seqq.

728 4047 833 4102 Sed
867 4047 1000 4110 hac,
1028 4043 1217 4111 inquit,
1247 4056 1352 4095 non
1388 4047 1541 4094 erant
1578 4017 1816 4108 tempore
1858 4037 2038 4105 magni
2063 4036 2193 4089 Gre-

658 4141 862 4212 gorii...
893 4137 1015 4190 Haec
1045 4145 1222 4189 autem
1250 4149 1353 4188 non
1385 4131 1551 4185 fuisse
1590 4132 1690 4184 sub
1725 4129 2035 4190 admirando
2059 4126 2193 4180 Gre-

659 4230 828 4299 gorio,
855 4241 1116 4296 quosnam
1147 4223 1350 4304 habetis
1381 4220 1586 4276 testes?
1609 4221 1700 4288 qui
1732 4219 1943 4287 quidem
1971 4216 2101 4270 nihil
2129 4231 2196 4270 ex

660 4315 805 4368 illius
859 4313 1115 4367 institutis
1167 4312 1424 4363 hactenus
1470 4307 1893 4362 conservastis...
1937 4304 2196 4358 Tantum-

662 4405 821 4456 modo
869 4417 996 4454 sana
1043 4402 1152 4454 sint
1201 4416 1320 4466 quae
1371 4410 1496 4453 sunt
1544 4399 1907 4466 prsecipua,et
1935 4396 2195 4449 novitates

661 4493 802 4546 circa
829 4491 986 4544 (idem
1015 4490 1399 4557 compescite...
1425 4489 1661 4556 Gregorii
1683 4488 1840 4541 verba
1871 4501 1936 4540 ne
1957 4485 2088 4539 falso
2113 4487 2195 4538 in-

659 4581 1045 4651 terpreteinini.

2378 4035 2510 4087 Ἀλλ’
2545 4036 2642 4087 οὐκ
2670 4031 2756 4104 ἦν,
2793 4035 2942 4104 φησι,
2978 4033 3144 4087 ταῦτα
3176 4035 3266 4087 ἐπὶ
3297 4035 3390 4089 τοῦ
3434 4035 3661 4107 μεγάλου
3691 4036 3850 4108 Γρη-

2298 4128 2498 4198 γορίου.
2525 4167 2538 4180 .
2566 4171 2578 4179 .
2603 4129 2721 4181 Ὅτι
2745 4127 2800 4179 δὲ
2829 4129 2926 4180 οὐκ
2972 4126 3038 4199 ἦν
3080 4129 3248 4182 ταῦτα
3278 4131 3382 4202 ἐπὶ⁴
3405 4130 3497 4184 τοῦ
3531 4131 3854 4198 θαυμαστοῦ

2300 4219 2590 4289 Γρηγορίου
2636 4219 2782 4282 τίνας
2832 4220 2979 4288 ἔχετε
3027 4222 3332 4292 papa-apag;
3367 4222 3419 4274 oi.’
3449 4240 3510 4290 γε
3540 4223 3685 4274 οὐδὲν
3729 4223 3856 4276 τῶν

2300 4310 2503 4362 ἐκείνου
2545 4309 2698 4380 μέχρι
2730 4310 2822 4362 νῦν
2861 4310 3247 4364 διεσώσασθε...
3277 4313 3447 4364 Μόνον
3493 4299 3748 4384 ἐρρώσθω
3779 4317 3854 4368 τὰ

2299 4401 2697 4471 προηγούμενα,
2728 4402 2816 4453 καὶ
2860 4403 2955 4476 τᾲς
2998 4402 3121 4471 περὶ
3166 4407 3261 4472 τὴν
3288 4403 3465 4469 πίστιν
3495 4387 3853 4473 καινοτομίας

2299 4494 2756 4562 κατασιγήσατε...
2796 4492 2905 4554 Τὰς
2937 4491 3026 4544 τοῦ
3062 4489 3349 4561 Γρηγορίου
3382 4491 3558 4558 φωνάς
3588 4494 3664 4564 μὴ
3696 4511 3856 4565 παρ-

2297 4581 2588 4650 εξηγεῖσθε.

1519 4666 1665 4720 Idem
1697 4668 1845 4735 epist.
1877 4666 1980 4718 210
2010 4682 2148 4717 num.
2179 4668 2233 4734 3,
2267 4671 2318 4734 5,
2347 4673 2474 4725 ibid.
2511 4689 2629 4742 pag.
2657 4674 2795 4737 5H,
2818 4672 2940 4726 '5l6.
2983 4666 2989 4674 ’

704 4764 876 4817 ‘Fidei
911 4764 1113 4815 eversio
1139 4760 1277 4829 apud
1305 4775 1398 4814 vos
1424 4759 1780 4826 excogitatur,
1819 4756 2034 4809 inimica
2067 4771 2195 4824 apo-

661 4856 866 4921 stolicis
910 4861 963 4906 et
1012 4852 1327 4919 evangelicis
1353 4850 1634 4909 doctrinis,
1668 4848 1884 4901 inimica
1924 4845 2194 4900 traditioni

662 4944 904 5012 Gregorii
938 4956 1062 4995 vere
1093 4941 1334 5008 magni...
1366 4939 1500 4993 Nam
1541 4939 1757 4992 Sabellii
1801 4939 2022 5003 malum,
2065 4937 2192 4990 olim

663 5036 875 5101 quidem
907 5039 1173 5093 exortum,
1202 5029 1294 5082 sed
1346 5030 1630 5083 traditione
1674 5029 1854 5097 magni
1906 5029 2048 5082 illius
2092 5029 2196 5080 viri

620 5165 622 5168 .
661 5126 1000 5186 exstinctum,
1039 5127 1305 5176 conantur
1347 5134 1487 5172 nunc
1536 5119 1622 5173 isti
1651 5134 1976 5172 renovare...
2006 5119 2191 5172 Immi-

663 5229 780 5268 sere
803 5216 960 5267 etiam
1000 5229 1092 5282 per
1117 5209 1397 5279 epistolam
1432 5220 1756 5264 tentamenta
1788 5211 2029 5279 quaedam
2060 5227 2195 5264 una-

663 5305 793 5358 nimi
843 5318 1023 5359 nostro
1067 5303 1321 5358 Anthimo
1369 5301 1669 5370 Tyanorum
1723 5306 1989 5372 episcopo,
2037 5303 2192 5372 quasi

659 5395 945 5462 Gregorius
991 5397 1045 5447 in
1101 5393 1248 5453 Eidei
1296 5394 1612 5460 expositione
1657 5395 1870 5457 dixerit,
1899 5393 2107 5446 Patrem
2139 5401 2191 5446 et

661 5486 848 5538 Filium
875 5487 1066 5540 mentis
1089 5486 1304 5554 quidem
1334 5485 1652 5561 cogitatione
1679 5487 1784 5537 duo
1805 5501 1942 5548 esse,
1973 5486 2063 5538 sed
2092 5485 2189 5552 hy-

657 5576 853 5646 postasi
887 5591 1070 5629 unum.
1104 5577 1215 5631 Hoc
1256 5587 1432 5630 autem
1483 5591 1586 5628 non
1633 5575 1856 5629 docendi
1885 5592 2069 5641 causa,
2102 5575 2194 5628 sed

725 5708 834 5777 (63)
872 5706 1166 5773 Καθιῆκαν,
1202 5727 1254 5761 κ.
1281 5728 1328 5759 τ.
1352 5710 1398 5759 λ.
1442 5709 1642 5761 Horum
1670 5708 1952 5759 verborum
1987 5710 2187 5760 versio-

656 5795 772 5831 nem
806 5793 973 5846 usque
1005 5779 1066 5830 ad
1100 5777 1254 5830 linem
1281 5780 1494 5833 exhibet
1523 5777 1808 5831 Facundos
1840 5777 2182 5830 llermianen-

2367 4761 2604 4822 Πίστεως
2656 4761 2943 4832 διαστροφὴ
2997 4764 3120 4831 παρ’
3153 4763 3275 4830 ὑμῖν
3322 4764 3619 4832 μελετᾶται,
3666 4764 3856 4838 ἐχθρά

2301 4850 2397 4918 μὲν
2449 4853 2556 4913 τοῖς
2603 4852 2967 4916 ἀποστολικοῖς
3016 4855 3108 4905 καὶ
3152 4854 3510 4922 εὐαγγελικοίς
3554 4855 3849 4923 δόγμασιν,

2295 4938 2462 5008 ἐχθρὰ
2491 4940 2546 4991 δὲ
2572 4943 2637 5009 τῇ
2665 4942 2952 5012 παραδόσει
2976 4941 3068 4993 τοῦ
3104 4943 3329 5011 μεγάλου
3355 4947 3429 5006 ὡς
3455 4944 3664 5012 άληθῶς
3693 4944 3732 4994 Γ
3741 4962 3853 5016 ρη-

2294 5031 2493 5099 γορίου.
2524 5071 2537 5083 .
2572 5072 2584 5083 .
2621 5033 2693 5084 Τὸ
2735 5033 2839 5103 γάρ
2871 5032 2961 5084 τοῦ
2993 5020 3285 5084 Σαϐελλίου
3310 5035 3494 5096 κακὸν,
3527 5034 3688 5087 πάλαι
3740 5039 3850 5105 μὲν

2297 5121 2528 5190 κινηθὲν,
2565 5125 2924 5177 κατασϐεσθὲν
2955 5124 3008 5176 δὲ
3040 5129 3104 5195 τῇ
3139 5126 3421 5198 παραδόσει
3451 5124 3543 5175 τοῦ
3579 5126 3850 5193 μεγάλου,

2297 5213 2623 5283 ἐπιχειροῦσι
2652 5215 2746 5267 νῦν
2771 5215 3115 5268 ἀνανεοῦσθαι
3147 5214 3305 5271 οὗτοι.
3337 5255 3349 5267 .
3381 5254 3394 5266 .
3443 5213 3697 5282 Καθῆκαν
3727 5217 3854 5287 (63)

2294 5303 2350 5355 δέ
2382 5322 2498 5357 τινα
2533 5309 2722 5375 πεῖραν
2763 5305 2827 5356 δι’
2864 5307 3162 5378 ἐπιστολῆς,
3198 5307 3288 5360 καὶ
3322 5307 3453 5373 πρὸς
3499 5305 3586 5357 τὸν
3635 5306 3857 5373 όμόψυο

2294 5412 2386 5461 χον
2410 5396 2850 5465 ήμῶνβΑνθιμον
2876 5397 2963 5448 τὸν
2997 5398 3212 5450 Τυάνων
3247 5397 3538 5447 ἐπίσκοπον
3558 5411 3572 5423 ’
3612 5393 3688 5457 ὡς
3732 5398 3856 5468 ἄρα

2294 5487 2586 5558 Γρηγορίου
2605 5489 2840 5550 εἰπόντος
2866 5490 2920 5539 ἐν
2937 5489 3194 5543 Ἐκθέσει
3207 5487 3477 5549 πίστεως,
3493 5486 3708 5557 Πατέρα
3748 5491 3855 5543 καὶ

2287 5576 2413 5628 rae»
2469 5579 2678 5647 ἐπινοίᾳ
2735 5579 2830 5646 μὲν
2882 5574 3017 5632 εἶναι
3066 5579 3174 5640 δύο,
3212 5576 3500 5629 ὑποστάσει
3532 5577 3586 5628 δὲ
3614 5578 3848 5648 tvm-6).

2295 5711 2490 5847 Sisllib.
2524 5727 2577 5777 χ,
2611 5727 2658 5764 c.
2691 5712 2741 5776 6,
2776 5709 2907 5779 Opp.
2945 5711 3210 5766 Sirmond.
3240 5719 3369 5782 tum.
3400 5680 3463 5773 il,
3495 5725 3616 5780 pag.
3655 5711 3764 5765 710
3797 5727 3854 5771 et

2311 5797 2350 5831 'e
2394 5819 2404 5831 .

2311 5797 2404 5831 seu.
