  <div class='ocr_page' id='page_1' title='image "/cluster/home/n/w/nwhite01/storage/ocr_20150623/10/pst.000005711901/498.png"; bbox 0 0 4098 6362; ppageno 0'>
   <div class='ocr_carea' id='block_1_1' title="bbox 301 480 2195 559">
    <p class='ocr_par' dir='ltr' id='par_1_1' title="bbox 301 480 2195 559">
     <span class='ocr_line' id='line_1_1' title="bbox 301 480 2195 559; baseline 0.003 -25"><span class='ocrx_word' id='word_1_1' title='bbox 301 480 368 535; x_wconf 77' lang='grc'><strong>77</strong></span> <span class='ocrx_word' id='word_1_2' title='bbox 618 539 622 543; x_wconf 59' lang='grc'><strong>,</strong></span> <span class='ocrx_word' id='word_1_3' title='bbox 1384 481 1799 559; x_wconf 75' lang='lat' dir='ltr'><strong>TESTIMONIA</strong></span> <span class='ocrx_word' id='word_1_4' title='bbox 1844 486 2195 543; x_wconf 77' lang='lat' dir='ltr'><strong>VETERUM.</strong></span> 
     </span>
    </p>
   </div>
   <div class='ocr_carea' id='block_1_2' title="bbox 3376 486 3477 542">
    <p class='ocr_par' dir='ltr' id='par_1_2' title="bbox 3376 486 3477 542">
     <span class='ocr_line' id='line_1_2' title="bbox 3376 486 3477 542; baseline -0.04 -1"><span class='ocrx_word' id='word_1_5' title='bbox 3376 486 3477 542; x_wconf 76' lang='grc' dir='ltr'><strong>9ῗὸ</strong></span> 
     </span>
    </p>
   </div>
   <div class='ocr_carea' id='block_1_3' title="bbox 254 594 1821 680">
    <p class='ocr_par' dir='ltr' id='par_1_3' title="bbox 254 594 1819 669">
     <span class='ocr_line' id='line_1_3' title="bbox 254 594 1819 669; baseline 0.005 -23"><span class='ocrx_word' id='word_1_6' title='bbox 254 594 415 646; x_wconf 76' lang='grc' dir='ltr'>τοῦτο</span> <span class='ocrx_word' id='word_1_7' title='bbox 445 594 503 648; x_wconf 70' lang='grc' dir='ltr'>δὲ</span> <span class='ocrx_word' id='word_1_8' title='bbox 532 597 615 648; x_wconf 80' lang='grc' dir='ltr'>ὅτι</span> <span class='ocrx_word' id='word_1_9' title='bbox 659 597 719 648; x_wconf 79' lang='grc' dir='ltr'><strong>οὐ</strong></span> <span class='ocrx_word' id='word_1_10' title='bbox 761 596 1098 666; x_wconf 78' lang='grc' dir='ltr'><strong>δογματικῶς</strong></span> <span class='ocrx_word' id='word_1_11' title='bbox 1140 600 1369 669; x_wconf 77' lang='grc' dir='ltr'>εἴρηται,</span> <span class='ocrx_word' id='word_1_12' title='bbox 1400 600 1512 652; x_wconf 82' lang='grc' dir='ltr'>ἀλλ’</span> <span class='ocrx_word' id='word_1_13' title='bbox 1536 602 1819 669; x_wconf 84' lang='grc' dir='ltr'>ἀγωνιστι-</span> 
     </span>
    </p>
   </div>
   <div class='ocr_carea' id='block_1_4' title="bbox 1909 594 3476 680">
    <p class='ocr_par' dir='ltr' id='par_1_4' title="bbox 1922 603 3476 680">
     <span class='ocr_line' id='line_1_4' title="bbox 1922 603 3476 680; baseline -0.001 -25"><span class='ocrx_word' id='word_1_14' title='bbox 1922 603 2231 657; x_wconf 74' lang='lat' dir='ltr'><strong>decertandi</strong></span> <span class='ocrx_word' id='word_1_15' title='bbox 2261 604 2310 656; x_wconf 88' lang='lat' dir='ltr'><strong>in</strong></span> <span class='ocrx_word' id='word_1_16' title='bbox 2343 603 2560 680; x_wconf 73' lang='lat' dir='ltr'><strong>Oialogo</strong></span> <span class='ocrx_word' id='word_1_17' title='bbox 2593 620 2710 657; x_wconf 83' lang='lat' dir='ltr'><strong>cum</strong></span> <span class='ocrx_word' id='word_1_18' title='bbox 2743 604 2962 658; x_wconf 64' lang='lat' dir='ltr'><strong>Elimia</strong></span> <span class='ocrx_word' id='word_1_19' title='bbox 2988 604 3189 658; x_wconf 89' lang='lat' dir='ltr'><strong>dictum</strong></span> <span class='ocrx_word' id='word_1_20' title='bbox 3222 617 3364 665; x_wconf 85' lang='lat' dir='ltr'><strong>esse,</strong></span> <span class='ocrx_word' id='word_1_21' title='bbox 3397 605 3476 655; x_wconf 85' lang='lat' dir='ltr'><strong>in-</strong></span> 
     </span>
    </p>
   </div>
   <div class='ocr_carea' id='block_1_5' title="bbox 257 686 1815 765">
    <p class='ocr_par' dir='ltr' id='par_1_5' title="bbox 257 686 1815 765">
     <span class='ocr_line' id='line_1_5' title="bbox 257 686 1815 765; baseline 0.006 -28"><span class='ocrx_word' id='word_1_22' title='bbox 257 686 371 749; x_wconf 78' lang='grc' dir='ltr'>κῶς</span> <span class='ocrx_word' id='word_1_23' title='bbox 412 688 471 738; x_wconf 85' lang='grc' dir='ltr'><strong>ἐν</strong></span> <span class='ocrx_word' id='word_1_24' title='bbox 496 688 564 757; x_wconf 73' lang='grc' dir='ltr'>τῇ</span> <span class='ocrx_word' id='word_1_25' title='bbox 594 687 744 753; x_wconf 78' lang='grc' dir='ltr'>πρὸς</span> <span class='ocrx_word' id='word_1_26' title='bbox 782 689 1066 742; x_wconf 75' lang='grc' dir='ltr'>Αίλιανόν</span> <span class='ocrx_word' id='word_1_27' title='bbox 1107 689 1383 755; x_wconf 78' lang='grc' dir='ltr'><strong>διαλέξει,</strong></span> <span class='ocrx_word' id='word_1_28' title='bbox 1413 693 1510 744; x_wconf 71' lang='grc' dir='ltr'><strong>οὐκ</strong></span> <span class='ocrx_word' id='word_1_29' title='bbox 1554 693 1815 765; x_wconf 74' lang='grc' dir='ltr'>ἠδυνήθη-</span> 
     </span>
    </p>
   </div>
   <div class='ocr_carea' id='block_1_6' title="bbox 256 778 1814 855">
    <p class='ocr_par' dir='ltr' id='par_1_6' title="bbox 256 778 1814 855">
     <span class='ocr_line' id='line_1_6' title="bbox 256 778 1814 855; baseline 0.008 -28"><span class='ocrx_word' id='word_1_30' title='bbox 256 793 359 829; x_wconf 87' lang='grc' dir='ltr'><strong>σαν</strong></span> <span class='ocrx_word' id='word_1_31' title='bbox 394 778 640 844; x_wconf 76' lang='grc' dir='ltr'><strong>συνιδεῖν,</strong></span> <span class='ocrx_word' id='word_1_32' title='bbox 668 780 714 830; x_wconf 82' lang='grc' dir='ltr'><strong>οἱ</strong></span> <span class='ocrx_word' id='word_1_33' title='bbox 759 779 850 831; x_wconf 79' lang='grc' dir='ltr'><strong>ἐπὶ</strong></span> <span class='ocrx_word' id='word_1_34' title='bbox 896 780 1175 853; x_wconf 83' lang='grc' dir='ltr'><strong>λεπτότητι</strong></span> <span class='ocrx_word' id='word_1_35' title='bbox 1217 783 1323 834; x_wconf 79' lang='grc' dir='ltr'><strong>τῶν</strong></span> <span class='ocrx_word' id='word_1_36' title='bbox 1354 785 1562 855; x_wconf 84' lang='grc' dir='ltr'>φρενῶν</span> <span class='ocrx_word' id='word_1_37' title='bbox 1595 788 1814 850; x_wconf 71' lang='grc' dir='ltr'>ἑαυτοὺς</span> 
     </span>
    </p>
   </div>
   <div class='ocr_carea' id='block_1_7' title="bbox 256 865 1815 947">
    <p class='ocr_par' dir='ltr' id='par_1_7' title="bbox 256 865 1815 947">
     <span class='ocr_line' id='line_1_7' title="bbox 256 865 1815 947; baseline 0.006 -27"><span class='ocrx_word' id='word_1_38' title='bbox 256 870 668 939; x_wconf 75' lang='grc' dir='ltr'>μακαρίζοντες.</span> <span class='ocrx_word' id='word_1_39' title='bbox 687 872 773 925; x_wconf 85' lang='grc' dir='ltr'>Ἑν</span> <span class='ocrx_word' id='word_1_40' title='bbox 876 873 1044 927; x_wconf 84' lang='grc' dir='ltr'>πολλά</span> <span class='ocrx_word' id='word_1_41' title='bbox 1071 874 1175 930; x_wconf 84' lang='grc' dir='ltr'><strong>τῶν</strong></span> <span class='ocrx_word' id='word_1_42' title='bbox 1202 875 1671 947; x_wconf 75' lang='grc' dir='ltr'><strong>ἀπογραψαμένων</strong></span> <span class='ocrx_word' id='word_1_43' title='bbox 1701 880 1815 931; x_wconf 75' lang='grc' dir='ltr'>ἐστὶ</span> 
     </span>
    </p>
   </div>
   <div class='ocr_carea' id='block_1_8' title="bbox 253 960 1812 1039">
    <p class='ocr_par' dir='ltr' id='par_1_8' title="bbox 253 960 1812 1039">
     <span class='ocr_line' id='line_1_8' title="bbox 253 960 1812 1039; baseline 0.008 -30"><span class='ocrx_word' id='word_1_44' title='bbox 253 960 567 1029; x_wconf 75' lang='grc' dir='ltr'>σφάλματα,</span> <span class='ocrx_word' id='word_1_45' title='bbox 597 962 672 1023; x_wconf 84' lang='grc' dir='ltr'>ὡς</span> <span class='ocrx_word' id='word_1_46' title='bbox 704 966 790 1015; x_wconf 86' lang='grc' dir='ltr'>ἐπ’</span> <span class='ocrx_word' id='word_1_47' title='bbox 813 965 989 1018; x_wconf 80' lang='grc' dir='ltr'>αὐτῶν</span> <span class='ocrx_word' id='word_1_48' title='bbox 1016 966 1120 1018; x_wconf 80' lang='grc' dir='ltr'><strong>τῶν</strong></span> <span class='ocrx_word' id='word_1_49' title='bbox 1146 966 1339 1029; x_wconf 80' lang='grc' dir='ltr'><strong>λέξεων</strong></span> <span class='ocrx_word' id='word_1_50' title='bbox 1362 967 1604 1038; x_wconf 76' lang='grc' dir='ltr'>δείξομεν</span> <span class='ocrx_word' id='word_1_51' title='bbox 1634 972 1812 1039; x_wconf 80' lang='grc' dir='ltr'><strong>ἡμεῖς,</strong></span> 
     </span>
    </p>
   </div>
   <div class='ocr_carea' id='block_1_9' title="bbox 250 1050 1812 1129">
    <p class='ocr_par' dir='ltr' id='par_1_9' title="bbox 250 1050 1812 1129">
     <span class='ocr_line' id='line_1_9' title="bbox 250 1050 1812 1129; baseline 0.008 -29"><span class='ocrx_word' id='word_1_52' title='bbox 250 1050 353 1101; x_wconf 75' lang='grc' dir='ltr'>ἐὰν</span> <span class='ocrx_word' id='word_1_53' title='bbox 383 1051 410 1100; x_wconf 82' lang='grc' dir='ltr'>ὁ</span> <span class='ocrx_word' id='word_1_54' title='bbox 441 1050 572 1115; x_wconf 84' lang='grc' dir='ltr'><strong>Θεὸς</strong></span> <span class='ocrx_word' id='word_1_55' title='bbox 593 1054 814 1124; x_wconf 82' lang='grc' dir='ltr'>θέλῃ.Ἔ</span> <span class='ocrx_word' id='word_1_56' title='bbox 826 1072 980 1108; x_wconf 86' lang='grc' dir='ltr'>πειτα</span> <span class='ocrx_word' id='word_1_57' title='bbox 1008 1057 1108 1126; x_wconf 85' lang='grc' dir='ltr'><strong>μέν</strong></span> <span class='ocrx_word' id='word_1_58' title='bbox 1131 1074 1210 1109; x_wconf 87' lang='grc' dir='ltr'><strong>τοι</strong></span> <span class='ocrx_word' id='word_1_59' title='bbox 1228 1058 1317 1110; x_wconf 82' lang='grc' dir='ltr'><strong>τὸν</strong></span> <span class='ocrx_word' id='word_1_60' title='bbox 1342 1058 1574 1129; x_wconf 75' lang='grc' dir='ltr'>Ἕλληνα</span> <span class='ocrx_word' id='word_1_61' title='bbox 1595 1060 1812 1124; x_wconf 80' lang='grc' dir='ltr'>πείθων,</span> 
     </span>
    </p>
   </div>
   <div class='ocr_carea' id='block_1_10' title="bbox 250 1143 1809 1223">
    <p class='ocr_par' dir='ltr' id='par_1_10' title="bbox 250 1143 1809 1223">
     <span class='ocr_line' id='line_1_10' title="bbox 250 1143 1809 1223; baseline 0.009 -30"><span class='ocrx_word' id='word_1_62' title='bbox 250 1143 353 1211; x_wconf 77' lang='grc' dir='ltr'><strong>οὐχ</strong></span> <span class='ocrx_word' id='word_1_63' title='bbox 381 1144 562 1212; x_wconf 74' lang='grc' dir='ltr'>ἡγεῖτο</span> <span class='ocrx_word' id='word_1_64' title='bbox 588 1147 779 1216; x_wconf 83' lang='grc' dir='ltr'>χρῆναι</span> <span class='ocrx_word' id='word_1_65' title='bbox 810 1148 1277 1221; x_wconf 75' lang='grc' dir='ltr'>ἀκριϐολογεῖσθαι</span> <span class='ocrx_word' id='word_1_66' title='bbox 1314 1151 1438 1219; x_wconf 72' lang='grc' dir='ltr'>περὶ</span> <span class='ocrx_word' id='word_1_67' title='bbox 1464 1152 1531 1203; x_wconf 83' lang='grc' dir='ltr'>τὰ</span> <span class='ocrx_word' id='word_1_68' title='bbox 1565 1155 1809 1223; x_wconf 73' lang='grc' dir='ltr'>ῥήματαο</span> 
     </span>
    </p>
   </div>
   <div class='ocr_carea' id='block_1_11' title="bbox 248 1233 1810 1317">
    <p class='ocr_par' dir='ltr' id='par_1_11' title="bbox 248 1233 1810 1317">
     <span class='ocr_line' id='line_1_11' title="bbox 248 1233 1810 1317; baseline 0.01 -34"><span class='ocrx_word' id='word_1_69' title='bbox 248 1233 367 1284; x_wconf 78' lang='grc' dir='ltr'><strong>ἀλλ’</strong></span> <span class='ocrx_word' id='word_1_70' title='bbox 389 1233 534 1287; x_wconf 81' lang='grc' dir='ltr'>ἐστιν</span> <span class='ocrx_word' id='word_1_71' title='bbox 553 1236 658 1307; x_wconf 81' lang='grc' dir='ltr'>ὅπη</span> <span class='ocrx_word' id='word_1_72' title='bbox 680 1240 773 1291; x_wconf 80' lang='grc' dir='ltr'><strong>καὶ</strong></span> <span class='ocrx_word' id='word_1_73' title='bbox 799 1239 1101 1292; x_wconf 86' lang='grc' dir='ltr'>συνδιδόντα</span> <span class='ocrx_word' id='word_1_74' title='bbox 1121 1240 1195 1310; x_wconf 78' lang='grc' dir='ltr'>τῷ</span> <span class='ocrx_word' id='word_1_75' title='bbox 1214 1241 1321 1294; x_wconf 84' lang='grc' dir='ltr'>ἕθει</span> <span class='ocrx_word' id='word_1_76' title='bbox 1345 1243 1437 1296; x_wconf 79' lang='grc' dir='ltr'>τοῦ</span> <span class='ocrx_word' id='word_1_77' title='bbox 1465 1244 1810 1317; x_wconf 80' lang='grc' dir='ltr'>ἐναγομὲνου,</span> 
     </span>
    </p>
   </div>
   <div class='ocr_carea' id='block_1_12' title="bbox 222 1323 1813 1406">
    <p class='ocr_par' dir='ltr' id='par_1_12' title="bbox 222 1323 1813 1406">
     <span class='ocr_line' id='line_1_12' title="bbox 222 1323 1813 1406; baseline 0.004 -25"><span class='ocrx_word' id='word_1_78' title='bbox 222 1323 330 1386; x_wconf 79' lang='grc' dir='ltr'>ὡς</span> <span class='ocrx_word' id='word_1_79' title='bbox 359 1324 424 1377; x_wconf 82' lang='grc' dir='ltr'><strong>ἂν</strong></span> <span class='ocrx_word' id='word_1_80' title='bbox 460 1327 533 1396; x_wconf 78' lang='grc' dir='ltr'>μὴ</span> <span class='ocrx_word' id='word_1_81' title='bbox 559 1330 841 1383; x_wconf 84' lang='grc' dir='ltr'>ἀντιτείνοι</span> <span class='ocrx_word' id='word_1_82' title='bbox 874 1331 1008 1402; x_wconf 85' lang='grc' dir='ltr'>πρὸς</span> <span class='ocrx_word' id='word_1_83' title='bbox 1030 1332 1098 1385; x_wconf 80' lang='grc' dir='ltr'>τὰ</span> <span class='ocrx_word' id='word_1_84' title='bbox 1130 1334 1334 1403; x_wconf 84' lang='grc' dir='ltr'>καίρια.</span> <span class='ocrx_word' id='word_1_85' title='bbox 1364 1335 1452 1386; x_wconf 89' lang='grc' dir='ltr'>Διὸ</span> <span class='ocrx_word' id='word_1_86' title='bbox 1480 1335 1541 1406; x_wconf 82' lang='grc' dir='ltr'>δὴ</span> <span class='ocrx_word' id='word_1_87' title='bbox 1566 1336 1659 1388; x_wconf 79' lang='grc' dir='ltr'><strong>καὶ</strong></span> <span class='ocrx_word' id='word_1_88' title='bbox 1692 1335 1813 1387; x_wconf 84' lang='grc' dir='ltr'>πολ-</span> 
     </span>
    </p>
   </div>
   <div class='ocr_carea' id='block_1_13' title="bbox 246 1414 1814 1496">
    <p class='ocr_par' dir='ltr' id='par_1_13' title="bbox 246 1414 1814 1496">
     <span class='ocr_line' id='line_1_13' title="bbox 246 1414 1814 1496; baseline 0.009 -32"><span class='ocrx_word' id='word_1_89' title='bbox 246 1414 353 1477; x_wconf 75' lang='grc' dir='ltr'><strong>λὰς</strong></span> <span class='ocrx_word' id='word_1_90' title='bbox 380 1415 445 1467; x_wconf 79' lang='grc' dir='ltr'>ἂν</span> <span class='ocrx_word' id='word_1_91' title='bbox 472 1416 650 1488; x_wconf 75' lang='grc' dir='ltr'>εὕροις</span> <span class='ocrx_word' id='word_1_92' title='bbox 677 1421 792 1473; x_wconf 82' lang='grc' dir='ltr'>ἐκεῖ</span> <span class='ocrx_word' id='word_1_93' title='bbox 815 1422 1015 1488; x_wconf 82' lang='grc' dir='ltr'>φωνὰς,</span> <span class='ocrx_word' id='word_1_94' title='bbox 1038 1422 1135 1485; x_wconf 79' lang='grc' dir='ltr'>τὰς</span> <span class='ocrx_word' id='word_1_95' title='bbox 1162 1423 1256 1475; x_wconf 74' lang='grc' dir='ltr'>νῦν</span> <span class='ocrx_word' id='word_1_96' title='bbox 1282 1427 1387 1488; x_wconf 80' lang='grc' dir='ltr'>τοῖς</span> <span class='ocrx_word' id='word_1_97' title='bbox 1413 1427 1699 1496; x_wconf 82' lang='grc' dir='ltr'>αἱρετικοῖς</span> <span class='ocrx_word' id='word_1_98' title='bbox 1721 1444 1814 1496; x_wconf 84' lang='grc' dir='ltr'>με·</span> 
     </span>
    </p>
   </div>
   <div class='ocr_carea' id='block_1_14' title="bbox 246 1500 1810 1585">
    <p class='ocr_par' dir='ltr' id='par_1_14' title="bbox 246 1500 1810 1585">
     <span class='ocr_line' id='line_1_14' title="bbox 246 1500 1810 1585; baseline 0.009 -30"><span class='ocrx_word' id='word_1_99' title='bbox 246 1506 445 1575; x_wconf 78' lang='grc' dir='ltr'>γίστην</span> <span class='ocrx_word' id='word_1_100' title='bbox 500 1509 648 1578; x_wconf 79' lang='grc' dir='ltr'>ἰσχὺν</span> <span class='ocrx_word' id='word_1_101' title='bbox 694 1500 1105 1583; x_wconf 76' lang='grc' dir='ltr'><strong>παρεχομένας·</strong></span> <span class='ocrx_word' id='word_1_102' title='bbox 1139 1514 1212 1577; x_wconf 85' lang='grc' dir='ltr'>ὡς</span> <span class='ocrx_word' id='word_1_103' title='bbox 1261 1516 1320 1567; x_wconf 87' lang='grc' dir='ltr'><strong>τὸ</strong></span> <span class='ocrx_word' id='word_1_104' title='bbox 1366 1518 1601 1585; x_wconf 77' lang='grc' dir='ltr'>κτίσμα,</span> <span class='ocrx_word' id='word_1_105' title='bbox 1630 1518 1721 1570; x_wconf 72' lang='grc' dir='ltr'>καὶ</span> <span class='ocrx_word' id='word_1_106' title='bbox 1751 1518 1810 1569; x_wconf 80' lang='grc' dir='ltr'><strong>τὸ</strong></span> 
     </span>
    </p>
   </div>
   <div class='ocr_carea' id='block_1_15' title="bbox 246 1597 1809 1679">
    <p class='ocr_par' dir='ltr' id='par_1_15' title="bbox 246 1597 1809 1679">
     <span class='ocr_line' id='line_1_15' title="bbox 246 1597 1809 1679; baseline 0.01 -32"><span class='ocrx_word' id='word_1_107' title='bbox 246 1597 495 1665; x_wconf 76' lang='grc' dir='ltr'>ποίημα,</span> <span class='ocrx_word' id='word_1_108' title='bbox 528 1600 622 1651; x_wconf 77' lang='grc' dir='ltr'><strong>καὶ</strong></span> <span class='ocrx_word' id='word_1_109' title='bbox 654 1602 706 1654; x_wconf 84' lang='grc' dir='ltr'>ετ</span> <span class='ocrx_word' id='word_1_110' title='bbox 730 1619 783 1655; x_wconf 81' lang='grc' dir='ltr'><strong>τι</strong></span> <span class='ocrx_word' id='word_1_111' title='bbox 814 1602 1065 1656; x_wconf 81' lang='grc' dir='ltr'>τοιοῦτον.</span> <span class='ocrx_word' id='word_1_112' title='bbox 1101 1605 1277 1658; x_wconf 82' lang='grc' dir='ltr'>Πολλά</span> <span class='ocrx_word' id='word_1_113' title='bbox 1317 1606 1385 1659; x_wconf 70' lang='grc' dir='ltr'>δὲ</span> <span class='ocrx_word' id='word_1_114' title='bbox 1421 1608 1514 1659; x_wconf 83' lang='grc' dir='ltr'><strong>καὶ</strong></span> <span class='ocrx_word' id='word_1_115' title='bbox 1558 1609 1809 1679; x_wconf 75' lang='grc' dir='ltr'>περὶτῆς</span> 
     </span>
    </p>
   </div>
   <div class='ocr_carea' id='block_1_16' title="bbox 246 1689 1809 1771">
    <p class='ocr_par' dir='ltr' id='par_1_16' title="bbox 246 1689 1809 1771">
     <span class='ocr_line' id='line_1_16' title="bbox 246 1689 1809 1771; baseline 0.007 -29"><span class='ocrx_word' id='word_1_116' title='bbox 246 1689 388 1760; x_wconf 78' lang='grc' dir='ltr'>πρὸς</span> <span class='ocrx_word' id='word_1_117' title='bbox 408 1691 498 1742; x_wconf 83' lang='grc' dir='ltr'><strong>τὸν</strong></span> <span class='ocrx_word' id='word_1_118' title='bbox 514 1691 795 1765; x_wconf 21' lang='grc' dir='ltr'>,ἀνθρωπον</span> <span class='ocrx_word' id='word_1_119' title='bbox 827 1696 1117 1765; x_wconf 72' lang='grc' dir='ltr'>συναφείας</span> <span class='ocrx_word' id='word_1_120' title='bbox 1142 1699 1425 1768; x_wconf 79' lang='grc' dir='ltr'>εἰρημένα,</span> <span class='ocrx_word' id='word_1_121' title='bbox 1460 1702 1538 1763; x_wconf 86' lang='grc' dir='ltr'><strong>είς</strong></span> <span class='ocrx_word' id='word_1_122' title='bbox 1564 1702 1654 1753; x_wconf 83' lang='grc' dir='ltr'><strong>τὸν</strong></span> <span class='ocrx_word' id='word_1_123' title='bbox 1681 1701 1809 1771; x_wconf 81' lang='grc' dir='ltr'><strong>περὶ</strong></span> 
     </span>
    </p>
   </div>
   <div class='ocr_carea' id='block_1_17' title="bbox 243 1779 1809 1857">
    <p class='ocr_par' dir='ltr' id='par_1_17' title="bbox 243 1779 1809 1857">
     <span class='ocr_line' id='line_1_17' title="bbox 243 1779 1809 1857; baseline 0.011 -28"><span class='ocrx_word' id='word_1_124' title='bbox 243 1779 352 1847; x_wconf 78' lang='grc' dir='ltr'><strong>τῆς</strong></span> <span class='ocrx_word' id='word_1_125' title='bbox 396 1779 1005 1857; x_wconf 26' lang='grc' dir='ltr'>θεότητος-ἀναφέρουσι</span> <span class='ocrx_word' id='word_1_126' title='bbox 1048 1788 1222 1855; x_wconf 88' lang='grc' dir='ltr'>λόγον,</span> <span class='ocrx_word' id='word_1_127' title='bbox 1255 1792 1304 1842; x_wconf 86' lang='grc' dir='ltr'>οἰ</span> <span class='ocrx_word' id='word_1_128' title='bbox 1337 1792 1672 1855; x_wconf 82' lang='grc' dir='ltr'>ἀπαιδεύτως</span> <span class='ocrx_word' id='word_1_129' title='bbox 1704 1792 1809 1846; x_wconf 83' lang='grc' dir='ltr'><strong>τῶν</strong></span> 
     </span>
    </p>
   </div>
   <div class='ocr_carea' id='block_1_18' title="bbox 232 1866 1809 1947">
    <p class='ocr_par' dir='ltr' id='par_1_18' title="bbox 232 1866 1809 1947">
     <span class='ocr_line' id='line_1_18' title="bbox 232 1866 1809 1947; baseline 0.01 -27"><span class='ocrx_word' id='word_1_130' title='bbox 232 1866 645 1942; x_wconf 75' lang='grc' dir='ltr'>γεγραμμένων</span> <span class='ocrx_word' id='word_1_131' title='bbox 676 1875 964 1940; x_wconf 78' lang='grc' dir='ltr'>ἀκούοντες</span> <span class='ocrx_word' id='word_1_132' title='bbox 985 1895 998 1907; x_wconf 87' lang='grc'><strong>·</strong></span> <span class='ocrx_word' id='word_1_133' title='bbox 1050 1879 1227 1932; x_wconf 84' lang='grc' dir='ltr'>ὁποῖόν</span> <span class='ocrx_word' id='word_1_134' title='bbox 1267 1883 1382 1933; x_wconf 77' lang='grc' dir='ltr'>ἐστι</span> <span class='ocrx_word' id='word_1_135' title='bbox 1424 1884 1516 1935; x_wconf 74' lang='grc' dir='ltr'><strong>καὶ</strong></span> <span class='ocrx_word' id='word_1_136' title='bbox 1544 1883 1716 1947; x_wconf 78' lang='grc' dir='ltr'>τοῦτο,</span> <span class='ocrx_word' id='word_1_137' title='bbox 1750 1882 1809 1935; x_wconf 85' lang='grc' dir='ltr'>τὸ</span> 
     </span>
    </p>
   </div>
   <div class='ocr_carea' id='block_1_19' title="bbox 245 1964 1168 2040">
    <p class='ocr_par' dir='ltr' id='par_1_19' title="bbox 245 1964 1168 2040">
     <span class='ocr_line' id='line_1_19' title="bbox 245 1964 1168 2040; baseline 0.011 -26"><span class='ocrx_word' id='word_1_138' title='bbox 245 1964 404 2034; x_wconf 85' lang='grc' dir='ltr'><strong>παρά</strong></span> <span class='ocrx_word' id='word_1_139' title='bbox 436 1964 639 2017; x_wconf 84' lang='grc' dir='ltr'>τούτων</span> <span class='ocrx_word' id='word_1_140' title='bbox 672 1969 1115 2040; x_wconf 77' lang='grc' dir='ltr'>περιφερόμενον.</span> <span class='ocrx_word' id='word_1_141' title='bbox 1162 1991 1168 1994; x_wconf 95' lang='grc'><strong>·</strong></span> 
     </span>
    </p>
   </div>
   <div class='ocr_carea' id='block_1_20' title="bbox 1918 694 3474 766">
    <p class='ocr_par' dir='ltr' id='par_1_20' title="bbox 1918 694 3474 766">
     <span class='ocr_line' id='line_1_20' title="bbox 1918 694 3474 766; baseline 0 -19"><span class='ocrx_word' id='word_1_142' title='bbox 1918 695 2158 765; x_wconf 79' lang='lat' dir='ltr'><strong>telligere</strong></span> <span class='ocrx_word' id='word_1_143' title='bbox 2186 712 2290 749; x_wconf 90' lang='lat' dir='ltr'><strong>non</strong></span> <span class='ocrx_word' id='word_1_144' title='bbox 2320 706 2611 764; x_wconf 84' lang='lat' dir='ltr'><strong>potuerunt</strong></span> <span class='ocrx_word' id='word_1_145' title='bbox 2639 696 2730 765; x_wconf 93' lang='lat' dir='ltr'><strong>qui</strong></span> <span class='ocrx_word' id='word_1_146' title='bbox 2757 697 2857 750; x_wconf 89' lang='lat' dir='ltr'><strong>sibi</strong></span> <span class='ocrx_word' id='word_1_147' title='bbox 2894 698 2993 765; x_wconf 84' lang='lat' dir='ltr'><strong>ipsi</strong></span> <span class='ocrx_word' id='word_1_148' title='bbox 3027 697 3096 751; x_wconf 91' lang='lat' dir='ltr'><strong>ob</strong></span> <span class='ocrx_word' id='word_1_149' title='bbox 3125 695 3320 766; x_wconf 79' lang='lat' dir='ltr'><strong>ingenii</strong></span> <span class='ocrx_word' id='word_1_150' title='bbox 3354 694 3474 748; x_wconf 88' lang='lat' dir='ltr'><strong>sub-</strong></span> 
     </span>
    </p>
   </div>
   <div class='ocr_carea' id='block_1_21' title="bbox 1916 783 3473 853">
    <p class='ocr_par' dir='ltr' id='par_1_21' title="bbox 1916 783 3473 853">
     <span class='ocr_line' id='line_1_21' title="bbox 1916 783 3473 853; baseline -0.003 -14"><span class='ocrx_word' id='word_1_151' title='bbox 1916 785 2163 839; x_wconf 90' lang='lat' dir='ltr'><strong>tilitatem</strong></span> <span class='ocrx_word' id='word_1_152' title='bbox 2206 786 2347 840; x_wconf 88' lang='lat' dir='ltr'><strong>beati</strong></span> <span class='ocrx_word' id='word_1_153' title='bbox 2374 787 2641 840; x_wconf 90' lang='lat' dir='ltr'><strong>videntur.</strong></span> <span class='ocrx_word' id='word_1_154' title='bbox 2678 785 2793 851; x_wconf 84' lang='lat' dir='ltr'><strong>Qua</strong></span> <span class='ocrx_word' id='word_1_155' title='bbox 2828 787 2880 839; x_wconf 88' lang='lat' dir='ltr'><strong>in</strong></span> <span class='ocrx_word' id='word_1_156' title='bbox 2905 785 3265 853; x_wconf 85' lang='lat' dir='ltr'><strong>disputatione</strong></span> <span class='ocrx_word' id='word_1_157' title='bbox 3303 783 3473 837; x_wconf 88' lang='lat' dir='ltr'><strong>multa</strong></span> 
     </span>
    </p>
   </div>
   <div class='ocr_carea' id='block_1_22' title="bbox 1916 876 3474 945">
    <p class='ocr_par' dir='ltr' id='par_1_22' title="bbox 1916 876 3474 945">
     <span class='ocr_line' id='line_1_22' title="bbox 1916 876 3474 945; baseline -0.003 -15"><span class='ocrx_word' id='word_1_158' title='bbox 1916 885 2045 930; x_wconf 87' lang='lat' dir='ltr'><strong>sunt</strong></span> <span class='ocrx_word' id='word_1_159' title='bbox 2078 876 2423 930; x_wconf 80' lang='lat' dir='ltr'><strong>librariorum</strong></span> <span class='ocrx_word' id='word_1_160' title='bbox 2454 888 2656 943; x_wconf 88' lang='lat' dir='ltr'><strong>errata,</strong></span> <span class='ocrx_word' id='word_1_161' title='bbox 2690 890 2748 932; x_wconf 92' lang='lat' dir='ltr'><strong>ut</strong></span> <span class='ocrx_word' id='word_1_162' title='bbox 2774 893 2839 931; x_wconf 82' lang='lat' dir='ltr'><strong>ex</strong></span> <span class='ocrx_word' id='word_1_163' title='bbox 2866 877 2998 945; x_wconf 86' lang='lat' dir='ltr'><strong>ipsis</strong></span> <span class='ocrx_word' id='word_1_164' title='bbox 3025 877 3203 931; x_wconf 80' lang='lat' dir='ltr'><strong>verbis</strong></span> <span class='ocrx_word' id='word_1_165' title='bbox 3225 876 3474 930; x_wconf 61' lang='lat' dir='ltr'><strong>ostendeo</strong></span> 
     </span>
    </p>
   </div>
   <div class='ocr_carea' id='block_1_23' title="bbox 1916 967 3472 1037">
    <p class='ocr_par' dir='ltr' id='par_1_23' title="bbox 1916 967 3472 1037">
     <span class='ocr_line' id='line_1_23' title="bbox 1916 967 3472 1037; baseline -0.002 -15"><span class='ocrx_word' id='word_1_166' title='bbox 1916 985 2038 1023; x_wconf 91' lang='lat' dir='ltr'><strong>mus</strong></span> <span class='ocrx_word' id='word_1_167' title='bbox 2060 1009 2075 1033; x_wconf 88' lang='lat'><strong>,</strong></span> <span class='ocrx_word' id='word_1_168' title='bbox 2109 970 2153 1023; x_wconf 91' lang='lat' dir='ltr'><strong>si</strong></span> <span class='ocrx_word' id='word_1_169' title='bbox 2180 968 2319 1022; x_wconf 88' lang='lat' dir='ltr'><strong>Deus</strong></span> <span class='ocrx_word' id='word_1_170' title='bbox 2356 970 2514 1023; x_wconf 90' lang='lat' dir='ltr'><strong>volet.</strong></span> <span class='ocrx_word' id='word_1_171' title='bbox 2548 968 2749 1023; x_wconf 88' lang='lat' dir='ltr'><strong>Deinde</strong></span> <span class='ocrx_word' id='word_1_172' title='bbox 2779 984 2906 1022; x_wconf 84' lang='lat' dir='ltr'><strong>vero</strong></span> <span class='ocrx_word' id='word_1_173' title='bbox 2938 968 3187 1037; x_wconf 89' lang='lat' dir='ltr'><strong>gentilem</strong></span> <span class='ocrx_word' id='word_1_174' title='bbox 3219 967 3472 1020; x_wconf 80' lang='lat' dir='ltr'><strong>erudiens</strong></span> 
     </span>
    </p>
   </div>
   <div class='ocr_carea' id='block_1_24' title="bbox 1915 1060 3469 1129">
    <p class='ocr_par' dir='ltr' id='par_1_24' title="bbox 1915 1060 3469 1129">
     <span class='ocr_line' id='line_1_24' title="bbox 1915 1060 3469 1129; baseline -0.001 -17"><span class='ocrx_word' id='word_1_175' title='bbox 1915 1075 2021 1114; x_wconf 87' lang='lat' dir='ltr'><strong>non</strong></span> <span class='ocrx_word' id='word_1_176' title='bbox 2039 1060 2377 1114; x_wconf 86' lang='lat' dir='ltr'><strong>existimabat</strong></span> <span class='ocrx_word' id='word_1_177' title='bbox 2397 1061 2700 1123; x_wconf 81' lang='lat' dir='ltr'><strong>accuratius</strong></span> <span class='ocrx_word' id='word_1_178' title='bbox 2728 1060 3107 1129; x_wconf 88' lang='lat' dir='ltr'><strong>disputandum</strong></span> <span class='ocrx_word' id='word_1_179' title='bbox 3129 1074 3248 1113; x_wconf 88' lang='lat' dir='ltr'><strong>esse</strong></span> <span class='ocrx_word' id='word_1_180' title='bbox 3267 1060 3331 1113; x_wconf 90' lang='lat' dir='ltr'><strong>de</strong></span> <span class='ocrx_word' id='word_1_181' title='bbox 3354 1075 3469 1111; x_wconf 88' lang='lat' dir='ltr'><strong>ver-</strong></span> 
     </span>
    </p>
   </div>
   <div class='ocr_carea' id='block_1_25' title="bbox 1914 1150 3469 1219">
    <p class='ocr_par' dir='ltr' id='par_1_25' title="bbox 1914 1150 3469 1219">
     <span class='ocr_line' id='line_1_25' title="bbox 1914 1150 3469 1219; baseline -0.001 -16"><span class='ocrx_word' id='word_1_182' title='bbox 1914 1151 1996 1204; x_wconf 86' lang='lat' dir='ltr'><strong>bis</strong></span> <span class='ocrx_word' id='word_1_183' title='bbox 2030 1170 2041 1203; x_wconf 92' lang='lat'><strong>:</strong></span> <span class='ocrx_word' id='word_1_184' title='bbox 2080 1152 2172 1204; x_wconf 86' lang='lat' dir='ltr'><strong>sed</strong></span> <span class='ocrx_word' id='word_1_185' title='bbox 2202 1166 2308 1204; x_wconf 92' lang='lat' dir='ltr'><strong>non</strong></span> <span class='ocrx_word' id='word_1_186' title='bbox 2349 1151 2483 1205; x_wconf 86' lang='lat' dir='ltr'><strong>nihil</strong></span> <span class='ocrx_word' id='word_1_187' title='bbox 2526 1153 2688 1206; x_wconf 82' lang='lat' dir='ltr'><strong>etiam</strong></span> <span class='ocrx_word' id='word_1_188' title='bbox 2736 1151 2901 1207; x_wconf 89' lang='lat' dir='ltr'><strong>indoli</strong></span> <span class='ocrx_word' id='word_1_189' title='bbox 2932 1151 3074 1204; x_wconf 90' lang='lat' dir='ltr'><strong>illius</strong></span> <span class='ocrx_word' id='word_1_190' title='bbox 3105 1150 3198 1219; x_wconf 89' lang='lat' dir='ltr'><strong>qui</strong></span> <span class='ocrx_word' id='word_1_191' title='bbox 3228 1150 3469 1202; x_wconf 88' lang='lat' dir='ltr'><strong>introdu-</strong></span> 
     </span>
    </p>
   </div>
   <div class='ocr_carea' id='block_1_26' title="bbox 1913 1241 3466 1315">
    <p class='ocr_par' dir='ltr' id='par_1_26' title="bbox 1913 1241 3466 1315">
     <span class='ocr_line' id='line_1_26' title="bbox 1913 1241 3466 1315; baseline -0.001 -22"><span class='ocrx_word' id='word_1_192' title='bbox 1913 1241 2152 1303; x_wconf 88' lang='lat' dir='ltr'><strong>cebatur,</strong></span> <span class='ocrx_word' id='word_1_193' title='bbox 2208 1242 2631 1305; x_wconf 88' lang='lat' dir='ltr'><strong>concedendum,</strong></span> <span class='ocrx_word' id='word_1_194' title='bbox 2690 1250 2749 1296; x_wconf 89' lang='lat' dir='ltr'><strong>ut</strong></span> <span class='ocrx_word' id='word_1_195' title='bbox 2798 1252 2863 1295; x_wconf 87' lang='lat' dir='ltr'><strong>ne</strong></span> <span class='ocrx_word' id='word_1_196' title='bbox 2925 1242 2991 1297; x_wconf 93' lang='lat' dir='ltr'><strong>iis</strong></span> <span class='ocrx_word' id='word_1_197' title='bbox 3038 1257 3157 1311; x_wconf 71' lang='lat' dir='ltr'><strong>qua:</strong></span> <span class='ocrx_word' id='word_1_198' title='bbox 3201 1241 3466 1315; x_wconf 71' lang='lat' dir='ltr'><strong>praecipua</strong></span> 
     </span>
    </p>
   </div>
   <div class='ocr_carea' id='block_1_27' title="bbox 1912 1333 3469 1404">
    <p class='ocr_par' dir='ltr' id='par_1_27' title="bbox 1912 1333 3469 1404">
     <span class='ocr_line' id='line_1_27' title="bbox 1912 1333 3469 1404; baseline 0 -19"><span class='ocrx_word' id='word_1_199' title='bbox 1912 1341 2058 1397; x_wconf 87' lang='lat' dir='ltr'><strong>sunt,</strong></span> <span class='ocrx_word' id='word_1_200' title='bbox 2113 1344 2452 1403; x_wconf 73' lang='lat' dir='ltr'><strong>repugnaret.</strong></span> <span class='ocrx_word' id='word_1_201' title='bbox 2490 1333 2825 1404; x_wconf 84' lang='lat' dir='ltr'><strong>Quapropter</strong></span> <span class='ocrx_word' id='word_1_202' title='bbox 2866 1344 2919 1388; x_wconf 90' lang='lat' dir='ltr'><strong>et</strong></span> <span class='ocrx_word' id='word_1_203' title='bbox 2952 1336 3148 1389; x_wconf 89' lang='lat' dir='ltr'><strong>multas</strong></span> <span class='ocrx_word' id='word_1_204' title='bbox 3183 1333 3290 1387; x_wconf 82' lang='lat' dir='ltr'><strong>illic</strong></span> <span class='ocrx_word' id='word_1_205' title='bbox 3328 1333 3469 1386; x_wconf 88' lang='lat' dir='ltr'><strong>inve-</strong></span> 
     </span>
    </p>
   </div>
   <div class='ocr_carea' id='block_1_28' title="bbox 1909 1424 3467 1491">
    <p class='ocr_par' dir='ltr' id='par_1_28' title="bbox 1909 1424 3467 1491">
     <span class='ocr_line' id='line_1_28' title="bbox 1909 1424 3467 1491; baseline 0 -15"><span class='ocrx_word' id='word_1_206' title='bbox 1909 1424 2030 1477; x_wconf 88' lang='lat' dir='ltr'><strong>nias</strong></span> <span class='ocrx_word' id='word_1_207' title='bbox 2080 1439 2260 1486; x_wconf 89' lang='lat' dir='ltr'><strong>voces,</strong></span> <span class='ocrx_word' id='word_1_208' title='bbox 2310 1438 2429 1491; x_wconf 68' lang='lat' dir='ltr'><strong>quae</strong></span> <span class='ocrx_word' id='word_1_209' title='bbox 2475 1440 2619 1478; x_wconf 91' lang='lat' dir='ltr'><strong>nunc</strong></span> <span class='ocrx_word' id='word_1_210' title='bbox 2666 1426 2835 1479; x_wconf 90' lang='lat' dir='ltr'><strong>robur</strong></span> <span class='ocrx_word' id='word_1_211' title='bbox 2862 1426 3156 1479; x_wconf 84' lang='lat' dir='ltr'><strong>maximum</strong></span> <span class='ocrx_word' id='word_1_212' title='bbox 3200 1424 3467 1479; x_wconf 73' lang='lat' dir='ltr'><strong>hzereticis</strong></span> 
     </span>
    </p>
   </div>
   <div class='ocr_carea' id='block_1_29' title="bbox 1910 1514 3467 1590">
    <p class='ocr_par' dir='ltr' id='par_1_29' title="bbox 1910 1514 3467 1590">
     <span class='ocr_line' id='line_1_29' title="bbox 1910 1514 3467 1590; baseline 0.001 -24"><span class='ocrx_word' id='word_1_213' title='bbox 1910 1514 2165 1590; x_wconf 56' lang='lat' dir='ltr'><strong>praebent,</strong></span> <span class='ocrx_word' id='word_1_214' title='bbox 2192 1515 2377 1583; x_wconf 90' lang='lat' dir='ltr'><strong>quales</strong></span> <span class='ocrx_word' id='word_1_215' title='bbox 2400 1525 2524 1567; x_wconf 89' lang='lat' dir='ltr'><strong>sunt</strong></span> <span class='ocrx_word' id='word_1_216' title='bbox 2552 1526 2791 1568; x_wconf 79' lang='lat' dir='ltr'><strong>creatura</strong></span> <span class='ocrx_word' id='word_1_217' title='bbox 2824 1524 2877 1569; x_wconf 92' lang='lat' dir='ltr'><strong>et</strong></span> <span class='ocrx_word' id='word_1_218' title='bbox 2915 1516 3147 1583; x_wconf 81' lang='lat' dir='ltr'><strong>factura,</strong></span> <span class='ocrx_word' id='word_1_219' title='bbox 3176 1524 3229 1569; x_wconf 90' lang='lat' dir='ltr'><strong>et</strong></span> <span class='ocrx_word' id='word_1_220' title='bbox 3263 1516 3308 1569; x_wconf 91' lang='lat' dir='ltr'><strong>si</strong></span> <span class='ocrx_word' id='word_1_221' title='bbox 3339 1514 3467 1584; x_wconf 88' lang='lat' dir='ltr'><strong>quid</strong></span> 
     </span>
    </p>
   </div>
   <div class='ocr_carea' id='block_1_30' title="bbox 1909 1602 3475 1673">
    <p class='ocr_par' dir='ltr' id='par_1_30' title="bbox 1909 1602 3475 1673">
     <span class='ocr_line' id='line_1_30' title="bbox 1909 1602 3475 1673; baseline 0.003 -18"><span class='ocrx_word' id='word_1_222' title='bbox 1909 1602 2202 1670; x_wconf 91' lang='lat' dir='ltr'><strong>ejusmodi.</strong></span> <span class='ocrx_word' id='word_1_223' title='bbox 2239 1603 2405 1657; x_wconf 86' lang='lat' dir='ltr'><strong>Multa</strong></span> <span class='ocrx_word' id='word_1_224' title='bbox 2428 1613 2691 1658; x_wconf 76' lang='lat' dir='ltr'><strong>autemet</strong></span> <span class='ocrx_word' id='word_1_225' title='bbox 2720 1606 2786 1659; x_wconf 89' lang='lat' dir='ltr'><strong>de</strong></span> <span class='ocrx_word' id='word_1_226' title='bbox 2824 1606 3206 1673; x_wconf 87' lang='lat' dir='ltr'><strong>conjunctione</strong></span> <span class='ocrx_word' id='word_1_227' title='bbox 3231 1622 3353 1660; x_wconf 89' lang='lat' dir='ltr'><strong>cum</strong></span> <span class='ocrx_word' id='word_1_228' title='bbox 3377 1607 3475 1660; x_wconf 78' lang='lat' dir='ltr'><strong>ho—‘</strong></span> 
     </span>
    </p>
   </div>
   <div class='ocr_carea' id='block_1_31' title="bbox 1912 1694 3463 1767">
    <p class='ocr_par' dir='ltr' id='par_1_31' title="bbox 1912 1694 3463 1767">
     <span class='ocr_line' id='line_1_31' title="bbox 1912 1694 3463 1767; baseline 0.003 -21"><span class='ocrx_word' id='word_1_229' title='bbox 1912 1694 2058 1748; x_wconf 88' lang='lat' dir='ltr'><strong>mine</strong></span> <span class='ocrx_word' id='word_1_230' title='bbox 2081 1695 2223 1748; x_wconf 90' lang='lat' dir='ltr'><strong>dicta</strong></span> <span class='ocrx_word' id='word_1_231' title='bbox 2253 1696 2319 1748; x_wconf 88' lang='lat' dir='ltr'><strong>ad</strong></span> <span class='ocrx_word' id='word_1_232' title='bbox 2347 1695 2647 1750; x_wconf 83' lang='lat' dir='ltr'><strong>divinitatis</strong></span> <span class='ocrx_word' id='word_1_233' title='bbox 2675 1696 2939 1751; x_wconf 86' lang='lat' dir='ltr'><strong>rationem</strong></span> <span class='ocrx_word' id='word_1_234' title='bbox 2967 1696 3225 1762; x_wconf 83' lang='lat' dir='ltr'><strong>referunt,</strong></span> <span class='ocrx_word' id='word_1_235' title='bbox 3256 1697 3346 1767; x_wconf 87' lang='lat' dir='ltr'><strong>qui</strong></span> <span class='ocrx_word' id='word_1_236' title='bbox 3377 1697 3463 1750; x_wconf 89' lang='lat' dir='ltr'><strong>in-</strong></span> 
     </span>
    </p>
   </div>
   <div class='ocr_carea' id='block_1_32' title="bbox 1910 1786 3461 1859">
    <p class='ocr_par' dir='ltr' id='par_1_32' title="bbox 1910 1786 3461 1859">
     <span class='ocr_line' id='line_1_32' title="bbox 1910 1786 3461 1859; baseline 0.003 -22"><span class='ocrx_word' id='word_1_237' title='bbox 1910 1786 2043 1839; x_wconf 87' lang='lat' dir='ltr'><strong>scite</strong></span> <span class='ocrx_word' id='word_1_238' title='bbox 2073 1786 2271 1854; x_wconf 87' lang='lat' dir='ltr'><strong>scripta</strong></span> <span class='ocrx_word' id='word_1_239' title='bbox 2299 1788 2388 1841; x_wconf 89' lang='lat' dir='ltr'><strong>illa</strong></span> <span class='ocrx_word' id='word_1_240' title='bbox 2421 1790 2758 1857; x_wconf 88' lang='lat' dir='ltr'><strong>intelligunt;</strong></span> <span class='ocrx_word' id='word_1_241' title='bbox 2784 1790 2941 1857; x_wconf 87' lang='lat' dir='ltr'><strong>quale</strong></span> <span class='ocrx_word' id='word_1_242' title='bbox 2962 1798 3044 1843; x_wconf 90' lang='lat' dir='ltr'><strong>est</strong></span> <span class='ocrx_word' id='word_1_243' title='bbox 3070 1788 3243 1844; x_wconf 89' lang='lat' dir='ltr'><strong>ethoc</strong></span> <span class='ocrx_word' id='word_1_244' title='bbox 3265 1791 3461 1859; x_wconf 91' lang='lat' dir='ltr'><strong>ipsum,</strong></span> 
     </span>
    </p>
   </div>
   <div class='ocr_carea' id='block_1_33' title="bbox 1910 1877 2682 1948">
    <p class='ocr_par' dir='ltr' id='par_1_33' title="bbox 1910 1877 2682 1948">
     <span class='ocr_line' id='line_1_33' title="bbox 1910 1877 2682 1948; baseline 0.003 -17"><span class='ocrx_word' id='word_1_245' title='bbox 1910 1880 2054 1947; x_wconf 87' lang='lat' dir='ltr'><strong>quod</strong></span> <span class='ocrx_word' id='word_1_246' title='bbox 2086 1879 2155 1932; x_wconf 89' lang='lat' dir='ltr'><strong>ab</strong></span> <span class='ocrx_word' id='word_1_247' title='bbox 2189 1877 2319 1948; x_wconf 85' lang='lat' dir='ltr'><strong>ipsis</strong></span> <span class='ocrx_word' id='word_1_248' title='bbox 2347 1880 2682 1935; x_wconf 87' lang='lat' dir='ltr'><strong>decantatur.</strong></span> 
     </span>
    </p>
   </div>
   <div class='ocr_carea' id='block_1_34' title="bbox 371 2080 2987 2161">
    <p class='ocr_par' dir='ltr' id='par_1_34' title="bbox 371 2080 2987 2161">
     <span class='ocr_line' id='line_1_34' title="bbox 371 2080 2987 2161; baseline 0.001 -28"><span class='ocrx_word' id='word_1_249' title='bbox 371 2154 373 2157; x_wconf 21' lang='grc' dir='ltr'>ι</span> <span class='ocrx_word' id='word_1_250' title='bbox 770 2080 857 2134; x_wconf 88' lang='lat' dir='ltr'><strong>Ill.</strong></span> <span class='ocrx_word' id='word_1_251' title='bbox 894 2082 951 2137; x_wconf 89' lang='lat' dir='ltr'><strong>S.</strong></span> <span class='ocrx_word' id='word_1_252' title='bbox 996 2083 1372 2154; x_wconf 76' lang='lat' dir='ltr'><strong>Hieronymus,</strong></span> <span class='ocrx_word' id='word_1_253' title='bbox 1400 2085 1489 2139; x_wconf 80' lang='lat' dir='ltr'><strong>lib.</strong></span> <span class='ocrx_word' id='word_1_254' title='bbox 1524 2087 1596 2140; x_wconf 89' lang='lat' dir='ltr'><strong>De</strong></span> <span class='ocrx_word' id='word_1_255' title='bbox 1631 2086 1761 2139; x_wconf 90' lang='lat' dir='ltr'><strong>viris</strong></span> <span class='ocrx_word' id='word_1_256' title='bbox 1781 2086 1971 2139; x_wconf 89' lang='lat' dir='ltr'><strong>illustr.</strong></span> <span class='ocrx_word' id='word_1_257' title='bbox 1997 2100 2114 2150; x_wconf 88' lang='lat' dir='ltr'><strong>cap.</strong></span> <span class='ocrx_word' id='word_1_258' title='bbox 2168 2083 2256 2144; x_wconf 89' lang='lat'><strong>65,</strong></span> <span class='ocrx_word' id='word_1_259' title='bbox 2292 2099 2409 2135; x_wconf 79' lang='lat' dir='ltr'><strong>cum</strong></span> <span class='ocrx_word' id='word_1_260' title='bbox 2437 2092 2600 2137; x_wconf 80' lang='lat' dir='ltr'><strong>vetere</strong></span> <span class='ocrx_word' id='word_1_261' title='bbox 2626 2086 2922 2151; x_wconf 77' lang='lat' dir='ltr'><strong>interprete.</strong></span> <span class='ocrx_word' id='word_1_262' title='bbox 2982 2158 2987 2161; x_wconf 11' lang='grc' dir='ltr'>ι</span> 
     </span>
    </p>
   </div>
   <div class='ocr_carea' id='block_1_35' title="bbox 313 2168 1821 2248">
    <p class='ocr_par' dir='ltr' id='par_1_35' title="bbox 313 2168 1819 2248">
     <span class='ocr_line' id='line_1_35' title="bbox 313 2168 1819 2248; baseline 0.007 -28"><span class='ocrx_word' id='word_1_263' title='bbox 313 2168 620 2241; x_wconf 79' lang='grc' dir='ltr'>Θεόδωρος,</span> <span class='ocrx_word' id='word_1_264' title='bbox 654 2171 713 2235; x_wconf 77' lang='grc' dir='ltr'>ὃς</span> <span class='ocrx_word' id='word_1_265' title='bbox 742 2171 965 2246; x_wconf 76' lang='grc' dir='ltr'>ὕστερον</span> <span class='ocrx_word' id='word_1_266' title='bbox 999 2177 1199 2248; x_wconf 79' lang='grc' dir='ltr'><strong>ἐκλήθη</strong></span> <span class='ocrx_word' id='word_1_267' title='bbox 1231 2177 1548 2248; x_wconf 78' lang='grc' dir='ltr'>Γρηγόριος,</span> <span class='ocrx_word' id='word_1_268' title='bbox 1586 2178 1819 2233; x_wconf 27' lang='grc' dir='ltr'>Νεοκαιον</span> 
     </span>
    </p>
   </div>
   <div class='ocr_carea' id='block_1_36' title="bbox 1909 2168 3460 2248">
    <p class='ocr_par' dir='ltr' id='par_1_36' title="bbox 1984 2174 3460 2245">
     <span class='ocr_line' id='line_1_36' title="bbox 1984 2174 3460 2245; baseline 0.003 -18"><span class='ocrx_word' id='word_1_269' title='bbox 1984 2174 2298 2232; x_wconf 89' lang='lat' dir='ltr'><strong>Theodorus</strong></span> <span class='ocrx_word' id='word_1_270' title='bbox 2319 2215 2333 2236; x_wconf 85' lang='lat'><strong>,</strong></span> <span class='ocrx_word' id='word_1_271' title='bbox 2373 2175 2465 2244; x_wconf 90' lang='lat' dir='ltr'><strong>qui</strong></span> <span class='ocrx_word' id='word_1_272' title='bbox 2489 2184 2673 2244; x_wconf 88' lang='lat' dir='ltr'><strong>postea</strong></span> <span class='ocrx_word' id='word_1_273' title='bbox 2713 2174 3004 2245; x_wconf 78' lang='lat' dir='ltr'><strong>Gregorius</strong></span> <span class='ocrx_word' id='word_1_274' title='bbox 3038 2176 3335 2245; x_wconf 85' lang='lat' dir='ltr'><strong>appellatus</strong></span> <span class='ocrx_word' id='word_1_275' title='bbox 3359 2186 3460 2243; x_wconf 85' lang='lat' dir='ltr'><strong>est,</strong></span> 
     </span>
    </p>
   </div>
   <div class='ocr_carea' id='block_1_37' title="bbox 243 2261 1808 2341">
    <p class='ocr_par' dir='ltr' id='par_1_37' title="bbox 243 2261 1808 2341">
     <span class='ocr_line' id='line_1_37' title="bbox 243 2261 1808 2341; baseline 0.006 -28"><span class='ocrx_word' id='word_1_276' title='bbox 243 2261 473 2330; x_wconf 78' lang='grc' dir='ltr'>σαρείας</span> <span class='ocrx_word' id='word_1_277' title='bbox 508 2264 833 2333; x_wconf 74' lang='grc' dir='ltr'><strong>ἐπίσκοπος,</strong></span> <span class='ocrx_word' id='word_1_278' title='bbox 874 2268 991 2332; x_wconf 87' lang='grc' dir='ltr'>νέος</span> <span class='ocrx_word' id='word_1_279' title='bbox 1020 2270 1236 2341; x_wconf 81' lang='grc' dir='ltr'>κομιδῆ,</span> <span class='ocrx_word' id='word_1_280' title='bbox 1284 2270 1370 2324; x_wconf 78' lang='grc' dir='ltr'>διὰ</span> <span class='ocrx_word' id='word_1_281' title='bbox 1398 2270 1496 2341; x_wconf 85' lang='grc' dir='ltr'>τὴν</span> <span class='ocrx_word' id='word_1_282' title='bbox 1533 2271 1808 2324; x_wconf 80' lang='grc' dir='ltr'>παίδευσιν</span> 
     </span>
    </p>
   </div>
   <div class='ocr_carea' id='block_1_38' title="bbox 271 2353 1810 2433">
    <p class='ocr_par' dir='ltr' id='par_1_38' title="bbox 271 2353 1810 2433">
     <span class='ocr_line' id='line_1_38' title="bbox 271 2353 1810 2433; baseline 0.006 -26"><span class='ocrx_word' id='word_1_283' title='bbox 271 2353 580 2423; x_wconf 80' lang='grc' dir='ltr'>Ελληνικῶν</span> <span class='ocrx_word' id='word_1_284' title='bbox 608 2373 667 2409; x_wconf 89' lang='grc' dir='ltr'><strong>τε</strong></span> <span class='ocrx_word' id='word_1_285' title='bbox 701 2360 793 2412; x_wconf 76' lang='grc' dir='ltr'><strong>καὶ</strong></span> <span class='ocrx_word' id='word_1_286' title='bbox 834 2360 1151 2431; x_wconf 82' lang='grc' dir='ltr'>Ῥωμαϊκῶν</span> <span class='ocrx_word' id='word_1_287' title='bbox 1190 2363 1543 2433; x_wconf 85' lang='grc' dir='ltr'>γραμμάτων,</span> <span class='ocrx_word' id='word_1_288' title='bbox 1578 2363 1683 2416; x_wconf 80' lang='grc' dir='ltr'><strong>ἀπὸ</strong></span> <span class='ocrx_word' id='word_1_289' title='bbox 1711 2364 1810 2433; x_wconf 79' lang='grc' dir='ltr'>τῆς</span> 
     </span>
    </p>
   </div>
   <div class='ocr_carea' id='block_1_39' title="bbox 242 2445 1808 2528">
    <p class='ocr_par' dir='ltr' id='par_1_39' title="bbox 242 2445 1808 2528">
     <span class='ocr_line' id='line_1_39' title="bbox 242 2445 1808 2528; baseline 0.006 -31"><span class='ocrx_word' id='word_1_290' title='bbox 242 2445 637 2511; x_wconf 76' lang='grc' dir='ltr'>Καππαδοκίας</span> <span class='ocrx_word' id='word_1_291' title='bbox 669 2450 748 2512; x_wconf 82' lang='grc' dir='ltr'><strong>είς</strong></span> <span class='ocrx_word' id='word_1_292' title='bbox 780 2451 1017 2521; x_wconf 83' lang='grc' dir='ltr'>Βηρυτὸν</span> <span class='ocrx_word' id='word_1_293' title='bbox 1037 2494 1053 2519; x_wconf 91' lang='grc'><strong>,</strong></span> <span class='ocrx_word' id='word_1_294' title='bbox 1085 2454 1335 2507; x_wconf 85' lang='grc' dir='ltr'>κάκεῖθεν</span> <span class='ocrx_word' id='word_1_295' title='bbox 1366 2456 1445 2517; x_wconf 85' lang='grc' dir='ltr'><strong>είς</strong></span> <span class='ocrx_word' id='word_1_296' title='bbox 1476 2455 1808 2528; x_wconf 86' lang='grc' dir='ltr'>Καισάρειαν</span> 
     </span>
    </p>
   </div>
   <div class='ocr_carea' id='block_1_40' title="bbox 238 2533 1811 2614">
    <p class='ocr_par' dir='ltr' id='par_1_40' title="bbox 238 2533 1811 2614">
     <span class='ocr_line' id='line_1_40' title="bbox 238 2533 1811 2614; baseline 0.005 -28"><span class='ocrx_word' id='word_1_297' title='bbox 238 2534 342 2604; x_wconf 80' lang='grc' dir='ltr'>τῆς</span> <span class='ocrx_word' id='word_1_298' title='bbox 363 2533 721 2606; x_wconf 77' lang='grc' dir='ltr'>Παλαιστίνης</span> <span class='ocrx_word' id='word_1_299' title='bbox 739 2537 910 2608; x_wconf 74' lang='grc' dir='ltr'>διέϐη,</span> <span class='ocrx_word' id='word_1_300' title='bbox 942 2540 971 2592; x_wconf 79' lang='grc' dir='ltr'><em>ἃ</em></span> <span class='ocrx_word' id='word_1_301' title='bbox 981 2558 1055 2609; x_wconf 88' lang='grc' dir='ltr'><strong>μα</strong></span> <span class='ocrx_word' id='word_1_302' title='bbox 1092 2542 1438 2614; x_wconf 84' lang='grc' dir='ltr'>Ἀθηνοδώρῳ</span> <span class='ocrx_word' id='word_1_303' title='bbox 1462 2544 1691 2614; x_wconf 84' lang='grc' dir='ltr'>ἀδελφῷ·</span> <span class='ocrx_word' id='word_1_304' title='bbox 1716 2538 1811 2597; x_wconf 84' lang='grc' dir='ltr'><strong>ὧν-</strong></span> 
     </span>
    </p>
   </div>
   <div class='ocr_carea' id='block_1_41' title="bbox 237 2626 1809 2705">
    <p class='ocr_par' dir='ltr' id='par_1_41' title="bbox 237 2626 1809 2705">
     <span class='ocr_line' id='line_1_41' title="bbox 237 2626 1809 2705; baseline 0.004 -25"><span class='ocrx_word' id='word_1_305' title='bbox 237 2642 404 2681; x_wconf 81' lang='grc' dir='ltr'>τινων</span> <span class='ocrx_word' id='word_1_306' title='bbox 422 2626 519 2696; x_wconf 78' lang='grc' dir='ltr'>τὴν</span> <span class='ocrx_word' id='word_1_307' title='bbox 539 2627 811 2699; x_wconf 76' lang='grc' dir='ltr'>ἐξαίρετον</span> <span class='ocrx_word' id='word_1_308' title='bbox 837 2631 1065 2698; x_wconf 78' lang='grc' dir='ltr'>εὐφυΐαν</span> <span class='ocrx_word' id='word_1_309' title='bbox 1085 2632 1340 2701; x_wconf 80' lang='grc' dir='ltr'>ἑωρακὼς</span> <span class='ocrx_word' id='word_1_310' title='bbox 1378 2635 1671 2705; x_wconf 84' lang='grc' dir='ltr'>Ὧριγένης,</span> <span class='ocrx_word' id='word_1_311' title='bbox 1697 2634 1809 2686; x_wconf 73' lang='grc' dir='ltr'><strong>τού⁴</strong></span> 
     </span>
    </p>
   </div>
   <div class='ocr_carea' id='block_1_42' title="bbox 235 2717 1807 2793">
    <p class='ocr_par' dir='ltr' id='par_1_42' title="bbox 235 2717 1807 2793">
     <span class='ocr_line' id='line_1_42' title="bbox 235 2717 1807 2793; baseline 0.002 -23"><span class='ocrx_word' id='word_1_312' title='bbox 235 2731 370 2778; x_wconf 70' lang='grc' dir='ltr'>τους</span> <span class='ocrx_word' id='word_1_313' title='bbox 422 2718 502 2780; x_wconf 77' lang='grc' dir='ltr'><strong>είς</strong></span> <span class='ocrx_word' id='word_1_314' title='bbox 545 2717 857 2786; x_wconf 78' lang='grc' dir='ltr'>φιλοσοφίαν</span> <span class='ocrx_word' id='word_1_315' title='bbox 908 2720 1295 2791; x_wconf 70' lang='grc' dir='ltr'>προετρέψατο,</span> <span class='ocrx_word' id='word_1_316' title='bbox 1336 2721 1429 2775; x_wconf 85' lang='grc' dir='ltr'>καὶ</span> <span class='ocrx_word' id='word_1_317' title='bbox 1470 2721 1609 2775; x_wconf 87' lang='grc' dir='ltr'><strong>κατά</strong></span> <span class='ocrx_word' id='word_1_318' title='bbox 1647 2723 1807 2793; x_wconf 83' lang='grc' dir='ltr'>μέρος</span> 
     </span>
    </p>
   </div>
   <div class='ocr_carea' id='block_1_43' title="bbox 236 2806 1806 2882">
    <p class='ocr_par' dir='ltr' id='par_1_43' title="bbox 236 2806 1806 2882">
     <span class='ocr_line' id='line_1_43' title="bbox 236 2806 1806 2882; baseline 0.003 -24"><span class='ocrx_word' id='word_1_319' title='bbox 236 2809 322 2869; x_wconf 69' lang='grc' dir='ltr'><strong>είς</strong></span> <span class='ocrx_word' id='word_1_320' title='bbox 350 2806 451 2876; x_wconf 78' lang='grc' dir='ltr'>τὴν</span> <span class='ocrx_word' id='word_1_321' title='bbox 477 2806 570 2860; x_wconf 78' lang='grc' dir='ltr'>τοῦ</span> <span class='ocrx_word' id='word_1_322' title='bbox 601 2807 835 2880; x_wconf 77' lang='grc' dir='ltr'>Χριστοῦ</span> <span class='ocrx_word' id='word_1_323' title='bbox 867 2810 1047 2862; x_wconf 81' lang='grc' dir='ltr'>πίστιν</span> <span class='ocrx_word' id='word_1_324' title='bbox 1075 2810 1307 2877; x_wconf 82' lang='grc' dir='ltr'>εἰσάγων</span> <span class='ocrx_word' id='word_1_325' title='bbox 1324 2851 1339 2875; x_wconf 96' lang='grc'><strong>,</strong></span> <span class='ocrx_word' id='word_1_326' title='bbox 1379 2811 1621 2882; x_wconf 76' lang='grc' dir='ltr'>ζηλωτὰς</span> <span class='ocrx_word' id='word_1_327' title='bbox 1649 2812 1806 2875; x_wconf 81' lang='grc' dir='ltr'>ἰδίους</span> 
     </span>
    </p>
   </div>
   <div class='ocr_carea' id='block_1_44' title="bbox 236 2897 1804 2973">
    <p class='ocr_par' dir='ltr' id='par_1_44' title="bbox 236 2897 1804 2973">
     <span class='ocr_line' id='line_1_44' title="bbox 236 2897 1804 2973; baseline 0.004 -25"><span class='ocrx_word' id='word_1_328' title='bbox 236 2897 597 2968; x_wconf 77' lang='grc' dir='ltr'>καθέστηκεν.</span> <span class='ocrx_word' id='word_1_329' title='bbox 647 2900 771 2953; x_wconf 81' lang='grc' dir='ltr'><strong>Ἐπὶ</strong></span> <span class='ocrx_word' id='word_1_330' title='bbox 812 2901 971 2954; x_wconf 75' lang='grc' dir='ltr'>πέντε</span> <span class='ocrx_word' id='word_1_331' title='bbox 997 2904 1171 2955; x_wconf 82' lang='grc' dir='ltr'>τοίνυν</span> <span class='ocrx_word' id='word_1_332' title='bbox 1208 2904 1332 2973; x_wconf 77' lang='grc' dir='ltr'>παρ’</span> <span class='ocrx_word' id='word_1_333' title='bbox 1382 2902 1545 2955; x_wconf 84' lang='grc' dir='ltr'>αὐτοῦ</span> <span class='ocrx_word' id='word_1_334' title='bbox 1586 2904 1804 2956; x_wconf 78' lang='grc' dir='ltr'>παιδευ-</span> 
     </span>
    </p>
   </div>
   <div class='ocr_carea' id='block_1_45' title="bbox 234 2986 1804 3065">
    <p class='ocr_par' dir='ltr' id='par_1_45' title="bbox 234 2986 1804 3065">
     <span class='ocr_line' id='line_1_45' title="bbox 234 2986 1804 3065; baseline 0.006 -26"><span class='ocrx_word' id='word_1_335' title='bbox 234 2986 428 3053; x_wconf 78' lang='grc' dir='ltr'>θέντες</span> <span class='ocrx_word' id='word_1_336' title='bbox 462 2990 579 3060; x_wconf 82' lang='grc' dir='ltr'>ἐτη,</span> <span class='ocrx_word' id='word_1_337' title='bbox 606 2992 744 3063; x_wconf 74' lang='grc' dir='ltr'>πρὸς</span> <span class='ocrx_word' id='word_1_338' title='bbox 771 2992 867 3063; x_wconf 79' lang='grc' dir='ltr'>τὴν</span> <span class='ocrx_word' id='word_1_339' title='bbox 901 2995 1109 3064; x_wconf 83' lang='grc' dir='ltr'>μητέρα</span> <span class='ocrx_word' id='word_1_340' title='bbox 1140 2994 1573 3065; x_wconf 82' lang='grc' dir='ltr'>ἀποπέμπονται,</span> <span class='ocrx_word' id='word_1_341' title='bbox 1606 2995 1698 3065; x_wconf 82' lang='grc' dir='ltr'>ἀφ’</span> <span class='ocrx_word' id='word_1_342' title='bbox 1730 2988 1804 3049; x_wconf 86' lang='grc' dir='ltr'>ὧν</span> 
     </span>
    </p>
   </div>
   <div class='ocr_carea' id='block_1_46' title="bbox 233 3077 1804 3155">
    <p class='ocr_par' dir='ltr' id='par_1_46' title="bbox 233 3077 1804 3155">
     <span class='ocr_line' id='line_1_46' title="bbox 233 3077 1804 3155; baseline 0.006 -26"><span class='ocrx_word' id='word_1_343' title='bbox 233 3079 267 3129; x_wconf 84' lang='grc' dir='ltr'>ὁ</span> <span class='ocrx_word' id='word_1_344' title='bbox 292 3077 565 3151; x_wconf 80' lang='grc' dir='ltr'>Θεόδωρος</span> <span class='ocrx_word' id='word_1_345' title='bbox 606 3082 924 3153; x_wconf 83' lang='grc' dir='ltr'>ἀποδημῶν,</span> <span class='ocrx_word' id='word_1_346' title='bbox 985 3085 1386 3152; x_wconf 69' lang='grc' dir='ltr'>πανηγυρικὸν</span> <span class='ocrx_word' id='word_1_347' title='bbox 1426 3086 1804 3155; x_wconf 79' lang='grc' dir='ltr'>εὐχαριστίας</span> 
     </span>
    </p>
   </div>
   <div class='ocr_carea' id='block_1_47' title="bbox 218 3168 1803 3247">
    <p class='ocr_par' dir='ltr' id='par_1_47' title="bbox 218 3168 1803 3247">
     <span class='ocr_line' id='line_1_47' title="bbox 218 3168 1803 3247; baseline 0.006 -26"><span class='ocrx_word' id='word_1_348' title='bbox 370 3170 627 3240; x_wconf 84' lang='grc' dir='ltr'>Ὠριγένει</span> <span class='ocrx_word' id='word_1_349' title='bbox 663 3172 904 3244; x_wconf 70' lang='grc' dir='ltr'><strong>ἔγραψε⁸</strong></span> <span class='ocrx_word' id='word_1_350' title='bbox 950 3177 1042 3227; x_wconf 79' lang='grc' dir='ltr'>καὶ</span> <span class='ocrx_word' id='word_1_351' title='bbox 1084 3176 1551 3247; x_wconf 83' lang='grc' dir='ltr'>σνγκαλεσάμενος</span> <span class='ocrx_word' id='word_1_352' title='bbox 1599 3177 1803 3240; x_wconf 86' lang='grc' dir='ltr'>πάντας</span> 
     </span>
    </p>
   </div>
   <div class='ocr_carea' id='block_1_48' title="bbox 233 3260 1801 3338">
    <p class='ocr_par' dir='ltr' id='par_1_48' title="bbox 233 3260 1801 3338">
     <span class='ocr_line' id='line_1_48' title="bbox 233 3260 1801 3338; baseline 0.007 -28"><span class='ocrx_word' id='word_1_353' title='bbox 233 3260 369 3323; x_wconf 75' lang='grc' dir='ltr'>τοὺς</span> <span class='ocrx_word' id='word_1_354' title='bbox 404 3262 746 3332; x_wconf 83' lang='grc' dir='ltr'>ἐπιχωρίους,</span> <span class='ocrx_word' id='word_1_355' title='bbox 780 3263 945 3316; x_wconf 81' lang='grc' dir='ltr'>αὑτοῦ</span> <span class='ocrx_word' id='word_1_356' title='bbox 975 3280 1034 3316; x_wconf 86' lang='grc' dir='ltr'><strong>τε</strong></span> <span class='ocrx_word' id='word_1_357' title='bbox 1061 3265 1153 3317; x_wconf 79' lang='grc' dir='ltr'>τοῦ</span> <span class='ocrx_word' id='word_1_358' title='bbox 1191 3267 1491 3335; x_wconf 85' lang='grc' dir='ltr'>Ὢριγένους</span> <span class='ocrx_word' id='word_1_359' title='bbox 1519 3270 1801 3338; x_wconf 82' lang='grc' dir='ltr'>παρόντος,</span> 
     </span>
    </p>
   </div>
   <div class='ocr_carea' id='block_1_49' title="bbox 233 3350 1803 3432">
    <p class='ocr_par' dir='ltr' id='par_1_49' title="bbox 233 3350 1803 3432">
     <span class='ocr_line' id='line_1_49' title="bbox 233 3350 1803 3432; baseline 0.007 -29"><span class='ocrx_word' id='word_1_360' title='bbox 233 3350 429 3404; x_wconf 75' lang='grc' dir='ltr'>τοῦτον</span> <span class='ocrx_word' id='word_1_361' title='bbox 462 3353 669 3420; x_wconf 75' lang='grc' dir='ltr'>ἀνέγνω</span> <span class='ocrx_word' id='word_1_362' title='bbox 698 3354 788 3406; x_wconf 83' lang='grc' dir='ltr'>τὸν</span> <span class='ocrx_word' id='word_1_363' title='bbox 818 3355 994 3424; x_wconf 85' lang='grc' dir='ltr'>λόγον,</span> <span class='ocrx_word' id='word_1_364' title='bbox 1042 3356 1189 3419; x_wconf 82' lang='grc' dir='ltr'>ὅστις</span> <span class='ocrx_word' id='word_1_365' title='bbox 1225 3358 1351 3428; x_wconf 79' lang='grc' dir='ltr'>ἄχρι</span> <span class='ocrx_word' id='word_1_366' title='bbox 1396 3360 1489 3411; x_wconf 75' lang='grc' dir='ltr'>τοῦ</span> <span class='ocrx_word' id='word_1_367' title='bbox 1542 3362 1803 3432; x_wconf 85' lang='grc' dir='ltr'>παρόντος</span> 
     </span>
    </p>
   </div>
   <div class='ocr_carea' id='block_1_50' title="bbox 231 3443 1805 3520">
    <p class='ocr_par' dir='ltr' id='par_1_50' title="bbox 231 3443 1805 3520">
     <span class='ocr_line' id='line_1_50' title="bbox 231 3443 1805 3520; baseline 0.006 -24"><span class='ocrx_word' id='word_1_368' title='bbox 231 3443 494 3515; x_wconf 78' lang='grc' dir='ltr'>ὑπάρχει.</span> <span class='ocrx_word' id='word_1_369' title='bbox 522 3445 762 3515; x_wconf 78' lang='grc' dir='ltr'>Ἔγραψε</span> <span class='ocrx_word' id='word_1_370' title='bbox 787 3446 841 3499; x_wconf 81' lang='grc' dir='ltr'>δὲ</span> <span class='ocrx_word' id='word_1_371' title='bbox 863 3449 955 3501; x_wconf 81' lang='grc' dir='ltr'><strong>καί</strong></span> <span class='ocrx_word' id='word_1_372' title='bbox 981 3448 1313 3517; x_wconf 71' lang='grc' dir='ltr'>Ἕκφρασιν</span> <span class='ocrx_word' id='word_1_373' title='bbox 1337 3452 1422 3514; x_wconf 82' lang='grc' dir='ltr'>εἰς</span> <span class='ocrx_word' id='word_1_374' title='bbox 1458 3451 1805 3520; x_wconf 75' lang='grc' dir='ltr'>Ἐκκλησια-</span> 
     </span>
    </p>
   </div>
   <div class='ocr_carea' id='block_1_51' title="bbox 232 3531 1801 3610">
    <p class='ocr_par' dir='ltr' id='par_1_51' title="bbox 232 3531 1801 3610">
     <span class='ocr_line' id='line_1_51' title="bbox 232 3531 1801 3610; baseline 0.006 -24"><span class='ocrx_word' id='word_1_375' title='bbox 232 3531 419 3601; x_wconf 72' lang='grc' dir='ltr'>στὴν,</span> <span class='ocrx_word' id='word_1_376' title='bbox 457 3533 731 3605; x_wconf 83' lang='grc' dir='ltr'>ἐλαχιστὸν</span> <span class='ocrx_word' id='word_1_377' title='bbox 771 3538 889 3606; x_wconf 79' lang='grc' dir='ltr'>μὲν,</span> <span class='ocrx_word' id='word_1_378' title='bbox 916 3539 1053 3592; x_wconf 77' lang='grc' dir='ltr'>πάνυ</span> <span class='ocrx_word' id='word_1_379' title='bbox 1081 3539 1139 3591; x_wconf 86' lang='grc' dir='ltr'>δὲ</span> <span class='ocrx_word' id='word_1_380' title='bbox 1165 3539 1468 3609; x_wconf 85' lang='grc' dir='ltr'>θαυμαστὸν</span> <span class='ocrx_word' id='word_1_381' title='bbox 1500 3540 1674 3610; x_wconf 76' lang='grc' dir='ltr'>λόγον,</span> <span class='ocrx_word' id='word_1_382' title='bbox 1708 3546 1801 3597; x_wconf 81' lang='grc' dir='ltr'><strong>καὶ</strong></span> 
     </span>
    </p>
   </div>
   <div class='ocr_carea' id='block_1_52' title="bbox 234 3621 1802 3700">
    <p class='ocr_par' dir='ltr' id='par_1_52' title="bbox 234 3621 1802 3700">
     <span class='ocr_line' id='line_1_52' title="bbox 234 3621 1802 3700; baseline 0.008 -27"><span class='ocrx_word' id='word_1_383' title='bbox 234 3621 406 3686; x_wconf 71' lang='grc' dir='ltr'>ἄλλας</span> <span class='ocrx_word' id='word_1_384' title='bbox 425 3623 619 3687; x_wconf 79' lang='grc' dir='ltr'>πολλὰς</span> <span class='ocrx_word' id='word_1_385' title='bbox 648 3625 953 3691; x_wconf 74' lang='grc' dir='ltr'>ἐπιστολὰς,</span> <span class='ocrx_word' id='word_1_386' title='bbox 987 3630 1217 3700; x_wconf 80' lang='grc' dir='ltr'>ποιήσας</span> <span class='ocrx_word' id='word_1_387' title='bbox 1243 3630 1444 3699; x_wconf 83' lang='grc' dir='ltr'>σημεῖά</span> <span class='ocrx_word' id='word_1_388' title='bbox 1464 3647 1524 3684; x_wconf 88' lang='grc' dir='ltr'><strong>τε</strong></span> <span class='ocrx_word' id='word_1_389' title='bbox 1553 3633 1645 3684; x_wconf 80' lang='grc' dir='ltr'><strong>καὶ</strong></span> <span class='ocrx_word' id='word_1_390' title='bbox 1674 3631 1802 3685; x_wconf 81' lang='grc' dir='ltr'>θαύ-</span> 
     </span>
    </p>
   </div>
   <div class='ocr_carea' id='block_1_53' title="bbox 142 3714 1254 3789">
    <p class='ocr_par' dir='ltr' id='par_1_53' title="bbox 142 3714 1254 3789">
     <span class='ocr_line' id='line_1_53' title="bbox 142 3714 1254 3789; baseline 0.007 -25"><span class='ocrx_word' id='word_1_391' title='bbox 142 3749 153 3755; x_wconf 64' lang='grc'><strong>-</strong></span> <span class='ocrx_word' id='word_1_392' title='bbox 240 3730 412 3783; x_wconf 82' lang='grc' dir='ltr'>ματα,</span> <span class='ocrx_word' id='word_1_393' title='bbox 437 3714 597 3784; x_wconf 83' lang='grc' dir='ltr'>ἡνίκα</span> <span class='ocrx_word' id='word_1_394' title='bbox 622 3715 914 3781; x_wconf 69' lang='grc' dir='ltr'>ἐπίσκοπος</span> <span class='ocrx_word' id='word_1_395' title='bbox 945 3718 1254 3789; x_wconf 76' lang='grc' dir='ltr'>ἐτύγχανεν.</span> 
     </span>
    </p>
   </div>
   <div class='ocr_carea' id='block_1_54' title="bbox 1912 2265 3457 2336">
    <p class='ocr_par' dir='ltr' id='par_1_54' title="bbox 1912 2265 3457 2336">
     <span class='ocr_line' id='line_1_54' title="bbox 1912 2265 3457 2336; baseline 0.003 -18"><span class='ocrx_word' id='word_1_396' title='bbox 1912 2265 2271 2322; x_wconf 71' lang='lat' dir='ltr'><strong>Neocaesareze</strong></span> <span class='ocrx_word' id='word_1_397' title='bbox 2297 2266 2453 2320; x_wconf 83' lang='lat' dir='ltr'><strong>Ponti</strong></span> <span class='ocrx_word' id='word_1_398' title='bbox 2483 2268 2789 2336; x_wconf 86' lang='lat' dir='ltr'><strong>episcopus,</strong></span> <span class='ocrx_word' id='word_1_399' title='bbox 2813 2266 3099 2321; x_wconf 88' lang='lat' dir='ltr'><strong>admodum</strong></span> <span class='ocrx_word' id='word_1_400' title='bbox 3126 2268 3457 2333; x_wconf 86' lang='lat' dir='ltr'><strong>adolescens,</strong></span> 
     </span>
    </p>
   </div>
   <div class='ocr_carea' id='block_1_55' title="bbox 1914 2356 3462 2422">
    <p class='ocr_par' dir='ltr' id='par_1_55' title="bbox 1914 2356 3462 2422">
     <span class='ocr_line' id='line_1_55' title="bbox 1914 2356 3462 2422; baseline 0.003 -13"><span class='ocrx_word' id='word_1_401' title='bbox 1914 2358 1984 2411; x_wconf 91' lang='lat' dir='ltr'><strong>ob</strong></span> <span class='ocrx_word' id='word_1_402' title='bbox 2015 2358 2188 2412; x_wconf 88' lang='lat' dir='ltr'><strong>studia</strong></span> <span class='ocrx_word' id='word_1_403' title='bbox 2236 2356 2546 2412; x_wconf 67' lang='lat' dir='ltr'><strong>Graecarum</strong></span> <span class='ocrx_word' id='word_1_404' title='bbox 2596 2368 2648 2412; x_wconf 92' lang='lat' dir='ltr'><strong>et</strong></span> <span class='ocrx_word' id='word_1_405' title='bbox 2696 2357 3009 2412; x_wconf 87' lang='lat' dir='ltr'><strong>Latinarum</strong></span> <span class='ocrx_word' id='word_1_406' title='bbox 3047 2358 3363 2422; x_wconf 89' lang='lat' dir='ltr'><strong>litterarum,</strong></span> <span class='ocrx_word' id='word_1_407' title='bbox 3395 2359 3462 2413; x_wconf 89' lang='lat' dir='ltr'><strong>de</strong></span> 
     </span>
    </p>
   </div>
   <div class='ocr_carea' id='block_1_56' title="bbox 1914 2446 3462 2519">
    <p class='ocr_par' dir='ltr' id='par_1_56' title="bbox 1914 2446 3462 2519">
     <span class='ocr_line' id='line_1_56' title="bbox 1914 2446 3462 2519; baseline 0 -17"><span class='ocrx_word' id='word_1_408' title='bbox 1914 2447 2250 2519; x_wconf 87' lang='lat' dir='ltr'><strong>Cappadocia</strong></span> <span class='ocrx_word' id='word_1_409' title='bbox 2288 2447 2567 2516; x_wconf 80' lang='lat' dir='ltr'><strong>Berytum,</strong></span> <span class='ocrx_word' id='word_1_410' title='bbox 2601 2456 2652 2501; x_wconf 88' lang='lat' dir='ltr'><strong>et</strong></span> <span class='ocrx_word' id='word_1_411' title='bbox 2688 2448 2810 2501; x_wconf 91' lang='lat' dir='ltr'><strong>inde</strong></span> <span class='ocrx_word' id='word_1_412' title='bbox 2844 2446 3141 2502; x_wconf 62' lang='lat' dir='ltr'><strong>Caesaream</strong></span> <span class='ocrx_word' id='word_1_413' title='bbox 3168 2448 3462 2503; x_wconf 64' lang='lat' dir='ltr'><strong>Palaestinae</strong></span> 
     </span>
    </p>
   </div>
   <div class='ocr_carea' id='block_1_57' title="bbox 1915 2536 3459 2607">
    <p class='ocr_par' dir='ltr' id='par_1_57' title="bbox 1915 2536 3459 2607">
     <span class='ocr_line' id='line_1_57' title="bbox 1915 2536 3459 2607; baseline 0.001 -16"><span class='ocrx_word' id='word_1_414' title='bbox 1915 2539 2145 2603; x_wconf 87' lang='lat' dir='ltr'><strong>transiit,</strong></span> <span class='ocrx_word' id='word_1_415' title='bbox 2186 2538 2373 2607; x_wconf 90' lang='lat' dir='ltr'><strong>juncto</strong></span> <span class='ocrx_word' id='word_1_416' title='bbox 2420 2538 2522 2590; x_wconf 88' lang='lat' dir='ltr'><strong>sibi</strong></span> <span class='ocrx_word' id='word_1_417' title='bbox 2578 2536 2744 2588; x_wconf 75' lang='lat' dir='ltr'><strong>fratre</strong></span> <span class='ocrx_word' id='word_1_418' title='bbox 2792 2536 3139 2590; x_wconf 85' lang='lat' dir='ltr'><strong>Athenodoro</strong></span> <span class='ocrx_word' id='word_1_419' title='bbox 3176 2556 3190 2591; x_wconf 90' lang='lat'>:</span> <span class='ocrx_word' id='word_1_420' title='bbox 3230 2553 3459 2606; x_wconf 89' lang='lat' dir='ltr'><strong>quorum</strong></span> 
     </span>
    </p>
   </div>
   <div class='ocr_carea' id='block_1_58' title="bbox 1914 2625 3461 2697">
    <p class='ocr_par' dir='ltr' id='par_1_58' title="bbox 1914 2625 3461 2697">
     <span class='ocr_line' id='line_1_58' title="bbox 1914 2625 3461 2697; baseline 0.001 -15"><span class='ocrx_word' id='word_1_421' title='bbox 1914 2643 2036 2682; x_wconf 88' lang='lat' dir='ltr'><strong>cum</strong></span> <span class='ocrx_word' id='word_1_422' title='bbox 2086 2629 2353 2697; x_wconf 78' lang='lat' dir='ltr'><strong>egregiam</strong></span> <span class='ocrx_word' id='word_1_423' title='bbox 2398 2626 2629 2680; x_wconf 89' lang='lat' dir='ltr'><strong>indolem</strong></span> <span class='ocrx_word' id='word_1_424' title='bbox 2672 2627 2893 2681; x_wconf 83' lang='lat' dir='ltr'><strong>vidisset</strong></span> <span class='ocrx_word' id='word_1_425' title='bbox 2939 2625 3231 2695; x_wconf 77' lang='lat' dir='ltr'><strong>Origenes,</strong></span> <span class='ocrx_word' id='word_1_426' title='bbox 3271 2644 3363 2683; x_wconf 91' lang='lat' dir='ltr'><strong>eos</strong></span> <span class='ocrx_word' id='word_1_427' title='bbox 3392 2630 3461 2683; x_wconf 88' lang='lat' dir='ltr'><strong>ad</strong></span> 
     </span>
    </p>
   </div>
   <div class='ocr_carea' id='block_1_59' title="bbox 1913 2718 3462 2788">
    <p class='ocr_par' dir='ltr' id='par_1_59' title="bbox 1913 2718 3462 2788">
     <span class='ocr_line' id='line_1_59' title="bbox 1913 2718 3462 2788; baseline 0.001 -17"><span class='ocrx_word' id='word_1_428' title='bbox 1913 2719 2306 2788; x_wconf 87' lang='lat' dir='ltr'><strong>philos0phiam</strong></span> <span class='ocrx_word' id='word_1_429' title='bbox 2339 2720 2651 2773; x_wconf 83' lang='lat' dir='ltr'><strong>cohortatus</strong></span> <span class='ocrx_word' id='word_1_430' title='bbox 2676 2730 2777 2781; x_wconf 87' lang='lat' dir='ltr'><strong>est,</strong></span> <span class='ocrx_word' id='word_1_431' title='bbox 2806 2721 2859 2770; x_wconf 92' lang='lat' dir='ltr'><strong>in</strong></span> <span class='ocrx_word' id='word_1_432' title='bbox 2883 2735 2987 2787; x_wconf 88' lang='lat' dir='ltr'><strong>qua</strong></span> <span class='ocrx_word' id='word_1_433' title='bbox 3019 2720 3275 2787; x_wconf 87' lang='lat' dir='ltr'><strong>paulatim</strong></span> <span class='ocrx_word' id='word_1_434' title='bbox 3302 2718 3462 2773; x_wconf 86' lang='lat' dir='ltr'><strong>Chri-</strong></span> 
     </span>
    </p>
   </div>
   <div class='ocr_carea' id='block_1_60' title="bbox 1912 2810 3458 2878">
    <p class='ocr_par' dir='ltr' id='par_1_60' title="bbox 1912 2810 3458 2878">
     <span class='ocr_line' id='line_1_60' title="bbox 1912 2810 3458 2878; baseline -0.001 -14"><span class='ocrx_word' id='word_1_435' title='bbox 1912 2811 1980 2864; x_wconf 90' lang='lat' dir='ltr'><strong>sti</strong></span> <span class='ocrx_word' id='word_1_436' title='bbox 2040 2810 2200 2864; x_wconf 83' lang='lat' dir='ltr'><strong>iidem</strong></span> <span class='ocrx_word' id='word_1_437' title='bbox 2251 2811 2701 2873; x_wconf 78' lang='lat' dir='ltr'><strong>subintroducens</strong></span> <span class='ocrx_word' id='word_1_438' title='bbox 2735 2850 2750 2872; x_wconf 91' lang='lat'><strong>,</strong></span> <span class='ocrx_word' id='word_1_439' title='bbox 2799 2810 2880 2863; x_wconf 90' lang='lat' dir='ltr'><strong>sui</strong></span> <span class='ocrx_word' id='word_1_440' title='bbox 2909 2824 3121 2878; x_wconf 85' lang='lat' dir='ltr'><strong>quoque</strong></span> <span class='ocrx_word' id='word_1_441' title='bbox 3168 2817 3458 2863; x_wconf 82' lang='lat' dir='ltr'><strong>sectatores</strong></span> 
     </span>
    </p>
   </div>
   <div class='ocr_carea' id='block_1_61' title="bbox 1908 2900 3459 2970">
    <p class='ocr_par' dir='ltr' id='par_1_61' title="bbox 1908 2900 3459 2970">
     <span class='ocr_line' id='line_1_61' title="bbox 1908 2900 3459 2970; baseline 0.001 -17"><span class='ocrx_word' id='word_1_442' title='bbox 1908 2900 2161 2955; x_wconf 89' lang='lat' dir='ltr'><strong>reddidit.</strong></span> <span class='ocrx_word' id='word_1_443' title='bbox 2190 2900 2577 2970; x_wconf 82' lang='lat' dir='ltr'><strong>Quinquennio</strong></span> <span class='ocrx_word' id='word_1_444' title='bbox 2606 2902 2785 2969; x_wconf 86' lang='lat' dir='ltr'><strong>itaque</strong></span> <span class='ocrx_word' id='word_1_445' title='bbox 2816 2900 3014 2954; x_wconf 86' lang='lat' dir='ltr'><strong>eruditi</strong></span> <span class='ocrx_word' id='word_1_446' title='bbox 3048 2900 3116 2953; x_wconf 88' lang='lat' dir='ltr'><strong>ab</strong></span> <span class='ocrx_word' id='word_1_447' title='bbox 3146 2915 3231 2963; x_wconf 91' lang='lat' dir='ltr'><strong>eo,</strong></span> <span class='ocrx_word' id='word_1_448' title='bbox 3272 2901 3459 2955; x_wconf 88' lang='lat' dir='ltr'><strong>remit-</strong></span> 
     </span>
    </p>
   </div>
   <div class='ocr_carea' id='block_1_62' title="bbox 1910 2990 3455 3061">
    <p class='ocr_par' dir='ltr' id='par_1_62' title="bbox 1910 2990 3455 3061">
     <span class='ocr_line' id='line_1_62' title="bbox 1910 2990 3455 3061; baseline 0 -15"><span class='ocrx_word' id='word_1_449' title='bbox 1910 3001 2094 3061; x_wconf 76' lang='lat' dir='ltr'><strong>tuntur</strong></span> <span class='ocrx_word' id='word_1_450' title='bbox 2116 2995 2179 3047; x_wconf 90' lang='lat' dir='ltr'><strong>ad</strong></span> <span class='ocrx_word' id='word_1_451' title='bbox 2197 3003 2421 3047; x_wconf 90' lang='lat' dir='ltr'><strong>matrem</strong></span> <span class='ocrx_word' id='word_1_452' title='bbox 2443 3013 2455 3059; x_wconf 90' lang='lat'>;</span> <span class='ocrx_word' id='word_1_453' title='bbox 2481 3008 2511 3046; x_wconf 91' lang='lat' dir='ltr'><strong>e</strong></span> <span class='ocrx_word' id='word_1_454' title='bbox 2537 2992 2731 3061; x_wconf 84' lang='lat' dir='ltr'><strong>quibus</strong></span> <span class='ocrx_word' id='word_1_455' title='bbox 2749 2990 3064 3045; x_wconf 85' lang='lat' dir='ltr'><strong>Theodorus</strong></span> <span class='ocrx_word' id='word_1_456' title='bbox 3086 2990 3455 3059; x_wconf 83' lang='lat' dir='ltr'><strong>proﬁciscens.</strong></span> 
     </span>
    </p>
   </div>
   <div class='ocr_carea' id='block_1_63' title="bbox 1911 3080 3461 3155">
    <p class='ocr_par' dir='ltr' id='par_1_63' title="bbox 1911 3080 3461 3155">
     <span class='ocr_line' id='line_1_63' title="bbox 1911 3080 3461 3155; baseline -0.004 -14"><span class='ocrx_word' id='word_1_457' title='bbox 1911 3084 2318 3155; x_wconf 73' lang='grc' dir='ltr'>Πανηγυρικὸν</span> <span class='ocrx_word' id='word_1_458' title='bbox 2371 3082 2745 3151; x_wconf 75' lang='grc' dir='ltr'>εὐχαριστίας</span> <span class='ocrx_word' id='word_1_459' title='bbox 2806 3082 3022 3149; x_wconf 82' lang='lat' dir='ltr'><strong>scripsit</strong></span> <span class='ocrx_word' id='word_1_460' title='bbox 3085 3080 3339 3151; x_wconf 81' lang='lat' dir='ltr'><strong>Origeni;</strong></span> <span class='ocrx_word' id='word_1_461' title='bbox 3407 3092 3461 3135; x_wconf 89' lang='lat' dir='ltr'><strong>et</strong></span> 
     </span>
    </p>
   </div>
   <div class='ocr_carea' id='block_1_64' title="bbox 1908 3170 3459 3243">
    <p class='ocr_par' dir='ltr' id='par_1_64' title="bbox 1908 3170 3459 3243">
     <span class='ocr_line' id='line_1_64' title="bbox 1908 3170 3459 3243; baseline -0.001 -17"><span class='ocrx_word' id='word_1_462' title='bbox 1908 3184 2200 3243; x_wconf 73' lang='lat' dir='ltr'><strong>convocata</strong></span> <span class='ocrx_word' id='word_1_463' title='bbox 2248 3172 2434 3242; x_wconf 84' lang='lat' dir='ltr'><strong>grandi</strong></span> <span class='ocrx_word' id='word_1_464' title='bbox 2478 3170 2800 3240; x_wconf 80' lang='lat' dir='ltr'><strong>frequentia,</strong></span> <span class='ocrx_word' id='word_1_465' title='bbox 2853 3174 2969 3240; x_wconf 90' lang='lat' dir='ltr'><strong>ipso</strong></span> <span class='ocrx_word' id='word_1_466' title='bbox 2995 3187 3208 3242; x_wconf 77' lang='lat' dir='ltr'><strong>quoque</strong></span> <span class='ocrx_word' id='word_1_467' title='bbox 3233 3170 3459 3240; x_wconf 77' lang='lat' dir='ltr'><strong>Origene</strong></span> 
     </span>
    </p>
   </div>
   <div class='ocr_carea' id='block_1_65' title="bbox 1908 3262 3459 3334">
    <p class='ocr_par' dir='ltr' id='par_1_65' title="bbox 1908 3262 3459 3334">
     <span class='ocr_line' id='line_1_65' title="bbox 1908 3262 3459 3334; baseline -0.002 -17"><span class='ocrx_word' id='word_1_468' title='bbox 1908 3276 2174 3333; x_wconf 70' lang='lat' dir='ltr'><strong>praesente</strong></span> <span class='ocrx_word' id='word_1_469' title='bbox 2198 3263 2461 3329; x_wconf 77' lang='lat' dir='ltr'><strong>recitavit,</strong></span> <span class='ocrx_word' id='word_1_470' title='bbox 2499 3264 2591 3333; x_wconf 92' lang='lat' dir='ltr'><strong>qui</strong></span> <span class='ocrx_word' id='word_1_471' title='bbox 2624 3281 2795 3334; x_wconf 89' lang='lat' dir='ltr'><strong>usque</strong></span> <span class='ocrx_word' id='word_1_472' title='bbox 2822 3265 2976 3319; x_wconf 88' lang='lat' dir='ltr'><strong>hodie</strong></span> <span class='ocrx_word' id='word_1_473' title='bbox 3001 3273 3197 3319; x_wconf 80' lang='lat' dir='ltr'><strong>exstat.</strong></span> <span class='ocrx_word' id='word_1_474' title='bbox 3232 3262 3459 3331; x_wconf 83' lang='lat' dir='ltr'><strong>Scripsit</strong></span> 
     </span>
    </p>
   </div>
   <div class='ocr_carea' id='block_1_66' title="bbox 1906 3348 3456 3423">
    <p class='ocr_par' dir='ltr' id='par_1_66' title="bbox 1906 3348 3456 3423">
     <span class='ocr_line' id='line_1_66' title="bbox 1906 3348 3456 3423; baseline -0.004 -12"><span class='ocrx_word' id='word_1_475' title='bbox 1906 3367 1960 3411; x_wconf 86' lang='lat' dir='ltr'><strong>et</strong></span> <span class='ocrx_word' id='word_1_476' title='bbox 1992 3355 2375 3423; x_wconf 66' lang='grc' dir='ltr'>Μετάφρασιν</span> <span class='ocrx_word' id='word_1_477' title='bbox 2419 3348 2904 3419; x_wconf 64' lang='grc' dir='ltr'>ἱιΡἘεσιεείαειειι,</span> <span class='ocrx_word' id='word_1_478' title='bbox 2952 3357 3165 3409; x_wconf 89' lang='lat' dir='ltr'><strong>brevem</strong></span> <span class='ocrx_word' id='word_1_479' title='bbox 3216 3354 3456 3423; x_wconf 85' lang='lat' dir='ltr'><strong>quidem.</strong></span> 
     </span>
    </p>
   </div>
   <div class='ocr_carea' id='block_1_67' title="bbox 1908 3446 3458 3516">
    <p class='ocr_par' dir='ltr' id='par_1_67' title="bbox 1908 3446 3458 3516">
     <span class='ocr_line' id='line_1_67' title="bbox 1908 3446 3458 3516; baseline -0.003 -16"><span class='ocrx_word' id='word_1_480' title='bbox 1908 3451 1999 3501; x_wconf 85' lang='lat' dir='ltr'><strong>sed</strong></span> <span class='ocrx_word' id='word_1_481' title='bbox 2033 3449 2185 3502; x_wconf 84' lang='lat' dir='ltr'><strong>valde</strong></span> <span class='ocrx_word' id='word_1_482' title='bbox 2216 3449 2419 3502; x_wconf 88' lang='lat' dir='ltr'><strong>utilem.</strong></span> <span class='ocrx_word' id='word_1_483' title='bbox 2470 3448 2538 3503; x_wconf 86' lang='lat' dir='ltr'><strong>Et</strong></span> <span class='ocrx_word' id='word_1_484' title='bbox 2577 3451 2693 3502; x_wconf 78' lang='lat' dir='ltr'><strong>alia:</strong></span> <span class='ocrx_word' id='word_1_485' title='bbox 2720 3449 2881 3516; x_wconf 88' lang='lat' dir='ltr'><strong>hujus</strong></span> <span class='ocrx_word' id='word_1_486' title='bbox 2905 3448 3065 3514; x_wconf 82' lang='lat' dir='ltr'><strong>vulgo</strong></span> <span class='ocrx_word' id='word_1_487' title='bbox 3088 3446 3327 3498; x_wconf 80' lang='lat' dir='ltr'><strong>feruntur</strong></span> <span class='ocrx_word' id='word_1_488' title='bbox 3353 3446 3458 3509; x_wconf 85' lang='lat' dir='ltr'><strong>epi-</strong></span> 
     </span>
    </p>
   </div>
   <div class='ocr_carea' id='block_1_68' title="bbox 1906 3532 3502 3615">
    <p class='ocr_par' dir='ltr' id='par_1_68' title="bbox 1906 3532 3502 3615">
     <span class='ocr_line' id='line_1_68' title="bbox 1906 3532 3502 3615; baseline -0.001 -23"><span class='ocrx_word' id='word_1_489' title='bbox 1906 3539 2087 3604; x_wconf 74' lang='lat' dir='ltr'><strong>stolze;</strong></span> <span class='ocrx_word' id='word_1_490' title='bbox 2140 3542 2233 3595; x_wconf 87' lang='lat' dir='ltr'><strong>sed</strong></span> <span class='ocrx_word' id='word_1_491' title='bbox 2284 3544 2551 3615; x_wconf 63' lang='lat' dir='ltr'><strong>praecipue</strong></span> <span class='ocrx_word' id='word_1_492' title='bbox 2600 3542 2751 3609; x_wconf 82' lang='lat' dir='ltr'><strong>signa</strong></span> <span class='ocrx_word' id='word_1_493' title='bbox 2780 3548 2966 3607; x_wconf 77' lang='lat' dir='ltr'><strong>&quot;atque</strong></span> <span class='ocrx_word' id='word_1_494' title='bbox 3014 3539 3302 3603; x_wconf 88' lang='lat' dir='ltr'><strong>miracula,</strong></span> <span class='ocrx_word' id='word_1_495' title='bbox 3336 3532 3502 3603; x_wconf 49' lang='lat' dir='ltr'><strong>quax</strong></span> 
     </span>
    </p>
   </div>
   <div class='ocr_carea' id='block_1_69' title="bbox 1900 3628 3453 3702">
    <p class='ocr_par' dir='ltr' id='par_1_69' title="bbox 1900 3628 3453 3702">
     <span class='ocr_line' id='line_1_69' title="bbox 1900 3628 3453 3702; baseline -0.001 -20"><span class='ocrx_word' id='word_1_496' title='bbox 1900 3629 2014 3699; x_wconf 91' lang='lat' dir='ltr'><strong>jam</strong></span> <span class='ocrx_word' id='word_1_497' title='bbox 2057 3632 2343 3702; x_wconf 90' lang='lat' dir='ltr'><strong>episc0pus</strong></span> <span class='ocrx_word' id='word_1_498' title='bbox 2382 3649 2503 3687; x_wconf 92' lang='lat' dir='ltr'><strong>cum</strong></span> <span class='ocrx_word' id='word_1_499' title='bbox 2547 3632 2837 3685; x_wconf 88' lang='lat' dir='ltr'><strong>multarum</strong></span> <span class='ocrx_word' id='word_1_500' title='bbox 2888 3629 3248 3684; x_wconf 83' lang='lat' dir='ltr'><strong>Ecclesiarum</strong></span> <span class='ocrx_word' id='word_1_501' title='bbox 3284 3628 3453 3698; x_wconf 77' lang='lat' dir='ltr'><strong>gloria</strong></span> 
     </span>
    </p>
   </div>
   <div class='ocr_carea' id='block_1_70' title="bbox 1828 3717 2247 3792">
    <p class='ocr_par' dir='ltr' id='par_1_70' title="bbox 1828 3717 2247 3792">
     <span class='ocr_line' id='line_1_70' title="bbox 1828 3717 2247 3792; baseline 0.014 -20"><span class='ocrx_word' id='word_1_502' title='bbox 1828 3717 1869 3772; x_wconf 89' lang='lat' dir='ltr'><strong>C</strong></span> <span class='ocrx_word' id='word_1_503' title='bbox 1904 3725 2247 3792; x_wconf 85' lang='lat' dir='ltr'><strong>perpetravit.</strong></span> 
     </span>
    </p>
   </div>
   <div class='ocr_carea' id='block_1_71' title="bbox 703 3827 2998 3907">
    <p class='ocr_par' dir='ltr' id='par_1_71' title="bbox 703 3827 2998 3907">
     <span class='ocr_line' id='line_1_71' title="bbox 703 3827 2998 3907; baseline 0.003 -26"><span class='ocrx_word' id='word_1_504' title='bbox 703 3827 853 3883; x_wconf 82' lang='lat' dir='ltr'><strong>Idem</strong></span> <span class='ocrx_word' id='word_1_505' title='bbox 886 3830 1189 3887; x_wconf 87' lang='lat' dir='ltr'><strong>Comment.</strong></span> <span class='ocrx_word' id='word_1_506' title='bbox 1222 3832 1278 3885; x_wconf 90' lang='lat' dir='ltr'><strong>in</strong></span> <span class='ocrx_word' id='word_1_507' title='bbox 1311 3831 1693 3902; x_wconf 84' lang='lat' dir='ltr'><strong>Ecclesiasten,</strong></span> <span class='ocrx_word' id='word_1_508' title='bbox 1722 3853 1840 3907; x_wconf 84' lang='lat' dir='ltr'><strong>cap.</strong></span> <span class='ocrx_word' id='word_1_509' title='bbox 1869 3837 1923 3901; x_wconf 92' lang='lat'><strong>4,</strong></span> <span class='ocrx_word' id='word_1_510' title='bbox 1958 3842 2089 3907; x_wconf 89' lang='lat' dir='ltr'><strong>Opp.</strong></span> <span class='ocrx_word' id='word_1_511' title='bbox 2119 3849 2243 3891; x_wconf 89' lang='lat' dir='ltr'><strong>tom.</strong></span> <span class='ocrx_word' id='word_1_512' title='bbox 2270 3840 2311 3904; x_wconf 87' lang='grc'>1,</span> <span class='ocrx_word' id='word_1_513' title='bbox 2342 3854 2461 3906; x_wconf 85' lang='lat' dir='ltr'><strong>pag.</strong></span> <span class='ocrx_word' id='word_1_514' title='bbox 2488 3838 2612 3901; x_wconf 73' lang='lat'><strong>424,</strong></span> <span class='ocrx_word' id='word_1_515' title='bbox 2638 3838 2765 3891; x_wconf 86' lang='lat' dir='ltr'><strong>edit.</strong></span> <span class='ocrx_word' id='word_1_516' title='bbox 2812 3836 2998 3890; x_wconf 84' lang='lat' dir='ltr'><strong>Veron.</strong></span> 
     </span>
    </p>
   </div>
   <div class='ocr_carea' id='block_1_72' title="bbox 318 3916 1802 3999">
    <p class='ocr_par' dir='ltr' id='par_1_72' title="bbox 318 3916 1802 3999">
     <span class='ocr_line' id='line_1_72' title="bbox 318 3916 1802 3999; baseline 0.009 -29"><span class='ocrx_word' id='word_1_517' title='bbox 318 3916 415 3972; x_wconf 83' lang='lat' dir='ltr'><strong>Vir</strong></span> <span class='ocrx_word' id='word_1_518' title='bbox 444 3928 686 3982; x_wconf 84' lang='lat' dir='ltr'><strong>sanctus,</strong></span> <span class='ocrx_word' id='word_1_519' title='bbox 717 3920 1013 3991; x_wconf 77' lang='lat' dir='ltr'><strong>Gregorius</strong></span> <span class='ocrx_word' id='word_1_520' title='bbox 1035 3922 1194 3977; x_wconf 87' lang='lat' dir='ltr'><strong>Ponti</strong></span> <span class='ocrx_word' id='word_1_521' title='bbox 1218 3925 1523 3995; x_wconf 89' lang='lat' dir='ltr'><strong>episcopus,</strong></span> <span class='ocrx_word' id='word_1_522' title='bbox 1558 3927 1802 3999; x_wconf 85' lang='lat' dir='ltr'><strong>Origenis</strong></span> 
     </span>
    </p>
   </div>
   <div class='ocr_carea' id='block_1_73' title="bbox 237 4011 1799 4083">
    <p class='ocr_par' dir='ltr' id='par_1_73' title="bbox 237 4011 1799 4083">
     <span class='ocr_line' id='line_1_73' title="bbox 237 4011 1799 4083; baseline 0.008 -20"><span class='ocrx_word' id='word_1_523' title='bbox 237 4011 461 4065; x_wconf 87' lang='lat' dir='ltr'><strong>auditor</strong></span> <span class='ocrx_word' id='word_1_524' title='bbox 514 4013 568 4066; x_wconf 93' lang='lat' dir='ltr'><strong>in</strong></span> <span class='ocrx_word' id='word_1_525' title='bbox 613 4012 937 4082; x_wconf 73' lang='lat' dir='ltr'><strong>Hetaphrasi</strong></span> <span class='ocrx_word' id='word_1_526' title='bbox 988 4014 1326 4083; x_wconf 64' lang='lat' dir='ltr'><strong>Ecclesiaste</strong></span> <span class='ocrx_word' id='word_1_527' title='bbox 1353 4018 1426 4072; x_wconf 89' lang='lat' dir='ltr'><strong>ita</strong></span> <span class='ocrx_word' id='word_1_528' title='bbox 1453 4022 1595 4075; x_wconf 90' lang='lat' dir='ltr'><strong>hunc</strong></span> <span class='ocrx_word' id='word_1_529' title='bbox 1623 4022 1799 4076; x_wconf 91' lang='lat' dir='ltr'><strong>locum</strong></span> 
     </span>
    </p>
   </div>
   <div class='ocr_carea' id='block_1_74' title="bbox 238 4105 1797 4178">
    <p class='ocr_par' dir='ltr' id='par_1_74' title="bbox 238 4105 1797 4178">
     <span class='ocr_line' id='line_1_74' title="bbox 238 4105 1797 4178; baseline 0.006 -21"><span class='ocrx_word' id='word_1_530' title='bbox 238 4105 515 4159; x_wconf 81' lang='lat' dir='ltr'><strong>intellexit</strong></span> <span class='ocrx_word' id='word_1_531' title='bbox 561 4125 575 4160; x_wconf 93' lang='lat'>:</span> <span class='ocrx_word' id='word_1_532' title='bbox 629 4125 649 4158; x_wconf 77' lang='grc' dir='ltr'><strong>ι</strong></span> <span class='ocrx_word' id='word_1_533' title='bbox 713 4106 825 4178; x_wconf 86' lang='lat' dir='ltr'><strong>Ego</strong></span> <span class='ocrx_word' id='word_1_534' title='bbox 875 4124 1005 4163; x_wconf 86' lang='lat' dir='ltr'><strong>vero</strong></span> <span class='ocrx_word' id='word_1_535' title='bbox 1054 4108 1280 4178; x_wconf 75' lang='lat' dir='ltr'><strong>praefero</strong></span> <span class='ocrx_word' id='word_1_536' title='bbox 1340 4111 1797 4167; x_wconf 77' lang='lat' dir='ltr'><strong>adolesCentulum</strong></span> 
     </span>
    </p>
   </div>
   <div class='ocr_carea' id='block_1_75' title="bbox 238 4199 1802 4271">
    <p class='ocr_par' dir='ltr' id='par_1_75' title="bbox 238 4199 1802 4271">
     <span class='ocr_line' id='line_1_75' title="bbox 238 4199 1802 4271; baseline 0.004 -23"><span class='ocrx_word' id='word_1_537' title='bbox 238 4210 535 4266; x_wconf 84' lang='lat' dir='ltr'><strong>pauperem</strong></span> <span class='ocrx_word' id='word_1_538' title='bbox 559 4206 612 4251; x_wconf 92' lang='lat' dir='ltr'><strong>et</strong></span> <span class='ocrx_word' id='word_1_539' title='bbox 636 4199 930 4268; x_wconf 87' lang='lat' dir='ltr'><strong>sapientem</strong></span> <span class='ocrx_word' id='word_1_540' title='bbox 955 4200 1065 4269; x_wconf 85' lang='lat' dir='ltr'><strong>regi</strong></span> <span class='ocrx_word' id='word_1_541' title='bbox 1097 4202 1210 4254; x_wconf 80' lang='lat' dir='ltr'><strong>seni</strong></span> <span class='ocrx_word' id='word_1_542' title='bbox 1237 4210 1290 4255; x_wconf 91' lang='lat' dir='ltr'><strong>et</strong></span> <span class='ocrx_word' id='word_1_543' title='bbox 1314 4203 1511 4271; x_wconf 84' lang='lat' dir='ltr'><strong>stulto;</strong></span> <span class='ocrx_word' id='word_1_544' title='bbox 1555 4204 1641 4257; x_wconf 90' lang='lat' dir='ltr'><strong>cui</strong></span> <span class='ocrx_word' id='word_1_545' title='bbox 1665 4219 1802 4256; x_wconf 82' lang='lat' dir='ltr'><strong>nun-</strong></span> 
     </span>
    </p>
   </div>
   <div class='ocr_carea' id='block_1_76' title="bbox 236 4283 1796 4363">
    <p class='ocr_par' dir='ltr' id='par_1_76' title="bbox 236 4283 1796 4363">
     <span class='ocr_line' id='line_1_76' title="bbox 236 4283 1796 4363; baseline 0.004 -23"><span class='ocrx_word' id='word_1_546' title='bbox 236 4302 409 4357; x_wconf 82' lang='lat' dir='ltr'><strong>quam</strong></span> <span class='ocrx_word' id='word_1_547' title='bbox 430 4288 579 4341; x_wconf 80' lang='lat' dir='ltr'><strong>venit</strong></span> <span class='ocrx_word' id='word_1_548' title='bbox 596 4283 907 4345; x_wconf 45' lang='lat' dir='ltr'><strong>in’mentem</strong></span> <span class='ocrx_word' id='word_1_549' title='bbox 927 4290 1067 4362; x_wconf 89' lang='lat' dir='ltr'><strong>quod</strong></span> <span class='ocrx_word' id='word_1_550' title='bbox 1091 4291 1345 4357; x_wconf 87' lang='lat' dir='ltr'><strong>possibile</strong></span> <span class='ocrx_word' id='word_1_551' title='bbox 1360 4294 1450 4359; x_wconf 87' lang='lat' dir='ltr'><strong>sit,</strong></span> <span class='ocrx_word' id='word_1_552' title='bbox 1472 4310 1796 4363; x_wconf 90' lang='lat' dir='ltr'><strong>quemquam</strong></span> 
     </span>
    </p>
   </div>
   <div class='ocr_carea' id='block_1_77' title="bbox 237 4378 1795 4451">
    <p class='ocr_par' dir='ltr' id='par_1_77' title="bbox 237 4378 1795 4451">
     <span class='ocr_line' id='line_1_77' title="bbox 237 4378 1795 4451; baseline 0.003 -19"><span class='ocrx_word' id='word_1_553' title='bbox 237 4379 313 4432; x_wconf 91' lang='lat' dir='ltr'><strong>de</strong></span> <span class='ocrx_word' id='word_1_554' title='bbox 342 4378 429 4432; x_wconf 87' lang='lat' dir='ltr'><strong>his</strong></span> <span class='ocrx_word' id='word_1_555' title='bbox 450 4392 586 4446; x_wconf 83' lang='lat' dir='ltr'><strong>quos</strong></span> <span class='ocrx_word' id='word_1_556' title='bbox 614 4379 893 4448; x_wconf 85' lang='lat' dir='ltr'><strong>vinxerat,</strong></span> <span class='ocrx_word' id='word_1_557' title='bbox 940 4383 1012 4436; x_wconf 86' lang='lat' dir='ltr'><strong>ad</strong></span> <span class='ocrx_word' id='word_1_558' title='bbox 1036 4396 1258 4451; x_wconf 85' lang='lat' dir='ltr'><strong>regnum</strong></span> <span class='ocrx_word' id='word_1_559' title='bbox 1292 4384 1437 4437; x_wconf 83' lang='lat' dir='ltr'><strong>exire</strong></span> <span class='ocrx_word' id='word_1_560' title='bbox 1468 4384 1534 4438; x_wconf 88' lang='lat' dir='ltr'><strong>de</strong></span> <span class='ocrx_word' id='word_1_561' title='bbox 1562 4398 1795 4446; x_wconf 90' lang='lat' dir='ltr'><strong>carcere,</strong></span> 
     </span>
    </p>
   </div>
   <div class='ocr_carea' id='block_1_78' title="bbox 236 4468 1799 4551">
    <p class='ocr_par' dir='ltr' id='par_1_78' title="bbox 236 4468 1799 4551">
     <span class='ocr_line' id='line_1_78' title="bbox 236 4468 1799 4551; baseline 0.001 -28"><span class='ocrx_word' id='word_1_562' title='bbox 236 4475 301 4523; x_wconf 84' lang='lat' dir='ltr'><strong>et</strong></span> <span class='ocrx_word' id='word_1_563' title='bbox 328 4481 388 4526; x_wconf 77' lang='lat' dir='ltr'><strong>se</strong></span> <span class='ocrx_word' id='word_1_564' title='bbox 416 4468 593 4551; x_wconf 79' lang='lat' dir='ltr'><strong>ipsum</strong></span> <span class='ocrx_word' id='word_1_565' title='bbox 625 4468 692 4523; x_wconf 89' lang='lat' dir='ltr'><strong>de</strong></span> <span class='ocrx_word' id='word_1_566' title='bbox 723 4470 906 4540; x_wconf 88' lang='lat' dir='ltr'><strong>iniqua</strong></span> <span class='ocrx_word' id='word_1_567' title='bbox 934 4473 1187 4541; x_wconf 82' lang='lat' dir='ltr'><strong>deinceps</strong></span> <span class='ocrx_word' id='word_1_568' title='bbox 1233 4479 1497 4541; x_wconf 82' lang='lat' dir='ltr'><strong>potestate</strong></span> <span class='ocrx_word' id='word_1_569' title='bbox 1541 4489 1638 4528; x_wconf 87' lang='lat' dir='ltr'><strong>sua</strong></span> <span class='ocrx_word' id='word_1_570' title='bbox 1676 4488 1799 4526; x_wconf 87' lang='lat' dir='ltr'><strong>cor-</strong></span> 
     </span>
    </p>
   </div>
   <div class='ocr_carea' id='block_1_79' title="bbox 1908 3928 3453 3997">
    <p class='ocr_par' dir='ltr' id='par_1_79' title="bbox 1908 3928 3453 3997">
     <span class='ocr_line' id='line_1_79' title="bbox 1908 3928 3453 3997; baseline -0.001 -15"><span class='ocrx_word' id='word_1_571' title='bbox 1908 3945 2083 3983; x_wconf 89' lang='lat' dir='ltr'><strong>ruere.</strong></span> <span class='ocrx_word' id='word_1_572' title='bbox 2117 3931 2305 3983; x_wconf 85' lang='lat' dir='ltr'><strong>Evenit</strong></span> <span class='ocrx_word' id='word_1_573' title='bbox 2340 3930 2483 3982; x_wconf 90' lang='lat' dir='ltr'><strong>enim</strong></span> <span class='ocrx_word' id='word_1_574' title='bbox 2534 3930 2802 3983; x_wconf 84' lang='lat' dir='ltr'><strong>interdum</strong></span> <span class='ocrx_word' id='word_1_575' title='bbox 2843 3939 2903 3982; x_wconf 92' lang='lat' dir='ltr'><strong>ut</strong></span> <span class='ocrx_word' id='word_1_576' title='bbox 2932 3930 2985 3982; x_wconf 91' lang='lat' dir='ltr'><strong>hi</strong></span> <span class='ocrx_word' id='word_1_577' title='bbox 3025 3929 3116 3997; x_wconf 90' lang='lat' dir='ltr'><strong>qui</strong></span> <span class='ocrx_word' id='word_1_578' title='bbox 3153 3928 3253 3981; x_wconf 91' lang='lat' dir='ltr'><strong>sub</strong></span> <span class='ocrx_word' id='word_1_579' title='bbox 3275 3928 3453 3981; x_wconf 89' lang='lat' dir='ltr'><strong>adole-</strong></span> 
     </span>
    </p>
   </div>
   <div class='ocr_carea' id='block_1_80' title="bbox 1906 4008 3452 4087">
    <p class='ocr_par' dir='ltr' id='par_1_80' title="bbox 1906 4008 3452 4087">
     <span class='ocr_line' id='line_1_80' title="bbox 1906 4008 3452 4087; baseline -0.001 -16"><span class='ocrx_word' id='word_1_580' title='bbox 1906 4020 2151 4072; x_wconf 88' lang='lat' dir='ltr'><strong>scentulo</strong></span> <span class='ocrx_word' id='word_1_581' title='bbox 2207 4019 2445 4087; x_wconf 85' lang='lat' dir='ltr'><strong>sapiente</strong></span> <span class='ocrx_word' id='word_1_582' title='bbox 2488 4018 2706 4083; x_wconf 80' lang='lat' dir='ltr'><strong>iuerint,</strong></span> <span class='ocrx_word' id='word_1_583' title='bbox 2760 4020 2962 4087; x_wconf 88' lang='lat' dir='ltr'><strong>absque</strong></span> <span class='ocrx_word' id='word_1_584' title='bbox 3011 4031 3241 4069; x_wconf 67' lang='lat' dir='ltr'><strong>maerore</strong></span> <span class='ocrx_word' id='word_1_585' title='bbox 3286 4008 3452 4069; x_wconf 80' lang='lat' dir='ltr'><strong>sint:</strong></span> 
     </span>
    </p>
   </div>
   <div class='ocr_carea' id='block_1_81' title="bbox 1904 4106 3453 4178">
    <p class='ocr_par' dir='ltr' id='par_1_81' title="bbox 1904 4106 3453 4178">
     <span class='ocr_line' id='line_1_81' title="bbox 1904 4106 3453 4178; baseline 0 -17"><span class='ocrx_word' id='word_1_586' title='bbox 1904 4110 1975 4161; x_wconf 89' lang='lat' dir='ltr'><strong>ita</strong></span> <span class='ocrx_word' id='word_1_587' title='bbox 2016 4119 2192 4162; x_wconf 85' lang='lat' dir='ltr'><strong>tamen</strong></span> <span class='ocrx_word' id='word_1_588' title='bbox 2234 4120 2292 4163; x_wconf 93' lang='lat' dir='ltr'><strong>ut</strong></span> <span class='ocrx_word' id='word_1_589' title='bbox 2334 4112 2437 4165; x_wconf 91' lang='lat' dir='ltr'><strong>sub</strong></span> <span class='ocrx_word' id='word_1_590' title='bbox 2474 4127 2598 4178; x_wconf 75' lang='lat' dir='ltr'><strong>rege</strong></span> <span class='ocrx_word' id='word_1_591' title='bbox 2638 4126 2764 4165; x_wconf 89' lang='lat' dir='ltr'><strong>sene</strong></span> <span class='ocrx_word' id='word_1_592' title='bbox 2792 4119 2915 4163; x_wconf 86' lang='lat' dir='ltr'><strong>ante</strong></span> <span class='ocrx_word' id='word_1_593' title='bbox 2955 4106 3149 4160; x_wconf 86' lang='lat' dir='ltr'><strong>versati</strong></span> <span class='ocrx_word' id='word_1_594' title='bbox 3182 4108 3309 4159; x_wconf 85' lang='lat' dir='ltr'><strong>sint.</strong></span> <span class='ocrx_word' id='word_1_595' title='bbox 3350 4106 3453 4172; x_wconf 82' lang='lat' dir='ltr'><strong>Qui</strong></span> 
     </span>
    </p>
   </div>
   <div class='ocr_carea' id='block_1_82' title="bbox 1902 4197 3455 4271">
    <p class='ocr_par' dir='ltr' id='par_1_82' title="bbox 1902 4197 3455 4271">
     <span class='ocr_line' id='line_1_82' title="bbox 1902 4197 3455 4271; baseline 0 -18"><span class='ocrx_word' id='word_1_596' title='bbox 1902 4201 2046 4254; x_wconf 90' lang='lat' dir='ltr'><strong>enim</strong></span> <span class='ocrx_word' id='word_1_597' title='bbox 2079 4209 2264 4270; x_wconf 90' lang='lat' dir='ltr'><strong>postea</strong></span> <span class='ocrx_word' id='word_1_598' title='bbox 2306 4204 2415 4256; x_wconf 87' lang='lat' dir='ltr'><strong>nati</strong></span> <span class='ocrx_word' id='word_1_599' title='bbox 2443 4214 2587 4265; x_wconf 86' lang='lat' dir='ltr'><strong>sunt,</strong></span> <span class='ocrx_word' id='word_1_600' title='bbox 2634 4202 2759 4271; x_wconf 84' lang='lat' dir='ltr'><strong>quia</strong></span> <span class='ocrx_word' id='word_1_601' title='bbox 2794 4200 2931 4251; x_wconf 86' lang='lat' dir='ltr'><strong>mala</strong></span> <span class='ocrx_word' id='word_1_602' title='bbox 2961 4197 3223 4266; x_wconf 67' lang='lat' dir='ltr'><strong>praeterita</strong></span> <span class='ocrx_word' id='word_1_603' title='bbox 3248 4199 3455 4253; x_wconf 83' lang='lat' dir='ltr'><strong>nescie—</strong></span> 
     </span>
    </p>
   </div>
   <div class='ocr_carea' id='block_1_83' title="bbox 1903 4292 3454 4360">
    <p class='ocr_par' dir='ltr' id='par_1_83' title="bbox 1903 4292 3454 4360">
     <span class='ocr_line' id='line_1_83' title="bbox 1903 4292 3454 4360; baseline -0.001 -17"><span class='ocrx_word' id='word_1_604' title='bbox 1903 4302 2052 4353; x_wconf 82' lang='lat' dir='ltr'><strong>runt,</strong></span> <span class='ocrx_word' id='word_1_605' title='bbox 2083 4310 2183 4348; x_wconf 87' lang='lat' dir='ltr'><strong>nec</strong></span> <span class='ocrx_word' id='word_1_606' title='bbox 2214 4296 2670 4350; x_wconf 88' lang='lat' dir='ltr'><strong>adolescentulum</strong></span> <span class='ocrx_word' id='word_1_607' title='bbox 2694 4292 2911 4347; x_wconf 86' lang='lat' dir='ltr'><strong>laudare</strong></span> <span class='ocrx_word' id='word_1_608' title='bbox 2935 4299 3163 4358; x_wconf 90' lang='lat' dir='ltr'><strong>possunt</strong></span> <span class='ocrx_word' id='word_1_609' title='bbox 3190 4292 3280 4360; x_wconf 88' lang='lat' dir='ltr'><strong>qui</strong></span> <span class='ocrx_word' id='word_1_610' title='bbox 3308 4299 3454 4358; x_wconf 87' lang='lat' dir='ltr'><strong>post-</strong></span> 
     </span>
    </p>
   </div>
   <div class='ocr_carea' id='block_1_84' title="bbox 1902 4385 3451 4454">
    <p class='ocr_par' dir='ltr' id='par_1_84' title="bbox 1902 4385 3451 4454">
     <span class='ocr_line' id='line_1_84' title="bbox 1902 4385 3451 4454; baseline -0.002 -17"><span class='ocrx_word' id='word_1_611' title='bbox 1902 4400 1961 4437; x_wconf 90' lang='lat' dir='ltr'><strong>ea</strong></span> <span class='ocrx_word' id='word_1_612' title='bbox 1990 4388 2349 4449; x_wconf 73' lang='lat' dir='ltr'><strong>consurrexit,</strong></span> <span class='ocrx_word' id='word_1_613' title='bbox 2374 4387 2585 4451; x_wconf 82' lang='lat' dir='ltr'><strong>abducti</strong></span> <span class='ocrx_word' id='word_1_614' title='bbox 2615 4385 2866 4453; x_wconf 90' lang='lat' dir='ltr'><strong>opinione</strong></span> <span class='ocrx_word' id='word_1_615' title='bbox 2896 4399 3146 4454; x_wconf 84' lang='lat' dir='ltr'><strong>perversa</strong></span> <span class='ocrx_word' id='word_1_616' title='bbox 3172 4393 3226 4439; x_wconf 92' lang='lat' dir='ltr'><strong>et</strong></span> <span class='ocrx_word' id='word_1_617' title='bbox 3253 4385 3451 4452; x_wconf 88' lang='lat' dir='ltr'><strong>impetu</strong></span> 
     </span>
    </p>
   </div>
   <div class='ocr_carea' id='block_1_85' title="bbox 1903 4475 2599 4543">
    <p class='ocr_par' dir='ltr' id='par_1_85' title="bbox 1903 4475 2599 4543">
     <span class='ocr_line' id='line_1_85' title="bbox 1903 4475 2599 4543; baseline -0.004 -14"><span class='ocrx_word' id='word_1_618' title='bbox 1903 4475 2123 4543; x_wconf 87' lang='lat' dir='ltr'><strong>spiritus</strong></span> <span class='ocrx_word' id='word_1_619' title='bbox 2165 4477 2518 4531; x_wconf 87' lang='lat' dir='ltr'><strong>adversantis.</strong></span> <span class='ocrx_word' id='word_1_620' title='bbox 2579 4494 2599 4526; x_wconf 73' lang='grc' dir='ltr'><strong>ι</strong></span> 
     </span>
    </p>
   </div>
   <div class='ocr_carea' id='block_1_86' title="bbox 865 4565 2471 4639">
    <p class='ocr_par' dir='ltr' id='par_1_86' title="bbox 865 4565 2471 4639">
     <span class='ocr_line' id='line_1_86' title="bbox 865 4565 2471 4639; baseline 0.004 -22"><span class='ocrx_word' id='word_1_621' title='bbox 865 4621 869 4626; x_wconf 58' lang='grc'><strong>,</strong></span> <span class='ocrx_word' id='word_1_622' title='bbox 1252 4565 1399 4619; x_wconf 79' lang='lat' dir='ltr'><strong>Idem</strong></span> <span class='ocrx_word' id='word_1_623' title='bbox 1422 4568 1573 4635; x_wconf 79' lang='lat' dir='ltr'><strong>epist.</strong></span> <span class='ocrx_word' id='word_1_624' title='bbox 1605 4567 1672 4619; x_wconf 87' lang='lat' dir='ltr'><strong>7O</strong></span> <span class='ocrx_word' id='word_1_625' title='bbox 1699 4583 1840 4619; x_wconf 85' lang='lat' dir='ltr'><strong>num.</strong></span> <span class='ocrx_word' id='word_1_626' title='bbox 1872 4570 1926 4635; x_wconf 87' lang='lat'><strong>4,</strong></span> <span class='ocrx_word' id='word_1_627' title='bbox 1962 4579 2086 4622; x_wconf 84' lang='lat' dir='ltr'><strong>tom.</strong></span> <span class='ocrx_word' id='word_1_628' title='bbox 2116 4570 2156 4635; x_wconf 91' lang='grc'>1,</span> <span class='ocrx_word' id='word_1_629' title='bbox 2188 4586 2309 4639; x_wconf 73' lang='lat' dir='ltr'><strong>pag.</strong></span> <span class='ocrx_word' id='word_1_630' title='bbox 2346 4570 2471 4623; x_wconf 74' lang='grc'>427.</span> 
     </span>
    </p>
   </div>
   <div class='ocr_carea' id='block_1_87' title="bbox 320 4655 3454 4732">
    <p class='ocr_par' dir='ltr' id='par_1_87' title="bbox 320 4655 3454 4732">
     <span class='ocr_line' id='line_1_87' title="bbox 320 4655 3454 4732; baseline -0.001 -22"><span class='ocrx_word' id='word_1_631' title='bbox 320 4655 548 4711; x_wconf 81' lang='lat' dir='ltr'><strong>Exstant</strong></span> <span class='ocrx_word' id='word_1_632' title='bbox 568 4663 623 4710; x_wconf 90' lang='lat' dir='ltr'><strong>et</strong></span> <span class='ocrx_word' id='word_1_633' title='bbox 644 4655 833 4712; x_wconf 90' lang='lat' dir='ltr'><strong>libri...</strong></span> <span class='ocrx_word' id='word_1_634' title='bbox 866 4656 1157 4726; x_wconf 87' lang='lat' dir='ltr'><strong>Theodori,</strong></span> <span class='ocrx_word' id='word_1_635' title='bbox 1212 4660 1305 4729; x_wconf 92' lang='lat' dir='ltr'><strong>qui</strong></span> <span class='ocrx_word' id='word_1_636' title='bbox 1352 4667 1537 4728; x_wconf 86' lang='lat' dir='ltr'><strong>postea</strong></span> <span class='ocrx_word' id='word_1_637' title='bbox 1582 4658 1873 4725; x_wconf 78' lang='lat' dir='ltr'><strong>Gregorius</strong></span> <span class='ocrx_word' id='word_1_638' title='bbox 1923 4664 2216 4732; x_wconf 85' lang='lat' dir='ltr'><strong>appellatus</strong></span> <span class='ocrx_word' id='word_1_639' title='bbox 2257 4670 2359 4724; x_wconf 89' lang='lat' dir='ltr'><strong>est,</strong></span> <span class='ocrx_word' id='word_1_640' title='bbox 2382 4660 2480 4715; x_wconf 88' lang='lat' dir='ltr'><strong>viri</strong></span> <span class='ocrx_word' id='word_1_641' title='bbox 2513 4662 2930 4729; x_wconf 83' lang='lat' dir='ltr'><strong>apostolicorum</strong></span> <span class='ocrx_word' id='word_1_642' title='bbox 2964 4660 3235 4729; x_wconf 86' lang='lat' dir='ltr'><strong>signorum</strong></span> <span class='ocrx_word' id='word_1_643' title='bbox 3297 4665 3454 4722; x_wconf 76' lang='lat' dir='ltr'><strong>atque</strong></span> 
     </span>
    </p>
   </div>
   <div class='ocr_carea' id='block_1_88' title="bbox 239 4755 530 4807">
    <p class='ocr_par' dir='ltr' id='par_1_88' title="bbox 239 4755 530 4807">
     <span class='ocr_line' id='line_1_88' title="bbox 239 4755 530 4807; baseline 0 -2"><span class='ocrx_word' id='word_1_644' title='bbox 239 4755 530 4807; x_wconf 76' lang='lat' dir='ltr'><strong>virtutum.</strong></span> 
     </span>
    </p>
   </div>
   <div class='ocr_carea' id='block_1_89' title="bbox 1258 4838 2419 4907">
    <p class='ocr_par' dir='ltr' id='par_1_89' title="bbox 1258 4838 2419 4907">
     <span class='ocr_line' id='line_1_89' title="bbox 1258 4838 2419 4907; baseline -0.004 -10"><span class='ocrx_word' id='word_1_645' title='bbox 1258 4843 1346 4897; x_wconf 80' lang='lat' dir='ltr'><strong>IV.</strong></span> <span class='ocrx_word' id='word_1_646' title='bbox 1385 4842 1766 4906; x_wconf 76' lang='lat' dir='ltr'><strong>Ruﬁnua,Hist.</strong></span> <span class='ocrx_word' id='word_1_647' title='bbox 1794 4846 1927 4899; x_wconf 90' lang='lat' dir='ltr'><strong>eccl.</strong></span> <span class='ocrx_word' id='word_1_648' title='bbox 1952 4844 2041 4896; x_wconf 81' lang='lat' dir='ltr'><strong>lib.</strong></span> <span class='ocrx_word' id='word_1_649' title='bbox 2069 4857 2161 4901; x_wconf 82' lang='lat' dir='ltr'><strong>vn,</strong></span> <span class='ocrx_word' id='word_1_650' title='bbox 2188 4856 2302 4907; x_wconf 89' lang='lat' dir='ltr'><strong>cap.</strong></span> <span class='ocrx_word' id='word_1_651' title='bbox 2328 4838 2419 4893; x_wconf 69' lang='grc'><strong>25.</strong></span> 
     </span>
    </p>
   </div>
   <div class='ocr_carea' id='block_1_90' title="bbox 321 4964 3450 5049">
    <p class='ocr_par' dir='ltr' id='par_1_90' title="bbox 321 4964 3450 5049">
     <span class='ocr_line' id='line_1_90' title="bbox 321 4964 3450 5049; baseline -0.001 -20"><span class='ocrx_word' id='word_1_652' title='bbox 321 4975 537 5037; x_wconf 29' lang='grc' dir='ltr'>νει-οων</span> <span class='ocrx_word' id='word_1_653' title='bbox 566 4977 819 5046; x_wconf 85' lang='lat' dir='ltr'><strong>quoniam</strong></span> <span class='ocrx_word' id='word_1_654' title='bbox 872 4978 1013 5033; x_wconf 85' lang='lat' dir='ltr'><strong>beati</strong></span> <span class='ocrx_word' id='word_1_655' title='bbox 1059 4979 1301 5049; x_wconf 87' lang='lat' dir='ltr'><strong>Gregorii</strong></span> <span class='ocrx_word' id='word_1_656' title='bbox 1357 4980 1592 5034; x_wconf 70' lang='lat' dir='ltr'><strong>historia:</strong></span> <span class='ocrx_word' id='word_1_657' title='bbox 1622 4991 1806 5035; x_wconf 87' lang='lat' dir='ltr'><strong>textus</strong></span> <span class='ocrx_word' id='word_1_658' title='bbox 1839 4964 1882 5017; x_wconf 78' lang='grc' dir='ltr'><strong>Ῑ)</strong></span> <span class='ocrx_word' id='word_1_659' title='bbox 1908 4982 2031 5036; x_wconf 88' lang='lat' dir='ltr'><strong>huic</strong></span> <span class='ocrx_word' id='word_1_660' title='bbox 2064 4978 2359 5031; x_wconf 87' lang='lat' dir='ltr'><strong>narrationi</strong></span> <span class='ocrx_word' id='word_1_661' title='bbox 2395 4978 2461 5032; x_wconf 84' lang='lat' dir='ltr'><strong>ad</strong></span> <span class='ocrx_word' id='word_1_662' title='bbox 2500 4979 2811 5031; x_wconf 89' lang='lat' dir='ltr'><strong>memoriam</strong></span> <span class='ocrx_word' id='word_1_663' title='bbox 2843 4971 3167 5044; x_wconf 88' lang='lat' dir='ltr'><strong>posteritatis</strong></span> <span class='ocrx_word' id='word_1_664' title='bbox 3194 4970 3450 5025; x_wconf 79' lang='lat' dir='ltr'><strong>inserere.</strong></span> 
     </span>
    </p>
   </div>
   <div class='ocr_carea' id='block_1_91' title="bbox 241 5059 3454 5141">
    <p class='ocr_par' dir='ltr' id='par_1_91' title="bbox 241 5059 3454 5141">
     <span class='ocr_line' id='line_1_91' title="bbox 241 5059 3454 5141; baseline -0.002 -23"><span class='ocrx_word' id='word_1_665' title='bbox 241 5069 435 5122; x_wconf 84' lang='lat' dir='ltr'><strong>attulit</strong></span> <span class='ocrx_word' id='word_1_666' title='bbox 459 5069 807 5131; x_wconf 89' lang='lat' dir='ltr'><strong>mentionem,</strong></span> <span class='ocrx_word' id='word_1_667' title='bbox 849 5067 1223 5137; x_wconf 86' lang='lat' dir='ltr'><strong>dignissimum</strong></span> <span class='ocrx_word' id='word_1_668' title='bbox 1257 5080 1385 5139; x_wconf 93' lang='lat' dir='ltr'><strong>puto</strong></span> <span class='ocrx_word' id='word_1_669' title='bbox 1414 5073 1549 5125; x_wconf 89' lang='lat' dir='ltr'><strong>tanti</strong></span> <span class='ocrx_word' id='word_1_670' title='bbox 1582 5072 1680 5124; x_wconf 88' lang='lat' dir='ltr'><strong>viri</strong></span> <span class='ocrx_word' id='word_1_671' title='bbox 1711 5089 1802 5141; x_wconf 89' lang='lat' dir='ltr'><strong>ge-</strong></span> <span class='ocrx_word' id='word_1_672' title='bbox 1910 5071 2166 5137; x_wconf 86' lang='lat' dir='ltr'><strong>Stagnum</strong></span> <span class='ocrx_word' id='word_1_673' title='bbox 2198 5068 2469 5135; x_wconf 85' lang='lat' dir='ltr'><strong>quoddam</strong></span> <span class='ocrx_word' id='word_1_674' title='bbox 2498 5078 2614 5121; x_wconf 89' lang='lat' dir='ltr'><strong>erat</strong></span> <span class='ocrx_word' id='word_1_675' title='bbox 2646 5069 2698 5119; x_wconf 90' lang='lat' dir='ltr'><strong>in</strong></span> <span class='ocrx_word' id='word_1_676' title='bbox 2734 5065 2887 5119; x_wconf 87' lang='lat' dir='ltr'><strong>Ponti</strong></span> <span class='ocrx_word' id='word_1_677' title='bbox 2931 5060 3235 5131; x_wconf 82' lang='lat' dir='ltr'><strong>regionibus</strong></span> <span class='ocrx_word' id='word_1_678' title='bbox 3267 5059 3454 5126; x_wconf 88' lang='lat' dir='ltr'><strong>situm,</strong></span> 
     </span>
    </p>
   </div>
   <div class='ocr_carea' id='block_1_92' title="bbox 238 5157 1803 5227">
    <p class='ocr_par' dir='ltr' id='par_1_92' title="bbox 238 5157 1803 5227">
     <span class='ocr_line' id='line_1_92' title="bbox 238 5157 1803 5227; baseline 0.005 -18"><span class='ocrx_word' id='word_1_679' title='bbox 238 5166 337 5210; x_wconf 86' lang='lat' dir='ltr'><strong>sta</strong></span> <span class='ocrx_word' id='word_1_680' title='bbox 372 5157 514 5226; x_wconf 70' lang='lat' dir='ltr'><strong>(qua:</strong></span> <span class='ocrx_word' id='word_1_681' title='bbox 546 5160 647 5213; x_wconf 90' lang='lat' dir='ltr'><strong>sub</strong></span> <span class='ocrx_word' id='word_1_682' title='bbox 683 5158 931 5213; x_wconf 86' lang='lat' dir='ltr'><strong>orientali</strong></span> <span class='ocrx_word' id='word_1_683' title='bbox 960 5167 1014 5211; x_wconf 90' lang='lat' dir='ltr'><strong>et</strong></span> <span class='ocrx_word' id='word_1_684' title='bbox 1037 5163 1415 5227; x_wconf 89' lang='lat' dir='ltr'><strong>septentrionis</strong></span> <span class='ocrx_word' id='word_1_685' title='bbox 1452 5178 1552 5217; x_wconf 89' lang='lat' dir='ltr'><strong>axe</strong></span> <span class='ocrx_word' id='word_1_686' title='bbox 1583 5174 1803 5217; x_wconf 88' lang='lat' dir='ltr'><strong>cuncto-</strong></span> 
     </span>
    </p>
   </div>
   <div class='ocr_carea' id='block_1_93' title="bbox 232 5229 1803 5320">
    <p class='ocr_par' dir='ltr' id='par_1_93' title="bbox 232 5229 1803 5320">
     <span class='ocr_line' id='line_1_93' title="bbox 232 5229 1803 5320; baseline 0.004 -22"><span class='ocrx_word' id='word_1_687' title='bbox 232 5229 378 5298; x_wconf 63' lang='lat' dir='ltr'><strong>}um</strong></span> <span class='ocrx_word' id='word_1_688' title='bbox 406 5259 656 5301; x_wconf 82' lang='lat' dir='ltr'><strong>sermone</strong></span> <span class='ocrx_word' id='word_1_689' title='bbox 681 5246 1038 5316; x_wconf 85' lang='lat' dir='ltr'><strong>celebrantur)</strong></span> <span class='ocrx_word' id='word_1_690' title='bbox 1067 5248 1266 5302; x_wconf 82' lang='lat' dir='ltr'><strong>omissa</strong></span> <span class='ocrx_word' id='word_1_691' title='bbox 1300 5251 1484 5305; x_wconf 87' lang='lat' dir='ltr'><strong>nescio</strong></span> <span class='ocrx_word' id='word_1_692' title='bbox 1510 5267 1618 5320; x_wconf 91' lang='lat' dir='ltr'><strong>quo</strong></span> <span class='ocrx_word' id='word_1_693' title='bbox 1649 5269 1803 5317; x_wconf 88' lang='lat' dir='ltr'><strong>casn,</strong></span> 
     </span>
    </p>
   </div>
   <div class='ocr_carea' id='block_1_94' title="bbox 1909 5152 3455 5230">
    <p class='ocr_par' dir='ltr' id='par_1_94' title="bbox 1909 5152 3455 5230">
     <span class='ocr_line' id='line_1_94' title="bbox 1909 5152 3455 5230; baseline -0.005 -17"><span class='ocrx_word' id='word_1_694' title='bbox 1909 5160 2143 5230; x_wconf 89' lang='lat' dir='ltr'><strong>piscibus</strong></span> <span class='ocrx_word' id='word_1_695' title='bbox 2180 5160 2490 5228; x_wconf 88' lang='lat' dir='ltr'><strong>copiosum,</strong></span> <span class='ocrx_word' id='word_1_696' title='bbox 2530 5176 2595 5212; x_wconf 83' lang='lat' dir='ltr'><strong>ex</strong></span> <span class='ocrx_word' id='word_1_697' title='bbox 2634 5174 2863 5227; x_wconf 83' lang='lat' dir='ltr'><strong>quorum</strong></span> <span class='ocrx_word' id='word_1_698' title='bbox 2895 5162 3111 5222; x_wconf 88' lang='lat' dir='ltr'><strong>captura</strong></span> <span class='ocrx_word' id='word_1_699' title='bbox 3152 5152 3455 5219; x_wconf 76' lang='lat' dir='ltr'><strong>przedivites</strong></span> 
     </span>
    </p>
   </div>
   <div class='ocr_carea' id='block_1_95' title="bbox 1908 5244 3455 5319">
    <p class='ocr_par' dir='ltr' id='par_1_95' title="bbox 1908 5244 3455 5319">
     <span class='ocr_line' id='line_1_95' title="bbox 1908 5244 3455 5319; baseline -0.006 -14"><span class='ocrx_word' id='word_1_700' title='bbox 1908 5252 2114 5305; x_wconf 83' lang='lat' dir='ltr'><strong>reditus</strong></span> <span class='ocrx_word' id='word_1_701' title='bbox 2135 5251 2369 5305; x_wconf 85' lang='lat' dir='ltr'><strong>dominis</strong></span> <span class='ocrx_word' id='word_1_702' title='bbox 2386 5252 2796 5319; x_wconf 61' lang='lat' dir='ltr'><strong>prmstabantur.</strong></span> <span class='ocrx_word' id='word_1_703' title='bbox 2819 5248 2920 5302; x_wconf 91' lang='lat' dir='ltr'><strong>lsta</strong></span> <span class='ocrx_word' id='word_1_704' title='bbox 2948 5244 3219 5313; x_wconf 87' lang='lat' dir='ltr'><strong>possessio</strong></span> <span class='ocrx_word' id='word_1_705' title='bbox 3245 5244 3455 5297; x_wconf 85' lang='lat' dir='ltr'><strong>duobus</strong></span> 
     </span>
    </p>
   </div>
   <div class='ocr_carea' id='block_1_96' title="bbox 324 5342 1821 5428">
    <p class='ocr_par' dir='ltr' id='par_1_96' title="bbox 324 5342 1801 5428">
     <span class='ocr_line' id='line_1_96' title="bbox 324 5342 1801 5428; baseline 0.008 -24"><span class='ocrx_word' id='word_1_706' title='bbox 324 5351 441 5421; x_wconf 78' lang='lat'><strong>(64)</strong></span> <span class='ocrx_word' id='word_1_707' title='bbox 468 5342 949 5428; x_wconf 18' lang='lat' dir='ltr'><strong>fruoatdo&#39;etgde</strong></span> <span class='ocrx_word' id='word_1_708' title='bbox 997 5356 1085 5409; x_wconf 73' lang='grc' dir='ltr'><strong>ἓν.</strong></span> <span class='ocrx_word' id='word_1_709' title='bbox 1136 5357 1365 5428; x_wconf 75' lang='lat' dir='ltr'><strong>Credere</strong></span> <span class='ocrx_word' id='word_1_710' title='bbox 1420 5375 1526 5412; x_wconf 90' lang='lat' dir='ltr'><strong>non</strong></span> <span class='ocrx_word' id='word_1_711' title='bbox 1581 5376 1801 5428; x_wconf 79' lang='lat' dir='ltr'><strong>possum</strong></span> 
     </span>
    </p>
   </div>
   <div class='ocr_carea' id='block_1_97' title="bbox 1909 5342 3457 5428">
    <p class='ocr_par' dir='ltr' id='par_1_97' title="bbox 1909 5351 3457 5428">
     <span class='ocr_line' id='line_1_97' title="bbox 1909 5351 3457 5428; baseline -0.007 -15"><span class='ocrx_word' id='word_1_712' title='bbox 1909 5374 2061 5414; x_wconf 88' lang='lat' dir='ltr'><strong>sensu</strong></span> <span class='ocrx_word' id='word_1_713' title='bbox 2080 5358 2337 5425; x_wconf 88' lang='lat' dir='ltr'><strong>magister</strong></span> <span class='ocrx_word' id='word_1_714' title='bbox 2354 5355 2591 5428; x_wconf 82' lang='lat' dir='ltr'><strong>Gregorii</strong></span> <span class='ocrx_word' id='word_1_715' title='bbox 2609 5356 2864 5428; x_wconf 77' lang='lat' dir='ltr'><strong>Origenes</strong></span> <span class='ocrx_word' id='word_1_716' title='bbox 2879 5352 3013 5428; x_wconf 72' lang='lat' dir='ltr'><strong>dixit</strong></span> <span class='ocrx_word' id='word_1_717' title='bbox 3031 5351 3096 5428; x_wconf 79' lang='lat' dir='ltr'><strong>de</strong></span> <span class='ocrx_word' id='word_1_718' title='bbox 3113 5351 3330 5428; x_wconf 75' lang='lat' dir='ltr'><strong>Christo</strong></span> <span class='ocrx_word' id='word_1_719' title='bbox 3350 5369 3373 5428; x_wconf 77' lang='lat'><strong>.-_</strong></span> 
     </span>
    </p>
   </div>
   <div class='ocr_carea' id='block_1_98' title="bbox 243 5422 1805 5490">
    <p class='ocr_par' dir='ltr' id='par_1_98' title="bbox 243 5422 1805 5490">
     <span class='ocr_line' id='line_1_98' title="bbox 243 5422 1805 5490; baseline 0.005 -13"><span class='ocrx_word' id='word_1_720' title='bbox 243 5422 578 5490; x_wconf 72' lang='lat' dir='ltr'><strong>Gregorium</strong></span> <span class='ocrx_word' id='word_1_721' title='bbox 603 5427 807 5482; x_wconf 86' lang='lat' dir='ltr'><strong>dixisse</strong></span> <span class='ocrx_word' id='word_1_722' title='bbox 839 5427 1051 5481; x_wconf 87' lang='lat' dir='ltr'><strong>Patrem</strong></span> <span class='ocrx_word' id='word_1_723' title='bbox 1079 5436 1132 5480; x_wconf 85' lang='lat' dir='ltr'><strong>et</strong></span> <span class='ocrx_word' id='word_1_724' title='bbox 1160 5426 1375 5489; x_wconf 88' lang='lat' dir='ltr'><strong>Filium,</strong></span> <span class='ocrx_word' id='word_1_725' title='bbox 1410 5430 1453 5481; x_wconf 90' lang='lat' dir='ltr'><strong>si</strong></span> <span class='ocrx_word' id='word_1_726' title='bbox 1481 5422 1640 5483; x_wconf 51' lang='lat' dir='ltr'><strong>sim-ul</strong></span> <span class='ocrx_word' id='word_1_727' title='bbox 1676 5447 1805 5484; x_wconf 85' lang='lat' dir='ltr'><strong>con-</strong></span> 
     </span>
    </p>
   </div>
   <div class='ocr_carea' id='block_1_99' title="bbox 244 5491 1800 5565">
    <p class='ocr_par' dir='ltr' id='par_1_99' title="bbox 244 5491 1800 5565">
     <span class='ocr_line' id='line_1_99' title="bbox 244 5491 1800 5565; baseline 0.006 -21"><span class='ocrx_word' id='word_1_728' title='bbox 244 5491 582 5565; x_wconf 65' lang='lat' dir='ltr'><strong>siderentur,</strong></span> <span class='ocrx_word' id='word_1_729' title='bbox 614 5498 940 5565; x_wconf 82' lang='lat' dir='ltr'><strong>cogitatione</strong></span> <span class='ocrx_word' id='word_1_730' title='bbox 985 5498 1092 5550; x_wconf 87' lang='lat' dir='ltr'><strong>duo</strong></span> <span class='ocrx_word' id='word_1_731' title='bbox 1136 5491 1581 5565; x_wconf 18' lang='lat' dir='ltr'><strong>essciihypostasi</strong></span> <span class='ocrx_word' id='word_1_732' title='bbox 1614 5514 1800 5553; x_wconf 89' lang='lat' dir='ltr'><strong>unum.</strong></span> 
     </span>
    </p>
   </div>
   <div class='ocr_carea' id='block_1_100' title="bbox 1905 5420 3460 5499">
    <p class='ocr_par' dir='ltr' id='par_1_100' title="bbox 1905 5420 3460 5499">
     <span class='ocr_line' id='line_1_100' title="bbox 1905 5420 3460 5499; baseline -0.005 -19"><span class='ocrx_word' id='word_1_733' title='bbox 1905 5431 2000 5499; x_wconf 81' lang='grc' dir='ltr'><strong>μὲν</strong></span> <span class='ocrx_word' id='word_1_734' title='bbox 2034 5420 2384 5495; x_wconf 66' lang='grc' dir='ltr'>ὑποκείμενον</span> <span class='ocrx_word' id='word_1_735' title='bbox 2416 5420 2483 5477; x_wconf 64' lang='grc' dir='ltr'><strong>ἐν⁷</strong></span> <span class='ocrx_word' id='word_1_736' title='bbox 2502 5430 2635 5485; x_wconf 85' lang='grc' dir='ltr'>ἐστι,</span> <span class='ocrx_word' id='word_1_737' title='bbox 2670 5420 2787 5499; x_wconf 67' lang='grc' dir='ltr'>ταῖς</span> <span class='ocrx_word' id='word_1_738' title='bbox 2816 5424 2871 5499; x_wconf 56' lang='grc' dir='ltr'><strong>δὲ</strong></span> <span class='ocrx_word' id='word_1_739' title='bbox 2905 5422 3163 5499; x_wconf 74' lang='grc' dir='ltr'>ἐπινοίαις</span> <span class='ocrx_word' id='word_1_740' title='bbox 3195 5420 3264 5472; x_wconf 81' lang='grc' dir='ltr'><strong>τά</strong></span> 
     </span>
    </p>
   </div>
   <div class='ocr_carea' id='block_1_101' title="bbox 1900 5490 3487 5568">
    <p class='ocr_par' dir='ltr' id='par_1_101' title="bbox 1900 5490 3487 5568">
     <span class='ocr_line' id='line_1_101' title="bbox 1900 5490 3487 5568; baseline -0.009 -16"><span class='ocrx_word' id='word_1_741' title='bbox 1900 5490 2136 5565; x_wconf 64' lang='grc' dir='ltr'>ὀνόματα</span> <span class='ocrx_word' id='word_1_742' title='bbox 2185 5490 2275 5549; x_wconf 76' lang='grc' dir='ltr'><strong>ἐπὶ</strong></span> <span class='ocrx_word' id='word_1_743' title='bbox 2314 5496 2585 5568; x_wconf 31' lang='grc' dir='ltr'>’διαφόρων</span> <span class='ocrx_word' id='word_1_744' title='bbox 2615 5492 2805 5568; x_wconf 32' lang='grc' dir='ltr'>ἑστίη(</span> <span class='ocrx_word' id='word_1_745' title='bbox 2841 5490 3187 5568; x_wconf 74' lang='lat' dir='ltr'><strong>Suppositum</strong></span> <span class='ocrx_word' id='word_1_746' title='bbox 3238 5491 3487 5568; x_wconf 73' lang='lat' dir='ltr'><strong>quidem&#39;</strong></span> 
     </span>
    </p>
   </div>
   <div class='ocr_carea' id='block_1_102' title="bbox 243 5560 3457 5636">
    <p class='ocr_par' dir='ltr' id='par_1_102' title="bbox 243 5560 3457 5636">
     <span class='ocr_line' id='line_1_102' title="bbox 243 5560 3457 5636; baseline -0.002 -19"><span class='ocrx_word' id='word_1_747' title='bbox 243 5560 385 5614; x_wconf 49' lang='lat' dir='ltr'><strong>Haec</strong></span> <span class='ocrx_word' id='word_1_748' title='bbox 413 5561 555 5636; x_wconf 51' lang='lat' dir='ltr'><strong>enim</strong></span> <span class='ocrx_word' id='word_1_749' title='bbox 583 5560 815 5636; x_wconf 70' lang='lat' dir='ltr'><strong>gemella</strong></span> <span class='ocrx_word' id='word_1_750' title='bbox 845 5575 1027 5620; x_wconf 83' lang='lat' dir='ltr'><strong>essent</strong></span> <span class='ocrx_word' id='word_1_751' title='bbox 1058 5566 1243 5619; x_wconf 73' lang='lat' dir='ltr'><strong>hzeresi</strong></span> <span class='ocrx_word' id='word_1_752' title='bbox 1280 5560 1617 5626; x_wconf 65' lang='lat' dir='ltr'><strong>Sabellianar,</strong></span> <span class='ocrx_word' id='word_1_753' title='bbox 1640 5585 1802 5636; x_wconf 85' lang='lat' dir='ltr'><strong>quam</strong></span> <span class='ocrx_word' id='word_1_754' title='bbox 1901 5560 2066 5621; x_wconf 86' lang='lat' dir='ltr'><strong>unum</strong></span> <span class='ocrx_word' id='word_1_755' title='bbox 2096 5578 2198 5630; x_wconf 90' lang='lat' dir='ltr'><strong>est,</strong></span> <span class='ocrx_word' id='word_1_756' title='bbox 2239 5564 2329 5619; x_wconf 90' lang='lat' dir='ltr'><strong>sed</strong></span> <span class='ocrx_word' id='word_1_757' title='bbox 2358 5560 2689 5636; x_wconf 69' lang='lat' dir='ltr'><strong>cogitatione</strong></span> <span class='ocrx_word' id='word_1_758' title='bbox 2725 5561 2880 5636; x_wconf 66' lang='lat' dir='ltr'><strong>plura</strong></span> <span class='ocrx_word' id='word_1_759' title='bbox 2916 5562 3142 5636; x_wconf 40' lang='lat' dir='ltr'><strong>nomina,</strong></span> <span class='ocrx_word' id='word_1_760' title='bbox 3164 5560 3330 5617; x_wconf 81' lang='lat' dir='ltr'><strong>variis</strong></span> <span class='ocrx_word' id='word_1_761' title='bbox 3366 5570 3457 5636; x_wconf 56' lang='lat' dir='ltr'><strong>[e-</strong></span> 
     </span>
    </p>
   </div>
   <div class='ocr_carea' id='block_1_103' title="bbox 244 5627 871 5704">
    <p class='ocr_par' dir='ltr' id='par_1_103' title="bbox 244 5627 871 5704">
     <span class='ocr_line' id='line_1_103' title="bbox 244 5627 871 5704; baseline 0.008 -19"><span class='ocrx_word' id='word_1_762' title='bbox 244 5643 433 5704; x_wconf 59' lang='grc' dir='ltr'>ιιψτξ</span> <span class='ocrx_word' id='word_1_763' title='bbox 474 5627 705 5704; x_wconf 53' lang='lat' dir='ltr'><strong>[Racilius</strong></span> <span class='ocrx_word' id='word_1_764' title='bbox 733 5635 871 5704; x_wconf 79' lang='lat' dir='ltr'><strong>Greg</strong></span> 
     </span>
    </p>
   </div>
   <div class='ocr_carea' id='block_1_104' title="bbox 874 5622 3453 5717">
    <p class='ocr_par' dir='ltr' id='par_1_104' title="bbox 874 5622 3453 5717">
     <span class='ocr_line' id='line_1_104' title="bbox 874 5622 3453 5717; baseline -0.005 -30"><span class='ocrx_word' id='word_1_765' title='bbox 874 5636 977 5715; x_wconf 66' lang='lat' dir='ltr'><strong>prii</strong></span> <span class='ocrx_word' id='word_1_766' title='bbox 1005 5637 1309 5717; x_wconf 50' lang='lat' dir='ltr'><strong>.traditione</strong></span> <span class='ocrx_word' id='word_1_767' title='bbox 1353 5622 1677 5717; x_wconf 60' lang='lat' dir='ltr'><strong>exstinctam</strong></span> <span class='ocrx_word' id='word_1_768' title='bbox 1710 5641 1807 5717; x_wconf 77' lang='lat' dir='ltr'><strong>do-</strong></span> <span class='ocrx_word' id='word_1_769' title='bbox 1904 5639 2004 5717; x_wconf 66' lang='lat' dir='ltr'><strong>lnts</strong></span> <span class='ocrx_word' id='word_1_770' title='bbox 2055 5622 2494 5717; x_wconf 51' lang='lat' dir='ltr'><strong>imponulitur,:i&#39;</strong></span> <span class='ocrx_word' id='word_1_771' title='bbox 2529 5622 2783 5717; x_wconf 47' lang='lat' dir='ltr'><strong>homil1f8</strong></span> <span class='ocrx_word' id='word_1_772' title='bbox 2832 5629 2885 5681; x_wconf 89' lang='lat' dir='ltr'><strong>in</strong></span> <span class='ocrx_word' id='word_1_773' title='bbox 2910 5628 3175 5717; x_wconf 38' lang='lat' dir='ltr'><strong>Alei-em,</strong></span> <span class='ocrx_word' id='word_1_774' title='bbox 3196 5622 3453 5717; x_wconf 18' lang='lat' dir='ltr'><strong>pingui}?</strong></span> 
     </span>
    </p>
   </div>
   <div class='ocr_carea' id='block_1_105' title="bbox 253 5696 3459 5771">
    <p class='ocr_par' dir='ltr' id='par_1_105' title="bbox 253 5696 3459 5771">
     <span class='ocr_line' id='line_1_105' title="bbox 253 5696 3459 5771; baseline -0.002 -16"><span class='ocrx_word' id='word_1_775' title='bbox 253 5708 373 5755; x_wconf 68' lang='lat' dir='ltr'><strong>cet.</strong></span> <span class='ocrx_word' id='word_1_776' title='bbox 398 5696 519 5750; x_wconf 75' lang='lat' dir='ltr'><strong>Sed</strong></span> <span class='ocrx_word' id='word_1_777' title='bbox 539 5698 622 5771; x_wconf 75' lang='lat' dir='ltr'><strong>bis</strong></span> <span class='ocrx_word' id='word_1_778' title='bbox 652 5701 704 5753; x_wconf 92' lang='lat' dir='ltr'><strong>in</strong></span> <span class='ocrx_word' id='word_1_779' title='bbox 734 5696 913 5757; x_wconf 69' lang='lat' dir='ltr'><strong>verbis</strong></span> <span class='ocrx_word' id='word_1_780' title='bbox 940 5705 1023 5757; x_wconf 86' lang='lat' dir='ltr'><strong>vel</strong></span> <span class='ocrx_word' id='word_1_781' title='bbox 1048 5716 1284 5758; x_wconf 88' lang='lat' dir='ltr'><strong>erratum</strong></span> <span class='ocrx_word' id='word_1_782' title='bbox 1318 5704 1531 5771; x_wconf 88' lang='lat' dir='ltr'><strong>aliquod</strong></span> <span class='ocrx_word' id='word_1_783' title='bbox 1559 5696 1804 5760; x_wconf 76' lang='lat' dir='ltr'><strong>librario-</strong></span> <span class='ocrx_word' id='word_1_784' title='bbox 1904 5705 2109 5758; x_wconf 82' lang='lat' dir='ltr'><strong>Maran.</strong></span> <span class='ocrx_word' id='word_1_785' title='bbox 2132 5696 2205 5757; x_wconf 53' lang='lat' dir='ltr'><strong>&#39;in</strong></span> <span class='ocrx_word' id='word_1_786' title='bbox 2241 5712 2351 5757; x_wconf 92' lang='lat' dir='ltr'><strong>not.</strong></span> <span class='ocrx_word' id='word_1_787' title='bbox 2390 5702 2455 5753; x_wconf 88' lang='lat' dir='ltr'><strong>ad</strong></span> <span class='ocrx_word' id='word_1_788' title='bbox 2482 5703 2643 5771; x_wconf 81' lang='lat' dir='ltr'><strong>huuc_</strong></span> <span class='ocrx_word' id='word_1_789' title='bbox 2662 5699 2861 5771; x_wconf 75' lang='lat' dir='ltr'><strong>locum.</strong></span> <span class='ocrx_word' id='word_1_790' title='bbox 2897 5699 3074 5753; x_wconf 82' lang='lat' dir='ltr'><strong>Adisis</strong></span> <span class='ocrx_word' id='word_1_791' title='bbox 3127 5706 3179 5750; x_wconf 85' lang='lat' dir='ltr'><strong>et</strong></span> <span class='ocrx_word' id='word_1_792' title='bbox 3215 5696 3459 5749; x_wconf 58' lang='lat' dir='ltr'><strong>Summ}-</strong></span> 
     </span>
    </p>
   </div>
   <div class='ocr_carea' id='block_1_106' title="bbox 245 5768 1804 5846">
    <p class='ocr_par' dir='ltr' id='par_1_106' title="bbox 245 5768 1804 5846">
     <span class='ocr_line' id='line_1_106' title="bbox 245 5768 1804 5846; baseline 0.002 -21"><span class='ocrx_word' id='word_1_793' title='bbox 245 5768 687 5846; x_wconf 53' lang='lat' dir='ltr'><strong>m._u£plaeet</strong></span> <span class='ocrx_word' id='word_1_794' title='bbox 716 5770 936 5846; x_wconf 81' lang='lat' dir='ltr'><strong>Basilio,</strong></span> <span class='ocrx_word' id='word_1_795' title='bbox 968 5776 1349 5846; x_wconf 80' lang='lat' dir='ltr'><strong>suspicandum</strong></span> <span class='ocrx_word' id='word_1_796' title='bbox 1375 5768 1475 5846; x_wconf 81' lang='lat' dir='ltr'><strong>est,</strong></span> <span class='ocrx_word' id='word_1_797' title='bbox 1503 5775 1585 5846; x_wconf 81' lang='lat' dir='ltr'><strong>vel</strong></span> <span class='ocrx_word' id='word_1_798' title='bbox 1610 5775 1674 5826; x_wconf 91' lang='lat' dir='ltr'><strong>de</strong></span> <span class='ocrx_word' id='word_1_799' title='bbox 1700 5774 1804 5846; x_wconf 78' lang='lat' dir='ltr'><strong>Pa-</strong></span> 
     </span>
    </p>
   </div>
   <div class='ocr_carea' id='block_1_107' title="bbox 247 5835 1806 5918">
    <p class='ocr_par' dir='ltr' id='par_1_107' title="bbox 247 5835 1806 5918">
     <span class='ocr_line' id='line_1_107' title="bbox 247 5835 1806 5918; baseline 0.002 -22"><span class='ocrx_word' id='word_1_800' title='bbox 247 5850 344 5896; x_wconf 72' lang='lat' dir='ltr'><strong>tre</strong></span> <span class='ocrx_word' id='word_1_801' title='bbox 382 5844 447 5892; x_wconf 72' lang='lat' dir='ltr'><strong>ct&#39;</strong></span> <span class='ocrx_word' id='word_1_802' title='bbox 466 5835 602 5893; x_wconf 80' lang='lat' dir='ltr'><strong>Filio</strong></span> <span class='ocrx_word' id='word_1_803' title='bbox 649 5843 935 5911; x_wconf 80' lang='lat' dir='ltr'><strong>separatim</strong></span> <span class='ocrx_word' id='word_1_804' title='bbox 985 5835 1213 5918; x_wconf 66' lang='lat' dir='ltr'><strong>sumptis</strong></span> <span class='ocrx_word' id='word_1_805' title='bbox 1243 5845 1411 5913; x_wconf 88' lang='lat' dir='ltr'><strong>accipi</strong></span> <span class='ocrx_word' id='word_1_806' title='bbox 1443 5844 1656 5898; x_wconf 76' lang='lat' dir='ltr'><strong>debent.</strong></span> <span class='ocrx_word' id='word_1_807' title='bbox 1688 5843 1806 5909; x_wconf 80' lang='lat' dir='ltr'><strong>Quo</strong></span> 
     </span>
    </p>
   </div>
   <div class='ocr_carea' id='block_1_108' title="bbox 1908 5767 2736 5837">
    <p class='ocr_par' dir='ltr' id='par_1_108' title="bbox 1908 5767 2736 5837">
     <span class='ocr_line' id='line_1_108' title="bbox 1908 5767 2736 5837; baseline -0.007 -8"><span class='ocrx_word' id='word_1_808' title='bbox 1908 5776 2034 5829; x_wconf 84' lang='lat' dir='ltr'><strong>dum</strong></span> <span class='ocrx_word' id='word_1_809' title='bbox 2075 5776 2140 5829; x_wconf 91' lang='lat' dir='ltr'><strong>ad</strong></span> <span class='ocrx_word' id='word_1_810' title='bbox 2178 5772 2487 5827; x_wconf 82' lang='lat' dir='ltr'><strong>Facundum</strong></span> <span class='ocrx_word' id='word_1_811' title='bbox 2524 5785 2574 5837; x_wconf 92' lang='lat' dir='ltr'><strong>p.</strong></span> <span class='ocrx_word' id='word_1_812' title='bbox 2614 5767 2736 5823; x_wconf 73' lang='lat'><strong>740.</strong></span> 
     </span>
    </p>
   </div>
  </div>
