4098 6362
691 433 812 534 979.

1637 480 1700 557 s.
1733 466 2124 538 sumemus
2163 431 2755 575 rnauniarpscus.

3787 487 3883 544 8ἲο

689 590 950 648 fratribus
983 600 1126 649 sorte
1151 593 1478 649 hrereditatis
1514 596 1799 652 obvenerat
1835 619 1847 652 :
1879 601 1969 655 sed
2003 603 2238 670 pecuniae
2268 614 2304 661 Α
2342 604 2514 658 undas
2538 604 2738 674 deﬁgit,
2772 578 2969 674 et'ipse
2996 605 3185 675 positis
3210 605 3433 674 genibus
3459 604 3664 674 palmas
3685 604 3752 656 ad
3771 620 3881 659 co:-

605 712 608 715 π
688 685 957 755 cupiditas
993 687 1133 754 (qua:
1162 686 1399 740 omnium
1445 704 1579 756 pene
1618 690 1923 744 mortalium
1955 693 2116 746 corda
2147 707 2239 746 su-

690 783 884 849 perat)’
920 783 1081 835 etiam
1146 782 1435 836 fraternam
1490 782 1940 836 necessitudinem
1996 783 2236 837 violavit.

686 869 949 926 Coibatur
972 888 1002 924 a
1041 869 1294 925 fratribus
1327 881 1564 939 tempore
1592 881 1847 939 capturaa,
1884 886 1989 924 non
2022 882 2130 926 tam
2171 872 2237 925 ad
2278 867 2280 869 ’

662 962 972 1032 eapiendus
1022 961 1198 1030 pisces
1224 1001 1238 1023 ,
1278 974 1438 1028 quam
1490 960 1553 1012 ad
1578 959 1920 1038 decipiendos
1958 961 2236 1024 homines;

689 1052 859 1104 caedes
899 1060 951 1104 et
984 1050 1118 1104 bella
1149 1049 1538 1112 movebantur;
1593 1048 1860 1113 humanus
1886 1050 2105 1118 sanguis
2142 1062 2238 1117 pro

687 1141 926 1210 piscibus
986 1140 1336 1203 fundebatur;
1392 1138 1482 1192 sed
1540 1137 1630 1191 Dei
1666 1138 2021 1204 providentia
2069 1139 2240 1193 adfuit

687 1229 978 1298 aliquando
1032 1227 1313 1292 auxilium,
1369 1225 1736 1290 adventusque
1777 1221 2039 1291 Gregorii.
2095 1222 2239 1278 Vidit

685 1320 871 1387 prmiia
910 1329 963 1373 et
1006 1326 1204 1373 mortes
1237 1320 1496 1379 virorum,
1529 1315 1873 1382 furentesqu‘e
1915 1331 2233 1381 germanos;

685 1411 815 1481 quid
850 1423 1027 1463 cauSae
1069 1408 1331 1475 subesset,
1376 1424 1474 1478 pro
1512 1425 1618 1476 qua
1665 1411 1716 1461 in
1761 1408 1982 1460 exitium
2009 1406 2091 1459 sui
2118 1421 2238 1459 ευθ-⁹

685 1515 914 1569 rumque
961 1498 1153 1554 fratres
1215 1502 1629 1556 accenderentur
1659 1541 1673 1565 ,
1731 1500 1952 1568 inquirit
1987 1517 1997 1551 :
2032 1498 2232 1550 nullam

649 1618 652 1620 -
683 1588 792 1644 nisi
838 1594 1112 1659 Capturam
1168 1592 1394 1659 piscium
1448 1594 1727 1661 comperit.
1769 1590 1921 1645 Tunc
1953 1589 2041 1643 ille
2064 1631 2078 1653 ,
2112 1604 2232 1642 cum

673 1690 782 1747 ‘pro
825 1680 1027 1735 honore
1055 1681 1320 1734 adventus
1352 1682 1433 1734 sui
1468 1691 1706 1748 utraeque
1745 1691 1924 1749 partes
1956 1680 2231 1749 paululum

680 1771 961 1825 siluissent
1007 1790 1018 1822 :
1060 1770 1233 1841 Nolite
1257 1813 1271 1835 ,
1315 1772 1505 1839 inquit.
1537 1789 1568 1824 o
1599 1772 1775 1835 filioli,
1801 1771 2091 1824 rationales
2121 1773 2236 1822 ani-

683 1876 801 1915 mas
828 1876 923 1930 pro
958 1862 1118 1914 mulis
1158 1861 1521 1914 animantibus
1563 1862 1780 1924 violare,
1818 1860 2106 1912 fraternam
2141 1873 2235 1927 pa-

2337 694 2448 747 lum
2475 694 2661 760 tendit,
2689 703 2847 763 atque
2884 694 2964 750 bis
2992 694 3166 748 verbis
3199 695 3410 748 excelso
3435 693 3700 762 supplicat
3732 692 3840 745 Deo
3864 709 3880 725 ο

2338 783 2416 837 Tu
2451 783 2674 838 Domine
2698 783 2837 839 Deus
2864 794 3075 852 patrum
3109 792 3412 838 nostrorum
3441 823 3454 845 ,
3487 783 3578 852 qui
3622 796 3756 837 curo-
3787 782 3880 835 tibi

2336 876 2544 944 primus
2573 875 2732 928 homo
2754 875 2921 928 Adam
2953 883 3244 943 peccasset.
3285 889 3350 928 ac
3383 875 3695 928 mandatum
3727 882 3879 926 tuum

2337 963 2701 1032 praeteriisset,
2757 979 2969 1034 poenam
3018 966 3188 1033 culpa:
3235 965 3376 1018 illius
3433 965 3766 1029 moderatus,
3813 965 3879 1017 ad

2337 1063 2532 1106 terram
2562 1054 2953 1109 maledictionis
2980 1056 3293 1108 sententiam
3326 1053 3618 1118 detorsisti,
3649 1055 3834 1107 dicens
3861 1071 3876 1105 :

2336 1141 2614 1196 Maledicta
2665 1152 2806 1198 terra
2851 1145 2904 1198 in
2945 1145 3196 1212 operibus
3249 1144 3374 1197 tuis.
3433 1143 3499 1196 Et
3553 1158 3698 1196 nunc
3751 1157 3880 1212 ergo

2337 1234 2620 1287 miseratus
2683 1234 2874 1289 horum
2927 1235 3183 1303 juvcnum
3231 1233 3524 1286 fraternum
3565 1235 3879 1302 sanguinem

2335 1325 2426 1400 qui
2477 1324 2827 1391 periclitatur,
2879 1326 3106 1394 praecipe
3140 1333 3196 1377 ut
3233 1323 3526 1376 maledicta:
3569 1324 3677 1377 sint
3729 1338 3882 1396 aqua:

2337 1415 2452 1468 ista:
2477 1415 2529 1468 in
2555 1416 2804 1482 operibus
2827 1430 3036 1478 eorum,
3066 1431 3163 1484 pro
3189 1415 3386 1482 quibus
3408 1413 3588 1467 furore
3613 1414 3878 1476 succensi,

2336 1505 2584 1559 fraterna:
2629 1506 2842 1574 pietatis
2873 1506 3023 1559 obliti
3081 1513 3241 1568 sunt;
3296 1505 3367 1557 ita
3410 1514 3467 1556 ut
3515 1520 3794 1572 nunquam
3826 1505 3880 1556 in

2335 1595 2437 1648 hoc
2463 1596 2583 1650 loco
2615 1596 2697 1649 vel
2723 1595 2886 1664 piscis
2918 1602 3189 1663 appareat,
3224 1594 3304 1644 vel
3340 1609 3474 1661 aqua
3505 1593 3754 1655 resideat,
3785 1591 3879 1646 sed

2335 1688 2405 1739 sit
2432 1701 2653 1752 campus
2699 1686 2862 1738 aratri
2903 1685 3134 1753 patiens,
3169 1698 3230 1735 ac
3261 1683 3472 1752 frugum
3508 1683 3680 1746 ferax,
3706 1691 3758 1734 et
3781 1696 3878 1734 cu-

2335 1785 2447 1828 stos
2475 1775 2526 1825 in
2553 1784 2809 1827 aeternum
2844 1773 3091 1826 fraterna:
3118 1771 3418 1825 concordia:
3440 1779 3759 1840 perseveret.
3791 1767 3879 1820 Si-

2335 1863 2445 1916 mul
2478 1871 2536 1916 ut
2577 1863 2666 1916 ille
2706 1865 2863 1916 linem
2893 1861 3082 1915 orandi
3109 1858 3253 1923 fecit,
3281 1861 3461 1913 statim
3496 1875 3555 1912 se
3587 1859 3729 1912 unda
3753 1857 3880 1920 sub-

683 1966 797 2004 cem
838 1961 1074 2020 quaestus
1108 1952 1395 2019 cupiditate
1427 1952 1739 2012 dissolvere,
1774 1949 1865 2002 Dei
1890 1951 2029 2019 leges
2056 1960 2107 2004 et
2135 1965 2233 2002 na-
2266 1926 2307 1980 Β
2338 1955 2570 2015 ducens,
2607 1959 2660 2005 et
2702 1967 2863 2006 cursu
2902 1950 3165 2004 velociore
3209 1950 3502 2019 refugiens,
3533 1965 3560 2002 a
3586 1956 3877 2015 conspectu

684 2051 816 2096 turre
851 2043 1050 2111 pariter
1077 2039 1199 2111 jura
1227 2052 1517 2108 temerare;
1572 2051 1622 2095 et
1655 2057 1759 2096 una
1793 2055 2003 2096 mecum
2042 2040 2107 2093 ad
2137 2053 2230 2092 ora

681 2134 857 2200 stagni
896 2133 1127 2189 exitialis
1169 2121 1426 2191 accedite.
1452 2132 1574 2202 Ego
1596 2133 1707 2201 jam
1736 2148 1831 2187 vos
1857 2148 1951 2201 per
1976 2132 2230 2185 virtutem

678 2221 930 2289 Domini,
975 2224 1121 2277 omni
1152 2225 1443 2280 certamine
1469 2234 1705 2278 cruenta:
1740 2222 2099 2278 contentionis
2133 2221 2231 2274 ab-

676 2315 903 2369 solvam.
938 2313 1002 2366 Et
1029 2328 1150 2368 cum
1186 2315 1298 2369 haec
1323 2315 1567 2381 dixisset,
1593 2317 1644 2370 in
1677 2325 1966 2386 conspectu
1990 2313 2228 2366 omnium

555 2449 562 2456 .
603 2432 605 2434 -
681 2405 884 2474 virgam
924 2418 1085 2471 quam
1131 2405 1343 2458 tenebat
1385 2408 1438 2459 in
1489 2423 1650 2460 manu
1693 2408 1758 2460 ad
1804 2407 2004 2474 primas
2037 2404 2231 2458 littoris

2334 2057 2567 2111 superno
2617 2043 2769 2111 jussa
2823 2042 3137 2104 discedere,
3195 2041 3400 2110 abyssis
3443 2042 3556 2093 suis
3596 2038 3878 2098 redditur,

2334 2141 2387 2185 et
2435 2141 2672 2185 arentem
2721 2145 2968 2193 campum
3031 2132 3298 2200 germanis
3340 2121 3467 2199 jam
3521 2127 3880 2201 concordibus

2333 2223 2633 2294 dereliquit.
2669 2220 2770 2275 Sed
2802 2231 2854 2276 et
2883 2223 2934 2274 in
2959 2223 3274 2276 hodiernum
3296 2263 3309 2281 .
3340 2221 3549 2290 frugum
3585 2219 3734 2273 ferax
3760 2231 3881 2272 esse

2332 2315 2529 2368 dicitur
2558 2312 2756 2376 Solum,
2793 2313 2936 2381 quod
2964 2322 3086 2367 ante
3106 2312 3280 2366 fuerat
3311 2313 3524 2366 navium
3565 2310 3738 2365 ferax.

2136 2517 2281 2570 Idem
2311 2516 2442 2569 ibid.

747 2612 852 2668 Sed
895 2624 948 2667 et
993 2614 1194 2683 ingenii
1224 2613 1306 2666 sui
1335 2612 1563 2666 nobisin
1590 2626 1753 2678 parvo
1783 2612 2014 2664 maxima
2037 2623 2228 2661 tuonu-

675 2718 855 2760 menta
912 2706 1243 2776 dereliquit:
1280 2707 1334 2757 in
1377 2703 1727 2757 Ecclesiasten
1784 2716 2014 2770 namque
2061 2698 2228 2751 Meta-

674 2800 891 2868 phrasin
915 2799 1051 2852 idem
1077 2797 1371 2866 Gregorius
1408 2794 1939 2864 magniﬁcentissime
1978 2791 2220 2856 scripsit;

675 2901 728 2944 et
759 2891 1038 2944 catholica:
1063 2891 1186 2959 ﬁdei
1213 2890 1584 2957 expositionem
1617 2888 1850 2941 breviter
1876 2886 2074 2939 editam
2106 2884 2224 2936 reli-

676 2981 813 3048 quit,
859 2996 1020 3048 quam
1065 2995 1164 3048 pro
1215 2979 1564 3034 aediﬁcatione
1602 2977 1966 3033 Ecclesiarum
2017 2975 2224 3030 sociare

2336 2608 2419 2660 bis
2452 2606 2794 2662 commodum
2842 2605 2969 2660 duxi
3013 2624 3025 2658 :
3065 2623 3084 2656 ι
3125 2602 3275 2664 Unus
3325 2602 3464 2657 Deus
3511 2602 3665 2656 Pater
3718 2600 3886 2656 Verbi

2335 2699 2578 2762 viventis,
2636 2699 2911 2767 sapientiae
2969 2698 3333 2760 subsistentis,
3397 2707 3452 2750 et
3513 2697 3766 2764 potentiae
3820 2709 3885 2749 ac

2333 2790 2656 2843 characteris
2694 2789 3004 2858 sempiterni
3039 2807 3052 2842 :
3084 2788 3351 2857 perfectus
3389 2785 3605 2854 perfecti
3649 2785 3884 2855 genitor,

2332 2879 2488 2932 Pater
2515 2880 2628 2932 Filii
2654 2881 2930 2949 unigeniti.
2963 2877 3113 2933 Unus
3148 2879 3435 2941 Dominus,
3467 2878 3615 2931 solus
3635 2893 3702 2930 es
3737 2877 3883 2944 solo,

2331 2968 2549 3022 Deuscs
2578 2968 2705 3033 Deo,
2739 2989 2757 3020 ι
2793 2978 2896 3022 etc.

1679 3068 1741 3120 ν.
1787 3065 2191 3125 Socrates,llist.
2219 3062 2348 3116 eccl.
2389 3061 2478 3113 lib.
2515 3075 2587 3124 tv,
2622 3075 2735 3126 cap.
2763 3059 2851 3110 27.

746 3160 1002 3232 Ponticus
1026 3160 1317 3230 Gregorius
1339 3202 1353 3223 ,
1387 3163 1477 3230 qui
1511 3177 1576 3214 ex
1609 3162 1740 3213 urbe
1764 3161 1919 3213 Ponti
1945 3159 2222 3213 Neocaesa—

2410 3154 2468 3204 Ὀ
2513 3152 2767 3214 Ποντικὸς
2819 3151 3132 3221 Γρηγόριος,
3168 3149 3314 3212 ὅστις
3361 3149 3425 3200 ἐκ
3451 3149 3547 3218 τῆς
3584 3149 3641 3199 ὲν
3692 3149 3887 3217 Πόντῳ

675 3267 767 3306 rea
790 3253 1116 3308 oriundus...
1150 3251 1397 3322 Origenis
1423 3253 1719 3334 discipulus
1747 3250 1866 3305 fuit.
1896 3251 2065 3320 Hujus
2096 3251 2226 3305 Gre—

2333 3243 2750 3312 Νεοκαισαρείας
2813 3241 3192 3312 ὁρμώμενος...
3261 3239 3505 3310 μαθητὴς
3575 3241 3886 3308 Ὠριγένους

674 3343 809 3411 gorii
847 3341 1072 3396 celebris
1112 3343 1254 3396 fama
1299 3353 1379 3396 est
1425 3341 1648 3394 Athenis
1702 3358 1763 3393 ac
1817 3343 2009 3411 Beryti,
2038 3351 2090 3395 et
2130 3357 2222 3409 per

675 3434 978 3488 universam
1015 3434 1293 3488 Ponticam
1339 3433 1637 3496 dimcesim,
1684 3446 1747 3485 ac
1783 3437 1873 3500 per
1907 3435 2218 3486 universum

673 3540 840 3592 prope
865 3525 1093 3578 dixerhn
1127 3535 1392 3578 terrarum
1420 3527 1672 3578 orbem...
1705 3522 1874 3588 Hujus
1896 3517 2217 3576 mentionem

675 3613 804 3668 facit
833 3617 994 3669 etiam
1040 3614 1353 3684 Pamphilus
1382 3626 1605 3684 martyr,
1660 3616 1713 3667 in
1758 3613 1906 3666 libris
1953 3629 2089 3680 quos
2121 3627 2221 3681 pro

676 3705 922 3773 Origenis
955 3706 1265 3761 defensione
1300 3708 1514 3775 scripsit
1546 3727 1557 3760 ;
1591 3708 1789 3775 quibus
1836 3706 1993 3756 etiam
2043 3706 2226 3771 adjun-

676 3807 757 3850 cta
795 3806 879 3848 est
905 3794 1146 3864 Gregorii
1187 3795 1392 3861 oratio,
1433 3813 1594 3866 quam
1628 3798 1714 3852 ille
1760 3798 1825 3850 ab
1858 3796 2086 3864 Origene
2116 3795 2227 3848 dis-

676 3885 897 3949 cedens,
928 3886 1124 3954 ineius
1151 3887 1361 3940 laudern
1392 3891 1712 3957 composuit.

2326 3337 2556 3403 ἐγένετο.
2588 3336 2719 3404 Περὶ
2746 3334 2932 3386 τούτου
2965 3333 3056 3385 τοῦ
3098 3333 3420 3403 Γρηγορίου,
3463 3331 3623 3394 πολὺς
3663 3333 3689 3381 ό
3720 3330 3887 3397 λόγος

2297 3429 2381 3480 -ἕν
2407 3446 2464 3480 τε
2504 3427 2746 3498 Ἀθήναις
2771 3427 2861 3478 καὶ
2886 3424 3128 3494 Βηρυτῷ.
3159 3425 3248 3476 καὶ
3278 3425 3373 3495 ὅλῃ
3405 3427 3466 3492 τῇ
3493 3424 3714 3491 Ποντικῇ
3747 3422 3889 3474 διοιο

2325 3523 2481 3592 κήσει
2507 3563 2518 3585 ,
2567 3520 2640 3582 ὡς
2681 3520 2734 3570 δὲ
2764 3520 2953 3576 εἰπεῖν,
2986 3515 3076 3566 καὶ
3109 3515 3255 3585 πὰέῃ
3283 3517 3344 3584 τῇ
3384 3514 3731 3583 οἰκουμένῃ...
3765 3513 3889 3564 Μέ-

2327 3612 2609 3680 μνηταισόὲ
2647 3609 2805 3661 αὑτοῦ
2836 3608 2926 3658 καὶ
2949 3605 3222 3676 Πάμφιλος
3253 3607 3279 3655 ὁ
3314 3605 3525 3675 μάρτυρ
3555 3606 3611 3657 ὲν
3637 3607 3744 3666 τοῖς
3785 3621 3888 3657 πε·

2328 3703 2380 3771 p‘.
2440 3701 2739 3768 Ὠριγένους
2783 3696 3086 3764 πονηθεῖσιν
3122 3694 3268 3762 αὐτῴ
3305 3693 3543 3763 βιϐλίοις,
3587 3697 3641 3747 ὲν
3671 3690 3750 3755 οἷς
3786 3696 3886 3747 καὶ

2326 3789 2642 3849 συστατικὸς
2683 3788 2830 3854 λόγω,
2875 3785 3166 3855 Γρηγορίευ
3222 3788 3298 3855 εἰς
3362 3786 3632 3854 Ὠριγὲνην
3698 3787 3886 3854 rupi.

2321 3897 2520 3933 κειται.

1643 3979 1731 4032 V'l.
1766 3973 2242 4038 Sozomenus,llist.
2278 3971 2408 4026 eccl.
2444 3969 2532 4020 lib.
2574 3982 2668 4030 vlt,
2704 3981 2819 4034 cap.
2849 3963 2938 4016 27.

741 4067 903 4122 Aliud
934 4077 1188 4135 przeterca
1213 4067 1356 4136 quod
1385 4066 1449 4120 de
1475 4067 1566 4119 illo
1594 4068 1933 4138 (Epiphanio)
1962 4065 2213 4129 refertur,

671 4169 1095 4210 commemorare
1131 4155 1277 4210 libet.
1309 4154 1360 4208 ld
1392 4156 1606 4223 quidem
1633 4158 1700 4209 ab
1737 4156 2051 4210 admirando
2087 4154 2217 4207 Gre~

673 4246 830 4315 gorio
876 4249 964 4314 qui
995 4246 1482 4302 Neocaesariensem
1529 4246 1653 4299 olim
1706 4249 1841 4300 rexit
1901 4246 2213 4308 Ecclesiam,

673 4342 885 4404 gestum
917 4351 1036 4390 esse
1065 4341 1273 4408 accepi;
1308 4348 1361 4392 et
1381 4338 1604 4391 libenter
1629 4337 1808 4390 credo.

2403 4059 2535 4111 Ἀλλ’
2575 4052 2682 4110 οἷον
2717 4057 2897 4126 ἕτερον
2942 4052 3067 4123 περὶ
3093 4051 3250 4102 αὐτ-ὖ
3277 4052 3506 4119 λέγεται,
3539 4051 3627 4102 καὶ
3657 4051 3888 4120 ἀφηγή-

2321 4151 2513 4206 σασθαι
2576 4147 2850 4217 βούλομαι.
2905 4144 3245 4212 Πυνθάνομαι
3299 4139 3881 4214 τεραυματουργῆσθαι

2319 4239 2597 4312 Γρηγορίῳ
2619 4237 2695 4306 τῷ
2718 4237 2998 4305 Θαυμασίῳ
3017 4275 3030 4296 ,
3056 4236 3112 4296 ὃς
3141 4234 3303 4285 πάλαι
3331 4231 3426 4303 τὴν
3451 4230 3883 4299 Νεοκαισάρειαν

2320 4332 2684 4399 ἐπετρόπευσε
2706 4367 2720 4390 ,
2745 4329 2837 4381 καὶ
2871 4328 3013 4397 μάλα
3044 4324 3315 4394 πείθομαι.

1643 4425 1752 4477 Vll.
1782 4425 2051 4478 Liberatus
2083 4424 2363 4479 Diaconus,
2402 4421 2637 4472 Breviar.
2672 4434 2788 4482 cap.
2817 4418 2898 4470 10.

741 4513 976 4571 Basilius
1003 4516 1216 4583 quidam
1251 4519 1529 4584 diaconus,
1567 4534 1786 4573 sumens
1810 4528 2010 4589 tomum
2047 4513 2220 4566 Procli
2254 4527 2297 4580 υ
2327 4513 2433 4581 psit
2464 4509 2574 4576 (65)
2610 4525 2622 4559 :
2657 4517 2763 4558 trcs
2801 4507 3057 4556 adversus
3097 4497 3189 4547 Dio

667 4621 828 4675 quem
877 4606 1146 4660 Armeniis
1182 4611 1490 4677 scripserat,
1530 4608 1908 4663 Alexandriam
1953 4606 2125 4668 venit;
2168 4610 2223 4655 ει

669 4699 1047 4768 Armeniorum
1078 4700 1285 4753 libellos
1328 4703 1442 4755 suis
1479 4704 1628 4755 libris
1668 4712 1958 4754 annectens
1981 4739 1997 4764 ,
2029 4697 2221 4750 obtulit

667 4790 865 4859 Cyrillo
910 4789 1152 4857 ejusdem
1197 4790 1344 4841 urbis
1391 4794 1636 4844 antistiti.
1678 4793 1884 4856 Quibus
1923 4791 2004 4858 (ut
2039 4786 2220 4839 ferunt

665 4887 936 4949 rumores)
987 4886 1266 4950 permotus
1315 4877 1566 4946 Cyrillns,
1611 4889 1841 4945 quatuor
1875 4877 2042 4929 libros
2082 4875 2211 4929 scri-

3197 4498 3383 4548 ἀοι-οη]
3419 4501 3471 4546 et
3499 4485 3882 4546 Theodorum,

2326 4579 2379 4656 et
2415 4600 2579 4654 alium
2612 4596 2684 4647 De
2719 4594 3075 4646 incarnatione
3109 4589 3321 4642 librum.
3367 4584 3421 4638 ln
3466 4583 3659 4652 quibus
3695 4579 3888 4632 conti—

2329 4699 2524 4746 nentur
2569 4686 2906 4752 antiquorum
2939 4683 3078 4736 Patr
3106 4696 3154 4733 m
3185 4680 3493 4745 incorrupta
3539 4670 3887 4734 testimonia,

2331 4778 2382 4832 id
2416 4787 2562 4832 est...
2611 4775 2855 4847 Gregorii
2894 4781 3172 4844 mirabilis,
3209 4765 3622 4847 Θαυματουργοῦ
3656 4777 3881 4832 cogno-

2328 4879 2534 4922 mlllali.

2207 4957 2340 5009 Vlll.
2441 5000 2444 5004 .
3447 4987 3452 4992 -

963 5052 1252 5108 Facunda;
1273 5054 1543 5120 episcopus
1576 5053 2077 5116 Ilermiancnsis,lib.
2108 5069 2164 5113 ς,
2199 5067 2312 5116 cup.
2342 5045 2394 5109 6,
2424 5015 2564 5097 inter.
2585 5039 2716 5110 Opp.
2751 5039 3036 5102 Sirmondi,
3066 5050 3190 5092 tom.
3215 5038 3278 5104 ll,
3299 5055 3414 5106 pag.
3447 5033 3564 5087 ΠΟ.

738 5140 972 5200 Sanctus
1015 5145 1250 5215 Basilius
1291 5159 1544 5212 magnum
1586 5144 1919 5212 Gregorium,
1979 5147 2069 5214 qui
2111 5147 2214 5196 mi-

671 5233 968 5286 raculorum
1021 5237 1309 5306 operatoris
1352 5249 1646 5302 cegnomen
1696 5239 1927 5303 accepit,
1981 5248 2038 5288 ut
2081 5237 2217 5288 Θαυ-

671 5326 968 5389 ματουργὸς
1015 5337 1302 5381 vocaretur
1348 5334 1401 5380 et
1427 5335 1642 5378 vocetur
1673 5340 1703 5377 a
1730 5324 1946 5389 Grzecis,
1994 5345 2098 5380 non
2150 5328 2216 5380 al)

665 5411 989 5468 Arianorum
1026 5427 1230 5472 tantum
1265 5419 1356 5485 qui
1394 5424 1697 5469 creaturam
1733 5427 1786 5469 et
1830 5419 2085 5471 facturam
2125 5420 2214 5470 Fi-
2257 5475 2259 5477 ,

666 5499 799 5553 lium
851 5503 1053 5570 dicunt,
1093 5524 1278 5563 verum
1310 5512 1473 5564 etiam
1506 5525 1534 5562 a
1574 5509 1851 5564 contrario
1896 5509 2229 5564 Sabelliano-

2325 5172 2442 5208 rum
2475 5170 2660 5208 errore
2684 5153 2939 5216 defendit,
2960 5153 3050 5220 qui
3072 5167 3231 5205 unam
3260 5147 3436 5203 Patris
3456 5153 3509 5198 et
3539 5142 3656 5195 Filii
3689 5146 3890 5201 subsi-

2319 5245 2566 5299 stentiam
2591 5245 2779 5297 dicunt
2796 5243 3070 5310 ;.quamvis
3092 5226 3890 5306 haecv'etpraedietusGregorirn

2316 5335 2515 5388 dixisse
2543 5335 2805 5388 videatur.
2849 5334 2974 5388 inde
3019 5333 3155 5386 idem
3191 5330 3246 5381 S.
3265 5326 3527 5390 Basilius,
3556 5326 3801 5395 loquens
3820 5330 3889 5382 de

2323 5424 2644 5491 quibusdam
2668 5425 2759 5491 qui
2792 5416 3110 5478 auctoritate
3132 5420 3302 5487 ipsius
3337 5416 3575 5486 Gregorii
3611 5432 3890 5473 excusare

2335 5527 2485 5565 suam
2517 5510 2789 5579 perﬁdiam
2811 5513 3115 5565 nitebantur
3141 5525 3154 5562 :
3189 5500 3547 5570 Im'miserunt,
3578 5507 3676 5568 ait.
3717 5518 3837 5562 etc.

695 5617 972 5708 ὶτςξξδλρθ
1005 5622 1098 5708 ἐξὲξ
1149 5629 1600 5708 quatiiorntlyrilli
1674 5627 1823 5681 libris
1882 5640 2016 5694 quos
2071 5627 2400 5683 intercidisse
2453 5635 2700 5692 constat,
2770 5626 2968 5680 videsis
3047 5621 3354 5677 Fabricium
3400 5622 3540 5676 Bibl.
3599 5621 3694 5708 Cr:
3745 5633 3888 5679 tom.

688 5685 970 5759 Vlll,'pag.
1003 5691 1123 5754 59f,
1159 5685 1307 5749 num.
1350 5687 1482 5752 187:
