4098 6362
198 478 300 534 989

1196 476 1678 547 ME'IAPHRASIS
1708 477 1776 531 1N
1813 430 2337 533 ECiILESIASTEN.
2363 516 2369 521 ~

3281 478 3386 533 990

197 593 402 657 πάντας
445 580 760 666 ἀνθρώπους
792 592 1039 663 βασιλεὺς
1081 593 1425 662 ἑντιμότατος
1447 633 1462 658 ,
1496 568 1726 663 καὶηπρο

1846 594 2004 663 pheta
2055 593 2522 662 sapientissimus,
2578 593 2880 654 universam
2938 591 3028 658 Dei
3089 590 3382 646 Ecclesiam

194 685 372 753 φήτης
417 683 741 753 σοφώτατος.
779 684 863 746 Ὠς
915 682 1043 735 κενά
1105 684 1198 736 καὶ
1247 685 1476 757 ἀνόνητα
1517 685 1584 738 τά
1636 680 1743 738 τῶν

192 774 496 849 ἀνθρὼπων
525 772 821 845 πράγματά
857 789 915 825 τε
950 773 1041 826 καὶ
1081 773 1483 843 σπουδάσματα,
1524 774 1623 826 ὅσα
1650 774 1741 826 ἀν-

194 862 460 934 θρώπινα.
499 863 630 916 Οὐδὲ
660 862 765 932 γὰρ
793 861 903 932 ἔχει
933 871 1017 925 τες
1045 864 1215 938 εἰπεῖν
1244 862 1432 930 ὄφελός
1459 881 1512 916 τι
1539 861 1743 927 τούτοις

192 954 679 1025 προσηρτημένον,
718 954 860 1023 ἅπερ
904 952 1174 1022 ἄνθρωποι
1226 950 1350 1022 περὶ
1406 955 1506 1024 γῆν
1550 954 1741 1024 ἕρπον-

189 1059 283 1106 τες
314 1044 646 1114 (86.87),καὶ
676 1042 883 1113 σώμασι
905 1046 994 1097 καὶ
1015 1044 1209 1114 ψυχαῖς
1258 1044 1531 1098 ἐκτελέσαι
1582 1045 1745 1099 σπεύ-
1776 1084 1781 1093 .

188 1136 361 1200 δουσι,
397 1135 502 1188 τῶν
540 1135 638 1207 μὲν
682 1138 1024 1207 προσκαίρων
1065 1120 1376 1206 ἡττημένοι,
1409 1137 1740 1208 ἀνωτέρωδὲ

184 1225 302 1277 τῶν
348 1226 559 1296 ἄστρων
612 1222 691 1291 τῷ
733 1226 962 1294 γενναίῳ
988 1226 1087 1294 τῆς
1134 1225 1307 1295 ψυχῆς
1358 1225 1591 1295 ὄμματι,
1632 1224 1740 1276 οὐδ’

184 1316 367 1371 ὁτιοῦν
397 1317 630 1370 κατιδεῖν
667 1306 991 1386 βουλόμενοι.
1018 1316 1126 1368 Καὶ
1166 1314 1550 1384 κατατρίὸεται
1575 1316 1602 1365 ό
1634 1314 1740 1365 τῶν

184 1404 491 1477 ἀνθρώπων
529 1404 639 1474 βίος
682 1404 891 1474 ήμέραν
927 1402 985 1468 ἐξ
1036 1403 1280 1473 ἡμέρας,
1327 1388 1419 1456 καί
1446 1402 1602 1477 ὡρῶν
1645 1403 1739 1455 καὶ

183 1474 447 1562 ἐνιαυτῶν
479 1494 754 1567 περιόδους
778 1533 791 1557 ,
824 1492 972 1562 ἡλίου
1017 1509 1073 1545 τε
1105 1494 1332 1563 δρόμους
1373 1474 1738 1563 περιώρισμέ-

184 1604 333 1651 νους,
359 1586 466 1640 τῶν
492 1586 587 1656 μὲν
610 1583 1072 1654 παραγινομένων,
1094 1584 1198 1637 τῶν
1223 1586 1280 1637 δὲ
1304 1584 1733 1653 ὑπαπαιρόντων.

183 1679 377 1733 Ἔοικα
405 1677 549 1763 δὲτὸ
575 1682 822 1769 πρᾶγμα,
851 1682 1158 1751 χειμάρρων
1192 1678 1423 1749 παρόδῳ,
1452 1678 1739 1747 ἀμετρήτῳ

179 1756 859 1843 θαλάσσηςὲμπιπτόντων
888 1771 1033 1842 βυθῷ
1054 1773 1149 1824 σὺν
1168 1770 1386 1841 ταράχῳ
1409 1767 1602 1837 πολλῷ.
1630 1769 1736 1821 Καὶ

178 1865 379 1935 τάιμὲν
409 1863 473 1917 δι’
499 1861 811 1935 ἀνθρώπους
860 1864 963 1916 ὑπὸ
1003 1862 1135 1916 Θεοῦ
1178 1862 1450 1930 γεγονότα,
1493 1862 1735 1930 μένειτά

179 1956 342 2018 αὑτά,
368 1944 498 2009 οἷον.
517 1955 576 2006 τὺ
600 1956 706 2009 ἀπὸ
728 1955 831 2024 γῆς
860 1954 1167 2022 γεννᾶσθαι,
1188 1953 1246 2005 τὸ
1277 1953 1471 2021 είς.γῆν
1495 1953 1730 2015 ἀπιέναι,

178 2047 239 2099 τὸ
270 2046 439 2116 αὑτὴν
463 2046 678 2100 ἑστάναι
708 2044 805 2116 τὴν
849 2046 969 2115 γῆν,
1000 2046 1060 2098 τὸ
1104 2046 1192 2098 τὸν
1219 2045 1365 2115 ήλιον
1396 2044 1609 2096 ἃπασαν
1640 2043 1736 2095 αὑ-

130 2204 142 2216 .
178 2136 279 2205 τὴν
332 2136 705 2205 ξκπεριῖόντα,
757 2135 916 2189 πάλιν
960 2137 1039 2199 είς
1066 2135 1155 2188 τὸν
1198 2135 1356 2188 αὑτὸν
1400 2134 1734 2205 περιτρέχειν

177 2227 324 2296 ὅρον,
368 2227 461 2279 καὶ
495 2226 561 2279 τά
595 2226 875 2297 πνεύματα
919 2225 1174 2289 ὡσαύτως
1200 2224 1343 2294 (88),
1379 2224 1500 2288 τούς
1540 2241 1599 2277 τε
1641 2241 1735 2276 πο-

176 2317 387 2385 ταμοὺς
423 2316 704 2380 τοσούτους
734 2320 814 2379 είς
841 2316 1110 2370 Θάλασσαν
1144 2316 1463 2377 ἐκδιδόντας,
1491 2314 1582 2367 καὶ
1612 2314 1734 2377 τοὺς

176 2407 412 2475 ἀνέμους
467 2408 858 2477 ἐμπίπτοντας,
896 2409 973 2479 μὴν
1012 2405 1334 2474 ἀναγκάζειν
1368 2392 1532 2475 αὑτὴν
1572 2406 1733 2475 ὑπερ-

178 2496 386 2548 6αίνειν
433 2496 499 2548 τά
530 2498 694 2567 αὑτῆς
730 2496 1097 2567 μέτρα,νμήδὲ
1143 2496 1337 2557 αὐτοὺς
1381 2499 1727 2566 παρανομεῖν.

179 2587 296 2639 Καὶ
328 2586 399 2637 τά
434 2587 529 2655 μὲν
566 2586 642 2649 ὡς
690 2589 768 2649 είς
813 2587 1019 2639 τουτονὶ
1060 2586 1409 2639 συντελοῦντα
1463 2587 1591 2656 ἡμῖν
1643 2587 1732 2639 τὸν

178 2676 314 2745 βίον,
345 2676 514 2740 οὑτως
552 2662 754 2747 ἄραρε..
788 2677 866 2730 Τὰ
895 2677 938 2729 δ’
977 2677 1065 2729 ὑπ’
1097 2676 1393 2749 ἀνθρώπων
1436 2677 1731 2746 ἐπιτεχνώ-

179 2784 317 2835 μενα
354 2766 569 2837 ῥήματά
603 2784 661 2820 τε
706 2751 797 2820 καί
833 2768 1124 2839 πράγματα
1148 2806 1163 2831 ,
1214 2768 1413 2837 μέτρον
1460 2770 1559 2820 οὐκ
1598 2768 1728 2837 ἔχει.

176 2860 289 2911 Καὶ
323 2859 495 2927 λόγων
530 2859 690 2923 πολὺς
718 2860 815 2931 μὲν
842 2859 1044 2929 ὅμιλος,
1076 2860 1258 2930 ὄνησις
1290 2859 1346 2910 δὲ
1376 2858 1595 2928 οὐδεμία
1626 2861 1731 2913 ἀπὸ

172 2950 277 3018 τῆς
308 2952 729 3024 πεπλανημένης
764 2952 1059 3023 φλυαρίας·
1090 2952 1200 3005 ἀλλ’
1229 2950 1497 3020 ἀπληστόν
1523 2953 1637 3002 ἐστι
1669 2952 1729 3004 τὸ

170 3039 284 3093 τῶν
308 3041 605 3112 ἀνθρώπων
641 3041 965 3113 φῦλον,πρός
996 3060 1054 3095 τε
1082 3043 1140 3094 τὸ
1175 3041 1380 3110 λέγειν,
1420 3040 1557 3110 πρός
1589 3058 1647 3093 τε
1670 3040 1728 3093 τὸ

173 3130 362 3199 ἑτέρου
386 3132 627 3198 λέγοντος
649 3132 877 3186 ἀκούειν·
896 3134 973 3187 ἔτι
996 3135 1051 3186 δὲ
1067 3133 1231 3186 καὶτὸ
1250 3134 1484 3205 ὄμμασιν
1506 3132 1729 3196 είκαίοις

170 3221 379 3275 ἕκαστα
419 3223 539 3275 τῶν
582 3226 1030 3295 παραπιπτόντων
1060 3228 1190 3297 όρᾷν
1230 3226 1522 3296 γλίχεσθαι.
1562 3226 1625 3277 Τί
1662 3225 1725 3278 ἂν
1752 3260 1794 3315 C

170 3312 381 3378 γένοιτο
397 3311 503 3381 (89)
527 3312 766 3385 ὕστερον,
782 3316 916 3384 ὅπερ
938 3317 1035 3369 οὑκ
1063 3317 1162 3386 ήδη
1184 3317 1507 3379 τετέλεσται,
1533 3317 1565 3387 ἢ
1589 3334 1726 3389 πρα-

170 3403 327 3473 χθείη
349 3406 481 3475 πρὸς
504 3405 796 3475 ἀνθρώπων
812 3422 825 3470 ;
844 3405 905 3457 Τί
921 3406 1099 3458 καινὸν
1118 3406 1176 3457 τὸ
1202 3408 1419 3474 μηδέπω
1442 3409 1520 3469 είς
1538 3410 1725 3477 πεῖραν

167 3492 352 3557 ἐλθὸν,
372 3494 490 3544 ὅτου
520 3494 609 3546 καὶ
638 3493 933 3564 μνησθῆναι
954 3493 1131 3558 dignm;
1162 3491 1297 3559 Ἐγὼ
1324 3493 1419 3561 μὲν
1448 3493 1553 3562 γὰρ
1575 3490 1725 3564 οἶμαι

167 3583 340 3645 οὐδὲν,
378 3584 404 3634 ὅ
427 3599 477 3633 τι
507 3583 549 3633 δ’
587 3583 653 3635 ἂν
682 3584 807 3654 εἴπῃ
832 3583 940 3652 (90)
960 3582 1261 3653 πρόσφατον
1279 3622 1292 3645 ,
1322 3582 1353 3652 ἦ
1390 3582 1567 3635 καινὸν
1598 3585 1727 3636 ἀνα-

166 3672 513 3741 λογιζόμενος
555 3672 818 3743 εὑρήσει,
877 3672 1005 3742 μηδὲ
1062 3674 1173 3735 τοῖς
1222 3672 1385 3724 πάλαι
1430 3671 1720 3740 ἄγνωστον.

118 3751 125 3757 ’
168 3763 383 3833 Ὠσπερ
404 3763 460 3815 δὲ
490 3762 558 3816 τὰ
586 3763 823 3835 πρότερα
852 3762 989 3835 λήθῃ
1023 3763 1339 3832 κέκρυπται,
1371 3761 1510 3814 οὑτω
1537 3765 1625 3815 καὶ
1657 3763 1724 3816 τά

166 3854 460 3917 ἐνεστῶτα,
482 3857 559 3917 εἰς
581 3856 705 3917 τοὺς
736 3854 1022 3924 μετέπειτα
1052 3854 1225 3923 χρόνῳ
1249 3854 1717 3924 ἀμαυρωθήσεται.

163 3946 279 3999 Καὶ
334 3946 435 3999 οὐκ
488 3947 881 4016 αὑτοσχεδιάέω
926 3945 1103 4003 ταῦτα
1162 3944 1252 3995 νῦν
1310 3943 1714 4013 ἐκκλησιάζων·

163 4036 302 4089 ἀλλά
355 4034 445 4107 μοι
491 4036 759 4104 βασιλείαν
802 4037 1061 4108 Ἐϐραίων
1107 4036 1162 4086 ὲν
1203 4035 1586 4106 Ἱεροσολύμοις
1626 4053 1721 4088 πε-

165 4141 361 4177 πιστεικ
374 4126 534 4196 μένῳ,
559 4125 763 4191 -ίκανῶς
796 4128 1005 4181 ἅπαντα
1040 4126 1439 4195 πεφρόντισται.
1476 4129 1718 4197 Ζητήσας

161 4215 219 4267 δὲ
268 4234 325 4285 μς
346 4216 674 4287 μελημένος,
720 4219 809 4271 καὶ
844 4216 1017 4285 σοφῶς
1065 4217 1401 4287 κατανοήσας
1443 4207 1541 4288 τήν
1594 4218 1717 4286 περὶ

162 4306 267 4373 γῆν
290 4306 454 4375 φύσιν
480 4308 715 4373 ἃπασαν,
735 4307 1125 4377 ποικιλωτάτην
1150 4307 1337 4375 ἔγνων,
1355 4309 1427 4372 ὡς
1451 4307 1715 4378 ἀνθρώπῳ

158 4396 370 4450 δέδοται
394 4401 572 4451 πονεῖν
603 4398 696 4452 ἐπὶ
717 4400 837 4471 γῆς,
864 4385 1049 4453 ἄλλοτε
1089 4398 1275 4469 ἀλλοία
1297 4400 1542 4469 καμάτου
1586 4418 1715 4471 προ-

159 4487 326 4554 φάσει
363 4486 819 4560 ὲγκαλινδουμένῳ
865 4491 944 4554 εἰς
986 4489 1045 4542 τὸ
1080 4488 1260 4559 μηδέν.
1311 4489 1622 4561 Πνεύματος
1661 4492 1715 4542 δὲ

1844 681 2054 739 affatur.
2114 685 2170 737 2.
2194 683 2367 750 Quam
2399 699 2536 738 vana
2583 693 2637 738 et
2686 684 2897 738 inutilia
2926 688 3072 738 sunt
3110 683 3289 759 omnia
3321 696 3384 736 ea

1842 775 2122 829 hominum
2156 774 2369 845 negotia
2402 782 2456 829 et
2486 774 2679 839 studia,
2712 788 2831 843 quae
2863 773 2916 826 in
2952 772 3203 827 humanis
3225 771 3387 825 rebus

1842 867 2229 937 suscipiuntur.
2281 867 2334 922 3.
2384 864 2553 919 Nemo
2597 866 2739 919 enim
2801 873 2917 928 est,
2964 864 3057 933 qui
3098 864 3385 921 utilitatem

1841 959 2003 1012 ullam
2050 958 2116 1013 iis
2160 962 2421 1011 annexam
2459 952 2656 1011 'dicere
2688 956 2886 1025 possit;
2937 970 3093 1025 quae,
3138 954 3386 1009 homines
3472 966 3473 969 ‘

1840 1048 1990 1101 humi
2029 1058 2334 1117 reptantes,
2374 1056 2427 1101 et
2456 1047 2776 1116 corporibus
2815 1054 2867 1099 et
2903 1045 3098 1100 animis
3127 1045 3385 1113 perﬁcere

1839 1141 2199 1203 contendunt,
2234 1141 2397 1195 rebus
2443 1138 2663 1195 caducis
2698 1126 2751 1191 et
2783 1140 3122 1207 temporariis
3163 1139 3382 1202 addicti,

1839 1244 2001 1299 supra
2034 1230 2209 1285 sidera
2257 1240 2471 1295 autem,
2519 1223 2785 1300 generoso
2820 1231 3023 1285 animae
3078 1230 3253 1294 oculo,
3316 1246 3384 1284 ne

1839 1323 2107 1376 tantillum
2158 1324 2375 1391 quidem
2422 1323 2665 1391 aSpicere
2694 1322 2953 1377 volentes.
2979 1323 3033 1377 ι,
3066 1323 3148 1378 Ac
3181 1308 3407 1376 morta-i

1836 1411 1969 1464 lium
1991 1413 2102 1465 vita
2135 1413 2432 1467 conteritur
2453 1453 2468 1478 ,
2497 1412 2583 1465 die
2630 1412 2737 1465 diei
2769 1413 3108 1479 succedente,
3150 1412 3385 1480 annique

1836 1503 2079 1570 partibus
2130 1515 2185 1557 et
2229 1503 2708 1567 conversionibus;
2756 1504 2808 1557 5.
2856 1504 3094 1572 solisque
3136 1506 3384 1559 cursibus

1836 1594 1997 1647 certis
2042 1608 2108 1647 ac
2160 1593 2431 1679 deﬁnitis;
2496 1593 2546 1646 6.
2585 1608 2729 1647 nunc
2780 1594 3191 1658 accedentibus,
3239 1611 3384 1649 nunc
3432 1612 3435 1613 ν

1836 1685 2035 1740 sensim
2064 1683 2456 1739 recedentibus.
2499 1683 2549 1737 7.
2573 1683 2682 1739 Nec
2717 1685 2995 1740 dissimilis
3031 1698 3114 1740 est
3148 1687 3261 1747 haec
3296 1703 3383 1741 res

1838 1781 2132 1829 torrentum
2183 1773 2476 1839 transilui,
2512 1789 2637 1829 cum
2694 1790 2889 1844 magno
2946 1777 3171 1845 strepitu
3223 1786 3383 1846 atque

1836 1867 2069 1920 tumultu
2110 1864 2165 1919 in
2209 1865 2533 1931 immensum
2579 1866 2747 1921 maris
2798 1865 3119 1935 profundum
3157 1860 3370 1920 illaben-

1832 1957 1987 2009 tium.
2032 1955 2098 2009 Et
2144 1952 2361 2024 quidem
2407 1971 2470 2010 ea
2514 1972 2633 2025 quae
2665 1956 2944 2010 hominum
2992 1971 3155 2011 causa
3197 1972 3226 2010 a
3270 1956 3380 2010 Deo

1833 2054 2007 2097 creata
2057 2053 2215 2108 sunt,
2251 2045 2439 2099 eadem
2489 2054 2738 2108 manent;
2787 2046 2931 2100 velut
2967 2048 3108 2115 quod
3156 2062 3185 2100 a
3236 2055 3375 2100 terra

1832 2133 2137 2201 gignantur,
2169 2133 2315 2201 quod
2340 2133 2393 2186 in
2421 2118 2620 2187 terram
2657 2134 2883 2196 abeant,
2920 2135 3062 2204 quod
3094 2146 3235 2190 terra
3263 2136 3376 2203 ipsa

1833 2222 1986 2277 ﬁrma
2029 2232 2081 2277 et
2112 2222 2321 2291 stabilis
2354 2224 2444 2288 sit,
2482 2224 2626 2293 quod
2671 2224 2752 2280 sol
2800 2240 2861 2279 ea
2900 2237 3011 2280 tota
3054 2226 3277 2281 decursa
3311 2228 3377 2280 ad

1832 2314 2079 2369 eumdem
2123 2320 2316 2369 rursus
2365 2316 2655 2368 terminum
2713 2325 3079 2385 punctumque
3140 2318 3367 2372 circum-

1829 2406 2105 2470 volvatur;
2148 2404 2402 2474 ﬂuviique
2435 2405 2651 2469 itidem,
2700 2415 2851 2482 tanto
2886 2422 3112 2460 numero
3144 2407 3196 2459 in
3231 2421 3378 2460 mare

1832 2492 2133 2558 inﬂuentes,
2183 2502 2238 2548 et
2292 2490 2439 2548 venti
2479 2494 2846 2559 incurrentes,
2893 2511 2990 2550 nec
3035 2498 3209 2565 ipsum
3245 2496 3377 2551 ﬁnes

1831 2598 1960 2638 suos
1996 2584 2252 2639 excedere
2294 2593 2520 2654 cogant,
2557 2600 2656 2639 nec
2697 2586 2798 2653 ipsi
2842 2601 3033 2640 rursus
3066 2587 3233 2654 legem
3274 2588 3376 2641 sibi

1832 2671 2173 2725 constitutam
2198 2670 2514 2741 infringent.
2538 2673 2713 2741 Atque
2744 2673 2857 2725 haec
2882 2687 3031 2735 sane,
3063 2688 3183 2740 qua:
3219 2675 3376 2728 nobis

1830 2761 1898 2814 ad
1939 2761 2077 2814 hanc
2105 2761 2296 2825 vitam,
2320 2768 2478 2816 Usum
2510 2770 2562 2815 et
2603 2761 2968 2829 adiumentum
3016 2760 3269 2824 aﬁ‘erunt,
3301 2763 3374 2815 ita

1829 2851 2041 2906 decreta
2074 2860 2199 2905 sunt
2227 2862 2279 2905 et
2302 2852 2616 2907 constituta.
2636 2851 2707 2906 ‘8.
2739 2852 2806 2905 At
2826 2866 2949 2920 qua:
2977 2850 3043 2905 ab
3064 2851 3375 2905 hominibus

1828 2941 2221 3011 excogitantur,
2247 2948 2356 2995 tam
2389 2956 2478 2997 res
2508 2958 2671 3011 quam
2704 2943 2886 3007 verba,
2921 2941 3137 2994 modum
3166 2942 3371 2999 nullqu

1828 3033 2043 3088 habent.
2082 3032 2160 3089 Ac
2191 3036 2477 3090 verborum
2511 3050 2705 3103 magna
2734 3035 2949 3103 quidem
2986 3043 3067 3088 est
3092 3035 3283 3101 copia;
3320 3044 3374 3088 at

1828 3122 2037 3180 fructus
2072 3139 2249 3180 nimus
2272 3127 2339 3179 ab
2369 3134 2583 3179 errante
2617 3126 2938 3194 loquacitate
2962 3134 3013 3180 et
3042 3127 3369 3195 nugacitate.

1834 3214 2026 3270 Verum
2070 3219 2142 3271 ita
2187 3227 2375 3271 natura
2418 3226 2848 3293 comparataest
2886 3216 3161 3269 hominum
3210 3218 3368 3279 ratio,

1826 3316 1885 3360 ut
1930 3309 2268 3377 inexplebilis
2298 3308 2365 3362 sit
2410 3322 2597 3365 eorum
2638 3317 2690 3362 et
2738 3307 2988 3376 loquendi
3018 3314 3070 3361 et
3118 3308 3369 3361 audiendi

1824 3397 1960 3457 sitis,
1996 3412 2058 3452 ac
2090 3406 2344 3465 praeterea
2386 3398 2539 3451 vanis
2581 3397 2751 3452 oculis
2790 3412 2851 3451 ea
2873 3398 3053 3450 omnia
3086 3412 3204 3465 quae
3228 3397 3370 3450 acci-

1822 3488 1973 3549 dunt,
2002 3488 2242 3541 intuendi
2263 3488 2548 3556 cupiditas.
2577 3488 2629 3542 9.
2648 3486 2785 3553 Quid
2816 3496 2990 3540 autem
3016 3488 3067 3539 in
3098 3496 3367 3553 posterum

1824 3580 1937 3634 lieri
1969 3589 2165 3649 queat,
2219 3581 2361 3647 quod
2400 3596 2505 3632 non
2540 3580 2650 3645 jam
2676 3578 3000 3632 confectum
3045 3574 3237 3639 fuerit,
3274 3589 3367 3634 aut,-

1823 3660 2036 3739 geratur
2067 3670 2135 3723 ab
2168 3669 2515 3723 hominibus?
2567 3667 2705 3734 Quid
2762 3681 2980 3732 novum,
3038 3666 3180 3735 quod
3224 3680 3367 3719 non-

1822 3762 1948 3814 dum
2013 3762 2377 3830 experimento
2429 3767 2761 3827 compertum
2814 3756 3010 3821 fuerit,
3073 3757 3367 3811 dummodo

1820 3852 2033 3919 insigne.
2089 3852 2160 3906 sit
2212 3861 2266 3905 et
2300 3848 2684 3903 memorabile?
2736 3847 2820 3902 10.
2852 3846 2923 3902 Ut
2976 3847 3202 3916 quidem
3245 3863 3363 3901 mea

1819 3941 2001 4008 opinio
2031 3938 2153 4003 fert,
2179 3938 2425 4008 quisquis
2461 3950 2645 3991 secum
2680 3937 2953 4007 repntabit
2990 3947 3150 4006 atque
3183 3937 3365 3991 consi-

1817 4031 2058 4096 derabit,
2095 4029 2228 4082 nihil
2262 4042 2463 4081 novum
2504 4037 2598 4081 aut
2638 4043 2826 4084 recens
2860 4028 3113 4093 inveniet,
3148 4014 3385 4097 priscis?

1815 4136 1921 4187 qne
1960 4119 2313 4187 incognitum.
2366 4119 2450 4172 11.
2493 4118 2955 4185 Quemadmodum
3005 4126 3179 4173 autem
3228 4133 3363 4186 pra:-

1815 4213 1989 4276 terita,
2034 4211 2302 4264 oblivione
2333 4219 2473 4266 tecta
2510 4222 2672 4276 sunt;
2716 4211 2796 4266 sic
2828 4211 3107 4278 praesentia
3147 4223 3360 4276 quoque
3434 4278 3435 4281 η

1814 4318 2098 4372 progressu
2149 4303 2411 4372 temporis
2462 4303 2529 4356 ad
2575 4312 2819 4371 posteros
2872 4300 2927 4352 in
2974 4298 3356 4353 obscuritatem

1813 4393 1986 4446 ibunt.
2032 4393 2118 4447 12.
2144 4391 2253 4448 Nec
2286 4409 2416 4448 vero
2452 4400 2649 4445 temere
2687 4390 2799 4443 haec
2824 4403 2968 4442 nunc
2993 4388 3143 4454 dico,
3178 4387 3358 4443 Eccle-

1814 4485 2013 4537 siasten
2060 4468 2225 4553 agens
2271 4502 2281 4536 :
2328 4496 2509 4535 verum
2558 4481 2689 4532 mihi
2739 4478 3082 4534 Hebraeorum
3132 4496 3353 4551 regnum

82 4554 87 4559 ἢ
158 4574 455 4628 ἀλλοκότου
503 4575 596 4630 καὶ
652 4554 891 4652 μυσαροῦ
936 4581 1003 4633 τά
1035 4554 1183 4631 κάτω
1225 4554 1709 4652 ἆπαντανπλήθει,

1824 4564 2199 4644 Hierosolymis
2243 4572 2364 4625 ﬁdei
2398 4585 2530 4624 meae
2563 4571 2915 4624 commissum
2954 4571 3190 4633 habenti,
3233 4572 3351 4625 dili-

158 4662 303 4717 ὥστε
342 4664 417 4734 μὴ
449 4660 744 4735 εζναιαὺτά
788 4668 1206 4739 ἀνακτήσασθαι,
1246 4668 1376 4720 ἀλλὰ
1417 4671 1548 4739 μηδὲ
1588 4674 1713 4723 ἀνα-

176 4764 185 4799 ,1
196 4772 221 4801 'J
232 4752 471 4822 μηθῆναι
496 4752 554 4804 τὸ
578 4754 834 4824 παράπαν
863 4757 959 4827 ὅση
985 4756 1051 4808 τὰ
1077 4755 1213 4807 κατά
1238 4754 1334 4806 ἀνθ
1345 4754 1551 4824 ρώπους
1576 4758 1712 4828 πρά-

156 4859 346 4910 γματα
391 4843 711 4913 κατείληφεν
755 4845 963 4898 ἀτοπία.
1017 4838 1375 4914 Λογισάμενος
1424 4846 1529 4916 γάρ
1584 4850 1721 4899 ποτε

156 4931 267 4999 ἐγὼ
296 4950 361 4983 γι
380 4935 417 4981 τ’
452 4933 703 5001 ἐμαυτὸν,
735 4936 827 4987 καὶ
854 4937 1053 5005 οἰηθεὶς
1074 4938 1147 5000 ὡς
1171 4922 1417 4989 ἁπάντων
1450 4937 1565 5005 εἴην
1592 4940 1706 4989 τότε

154 5023 263 5075 τῶν
314 5025 420 5093 πρὸ
467 5021 699 5092 gustu-.06
741 5026 1037 5091 γεγονότων
1087 5025 1325 5079 ἐνταυθοῖ
1372 5024 1702 5096 σοφώτερος·

230 5198 445 5268 (86-87)
462 5201 597 5273 [laci
626 5200 737 5269 γῆν
753 5200 1051 5266 ἒρποντες.
1077 5206 1205 5259 Cod.
1226 5204 1433 5258 Thuan.
1454 5202 1589 5255 κατά
1603 5204 1701 5273 γῆν

151 5268 438 5339 ἕρποντες.
472 5268 715 5323 Ductus.

222 5336 339 5398 (88)
394 5339 502 5389 Καὶ
547 5340 618 5390 τὰ
659 5340 961 5405 πνεύματα
999 5338 1293 5407 ὠσαυτως.
1351 5341 1468 5395 Πεο
1522 5341 1702 5393 omisit

149 5416 416 5472 tanquam
446 5407 929 5478 superﬂuaBillius
950 5448 964 5471 ,
998 5410 1138 5474 quod
1173 5414 1331 5478 paulo
1362 5418 1479 5478 post
1512 5421 1701 5461 vento-

151 5489 273 5526 rum
310 5475 513 5541 mentio
542 5475 651 5530 ﬁat.
686 5476 959 5534 Musonius
991 5475 1248 5541 vcrtit,‘ct
1286 5475 1421 5533 venti
1461 5480 1703 5530 consimi-

151 5544 309 5602 (iter;
356 5538 835 5611 (Ecolampadius,
868 5547 988 5597 item
1037 5538 1165 5610 ﬂare
1213 5562 1403 5602 ventos.
1456 5548 1612 5612 Quod
1654 5550 1698 5600 si

152 5612 481 5680 conjecturae
513 5612 661 5680 locus
681 5626 843 5677 esset,
868 5613 1171 5680 suspicarer
1200 5620 1573 5680 corrigendum
1606 5618 1699 5669 καὶ

148 5681 216 5732 τά
235 5677 482 5750 ῥεύματα
500 5678 776 5745 ὡσαύτως,
794 5694 840 5735 et
868 5677 1217 5735 rivi'similiter
1231 5677 1302 5750 ρει
1312 5677 1377 5738 vii

152 5704 216 5732 τα
235 5704 482 5750 ρευματα
500 5704 776 5745 ωσαυτως,
794 5704 840 5735 et
868 5704 960 5735 rtvt
978 5704 1217 5734 suuutter
1231 5704 1375 5750 [ium
1417 5704 1696 5746 umsment

152 5751 297 5819 enim
328 5748 410 5802 hic
434 5750 554 5802 duae
576 5765 738 5805 voces
768 5767 999 5819 persaepe
1038 5751 1309 5819 conjungi.
1344 5704 1696 5819 GYtlSSﬂl‘ilim,

153 5817 353 5890 ῥεῦμα,
388 5818 675 5887 ﬂuentum;
706 5817 784 5874 sic
816 5817 957 5876 enim
988 5820 1215 5875 emendo
1245 5817 1345 5887 pro
1369 5817 1691 5890 ﬂumeutum.

1417 5688 1701 5746 ue:'solent
1726 5700 1736 5711 ‘

1812 4676 1993 4734 genter
2018 4675 2071 4719 et
2103 4673 2350 4719 accurate
2373 4663 2554 4716 omnia
2577 4664 2807 4731 cogitata
2838 4671 2890 4717 et
2917 4677 3178 4732 perpensa
3207 4672 3353 4717 sunt.

1812 4759 1894 4809 15.
1920 4756 2089 4811 Porro
2134 4762 2302 4809 totam
2339 4769 2521 4807 rerum
2564 4763 2895 4809 terrenarum
2937 4763 3183 4805 naturam
3229 4768 3352 4820 per-

1810 4828 2103 4907 scrutatus:
2131 4852 2295 4911 atque
2322 4842 2598 4913 ingeniose
2640 4855 2692 4896 et
2726 4844 2990 4910 sapienter
3017 4841 3072 4892 in
3110 4855 3172 4892 ea
3204 4841 3351 4910 cogi-
3434 4889 3441 4895 .

1806 4938 2005 4989 talione
2052 4946 2320 5001 versatus,
2369 4951 2485 4989 eam
2544 4934 2774 4987 maxime
2834 4932 3034 4983 variam
3090 4931 3345 4998 comperi.

1805 5025 2019 5078 Homini
2041 5027 2235 5079 etenim
2267 5027 2320 5080 in
2344 5029 2484 5081 terra
2510 5023 2779 5078 laboribus
2815 5036 2972 5074 vexar
3155 5035 3205 5072 m
3229 5028 3345 5085 est,

1803 5199 1967 5253 Eccli.
2008 5202 2309 5266 xxxrx,15,
2342 5200 2423 5269 ὡς
2461 5198 2608 5269 ῥόδον
2644 5197 2905 5269 φυόμενον
2946 5199 3035 5249 ἐπὶ
3080 5195 3345 5269 ῥεύματος

1802 5269 1967 5339 ὑγροῦ
2000 5270 2363 5341 βλαστήσατε.
2386 5266 2532 5341 Sicut
2568 5268 2954 5341 rosu_plaiilata
2976 5281 3141 5341 super
3158 5266 3343 5341 ﬂuen-

1802 5334 1912 5392 tuin
1970 5334 2238 5391 [tumidum
2296 5338 2597 5406 germinate.
2667 5334 2922 5406 Clemens
2960 5334 3109 5406 Alex.
3157 5334 3247 5406 lib.
3302 5351 3340 5388 ιι

1802 5409 2152 5482 Rwdag.‘oap.
2179 5408 2238 5482 8...
2266 5402 2391 5482 legit
2416 5406 2506 5456 ἐπὶ
2532 5406 2813 5482 ῥευμάτων
2838 5404 3056 5463 ὑδάτων,
3086 5402 3148 5482 in
3177 5404 3341 5482 ﬂuen-

1801 5480 1866 5529 Iis
1896 5470 2168 5543 aquarum.
2199 5470 2444 5541 Vulgata,
2470 5470 2781 5543 super'rivos
2807 5488 3077 5539 aquarum.
3111 5470 3337 5525 Basilius

1801 5547 1985 5599 liomil.
2034 5545 2102 5594 ἐν
2133 5542 2430 5610 λιμῷ.οὑκ
2467 5545 2577 5597 ἔστι
2604 5544 2789 5614 ῥεῦμα
2833 5540 3076 5614 ποταμοῦ
3113 5540 3335 5609 στῆσαι”

1802 5558 1985 5599 ιιοῐιιιι.
2034 5558 2102 5594 εν
2133 5558 2430 5610 ,ιίμῳωυκ
2467 5558 2577 5597 εστι
2604 5558 2789 5614 ρευμα
2837 5558 3076 5609 ποταμου
3113 5558 3211 5609 στή

1802 5614 2063 5667 Fluminis
2093 5628 2298 5663 cursant
2327 5616 2505 5665 sistere
2536 5632 2635 5665 non
2664 5614 2799 5664 licet.
2833 5608 2907 5662 In.
3170 5620 3173 5621 '

1802 5680 2092 5803 :V(§?3°£i
2107 5680 2196 5801 (1;;
2212 5682 2458 5759 γένοιτο.
2493 5682 2657 5737 Codd.
2694 5696 2801 5749 reg.
2828 5688 2879 5733 et
2908 5677 3140 5744 Thnan.,
3165 5681 3255 5731 καὶ
3285 5676 3339 5731 τί

1797 5770 1859 5806 αν
1890 5769 2111 5815 γενοιτο.
2146 5769 2218 5801 ιι).

1869 5820 1974 5888 (90)
2014 5820 2137 5870 ’Ὅτι
2168 5819 2219 5871 δ’
2251 5819 2325 5874 ἂν
2348 5822 2505 5890 ετπῃ.
2538 5822 2662 5877 Cod.
2696 5821 2854 5881 Mcd.,
2894 5822 2996 5892 ἔπῃ
3025 5838 3120 5881 τις.
3161 5820 3231 5873 In.
