4098 6362
784 445 882 499 θοι
1668 456 1670 459 τ
1900 450 1955 505 s.
1997 417 2313 505 GRECORII

2364 379 2858 502 ιιιλυιιΑτυιιςι
3885 448 3969 501 993

785 562 949 624 alias,
997 561 1101 614 alia
1164 576 1418 617 aerumnae
1473 565 1790 630 occasione,
1825 565 2027 620 frustra
2069 565 2309 619 involuto

2364 571 2407 625 Α
2433 564 2601 631 ἔγνων
2625 560 2932 632 παραδολάς
2959 575 3016 610 τε
3043 561 3273 612 συνεῖναι
3296 561 3388 612 καὶ⁸
3421 562 3766 630 πραγμάτων
3791 562 3964 630 φύσεις.

785 652 873 707 ﬂ.
907 651 1111 720 Spiritu
1145 663 1335 712 autem.
1357 653 1664 725 prodigiose
1709 666 1763 710 et
1786 657 2124 712 exsecranda
2151 655 2313 710 omni:

2449 651 2643 723 ᾨήθην
2675 651 2730 703 δὲ
2759 649 3030 718 τηνὰλλως
3066 649 3157 700 ἐπὶ
3187 649 3357 719 τούτῳ
3391 647 3671 718 φέρεσθαι,
3719 651 3811 702 καὶ
3834 653 3966 721 σοφία

766 741 900 796 'bzc
934 740 1185 797 inferiora
1217 744 1372 812 plena
1415 756 1568 810 sunt;
1600 748 1686 801 l5.
1709 748 1844 803 adeo
1887 757 1947 802 ut
1976 765 2041 803 ea
2083 747 2313 816 colligert

2441 743 2537 812 μὲν
2571 742 2767 810 γνῶσιν
2806 740 3066 804 ἕπεσθαι,
3118 738 3312 806 γνώσει
3363 740 3420 793 δὲ
3465 740 3658 802 πόνους
3699 741 3964 794 ἐπακολου-

785 845 944 885 nemo
996 840 1189 900 queat;
1223 835 1332 887 imo
1393 847 1460 889 ne
1519 839 1740 892 omnino
1784 839 2000 908 quidem
2061 838 2334 906 cogitare,
2398 834 2570 886 ·Θεί’·ι.

723 969 725 973 ,
782 931 982 994 quanta
1013 943 1098 982 res
1149 927 1415 985 humanas
1448 931 1751 999 absurditas
1805 934 2081 988 invaserit.
2126 931 2212 985 16.
2265 928 2398 984 Nam
2453 945 2576 984 cum
2633 942 2843 980 mecum
2893 927 3006 996 ipse
3069 927 3775 996 aliquandowreputassem,
3829 935 3962 996 atque

780 1019 1202 1088 existimassem,
1232 1037 1320 1076 me
1363 1024 1614 1078 omnibus
1643 1025 1736 1095 qui
1783 1034 1906 1079 ante
1945 1039 2032 1078 me
2063 1024 2310 1088 fuissent,
2373 1023 2474 1074 hac
2530 1020 2584 1073 in
2633 1035 2692 1074 re
2753 1020 3131 1089 sapientiorem
3168 1034 3330 1084 esse;
3383 1019 3467 1071 Π.
3535 1021 3588 1072 in
3616 1021 3853 1073 animum
3892 1022 3957 1072 in-

779 1111 928 1178 iiinii,
957 1120 1068 1166 tum
1097 1115 1381 1182 parabolas
1403 1117 1722 1187 intelligere,
1741 1127 1852 1172 tum
1877 1134 2055 1173 rerum
2083 1127 2326 1171 naturas.
2380 1114 2468 1168 18.
2496 1113 2757 1168 (Σαλιθηιιῐι
2794 1113 3064 1177 incassum
3111 1113 3243 1165 mihi
3286 1113 3351 1165 ad
3400 1127 3514 1165 eam
3571 1128 3688 1166 rem
3749 1115 3955 1168 animum

779 1206 1024 1262 conferre
1054 1209 1205 1264 visus
1240 1224 1360 1264 sum
1384 1227 1403 1274 ,'
1437 1205 1604 1279 qued,
1643 1225 1701 1266 ut
1741 1215 2063 1283 sapientiam
2108 1213 2333 1268 scientia
2373 1209 2641 1279 sequitur,
2674 1207 2746 1261 ita
2780 1208 3018 1262 scientia:
3040 1205 3264 1260 comites
3288 1205 3397 1259 sint
3418 1206 3643 1260 labores.

1389 1302 1618 1359 CAPUT
1659 1305 1721 1360 ll.

849 1389 899 1441 1.
931 1388 1055 1444 ﬂare
1101 1392 1263 1459 igitur
1293 1394 1357 1448 ad
1401 1395 1545 1450 bunc
1586 1397 1807 1450 modum
1857 1413 1916 1452 se
1953 1399 2152 1454 habere
2186 1399 2330 1452 arbi-

778 1486 980 1544 tratus,
1015 1481 1242 1535 alterum
1293 1483 1417 1538 vitae
1467 1501 1636 1554 genus
1699 1503 1980 1556 capessere
2033 1490 2325 1558 proposui,

775 1567 1089 1640 deliciisque
1133 1584 1331 1629 memet
1386 1578 1632 1640 tradere,
1687 1580 1974 1647 variasque
2023 1583 2326 1650 voluptates

741 1644 749 1657 ”
774 1661 1023 1727 experiri.
1061 1660 1255 1717 Verum
1285 1680 1430 1718 nunc
1473 1667 1659 1720 omnia
1689 1667 1804 1722 hate
1836 1684 1972 1722 vana
2018 1685 2138 1723 esse
2171 1668 2326 1724 intel-

773 1749 878 1802 lexi
921 1769 933 1803 :
989 1751 1040 1804 2.
1089 1752 1264 1820 Atque
1297 1755 1422 1808 hinc
1477 1756 1645 1809 risum
1692 1758 1965 1821 solutum,
2020 1768 2324 1828 temereque

771 1852 1050 1907 vagantem
1097 1845 1441 1909 compescui;
1485 1844 1611 1898 hinc
1644 1846 1970 1914 voluptatem
2005 1848 2071 1901 ad
2119 1859 2322 1918 tempe-

771 1929 1000 1982 rantiam
1047 1933 1293 1996 coercui,
1351 1933 1648 2002 acerbeque
1694 1935 1744 1987 ei
1795 1939 2099 1992 succensui.
2150 1938 2203 1992 5.
2242 1942 2319 1992 Ad

769 2019 904 2084 haec,
960 2036 1082 2074 cum
1131 2037 1249 2074 eam
1303 2024 1425 2075 vimi
1463 2040 1582 2077 esse
1628 2026 1822 2079 animae
1875 2028 2233 2097 cogitassem,
2266 2044 2322 2084 ut

770 2110 1116 2165 temulentam
1159 2115 1404 2182 corporis
1457 2123 1706 2169 naturam
1770 2127 1932 2186 atque
1985 2121 2158 2174 instar
2209 2122 2320 2174 vini

767 2200 1127 2266 dillluentem,
1175 2189 1367 2258 sistere
1416 2208 1587 2272 possit
1640 2223 1935 2278 rursusque
1993 2211 2319 2266 continentia

766 2293 1114 2360 cupiditatem
1141 2295 1334 2362 subjici
1377 2310 1440 2350 ac
1474 2298 1732 2350 servitute
1760 2301 1962 2367 prettti';
1988 2303 2317 2372 perspiciens

767 2385 894 2436 dum
926 2383 1058 2437 mihi
1093 2400 1214 2438 esse
1258 2388 1550 2450 constitui,
1588 2390 1845 2458 quidnam
1889 2394 2102 2447 tandem
2145 2396 2320 2449 bomi-

768 2473 928 2528 nibus
960 2477 1292 2545 propositum
1343 2479 1414 2532 sit
1461 2481 1696 2548 serium,
1745 2498 1975 2551 vereque
2026 2486 2224 2540 bonum
2266 2499 2320 2543 et

768 2565 1075 2633 honestum,
1102 2570 1247 2637 quod
1270 2570 1323 2623 in
1347 2570 1449 2625 hac
1480 2572 1586 2626 vita
1607 2573 1918 2627 'conliciant.
1946 2573 2080 2629 Nam
2110 2580 2314 2647 reliqua

765 2656 978 2723 omnia,
1026 2673 1146 2728 qua:
1191 2660 1444 2727 praeclara
1488 2674 1542 2715 et
1585 2663 1942 2720 admiratione
1979 2668 2138 2738 digna
2185 2686 2319 2724 cen-

763 2756 971 2814 sentur,
1007 2752 1276 2818 percurri;
1304 2750 1358 2804 4.
1391 2750 1549 2807 Velut
1583 2755 2079 2812 excelsissimarum
2117 2759 2312 2814 aedium

761 2839 1080 2906 erectiones,
1111 2851 1163 2895 et
1185 2844 1370 2896 vitium
1400 2846 1766 2911 consitiones;
1814 2848 1865 2902 5.
1892 2849 2067 2918 Atque
2093 2852 2314 2920 insuper

763 2929 1398 2997 bortorum'strueturas,
1424 2934 1913 3009 frugiferarumque
1939 2943 2117 2997 omnis
2152 2959 2313 3012 gene-

762 3016 838 3069 ris
861 3018 1112 3072 arborum
1138 3023 1529 3089 possessiones,
1547 3026 1923 3094 studiosasque
1947 3029 2308 3093 excultiones;

762 3107 815 3160 6.
848 3104 946 3160 Ubi
974 3110 1134 3162 etiam
1177 3111 1418 3177 ingentes
1451 3113 1599 3168 lacus
1635 3115 1701 3167 ad
1742 3130 2002 3182 aquarum
2035 3117 2308 3185 exceptio-

761 3214 858 3252 ncs
887 3198 1121 3253 confecti
1156 3210 1304 3262 sunt,
1329 3204 1392 3256 ad
1430 3205 1644 3259 uberem
1671 3217 1722 3260 et
1748 3209 2023 3274 copiosam
2053 3208 2305 3261 arborum
2335 3227 2376 3282 ε

760 3289 1077 3356 rigationem
1107 3290 1398 3358 distributi.
1438 3292 1488 3345 7.
1522 3292 1638 3348 Jam
1669 3314 1794 3350 vero
1825 3298 2148 3354 famulorum
2175 3316 2311 3369 quo-

674 3402 676 3404 ·
759 3396 864 3450 que
910 3381 1123 3449 agmine
1164 3393 1345 3451 septus
1396 3382 1471 3436 l‘ui
1497 3423 1510 3445 ,
1549 3393 1660 3438 tum
1700 3391 1868 3443 servis
1915 3400 2027 3445 tum
2069 3393 2307 3457 ancillis;

758 3488 962 3540 eosque
996 3474 1190 3543 partim
1218 3485 1437 3528 cxterne
1461 3479 1790 3544 comparavi,
1831 3483 2022 3547 partim
2055 3485 2194 3552 apud
2227 3501 2311 3538 me

760 3549 916 3619 natos
943 3566 1176 3634 possedi.
1212 3566 1519 3632 Quinetiam
1547 3570 1726 3636 plures
1757 3549 2162 3639 quadrupedum
2194 3578 2310 3628 ani-

758 3655 1021 3708 mantium
1080 3671 1305 3724 greges,
1342 3665 1456 3710 tum
1502 3657 1666 3712 boum
1717 3668 1828 3712 tum
1891 3664 2187 3728 pecudum,
2256 3668 2307 3720 in

760 3760 957 3812 meam,
999 3762 1160 3814 quam
1191 3748 1244 3800 in
1281 3749 1600 3818 cujusquam
1631 3765 1819 3804 eorum
1858 3751 1949 3820 qui
1979 3754 2106 3806 olim
2142 3758 2310 3810 exsti-

759 3845 971 3898 terunt,
1020 3847 1333 3904 potestatem
1362 3853 1642 3896 venerunt.
1692 3842 1744 3896 8.
1776 3842 1877 3897 Sed
1904 3854 1956 3898 et
1989 3846 2104 3898 auri
2138 3856 2190 3900 et
2219 3864 2309 3900 ar-

759 3929 901 3994 genti
955 3915 1194 3981 tbesaui‘i
1229 3931 1359 3982 mihi
1419 3933 1738 3997 amuebant,
1790 3945 1975 4006 utpote
2019 3940 2111 4007 qui
2160 3956 2311 4009 reges

760 4031 948 4069 omnes
981 4029 1045 4069 eo
1073 4015 1439 4096 adduxissem,
1467 4030 1524 4073 ut
1550 4025 1678 4078 mibi
1707 4036 1759 4079 et
1785 4041 2007 4080 munera
2029 4029 2305 4096 all'errent,

758 4115 810 4157 ct
846 4104 1045 4157 tributa
1086 4089 1473 4172 persolverent.
1511 4107 1773 4166 Praeterea
1814 4117 1964 4169 chori
2007 4118 2308 4186 complures

758 4195 823 4248 ad
849 4211 1020 4250 meam
1049 4197 1462 4251 oblectationem
1488 4201 1845 4270 agitabantur,
1877 4207 2116 4260 virorum
2148 4210 2307 4262 simul

757 4297 812 4340 et
843 4286 1189 4351 feminarum,
1228 4289 1709 4343 concinnissimum
1736 4305 1950 4349 cantum
1983 4307 2035 4351 et
2066 4301 2310 4353 modula-

759 4379 1027 4432 tissimum
1069 4381 1432 4435 efﬁcientium.
1473 4379 1731 4434 Convivia
1759 4399 1916 4450 porro
1943 4396 1995 4440 et
2024 4389 2306 4455 pincernas

758 4469 912 4539 (nam
939 4484 1002 4523 ea
1033 4471 1085 4522 in
1129 4471 1263 4524 lianc
1305 4473 1594 4540 voluptatis
1638 4483 1840 4541 partem
1884 4480 2196 4551 retuleram)
2237 4499 2300 4537 ex

2983 1309 2985 1314 ·
3027 1301 3270 1353 ΚΕΦΑΛ.
3319 1300 3392 1352 B'.
3719 1367 3729 1374 .

2503 1390 2672 1444 Τοῦτο
2711 1391 2775 1461 δὴ
2819 1391 2961 1442 τοῦθ’
2994 1390 3164 1453 οὕτως
3206 1389 3347 1458 ἔχειν
3390 1390 3647 1460 νομίσας,
3683 1391 3846 1457 ἔγνων
3881 1391 3951 1441 ἐπὶ

2429 1483 2622 1552 ἑτέραν
2685 1482 2824 1534 ἰδέαν
2873 1470 3170 1551 τραπέσθαι
3233 1481 3380 1548 βίου,
3443 1483 3534 1534 καί
3590 1482 3830 1534 ἐκδοῦναι
3875 1481 3950 1550 μὲν

2427 1570 2658 1637 ἐμαυτὸν
2695 1573 2894 1639 τρυφῇ,
2936 1572 3126 1638 πεῖραν
3160 1569 3214 1620 δὲ
3246 1568 3424 1620 λαϐεῖν
3464 1569 3664 1639 ἡδονῶν
3706 1569 3948 1620 ποικίλων.

2426 1659 2538 1710 Νῦν
2569 1661 2746 1712 τοίνυν
2781 1660 2988 1728 συνῆκα
3028 1658 3103 1721 ὡς
3138 1659 3205 1710 τά
3231 1658 3448 1710 τοιαῦτα
3491 1660 3692 1729 μάταια
3740 1657 3948 1726 σύμπαν-

2423 1768 2490 1803 τα
2511 1769 2522 1780 ·
2548 1752 2639 1803 καὶ
2667 1751 2875 1818 γέλωτα
2911 1752 3006 1820 μὲν
3029 1752 3154 1820 είκῆ
3183 1751 3478 1821 φερόμενον
3503 1751 3752 1819 ἐπέσχον,
3790 1750 3949 1819 ἡδονὴν

2425 1841 2480 1893 δὲ
2510 1841 2643 1911 πρὸς
2679 1841 2737 1893 τὺ
2777 1842 3065 1912 σωφρονεῖν
3105 1842 3355 1907 ἐκόλασα,
3396 1841 3605 1911 πικρῶς
3647 1842 3950 1910 ἐπιτιμήσας

2423 1929 2577 1997 αὐτῇ,
2637 1930 2999 1998 Λογισάμενος
3064 1927 3152 1991 δὲ,
3195 1930 3275 1981 ὅτι
3319 1928 3462 1999 ψυχὴ
3510 1927 3728 1979 δύναται
3786 1928 3951 1995 στῆσαι

2425 2016 2722 2085 μεθύουσαν
2757 2018 2852 2069 καὶ
2887 2017 3110 2086 ῥέουσαν
3133 2015 3318 2088 ὧσπερ
3345 2015 3482 2070 οἶνον
3524 2018 3770 2086 σώματος
3794 2017 3948 2083 φύσιν,

2420 2108 2711 2178 ἐγκράτεια
2757 2108 2813 2159 δέ
2862 2107 3162 2162 δουλοῦται
3206 2109 3524 2179 ἐπιθυμίαν·
3593 2107 3948 2178 προεθυμήθην

2419 2198 2671 2260 κατιδεῖν,
2700 2198 2751 2250 τί
2790 2215 2916 2250 ποτε
2940 2196 3041 2268 ,εἴη
3085 2199 3438 2270 προκείμενον
3477 2198 3781 2270 ἀνθρώποις
3812 2215 3947 2250 σπου-

2416 2288 2578 2354 δαῖον,
2603 2291 2696 2341 καὶ
2718 2288 2795 2358 τῷ
2821 2290 2931 2342 δντι
2967 2290 3124 2341 καλὸν
3152 2290 3179 2341 δ
3213 2291 3645 2360 καταπράξονται
3679 2289 3824 2360 παρὰ
3848 2306 3947 2341 του-

2419 2379 2528 2429 τονὶ
2554 2376 2644 2429 τὸν
2690 2377 2822 2447 βίον.
2864 2377 3218 2444 Διεξελήλυθα
3244 2378 3350 2449 γὰρ
3389 2379 3455 2430 τὰ
3484 2378 3647 2430 λοιπά
3687 2380 3944 2448 σύμπαντα

2413 2467 2489 2520 ὃσ’
2512 2468 2810 2536 ἀξιάγαστα
2833 2470 3129 2538 νομίζεται,
3157 2471 3316 2523 οῖ’κων
3341 2487 3398 2521 τε
3433 2471 3789 2540 ὁπερυψὴλων
3814 2473 3947 2541 ἀνορ-

2414 2556 2606 2620 θώσεις
2651 2559 2744 2610 καὶ
2787 2561 3005 2628 φυτείας
3058 2562 3353 2631 ἀμπέλων,
3400 2561 3477 2612 ἐτι
3525 2561 3581 2613 δὲ
3632 2561 3942 2630 παραδείσων

2413 2649 2752 2711 κατασκευὰς
2779 2680 2796 2712 ,
2860 2650 2952 2703 καὶ
3003 2653 3265 2704 παντοίων
3327 2651 3553 2720 δένδρων
3607 2650 3943 2720 καρποφὸρων

2414 2743 2630 2812 κτήσεις
2679 2744 2771 2794 καὶ
2824 2741 3164 2811 ἐπιμελείας·
3228 2744 3359 2794 ὅπου
3427 2742 3483 2793 δὲ
3544 2743 3637 2793 καὶ
3687 2740 3942 2808 δεξαμεναὶ

2415 2830 2641 2898 μεγάλαι
2685 2831 2819 2900 πρὸς
2870 2832 3133 2900 ὑποδοχὰς
3170 2832 3374 2884 ὑδάτων
3419 2829 3938 2898 κατεσκευάσθησαν.

2411 2923 2489 2983 είς
2521 2920 2714 2990 δαψιλῆ
2746 2921 2962 2991 ἀρδείαν
2997 2922 3104 2972 τῶν
3139 2919 3317 2989 φυτῶν
3344 2920 3824 2988 άπονενεμημέναι.
3855 2919 3940 2971 Πε-

2414 3010 2733 3080 ριεὸαλόμην
2768 3010 2824 3060 δὲ
2849 3013 2943 3062 καὶ
2982 3011 3203 3062 οἰκετῶν
3239 3009 3468 3078 πλῆθος,
3508 3008 3831 3078 θεράποντας
3861 3009 3941 3060 καὶ

2409 3100 2770 3172 θεραπαίνας’
2800 3102 2988 3164 ἄλλους
3024 3103 3117 3171 μὲν
3151 3100 3344 3164 ἔξωθεν
3391 3103 3747 3171 κτησάμενος,
3776 3102 3940 3162 ἀλλους

2409 3192 2463 3243 δὲ
2493 3194 2584 3245 καὶ
2626 3195 2752 3262 παρ’
2779 3193 2998 3261 ἐμαυτῷ
3031 3193 3349 3260 γενομένους
3385 3194 3490 3261 (91)
3514 3195 3937 3263 καρπωσάμενος.

2411 3279 2570 3332 Ζώων
2593 3281 2649 3332 δὲ
2682 3281 3019 3351 τετραπόδων
3059 3281 3267 3347 ἀγέλαι,
3302 3281 3489 3333 πολλαὶ
3518 3283 3613 3351 μὲν
3653 3283 3938 3352 βουκολίων,

2364 3419 2367 3421 ,
2412 3370 2599 3422 πολλαὶ
2637 3372 2693 3424 δὲ
2732 3372 2994 3442 ποιμνίων
3045 3372 3147 3424 ὑπὸ
3193 3373 3292 3442 τὴν
3341 3373 3477 3443 ἐμὴν
3520 3369 3679 3442 ἦλθον
3722 3374 3941 3437 ἐξουσίαν

2411 3463 2538 3532 παρ’
2571 3462 2808 3515 ὁντινοῦν
2834 3462 2939 3516 τῶν
2963 3462 3144 3515 πάλαι.
3177 3463 3446 3533 Θησαυροί
3473 3479 3529 3514 τε
3555 3463 3752 3534 χρυσοῦ
3774 3481 3828 3516 τε
3857 3464 3940 3514 καὶ

2409 3554 2647 3624 ἀργύρου
2696 3556 3023 3626 προσέρρεον
3047 3594 3060 3615 ,
3108 3554 3432 3623 δορυφόρους
3471 3553 3580 3623 (92)
3621 3555 3687 3606 ’τέ
3739 3572 3820 3622 μοι
3859 3555 3940 3605 καὶ

2407 3647 2812 3716 δασμοφόρους,
2854 3648 2979 3708 τοὺς
3023 3646 3270 3697 ἁπάντων
3308 3644 3538 3713 βασιλεῖς
3591 3646 3936 3715 τεποιημένῳ.

2407 3737 2569 3803 Χοροί
2619 3754 2676 3788 τε
2722 3735 3135 3806 συνεκροτοῦντο
3185 3735 3566 3804 παμπληθεῖς,
3611 3737 3842 3806 ἀρρένων
3891 3736 3938 3788 δέ

2408 3845 2466 3878 τε
2494 3827 2598 3898 (95)
2626 3827 2756 3898 ὁμοῦ
2787 3828 2877 3879 καὶ
2902 3826 3122 3896 θηλειῶν
3139 3828 3216 3889 εἰς
3238 3827 3331 3896 τὴν
3357 3827 3492 3896 ἐμὴν
3517 3827 3573 3877 τέ
3583 3826 3724 3895 ρψιν,
3744 3843 3930 3897 παναρ-

2411 3917 2584 3984 μόνιον
2634 3917 2994 3970 ἐκπονούντων
3054 3917 3210 3986 ᾠδήν.
3307 3916 3584 3985 Συμπόσιά
3623 3932 3685 3982 γε
3731 3917 3828 3985 μὴν
3859 3919 3937 3967 καὶ

2406 4007 2669 4076 οἰνοχόους
2711 4010 2791 4070 είς
2832 4008 2988 4060 τοῦτο
3041 4005 3284 4072 ἀπέταξα
3311 4009 3408 4078 τῆς
3451 4006 3660 4074 τρυφῆς
3696 4006 3850 4076 μέρος
3889 4007 3938 4068 ἐξ

2407 4097 2661 4166 ἐκατέρου
2712 4099 2898 4164 γένους
2946 4099 3240 4169 ἀνθρώπων
3289 4096 3721 4165 ἐξειλεγμένους,
3751 4097 3849 4149 οὐδ’
3881 4099 3936 4149 ἂν

2405 4189 2722 4256 καταλέγειν
2749 4189 2944 4259 ἔχοιμι,
2970 4190 3217 4242 τοσοῦτον
3246 4187 3573 4256 ὑπερέϐαλον
3601 4187 3803 4249 τούτοις
3829 4189 3937 4250 τοὺς

2407 4281 2510 4350 πρὸ
2554 4281 2684 4350 ἐμοῦ
2742 4281 3156 4349 βασιλεύσαντας
3224 4278 3587 4348 Ἰερουσαλήμ.
3629 4275 3755 4332 Εἶτα
3803 4279 3936 4332 συνέ-

2405 4371 2574 4435 6αινε,
2605 4373 2675 4444 τα
2702 4374 2798 4442 μὲν
2823 4375 2919 4444 τῆς
2945 4375 3128 4443 σοφίας
3156 4390 3242 4441 μοι
3273 4371 3636 4433 ἐλαττοῦσθαι,
3671 4373 3934 4443 πληθύνειν

2403 4463 2546 4515 δὲτὰ
2568 4465 2667 4532 τῆς
2695 4465 2794 4516 οὐκ
2823 4465 3029 4534 ἀγαθῆς
3067 4463 3376 4530 ἐπιθυμίας.
3420 4463 3586 4515 Παντὶ
3617 4464 3722 4533 γὰρ
3756 4462 3933 4530 ὀφθαλ-

759 4569 990 4627 utroque
1032 4560 1309 4615 hominum
1359 4581 1485 4618 sexu
1527 4564 1797 4626 delectos,
1847 4578 1899 4619 et
1930 4571 2192 4636 eximios,
2236 4590 2300 4627 ne

2364 4553 2518 4622 ty.th
2542 4572 2599 4606 τε
2636 4555 2984 4622 δελεάσματι,
3030 4558 3120 4605 καὶ
3166 4551 3387 4622 καρδίας
3446 4555 3698 4624 ἀκράτοις
3757 4554 3932 4622 ὁρμαῖς

758 4660 985 4714 numero
1043 4648 1260 4714 quidem
1303 4653 1583 4720 complecti
1621 4653 1856 4721 possim»;
1903 4656 1954 4708 9.
1981 4659 2129 4712 Adeo
2177 4662 2297 4725 bis,

758 4750 948 4789 omnes
985 4737 1076 4804 qui
1115 4749 1237 4790 ante
1277 4756 1358 4794 me
1386 4741 1770 4814 Hierosolymis
1811 4760 2120 4817 regnarunt,
2153 4763 2303 4804 ante-

759 4826 934 4879 cellui.
967 4825 1102 4878 lline
1135 4837 1312 4881 autem
1357 4836 1727 4904 contingebat,
1762 4849 1819 4892 nt
1848 4840 1979 4894 milii
2014 4849 2070 4907 et
2095 4842 2301 4908 sapien-

759 4918 829 4968 tia
880 4916 1322 4978 imminueretur,
1367 4932 1419 4972 et
1467 4926 1657 4981 vitiosa
1696 4931 1961 4997 cupiditas
2017 4941 2296 4984 cresceret.

761 5007 843 5058 10.
861 5005 994 5060 Nam
1017 5023 1140 5060 cum
1171 5010 1424 5064 omnibus
1441 5017 1716 5070 oculorum
1749 5022 2031 5086 illecebris,
2055 5034 2105 5076 et
2133 5023 2303 5091 impo-

759 5098 992 5151 tentibus
1034 5097 1508 5169 petulantibusque
1531 5109 1706 5162 cordis
1739 5112 2018 5167 desideriis
2067 5115 2300 5182 undique

761 5187 1183 5255 incursantibus,
1212 5201 1352 5247 totas
1385 5194 1623 5250 habenas
1650 5206 2034 5270 permisissem,
2061 5223 2123 5259 ac
2152 5207 2298 5260 volu-

791 5380 1361 5458 ¹(91)Ῑ“ενομένους,
1424 5391 1554 5443 Cod.
1607 5391 1828 5456 Mcdic.,
1876 5399 2142 5462 γενέσθαι.
2197 5400 2300 5454 DU-

758 5463 919 5502 ειυς.

981 5529 1368 5603 Δορυφςξρςινς.
1399 5519 1697 5600 Scripserat
1733 5533 1836 5603 inn
1863 5540 2045 5603 argine
2069 5539 2187 5591 libri
2213 5541 2296 5593 sui

764 5581 983 5674 _Basi|r:e
1011 5581 1462 5656 eitusi'lliliius:
1513 5581 1652 5666 Quid
1697 5603 1742 5653 si
1783 5581 2156 5674 δωροξςόρουςῖ)
2203 5611 2296 5663 sed

761 5663 1061 5746 transversa
1089 5667 1222 5718 linea
1251 5663 1614 5736 ctiitjrcturalii
1646 5689 1798 5725 suam
1819 5663 2114 5738 jugula'rat,
2137 5696 2296 5746 quam

764 5731 940 5804 utnon
975 5731 1024 5817 illi
1068 5749 1161 5784 sua
1204 5731 1636 5817 interpretatione
1677 5731 2118 5817 secut'tts'eSLHS't
2149 5731 2298 5817 δορυέ

765 5797 952 5863 φόρους
983 5797 1142 5865 legas,
1175 5797 1419 5860 Sulci/{trs
1449 5814 1527 5864 vel
1555 5814 1876 5879 apparitores
1917 5797 2298 5882 intelligesirdt

2401 4646 2572 4711 ἐφιεὶς
2603 4645 2933 4712 πανταχόθεν
2979 4643 3468 4713 προσπιπτούσαις,
3511 4645 3708 4714 ἡδονῶν
3743 4644 3931 4695 ἐλπίσιν

2401 4733 2628 4800 ἐμαυτὸν
2687 4731 3024 4793 ἐκδεδωκώςο
3077 4734 3166 4784 καὶ
3229 4734 3426 4796 πάσαις
3475 4736 3703 4804 τρυφαῖς
3756 4733 3930 4785 δειλαί-

2401 4841 2485 4885 at;
2530 4823 2689 4891 (9:5),
2760 4824 2858 4892 τὴν
2923 4825 3154 4893 ἐμαυτοῦ
3222 4827 3549 4894 ἐγκατέδησα
3617 4826 3925 4895 προαίρεσιν.

2401 4904 2554 4966 Οὕτω
2606 4915 2711 4982 γάρ
2768 4932 2867 4982 μου
2929 4915 2981 4966 αἱ
3053 4915 3412 4986 ἐνθυμήσεις,
3480 4918 3559 4976 εἰς
3617 4917 3930 4985 δυσπραγίαν

2401 5001 2732 5070 ἠνέχθησαν,
2766 5002 2838 5064 ὡς
2883 5002 3052 5055 ταῦτα
3103 5006 3198 5073 μὲν
3243 5001 3376 5057 εἶναι
3442 5002 3616 5064 καλὰ,
3667 5003 3830 5055 ταῦτα
3879 5002 3926 5053 δὲ

2405 5110 2490 5162 μοι
2544 5099 2834 5164 προσήκειν
2889 5095 3304 5164 διαπράττεσθαι
3351 5094 3606 5164 νομίζειν.
3653 5093 3774 5148 Εἶτα
3813 5094 3924 5147 ποτὲ

2401 5183 2668 5253 ἀνανήψας
2715 5183 2823 5252 ἐγὼ
2873 5187 2961 5238 καὶ
3011 5186 3344 5254 ἀναϐλέψας,
3410 5185 3648 5237 κατεῖδον
3695 5188 3830 5258 ἅπερ
3876 5186 3926 5235 ἐν

2399 5401 2723 5471 sutiragatur
2747 5403 2898 5454 alteri
2929 5402 3141 5454 lectioni
3172 5399 3446 5468 Scriptura
3477 5398 3538 5452 111
3570 5401 3702 5466 Reg.
3729 5421 3800 5465 ιι,
3824 5404 3920 5456 ξιτ

2401 5471 2466 5522 Et
2499 5489 2669 5523 omnes
2706 5488 2844 5538 reges
2882 5482 3032 5523 terra?
3068 5472 3362 5537 querebaut
3404 5471 3590 5538 facient
3621 5473 3921 5532 Salomonis,

2397 5552 2446 5594 et
2471 5541 2881 5617 ferebnnrdona.
2918 5539 2994 5617 Ιρε
3152 5575 3197 5617 ..‘
3251 5607 3282 5617 _.
3451 5611 3462 5617 -
3547 5612 3558 5617 _
3599 5613 3608 5617 _
3733 5613 3766 5617 μ
3809 5613 3820 5617 -
3890 5608 3900 5617 .

2472 5605 2582 5673 ωδ)
2631 5608 2905 5678 apparo.»
2931 5608 2996 5678 δέ
3024 5624 3105 5660 τε.
3150 5605 3336 5662 Medic.
3367 5611 3486 5663 cod.
3527 5612 3702 5668 deleto
3727 5613 3780 5664 δὲ
3809 5608 3924 5678 tesit

2399 5680 2641 5750 ἀρρένων
2667 5694 2724 5728 τε
2752 5677 2905 5750 ὁμοῦ.
2935 5677 3008 5750 11)ἐ
3275 5684 3299 5750 Α·

2470 5746 2579 5816 (94)
2620 5749 2927 5817 Δειλαιάις,
2975 5746 3154 5800 Savilii
3187 5748 3349 5801 codex
3390 5748 3644 5817 Anglicus
3689 5750 3917 5809 δείλαως-

2401 5817 2564 5870 Paulo
2596 5825 2716 5884 post
2742 5832 2843 5870 ms.
2878 5816 3087 5883 Medic.,
3115 5817 3358 5888 μοχθηρά
3380 5836 3434 5871 τε
3466 5816 3618 5889 ὁμοῦ.
3656 5821 3724 5874 lu.
