4098 6362
141 428 248 482 995

143 547 329 618 χερσὶν
389 541 566 616 εἶχον,
617 546 880 618 ’μοχθηρὰ
949 545 1081 614 ὁμοῦ
1159 547 1250 598 καὶ

144 637 448 706 πνεύματος
472 637 572 689 οὐκ
607 637 807 704 ἀγαθοῦ
846 638 1140 706 ποιήματα.
1171 636 1334 688 Οὐδὲν
1368 635 1474 705 γὰρ
1523 632 1699 685 ότιοῦν

143 726 238 779 ὑπ’
283 726 578 796 ἀνθρώπων
620 727 916 798 ᾑρημένον,
959 726 1250 778 ἀποδεκτὸν
1291 721 1428 777 εἷναί
1470 741 1558 792 μοι
1603 721 1698 775 νῦν

141 802 532 886 καταφαίνεται
579 817 670 869 καὶ
722 817 1176 888 περισπούδαστον
1230 814 1371 884 ὀρθῷ
1435 812 1693 882 λογισμῷ.

140 908 599 982 Συλλογισάμενος
634 901 736 963 οῦν
782 905 851 957 τά
894 922 949 956 τε
999 904 1183 972 σοφίας
1230 901 1440 970 ἀγαθά,
1489 901 1581 953 καὶ
1631 902 1698 954 τὰ

138 1000 452 1069 ἀφροσύνης
485 997 647 1060 κακὰ,
679 999 896 1060 είκότως
928 997 992 1052 ἂν
1024 995 1218 1058 ἱκανῶς
1252 995 1578 1064 θαυμάζοιμι
1609 993 1700 1046 άν-

139 1090 249 1159 δρα
291 1091 551 1152 τοιοῦτον,
579 1088 638 1150 ὃς
668 1106 749 1149 τις
775 1088 1067 1157 φερόμενος
1096 1086 1328 1154 ἀλόγως·
1358 1084 1544 1137 ἔπειτα
1583 1086 1698 1136 ἐαυ-

136 1181 238 1230 τοῦ
266 1179 593 1247 λαϐόμενος,
634 1179 710 1238 είς
736 1177 795 1228 τὸ
833 1177 950 1228 δέον
994 1174 1305 1244 ἐπιστρέψει
1334 1173 1461 1243 (95).
1492 1174 1696 1243 Φρονή-

139 1285 278 1331 σεως
306 1269 412 1339 γὰρ
443 1269 536 1320 καὶ
563 1266 868 1338 ἀφροσύνης
926 1265 1056 1318 πολὺ
1087 1265 1147 1317 τὸ
1179 1265 1358 1334 μέσον,
1388 1263 1614 1333 διαφορά
1641 1263 1697 1315 δὲ

136 1362 340 1430 ἀμφοῖν
372 1357 624 1428 τοσαύτη,
647 1359 744 1428 ὅση
778 1374 880 1425 περ
910 1356 1115 1426 ἡμέρας
1145 1358 1279 1425 πρὸς
1311 1356 1493 1408 νύκτα.
1516 1356 1702 1406 Ἔοικέ

135 1451 316 1502 τοίνυν
339 1489 354 1513 ,
387 1453 413 1502 6
448 1450 542 1518 μὲν
579 1448 774 1519 ἀρετὴν
805 1446 1110 1517 ᾑρημένος,
1140 1447 1351 1516 τρανῶς
1393 1462 1452 1497 τε
1495 1445 1698 1498 ἕκαστα

136 1539 228 1590 καὶ
252 1539 366 1591 ἀνω
398 1538 636 1607 βλέποντι
658 1553 670 1565 ο
703 1536 826 1604 τῆς¹
857 1551 915 1585 τε
945 1533 1136 1585 ἐαυτοῦ
1163 1535 1416 1604 πορείας,
1448 1533 1694 1603 λαμπρο-

133 1630 299 1680 τάτου
343 1629 572 1698 φέγγους
620 1627 794 1698 καιρῷ
843 1627 1228 1696 πεποιημένῳ·
1273 1629 1299 1676 6
1338 1626 1383 1677 δ’
1433 1621 1496 1677 αὖ
1533 1626 1697 1696 κακία

135 1720 612 1790 ἐμπεπλεγμένος,
639 1721 729 1773 καὶ
752 1718 922 1788 πλάνη
952 1716 1174 1786 παντοίᾳ
1205 1717 1278 1778 ὼς
1305 1717 1360 1768 ἐν
1395 1719 1697 1787 σκοτομήνῃ

138 1808 481 1879 πλανωμένῳ
504 1853 518 1876 ,
552 1809 743 1878 τυφλός
777 1825 836 1858 τε
869 1806 940 1859 ῶν
983 1807 1081 1877 τὴν
1130 1805 1424 1877 πρόσοψιν,
1468 1805 1560 1856 καὶ
1593 1807 1696 1857 ὑπὸ

133 1901 228 1952 τοῦ
266 1901 491 1964 σκότους
522 1902 624 1953 τῶν
654 1900 987 1972 πραγμάτων
1007 1899 1354 1971 ἀφῃρημένος
1380 1898 1508 1967 (96).
1535 1898 1696 1960 Τέλος

131 1991 184 2042 δὲ
217 1993 516 2062 ἐπινοήσας
549 1993 805 2061 ἐκατέρου
835 1991 942 2043 τῶν
977 1990 1102 2058 βίων
1136 1990 1336 2042 τούτων
1367 1988 1557 2055 ἐγὼ’τὸ
1578 1989 1692 2041 διά-

133 2098 320 2150 φορον,
349 2076 712 2151 εὗρονούδέν,
749 2083 839 2133 καὶ
866 2080 939 2144 ὡς
973 2081 1222 2134 κοινωνὸν
1248 2080 1493 2150 ἀφρόνων
1529 2083 1697 2149 ἐμαυο

131 2173 220 2222 τὸν
258 2175 640 2242 καταστήσας,
674 2172 740 2224 τά
787 2173 884 2241 τῆς
919 2172 1225 2242 ἀφροσύνης
1269 2171 1514 2242 ἐπίχειρα
1555 2171 1696 2234 δέξο-

134 2281 252 2332 μαι.
299 2265 366 2315 Τί
392 2264 500 2334 γάρ
539 2264 570 2333 ῆ
612 2264 718 2315 τῶν
752 2266 1096 2333 σοφισμάτων
1124 2263 1346 2316 ἐκείνων
1388 2263 1624 2331 ἀγαθὸν,
1659 2266 1690 2334 ἦ

132 2355 261 2406 ποία
287 2354 475 2424 ὄνησις
501 2355 606 2406 τῶν
637 2354 844 2407 πολλῶν
867 2355 1060 2422 λόγων,
1083 2357 1215 2407 ὅπου
1243 2371 1308 2422 γε
1336 2343 1412 2406 τά
1435 2354 1695 2425 φλυαρίας

133 2446 404 2513 ῥεύματα,
443 2444 624 2513 ῶσπερ
656 2447 719 2497 ἐκ
750 2447 928 2515 πηγῆς
955 2448 1185 2516 ὁρμᾶται
1218 2446 1320 2516 τῆς
1359 2447 1692 2517 ἀφροσύνης;

131 2535 289 2606 Σοφῷ
315 2536 375 2587 δὲ
406 2536 498 2587 καὶ
526 2535 715 2605 ἄφρονι
745 2537 918 2588 κοινὸν
943 2538 1113 2600 οὐδὲν,
1146 2538 1206 2588 οὐ
1237 2538 1373 2590 κατά
1399 2538 1695 2608 ἀνθρώπων

134 2626 378 2694 μνήμην,
404 2623 464 2674 ού
490 2625 627 2677 κατὰ
647 2624 780 2676 Θεοῦ
812 2625 1061 2696 ἀμοιϐήν.
1093 2626 1212 2678 Τῶν
1237 2628 1280 2678 δ’
1310 2630 1367 2679 ἐν
1393 2627 1694 2698 ἀνθρώποις

129 2716 508 2786 πραγμάτων,
541 2716 618 2767 ἐτι
649 2704 908 2784 ἄρχεσθαι
940 2717 1234 2770 δοκούντων
1255 2758 1268 2779 ,
1303 2718 1401 2788 ἤδη
1447 2718 1506 2770 τὸ
1542 2720 1695 2781 τέλος

131 2807 497 2877 ἐπιλαμϐάνει
535 2807 807 2859 ἁπάντων.
856 2808 1023 2876 Σοφὸς
1055 2809 1110 2860 δὲ
1157 2809 1408 2860 οὐδέποτε
1453 2809 1696 2880 ἀσυνέτῳ

127 2899 226 2952 τοῦ
254 2900 425 2953 αὐτοῦ
455 2902 697 2952 κοινωνεῖ
737 2899 939 2962 τέλους.
979 2899 1244 2970 Ἐμίσησα
1273 2899 1450 2951 τοίνυν
1482 2899 1574 2952 καὶ
1605 2900 1694 2951 τὸν

131 2990 433 3060 σύμπαντά
460 3009 558 3061 μου
581 2991 711 3061 βίον,
727 2991 816 3042 τὸν
842 2993 1037 3053 ἐντοῖς
1060 2992 1304 3059 ματαίοις
1327 2990 1690 3055 ἁναλωθέντα,

123 3083 188 3135 ὃν
216 3084 480 3154 διήγαγον
509 3087 618 3146 τοῖς
652 3085 778 3154 περὶ
809 3084 1124 3159 γῆν-πόνοις
1167 3083 1563 3154 προστετηκὼς.
1609 3083 1695 3146 Ὠς

1199 396 1679 478 METAPHBASIS
1719 419 1788 476 IN
1824 421 2351 491 ECCLESIASTEN.

1361 543 1680 614 παγχάλεπα

1815 552 2019 612 ptatum
2043 546 2154 613 spei
2183 561 2269 604 me
2295 546 2469 615 ipsum
2492 535 2845 612 dedidissent;
2874 548 3086 603 miseris
3106 550 3355 611 omnibus

3250 431 3355 487 996

1795 635 1999 688 deliciis
2045 637 2212 689 animi
2258 638 2580 691 voluntatem
2632 632 2875 692 astrinxi.
2939 638 3065 693 Mea:
3125 655 3356 708 namque

1797 724 2148 791 cogitationes
2194 741 2259 780 eo
2308 726 2638 804 infelicitatis
2668 729 2930 796 prolapso:
2956 737 3116 797 sunt,
3152 737 3211 783 ut
3242 731 3356 785 hac

1800 817 2024 872 honesta
2057 829 2108 870 et
2140 823 2373 888 egregia,
2408 819 2676 889 dignaque
2705 835 2824 888 qua:
2856 820 3085 874 facerem
3119 823 3354 876 arbitra-

1797 922 1902 960 rer.
1964 908 2048 961 11.
2085 907 2321 963 Tandem
2357 924 2482 962 vero
2512 909 2938 980 expergefactus,
2991 919 3151 980 atque
3183 912 3352 966 oculis

1797 986 2108 1059 restitutus,
2161 995 2223 1052 ea
2258 1016 2378 1068 quae
2410 1000 2737 1054 inmanibus
2769 1001 3052 1065 habebam,
3087 1002 3351 1072 ﬂagitiosa

1797 1086 1955 1139 simul
2001 1088 2418 1156 acerbitatisque
2476 1089 2632 1158 plena
2690 1105 2808 1143 esse
2850 1091 3130 1158 perspexi,
3190 1091 3349 1159 spiri-

1796 1185 1988 1246 tusque
2005 1194 2108 1232 non
2127 1179 2250 1233 boni
2268 1180 2498 1248 opilicia.
2519 1178 2702 1248 Neque
2721 1181 2862 1249 enim
2882 1181 3048 1234 ullum
3073 1181 3350 1235 hominum

1795 1270 2032 1324 studium
2080 1271 2307 1339 vitaeque
2353 1271 2655 1325 institutum
2706 1273 3178 1348 comprobandum‘
3220 1274 3352 1327 mihi

1796 1376 1938 1413 nunc
1969 1361 2196 1423 videtur,
2255 1375 2351 1414 nec
2403 1370 2549 1414 recto
2588 1363 2790 1430 judicio
2841 1365 3222 1432 expetendum.
3263 1365 3349 1419 12.

1795 1449 2022 1504 Proinde
2049 1459 2222 1503 mente
2249 1451 2485 1505 collectis
2508 1460 2562 1505 et
2587 1453 2865 1520 sapientiae
2899 1455 3058 1508 bonis
3091 1469 3143 1511 et
3175 1457 3352 1511 stulti-

1794 1542 1882 1594 ιὶαι
1914 1541 2088 1606 malis,
2123 1555 2314 1609 magna
2341 1540 2484 1595 hunc
2511 1541 2686 1594 virum
2716 1543 3069 1598 admiratione
3093 1560 3348 1614 prosccu-

1797 1640 1882 1685 tus
1933 1631 2160 1693 fuerim,
2211 1631 2305 1699 qui
2349 1647 2470 1685 cum
2520 1647 2756 1701 praeceps
2780 1633 3008 1688 ferretur
3048 1643 3352 1704 temereque

1796 1730 2100 1791 vagaretur,
2145 1731 2327 1789 postea
2377 1733 2553 1780 mente
2584 1732 2818 1791 recepta,
2863 1725 2927 1777 ad
2955 1725 3206 1778 virtutem
3237 1725 3351 1780 olli-

1795 1813 2048 1880 ciumque
2092 1813 2268 1865 rediit.
2329 1813 2414 1866 15.
2452 1811 2760 1871 Prudentia.
2787 1815 2930 1871 enim
2981 1823 3034 1868 et
3080 1815 3350 1871 dementia

1797 1919 1989 1974 magno
2022 1902 2310 1956 interstitio
2352 1902 2630 1971 disjunctae
2663 1914 2822 1967 sunt”
2857 1920 2954 1959 nec
2987 1905 3167 1958 minus
3209 1905 3350 1960 inter
3385 1938 3387 1940 -

1795 2004 2078 2063 utramque
2120 2003 2203 2046 est
2245 1994 2572 2048 discriminis
2616 2011 2781 2062 quam
2826 1996 2965 2049 inter
3005 1998 3144 2052 diem
3169 2007 3222 2052 et
3251 2014 3348 2052 no-

1794 2095 1952 2137 clem.
1997 2084 2082 2137 H.
2109 2083 2369 2148 Quocirca
2397 2084 2488 2151 qui
2511 2084 2760 2137 virtutem
2784 2087 3060 2155 amplexus
3083 2097 3184 2151 est,
3209 2087 3348 2141 haud

1794 2174 1924 2226 mihi
1958 2173 2025 2226 ab
2057 2188 2121 2226 eo
2150 2171 2364 2227 differre
2393 2171 2623 2235 videtur,
2659 2173 2751 2244 qui
2779 2189 2892 2227 rem
2917 2191 3350 2246 unamquamque
3430 2225 3434 2229 .

1794 2265 2076 2334 perspicue
2120 2265 2313 2329 cernit,
2357 2279 2681 2332 sursumque
2733 2269 3080 2334 prospectat,
3113 2266 3350 2321 clarissi-

1795 2366 2000 2419 nucque
2028 2350 2163 2405 lucis
2199 2359 2436 2418 tempore
2461 2351 2563 2405 iter
2587 2352 2714 2406 facit
2742 2344 2778 2405 ί.
2835 2354 3032 2408 Contra
3061 2356 3152 2423 qui
3182 2371 3239 2410 se
3266 2357 3348 2408 vi-

1795 2442 1870 2494 tio
1903 2441 2162 2512 implicuit
2197 2442 2480 2510 omnisque
2510 2444 2720 2512 generis
2749 2445 3047 2508 erroribus,
3084 2447 3228 2500 haud
3263 2448 3354 2502 ab-

1796 2531 1987 2585 similis
2042 2542 2123 2584 est
2168 2531 2372 2583 homini
2415 2532 2467 2584 in
2511 2532 2774 2600 profunda
2811 2521 3035 2603 ca'ligine
3060 2535 3349 2599 aberranti,

1795 2622 1989 2691 quippe
2041 2622 2133 2690 qui
2179 2623 2418 2674 cmcitate
2469 2623 2690 2677 aﬂ‘ectus
2739 2626 2828 2689 sit,
2863 2635 3024 2694 atque
3054 2642 3082 2678 a
3110 2627 3352 2696 negotio-

1793 2729 1914 2765 rutn
1966 2711 2200 2765 tenebris
2246 2710 2583 2766 exoculatus.
2647 2714 2732 2768 15.
2781 2714 3021 2785 Denique
3071 2716 3352 2786 utriusque

1796 2801 1986 2854 harum
2012 2803 2243 2856 vitarum
2272 2801 2628 2858 differentiam
2654 2805 2835 2857 animo
2879 2815 3190 2867 assecutus,
3217 2808 3350 2861 nihil

1794 2905 1982 2964 postea
2030 2895 2243 2974 reperi,
2298 2897 2427 2964 quin
2461 2896 2588 2950 illud
2628 2900 2806 2966 potius
2850 2897 2985 2964 fore,
3012 2910 3069 2953 ut
3098 2900 3142 2954 si
3174 2915 3258 2954 me
3284 2900 3348 2954 ad

1795 2987 2084 3042 stultorum
2139 2986 2447 3041 societatem
2504 3005 2565 3043 ac
2612 2989 2920 3044 sodalitium
2980 2990 3347 3056 contulissem,

1796 3079 2036 3136 stultitiae
2069 3072 2287 3149 prtemia
2319 3082 2672 3151 perciperem.
2732 3081 2869 3151 Quid
2909 3084 3048 3137 enim
3090 3098 3153 3138 ex
3194 3099 3352 3153 argu-

129 3174 241 3246 γάρ
297 3174 569 3226 συνελόντι
629 3175 827 3243 φάναι,
884 3157 1058 3227 πάντα
1111 3192 1197 3244 μοι
1235 3175 1488 3245 λυπηρῶς
1534 3177 1694 3244 ὲκμε-

1798 3172 1890 3225 tiis
1928 3173 2035 3226 illis
2065 3173 2334 3227 commodi
2366 3172 2590 3239 referri,
2627 3181 2720 3227 aut
2746 3157 2872 3244 quid
2902 3173 3110 3236 fructus
3132 3189 3198 3251 ex
3226 3191 3355 3246 pro-

131 3267 402 3336 μόχθηται
435 3265 608 3335 ὁρμῆς
647 3256 924 3331 ἀλογίστου
967 3267 1228 3336 γενόμενα
1261 3269 1536 3336 ποιήματα
1556 3284 1569 3297 ·
1605 3266 1695 3319 καὶ

126 3361 433 3424 διαδέξεταί
465 3376 549 3421 τις
581 3359 717 3412 αύτά
751 3361 952 3428 ἕτερος,
979 3361 1086 3411 εἴτε
1121 3361 1302 3428 σοφὸς,
1333 3361 1440 3413 εἴτε
1467 3361 1692 3430 ἠλίθιος,

128 3452 232 3515 τάς
274 3451 490 3522 ψυχρὰς
516 3449 635 3502 τῶν
669 3449 814 3519 ἐμῶν
846 3450 1104 3518 καμάτων
1139 3451 1485 3519 ἐπικαρπίας.
1541 3453 1697 3505 Ἀπο-

129 3540 424 3610 λαϐομένῳ
463 3539 518 3590 δέ
551 3555 639 3608 μοι
669 3537 842 3591 ταῦτα
874 3537 966 3589 καὶ
997 3537 1387 3608 ἀπορρίψαντι,
1420 3541 1692 3612 κατεφάνη

127 3631 200 3683 τά
231 3631 311 3700 τῷ
345 3630 455 3682 δντι
489 3628 666 3696 ἀγαθά
707 3628 1036 3699 προκείμενα
1079 3628 1377 3697 ἀνθρώπῳ,
1413 3631 1600 3698 σοφίας
1637 3649 1694 3683 τε

129 3720 378 3787 γνῶσις,
414 3721 504 3773 καὶ
532 3719 720 3788 κτῆσις
761 3718 1024 3790 ἀνδρείας.
1061 3720 1123 3771 Εἰ
1159 3718 1214 3770 δέ
1249 3737 1330 3781 τις
1363 3720 1562 3774 τούτων
1598 3722 1696 3792 μὲν

125 3814 234 3868 οὐκ
292 3812 626 3882 ἐφρόντισεν,
661 3809 860 3878 ἐτέρων
887 3809 941 3861 δὲ
972 3810 1246 3879 ἐπτόηται,
1285 3811 1312 3861 6
1342 3811 1574 3875 τοιοῦτος
1625 3811 1697 3864 εἴ-

127 3906 257 3958 λετο
295 3908 395 3975 μὲν
440 3902 648 3975 πονηρά
689 3901 806 3954 ἀντί
849 3900 1064 3967 ἀγαθῶν
1089 3939 1103 3963 ,
1158 3901 1385 3972 μετῆλθε
1414 3902 1470 3955 δὲ
1501 3905 1696 3957 κακίαν

127 3998 256 4049 ἀντὶ
286 3996 668 4066 χρηστότητος,
687 3992 780 4044 καὶ
802 3991 994 4061 μόχθον
1022 3991 1134 4044 ἀνθ’
1163 3992 1407 4062 ἡσυχίας,
1439 3995 1695 4064 ταράχοις

127 4087 404 4150 ποικῦοις
443 4085 888 4157 περιελκόμενος,
920 4081 1145 4152 νύκτωρ
1161 4100 1219 4134 τε
1265 4085 1357 4136 καὶ
1407 4084 1520 4154 μεθ’
1563 4085 1694 4155 ἡμέ-

129 4197 236 4248 ραν
272 4179 625 4247 συνεχόμενος
657 4177 741 4228 ἀεὶ
763 4218 778 4242 ,
829 4173 1074 4244 σώματός
1118 4170 1179 4226 τε
1209 4176 1484 4242 ἐπείγουσι
1517 4176 1695 4246 καμά-

119 4289 279 4332 τοις,
315 4271 412 4322 καὶ
441 4270 615 4340 ψυχῆς
655 4266 1364 4340 φροντίσιννάδιαλείπτοις,
1399 4266 1695 4336 σφαδαζού-

125 4379 233 4431 σης
282 4359 434 4427 αῦτῷ
469 4359 568 4425 τῆς
609 4359 858 4428 καρδίας,
907 4356 1202 4409 ἀλλοκότων
1235 4356 1395 4407 ἕνεκα
1444 4357 1694 4425 πραγμά-

117 4469 259 4505 των.
307 4449 386 4502 Ού
419 4448 528 4517 γὰρ
559 4448 616 4498 τὸ
644 4449 844 4500 τέλειον
876 4447 1075 4515 ἀγαθὸν
1122 4448 1245 4516 περὶ
1279 4446 1474 4516 βρῶσίν
1503 4464 1562 4498 τε
1603 4448 1692 4498 καὶ

1797 3264 1919 3318 lixis
1943 3263 2283 3318 sermonibus
2315 3264 2492 3333 colligi
2523 3274 2734 3333 potest;
2767 3280 2890 3318 cum
2923 3265 3136 3334 quidem
3163 3266 3355 3333 loqua-

1795 3356 1974 3409 citatis
2028 3357 2342 3423 importunae
2389 3354 2609 3408 ﬂumina
2661 3356 2728 3409 ab
2775 3356 3081 3424 insipientia
3124 3357 3269 3409 velut
3318 3342 3372 3409 a’

1796 3446 1943 3500 fonte
1990 3448 2272 3500 oriantur?
2319 3446 2402 3500 16.
2440 3444 2676 3516 Sapienti
2717 3462 2874 3516 porro
2917 3456 2968 3500 et
2995 3446 3186 3501 stolido
3216 3434 3349 3501 nihil

1795 3551 2078 3591 Commune
2120 3546 2237 3602 est,
2286 3553 2381 3592 nec
2431 3547 2690 3606 quantum
2737 3538 2803 3591 ad
2835 3537 3108 3590 hominum
3146 3552 3350 3591 memo-

1795 3628 1928 3679 riam
1956 3667 1969 3691 ,
2020 3643 2118 3680 nec
2163 3637 2424 3696 quantum
2468 3627 2532 3680 ad
2561 3627 2652 3681 Dei
2682 3627 3184 3681 remunerationem.
3244 3626 3348 3681 Res

1795 3730 1973 3772 autem
2009 3719 2272 3794 humanas
2305 3735 2426 3773 cum
2459 3720 2634 3774 adhuc
2666 3703 2794 3773 oriri
2827 3719 3102 3783 videntur,
3150 3722 3258 3788 jam
3288 3720 3348 3773 ﬁ-

1794 3804 1879 3865 nis
1910 3806 2114 3872 arripit.
2179 3805 2405 3874 Sapiens
2435 3822 2594 3871 porro
2627 3806 2862 3876 ejusdem
2910 3821 3031 3860 cum
3065 3808 3259 3860 stolido
3289 3809 3350 3861 li-

1795 3895 1880 3947 nis
1908 3912 2181 3964 nunquam
2207 3907 2288 3952 est
2308 3898 2596 3967 particeps.
2643 3899 2723 3953 17.
2752 3898 2928 3964 Quare
2950 3900 3110 3952 vitam
3137 3913 3346 3952 omnem
3414 3911 3416 3914 '

1796 4004 1974 4041 meam
2005 3991 2276 4044 exsecrari
2311 3991 2446 4060 ccepi
2468 4031 2482 4055 ,
2515 4007 2674 4060 quam
2706 3989 2759 4045 in
2795 3993 2956 4046 rebus
2983 3993 3137 4045 Vanis
3169 3991 3342 4046 tradu-
3414 3981 3416 3983 ’

1798 4095 1977 4132 xcram
2008 4090 2166 4148 atque
2191 4070 2629 4148 consUmpseram
2651 4122 2666 4146 ,
2714 4082 2939 4134 terrenis
2967 4080 3236 4135 laboribus
3263 4080 3346 4132 in-

1795 4171 2098 4230 talicsc'ens.
2156 4170 2239 4222 18.
2276 4169 2483 4222 Etenim
2530 4178 2588 4222 ut
2639 4185 2745 4222 uno
2793 4170 2957 4222 verbo
3004 4169 3347 4238 complectar,

1794 4259 1973 4310 omnia
2027 4257 2156 4309 mihi
2193 4271 2384 4324 magna
2422 4272 2544 4310 cum
2595 4257 2836 4310 molestia
2886 4256 3160 4310 elaborata
3202 4267 3347 4320 sunt,
3436 4279 3438 4282 ν

1795 4348 2053 4415 ρι-αιοίρίιί
2118 4347 2282 4399 animi
2334 4349 2530 4416 impetu
2573 4349 2641 4400 ita
2693 4362 2777 4400 me
2831 4347 3204 4415 pet-trahente;
3262 4349 3345 4402 19.

1794 4438 1968 4504 Atque
1999 4453 2061 4491 ea
2096 4437 2235 4491 alius
2265 4447 2584 4506 excepturus
2610 4447 2710 4501 est,
2744 4437 2956 4507 sapiens
2989 4453 3056 4490 an
3083 4452 3268 4491 excors
3294 4443 3346 4487 ct

119 4543 293 4594 πόσιν
327 4538 526 4602 ίζάνει·
566 4539 612 4588 εί
641 4539 733 4589 καὶ
769 4538 997 4608 μάλιστα
1023 4540 1084 4590 ἐκ
1115 4537 1244 4589 Θεοῦ
1274 4536 1575 4607 ἀνθρώποις
1605 4536 1688 4604 γί-

1796 4530 2041 4593 stolidus,
2069 4533 2273 4595 nescio;
2311 4531 2552 4600 frigidos,
2580 4529 2819 4599 inquam,
2843 4529 3081 4583 laborum
3107 4541 3361 4602 meorum

116 4651 313 4687 νονται
341 4633 398 4683 αἱ
425 4629 652 4700 τροφαί·
685 4630 832 4682 οὐδὲν
852 4630 957 4707 γάρ
985 4630 1090 4682 τῶν
1117 4630 1249 4701 πρὸς
1277 4629 1541 4699 σωτηρίαν
1560 4629 1688 4697 ἡμῖν

114 4727 437 4797 δεδομένων
468 4723 566 4788 ἔξω
597 4722 695 4791 τῆς
726 4722 888 4773 αὑτοῦ
922 4723 1155 4792 ὑπάρχει
1189 4721 1456 4793 προνοίας.
1501 4720 1632 4772 Ἀλλ’
1663 4724 1690 4773 6

119 4819 226 4887 μὲν
260 4814 473 4885 ἀγαθὸς
503 4813 658 4883 ἀνὴρ,
683 4811 868 4878 σοφίας
888 4813 950 4863 ὲκ
981 4813 1110 4864 θεοῦ
1141 4811 1336 4882 τυχὼν,
1365 4811 1692 4882 εὐφροσύνης

116 4911 326 4979 ἔτυχεν
359 4905 603 4978 οὐρανίου
625 4920 637 4931 ·
662 4906 689 4954 6
718 4902 759 4953 δ’
788 4898 852 4954 αὗ
887 4905 1115 4973 πονηρὸς
1135 4943 1150 4966 ,
1182 4903 1457 4972 θεηλάτοις
1481 4903 1692 4956 ἐλαυνό-

120 5017 298 5070 μενος
332 4999 554 5058 κακοῖς,
587 4990 894 5053 πλεονεξίαν
925 4992 1112 5052 νοσῶν,
1144 4992 1310 5046 πολλά
1346 5010 1404 5044 τε
1449 4992 1690 5062 ἀθροῖσαι

119 5088 475 5154 σπουδάζει,
506 5090 599 5140 καὶ
629 5084 718 5138 τὸν
764 5084 865 5136 ὑπὸ
897 5082 1028 5136 Θεοῦ
1077 5086 1431 5153 τετιμημένον
1460 5085 1692 5136 ἐναντίον

115 5180 218 5233 τοῦ
242 5177 472 5228 πάντων
517 5177 780 5229 Δεσπότου
808 5174 1055 5227 ὀνειδίσαι
1104 5174 1352 5234 σπεύδει,
1385 5175 1530 5244 δῶρα
1565 5191 1695 5244 προ-

114 5273 327 5323 τείνων
382 5267 657 5338 ἀχρηστα,
707 5267 894 5338 δολερά
935 5283 994 5318 τε
1035 5263 1166 5334 ὁμοῦ
1213 5265 1302 5314 καὶ
1349 5265 1550 5332 μάταια
1597 5267 1693 5333 τῆς

118 5359 335 5417 ἑαυτοῦ
371 5357 556 5420 ἀθλίας
583 5359 757 5429 ψυχῆς
790 5358 1172 5426 σπουδάσματα
1200 5355 1578 5421 πεποιημένος.

195 5469 213 5501 ¹
253 5467 428 5519 Prov.
448 5481 578 5530 xvu,
603 5467 701 5532 24;
736 5465 909 5522 Eccle.
940 5482 1055 5529 vui,
1088 5467 1138 5518 l.

194 5581 324 5652 (95)
361 5578 571 5652 Ἄνδρα
596 5580 926 5652 τοιοῦτον...
948 5575 1469 5652 ἐπιστρέεέ”ξι.-Μςε.
1499 5589 1609 5652 reg.
1645 5585 1697 5628 et

119 5647 394 5712 Tli'uait.,
424 5651 589 5719 ἄνδρα
618 5648 822 5702 τοῦτον.
855 5649 972 5703 Mox
1007 5667 1133 5702 vero
1165 5649 1286 5703 cod.
1316 5647 1501 5700 Medic.
1527 5687 1539 5708 ,
1580 5649 1694 5696 ἐπι-

123 5720 657 5796 στρέψῃζυυορυε.
745 5788 765 5796 _
932 5792 944 5796 _
1172 5790 1182 5796 _
1352 5785 1416 5796 ω
1465 5787 1473 5796 _

199 5785 351 5866 (96)"
374 5791 606 5858 Τυφλός
640 5805 702 5873 τε
914 5790 1309 5856 ἀφῃρημένος.
1352 5785 1566 5840 Minime
1600 5786 1690 5840 du-

1794 4621 2024 4676 fructus.
2085 4621 2176 4675 llis
2205 4630 2382 4676 autem
2427 4620 2668 4674 excussis
2703 4629 2861 4688 atque
2887 4617 3171 4686 projectis,
3213 4607 3347 4670 mihi

1793 4728 1919 4765 vera
1955 4712 2094 4765 bona
2129 4713 2439 4766 hominibus
2491 4710 2761 4780 proposita
2795 4714 3190 4774 apparuerunt;
3244 4703 3349 4759 hoc

1793 4814 1895 4869 est,
1925 4806 2199 4874 sapientia:
2220 4803 2474 4872 cognitio,
2493 4811 2544 4853 et
2567 4795 2904 4851 fortitudinis
2934 4788 3164 4864 adeptio’.
3195 4793 3348 4860 Quod

1796 4896 1841 4948 si
1875 4895 1995 4963 quis
2028 4893 2217 4946 harum
2267 4905 2394 4947 cura
2443 4887 2681 4955 neglecta
2704 4925 2719 4950 ,
2775 4885 2913 4938 alius
2939 4886 3240 4954 cuiuspiam
3271 4885 3347 4938 rei

1796 4986 2084 5054 cupiditate
2111 4981 2395 5044 incitatur;
2425 4978 2511 5032 hic
2535 4987 2588 5032 et
2621 4977 2762 5030 mala
2793 4976 2949 5030 bonis
2973 4972 3268 5040 anteponit,
3295 4980 3349 5024 et

1797 5079 1984 5130 vitium
2024 5087 2123 5142 pro
2155 5071 2480 5140 benignitate
2523 5079 2576 5124 et
2619 5070 2814 5122 virtute
2849 5072 3218 5127 consectatur;
3254 5060 3343 5114 20.

1798 5169 1862 5224 Et
1906 5180 2198 5222 aerumnam
2231 5178 2328 5233 pro
2355 5164 2552 5232 quiete,
2587 5161 2752 5214 variis
2806 5156 3121 5212 tumultibus
3151 5153 3342 5206 distra-

1799 5271 1937 5324 ctus,
1969 5265 2123 5311 noctu
2152 5265 2311 5324 atque
2342 5254 2574 5307 interdiu
2623 5252 2924 5312 divexatus,
2958 5255 3073 5298 tum
3103 5246 3344 5312 urgenti-

1801 5353 1901 5405 bus
1941 5347 2182 5416 corporis
2236 5347 2529 5411 laboribus,
2579 5354 2693 5399 tum
2743 5339 3012 5409 perpetuis
3039 5337 3231 5389 anima:
3255 5352 3349 5391 cu-

1803 5575 1947 5626 bium
1976 5580 2055 5623 est
2078 5569 2207 5636 quin
2242 5570 2524 5629 legendum
2553 5570 2642 5632 sit,
2671 5564 2866 5633 τυφλός
2898 5579 2956 5636 τε
2989 5559 3092 5636 ῶν,
3127 5561 3218 5614 καὶ
3251 5558 3347 5623 τὴν

1807 5641 2061 5716 πρόσοψιν
2095 5633 2196 5690 ύπὸ
2235 5640 2326 5692 τοῦ
2346 5643 2648 5716 σκότους...
2683 5634 3046 5716 ἀφῃρημένος.
3080 5633 3132 5684 In
3166 5638 3346 5716 pycte-

1805 5712 1921 5764 ritis
1948 5712 2088 5762 enim
2123 5712 2430 5765 accusativo
2479 5723 2688 5776 semper
2719 5712 2966 5774 jungitur
2997 5712 3346 5771 ἀφαιρουμαι.

1806 5783 2036 5834 BILLtvs.
