4098 6362
733 396 755 449 1
767 397 868 450 003

1862 400 1918 453 S.
1960 391 2283 456 GREGORII
2323 396 2826 454 .THAUMA'TURGI

3810 392 3935 446 1005

726 514 780 568 2.
826 513 961 568 Cum
1009 516 1263 572 nimirum
1310 514 1456 570 Deus
1491 517 1722 587 cuipiam
1774 519 1954 573 omnia
2007 535 2129 589 quae
2177 519 2276 589 ipsi

2384 518 2691 590 καταθύμια
2741 518 2918 572 αὐτῶν
2976 519 3184 574 ᾶπαντα
3231 509 3632 592 ἐπιχορηγήσας
3655 557 3668 578 ,
3728 515 3938 586 μηδενος

727 605 878 679 cordi
910 613 1086 672 erant,
1121 605 1336 660 abunde
1358 607 1800 675 suppeditavcrit,
1853 625 1951 663 nec
1973 610 2082 663 ulla
2103 609 2281 662 omni-

725 709 798 748 no
828 707 890 749 re
918 710 982 750 ex
1009 697 1264 751 omnibus
1310 711 1432 766 quae
1457 698 1698 752 animum
1730 698 2022 768 cupiditate
2054 707 2280 767 tentant,

725 800 848 840 eum
884 789 1222 856 spoliaret-it;
1274 805 1381 843 non
1414 790 1608 860 opibus
1645 798 1699 844 et
1739 779 2121 854 facultatibus,
2173 807 2281 844 non

725 878 895 948 gloria
929 888 981 932 et
1013 880 1318 948 splendore,
1351 896 1460 935 non
1483 881 1702 950 reliquis
1725 882 1845 935 aliis
1867 882 2138 947 omnibus,
2163 897 2284 950 quae

725 971 982 1026 mortales
1012 974 1076 1026 ad
1112 985 1385 1043 stuporem
1433 990 1604 1043 usque
1647 960 1986 1029 admirantur
2020 992 2032 1027 :
2068 974 2155 1030 ille
2188 989 2285 1028 au-

725 1069 831 1115 tem
876 1064 1129 1119 omnibus
1181 1066 1342 1119 rebus
1386 1063 1770 1120 circumﬂuens
1818 1064 1995 1135 (quasi
2043 1064 2144 1118 hac
2177 1079 2282 1117 una

724 1154 1032 1209 calamitate
1089 1155 1598 1212 divinitus'inllicta
1665 1157 1956 1224 implicitus
2013 1163 2281 1220 teneatur,

680 1252 685 1258 ’
722 1244 868 1312 quod
901 1239 1294 1301 earuml‘ruetu
1325 1247 1550 1316 careat),
1591 1246 1677 1300 alii
1711 1262 1807 1301 sua
1836 1256 2113 1310 asservat,
2162 1248 2283 1299 inn-

722 1335 834 1389 tilis
867 1336 1150 1406 prolapsus
1179 1348 1231 1392 et
1258 1338 1360 1392 sibi
1394 1340 1754 1417 et'proximis.
1797 1340 1850 1391 5.
1887 1336 2002 1393 Hoc
2032 1354 2163 1392 sane
2197 1353 2284 1391 ar-

724 1436 1038 1496 gumentum
1091 1445 1386 1498 magnum,
1441 1431 1764 1500 signumque
1811 1431 2155 1499 perspicuum
2187 1445 2282 1483 ex-

723 1528 905 1572 tremae
953 1520 1234 1588 cujusdam
1283 1521 1649 1590 improbitatis
1695 1537 1816 1576 esse
1862 1536 2080 1576 censeo.
2139 1519 2279 1588 Quin

679 1651 682 1654 -
721 1612 872 1664 illum
898 1628 1116 1682 quoque
1140 1614 1438 1680 hominem,
1475 1616 1569 1684 qui
1601 1613 1954 1682 plurimorum
1988 1614 2278 1668 liberorum

719 1715 870 1771 pater
904 1707 1021 1760 sine
1069 1706 1179 1759 ulla
1221 1705 1519 1760 offensione
1565 1704 1913 1770 nominatus,
1963 1707 2182 1774 vitaque
2226 1707 2281 1761 in

720 1795 949 1866 longum
969 1797 1253 1866 producta,
1280 1797 1609 1868 benignitate
1637 1806 1816 1874 tamen
1844 1813 1907 1852 ac
1929 1797 2137 1852 deliciis
2166 1798 2280 1850 ani-

2385 611 2689 664 οὑτινοσοῦν
2743 611 2848 664 τῶν
2893 613 2968 677 εἰς
3011 614 3300 686 ἐπιθυμίαν
3332 612 3591 666 ἐλθόντων
3620 609 3784 663 αὑτὸν
3815 608 3932 679 ἀφέ-

2384 695 2570 773 ληται,
2611 693 2684 772 μὴ
2719 704 3050 773 περιουσίας,
3083 705 3161 776 -μὴ
3210 702 3540 767 πολυδοξίας,
3578 702 3652 772 μὴ
3695 700 3806 754 τῶν
3843 698 3943 752 λοι-

2387 794 2503 846 πῶν
2548 795 2677 866 περὶ
2722 794 2818 847 ὅσα
2851 795 3124 867 ἄνθρωποι
3157 795 3460 867 ἐπτόηνται·
3492 797 3520 848 ό
3549 794 3606 847 δὲ
3647 795 3760 855 τοῖς
3785 793 3941 844 πᾶσιν

2385 882 2793 954 εὐθηνούμενος,
2822 884 3035 956 ,ῶσπερ
3083 881 3254 956 τούτῴ
3297 886 3444 956 μόνῳ
3497 884 3742 955 θεηλάτῳ
3795 881 3941 950 κακῷ

2387 976 2763 1045 συνεχόμενος,
2809 969 2886 1048 τῷ
2939 977 3012 1047 μὴ
3052 976 3370 1040 ἀπολαύειν,
3415 976 3615 1047 ἑταίρῳ
3655 974 3733 1045 τῷ
3785 971 3940 1034 αὐτοῦ

2383 1064 2731 1134 ταμιεύσεται
2767 1067 2912 1136 (l2),
2942 1066 3120 1120 πεσὼν
3161 1066 3406 1138 ἄκαρπος
3453 1068 3546 1121 καὶ
3596 1064 3809 1134 ἑαυτῷ,
3856 1064 3940 1118 καὶ

2385 1160 2494 1218 τοῖς
2541 1155 2782 1226 πλησίον.
2839 1158 3008 1211 Τοῦτο
3068 1158 3209 1227 μέγα
3257 1161 3550 1231 τεκμήριον
3590 1150 3696 1211 καί
3731 1156 3940 1225 ἔλεγχον

2387 1249 2655 1318 περιφανῆ
2724 1249 3160 1320 ὑπερϐαλλοψς
3217 1251 3326 1319 ἑγὼ
3380 1251 3594 1320 τίθεμαι
3648 1249 3936 1319 πονηρίας·

2384 1337 2552 1407 ἄνδρα
2594 1355 2650 1390 τε
2703 1340 2926 1402 ἐκεῖνον,
2979 1340 3037 1402 ὃς
3086 1329 3352 1412 πλείστων
3397 1344 3575 1414 πατὴρ
3629 1340 3940 1411 ὀνομασθείς

2381 1430 2585 1482 τέκνων
2601 1430 2819 1494 ἀσινῶς,
2855 1433 3002 1501 βιοὺς
3033 1422 3295 1508 δὲχρόνον
3319 1435 3544 1508 μακρὸν,
3574 1436 3674 1488 οὐκ
3705 1432 3940 1504 ἐπλήσθη

2383 1518 2743 1587 χρηστότητος
2774 1519 2870 1590 τὴν
2899 1519 3075 1590 ψυχὴν
3110 1523 3200 1574 ἐπὶ
3247 1523 3523 1584 τοσοῦτον,
3559 1524 3788 1578 θάνατον
3816 1523 3940 1593 (12⁸)

2384 1610 2577 1678 πεῖραν
2608 1609 2666 1660 ού
2701 1611 2877 1662 λαϐὼν
2900 1628 2913 1641 ·
2950 1611 3134 1666 τοῦτον
3168 1614 3361 1682 ἔγωγε,
3392 1615 3512 1672 οὔτε
3545 1616 3641 1685 τῆς
3685 1615 3939 1668 πολυπω⁹

2381 1697 2518 1760 δίας,
2563 1699 2684 1752 οὔτε
2717 1701 2816 1770 τῆς
2845 1702 3216 1774 πολυημερίας
3249 1704 3547 1775 ζηλώσαιμ⁹
3575 1705 3661 1758 ἄν·
3698 1708 3795 1758 καὶ
3821 1722 3937 1776 προ-

2385 1790 2554 1858 κρίνω
2604 1789 2659 1841 δὲ
2699 1791 2864 1844 αύτοῦ
2910 1792 3085 1863 ἄωρον
3143 1795 3376 1865 γαστρὸς
3420 1794 3674 1864 μητρῴας
3720 1795 3939 1846 ἐκπεσὸν

720 1903 868 1941 mum
902 1897 1050 1941 tanto
1087 1897 1323 1958 tempore
1355 1904 1460 1941 non
1493 1871 1806 1966 expleverit,
1838 1889 2030 1943 mortis
2061 1887 2276 1942 interim

2383 1882 2637 1952 ἔμϐρυον.
2697 1884 2926 1938 ἘκεῖνοἸ
2952 1885 3058 1957 γὰρ
3109 1885 3292 1956 ῶσπερ
3321 1882 3450 1956 ἦλθε
3493 1867 3756 1957 ματαίως,
3782 1885 3937 1948 οὕτως

720 1981 961 2058 periculo
1013 1981 1431 2051 haudquaquam
1477 1980 1653 2047 facto;
1707 1983 1851 2036 hunc
1891 1980 2144 2050 equidem
2183 1994 2282 2033 nec

719 2085 1020 2125 numerosa:
1067 2071 1233 2139 prolis
1260 2110 1274 2134 ,
1328 2081 1428 2126 nec
1477 2072 1852 2127 diuturnitatis
1895 2072 2020 2125 vitae
2061 2069 2282 2124 nomine

719 2163 935 2216 beatum
973 2163 1218 2216 duxerim
1252 2180 1266 2213 :
1298 2162 1407 2216 imo
1433 2177 1559 2216 vero
1586 2161 1751 2216 fetum
1777 2178 1806 2214 e
1828 2170 2075 2216 materno
2094 2168 2280 2216 ventre

715 2263 1040 2322 praemature
1085 2254 1458 2315 excidentem,
1515 2262 1677 2321 atque
1749 2253 1942 2306 abortu
2011 2245 2278 2322 egestum,

720 2346 832 2423 ipsi
854 2343 1244 2413 prml’erendum
1271 2352 1419 2412 puto.
1478 2344 1531 2397 4.
1563 2343 1654 2398 Ille
1690 2344 1835 2397 enim
1856 2382 1871 2405 ,
1915 2352 1974 2398 ut
2002 2341 2276 2399 incassum

720 2436 884 2500 venit,
941 2435 1010 2488 ila
1041 2435 1347 2491 clanculum
1376 2435 1537 2490 etiam
1565 2444 1618 2489 et
1647 2449 1772 2490 cum
1808 2434 2080 2512 oblivione
2103 2435 2280 2489 disce-

716 2527 826 2590 dit,
885 2527 938 2580 5.
980 2542 1086 2582 non
1113 2528 1413 2595 degustatis
1443 2527 1605 2596 hujus
1637 2527 1758 2580 vitae
1794 2526 1953 2579 malis
1975 2567 1990 2590 ,
2042 2535 2142 2581 nec
2168 2526 2281 2580 Sole

711 2628 1019 2689 prospecto.
1084 2617 1237 2683 Quod
1285 2618 1501 2686 quidem
1547 2614 1717 2670 levius
1761 2625 1875 2680 est,
1920 2631 2084 2684 quam
2135 2616 2278 2684 quod

715 2723 974 2778 perverso
1006 2707 1083 2762 illi
1109 2717 1162 2762 et
1194 2708 1476 2776 proﬂigato
1502 2705 1707 2758 homini
1752 2707 1976 2771 accidit;
2031 2707 2124 2776 qui
2156 2707 2282 2761 licet

714 2800 774 2851 in
808 2797 953 2851 mille
986 2811 1160 2852 annos
1188 2797 1352 2850 vitam
1385 2811 1538 2850 suam
1570 2795 1914 2864 propagarit,
1947 2795 2068 2848 vitae
2102 2803 2278 2868 tamen

712 2889 998 2944 commoda
1023 2904 1128 2943 non
1154 2889 1392 2958 agnovit.
1435 2883 1731 2957 Utriusque
1754 2902 1918 2956 porro
1940 2885 2082 2951 ﬁnis,
2107 2901 2275 2941 mors.

721 2985 776 3040 7.
810 2987 1076 3041 Caeterum
1110 2985 1198 3038 hic
1223 2979 1454 3038 maxime
1485 2984 1687 3037 stultus
1712 2981 2087 3046 convincitur,
2133 2981 2278 3051 quod

718 3078 866 3132 nulla
917 3077 1209 3144 cupiditate
1257 3077 1484 3134 satietur
1513 3084 1566 3130 et
1595 3076 1875 3142 expleatur
1907 3094 1920 3129 :
1956 3075 2008 3128 8.
2043 3074 2110 3127 At
2149 3090 2278 3143 pru-

2384 1974 2567 2026 ἄπεισι
2597 1977 2704 2028 καὶ
2717 1976 2988 2048 λαθραίως
3017 1979 3072 2028 ἐν
3101 1979 3391 2048 ἀμνηστίᾳ,
3420 1980 3515 2050 οὐχ
3544 1979 3819 2048 ἁψάμενον
3849 1996 3937 2030 κα-

2384 2067 2512 2129 κῶν,
2546 2069 2664 2121 οὐδὲ
2695 2069 3035 2139 προσ-ὅλκέψαν
3062 2068 3213 2139 ἡλίῳ.
3249 2070 3418 2122 Τοῦτο
3442 2071 3788 2140 κουφότερον,
3809 2070 3936 2140 ἢπερ

2381 2156 2459 2226 τῷ
2490 2160 2727 2231 πονηρῷ,
2758 2162 2858 2214 κᾶν
2901 2160 3090 2230 χιλίοις
3125 2159 3264 2213 ἔτεσι
3296 2161 3393 2230 τὴν
3423 2159 3614 2215 ἑαυτοῦ
3655 2161 3799 2230 ζωὴν
3823 2163 3937 2212 ἀνα-

2385 2253 2783 2324 μετρησαμένῳ
2815 2253 3123 2322 ἀγαθότητα
3172 2252 3246 2322 μὴ
3294 2253 3498 2322 ἐπιγνῷ
3530 2253 3661 2324 (15).
3696 2254 3858 2323 Τέλος
3889 2251 3935 2302 δὲ

2382 2343 2583 2412 ἀμφοῖν
2617 2343 2862 2405 θάνατος.
2907 2343 3289 2412 Ἐλεγχομένου
3327 2344 3585 2415 ἄφρονος,
3617 2344 3850 2413 μάλιστα
3871 2340 3936 2409 τῷ

2383 2424 2697 2504 πλησμονὴν
2768 2434 3034 2504 μηδεμιᾶς
3082 2435 3378 2505 λαμϐάνειν
3443 2435 3756 2506 ἐπιθυμίας.
3813 2435 3933 2489 Ὀίρὲ

2385 2526 2636 2595 σώφρων,
2690 2519 2899 2589 τούῖτοις
2949 2527 3358 2600 ούκίένίσχεται
3407 2531 3517 2591 τοῖς
3569 2527 3816 2582 πάθεσιν.
3859 2528 3934 2587 Ὦς

2381 2619 2426 2671 δ’
2461 2613 2553 2671 ιτει
2584 2617 2642 2670 τὺ
2687 2619 2936 2671 πλεῖστον
2967 2619 3197 2691 εὐθύτης
3239 2613 3389 2692 ’ζωῆς
3429 2620 3714 2692 ἄνθρωπον
3753 2625 3816 2691 τῇ
3849 2639 3934 2673 πε·

2382 2712 2470 2782 νίιξι¹
2499 2711 2698 2781 ὁδηγεῖ.
2743 2711 3012 2782 Ἐξίστησι
3056 2711 3110 2764 δὲ
3155 2711 3378 2776 πολλοὺς
3422 2712 3713 2782 ὀφθαλμῶν
3758 2714 3934 2783 λίχνων

2343 2829 2346 2832 ~
2382 2804 2644 2873 θεάματα,
2680 2804 2776 2874 τὴν
2795 2802 2979 2872 ψυχὴν
3010 2803 3351 2875 ἐρεθίζοντα,
3382 2804 3469 2856 ἐπ’
3494 2804 3752 2874 ἀνόνητον
3781 2821 3933 2856 σπου·-

2379 2893 2475 2964 δὴν
2515 2895 2761 2958 ἕλκοντα,
2797 2893 2886 2947 διὰ
2910 2895 3007 2963 τῆς
3037 2892 3126 2946 τοῦ
3165 2893 3392 2962 ὀφθῆναι
3435 2896 3596 2964 κενῆς
3633 2895 3931 2964 ἐπιθυμίας.

2380 2985 2461 3038 Τά
2489 2985 2587 3054 μέν
2620 3001 2701 3036 τοι
2738 2984 2831 3036 νῦν
2863 2983 3235 3053 γεγεννημένα
3275 2983 3372 3053 ἤδη
3407 2983 3693 3054 ἔγνωσται·
3724 2986 3815 3038 καὶ
3847 3001 3932 3037 σα-

2382 3073 2478 3143 φὲς
2524 3074 2801 3143 τυγχάνει,
2848 3073 2923 3136 ὡς
2963 3077 3074 3136 τοῖς
3115 3073 3252 3144 ὑπὲρ
3292 3074 3452 3127 αὑτὸν
3492 3075 3774 3148 ἄνθρωπος
3803 3077 3934 3128 ἀντι-

716 3171 849 3223 dens
880 3178 931 3222 ct
963 3170 1271 3224 moderatus
1307 3169 1390 3222 his
1419 3169 1698 3222 affectibus
1739 3168 1962 3221 minime
1987 3166 2273 3221 retinetur.

2380 3165 2671 3218 τάσσεσθαι
2697 3166 2795 3232 οὑχ
2826 3158 2935 3226 οἷός
2966 3181 3044 3215 τε.
3071 3163 3329 3234 Φλυαρίαι
3354 3183 3414 3233 γε
3449 3166 3552 3236 μὴν
3576 3167 3714 3219 κατὰ
3742 3165 3933 3236 ἀνθρώ-

678 3274 691 3285 ‘
715 3260 851 3315 Fere
878 3263 934 3314 lit
972 3271 1151 3315 autem
1176 3300 1190 3323 ,
1247 3253 1314 3314 ut"
1335 3259 1458 3313 vita:
1489 3259 1752 3312 rectitudo
1781 3269 1835 3311 et
1866 3259 2146 3328 integritas
2175 3259 2274 3310 ho-

716 3354 914 3406 minem
967 3355 1034 3406 ad
1077 3351 1653 3422 paupertatemducat.
1713 3350 1766 3403 9.
1809 3348 2004 3403 Multos
2042 3364 2170 3402 vero
2208 3350 2274 3403 dc

2381 3274 2514 3317 πους
2548 3255 2886 3326 στρέφονται,
2919 3255 3017 3324 τὴν
3045 3254 3150 3306 τῶν
3180 3257 3470 3326 χρωμένων
3499 3257 3683 3310 ἄνοιαν
3714 3256 3932 3320 ἐπαυξά-

2381 3365 2584 3402 νουσαι.

713 3448 912 3502 mentis
960 3447 1125 3516 gradu
1160 3447 1420 3515 dejiciunt
1460 3445 1764 3514 procacium
1795 3445 2077 3498 oculorum
2111 3455 2384 3513 aspectus,
2441 3445 2678 3512 animam
2740 3442 3047 3507 incitantes,
3101 3458 3164 3498 ac
3215 3459 3309 3513 per
3365 3445 3578 3498 inanem
3611 3445 3820 3498 videndi
3848 3458 3934 3496 cn-

714 3540 989 3608 piditatctn
1045 3543 1110 3595 ad
1159 3542 1345 3595 inutile
1407 3540 1645 3596 studium
1712 3544 2106 3608 pertrahentes.
2181 3539 2266 3592 10.
2335 3537 2622 3590 Enimvero
2687 3551 2748 3589 ea
2796 3550 2918 3604 quas
2965 3534 3302 3589 nunctacta
3356 3546 3515 3601 sunt,
3571 3536 3682 3604 jam
3728 3536 3932 3604 cOgnita

683 3639 1369 3707 .sunt:perspicuumque
1431 3647 1532 3701 est,
1583 3637 1858 3689 hominem
1927 3637 1993 3690 iis
2051 3650 2172 3704 quae
2231 3651 2390 3701 supra
2453 3648 2510 3686 se
2570 3642 2730 3694 sunt,
2777 3630 3032 3685 reluctari
3076 3633 3240 3699 atque
3270 3630 3537 3702 obsistere
3598 3646 3704 3684 nou
3759 3642 3929 3699 posse.

717 3728 803 3780 ll.
824 3725 1086 3782 Czeterum
1125 3744 1280 3799 nugas
1312 3740 1364 3782 et
1387 3730 1600 3796 ineptia:
1620 3729 1759 3781 inter
1783 3728 2029 3780 homines
2058 3735 2364 3788 versantur,
2417 3739 2606 3777 eorum
2639 3722 2731 3790 qui
2764 3721 2829 3775 iis
2861 3729 3089 3775 utuntur
3110 3720 3400 3786 amentiam
3426 3731 3704 3791 augentes.

1283 3819 1508 3873 CAPUT
1589 3818 1697 3871 νιι.

787 3915 837 3969 l.
877 3911 1009 3978 Nam
1046 3929 1166 3966 eum
1204 3913 1374 3965 nihilo
1404 3912 1664 3980 majorem
1698 3911 1980 3965 utilitatem
2017 3911 2061 3964 is
2100 3910 2272 3978 perci-

717 4003 865 4070 piat,
916 4005 1007 4073 qui
1057 4019 1118 4056 ea
1163 4018 1284 4073 qua:
1321 4019 1385 4055 ex
1431 4002 1596 4054 animi
1633 4002 1897 4056 sententia
1927 4002 2029 4055 silli
2075 4001 2127 4053 in
2168 4001 2276 4054 vita

715 4101 969 4146 eventura
1025 4105 1188 4160 sunt,
1261 4102 1540 4161 perspecta
1608 4091 1828 4145 haberet
1886 4092 2175 4161 (tingamus
2221 4090 2276 4142 id

716 4181 916 4249 enim);
947 4191 1121 4234 tamen
1151 4183 1252 4235 hoc
1277 4197 1490 4258 quoque
1513 4180 1793 4234 hominum
1819 4179 2110 4235 curiositas
2132 4192 2278 4232 com-

2979 3814 3226 3867 ΚΕΦΑΛ.
3267 3816 3343 3876 Ζι.
3382 3803 3386 3808 ’

2449 3906 2726 3977 Μηδαμῶς
2750 3905 2857 3975 γὰρ
2883 3903 3041 3957 πλέον
3056 3921 3106 3956 τι
3137 3905 3511 3975 ὠφελουμένου
3537 3905 3629 3957 τοῦ
3654 3903 3933 3972 γινώσκον-

2377 4014 2466 4059 τος
2500 3998 2567 4050 τὲι
2595 3995 2740 4064 αὺτῴ
2777 3995 3158 4066 συμϐησόμενα
3183 3997 3333 4065 παρά
3362 3997 3450 4047 τὸν
3479 3994 3587 4062 βίον
3610 3993 3928 4064 καταθύμια·

2387 4089 2566 4158 θῶμεν
2601 4089 2704 4158 γὰρ
2737 4087 2894 4139 τοῦτο
2936 4087 3044 4157 (Μ)
3066 4104 3078 4116 ·
3112 4088 3258 4156 ὅμως
3290 4087 3344 4139 δὲ
3379 4088 3472 4139 καὶ
3506 4086 3611 4138 τῶν
3643 4086 3931 4156 ἀνθρώπων

2379 4199 2442 4233 πε
2453 4181 2664 4252 ριεργία
2690 4181 3056 4249 ἐπιτεχνᾶται,
3080 4180 3154 4243 ὡς
3181 4181 3274 4232 καὶ
3297 4179 3363 4232 τά
3387 4179 3522 4248 μετά
3551 4178 3773 4232 θάνατόν
3799 4197 3929 4242 τινος

716 4269 1023 4324 miniscitur
1047 4313 1059 4336 ,
1110 4281 1168 4323 ut
1194 4287 1256 4324 ea
1285 4272 1447 4324 etiam
1483 4286 1603 4340 qua;
1633 4280 1755 4339 post
1786 4279 2014 4324 mortem
2047 4268 2275 4337 alicujus

2380 4274 2605 4325 ἑκάστου
2660 4271 2920 4340 ἐσόμενα,
2973 4270 3446 4342 πολυπραγμονεῖν
3502 4285 3559 4320 τε
3620 4270 3711 4322 καὶ
3765 4270 3932 4323 δοκεῖν

714 4361 893 4414 futura
927 4370 1083 4421 sunt,
1115 4360 1272 4412 anxie
1307 4361 1578 4427 inquirere
1603 4375 1667 4414 ac
1697 4361 1835 4413 scire
1864 4360 2168 4414 videantur.
2207 4357 2268 4411 ’2.

715 4457 884 4511 Porro
913 4452 1054 4506 fama
1081 4453 1218 4504 bona
1257 4450 1473 4503 suavior
1497 4459 1580 4503 est
1603 4451 1794 4503 anima:
1819 4451 1861 4513 ⁸,
1895 4467 2058 4519 quam
2089 4451 2270 4507 oleum

714 4547 960 4616 corpori;
991 4552 1044 4598 ct
1069 4543 1187 4596 vita:
1212 4541 1408 4602 exitus,
1436 4537 1626 4593 melior
1648 4541 1926 4592 nativitate
1955 4560 1966 4592 :
2013 4542 2065 4594 5.
2095 4541 2269 4608 Atque

715 4637 1008 4707 optabilius
1042 4643 1097 4689 et
1128 4631 1485 4704 przestabilius
1524 4629 1708 4699 lugere
1738 4646 1899 4698 quam
1949 4633 2268 4696 comessari,

715 4744 780 4783 ac
814 4727 1168 4781 maerentibus
1215 4725 1403 4778 adesse
1434 4738 1596 4792 quam
1627 4721 1874 4776 ebrietati
1907 4721 2268 4774 studentibus.

693 4818 808 4872 'Sic
829 4819 972 4870 enim
1001 4832 1059 4870 se
1089 4833 1174 4870 res
1198 4817 1376 4880 habet,
1398 4817 1540 4883 quod
1563 4815 1606 4868 si
1631 4816 1754 4883 quis
1787 4813 1931 4867 hunc
1959 4814 2080 4866 vitze
2099 4813 2270 4866 linem

717 4918 906 4962 nactus
937 4906 1118 4966 fuerit,
1150 4905 1217 4958 de
1249 4907 1330 4960 his
1363 4922 1483 4975 qua:
1513 4906 1656 4960 circa
1685 4921 1742 4959 se
1769 4916 1916 4969 sunt,
1953 4920 2050 4958 nec
2079 4905 2271 4957 timore

690 5016 815 5056 .nec
845 4997 1206 5054 sollicitudine
1236 4995 1513 5050 alliciatur.
1558 4998 1608 5049 ι.
1644 4995 1924 5049 Consimili
1958 4995 2120 5048 modo
2147 5011 2272 5062 pru-

715 5093 847 5144 dens
878 5091 955 5144 ira
984 5088 1114 5142 risui
1147 5085 1477 5155 pneferenda
1524 5095 1638 5151 est;
1677 5096 1877 5140 'scvera
1909 5087 2055 5138 cnim
2089 5085 2269 5138 vultus

717 5178 1048 5240 habitudine,
1092 5180 1271 5232 anima
1297 5175 1362 5228 ad
1394 5186 1594 5228 rectum
1624 5177 2020 5245 honestumque
2046 5193 2266 5245 compo-

719 5271 882 5324 nitur.
947 5273 1000 5325 5.
1037 5270 1458 5337 Acsapientum
1510 5265 1725 5334 quidem
1789 5268 1981 5321 aninue
2051 5270 2266 5322 tristitia

785 5380 810 5412 ⁸
843 5373 999 5434 Prov.
1029 5396 1164 5443 xxii,
1200 5381 1250 5433 l.

786 5499 896 5569 (19)
935 5501 1326 5569 Ταμιεύσεται.
1372 5497 1537 5569 Codd.
1573 5492 1761 5569 Medic.
1810 5503 1865 5569 _et
1904 5491 2139 5569 Thuan..
2175 5513 2270 5569 τα-

720 5563 980 5641 μιεύεται.
1009 5563 1547 5641 Βυειιιεπ-ιιςεῐὲςε
1565 5565 1782 5641 videtur
1809 5563 2070 5629 interpres
2100 5566 2270 5634 ἑτέρῳ

668 5702 671 5704 _
715 5633 783 5694 ’ὶά
810 5637 974 5692 αὑτοῦ
1008 5638 1343 5705 ταμιεύεται.
1377 5633 1534 5689 Εἶιιτ.
1565 5633 1808 5686 Parnm.

790 5709 924 5777 (12³)
960 5708 1104 5769 ἴσως
1132 5707 1399 5777 θανάτου..
1617 5773 1628 5777 _
1793 5769 1816 5777 ά
1873 5770 1986 5777 *Μ
2053 5751 2058 5755 ,

783 5769 916 5854 (ίὸ)’
939 5775 1488 5845 Άναμετρησαμένῳ
1605 5769 1841 5842 ἐπιγνῷ.
1872 5770 2058 5829 Billius
2085 5774 2268 5830 admo-

2380 4365 2591 4417 εἰδέναι.
2629 4365 2828 4432 Μνήμη
2862 4363 2917 4414 δὲ
2949 4361 3127 4430 ἀγαθὴ
3156 4361 3298 4429 ψυχῇ
3333 4361 3762 4431 προσηνεστέρα,
3797 4363 3930 4429 ἥπερ

2381 4456 2588 4525 σώματι
2619 4455 2811 4514 έλαιον·
2849 4455 2940 4507 καὶ
2988 4454 3102 4522 βίου
3152 4451 3344 4516 ἔξοδος,
3379 4452 3614 4521 ἀμείνων
3653 4453 3926 4520 γενέσεως·

2377 4548 2468 4597 καὶ
2501 4543 2858 4614 αἱρετώτερον
2889 4540 3121 4601 πενθεῖν,
3152 4539 3184 4608 ἢ
3229 4539 3525 4609 κωμάζειν,
3556 4542 3651 4594 καὶ
3696 4541 3757 4592 τὸ
3795 4556 3927 4607 παρ-

2377 4638 2511 4685 εῖναι
2546 4638 2656 4696 τοῖς
2699 4633 3073 4700 λυπουμένοις,
3110 4631 3142 4700 ἢ
3178 4634 3284 4692 τοῖς
3321 4632 3755 4701 μεθυσκομένοις.
3785 4631 3928 4682 Ἐστι

2377 4705 2484 4795 γὰρ
2510 4726 2668 4787 οὕτω,
2702 4725 2932 4778 λαϐόντα
2965 4723 3086 4777 τινα
3125 4723 3217 4776 τοῦ
3254 4723 3366 4792 βίου
3411 4725 3558 4787 τέλος
3596 4725 3669 4794 μὴ
3713 4722 3928 4791 εὐλαϐη-

2380 4816 2532 4884 θῆναι
2566 4818 2690 4886 περὶ
2723 4817 2828 4868 τῶν
2873 4818 3008 4886 ἀμφ’
3041 4816 3214 4868 αὐτόν.
3262 4817 3498 4878 Γέλωτος
3540 4816 3596 4866 δὲ
3631 4814 3802 4884 θύμος
3843 4815 3929 4883 Ep-

2378 4923 2526 4976 φρων
2577 4909 2988 4979 προτιμότερος·
3025 4907 3265 4978 αὑστηρᾷ
3315 4909 3421 4978 γάρ
3461 4906 3696 4959 διαθέσει
3730 4905 3928 4976 προσώ-

2379 5011 2512 5058 που,
2556 4999 2912 5068 κατορθοῦται
2955 4997 3122 5067 ψυχή.
3153 4999 3214 5051 Αἰ
3251 5000 3346 5068 μὲν
3392 4997 3570 5048 τοίνυν
3609 4995 3713 5046 τῶν
3751 4997 3925 5063 σοφῶν

2377 5089 2563 5156 ψυχαὶ,
2614 5086 3060 5158 σκυθρωπάζουσι
3104 5093 3195 5142 καὶ
3230 5089 3619 5144 συστέλλονται,
3647 5089 3700 5139 αἱ
3749 5087 3803 5139 δὲ
3833 5087 3926 5139 τῶν

2377 5181 2621 5250 ἀφρόνων
2684 5180 3034 5249 ἐπαιρόμεναι
3090 5182 3406 5250 διαχέονται.
3484 5177 3622 5229 Πολὺ
3675 5177 3732 5244 δέ
3795 5179 3927 5228 ἐστιν

2377 5273 2750 5340 εὑκταιότερον
2796 5270 3080 5340 ἐπίπληξιν
3116 5268 3276 5341 σοφοῦ
3307 5267 3421 5328 ἑνὸς
3453 5267 3727 5331 δέξασθαι;
3759 5269 3791 5332 ἦ
3818 5267 3924 5318 ὅλου

2341 5479 2348 5489 ’
2378 5507 2468 5553 net
2494 5496 2576 5578 vel
2591 5473 3434 5578 Δάναμετρςησάμενοςηιθεεηδωη,
3462 5496 3716 5578 ξομμιιοά
3746 5499 3925 5578 melius

2377 5569 2626 5636 quadrat,
2663 5566 2976 5634 ἐπιγνῶναι,
3005 5579 3063 5621 ιιι
3112 5568 3166 5620 in
3200 5581 3314 5636 _ms.
3365 5569 3512 5621 card.
3565 5566 3792 5624 Lothar.
3833 5569 3926 5622 Alii

2382 5634 2562 5707 tamen
2599 5637 2754 5707 co_dd.
2791 5639 3061 5707 volgatam
3089 5634 3376 5707 lectionem
3418 5647 3655 5690 tuentur.
3693 5637 3826 5691 Duc.

2446 5706 2557 5774 (l4)
2589 5704 2798 5774 Θῶμεν
2814 5703 2922 5776 γὰρ
2948 5703 3143 5762 τοῦτο.
3173 5704 3332 5761 Deest
3352 5707 3459 5779 γάρ
3488 5708 3541 5760 in
3578 5709 3699 5762 cod.
3727 5706 3920 5829 ﬁavilii.

2698 5814 2702 5816 -
3771 5790 3824 5831 υ.
