4098 6362
229 486 365 549 1009

1263 495 1749 553 IETAPHRASIS
1785 497 1852 551 IN
1892 497 2425 555 ECCLESIASTEN.

3292 496 3431 555 1020

226 600 291 651 ὲκ
323 599 534 664 ποδῶν,
578 600 691 654 ἀνθ’
736 596 810 656 ὧν
844 605 1065 669 ἑαυτοὺς
1107 610 1421 679 ματαιότητι
1463 609 1776 669 δεδώκεσαν.

1882 614 2101 683 quoties,
2120 613 2457 680 contemplor
2497 628 2616 682 qua:
2642 624 2697 668 et
2722 622 2922 681 quanta
2948 613 3201 668 mortales
3228 614 3286 666 in
3307 629 3433 682 pro-

237 689 452 762 Ἐπειδὴ
477 693 587 763 γὰρ
616 694 715 747 οὐκ
736 696 819 761 ἐφ’
844 697 1098 751 ἁπάντων
1131 700 1446 771 μετέρχεται
1474 703 1507 771 ἡ
1536 702 1625 755 τοῦ
1648 701 1780 755 Θεοῦ

227 784 454 853 πρόνοια
501 785 665 850 ὀξέως
710 788 799 841 διὰ
842 788 939 859 τὴν
1007 792 1204 862 πολλὴν
1251 793 1611 857 ἀνεξικακίαν,
1665 793 1783 846 οὐδὲ

225 876 539 947 παραυτίκα
558 883 876 950 τιμωρεῖται
897 882 990 935 ἐπὶ
1016 887 1135 946 ταῖς
1162 865 1574 954 πλημμελείαις,
1597 883 1781 937 τούτου

226 966 386 1037 χάριν
432 968 601 1020 οἴεται
642 969 751 1022 δεῖν
792 974 821 1024 ὁ
861 974 1093 1043 πονηρὸς
1136 974 1273 1045 ἀνὴρ
1320 974 1651 1046 ἁμαρτάνειν
1694 976 1783 1026 ἐπὶ

228 1057 409 1110 πλεῖον
429 1100 445 1123 ,
475 1058 551 1121 ὡς
578 1056 755 1125 ἀθῶος
801 1064 1119 1128 ἀπαλλάξων
1144 1082 1156 1094 ο
1186 1066 1249 1117 οὐ
1286 1057 1522 1127 συνιεὶς,
1569 1065 1650 1117 ὅτι
1692 1065 1785 1118 καὶ

227 1149 366 1217 μετά
390 1149 678 1218 πάμπολυν
705 1154 893 1223 χρόνον
924 1154 1186 1224 ἀδικήσας
1212 1156 1274 1209 ού
1307 1155 1557 1225 λήσεται·
1584 1156 1783 1224 ἀγαθόν

223 1255 289 1305 γε
323 1239 428 1308 μὴν
459 1241 742 1311 μέγιστον,
782 1242 1118 1297 εὐλαϐεῖσθαι
1161 1245 1319 1297 Θεόν·
1377 1243 1545 1317 οὗπερ
1586 1247 1785 1317 ἀσεϐὴς

223 1329 509 1394 ἐκπεσὼν,
540 1334 603 1384 οὐ
647 1334 810 1386 πολὺν
852 1335 1037 1404 χρόνον
1175 1336 1368 1388 ἑαυτοῦ
1402 1337 1581 1408 μωρία
1614 1355 1783 1408 κατα-

222 1420 503 1497 χρήσεται.
522 1424 777 1493 Χειρίστη
802 1425 857 1477 δὲ
881 1425 972 1476 καὶ.
1001 1425 1300 1496 ὲψευσμὲνη
1322 1426 1446 1491 δόξα
1469 1428 1785 1497 ἀνθρώπους

224 1511 541 1579 ἐπινέμεται
571 1515 857 1581 πολλάκις,
891 1516 1016 1585 mp!
1062 1534 1119 1569 τε
1157 1518 1379 1571 δικαίων
1424 1520 1514 1572 καὶ
1564 1520 1780 1573 ἀδίκων.

236 1601 703 1671 ’Υπολαμδώιουσι
742 1605 851 1675 γὰρ
892 1607 1019 1676 περὶ
1061 1608 1333 1679 ἑκατέρων
1363 1611 1647 1662 τάναντία*
1690 1610 1783 1663 καὶ

223 1690 429 1755 δίκαιός
459 1710 522 1760 γε
548 1694 634 1756 τὶς
659 1693 754 1758 ὢν,
779 1697 839 1747 ού
867 1696 1103 1759 τοιοῦτος
1132 1699 1306 1765 ἔδοξε·
1344 1701 1438 1753 καὶ
1470 1701 1626 1754 πάλιν
1658 1702 1784 1754 ἀσε-

225 1781 360 1853 ϐὴς,
404 1784 626 1856 ἔμιρρων
658 1786 931 1858 ἐνομίσθη.
965 1788 1175 1860 Ταύτην
1206 1779 1386 1859 ἔγωγε
1436 1794 1535 1860 τὴν
1578 1792 1789 1862 πλάνην

226 1874 468 1944 χαλεπὴν
502 1878 559 1927 ὲν
588 1880 701 1938 τοῖς
732 1877 963 1945 μάλιστα
991 1880 1226 1950 τίθεμαι.
1262 1881 1451 1947 Ἕδοξα
1479 1882 1535 1933 δέ
1562 1898 1688 1935 ποτε
1722 1882 1783 1933 τὸ

223 1964 480 2033 μέγιστον
508 1967 614 2019 τῶν
657 1968 876 2037 ἀγαθῶν
919 1968 1117 2041 βρῶσιν
1154 1968 1292 2024 εἶναι
1339 1973 1431 2025 καὶ
1460 1972 1616 2024 πόσιν
1636 1989 1649 2001 ·
1682 1972 1779 2024 κά-

219 2058 401 2109 κεῖνον
448 2058 849 2127 θεοφιλέστατον
871 2099 888 2123 ,
931 2061 990 2124 δς
1019 2061 1084 2115 ἂν
1110 2062 1311 2115 τούτων
1342 2043 1586 2134 ἀπολαύῃ
1631 2062 1780 2133 παρὰ

216 2148 313 2200 τὸν
340 2148 455 2217 βίον
484 2150 594 2220 (22)
618 2192 634 2216 ,
660 2150 736 2214 ὡς
763 2146 873 2205 οἷόν
903 2169 963 2205 τε
1016 2153 1277 2222 μάλιστα·
1312 2154 1407 2206 και¹
1433 2152 1778 2224 παραμυθίαν

215 2239 323 2308 τῆς
351 2239 495 2311 ζωῆς
517 2284 532 2307 ,
566 2242 665 2313 τὴν
690 2243 941 2315 τοιαύτην
967 2245 1226 2315 εὐθυμίαν
1264 2246 1432 2316 μόνην
1462 2244 1773 2314 ἡγησάμην

216 2332 314 2383 καὶ
332 2328 510 2385 τοίνυν
531 2338 815 2405 προσεῖχον
838 2336 1012 2388 οὐδενὶ
1032 2336 1219 2405 ἑτέρῳ,
1240 2335 1274 2404 ἢ
1300 2338 1364 2405 τῇ
1383 2338 1560 2406 οἰήσει
1586 2335 1777 2406 ταύτῃ,

114 2462 117 2465 μ
214 2421 295 2484 ὡς
327 2424 463 2493 μήτε
488 2425 696 2497 νύκτωρ
722 2430 856 2497 μήτε
889 2428 1201 2497 μεθημέραν
1219 2427 1491 2489 ἁπάντων,
1519 2428 1616 2479 ὅσα
1646 2426 1779 2496 πρὸς

212 2514 429 2582 τρυφὴν
444 2515 749 2586 ἀνθρώποις
771 2518 831 2569 εὖ
842 2534 1019 2588 ρηται,
1039 2518 1275 2588 ἐμαυτὸν
1302 2517 1551 2583 ἀπάγειν.
1570 2517 1779 2578 Ἐγνων

214 2620 280 2657 τε
308 2605 590 2669 τοσοῦτον,
619 2607 700 2659 ὃτι
726 2610 784 2659 ὲν
814 2608 1038 2670 ἐκείνοις
1090 2608 1176 2670 τὶς
1219 2607 1502 2677 ὲμφύρων,
1536 2603 1782 2674 οὐδαμῶς

213 2695 535 2766 δυνήσεται,
571 2697 690 2751 οὐδὲ
731 2698 902 2751 τω).λά
941 2700 1234 2769 μοχθήσας,
1278 2700 1453 2768 εὑρεῖν
1518 2696 1580 2749 τὸ
1610 2696 1777 2757 δντως

215 2787 444 2854 ἀγαθόν.

1884 704 2152 757 rimorum
2198 704 2490 773 perniciem
2518 704 2759 758 studiose
2784 708 3119 773 c0gitarnnt,
3166 714 3306 757 totus
3331 705 3429 757 ob—

1882 805 2155 861 stupesco.
2186 794 2272 847 10.
2299 792 2431 848 Illud
2458 795 2671 862 quidem
2704 804 3037 863 compertum
3068 795 3261 859 habeo,
3286 794 3435 862 prius

1881 898 2098 953 quoque
2123 900 2190 938 ex
2222 885 2324 938 hac
2348 885 2457 937 vita
2486 884 2656 953 abripi
2683 884 2876 952 impios
2906 898 2969 937 ac
3003 884 3068 938 de
3100 884 3273 937 medio
3296 883 3432 949 tolli,

1881 986 1946 1027 eo
1978 974 2125 1042 quod
2157 973 2381 1027 vanitati
2405 989 2463 1027 se
2491 975 2634 1045 ipsos
2667 975 3003 1028 dediderunt.
3043 975 3127 1026 Η.
3164 972 3435 1038 Quoniam

1880 1064 2024 1119 enim
2059 1063 2151 1119 Dei
2180 1064 2512 1134 providentia
2563 1074 2778 1134 propter
2825 1079 3090 1120 summam
3118 1062 3433 1131 aequanimi-

1884 1165 2043 1213 tatem
2072 1169 2122 1214 et
2150 1160 2515 1225 clementiam,
2563 1160 2979 1229 haudquaquam
3022 1172 3217 1211 omnes
3249 1154 3436 1209 confe-

1884 1250 2006 1301 stim
2042 1251 2426 1319 persequitur:
2459 1266 2556 1305 nec
2594 1253 2768 1307 malus
2814 1252 2995 1305 statim
3041 1258 3161 1318 post
3200 1246 3436 1301 admissa

1883 1338 2080 1409 ﬂagitia
2138 1341 2316 1410 poenis
2366 1338 2622 1407 afﬁcitur;
2685 1340 2769 1395 t2.
2813 1338 2894 1394 0b
2937 1354 3055 1395 eam
3085 1352 3302 1392 causam
3332 1334 3436 1393 sibi

1882 1430 1967 1486 fas
1991 1447 2113 1485 esse
2141 1441 2295 1501 putat
2321 1433 2415 1487 vir.
2431 1434 2691 1487 scelestus
2743 1432 2944 1485 diutius
2987 1444 3240 1498 peccare,
3278 1427 3436 1496 quasi

1832 1588 1839 1593 κ
1884 1524 2138 1577 innoxius
2160 1524 2503 1579 discessurus
2527 1541 2539 1575 :
2573 1523 2699 1575 illud
2724 1521 2967 1574 videlicet
2986 1535 3091 1573 non
3115 1519 3435 1585 intelligens.

1882 1614 2023 1681 quod
2070 1612 2233 1665 etiam
2268 1621 2389 1679 post
2438 1612 2658 1678 longum
2685 1626 2721 1663 a
2744 1618 3047 1679 perpetrato
3072 1608 3273 1662 scelere
3301 1615 3439 1658 tem-

1883 1719 2006 1773 pus,
2052 1702 2147 1756 Dei
2193 1701 2478 1756 scientiam
2526 1702 2632 1754 u’on
2681 1700 2915 1770 eﬂ'ugiet.
2965 1699 3097 1752 lllud
3144 1710 3269 1750 vero
3302 1690 3471 1765 pne?

1883 1791 2274 1847 stamissimum
2300 1790 2525 1850 bonum,
2546 1790 2637 1858 pio
2660 1787 2749 1842 Dei
2774 1789 2965 1841 timore
2984 1787 3261 1856 praeditum
3284 1798 3433 1847 esse,

1884 1883 1969 1936 15.
2031 1899 2061 1937 a
2097 1896 2209 1951 quo
2236 1896 2359 1936 cum
2384 1880 2582 1949 impius
2607 1879 2883 1941 exciderit,
2919 1877 3061 1931 haud
3094 1878 3183 1930 diu
3212 1875 3437 1929 stultitia

1881 1988 1981 2028 sua
2034 1973 2304 2027 abutetur.
2362 1970 2449 2025 l4.
2480 1969 2721 2025 Pessima
2767 1980 2946 2026 autem
2992 1977 3044 2023 et
3093 1967 3224 2022 falsa
3255 1968 3437 2036 opinio

1882 2076 1975 2130 per
2002 2061 2252 2114 homines
2294 2059 2611 2127 plerumque
2655 2068 2929 2127 grassatur
2952 2095 2968 2121 ,
3013 2066 3123 2109 tum
3155 2058 3221 2111 de
3252 2057 3435 2125 justis,

1883 2160 1996 2205 tam
2027 2152 2095 2206 de
2121 2150 2396 2226 sceleratis
2430 2167 2443 2202 :
2470 2151 2536 2202 de
2558 2149 2800 2217 utrisque
2841 2148 2983 2201 enim
3031 2149 3296 2201 contraria
3322 2148 3436 2199 exi-

1883 2243 2124 2296 stimant.
2158 2238 2295 2294 Nam
2327 2249 2380 2293 et
2410 2240 2502 2308 qui
2526 2239 2736 2309 justitia
2768 2238 3017 2308 praditu's
3046 2246 3148 2298 est,
3177 2252 3287 2291 non
3316 2237 3437 2290 talis

1883 2332 2103 2388 habitus
2125 2340 2240 2397 est;
2274 2340 2329 2386 et
2352 2347 2543 2386 rursus
2588 2331 2807 2400 impius,
2853 2329 3056 2385 cordati
3100 2329 3200 2382 viri
3228 2328 3437 2397 opinio-

1883 2439 2007 2477 nem
2038 2423 2160 2477 tulit
2190 2441 2204 2475 :
2241 2437 2400 2490 quem
2424 2422 2640 2491 quidem
2671 2436 2907 2475 errorem
2938 2422 2992 2475 in
3014 2422 3200 2491 pnmis
3223 2436 3434 2494 gravem

1882 2529 2004 2569 esse
2037 2522 2240 2567 statuo.
2279 2514 2363 2571 t5.
2396 2511 2707 2581 Quinetiam
2727 2512 3018 2581 aliquando
3044 2525 3312 2563 summum
3343 2510 3436 2563 bo-

1885 2619 2015 2658 num
2061 2604 2115 2659 in
2145 2605 2269 2661 cibo
2294 2615 2349 2661 et
2379 2610 2507 2675 potu
2530 2607 2697 2661 situm
2718 2620 2842 2661 esse
2886 2600 3156 2674 judicavi;
3206 2614 3437 2673 eumque

1886 2693 1997 2750 Deo
2024 2696 2432 2763 charissimam,
2470 2698 2563 2767 qui
2610 2706 2725 2751 toto
2754 2697 2875 2750 vita:
2919 2697 3091 2765 spatio
3122 2698 3227 2759 his,
3271 2710 3433 2764 quam

1884 2786 2117 2841 maxime
2139 2787 2254 2841 ﬁeri
2278 2797 2472 2857 potest,
2502 2788 2771 2843 frueretur
2800 2806 2814 2843 :
2849 2787 2933 2843 16.
2971 2797 3132 2857 atque
3154 2788 3435 2856 bujusmo-

213 2878 275 2931 di
325 2879 682 2943 hilaritatem,
740 2882 961 2935 unicum
1008 2881 1133 2935 vita:
1186 2880 1436 2957 solatium
1490 2878 1782 2933 arbitratus
1843 2893 1984 2932 sum.
2046 2878 2125 2931 Ac
2164 2879 2390 2947 proinde
2431 2878 2485 2933 in
2526 2879 2725 2933 nullam
2761 2879 2921 2933 aliam
2978 2892 3316 2946 rem,quam
3378 2878 3433 2930 in
3526 2940 3533 2943 ν

218 2966 366 3020 hanc
390 2970 696 3037 opinionem
726 2971 1123 3034 incumbebam,
1159 2981 1218 3024 ut
1272 2986 1371 3025 nec
1394 2966 1556 3023 nnctu
1590 2984 1688 3021 nec
1725 2967 1956 3021 interdiu
2009 2968 2301 3037 quidquam
2361 2983 2548 3024 eorum
2572 3009 2587 3032 ,
2617 2983 2738 3039 qua
2798 2969 2868 3023 ad
2914 2968 3134 3022 delicias
3173 2984 3204 3020 a
3236 2977 3434 3021 morta-

218 3056 368 3110 lif-us
394 3059 609 3115 inventa
636 3073 781 3125 sunt,
808 3062 937 3115 mihi
970 3063 1367 3126 interdicerem,
1401 3060 1466 3115 ab
1505 3073 1679 3129 eoque
1705 3073 1791 3111 me
1821 3057 2167 3112 abducerem.
2218 3058 2305 3113 t7.
2368 3058 2632 3113 Czeterum
2684 3059 2787 3113 hoc
2818 3058 3079 3127 cognovi,
3110 3060 3252 3127 quod
3281 3059 3431 3128 quis-

216 3150 350 3218 quis
399 3164 458 3203 se
500 3152 587 3205 bis
632 3156 791 3206 rebus
833 3153 1232 3221 inquinavcrit,
1290 3154 1438 3206 nullo
1480 3147 1776 3219 quamlibet
1799 3145 1960 3229 longo
1998 3144 2204 3211 labore,
2232 3161 2416 3200 verum
2443 3146 2643 3199 bonum
2680 3162 2914 3215 unquam
2944 3148 3190 3219 reperiet.

818 3246 1063 3297 ΚΕΦΔΛ.
1100 3245 1178 3299 Θν.

295 3332 474 3402 ’ῼμην
521 3332 630 3403 γὰρ
668 3334 911 3397 ἅπαντας
944 3337 1065 3389 τότε
1104 3336 1211 3388 τῶν
1250 3337 1426 3389 αὐτῶν
1465 3335 1779 3408 ἀνθρώπους

213 3423 516 3493 ἠξιῶσθαιο
560 3426 653 3477 καὶ
699 3427 754 3479 εῐ
796 3427 856 3479 τέ
902 3442 987 3489 τις
1036 3426 1196 3495 σοφὸς
1218 3466 1233 3490 ,
1288 3429 1631 3499 δικαιοσύνης
1682 3430 1778 3498 μὲν

216 3515 562 3585 ἐπεμελήθη,
590 3516 800 3569 ἀδικίαν
832 3517 889 3571 δὲ
924 3514 1227 3588 ἐξετράπη,
1268 3519 1359 3569 καὶ
1390 3518 1584 3589 ἔχθραν
1614 3519 1777 3585 ἔφυγε

218 3610 363 3679 πρὸς
390 3609 631 3672 ἅπαντας
661 3608 833 3673 δεξιὸς
859 3609 933 3662 ὣν
952 3650 967 3673 ,
1007 3612 1143 3681 ὅπερ
1174 3612 1319 3663 ἐστὶν
1362 3609 1586 3680 ἀρεστὸν
1625 3610 1741 3680 Θεῷ
1760 3651 1774 3673 ,

214 3694 380 3761 οὗτος
424 3706 797 3769 ματαιοπονεῖν
832 3702 1098 3771 ἐφαίνετο.
1132 3702 1295 3765 Τέλος
1325 3701 1381 3754 δὲ
1422 3702 1478 3753 ἓν
1506 3702 1676 3754 ἐδόκει
1702 3702 1775 3754 δι-

153 3851 164 3856 ,
216 3792 384 3844 καίου
408 3808 468 3843 τε
493 3791 585 3842 καὶ
613 3791 837 3854 ἀσεϐοῦς
854 3833 866 3855 ,
894 3793 1096 3861 ἀγαθοῦ
1119 3811 1178 3845 τε
1206 3796 1298 3847 καί
1317 3793 1506 3856 κακοῦ,
1538 3793 1774 3864 καθαροῦ

212 3903 279 3939 τε
312 3886 409 3939 καὶ
449 3885 790 3955 ἀκαθάρτου,
825 3890 919 3939 καὶ
960 3888 1092 3941 Θεὸν
1139 3889 1488 3959 ίλασκομένου
1532 3890 1623 3942 καὶ
1680 3892 1770 3958 μή.

217 3978 353 4029 Ὅτε
380 3976 488 4046 γὰρ
518 3976 699 4039 ἄδικος
728 3978 821 4053 καὶ
844 3979 873 4029 ὁ
896 3978 1095 4045 ἀγαθὸς
1120 4019 1135 4042 ,
1178 3982 1267 4032 ὅτε
1315 3980 1566 4051 ἐπίορκος
1583 4019 1597 4043 ,
1629 3982 1719 4032 καὶ
1745 3980 1775 4030 ὁ

211 4066 403 4118 τέλεον
433 4067 591 4136 ὅρκον
618 4065 1008 4134 ἐκτρεπόμενος
1027 4109 1040 4129 ,
1064 4070 1142 4130 εἰς
1168 4071 1331 4122 ταύτὸ
1360 4070 1510 4132 τέλος
1540 4065 1784 4122 ἐλαύνειν

211 4157 506 4225 ἠλπίζετο,
541 4157 873 4225 κατάγνωσίς
909 4156 968 4208 τέ
1015 4174 1097 4220 τις
1143 4158 1322 4212 ὕπεισι
1364 4161 1457 4214 τοῦ
1499 4166 1574 4225 εἰς
1618 4163 1774 4231 ὃμοια

208 4247 475 4317 τελευτᾷν
502 4248 759 4311 ἅπαντας,
779 4247 1029 4299 Γινώσκω
1047 4248 1103 4300 δὲ
1131 4249 1224 4301 νῦν
1248 4252 1321 4314 ὡς
1342 4255 1586 4324 ἀφρόνων
1606 4254 1774 4307 ταῦτα

208 4337 609 4408 ἐνθυμήματα,
640 4341 733 4391 καὶ
780 4340 973 4391 πλάναι
1019 4342 1110 4391 καὶ
1157 4341 1436 4405 agnam.
1471 4348 1579 4399 Καὶ
1608 4346 1774 4398 πολλὰ

208 4428 496 4495 λέγουσιν,
523 4430 600 4493 ῶς
624 4434 652 4483 ὁ
684 4430 967 4483 ἀποθανὼν
998 4432 1197 4499 οἴχεται
1226 4434 1403 4488 τέλεον
1428 4454 1441 4467 ο
1471 4440 1561 4491 καὶ
1591 4456 1775 4510 προτι-

212 4518 420 4589 μητέον
470 4520 562 4571 τὸν
613 4522 791 4583 ζῶντα
826 4523 919 4575 τοῦ
960 4522 1307 4591 τεθνηκότος,
1352 4528 1450 4579 κᾶν
1494 4532 1551 4581 ὲν
1598 4531 1770 4599 σκότῳ

206 4610 469 4678 κείμενος
486 4605 540 4680 ᾗ,
569 4611 667 4663 κᾶν
696 4615 854 4675 κυνὸς
878 4614 1092 4684 τρόπον,
1114 4615 1202 4666 τὸν
1224 4616 1334 4683 βίον
1364 4595 1767 4692 διαπορεύηται,
1802 4595 1843 4648 D

204 4699 372 4769 παρὰ
402 4699 489 4751 τὸν
525 4701 710 4756 λέοντα
752 4706 844 4757 τὸν
873 4706 1184 4771 τεθνηκότα.
1217 4707 1277 4758 Οἱ
1310 4708 1409 4775 μὲν
1435 4710 1542 4781 γὰρ
1572 4712 1769 4776 ζῶντες

201 4790 375 4842 τοῦτο
394 4790 519 4855 γοῦν
546 4791 879 4860 ἐπίστανται,
905 4797 990 4849 ὅτι
1012 4796 1378 4866 τεθνήξονται·
1406 4802 1453 4849 οἱ
1493 4802 1548 4853 δὲ
1586 4807 1766 4875 νεκροὶ

204 4880 325 4933 οὐδ’
369 4879 542 4931 ὁτιοῦν
586 4882 959 4947 γινώσκουσιν.
1002 4887 1247 4958 Ἀμοιϐαὶ
1293 4887 1345 4938 δὲ
1384 4891 1591 4956 οὐδενὸς
1636 4897 1766 4967 πρό-

208 4989 429 5026 κεινται
462 4971 595 5040 μετά
615 4974 679 5024 τὸ
703 4972 1090 5048 ἀποπληρῶσαι
1110 4980 1168 5029 τὸ
1197 4977 1388 5048 χρεών.
1417 4981 1486 5033 Ἤ
1515 5000 1572 5034 τε
1602 4986 1769 5057 ἔχθρα

204 5066 310 5120 καὶ
362 5065 395 5131 ὴ
451 5063 597 5130 φιλία
643 5067 673 5133 ἡ
719 5068 853 5135 πρὸς
892 5075 1016 5132 τοὺς
1053 5071 1395 5139 τεθνηκότας,
1440 5074 1589 5137 τέλος
1637 5079 1768 5147 ἔχει.

210 5154 479 5208 Ἑκείνων
511 5153 638 5223 γὰρ,
670 5156 777 5206 εἴτε
809 5157 965 5226 ζῆλος
986 5200 999 5222 ,
1032 5162 1272 5225 ἐξέλιπεν
1293 5180 1306 5191 ·
1332 5162 1439 5215 εἴτε
1469 5165 1597 5233 βίος,
1628 5172 1769 5239 ἠφά-

193 5263 409 5300 νισται.
452 5245 680 5297 Μέτεστι
712 5246 767 5297 δὲ
806 5249 1015 5314 οὐδενὸς
1054 5254 1131 5323 τῷ
1163 5253 1305 5317 ἅπαξ
1336 5254 1581 5308 ἐντεῦθεν
1616 5262 1771 5313 ἀπελ-

193 5342 381 5394 οὸντι.
418 5336 601 5389 Ταῦτα
645 5339 677 5407 ή
729 5338 901 5409 πλάνη
940 5344 1209 5415 ἐπᾴδουσα
1253 5347 1359 5409 ἔτι,
1414 5349 1505 5399 καὶ
1548 5352 1768 5405 τοιαῦτα

192 5428 586 5499 συμϐουλεύεν
618 5428 682 5479 Τί
719 5430 1041 5502 πράττεις,ὧ
1073 5431 1257 5501 οὗτος,
1307 5441 1397 5491 καὶ
1424 5440 1483 5490 ού
1509 5444 1717 5511 τρυφᾷς
1741 5486 1755 5505 ,

188 5523 329 5575 οὐδὲ
362 5521 569 5589 ἐμφορῇ
595 5519 692 5587 μὲν
720 5520 1023 5589 ἐδεσμάτων
1053 5529 1329 5591 παντοίων,
1348 5527 1487 5580 οἴνου
1518 5530 1573 5582 δὲ
1602 5532 1760 5601 ὑπερ-

189 5630 217 5663 ε
228 5610 580 5682 μπίπλασαι;
609 5611 721 5662 Ούκ
744 5612 970 5684 αἰσθάνῃ
990 5658 1003 5679 ,
1028 5618 1098 5679 ὡς
1123 5622 1185 5671 ὲκ
1212 5620 1343 5673 Θεοῦ
1372 5622 1530 5672 ταυτὶ
1556 5622 1759 5675 δέδοται

188 5702 349 5773 πρὸς
400 5702 691 5755 ἀπόλαυσιν
735 5698 1166 5775 ἀνεπικώλυτον;
1213 5711 1507 5783 Περιϐαλοῦ
1563 5712 1759 5783 ἐσθῆτα.

2463 3235 2690 3291 CAPUT
2723 3236 2813 3290 IX.

1950 3347 2000 3400 L
2038 3345 2175 3399 Tum
2221 3346 2366 3400 enim
2413 3347 2661 3402 homines
2700 3363 2887 3403 omnes
2930 3349 3118 3403 iisdem
3162 3349 3323 3404 rebus
3347 3349 3432 3402 di-

1876 3451 2013 3503 gnos
2047 3435 2258 3489 habitos
2280 3450 2399 3489 esse
2428 3438 2705 3505 putabam.
2756 3440 2835 3491 Ac
2869 3440 2917 3493 si
2953 3442 3075 3509 quis
3100 3440 3313 3505 sapiens
3341 3439 3431 3504 ju-

1876 3524 2079 3577 stitiam
2121 3524 2361 3578 studiose
2421 3528 2677 3582 coluisset
2726 3536 2889 3593 atque
2933 3528 3003 3579 ab
3040 3526 3299 3594 injustitia
3347 3543 3433 3581 re-

1876 3617 2149 3679 cessisset,
2180 3617 2457 3685 animique
2476 3618 2790 3671 dexteritate
2818 3627 2872 3670 et
2903 3616 3158 3671 facilitate
3189 3621 3427 3672 omnium
3468 3650 3471 3651 ν

1876 3706 2057 3758 odium
2085 3704 2308 3775 fugisset
2339 3710 2501 3776 (quod
2537 3707 2749 3775 quidem
2788 3706 2896 3761 Deo
2927 3718 3136 3776 gratum
3159 3710 3303 3778 est);
3343 3712 3430 3765 hic

1878 3796 2010 3849 mihi
2060 3797 2274 3852 inanem
2311 3798 2549 3851 laborem
2591 3798 2867 3866 suscipere
2909 3799 3206 3854 videbatur.
3245 3803 3297 3855 2.
3330 3802 3431 3856 Del

1877 3888 2040 3955 nique
2066 3904 2237 3941 unum
2272 3887 2623 3955 eumdemque
2644 3886 2802 3940 ﬁnem
2828 3904 2946 3943 esse
2972 3890 3273 3945 arbitrabar
3298 3894 3431 3960 justi

1875 3987 1928 4030 et
1956 3980 2166 4047 injusti,
2195 3980 2321 4032 boni
2345 3985 2398 4031 et
2421 3978 2569 4043 mali,
2600 3979 2720 4047 puri
2750 3994 2803 4033 et
2829 3980 3058 4049 impuri,
3094 3983 3203 4037 Deo
3230 3986 3431 4055 suppli-

1873 4072 2049 4126 cantis
2079 4072 2409 4136 minimeque
2463 4071 2837 4139 supplicantis.
2896 4074 2947 4127 3.
2972 4073 3107 4128 Nam
3138 4092 3259 4129 eum
3286 4076 3429 4143 inju-'

1873 4192 1992 4237 stus
2022 4191 2074 4236 et
2100 4182 2322 4250 probus,
2355 4181 2625 4251 pejerator
2651 4193 2706 4238 et
2726 4184 3104 4253 jusjurandum
3144 4200 3303 4241 omne
3337 4184 3424 4241 fu-

1872 4275 2023 4340 giens
2046 4312 2060 4335 ,
2112 4273 2179 4325 ad
2222 4274 2471 4326 eumdem
2520 4275 2677 4327 tinem
2707 4289 2799 4342 spe
2825 4283 2985 4340 atque
3028 4274 3278 4339 opinione
3306 4291 3426 4332 mea

1872 4363 2294 4429 contenderent;
2352 4365 2569 4419 subibat
2615 4366 2830 4419 sinistra
2875 4365 3118 4431 quaedam
3150 4370 3423 4434 cogitatio,

1872 4470 2060 4508 omnes
2107 4454 2161 4507 in
2211 4457 2398 4510 eadem
2446 4457 2714 4510 desinere.
2752 4453 2904 4507 Nunc
2934 4470 3057 4508 vero
3086 4467 3422 4525 perspectum

1874 4544 2047 4596 habeo
2066 4583 2081 4607 ,
2117 4544 2403 4598 stultorum
2437 4561 2557 4598 esse
2582 4545 2674 4595 has
2706 4542 3054 4610 cogitationes
3074 4584 3089 4606 ,
3124 4557 3186 4597 ac
3212 4544 3425 4595 fraudes

1872 4642 1926 4687 et
1966 4633 2314 4703 impesturas.
2367 4637 2421 4688 4.
2454 4635 2530 4685 Ae
2556 4632 2738 4685 multis
2774 4633 2948 4687 verbis
2974 4634 3101 4687 illud
3150 4637 3418 4697 occinunt,

1870 4739 1993 4777 eum
2022 4726 2114 4793 qui
2144 4740 2371 4779 mortem
2417 4724 2568 4783 obiit,
2623 4724 2833 4788 penitus
2863 4724 3109 4787 interire;
3152 4740 3215 4778 ac
3242 4726 3419 4775 viven-

1872 4825 1978 4875 tem
2023 4827 2239 4870 mortuo
2279 4814 2665 4884 praeferendum
2713 4829 2871 4878 esse,
2926 4817 3138 4869 etiamsi
3188 4814 3418 4867 tenebris

1870 4909 2079 4963 obsitus
2119 4910 2326 4977 jaceat,
2374 4906 2582 4957 etiamsi
2618 4905 2815 4959 canino
2846 4919 2994 4959 more
3022 4906 3143 4975 vita:
3183 4905 3281 4956 iter
3308 4914 3417 4954 tra-

1870 4998 2067 5063 ducat,
2114 5013 2274 5064 supra
2305 4996 2512 5047 leonem
2544 5007 2837 5049 mortuum.
2885 4994 2936 5047 5.
2968 4996 3174 5047 Etenim
3205 5008 3295 5045 eos
3322 4995 3415 5060 qui

1868 5090 1976 5142 vita
2008 5088 2276 5149 fruuntur,
2309 5086 2410 5137 hoc
2432 5086 2619 5139 saltem
2646 5090 2803 5149 scire,
2825 5089 2967 5154 quod
2997 5082 3241 5137 morituri
3269 5086 3373 5136 sint
3399 5106 3411 5139 :

1864 5196 1959 5234 eos
1989 5190 2164 5233 autem
2200 5176 2291 5243 qui
2325 5176 2434 5229 vita
2482 5178 2651 5232 functi
2697 5186 2855 5242 sunt,
2904 5177 3034 5229 nihil
3073 5189 3294 5241 prorsus
3325 5192 3415 5227 cu-

1864 5284 2139 5340 gnoscere.
2201 5266 2426 5322 Praemia
2460 5285 2623 5334 porro
2655 5282 2946 5339 poenasque
2974 5266 3146 5317 nullas
3177 5274 3297 5331 post
3322 5283 3415 5318 ex-

1864 5365 2060 5431 pletum
2094 5360 2215 5413 vitze
2244 5371 2463 5415 cursum
2491 5363 2735 5430 proponi.
2800 5359 2852 5411 6.
2884 5356 3076 5409 Odium
3113 5357 3330 5425 insuper
3362 5371 3413 5410 et

1866 5451 2287 5505 benevolentiam
2327 5470 2449 5522 erga
2492 5470 2587 5507 eos
2610 5454 2699 5521 qui
2729 5452 2887 5503 vitam
2916 5464 3037 5501 cum
3071 5461 3238 5503 morte
3263 5466 3409 5503 com-

1865 5550 2160 5604 mutarunt,
2194 5543 2353 5597 tinem
2384 5546 2599 5598 habere.
2634 5542 2830 5593 Eorum
2852 5541 2990 5592 enim
3018 5549 3127 5593 tum
3156 5543 3409 5594 invidiam

1866 5641 2026 5696 atque
2070 5633 2465 5685 aemulationem
2489 5630 2775 5695 deiecisse,
2826 5636 2937 5681 tum
2967 5630 3127 5683 vitam
3155 5634 3410 5685 Obscura-

1867 5727 1971 5771 tam
2024 5728 2185 5786 atque
2236 5723 2551 5774 exstinctam
2590 5731 2726 5771 esse.
2786 5714 3061 5771 Postremo
3090 5718 3290 5771 nullius
3333 5718 3407 5771 rei

267 5862 394 5935 (~22)
453 5860 617 5927 Παρὰ
658 5860 763 5913 τὸν
794 5861 954 5924 βίον,
1002 5864 1133 5918 Cod.
1189 5867 1373 5925 Medic.
1399 5912 1413 5937 ,
1448 5872 1592 5944 παρὰ
1626 5873 1712 5923 τὸν
1757 5875 1776 5925 ὲ

1875 5875 1949 5928 εοῦ
1972 5875 2099 5945 βίον.
2136 5876 2259 5931 Duc.
