  <div class='ocr_page' id='page_1' title='image "/cluster/home/n/w/nwhite01/storage/ocr_20150623/10/pst.000005711901/516.png"; bbox 0 0 4098 6362; ppageno 0'>
   <div class='ocr_carea' id='block_1_1' title="bbox 230 495 366 550">
    <p class='ocr_par' dir='ltr' id='par_1_1' title="bbox 230 495 366 550">
     <span class='ocr_line' id='line_1_1' title="bbox 230 495 366 550; baseline 0.007 -1"><span class='ocrx_word' id='word_1_1' title='bbox 230 495 366 550; x_wconf 75' lang='grc'>1013</span> 
     </span>
    </p>
   </div>
   <div class='ocr_carea' id='block_1_2' title="bbox 1223 495 2458 574">
    <p class='ocr_par' dir='ltr' id='par_1_2' title="bbox 1223 495 2458 574">
     <span class='ocr_line' id='line_1_2' title="bbox 1223 495 2458 574; baseline -0.002 -23"><span class='ocrx_word' id='word_1_2' title='bbox 1223 571 1226 574; x_wconf 8' lang='grc' dir='ltr'><strong>γ</strong></span> <span class='ocrx_word' id='word_1_3' title='bbox 1293 496 1772 554; x_wconf 75' lang='lat' dir='ltr'><strong>METAPHRASIS</strong></span> <span class='ocrx_word' id='word_1_4' title='bbox 1821 496 1889 556; x_wconf 79' lang='lat' dir='ltr'><strong>IN</strong></span> <span class='ocrx_word' id='word_1_5' title='bbox 1928 495 2458 553; x_wconf 79' lang='lat' dir='ltr'><strong>ECCLESIASTEN.</strong></span> 
     </span>
    </p>
   </div>
   <div class='ocr_carea' id='block_1_3' title="bbox 3311 485 3449 544">
    <p class='ocr_par' dir='ltr' id='par_1_3' title="bbox 3311 485 3449 544">
     <span class='ocr_line' id='line_1_3' title="bbox 3311 485 3449 544; baseline -0.029 0"><span class='ocrx_word' id='word_1_6' title='bbox 3311 485 3449 544; x_wconf 61' lang='lat' dir='ltr'><strong>90M</strong></span> 
     </span>
    </p>
   </div>
   <div class='ocr_carea' id='block_1_4' title="bbox 222 608 1788 687">
    <p class='ocr_par' dir='ltr' id='par_1_4' title="bbox 222 608 1788 687">
     <span class='ocr_line' id='line_1_4' title="bbox 222 608 1788 687; baseline -0.001 -19"><span class='ocrx_word' id='word_1_7' title='bbox 222 611 369 668; x_wconf 81' lang='grc' dir='ltr'>ιστιν</span> <span class='ocrx_word' id='word_1_8' title='bbox 389 613 477 664; x_wconf 80' lang='grc' dir='ltr'>ὅτε</span> <span class='ocrx_word' id='word_1_9' title='bbox 505 610 686 679; x_wconf 82' lang='grc' dir='ltr'>καλῶν</span> <span class='ocrx_word' id='word_1_10' title='bbox 708 608 885 681; x_wconf 81' lang='grc' dir='ltr'>ὀδηγῷ</span> <span class='ocrx_word' id='word_1_11' title='bbox 905 611 1243 682; x_wconf 78' lang='grc' dir='ltr'><strong>πραγμάτων</strong></span> <span class='ocrx_word' id='word_1_12' title='bbox 1283 614 1558 687; x_wconf 78' lang='grc' dir='ltr'><strong>ἀφροσύνῃ</strong></span> <span class='ocrx_word' id='word_1_13' title='bbox 1603 617 1788 686; x_wconf 84' lang='grc' dir='ltr'>χρήσε-</span> 
     </span>
    </p>
   </div>
   <div class='ocr_carea' id='block_1_5' title="bbox 1889 608 3448 687">
    <p class='ocr_par' dir='ltr' id='par_1_5' title="bbox 1898 609 3448 680">
     <span class='ocr_line' id='line_1_5' title="bbox 1898 609 3448 680; baseline -0.006 -11"><span class='ocrx_word' id='word_1_14' title='bbox 1898 615 2073 670; x_wconf 86' lang='lat' dir='ltr'><strong>claras</strong></span> <span class='ocrx_word' id='word_1_15' title='bbox 2098 615 2234 671; x_wconf 90' lang='lat' dir='ltr'><strong>duce</strong></span> <span class='ocrx_word' id='word_1_16' title='bbox 2269 615 2495 672; x_wconf 81' lang='lat' dir='ltr'><strong>stultitia</strong></span> <span class='ocrx_word' id='word_1_17' title='bbox 2527 621 2721 669; x_wconf 88' lang='lat' dir='ltr'><strong>utetur.</strong></span> <span class='ocrx_word' id='word_1_18' title='bbox 2766 613 2817 667; x_wconf 77' lang='grc'>5.</span> <span class='ocrx_word' id='word_1_19' title='bbox 2846 612 2984 680; x_wconf 91' lang='lat' dir='ltr'><strong>Quin</strong></span> <span class='ocrx_word' id='word_1_20' title='bbox 3023 609 3448 680; x_wconf 81' lang='lat' dir='ltr'><strong>ipsiusquoque</strong></span> 
     </span>
    </p>
   </div>
   <div class='ocr_carea' id='block_1_6' title="bbox 217 700 1790 776">
    <p class='ocr_par' dir='ltr' id='par_1_6' title="bbox 217 700 1790 776">
     <span class='ocr_line' id='line_1_6' title="bbox 217 700 1790 776; baseline 0.001 -20"><span class='ocrx_word' id='word_1_21' title='bbox 217 718 331 756; x_wconf 84' lang='grc' dir='ltr'>ται.</span> <span class='ocrx_word' id='word_1_22' title='bbox 362 702 583 756; x_wconf 80' lang='grc' dir='ltr'>Μάταια</span> <span class='ocrx_word' id='word_1_23' title='bbox 609 700 666 754; x_wconf 78' lang='grc' dir='ltr'>δὲ</span> <span class='ocrx_word' id='word_1_24' title='bbox 692 700 980 754; x_wconf 76' lang='grc' dir='ltr'>αὑτοῦκαὶ</span> <span class='ocrx_word' id='word_1_25' title='bbox 1023 701 1090 754; x_wconf 76' lang='grc' dir='ltr'>τὰ</span> <span class='ocrx_word' id='word_1_26' title='bbox 1120 701 1478 772; x_wconf 84' lang='grc' dir='ltr'>ἐνθυμήματα</span> <span class='ocrx_word' id='word_1_27' title='bbox 1502 741 1519 766; x_wconf 88' lang='grc'><strong>,</strong></span> <span class='ocrx_word' id='word_1_28' title='bbox 1556 703 1790 776; x_wconf 79' lang='grc' dir='ltr'>ἀφροσύ-</span> 
     </span>
    </p>
   </div>
   <div class='ocr_carea' id='block_1_7' title="bbox 218 790 1806 863">
    <p class='ocr_par' dir='ltr' id='par_1_7' title="bbox 218 790 1806 863">
     <span class='ocr_line' id='line_1_7' title="bbox 218 790 1806 863; baseline 0.001 -16"><span class='ocrx_word' id='word_1_29' title='bbox 218 810 319 863; x_wconf 84' lang='grc' dir='ltr'><strong>νης</strong></span> <span class='ocrx_word' id='word_1_30' title='bbox 350 790 828 862; x_wconf 60' lang='grc' dir='ltr'>ἀναπεπλησμένα.</span> <span class='ocrx_word' id='word_1_31' title='bbox 873 790 935 843; x_wconf 83' lang='grc' dir='ltr'>Εἰ</span> <span class='ocrx_word' id='word_1_32' title='bbox 982 792 1038 844; x_wconf 82' lang='grc' dir='ltr'>δὲ</span> <span class='ocrx_word' id='word_1_33' title='bbox 1067 793 1162 845; x_wconf 78' lang='grc' dir='ltr'><strong>καὶ</strong></span> <span class='ocrx_word' id='word_1_34' title='bbox 1195 792 1410 863; x_wconf 88' lang='grc' dir='ltr'>πνεῦμά</span> <span class='ocrx_word' id='word_1_35' title='bbox 1450 796 1529 848; x_wconf 84' lang='grc' dir='ltr'><strong>σοί</strong></span> <span class='ocrx_word' id='word_1_36' title='bbox 1563 812 1711 859; x_wconf 72' lang='grc' dir='ltr'>ποτε,</span> <span class='ocrx_word' id='word_1_37' title='bbox 1743 790 1806 849; x_wconf 80' lang='grc' dir='ltr'><strong>ὦ·</strong></span> 
     </span>
    </p>
   </div>
   <div class='ocr_carea' id='block_1_8' title="bbox 220 883 1788 955">
    <p class='ocr_par' dir='ltr' id='par_1_8' title="bbox 220 883 1788 955">
     <span class='ocr_line' id='line_1_8' title="bbox 220 883 1788 955; baseline -0.006 -18"><span class='ocrx_word' id='word_1_38' title='bbox 220 883 678 954; x_wconf 57' lang='grc' dir='ltr'>φίλοςνπολέμιον</span> <span class='ocrx_word' id='word_1_39' title='bbox 711 883 1029 954; x_wconf 79' lang='grc' dir='ltr'><strong>προσπέσοι,</strong></span> <span class='ocrx_word' id='word_1_40' title='bbox 1066 883 1281 954; x_wconf 75' lang='grc' dir='ltr'>ἐνπηθι</span> <span class='ocrx_word' id='word_1_41' title='bbox 1312 887 1672 955; x_wconf 69' lang='grc' dir='ltr'>ἐρρωμένως,</span> <span class='ocrx_word' id='word_1_42' title='bbox 1703 905 1788 955; x_wconf 81' lang='grc' dir='ltr'>γι-</span> 
     </span>
    </p>
   </div>
   <div class='ocr_carea' id='block_1_9' title="bbox 219 973 1790 1048">
    <p class='ocr_par' dir='ltr' id='par_1_9' title="bbox 219 973 1790 1048">
     <span class='ocr_line' id='line_1_9' title="bbox 219 973 1790 1048; baseline 0.001 -19"><span class='ocrx_word' id='word_1_43' title='bbox 219 974 445 1029; x_wconf 83' lang='grc' dir='ltr'>νὼσκων</span> <span class='ocrx_word' id='word_1_44' title='bbox 471 975 547 1038; x_wconf 87' lang='grc' dir='ltr'>ὡς</span> <span class='ocrx_word' id='word_1_45' title='bbox 572 973 664 1027; x_wconf 78' lang='grc' dir='ltr'>καὶ</span> <span class='ocrx_word' id='word_1_46' title='bbox 697 973 908 1028; x_wconf 83' lang='grc' dir='ltr'><strong>πολλῶν</strong></span> <span class='ocrx_word' id='word_1_47' title='bbox 955 976 1368 1046; x_wconf 79' lang='grc' dir='ltr'><strong>ἁμαρτημάτων</strong></span> <span class='ocrx_word' id='word_1_48' title='bbox 1408 977 1608 1048; x_wconf 85' lang='grc' dir='ltr'>πλῆθος</span> <span class='ocrx_word' id='word_1_49' title='bbox 1661 978 1790 1043; x_wconf 79' lang='grc' dir='ltr'>Θεὸς</span> 
     </span>
    </p>
   </div>
   <div class='ocr_carea' id='block_1_10' title="bbox 223 1065 1792 1138">
    <p class='ocr_par' dir='ltr' id='par_1_10' title="bbox 223 1065 1792 1138">
     <span class='ocr_line' id='line_1_10' title="bbox 223 1065 1792 1138; baseline 0.004 -20"><span class='ocrx_word' id='word_1_50' title='bbox 223 1065 508 1119; x_wconf 82' lang='grc' dir='ltr'>ῑλάσασθαι</span> <span class='ocrx_word' id='word_1_51' title='bbox 539 1065 778 1119; x_wconf 75' lang='grc' dir='ltr'>δύναται.</span> <span class='ocrx_word' id='word_1_52' title='bbox 803 1066 1079 1137; x_wconf 85' lang='grc' dir='ltr'><strong>Τυράννου</strong></span> <span class='ocrx_word' id='word_1_53' title='bbox 1106 1068 1161 1120; x_wconf 84' lang='grc' dir='ltr'>δὲ</span> <span class='ocrx_word' id='word_1_54' title='bbox 1182 1069 1318 1138; x_wconf 74' lang='grc' dir='ltr'>ἔργα</span> <span class='ocrx_word' id='word_1_55' title='bbox 1339 1067 1534 1132; x_wconf 86' lang='grc' dir='ltr'>ταῦτα,</span> <span class='ocrx_word' id='word_1_56' title='bbox 1570 1069 1665 1123; x_wconf 76' lang='grc' dir='ltr'>καὶ</span> <span class='ocrx_word' id='word_1_57' title='bbox 1688 1086 1792 1124; x_wconf 84' lang='grc' dir='ltr'>πα-</span> 
     </span>
    </p>
   </div>
   <div class='ocr_carea' id='block_1_11' title="bbox 190 1156 1792 1245">
    <p class='ocr_par' dir='ltr' id='par_1_11' title="bbox 190 1156 1792 1245">
     <span class='ocr_line' id='line_1_11' title="bbox 190 1156 1792 1245; baseline 0.003 -36"><span class='ocrx_word' id='word_1_58' title='bbox 190 1242 195 1245; x_wconf 20' lang='grc'>.</span> <span class='ocrx_word' id='word_1_59' title='bbox 219 1156 349 1228; x_wconf 80' lang='grc' dir='ltr'>τρὺς</span> <span class='ocrx_word' id='word_1_60' title='bbox 375 1157 555 1227; x_wconf 81' lang='grc' dir='ltr'><strong>πάσης</strong></span> <span class='ocrx_word' id='word_1_61' title='bbox 587 1157 869 1229; x_wconf 66' lang='grc' dir='ltr'>πονηρίας*</span> <span class='ocrx_word' id='word_1_62' title='bbox 902 1159 992 1211; x_wconf 80' lang='grc' dir='ltr'>τὸν</span> <span class='ocrx_word' id='word_1_63' title='bbox 1020 1160 1116 1229; x_wconf 81' lang='grc' dir='ltr'>μὲν</span> <span class='ocrx_word' id='word_1_64' title='bbox 1144 1158 1352 1230; x_wconf 74' lang='grc' dir='ltr'>ἄφρονα</span> <span class='ocrx_word' id='word_1_65' title='bbox 1377 1162 1457 1226; x_wconf 84' lang='grc' dir='ltr'><strong>είς</strong></span> <span class='ocrx_word' id='word_1_66' title='bbox 1487 1160 1618 1228; x_wconf 78' lang='grc' dir='ltr'>ὕψος</span> <span class='ocrx_word' id='word_1_67' title='bbox 1645 1163 1792 1233; x_wconf 71' lang='grc' dir='ltr'>αἴρε-</span> 
     </span>
    </p>
   </div>
   <div class='ocr_carea' id='block_1_12' title="bbox 220 1247 1790 1321">
    <p class='ocr_par' dir='ltr' id='par_1_12' title="bbox 220 1247 1790 1321">
     <span class='ocr_line' id='line_1_12' title="bbox 220 1247 1790 1321; baseline 0.004 -21"><span class='ocrx_word' id='word_1_68' title='bbox 220 1247 380 1310; x_wconf 92' lang='grc' dir='ltr'>σθαι,</span> <span class='ocrx_word' id='word_1_69' title='bbox 422 1247 513 1302; x_wconf 79' lang='grc' dir='ltr'>τὸν</span> <span class='ocrx_word' id='word_1_70' title='bbox 556 1248 808 1303; x_wconf 87' lang='grc' dir='ltr'>πλούσιον</span> <span class='ocrx_word' id='word_1_71' title='bbox 851 1249 908 1302; x_wconf 84' lang='grc' dir='ltr'>δὲ</span> <span class='ocrx_word' id='word_1_72' title='bbox 948 1251 1199 1321; x_wconf 83' lang='grc' dir='ltr'><strong>φρονήσει</strong></span> <span class='ocrx_word' id='word_1_73' title='bbox 1233 1251 1657 1304; x_wconf 63' lang='grc' dir='ltr'>ταπεινοῦσθαν</span> <span class='ocrx_word' id='word_1_74' title='bbox 1697 1254 1790 1306; x_wconf 71' lang='grc' dir='ltr'>καὶ</span> 
     </span>
    </p>
   </div>
   <div class='ocr_carea' id='block_1_13' title="bbox 179 1336 1790 1413">
    <p class='ocr_par' dir='ltr' id='par_1_13' title="bbox 179 1336 1790 1413">
     <span class='ocr_line' id='line_1_13' title="bbox 179 1336 1790 1413; baseline 0.003 -23"><span class='ocrx_word' id='word_1_75' title='bbox 179 1367 183 1370; x_wconf 92' lang='grc'><strong>-</strong></span> <span class='ocrx_word' id='word_1_76' title='bbox 219 1336 436 1401; x_wconf 81' lang='grc' dir='ltr'><strong>δούλους</strong></span> <span class='ocrx_word' id='word_1_77' title='bbox 469 1339 563 1408; x_wconf 79' lang='grc' dir='ltr'>μὲν</span> <span class='ocrx_word' id='word_1_78' title='bbox 596 1339 878 1412; x_wconf 84' lang='grc' dir='ltr'>ἁμαρτιῶν</span> <span class='ocrx_word' id='word_1_79' title='bbox 915 1341 1007 1394; x_wconf 72' lang='grc' dir='ltr'><strong>ἐπὶ</strong></span> <span class='ocrx_word' id='word_1_80' title='bbox 1033 1341 1198 1394; x_wconf 85' lang='grc' dir='ltr'>ἵππον</span> <span class='ocrx_word' id='word_1_81' title='bbox 1214 1341 1562 1412; x_wconf 79' lang='grc' dir='ltr'>φερομένους,</span> <span class='ocrx_word' id='word_1_82' title='bbox 1594 1342 1790 1413; x_wconf 79' lang='grc' dir='ltr'>ἄνδρας</span> 
     </span>
    </p>
   </div>
   <div class='ocr_carea' id='block_1_14' title="bbox 218 1418 1790 1506">
    <p class='ocr_par' dir='ltr' id='par_1_14' title="bbox 218 1418 1790 1506">
     <span class='ocr_line' id='line_1_14' title="bbox 218 1418 1790 1506; baseline 0.004 -24"><span class='ocrx_word' id='word_1_83' title='bbox 218 1428 277 1482; x_wconf 81' lang='grc' dir='ltr'>δὲ</span> <span class='ocrx_word' id='word_1_84' title='bbox 311 1429 490 1498; x_wconf 76' lang='grc' dir='ltr'>ἱεροὺς</span> <span class='ocrx_word' id='word_1_85' title='bbox 518 1429 830 1499; x_wconf 68' lang='grc' dir='ltr'><strong>βαδίζοντας</strong></span> <span class='ocrx_word' id='word_1_86' title='bbox 864 1433 1073 1501; x_wconf 81' lang='grc' dir='ltr'><strong>ἀτίμως</strong></span> <span class='ocrx_word' id='word_1_87' title='bbox 1103 1420 1354 1505; x_wconf 75' lang='grc' dir='ltr'>ὁρᾶσθαι,</span> <span class='ocrx_word' id='word_1_88' title='bbox 1391 1434 1498 1487; x_wconf 87' lang='grc' dir='ltr'><strong>τῶν</strong></span> <span class='ocrx_word' id='word_1_89' title='bbox 1539 1418 1790 1506; x_wconf 76' lang='grc' dir='ltr'>πονηρῶν</span> 
     </span>
    </p>
   </div>
   <div class='ocr_carea' id='block_1_15' title="bbox 219 1522 1789 1597">
    <p class='ocr_par' dir='ltr' id='par_1_15' title="bbox 219 1522 1789 1597">
     <span class='ocr_line' id='line_1_15' title="bbox 219 1522 1789 1597; baseline 0.005 -26"><span class='ocrx_word' id='word_1_90' title='bbox 219 1522 624 1591; x_wconf 87' lang='grc' dir='ltr'>γαυρουμένων.</span> <span class='ocrx_word' id='word_1_91' title='bbox 655 1523 716 1575; x_wconf 84' lang='grc' dir='ltr'><strong>Εἰ</strong></span> <span class='ocrx_word' id='word_1_92' title='bbox 744 1522 802 1576; x_wconf 86' lang='grc' dir='ltr'><strong>δέ</strong></span> <span class='ocrx_word' id='word_1_93' title='bbox 831 1540 914 1587; x_wconf 89' lang='grc' dir='ltr'><strong>τις</strong></span> <span class='ocrx_word' id='word_1_94' title='bbox 951 1525 1120 1595; x_wconf 80' lang='grc' dir='ltr'><strong>ἑτέρῳ</strong></span> <span class='ocrx_word' id='word_1_95' title='bbox 1167 1525 1502 1579; x_wconf 75' lang='grc' dir='ltr'>ἐπιϐουλεύει</span> <span class='ocrx_word' id='word_1_96' title='bbox 1523 1568 1535 1591; x_wconf 85' lang='grc'><strong>,</strong></span> <span class='ocrx_word' id='word_1_97' title='bbox 1568 1526 1789 1597; x_wconf 84' lang='grc' dir='ltr'>λέληθεν</span> 
     </span>
    </p>
   </div>
   <div class='ocr_carea' id='block_1_16' title="bbox 218 1611 1785 1690">
    <p class='ocr_par' dir='ltr' id='par_1_16' title="bbox 218 1611 1785 1690">
     <span class='ocr_line' id='line_1_16' title="bbox 218 1611 1785 1690; baseline 0.004 -26"><span class='ocrx_word' id='word_1_98' title='bbox 218 1611 382 1664; x_wconf 73' lang='grc' dir='ltr'>αὑτὸν</span> <span class='ocrx_word' id='word_1_99' title='bbox 394 1612 470 1674; x_wconf 86' lang='grc' dir='ltr'>ὡς</span> <span class='ocrx_word' id='word_1_100' title='bbox 493 1614 667 1684; x_wconf 80' lang='grc' dir='ltr'>ἑαυτῷ</span> <span class='ocrx_word' id='word_1_101' title='bbox 700 1613 902 1686; x_wconf 86' lang='grc' dir='ltr'>πρώτῳ</span> <span class='ocrx_word' id='word_1_102' title='bbox 938 1618 1030 1669; x_wconf 73' lang='grc' dir='ltr'>καὶ</span> <span class='ocrx_word' id='word_1_103' title='bbox 1061 1617 1209 1688; x_wconf 82' lang='grc' dir='ltr'>μόνῳ</span> <span class='ocrx_word' id='word_1_104' title='bbox 1240 1617 1452 1689; x_wconf 75' lang='grc' dir='ltr'>ἕνεδρον</span> <span class='ocrx_word' id='word_1_105' title='bbox 1482 1619 1785 1690; x_wconf 79' lang='grc' dir='ltr'>ἐργάζεται.</span> 
     </span>
    </p>
   </div>
   <div class='ocr_carea' id='block_1_17' title="bbox 228 1696 1792 1780">
    <p class='ocr_par' dir='ltr' id='par_1_17' title="bbox 228 1696 1792 1780">
     <span class='ocr_line' id='line_1_17' title="bbox 228 1696 1792 1780; baseline 0.008 -26"><span class='ocrx_word' id='word_1_106' title='bbox 228 1699 288 1776; x_wconf 77' lang='grc' dir='ltr'><strong>Ὀ</strong></span> <span class='ocrx_word' id='word_1_107' title='bbox 307 1701 365 1755; x_wconf 87' lang='grc' dir='ltr'><strong>δέ</strong></span> <span class='ocrx_word' id='word_1_108' title='bbox 395 1700 673 1773; x_wconf 81' lang='grc' dir='ltr'>καθαιρῶν</span> <span class='ocrx_word' id='word_1_109' title='bbox 687 1704 844 1758; x_wconf 78' lang='grc' dir='ltr'>ἄλλου</span> <span class='ocrx_word' id='word_1_110' title='bbox 862 1696 1181 1774; x_wconf 76' lang='grc' dir='ltr'>ἀσφάλειαν,</span> <span class='ocrx_word' id='word_1_111' title='bbox 1216 1714 1590 1779; x_wconf 84' lang='grc' dir='ltr'>περιπεσεῖται</span> <span class='ocrx_word' id='word_1_112' title='bbox 1617 1712 1792 1780; x_wconf 75' lang='grc' dir='ltr'>ὄφεως</span> 
     </span>
    </p>
   </div>
   <div class='ocr_carea' id='block_1_18' title="bbox 215 1788 1810 1872">
    <p class='ocr_par' dir='ltr' id='par_1_18' title="bbox 215 1788 1810 1872">
     <span class='ocr_line' id='line_1_18' title="bbox 215 1788 1810 1872; baseline 0.009 -29"><span class='ocrx_word' id='word_1_113' title='bbox 215 1788 470 1864; x_wconf 79' lang='grc' dir='ltr'>δήγματι.</span> <span class='ocrx_word' id='word_1_114' title='bbox 496 1793 657 1852; x_wconf 78' lang='grc' dir='ltr'><strong>Ἀλλά</strong></span> <span class='ocrx_word' id='word_1_115' title='bbox 689 1795 762 1867; x_wconf 84' lang='grc' dir='ltr'><strong>μὴ</strong></span> <span class='ocrx_word' id='word_1_116' title='bbox 796 1795 907 1868; x_wconf 81' lang='grc' dir='ltr'>[τσ.</span> <span class='ocrx_word' id='word_1_117' title='bbox 942 1798 1072 1868; x_wconf 84' lang='grc' dir='ltr'>μὴν]</span> <span class='ocrx_word' id='word_1_118' title='bbox 1113 1801 1140 1851; x_wconf 99' lang='lat'><strong>6</strong></span> <span class='ocrx_word' id='word_1_119' title='bbox 1181 1799 1357 1864; x_wconf 79' lang='grc' dir='ltr'>λίθους</span> <span class='ocrx_word' id='word_1_120' title='bbox 1391 1802 1810 1872; x_wconf 54' lang='grc' dir='ltr'>ἐξαιρούμενας,</span> 
     </span>
    </p>
   </div>
   <div class='ocr_carea' id='block_1_19' title="bbox 218 1884 1789 1964">
    <p class='ocr_par' dir='ltr' id='par_1_19' title="bbox 218 1884 1789 1964">
     <span class='ocr_line' id='line_1_19' title="bbox 218 1884 1789 1964; baseline 0.007 -28"><span class='ocrx_word' id='word_1_121' title='bbox 218 1884 433 1938; x_wconf 79' lang='grc' dir='ltr'>ὕποίσει</span> <span class='ocrx_word' id='word_1_122' title='bbox 447 1885 604 1939; x_wconf 87' lang='grc' dir='ltr'>πόνον</span> <span class='ocrx_word' id='word_1_123' title='bbox 623 1886 682 1939; x_wconf 80' lang='grc' dir='ltr'>οὐ</span> <span class='ocrx_word' id='word_1_124' title='bbox 700 1888 916 1959; x_wconf 87' lang='grc' dir='ltr'>μικρόν·</span> <span class='ocrx_word' id='word_1_125' title='bbox 937 1887 1072 1941; x_wconf 88' lang='grc' dir='ltr'><strong>ἀλλά</strong></span> <span class='ocrx_word' id='word_1_126' title='bbox 1087 1891 1178 1942; x_wconf 73' lang='grc' dir='ltr'>καὶ</span> <span class='ocrx_word' id='word_1_127' title='bbox 1195 1890 1388 1960; x_wconf 82' lang='grc' dir='ltr'>σχίζων</span> <span class='ocrx_word' id='word_1_128' title='bbox 1400 1891 1550 1956; x_wconf 77' lang='grc' dir='ltr'>ξύλα,</span> <span class='ocrx_word' id='word_1_129' title='bbox 1568 1895 1625 1946; x_wconf 83' lang='grc' dir='ltr'><strong>ἐν</strong></span> <span class='ocrx_word' id='word_1_130' title='bbox 1643 1892 1789 1964; x_wconf 85' lang='grc' dir='ltr'>αὐτῷ</span> 
     </span>
    </p>
   </div>
   <div class='ocr_carea' id='block_1_20' title="bbox 1894 697 3447 776">
    <p class='ocr_par' dir='ltr' id='par_1_20' title="bbox 1894 697 3447 776">
     <span class='ocr_line' id='line_1_20' title="bbox 1894 697 3447 776; baseline -0.005 -15"><span class='ocrx_word' id='word_1_131' title='bbox 1894 697 2251 776; x_wconf 78' lang='lat' dir='ltr'><strong>cogitationes</strong></span> <span class='ocrx_word' id='word_1_132' title='bbox 2280 722 2440 764; x_wconf 62' lang='lat' dir='ltr'><strong>vana:-</strong></span> <span class='ocrx_word' id='word_1_133' title='bbox 2470 713 2618 769; x_wconf 87' lang='lat' dir='ltr'><strong>sunt,</strong></span> <span class='ocrx_word' id='word_1_134' title='bbox 2648 704 2891 761; x_wconf 75' lang='lat' dir='ltr'><strong>stultitia.</strong></span> <span class='ocrx_word' id='word_1_135' title='bbox 2918 704 3160 774; x_wconf 64' lang='lat' dir='ltr'><strong>oppletae.</strong></span> <span class='ocrx_word' id='word_1_136' title='bbox 3203 702 3254 756; x_wconf 73' lang='grc' dir='ltr'><strong>ι.</strong></span> <span class='ocrx_word' id='word_1_137' title='bbox 3291 700 3447 767; x_wconf 85' lang='lat' dir='ltr'><strong>Quod</strong></span> 
     </span>
    </p>
   </div>
   <div class='ocr_carea' id='block_1_21' title="bbox 1895 794 3448 868">
    <p class='ocr_par' dir='ltr' id='par_1_21' title="bbox 1895 794 3448 868">
     <span class='ocr_line' id='line_1_21' title="bbox 1895 794 3448 868; baseline -0.004 -18"><span class='ocrx_word' id='word_1_138' title='bbox 1895 799 1939 851; x_wconf 92' lang='lat' dir='ltr'><strong>si</strong></span> <span class='ocrx_word' id='word_1_139' title='bbox 1971 806 2041 863; x_wconf 91' lang='lat' dir='ltr'><strong>te,</strong></span> <span class='ocrx_word' id='word_1_140' title='bbox 2073 813 2106 851; x_wconf 91' lang='grc' dir='ltr'><strong>ο</strong></span> <span class='ocrx_word' id='word_1_141' title='bbox 2142 799 2337 862; x_wconf 88' lang='lat' dir='ltr'><strong>amice,</strong></span> <span class='ocrx_word' id='word_1_142' title='bbox 2373 799 2598 868; x_wconf 81' lang='lat' dir='ltr'><strong>spiritus</strong></span> <span class='ocrx_word' id='word_1_143' title='bbox 2633 797 2846 852; x_wconf 87' lang='lat' dir='ltr'><strong>hostilis</strong></span> <span class='ocrx_word' id='word_1_144' title='bbox 2890 794 3448 864; x_wconf 77' lang='lat' dir='ltr'><strong>aliquandoadortus</strong></span> 
     </span>
    </p>
   </div>
   <div class='ocr_carea' id='block_1_22' title="bbox 1894 883 3450 952">
    <p class='ocr_par' dir='ltr' id='par_1_22' title="bbox 1894 883 3450 952">
     <span class='ocr_line' id='line_1_22' title="bbox 1894 883 3450 952; baseline -0.005 -10"><span class='ocrx_word' id='word_1_145' title='bbox 1894 886 2077 952; x_wconf 76' lang='lat' dir='ltr'><strong>fuerit,</strong></span> <span class='ocrx_word' id='word_1_146' title='bbox 2115 887 2239 942; x_wconf 77' lang='lat' dir='ltr'><strong>forti</strong></span> <span class='ocrx_word' id='word_1_147' title='bbox 2273 888 2456 942; x_wconf 91' lang='lat' dir='ltr'><strong>animo</strong></span> <span class='ocrx_word' id='word_1_148' title='bbox 2483 887 2710 949; x_wconf 85' lang='lat' dir='ltr'><strong>resiste,</strong></span> <span class='ocrx_word' id='word_1_149' title='bbox 2739 886 2915 947; x_wconf 85' lang='lat' dir='ltr'><strong>sciens</strong></span> <span class='ocrx_word' id='word_1_150' title='bbox 2956 883 3122 939; x_wconf 87' lang='lat' dir='ltr'><strong>Deum</strong></span> <span class='ocrx_word' id='word_1_151' title='bbox 3152 884 3232 937; x_wconf 83' lang='lat' dir='ltr'><strong>vel</strong></span> <span class='ocrx_word' id='word_1_152' title='bbox 3266 883 3450 952; x_wconf 61' lang='lat' dir='ltr'><strong>inger»-</strong></span> 
     </span>
    </p>
   </div>
   <div class='ocr_carea' id='block_1_23' title="bbox 1893 975 3449 1048">
    <p class='ocr_par' dir='ltr' id='par_1_23' title="bbox 1893 975 3449 1048">
     <span class='ocr_line' id='line_1_23' title="bbox 1893 975 3449 1048; baseline -0.004 -16"><span class='ocrx_word' id='word_1_153' title='bbox 1893 987 2002 1033; x_wconf 90' lang='lat' dir='ltr'><strong>tem</strong></span> <span class='ocrx_word' id='word_1_154' title='bbox 2033 990 2373 1048; x_wconf 86' lang='lat' dir='ltr'><strong>peccatorum</strong></span> <span class='ocrx_word' id='word_1_155' title='bbox 2414 976 2810 1044; x_wconf 81' lang='lat' dir='ltr'><strong>nmltitudin&#39;cm</strong></span> <span class='ocrx_word' id='word_1_156' title='bbox 2837 975 3168 1044; x_wconf 78' lang='lat' dir='ltr'><strong>benignitate</strong></span> <span class='ocrx_word' id='word_1_157' title='bbox 3187 988 3293 1027; x_wconf 83' lang='lat' dir='ltr'><strong>sua</strong></span> <span class='ocrx_word' id='word_1_158' title='bbox 3313 987 3449 1028; x_wconf 78' lang='lat' dir='ltr'><strong>con-</strong></span> 
     </span>
    </p>
   </div>
   <div class='ocr_carea' id='block_1_24' title="bbox 1856 1061 3448 1139">
    <p class='ocr_par' dir='ltr' id='par_1_24' title="bbox 1856 1061 3448 1139">
     <span class='ocr_line' id='line_1_24' title="bbox 1856 1061 3448 1139; baseline -0.006 -15"><span class='ocrx_word' id='word_1_159' title='bbox 1856 1135 1858 1139; x_wconf 24' lang='grc' dir='ltr'><strong>λ</strong></span> <span class='ocrx_word' id='word_1_160' title='bbox 1895 1067 2100 1124; x_wconf 85' lang='lat' dir='ltr'><strong>donare</strong></span> <span class='ocrx_word' id='word_1_161' title='bbox 2131 1084 2308 1133; x_wconf 86' lang='lat' dir='ltr'><strong>posse.</strong></span> <span class='ocrx_word' id='word_1_162' title='bbox 2352 1069 2402 1123; x_wconf 82' lang='lat'><strong>5.</strong></span> <span class='ocrx_word' id='word_1_163' title='bbox 2441 1069 2675 1138; x_wconf 80' lang='lat' dir='ltr'><strong>Tyranni</strong></span> <span class='ocrx_word' id='word_1_164' title='bbox 2711 1075 2901 1120; x_wconf 75' lang='lat' dir='ltr'><strong>autem</strong></span> <span class='ocrx_word' id='word_1_165' title='bbox 2952 1065 3227 1134; x_wconf 82' lang='lat' dir='ltr'><strong>patrisque</strong></span> <span class='ocrx_word' id='word_1_166' title='bbox 3259 1061 3448 1123; x_wconf 83' lang='lat' dir='ltr'><strong>omnis</strong></span> 
     </span>
    </p>
   </div>
   <div class='ocr_carea' id='block_1_25' title="bbox 1896 1139 3446 1226">
    <p class='ocr_par' dir='ltr' id='par_1_25' title="bbox 1896 1139 3446 1226">
     <span class='ocr_line' id='line_1_25' title="bbox 1896 1139 3446 1226; baseline -0.008 -13"><span class='ocrx_word' id='word_1_167' title='bbox 1896 1159 2134 1222; x_wconf 65' lang='lat' dir='ltr'><strong>malitiae,</strong></span> <span class='ocrx_word' id='word_1_168' title='bbox 2167 1160 2280 1211; x_wconf 65' lang='lat' dir='ltr'><strong>haec</strong></span> <span class='ocrx_word' id='word_1_169' title='bbox 2309 1171 2473 1226; x_wconf 86' lang='lat' dir='ltr'><strong>opera</strong></span> <span class='ocrx_word' id='word_1_170' title='bbox 2512 1153 2822 1210; x_wconf 83' lang='lat' dir='ltr'><strong>fuerint:6.</strong></span> <span class='ocrx_word' id='word_1_171' title='bbox 2868 1154 3089 1208; x_wconf 74' lang='lat' dir='ltr'><strong>striltum</strong></span> <span class='ocrx_word' id='word_1_172' title='bbox 3135 1139 3349 1219; x_wconf 78' lang='lat' dir='ltr'><strong>quidem</strong></span> <span class='ocrx_word' id='word_1_173' title='bbox 3390 1148 3446 1202; x_wconf 89' lang='lat' dir='ltr'><strong>in</strong></span> 
     </span>
    </p>
   </div>
   <div class='ocr_carea' id='block_1_26' title="bbox 1896 1239 3441 1316">
    <p class='ocr_par' dir='ltr' id='par_1_26' title="bbox 1896 1239 3441 1316">
     <span class='ocr_line' id='line_1_26' title="bbox 1896 1239 3441 1316; baseline -0.008 -13"><span class='ocrx_word' id='word_1_174' title='bbox 1896 1249 2128 1304; x_wconf 86' lang='lat' dir='ltr'><strong>sublime</strong></span> <span class='ocrx_word' id='word_1_175' title='bbox 2149 1248 2318 1302; x_wconf 82' lang='lat' dir='ltr'><strong>attolli</strong></span> <span class='ocrx_word' id='word_1_176' title='bbox 2339 1264 2357 1312; x_wconf 89' lang='lat'><strong>;</strong></span> <span class='ocrx_word' id='word_1_177' title='bbox 2379 1245 2675 1316; x_wconf 78' lang='lat' dir='ltr'><strong>prudentia:</strong></span> <span class='ocrx_word' id='word_1_178' title='bbox 2696 1254 2877 1300; x_wconf 89' lang='lat' dir='ltr'><strong>autem</strong></span> <span class='ocrx_word' id='word_1_179' title='bbox 2910 1242 3100 1313; x_wconf 88' lang='lat' dir='ltr'><strong>opibus</strong></span> <span class='ocrx_word' id='word_1_180' title='bbox 3119 1239 3441 1300; x_wconf 86' lang='lat' dir='ltr'><strong>aillucntem,</strong></span> 
     </span>
    </p>
   </div>
   <div class='ocr_carea' id='block_1_27' title="bbox 1895 1331 3447 1417">
    <p class='ocr_par' dir='ltr' id='par_1_27' title="bbox 1895 1331 3447 1417">
     <span class='ocr_line' id='line_1_27' title="bbox 1895 1331 3447 1417; baseline -0.005 -20"><span class='ocrx_word' id='word_1_181' title='bbox 1895 1342 2154 1412; x_wconf 86' lang='lat' dir='ltr'><strong>deprimi:</strong></span> <span class='ocrx_word' id='word_1_182' title='bbox 2210 1341 2260 1394; x_wconf 90' lang='lat'><strong>7.</strong></span> <span class='ocrx_word' id='word_1_183' title='bbox 2324 1331 2761 1417; x_wconf 17' lang='lat' dir='ltr'><strong>et’peccatorUm</strong></span> <span class='ocrx_word' id='word_1_184' title='bbox 2793 1338 3009 1407; x_wconf 82' lang='lat' dir='ltr'><strong>quidem</strong></span> <span class='ocrx_word' id='word_1_185' title='bbox 3043 1343 3227 1393; x_wconf 78' lang='lat' dir='ltr'><strong>servos</strong></span> <span class='ocrx_word' id='word_1_186' title='bbox 3247 1377 3261 1401; x_wconf 87' lang='lat'><strong>,</strong></span> <span class='ocrx_word' id='word_1_187' title='bbox 3291 1335 3447 1404; x_wconf 85' lang='lat' dir='ltr'><strong>equis</strong></span> 
     </span>
    </p>
   </div>
   <div class='ocr_carea' id='block_1_28' title="bbox 1894 1415 3469 1497">
    <p class='ocr_par' dir='ltr' id='par_1_28' title="bbox 1894 1415 3469 1497">
     <span class='ocr_line' id='line_1_28' title="bbox 1894 1415 3469 1497; baseline -0.004 -11"><span class='ocrx_word' id='word_1_188' title='bbox 1894 1443 2113 1497; x_wconf 82' lang='lat' dir='ltr'><strong>vectos;</strong></span> <span class='ocrx_word' id='word_1_189' title='bbox 2166 1415 2710 1488; x_wconf 63' lang='lat' dir='ltr'><strong>sacrosanc&#39;tosvero</strong></span> <span class='ocrx_word' id='word_1_190' title='bbox 2753 1429 3032 1493; x_wconf 86' lang='lat' dir='ltr'><strong>homines,</strong></span> <span class='ocrx_word' id='word_1_191' title='bbox 3082 1427 3304 1496; x_wconf 86' lang='lat' dir='ltr'><strong>pedibus</strong></span> <span class='ocrx_word' id='word_1_192' title='bbox 3349 1415 3469 1480; x_wconf 41' lang='lat' dir='ltr'><strong>iter‘</strong></span> 
     </span>
    </p>
   </div>
   <div class='ocr_carea' id='block_1_29' title="bbox 1894 1515 3448 1590">
    <p class='ocr_par' dir='ltr' id='par_1_29' title="bbox 1894 1515 3448 1590">
     <span class='ocr_line' id='line_1_29' title="bbox 1894 1515 3448 1590; baseline -0.005 -13"><span class='ocrx_word' id='word_1_193' title='bbox 1894 1525 2214 1578; x_wconf 88' lang='lat' dir='ltr'><strong>inhonorate</strong></span> <span class='ocrx_word' id='word_1_194' title='bbox 2247 1523 2504 1578; x_wconf 83' lang='lat' dir='ltr'><strong>facientes</strong></span> <span class='ocrx_word' id='word_1_195' title='bbox 2530 1523 2789 1590; x_wconf 81' lang='lat' dir='ltr'><strong>conspici,</strong></span> <span class='ocrx_word' id='word_1_196' title='bbox 2823 1520 3092 1588; x_wconf 79' lang='lat' dir='ltr'><strong>improbis</strong></span> <span class='ocrx_word' id='word_1_197' title='bbox 3129 1515 3448 1574; x_wconf 69' lang='lat' dir='ltr'><strong>exeultanti-</strong></span> 
     </span>
    </p>
   </div>
   <div class='ocr_carea' id='block_1_30' title="bbox 1894 1607 3457 1682">
    <p class='ocr_par' dir='ltr' id='par_1_30' title="bbox 1894 1607 3457 1682">
     <span class='ocr_line' id='line_1_30' title="bbox 1894 1607 3457 1682; baseline -0.008 -13"><span class='ocrx_word' id='word_1_198' title='bbox 1894 1615 2016 1669; x_wconf 89' lang='lat' dir='ltr'><strong>bus.</strong></span> <span class='ocrx_word' id='word_1_199' title='bbox 2057 1614 2110 1669; x_wconf 92' lang='lat'><strong>8.</strong></span> <span class='ocrx_word' id='word_1_200' title='bbox 2151 1613 2305 1680; x_wconf 84' lang='lat' dir='ltr'><strong>Quod</strong></span> <span class='ocrx_word' id='word_1_201' title='bbox 2338 1615 2382 1668; x_wconf 94' lang='lat' dir='ltr'><strong>si</strong></span> <span class='ocrx_word' id='word_1_202' title='bbox 2415 1614 2538 1682; x_wconf 84' lang='lat' dir='ltr'><strong>quis</strong></span> <span class='ocrx_word' id='word_1_203' title='bbox 2577 1613 2726 1668; x_wconf 81' lang='lat' dir='ltr'><strong>alteri</strong></span> <span class='ocrx_word' id='word_1_204' title='bbox 2768 1612 2988 1665; x_wconf 86' lang='lat' dir='ltr'><strong>insidias</strong></span> <span class='ocrx_word' id='word_1_205' title='bbox 3021 1610 3306 1672; x_wconf 75' lang='lat' dir='ltr'><strong>moliatur,</strong></span> <span class='ocrx_word' id='word_1_206' title='bbox 3342 1607 3457 1682; x_wconf 57' lang='grc' dir='ltr'>ἰιιιέ</span> 
     </span>
    </p>
   </div>
   <div class='ocr_carea' id='block_1_31' title="bbox 1894 1697 3498 1776">
    <p class='ocr_par' dir='ltr' id='par_1_31' title="bbox 1894 1697 3498 1776">
     <span class='ocr_line' id='line_1_31' title="bbox 1894 1697 3498 1776; baseline -0.006 -18"><span class='ocrx_word' id='word_1_207' title='bbox 1894 1704 2132 1776; x_wconf 88' lang='lat' dir='ltr'><strong>prudens</strong></span> <span class='ocrx_word' id='word_1_208' title='bbox 2163 1706 2266 1760; x_wconf 88' lang='lat' dir='ltr'><strong>sibi</strong></span> <span class='ocrx_word' id='word_1_209' title='bbox 2301 1705 2401 1774; x_wconf 89' lang='lat' dir='ltr'><strong>ipsi</strong></span> <span class='ocrx_word' id='word_1_210' title='bbox 2427 1706 2698 1773; x_wconf 87' lang='lat' dir='ltr'><strong>primoet</strong></span> <span class='ocrx_word' id='word_1_211' title='bbox 2718 1703 2818 1758; x_wconf 91' lang='lat' dir='ltr'><strong>soli</strong></span> <span class='ocrx_word' id='word_1_212' title='bbox 2859 1701 3083 1756; x_wconf 79' lang='lat' dir='ltr'><strong>insidias</strong></span> <span class='ocrx_word' id='word_1_213' title='bbox 3126 1699 3304 1754; x_wconf 90' lang='lat' dir='ltr'><strong>struit.</strong></span> <span class='ocrx_word' id='word_1_214' title='bbox 3344 1697 3447 1762; x_wconf 90' lang='lat' dir='ltr'><strong>Qui</strong></span> <span class='ocrx_word' id='word_1_215' title='bbox 3490 1723 3498 1727; x_wconf 55' lang='grc'>&lt;</span> 
     </span>
    </p>
   </div>
   <div class='ocr_carea' id='block_1_32' title="bbox 1895 1778 3446 1859">
    <p class='ocr_par' dir='ltr' id='par_1_32' title="bbox 1895 1778 3446 1859">
     <span class='ocr_line' id='line_1_32' title="bbox 1895 1778 3446 1859; baseline -0.006 -5"><span class='ocrx_word' id='word_1_216' title='bbox 1895 1809 2074 1854; x_wconf 88' lang='lat' dir='ltr'><strong>autem</strong></span> <span class='ocrx_word' id='word_1_217' title='bbox 2116 1798 2336 1853; x_wconf 87' lang='lat' dir='ltr'><strong>alterius</strong></span> <span class='ocrx_word' id='word_1_218' title='bbox 2391 1797 2732 1852; x_wconf 82' lang='lat' dir='ltr'><strong>securitatem</strong></span> <span class='ocrx_word' id='word_1_219' title='bbox 2788 1794 2997 1856; x_wconf 78' lang='lat' dir='ltr'><strong>evertit,</strong></span> <span class='ocrx_word' id='word_1_220' title='bbox 3062 1791 3116 1846; x_wconf 90' lang='lat' dir='ltr'><strong>in</strong></span> <span class='ocrx_word' id='word_1_221' title='bbox 3183 1778 3446 1859; x_wconf 84' lang='lat' dir='ltr'><strong>serpentis</strong></span> 
     </span>
    </p>
   </div>
   <div class='ocr_carea' id='block_1_33' title="bbox 1897 1880 3447 1960">
    <p class='ocr_par' dir='ltr' id='par_1_33' title="bbox 1897 1880 3447 1960">
     <span class='ocr_line' id='line_1_33' title="bbox 1897 1880 3447 1960; baseline -0.007 -15"><span class='ocrx_word' id='word_1_222' title='bbox 1897 1907 2137 1946; x_wconf 90' lang='lat' dir='ltr'><strong>morsum</strong></span> <span class='ocrx_word' id='word_1_223' title='bbox 2181 1891 2509 1960; x_wconf 63' lang='lat' dir='ltr'><strong>prolabatur.</strong></span> <span class='ocrx_word' id='word_1_224' title='bbox 2552 1891 2604 1945; x_wconf 88' lang='lat'><strong>9.</strong></span> <span class='ocrx_word' id='word_1_225' title='bbox 2639 1888 2779 1956; x_wconf 88' lang='lat' dir='ltr'><strong>Quin</strong></span> <span class='ocrx_word' id='word_1_226' title='bbox 2819 1889 2865 1943; x_wconf 88' lang='lat' dir='ltr'><strong>is</strong></span> <span class='ocrx_word' id='word_1_227' title='bbox 2907 1887 3068 1942; x_wconf 85' lang='lat' dir='ltr'><strong>etiam</strong></span> <span class='ocrx_word' id='word_1_228' title='bbox 3116 1885 3207 1954; x_wconf 91' lang='lat' dir='ltr'><strong>qui</strong></span> <span class='ocrx_word' id='word_1_229' title='bbox 3244 1880 3447 1952; x_wconf 85' lang='lat' dir='ltr'><strong>lapides</strong></span> 
     </span>
    </p>
   </div>
   <div class='ocr_carea' id='block_1_34' title="bbox 215 1965 1788 2053">
    <p class='ocr_par' dir='ltr' id='par_1_34' title="bbox 215 1965 1784 2053">
     <span class='ocr_line' id='line_1_34' title="bbox 215 1965 1784 2053; baseline 0.006 -27"><span class='ocrx_word' id='word_1_230' title='bbox 215 1965 295 2044; x_wconf 66' lang='grc' dir='ltr'>τῷ</span> <span class='ocrx_word' id='word_1_231' title='bbox 309 1975 502 2046; x_wconf 71' lang='grc' dir='ltr'>ιοὶκείῳ</span> <span class='ocrx_word' id='word_1_232' title='bbox 517 1974 664 2046; x_wconf 87' lang='grc' dir='ltr'>ὅπλῳ</span> <span class='ocrx_word' id='word_1_233' title='bbox 694 1975 785 2029; x_wconf 83' lang='grc' dir='ltr'>τὸν</span> <span class='ocrx_word' id='word_1_234' title='bbox 811 1977 1052 2031; x_wconf 88' lang='grc' dir='ltr'>κίνδυνον</span> <span class='ocrx_word' id='word_1_235' title='bbox 1073 1980 1226 2033; x_wconf 76' lang='grc' dir='ltr'>οἴσει.</span> <span class='ocrx_word' id='word_1_236' title='bbox 1260 1981 1386 2033; x_wconf 83' lang='grc' dir='ltr'><strong>Ἐὰν</strong></span> <span class='ocrx_word' id='word_1_237' title='bbox 1414 1982 1471 2034; x_wconf 84' lang='grc' dir='ltr'>δὲ</span> <span class='ocrx_word' id='word_1_238' title='bbox 1493 1982 1670 2053; x_wconf 76' lang='grc' dir='ltr'>συμϐῇ</span> <span class='ocrx_word' id='word_1_239' title='bbox 1689 1983 1784 2036; x_wconf 88' lang='grc' dir='ltr'><strong>τοῦ</strong></span> 
     </span>
    </p>
   </div>
   <div class='ocr_carea' id='block_1_35' title="bbox 1889 1965 3447 2053">
    <p class='ocr_par' dir='ltr' id='par_1_35' title="bbox 1889 1975 3447 2051">
     <span class='ocr_line' id='line_1_35' title="bbox 1889 1975 3447 2051; baseline -0.006 -12"><span class='ocrx_word' id='word_1_240' title='bbox 1889 1985 2142 2048; x_wconf 81' lang='lat' dir='ltr'><strong>extrahit,</strong></span> <span class='ocrx_word' id='word_1_241' title='bbox 2199 1986 2437 2039; x_wconf 85' lang='lat' dir='ltr'><strong>laborem</strong></span> <span class='ocrx_word' id='word_1_242' title='bbox 2494 1984 2636 2038; x_wconf 88' lang='lat' dir='ltr'><strong>haud</strong></span> <span class='ocrx_word' id='word_1_243' title='bbox 2698 1997 2919 2051; x_wconf 87' lang='lat' dir='ltr'><strong>parvum</strong></span> <span class='ocrx_word' id='word_1_244' title='bbox 2963 1978 3218 2043; x_wconf 68' lang='lat' dir='ltr'><strong>sufferet;</strong></span> <span class='ocrx_word' id='word_1_245' title='bbox 3253 1985 3307 2030; x_wconf 90' lang='lat' dir='ltr'><strong>et</strong></span> <span class='ocrx_word' id='word_1_246' title='bbox 3353 1975 3447 2044; x_wconf 84' lang='lat' dir='ltr'><strong>qui</strong></span> 
     </span>
    </p>
   </div>
   <div class='ocr_carea' id='block_1_36' title="bbox 217 2061 1786 2141">
    <p class='ocr_par' dir='ltr' id='par_1_36' title="bbox 217 2061 1786 2141">
     <span class='ocr_line' id='line_1_36' title="bbox 217 2061 1786 2141; baseline 0.006 -27"><span class='ocrx_word' id='word_1_247' title='bbox 217 2061 436 2116; x_wconf 82' lang='grc' dir='ltr'>στελεοῦ</span> <span class='ocrx_word' id='word_1_248' title='bbox 460 2062 569 2134; x_wconf 72' lang='grc'>(26)</span> <span class='ocrx_word' id='word_1_249' title='bbox 586 2064 677 2117; x_wconf 81' lang='grc' dir='ltr'>τὸν</span> <span class='ocrx_word' id='word_1_250' title='bbox 705 2064 936 2119; x_wconf 85' lang='grc' dir='ltr'>πέλεκυν</span> <span class='ocrx_word' id='word_1_251' title='bbox 962 2067 1287 2138; x_wconf 79' lang='grc' dir='ltr'>ἐκπηδῆσαι,</span> <span class='ocrx_word' id='word_1_252' title='bbox 1311 2068 1738 2141; x_wconf 77' lang='grc' dir='ltr'>θορυϐηθήσεται</span> <span class='ocrx_word' id='word_1_253' title='bbox 1757 2074 1786 2125; x_wconf 92' lang='lat'><strong>6</strong></span> 
     </span>
    </p>
   </div>
   <div class='ocr_carea' id='block_1_37' title="bbox 213 2154 1786 2232">
    <p class='ocr_par' dir='ltr' id='par_1_37' title="bbox 213 2154 1786 2232">
     <span class='ocr_line' id='line_1_37' title="bbox 213 2154 1786 2232; baseline 0.006 -26"><span class='ocrx_word' id='word_1_254' title='bbox 213 2154 388 2207; x_wconf 84' lang='grc' dir='ltr'>ταῦτα</span> <span class='ocrx_word' id='word_1_255' title='bbox 416 2154 798 2228; x_wconf 78' lang='grc' dir='ltr'>ἐργαζόμενος,</span> <span class='ocrx_word' id='word_1_256' title='bbox 831 2158 929 2210; x_wconf 80' lang='grc' dir='ltr'>οὐκ</span> <span class='ocrx_word' id='word_1_257' title='bbox 955 2159 1041 2211; x_wconf 86' lang='grc' dir='ltr'><strong>ἐπ’</strong></span> <span class='ocrx_word' id='word_1_258' title='bbox 1067 2159 1253 2230; x_wconf 84' lang='grc' dir='ltr'>ἀγαθῷ</span> <span class='ocrx_word' id='word_1_259' title='bbox 1285 2160 1629 2232; x_wconf 78' lang='grc' dir='ltr'>συγκομίζων</span> <span class='ocrx_word' id='word_1_260' title='bbox 1650 2203 1664 2226; x_wconf 93' lang='grc'><strong>,</strong></span> <span class='ocrx_word' id='word_1_261' title='bbox 1692 2164 1786 2216; x_wconf 78' lang='grc' dir='ltr'>καὶ</span> 
     </span>
    </p>
   </div>
   <div class='ocr_carea' id='block_1_38' title="bbox 214 2246 1786 2330">
    <p class='ocr_par' dir='ltr' id='par_1_38' title="bbox 214 2246 1786 2330">
     <span class='ocr_line' id='line_1_38' title="bbox 214 2246 1786 2330; baseline 0.008 -32"><span class='ocrx_word' id='word_1_262' title='bbox 214 2246 466 2330; x_wconf 79' lang='grc' dir='ltr'>ἐπαύξων</span> <span class='ocrx_word' id='word_1_263' title='bbox 497 2250 658 2314; x_wconf 80' lang='grc' dir='ltr'>αὐτὸς</span> <span class='ocrx_word' id='word_1_264' title='bbox 687 2249 785 2322; x_wconf 82' lang='grc' dir='ltr'>τὴν</span> <span class='ocrx_word' id='word_1_265' title='bbox 804 2252 996 2308; x_wconf 80' lang='grc' dir='ltr'>ἑαυτοῦ</span> <span class='ocrx_word' id='word_1_266' title='bbox 1028 2253 1211 2306; x_wconf 77' lang='grc' dir='ltr'>ἄδικον</span> <span class='ocrx_word' id='word_1_267' title='bbox 1259 2257 1349 2307; x_wconf 85' lang='grc' dir='ltr'><strong>καί</strong></span> <span class='ocrx_word' id='word_1_268' title='bbox 1381 2255 1665 2326; x_wconf 82' lang='grc' dir='ltr'>ὠκύμορον</span> <span class='ocrx_word' id='word_1_269' title='bbox 1697 2256 1786 2310; x_wconf 90' lang='grc' dir='ltr'>δύ-</span> 
     </span>
    </p>
   </div>
   <div class='ocr_carea' id='block_1_39' title="bbox 212 2337 1832 2420">
    <p class='ocr_par' dir='ltr' id='par_1_39' title="bbox 212 2337 1832 2420">
     <span class='ocr_line' id='line_1_39' title="bbox 212 2337 1832 2420; baseline 0.009 -32"><span class='ocrx_word' id='word_1_270' title='bbox 212 2355 395 2409; x_wconf 86' lang='grc' dir='ltr'>ναμιν.</span> <span class='ocrx_word' id='word_1_271' title='bbox 430 2342 644 2408; x_wconf 82' lang='grc' dir='ltr'>Ὄφεως</span> <span class='ocrx_word' id='word_1_272' title='bbox 669 2342 724 2396; x_wconf 85' lang='grc' dir='ltr'>δὲ</span> <span class='ocrx_word' id='word_1_273' title='bbox 750 2343 931 2414; x_wconf 81' lang='grc' dir='ltr'>δῆγμα</span> <span class='ocrx_word' id='word_1_274' title='bbox 961 2343 1212 2416; x_wconf 79' lang='grc' dir='ltr'>λαθραῖον</span> <span class='ocrx_word' id='word_1_275' title='bbox 1237 2364 1250 2377; x_wconf 72' lang='grc' dir='ltr'><strong>ο</strong></span> <span class='ocrx_word' id='word_1_276' title='bbox 1275 2347 1428 2400; x_wconf 76' lang='grc' dir='ltr'>οὐδὲν</span> <span class='ocrx_word' id='word_1_277' title='bbox 1457 2348 1782 2420; x_wconf 90' lang='grc' dir='ltr'>παραμυθή-</span> <span class='ocrx_word' id='word_1_278' title='bbox 1825 2337 1832 2339; x_wconf 31' lang='lat'>_</span> 
     </span>
    </p>
   </div>
   <div class='ocr_carea' id='block_1_40' title="bbox 215 2433 1783 2508">
    <p class='ocr_par' dir='ltr' id='par_1_40' title="bbox 215 2433 1783 2508">
     <span class='ocr_line' id='line_1_40' title="bbox 215 2433 1783 2508; baseline 0.003 -23"><span class='ocrx_word' id='word_1_279' title='bbox 215 2448 401 2485; x_wconf 90' lang='grc' dir='ltr'>σονται</span> <span class='ocrx_word' id='word_1_280' title='bbox 426 2433 476 2484; x_wconf 77' lang='lat' dir='ltr'><strong>oi</strong></span> <span class='ocrx_word' id='word_1_281' title='bbox 509 2435 798 2505; x_wconf 76' lang='grc' dir='ltr'>ἐπᾴδοντες</span> <span class='ocrx_word' id='word_1_282' title='bbox 819 2453 833 2466; x_wconf 78' lang='grc' dir='ltr'><strong><em>ο</em></strong></span> <span class='ocrx_word' id='word_1_283' title='bbox 861 2437 1075 2505; x_wconf 82' lang='grc' dir='ltr'>μάταιοι</span> <span class='ocrx_word' id='word_1_284' title='bbox 1112 2438 1221 2507; x_wconf 85' lang='grc' dir='ltr'>γάρ</span> <span class='ocrx_word' id='word_1_285' title='bbox 1244 2440 1396 2491; x_wconf 74' lang='grc' dir='ltr'>εἰσιν.</span> <span class='ocrx_word' id='word_1_286' title='bbox 1459 2438 1594 2490; x_wconf 84' lang='grc' dir='ltr'>Ἀλλ’</span> <span class='ocrx_word' id='word_1_287' title='bbox 1624 2441 1652 2491; x_wconf 89' lang='lat'><strong>6</strong></span> <span class='ocrx_word' id='word_1_288' title='bbox 1687 2438 1783 2508; x_wconf 85' lang='grc' dir='ltr'>μὲν</span> 
     </span>
    </p>
   </div>
   <div class='ocr_carea' id='block_1_41' title="bbox 209 2513 1784 2600">
    <p class='ocr_par' dir='ltr' id='par_1_41' title="bbox 209 2513 1784 2600">
     <span class='ocr_line' id='line_1_41' title="bbox 209 2513 1784 2600; baseline 0.004 -24"><span class='ocrx_word' id='word_1_289' title='bbox 209 2523 420 2592; x_wconf 82' lang='grc' dir='ltr'>ἀγαθὸς</span> <span class='ocrx_word' id='word_1_290' title='bbox 442 2525 581 2596; x_wconf 81' lang='grc' dir='ltr'>ἀνὴρ</span> <span class='ocrx_word' id='word_1_291' title='bbox 609 2527 789 2595; x_wconf 88' lang='grc' dir='ltr'>ἀγαθά</span> <span class='ocrx_word' id='word_1_292' title='bbox 820 2529 1106 2599; x_wconf 74' lang='grc' dir='ltr'>ἐργάζεται</span> <span class='ocrx_word' id='word_1_293' title='bbox 1129 2528 1276 2599; x_wconf 78' lang='grc' dir='ltr'>αὑτῷ</span> <span class='ocrx_word' id='word_1_294' title='bbox 1303 2513 1360 2582; x_wconf 81' lang='grc' dir='ltr'><strong>τε</strong></span> <span class='ocrx_word' id='word_1_295' title='bbox 1383 2531 1475 2583; x_wconf 80' lang='grc' dir='ltr'>καὶ</span> <span class='ocrx_word' id='word_1_296' title='bbox 1505 2534 1617 2594; x_wconf 87' lang='grc' dir='ltr'>τοῖς</span> <span class='ocrx_word' id='word_1_297' title='bbox 1650 2531 1784 2600; x_wconf 85' lang='grc' dir='ltr'>πλη-</span> 
     </span>
    </p>
   </div>
   <div class='ocr_carea' id='block_1_42' title="bbox 213 2617 1783 2694">
    <p class='ocr_par' dir='ltr' id='par_1_42' title="bbox 213 2617 1783 2694">
     <span class='ocr_line' id='line_1_42' title="bbox 213 2617 1783 2694; baseline 0.006 -26"><span class='ocrx_word' id='word_1_298' title='bbox 213 2617 332 2669; x_wconf 83' lang='grc' dir='ltr'>σίον</span> <span class='ocrx_word' id='word_1_299' title='bbox 357 2634 370 2648; x_wconf 67' lang='grc' dir='ltr'><strong>ο</strong></span> <span class='ocrx_word' id='word_1_300' title='bbox 405 2619 434 2670; x_wconf 90' lang='lat'><strong>6</strong></span> <span class='ocrx_word' id='word_1_301' title='bbox 473 2617 530 2670; x_wconf 88' lang='grc' dir='ltr'>δὲ</span> <span class='ocrx_word' id='word_1_302' title='bbox 571 2618 758 2691; x_wconf 76' lang='grc' dir='ltr'>ἄφρων</span> <span class='ocrx_word' id='word_1_303' title='bbox 803 2622 883 2682; x_wconf 89' lang='grc' dir='ltr'><strong>είς</strong></span> <span class='ocrx_word' id='word_1_304' title='bbox 925 2617 1144 2691; x_wconf 73' lang='grc' dir='ltr'>ὄλεθρον</span> <span class='ocrx_word' id='word_1_305' title='bbox 1189 2621 1507 2690; x_wconf 80' lang='grc' dir='ltr'>ἐμπεσεῖται</span> <span class='ocrx_word' id='word_1_306' title='bbox 1550 2623 1638 2677; x_wconf 84' lang='grc' dir='ltr'><strong>διὰ</strong></span> <span class='ocrx_word' id='word_1_307' title='bbox 1682 2624 1783 2694; x_wconf 75' lang='grc' dir='ltr'>τῆς</span> 
     </span>
    </p>
   </div>
   <div class='ocr_carea' id='block_1_43' title="bbox 210 2707 1783 2788">
    <p class='ocr_par' dir='ltr' id='par_1_43' title="bbox 210 2707 1783 2788">
     <span class='ocr_line' id='line_1_43' title="bbox 210 2707 1783 2788; baseline 0.004 -27"><span class='ocrx_word' id='word_1_308' title='bbox 210 2707 382 2762; x_wconf 85' lang='grc' dir='ltr'>αὐτοῦ</span> <span class='ocrx_word' id='word_1_309' title='bbox 410 2709 688 2782; x_wconf 74' lang='grc' dir='ltr'>φλυαρίας.</span> <span class='ocrx_word' id='word_1_310' title='bbox 728 2712 838 2765; x_wconf 83' lang='grc' dir='ltr'><strong>Καὶ</strong></span> <span class='ocrx_word' id='word_1_311' title='bbox 865 2711 1011 2776; x_wconf 76' lang='grc' dir='ltr'>ἅπαξ</span> <span class='ocrx_word' id='word_1_312' title='bbox 1034 2711 1250 2776; x_wconf 79' lang='grc' dir='ltr'>ἀνοίξας</span> <span class='ocrx_word' id='word_1_313' title='bbox 1280 2714 1341 2766; x_wconf 83' lang='grc' dir='ltr'>τὸ</span> <span class='ocrx_word' id='word_1_314' title='bbox 1374 2715 1548 2786; x_wconf 81' lang='grc' dir='ltr'>στόμα</span> <span class='ocrx_word' id='word_1_315' title='bbox 1567 2755 1580 2777; x_wconf 91' lang='grc'><strong>,</strong></span> <span class='ocrx_word' id='word_1_316' title='bbox 1622 2717 1783 2788; x_wconf 80' lang='grc' dir='ltr'>ἀρχε-</span> 
     </span>
    </p>
   </div>
   <div class='ocr_carea' id='block_1_44' title="bbox 210 2804 1784 2877">
    <p class='ocr_par' dir='ltr' id='par_1_44' title="bbox 210 2804 1784 2877">
     <span class='ocr_line' id='line_1_44' title="bbox 210 2804 1784 2877; baseline 0.004 -22"><span class='ocrx_word' id='word_1_317' title='bbox 210 2819 306 2855; x_wconf 84' lang='grc' dir='ltr'><strong>ται</strong></span> <span class='ocrx_word' id='word_1_318' title='bbox 332 2804 598 2875; x_wconf 81' lang='grc' dir='ltr'>ἀφρόνως,</span> <span class='ocrx_word' id='word_1_319' title='bbox 628 2807 720 2859; x_wconf 79' lang='grc' dir='ltr'>καὶ</span> <span class='ocrx_word' id='word_1_320' title='bbox 757 2806 986 2868; x_wconf 84' lang='grc' dir='ltr'>παύεται</span> <span class='ocrx_word' id='word_1_321' title='bbox 1006 2808 1234 2877; x_wconf 85' lang='grc' dir='ltr'>ταχέως,</span> <span class='ocrx_word' id='word_1_322' title='bbox 1264 2807 1350 2860; x_wconf 88' lang='grc' dir='ltr'><strong>διά</strong></span> <span class='ocrx_word' id='word_1_323' title='bbox 1381 2808 1581 2871; x_wconf 85' lang='grc' dir='ltr'>παντὸς</span> <span class='ocrx_word' id='word_1_324' title='bbox 1623 2809 1784 2861; x_wconf 80' lang='grc' dir='ltr'>ἐνδει-</span> 
     </span>
    </p>
   </div>
   <div class='ocr_carea' id='block_1_45' title="bbox 213 2895 1783 2971">
    <p class='ocr_par' dir='ltr' id='par_1_45' title="bbox 213 2895 1783 2971">
     <span class='ocr_line' id='line_1_45' title="bbox 213 2895 1783 2971; baseline 0.004 -23"><span class='ocrx_word' id='word_1_325' title='bbox 213 2895 482 2966; x_wconf 84' lang='grc' dir='ltr'>κνύμενος</span> <span class='ocrx_word' id='word_1_326' title='bbox 499 2897 596 2968; x_wconf 80' lang='grc' dir='ltr'>τὴν</span> <span class='ocrx_word' id='word_1_327' title='bbox 626 2899 816 2952; x_wconf 81' lang='grc' dir='ltr'>ἐαυτοῦ</span> <span class='ocrx_word' id='word_1_328' title='bbox 851 2899 1052 2954; x_wconf 80' lang='grc' dir='ltr'>ἄνοιαν.</span> <span class='ocrx_word' id='word_1_329' title='bbox 1107 2900 1397 2971; x_wconf 85' lang='grc' dir='ltr'>Ἀνθρώπῳ</span> <span class='ocrx_word' id='word_1_330' title='bbox 1429 2901 1484 2954; x_wconf 79' lang='grc' dir='ltr'>δὲ</span> <span class='ocrx_word' id='word_1_331' title='bbox 1525 2901 1783 2955; x_wconf 86' lang='grc' dir='ltr'>ἀδύνατόν</span> 
     </span>
    </p>
   </div>
   <div class='ocr_carea' id='block_1_46' title="bbox 211 2989 1780 3065">
    <p class='ocr_par' dir='ltr' id='par_1_46' title="bbox 211 2989 1780 3065">
     <span class='ocr_line' id='line_1_46' title="bbox 211 2989 1780 3065; baseline 0.004 -25"><span class='ocrx_word' id='word_1_332' title='bbox 211 3005 268 3040; x_wconf 82' lang='grc' dir='ltr'><strong>τι</strong></span> <span class='ocrx_word' id='word_1_333' title='bbox 304 2989 529 3057; x_wconf 86' lang='grc' dir='ltr'>γνῶναι,</span> <span class='ocrx_word' id='word_1_334' title='bbox 565 2992 658 3046; x_wconf 77' lang='grc' dir='ltr'>καὶ</span> <span class='ocrx_word' id='word_1_335' title='bbox 684 2992 833 3064; x_wconf 76' lang='grc' dir='ltr'>παρὰ</span> <span class='ocrx_word' id='word_1_336' title='bbox 850 2993 1132 3065; x_wconf 85' lang='grc' dir='ltr'>ἀνθρώπου</span> <span class='ocrx_word' id='word_1_337' title='bbox 1164 2993 1352 3064; x_wconf 82' lang='grc' dir='ltr'>μαθεῖν</span> <span class='ocrx_word' id='word_1_338' title='bbox 1371 2993 1438 3045; x_wconf 86' lang='grc' dir='ltr'><strong>τά</strong></span> <span class='ocrx_word' id='word_1_339' title='bbox 1460 2994 1554 3046; x_wconf 83' lang='grc' dir='ltr'><strong>ἀπ’</strong></span> <span class='ocrx_word' id='word_1_340' title='bbox 1587 2994 1780 3064; x_wconf 77' lang='grc' dir='ltr'>ἀρχῆς,</span> 
     </span>
    </p>
   </div>
   <div class='ocr_carea' id='block_1_47' title="bbox 213 3077 1782 3157">
    <p class='ocr_par' dir='ltr' id='par_1_47' title="bbox 213 3077 1782 3157">
     <span class='ocr_line' id='line_1_47' title="bbox 213 3077 1782 3157; baseline 0.002 -24"><span class='ocrx_word' id='word_1_341' title='bbox 213 3077 252 3150; x_wconf 67' lang='grc' dir='ltr'>ἢ</span> <span class='ocrx_word' id='word_1_342' title='bbox 272 3080 345 3134; x_wconf 80' lang='grc' dir='ltr'>τὰ</span> <span class='ocrx_word' id='word_1_343' title='bbox 371 3081 612 3137; x_wconf 74' lang='grc' dir='ltr'>ἐπιόντα.</span> <span class='ocrx_word' id='word_1_344' title='bbox 647 3084 742 3149; x_wconf 90' lang='grc' dir='ltr'>Τίς</span> <span class='ocrx_word' id='word_1_345' title='bbox 769 3085 879 3157; x_wconf 80' lang='grc' dir='ltr'><strong>γὰρ</strong></span> <span class='ocrx_word' id='word_1_346' title='bbox 903 3084 1054 3139; x_wconf 75' lang='grc' dir='ltr'>ἔσται</span> <span class='ocrx_word' id='word_1_347' title='bbox 1085 3087 1113 3140; x_wconf 92' lang='lat'><strong>6</strong></span> <span class='ocrx_word' id='word_1_348' title='bbox 1146 3086 1430 3156; x_wconf 86' lang='grc' dir='ltr'>μηνύσων;</span> <span class='ocrx_word' id='word_1_349' title='bbox 1467 3083 1782 3154; x_wconf 68' lang='grc' dir='ltr'>Ἄνθρωπος</span> 
     </span>
    </p>
   </div>
   <div class='ocr_carea' id='block_1_48' title="bbox 212 3170 1783 3248">
    <p class='ocr_par' dir='ltr' id='par_1_48' title="bbox 212 3170 1783 3248">
     <span class='ocr_line' id='line_1_48' title="bbox 212 3170 1783 3248; baseline 0.003 -23"><span class='ocrx_word' id='word_1_350' title='bbox 212 3170 274 3225; x_wconf 82' lang='grc' dir='ltr'>δὲ</span> <span class='ocrx_word' id='word_1_351' title='bbox 310 3171 371 3234; x_wconf 86' lang='grc' dir='ltr'><strong>δς</strong></span> <span class='ocrx_word' id='word_1_352' title='bbox 396 3174 497 3227; x_wconf 84' lang='grc' dir='ltr'>οὐκ</span> <span class='ocrx_word' id='word_1_353' title='bbox 514 3171 652 3228; x_wconf 84' lang='grc' dir='ltr'>οἶδεν</span> <span class='ocrx_word' id='word_1_354' title='bbox 677 3176 758 3240; x_wconf 84' lang='grc' dir='ltr'><strong>είς</strong></span> <span class='ocrx_word' id='word_1_355' title='bbox 782 3177 881 3247; x_wconf 84' lang='grc' dir='ltr'>τὴν</span> <span class='ocrx_word' id='word_1_356' title='bbox 901 3177 1106 3248; x_wconf 79' lang='grc' dir='ltr'>ἀγαθὴν</span> <span class='ocrx_word' id='word_1_357' title='bbox 1127 3177 1455 3248; x_wconf 80' lang='grc' dir='ltr'>πορευθῆναι</span> <span class='ocrx_word' id='word_1_358' title='bbox 1485 3177 1660 3239; x_wconf 86' lang='grc' dir='ltr'>πόλιν,</span> <span class='ocrx_word' id='word_1_359' title='bbox 1692 3176 1783 3229; x_wconf 73' lang='lat' dir='ltr'><strong>xci-</strong></span> 
     </span>
    </p>
   </div>
   <div class='ocr_carea' id='block_1_49' title="bbox 213 3263 1784 3340">
    <p class='ocr_par' dir='ltr' id='par_1_49' title="bbox 213 3263 1784 3340">
     <span class='ocr_line' id='line_1_49' title="bbox 213 3263 1784 3340; baseline -0.001 -23"><span class='ocrx_word' id='word_1_360' title='bbox 213 3279 388 3317; x_wconf 79' lang='grc' dir='ltr'>κωσιν</span> <span class='ocrx_word' id='word_1_361' title='bbox 437 3263 739 3335; x_wconf 70' lang='grc' dir='ltr'>ὑπομένει,</span> <span class='ocrx_word' id='word_1_362' title='bbox 779 3270 890 3331; x_wconf 84' lang='grc' dir='ltr'>τοῖς</span> <span class='ocrx_word' id='word_1_363' title='bbox 924 3286 985 3322; x_wconf 88' lang='grc' dir='ltr'><strong>τε</strong></span> <span class='ocrx_word' id='word_1_364' title='bbox 1017 3269 1344 3340; x_wconf 78' lang='grc' dir='ltr'>ὀφθαλμοῖς,</span> <span class='ocrx_word' id='word_1_365' title='bbox 1376 3271 1467 3322; x_wconf 71' lang='grc' dir='ltr'>καὶ</span> <span class='ocrx_word' id='word_1_366' title='bbox 1507 3267 1584 3338; x_wconf 82' lang='grc' dir='ltr'><strong>τῷ</strong></span> <span class='ocrx_word' id='word_1_367' title='bbox 1621 3267 1784 3321; x_wconf 73' lang='grc' dir='ltr'>παντὶ</span> 
     </span>
    </p>
   </div>
   <div class='ocr_carea' id='block_1_50' title="bbox 1890 2062 3442 2145">
    <p class='ocr_par' dir='ltr' id='par_1_50' title="bbox 1890 2062 3442 2145">
     <span class='ocr_line' id='line_1_50' title="bbox 1890 2062 3442 2145; baseline -0.006 -17"><span class='ocrx_word' id='word_1_368' title='bbox 1890 2074 2033 2145; x_wconf 78' lang='lat' dir='ltr'><strong>ligna</strong></span> <span class='ocrx_word' id='word_1_369' title='bbox 2070 2077 2402 2139; x_wconf 84' lang='lat' dir='ltr'><strong>conscindit,</strong></span> <span class='ocrx_word' id='word_1_370' title='bbox 2439 2076 2491 2129; x_wconf 91' lang='lat' dir='ltr'><strong>in</strong></span> <span class='ocrx_word' id='word_1_371' title='bbox 2525 2074 2721 2130; x_wconf 88' lang='lat' dir='ltr'><strong>suimet</strong></span> <span class='ocrx_word' id='word_1_372' title='bbox 2758 2062 2929 2126; x_wconf 84' lang='lat' dir='ltr'><strong>armis</strong></span> <span class='ocrx_word' id='word_1_373' title='bbox 2963 2070 3259 2139; x_wconf 89' lang='lat' dir='ltr'><strong>perieulum</strong></span> <span class='ocrx_word' id='word_1_374' title='bbox 3291 2067 3442 2122; x_wconf 83' lang='lat' dir='ltr'><strong>feret.</strong></span> 
     </span>
    </p>
   </div>
   <div class='ocr_carea' id='block_1_51' title="bbox 1892 2158 3445 2232">
    <p class='ocr_par' dir='ltr' id='par_1_51' title="bbox 1892 2158 3445 2232">
     <span class='ocr_line' id='line_1_51' title="bbox 1892 2158 3445 2232; baseline -0.007 -13"><span class='ocrx_word' id='word_1_375' title='bbox 1892 2164 1977 2219; x_wconf 86' lang='grc'><strong>10.</strong></span> <span class='ocrx_word' id='word_1_376' title='bbox 2012 2164 2168 2232; x_wconf 87' lang='lat' dir='ltr'><strong>Quod</strong></span> <span class='ocrx_word' id='word_1_377' title='bbox 2223 2167 2267 2218; x_wconf 87' lang='lat' dir='ltr'><strong>si</strong></span> <span class='ocrx_word' id='word_1_378' title='bbox 2309 2164 2447 2218; x_wconf 83' lang='lat' dir='ltr'><strong>forte</strong></span> <span class='ocrx_word' id='word_1_379' title='bbox 2493 2163 2699 2216; x_wconf 88' lang='lat' dir='ltr'><strong>securis</strong></span> <span class='ocrx_word' id='word_1_380' title='bbox 2753 2175 2784 2214; x_wconf 90' lang='lat' dir='ltr'><strong>e</strong></span> <span class='ocrx_word' id='word_1_381' title='bbox 2833 2159 3117 2214; x_wconf 86' lang='lat' dir='ltr'><strong>manubrio</strong></span> <span class='ocrx_word' id='word_1_382' title='bbox 3163 2158 3445 2219; x_wconf 80' lang='lat' dir='ltr'><strong>cxsilierit,</strong></span> 
     </span>
    </p>
   </div>
   <div class='ocr_carea' id='block_1_52' title="bbox 1890 2246 3446 2322">
    <p class='ocr_par' dir='ltr' id='par_1_52' title="bbox 1890 2246 3446 2322">
     <span class='ocr_line' id='line_1_52' title="bbox 1890 2246 3446 2322; baseline -0.009 -11"><span class='ocrx_word' id='word_1_383' title='bbox 1890 2255 2299 2311; x_wconf 88' lang='lat' dir='ltr'><strong>conturbabitur</strong></span> <span class='ocrx_word' id='word_1_384' title='bbox 2335 2253 2426 2322; x_wconf 85' lang='lat' dir='ltr'><strong>qui</strong></span> <span class='ocrx_word' id='word_1_385' title='bbox 2465 2253 2591 2306; x_wconf 92' lang='lat' dir='ltr'><strong>huic</strong></span> <span class='ocrx_word' id='word_1_386' title='bbox 2634 2251 2782 2320; x_wconf 88' lang='lat' dir='ltr'><strong>operi</strong></span> <span class='ocrx_word' id='word_1_387' title='bbox 2840 2248 3119 2312; x_wconf 85' lang='lat' dir='ltr'><strong>incumbit,</strong></span> <span class='ocrx_word' id='word_1_388' title='bbox 3167 2246 3446 2314; x_wconf 83' lang='lat' dir='ltr'><strong>haudqua-</strong></span> 
     </span>
    </p>
   </div>
   <div class='ocr_carea' id='block_1_53' title="bbox 1890 2324 3443 2418">
    <p class='ocr_par' dir='ltr' id='par_1_53' title="bbox 1890 2324 3443 2418">
     <span class='ocr_line' id='line_1_53' title="bbox 1890 2324 3443 2418; baseline -0.009 -16"><span class='ocrx_word' id='word_1_389' title='bbox 1890 2363 2051 2418; x_wconf 91' lang='lat' dir='ltr'><strong>quam</strong></span> <span class='ocrx_word' id='word_1_390' title='bbox 2089 2346 2264 2401; x_wconf 83' lang='lat' dir='ltr'><strong>fauste</strong></span> <span class='ocrx_word' id='word_1_391' title='bbox 2287 2354 2655 2413; x_wconf 86' lang='lat' dir='ltr'><strong>comportans,</strong></span> <span class='ocrx_word' id='word_1_392' title='bbox 2689 2355 2926 2410; x_wconf 89' lang='lat' dir='ltr'><strong>suasque</strong></span> <span class='ocrx_word' id='word_1_393' title='bbox 2955 2339 3182 2408; x_wconf 79' lang='lat' dir='ltr'><strong>injustas</strong></span> <span class='ocrx_word' id='word_1_394' title='bbox 3204 2324 3267 2390; x_wconf 78' lang='lat' dir='ltr'><strong>et</strong></span> <span class='ocrx_word' id='word_1_395' title='bbox 3295 2335 3443 2389; x_wconf 84' lang='lat' dir='ltr'><strong>brevi</strong></span> 
     </span>
    </p>
   </div>
   <div class='ocr_carea' id='block_1_54' title="bbox 1889 2430 3442 2512">
    <p class='ocr_par' dir='ltr' id='par_1_54' title="bbox 1889 2430 3442 2512">
     <span class='ocr_line' id='line_1_54' title="bbox 1889 2430 3442 2512; baseline -0.008 -18"><span class='ocrx_word' id='word_1_396' title='bbox 1889 2442 2161 2509; x_wconf 85' lang='lat' dir='ltr'><strong>perituras</strong></span> <span class='ocrx_word' id='word_1_397' title='bbox 2179 2439 2324 2492; x_wconf 91' lang='lat' dir='ltr'><strong>vires</strong></span> <span class='ocrx_word' id='word_1_398' title='bbox 2355 2438 2460 2507; x_wconf 90' lang='lat' dir='ltr'><strong>ipsi</strong></span> <span class='ocrx_word' id='word_1_399' title='bbox 2493 2437 2786 2512; x_wconf 81' lang='lat' dir='ltr'><strong>adaugeus.</strong></span> <span class='ocrx_word' id='word_1_400' title='bbox 2830 2434 2915 2486; x_wconf 86' lang='grc'><strong>11.</strong></span> <span class='ocrx_word' id='word_1_401' title='bbox 2944 2430 3041 2496; x_wconf 91' lang='lat' dir='ltr'><strong>Est</strong></span> <span class='ocrx_word' id='word_1_402' title='bbox 3073 2446 3200 2485; x_wconf 87' lang='lat' dir='ltr'><strong>vero</strong></span> <span class='ocrx_word' id='word_1_403' title='bbox 3229 2442 3442 2482; x_wconf 88' lang='lat' dir='ltr'><strong>morsus</strong></span> 
     </span>
    </p>
   </div>
   <div class='ocr_carea' id='block_1_55' title="bbox 1889 2521 3444 2601">
    <p class='ocr_par' dir='ltr' id='par_1_55' title="bbox 1889 2521 3444 2601">
     <span class='ocr_line' id='line_1_55' title="bbox 1889 2521 3444 2601; baseline -0.008 -16"><span class='ocrx_word' id='word_1_404' title='bbox 1889 2533 2156 2601; x_wconf 85' lang='lat' dir='ltr'><strong>serpentis</strong></span> <span class='ocrx_word' id='word_1_405' title='bbox 2207 2530 2441 2584; x_wconf 80' lang='lat' dir='ltr'><strong>furtivus</strong></span> <span class='ocrx_word' id='word_1_406' title='bbox 2495 2545 2560 2583; x_wconf 90' lang='lat' dir='ltr'><strong>ac</strong></span> <span class='ocrx_word' id='word_1_407' title='bbox 2592 2527 2996 2592; x_wconf 83' lang='lat' dir='ltr'><strong>clandestinus:</strong></span> <span class='ocrx_word' id='word_1_408' title='bbox 3025 2533 3079 2579; x_wconf 91' lang='lat' dir='ltr'><strong>et</strong></span> <span class='ocrx_word' id='word_1_409' title='bbox 3105 2522 3240 2576; x_wconf 89' lang='lat' dir='ltr'><strong>nihil</strong></span> <span class='ocrx_word' id='word_1_410' title='bbox 3266 2521 3444 2576; x_wconf 84' lang='lat' dir='ltr'><strong>solatii</strong></span> 
     </span>
    </p>
   </div>
   <div class='ocr_carea' id='block_1_56' title="bbox 1889 2609 3445 2681">
    <p class='ocr_par' dir='ltr' id='par_1_56' title="bbox 1889 2609 3445 2681">
     <span class='ocr_line' id='line_1_56' title="bbox 1889 2609 3445 2681; baseline -0.003 -11"><span class='ocrx_word' id='word_1_411' title='bbox 1889 2616 2114 2680; x_wconf 80' lang='lat' dir='ltr'><strong>aﬁ‘erent</strong></span> <span class='ocrx_word' id='word_1_412' title='bbox 2142 2618 2538 2681; x_wconf 85' lang='lat' dir='ltr'><strong>incantatores;</strong></span> <span class='ocrx_word' id='word_1_413' title='bbox 2559 2617 2681 2668; x_wconf 89' lang='lat' dir='ltr'><strong>vani</strong></span> <span class='ocrx_word' id='word_1_414' title='bbox 2702 2615 3012 2668; x_wconf 79' lang='lat' dir='ltr'><strong>enimsunt.</strong></span> <span class='ocrx_word' id='word_1_415' title='bbox 3048 2611 3134 2666; x_wconf 73' lang='lat'><strong>12.</strong></span> <span class='ocrx_word' id='word_1_416' title='bbox 3158 2609 3445 2665; x_wconf 88' lang='lat' dir='ltr'><strong>Enimvero</strong></span> 
     </span>
    </p>
   </div>
   <div class='ocr_carea' id='block_1_57' title="bbox 1890 2702 3468 2777">
    <p class='ocr_par' dir='ltr' id='par_1_57' title="bbox 1890 2702 3468 2777">
     <span class='ocr_line' id='line_1_57' title="bbox 1890 2702 3468 2777; baseline -0.007 -16"><span class='ocrx_word' id='word_1_417' title='bbox 1890 2709 2064 2762; x_wconf 87' lang='lat' dir='ltr'><strong>bonus</strong></span> <span class='ocrx_word' id='word_1_418' title='bbox 2103 2707 2201 2770; x_wconf 89' lang='lat' dir='ltr'><strong>vir,</strong></span> <span class='ocrx_word' id='word_1_419' title='bbox 2238 2717 2353 2761; x_wconf 93' lang='lat' dir='ltr'><strong>tum</strong></span> <span class='ocrx_word' id='word_1_420' title='bbox 2393 2705 2516 2767; x_wconf 87' lang='lat' dir='ltr'><strong>sibi,</strong></span> <span class='ocrx_word' id='word_1_421' title='bbox 2551 2714 2662 2758; x_wconf 90' lang='lat' dir='ltr'><strong>tum</strong></span> <span class='ocrx_word' id='word_1_422' title='bbox 2695 2703 2956 2774; x_wconf 78' lang='lat' dir='ltr'><strong>proximis</strong></span> <span class='ocrx_word' id='word_1_423' title='bbox 2985 2702 3128 2757; x_wconf 86' lang='lat' dir='ltr'><strong>bona</strong></span> <span class='ocrx_word' id='word_1_424' title='bbox 3156 2705 3468 2777; x_wconf 82' lang='lat' dir='ltr'><strong>operatur:&#39;</strong></span> 
     </span>
    </p>
   </div>
   <div class='ocr_carea' id='block_1_58' title="bbox 1891 2781 3445 2866">
    <p class='ocr_par' dir='ltr' id='par_1_58' title="bbox 1891 2781 3445 2866">
     <span class='ocr_line' id='line_1_58' title="bbox 1891 2781 3445 2866; baseline -0.008 -13"><span class='ocrx_word' id='word_1_425' title='bbox 1891 2801 1976 2855; x_wconf 80' lang='grc'><strong>15.</strong></span> <span class='ocrx_word' id='word_1_426' title='bbox 2017 2781 2236 2863; x_wconf 56' lang='grc' dir='ltr'>ϐοηῑῗε,</span> <span class='ocrx_word' id='word_1_427' title='bbox 2265 2799 2461 2854; x_wconf 88' lang='lat' dir='ltr'><strong>stultus</strong></span> <span class='ocrx_word' id='word_1_428' title='bbox 2494 2799 2670 2866; x_wconf 88' lang='lat' dir='ltr'><strong>inepta</strong></span> <span class='ocrx_word' id='word_1_429' title='bbox 2710 2810 2806 2851; x_wconf 89' lang='lat' dir='ltr'><strong>sua</strong></span> <span class='ocrx_word' id='word_1_430' title='bbox 2830 2793 3152 2864; x_wconf 86' lang='lat' dir='ltr'><strong>loquacitate</strong></span> <span class='ocrx_word' id='word_1_431' title='bbox 3184 2791 3238 2843; x_wconf 92' lang='lat' dir='ltr'><strong>in</strong></span> <span class='ocrx_word' id='word_1_432' title='bbox 3263 2789 3445 2858; x_wconf 86' lang='lat' dir='ltr'><strong>perni-</strong></span> 
     </span>
    </p>
   </div>
   <div class='ocr_carea' id='block_1_59' title="bbox 1890 2874 3445 2955">
    <p class='ocr_par' dir='ltr' id='par_1_59' title="bbox 1890 2874 3445 2955">
     <span class='ocr_line' id='line_1_59' title="bbox 1890 2874 3445 2955; baseline -0.008 -9"><span class='ocrx_word' id='word_1_433' title='bbox 1890 2893 2026 2947; x_wconf 83' lang='lat' dir='ltr'><strong>ciem</strong></span> <span class='ocrx_word' id='word_1_434' title='bbox 2060 2899 2198 2946; x_wconf 88' lang='lat' dir='ltr'><strong>ruet.</strong></span> <span class='ocrx_word' id='word_1_435' title='bbox 2242 2890 2327 2944; x_wconf 78' lang='grc'>14.</span> <span class='ocrx_word' id='word_1_436' title='bbox 2367 2889 2502 2946; x_wconf 89' lang='lat' dir='ltr'><strong>Cum</strong></span> <span class='ocrx_word' id='word_1_437' title='bbox 2544 2888 2796 2944; x_wconf 28' lang='lat' dir='ltr'><strong>semelros</strong></span> <span class='ocrx_word' id='word_1_438' title='bbox 2835 2885 3123 2955; x_wconf 80' lang='lat' dir='ltr'><strong>aperuerit,</strong></span> <span class='ocrx_word' id='word_1_439' title='bbox 3149 2874 3312 2937; x_wconf 84' lang='lat' dir='ltr'><strong>stulte</strong></span> <span class='ocrx_word' id='word_1_440' title='bbox 3349 2897 3445 2935; x_wconf 81' lang='lat' dir='ltr'><strong>or-</strong></span> 
     </span>
    </p>
   </div>
   <div class='ocr_carea' id='block_1_60' title="bbox 1889 2973 3440 3047">
    <p class='ocr_par' dir='ltr' id='par_1_60' title="bbox 1889 2973 3440 3047">
     <span class='ocr_line' id='line_1_60' title="bbox 1889 2973 3440 3047; baseline -0.008 -9"><span class='ocrx_word' id='word_1_441' title='bbox 1889 2985 2056 3047; x_wconf 87' lang='lat' dir='ltr'><strong>ditur,</strong></span> <span class='ocrx_word' id='word_1_442' title='bbox 2102 2976 2161 3037; x_wconf 60' lang='lat' dir='ltr'><strong>ct&#39;</strong></span> <span class='ocrx_word' id='word_1_443' title='bbox 2202 2982 2382 3038; x_wconf 85' lang='lat' dir='ltr'><strong>statim</strong></span> <span class='ocrx_word' id='word_1_444' title='bbox 2415 2980 2627 3036; x_wconf 85' lang='lat' dir='ltr'><strong>dicendi</strong></span> <span class='ocrx_word' id='word_1_445' title='bbox 2683 2979 2844 3033; x_wconf 77' lang='lat' dir='ltr'><strong>finem</strong></span> <span class='ocrx_word' id='word_1_446' title='bbox 2885 2976 3036 3039; x_wconf 79' lang='lat' dir='ltr'><strong>facit,</strong></span> <span class='ocrx_word' id='word_1_447' title='bbox 3095 2973 3440 3028; x_wconf 75' lang='lat' dir='ltr'><strong>stoliditatem</strong></span> 
     </span>
    </p>
   </div>
   <div class='ocr_carea' id='block_1_61' title="bbox 1890 3067 3438 3134">
    <p class='ocr_par' dir='ltr' id='par_1_61' title="bbox 1890 3067 3438 3134">
     <span class='ocr_line' id='line_1_61' title="bbox 1890 3067 3438 3134; baseline -0.008 -3"><span class='ocrx_word' id='word_1_448' title='bbox 1890 3092 2044 3132; x_wconf 83' lang='lat' dir='ltr'><strong>suam</strong></span> <span class='ocrx_word' id='word_1_449' title='bbox 2081 3076 2260 3130; x_wconf 90' lang='lat' dir='ltr'><strong>ubivis</strong></span> <span class='ocrx_word' id='word_1_450' title='bbox 2285 3074 2594 3129; x_wconf 87' lang='lat' dir='ltr'><strong>ostendens.</strong></span> <span class='ocrx_word' id='word_1_451' title='bbox 2623 3070 2763 3124; x_wconf 82' lang='lat' dir='ltr'><strong>Fieri</strong></span> <span class='ocrx_word' id='word_1_452' title='bbox 2788 3077 2966 3123; x_wconf 87' lang='lat' dir='ltr'><strong>autem</strong></span> <span class='ocrx_word' id='word_1_453' title='bbox 2992 3067 3212 3121; x_wconf 90' lang='lat' dir='ltr'><strong>minime</strong></span> <span class='ocrx_word' id='word_1_454' title='bbox 3244 3072 3438 3134; x_wconf 87' lang='lat' dir='ltr'><strong>potest,</strong></span> 
     </span>
    </p>
   </div>
   <div class='ocr_carea' id='block_1_62' title="bbox 1891 3154 3443 3235">
    <p class='ocr_par' dir='ltr' id='par_1_62' title="bbox 1891 3154 3443 3235">
     <span class='ocr_line' id='line_1_62' title="bbox 1891 3154 3443 3235; baseline -0.01 -12"><span class='ocrx_word' id='word_1_455' title='bbox 1891 3179 1950 3223; x_wconf 90' lang='lat' dir='ltr'><strong>ut</strong></span> <span class='ocrx_word' id='word_1_456' title='bbox 1972 3168 2137 3223; x_wconf 87' lang='lat' dir='ltr'><strong>homo</strong></span> <span class='ocrx_word' id='word_1_457' title='bbox 2171 3181 2232 3220; x_wconf 88' lang='lat' dir='ltr'><strong>ea</strong></span> <span class='ocrx_word' id='word_1_458' title='bbox 2273 3181 2393 3235; x_wconf 74' lang='lat' dir='ltr'><strong>quae</strong></span> <span class='ocrx_word' id='word_1_459' title='bbox 2430 3179 2459 3217; x_wconf 88' lang='lat' dir='ltr'><strong>a</strong></span> <span class='ocrx_word' id='word_1_460' title='bbox 2493 3160 2751 3231; x_wconf 85' lang='lat' dir='ltr'><strong>principio</strong></span> <span class='ocrx_word' id='word_1_461' title='bbox 2781 3159 3002 3215; x_wconf 79' lang='lat' dir='ltr'><strong>fuerunt</strong></span> <span class='ocrx_word' id='word_1_462' title='bbox 3028 3166 3326 3231; x_wconf 75' lang='lat' dir='ltr'><strong>autpostca</strong></span> <span class='ocrx_word' id='word_1_463' title='bbox 3355 3154 3443 3209; x_wconf 84' lang='lat' dir='ltr'><strong>l‘u-</strong></span> 
     </span>
    </p>
   </div>
   <div class='ocr_carea' id='block_1_63' title="bbox 1888 3247 3442 3325">
    <p class='ocr_par' dir='ltr' id='par_1_63' title="bbox 1888 3247 3442 3325">
     <span class='ocr_line' id='line_1_63' title="bbox 1888 3247 3442 3325; baseline -0.006 -12"><span class='ocrx_word' id='word_1_464' title='bbox 1888 3271 2008 3314; x_wconf 81' lang='lat' dir='ltr'><strong>tura</strong></span> <span class='ocrx_word' id='word_1_465' title='bbox 2061 3266 2208 3320; x_wconf 92' lang='lat' dir='ltr'><strong>sunt,</strong></span> <span class='ocrx_word' id='word_1_466' title='bbox 2265 3263 2553 3325; x_wconf 81' lang='lat' dir='ltr'><strong>cognoscat</strong></span> <span class='ocrx_word' id='word_1_467' title='bbox 2600 3263 2652 3307; x_wconf 81' lang='lat' dir='ltr'><strong>et</strong></span> <span class='ocrx_word' id='word_1_468' title='bbox 2697 3251 2766 3307; x_wconf 91' lang='lat' dir='ltr'><strong>ab</strong></span> <span class='ocrx_word' id='word_1_469' title='bbox 2806 3251 3022 3305; x_wconf 87' lang='lat' dir='ltr'><strong>homine</strong></span> <span class='ocrx_word' id='word_1_470' title='bbox 3070 3251 3261 3305; x_wconf 88' lang='lat' dir='ltr'><strong>discat.</strong></span> <span class='ocrx_word' id='word_1_471' title='bbox 3289 3247 3442 3315; x_wconf 82' lang='lat' dir='ltr'><strong>.Quls</strong></span> 
     </span>
    </p>
   </div>
   <div class='ocr_carea' id='block_1_64' title="bbox 214 3321 1788 3432">
    <p class='ocr_par' dir='ltr' id='par_1_64' title="bbox 214 3321 1781 3432">
     <span class='ocr_line' id='line_1_64' title="bbox 214 3321 1781 3432; baseline 0.003 -25"><span class='ocrx_word' id='word_1_472' title='bbox 214 3353 515 3424; x_wconf 80' lang='grc' dir='ltr'>προσώπῳ.</span> <span class='ocrx_word' id='word_1_473' title='bbox 545 3321 739 3409; x_wconf 69' lang='grc' dir='ltr'><strong>’Πόλεί¹</strong></span> <span class='ocrx_word' id='word_1_474' title='bbox 765 3357 823 3410; x_wconf 81' lang='grc' dir='ltr'>δὲ</span> <span class='ocrx_word' id='word_1_475' title='bbox 865 3321 1071 3430; x_wconf 52' lang='grc' dir='ltr'>ἐκείνῃ.</span> <span class='ocrx_word' id='word_1_476' title='bbox 1093 3321 1249 3413; x_wconf 49' lang='grc' dir='ltr'>...ἐξ</span> <span class='ocrx_word' id='word_1_477' title='bbox 1280 3321 1641 3432; x_wconf 53' lang='grc' dir='ltr'>τζρολέγωίῆς</span> <span class='ocrx_word' id='word_1_478' title='bbox 1667 3359 1696 3412; x_wconf 76' lang='grc' dir='ltr'>δ</span> <span class='ocrx_word' id='word_1_479' title='bbox 1721 3375 1781 3411; x_wconf 90' lang='grc' dir='ltr'><strong>τε</strong></span> 
     </span>
    </p>
   </div>
   <div class='ocr_carea' id='block_1_65' title="bbox 1889 3321 3442 3432">
    <p class='ocr_par' dir='ltr' id='par_1_65' title="bbox 1889 3321 3442 3418">
     <span class='ocr_line' id='line_1_65' title="bbox 1889 3321 3442 3418; baseline -0.009 -11"><span class='ocrx_word' id='word_1_480' title='bbox 1889 3353 2028 3407; x_wconf 86' lang='lat' dir='ltr'><strong>enim</strong></span> <span class='ocrx_word' id='word_1_481' title='bbox 2072 3350 2204 3412; x_wconf 88' lang='lat' dir='ltr'><strong>erit,</strong></span> <span class='ocrx_word' id='word_1_482' title='bbox 2241 3321 2360 3418; x_wconf 33' lang='lat' dir='ltr'><strong>qui-</strong></span> <span class='ocrx_word' id='word_1_483' title='bbox 2385 3343 2626 3416; x_wconf 78' lang='lat' dir='ltr'><strong>aperiat?</strong></span> <span class='ocrx_word' id='word_1_484' title='bbox 2666 3343 2751 3398; x_wconf 82' lang='lat' dir='ltr'><strong>l5.</strong></span> <span class='ocrx_word' id='word_1_485' title='bbox 2792 3341 2988 3407; x_wconf 81' lang='lat' dir='ltr'><strong>Homo,</strong></span> <span class='ocrx_word' id='word_1_486' title='bbox 3037 3342 3128 3413; x_wconf 88' lang='lat' dir='ltr'><strong>qui</strong></span> <span class='ocrx_word' id='word_1_487' title='bbox 3158 3342 3212 3395; x_wconf 90' lang='lat' dir='ltr'><strong>in</strong></span> <span class='ocrx_word' id='word_1_488' title='bbox 3245 3341 3442 3395; x_wconf 84' lang='lat' dir='ltr'><strong>bonam</strong></span> 
     </span>
    </p>
   </div>
   <div class='ocr_carea' id='block_1_66' title="bbox 215 3446 1784 3522">
    <p class='ocr_par' dir='ltr' id='par_1_66' title="bbox 215 3446 1784 3522">
     <span class='ocr_line' id='line_1_66' title="bbox 215 3446 1784 3522; baseline 0.001 -21"><span class='ocrx_word' id='word_1_489' title='bbox 215 3446 472 3518; x_wconf 83' lang='grc' dir='ltr'>βασιλεὺς</span> <span class='ocrx_word' id='word_1_490' title='bbox 498 3447 636 3511; x_wconf 81' lang='grc' dir='ltr'>νέος,</span> <span class='ocrx_word' id='word_1_491' title='bbox 673 3448 767 3501; x_wconf 79' lang='grc' dir='ltr'>καὶ</span> <span class='ocrx_word' id='word_1_492' title='bbox 793 3449 842 3501; x_wconf 83' lang='grc' dir='ltr'>οἱ</span> <span class='ocrx_word' id='word_1_493' title='bbox 860 3449 1116 3521; x_wconf 78' lang='grc' dir='ltr'>ἄρχοντες</span> <span class='ocrx_word' id='word_1_494' title='bbox 1136 3452 1558 3522; x_wconf 81' lang='grc' dir='ltr'>γαστρίμαργοι.</span> <span class='ocrx_word' id='word_1_495' title='bbox 1595 3453 1784 3518; x_wconf 68' lang='grc' dir='ltr'>Μακα-</span> 
     </span>
    </p>
   </div>
   <div class='ocr_carea' id='block_1_67' title="bbox 215 3537 1808 3614">
    <p class='ocr_par' dir='ltr' id='par_1_67' title="bbox 215 3537 1808 3614">
     <span class='ocr_line' id='line_1_67' title="bbox 215 3537 1808 3614; baseline 0.004 -23"><span class='ocrx_word' id='word_1_496' title='bbox 215 3539 354 3610; x_wconf 82' lang='grc' dir='ltr'>ρίζω</span> <span class='ocrx_word' id='word_1_497' title='bbox 382 3539 440 3591; x_wconf 85' lang='grc' dir='ltr'>δὲ</span> <span class='ocrx_word' id='word_1_498' title='bbox 457 3541 559 3610; x_wconf 73' lang='grc' dir='ltr'>γῆν</span> <span class='ocrx_word' id='word_1_499' title='bbox 589 3539 688 3610; x_wconf 84' lang='grc' dir='ltr'>τὴν</span> <span class='ocrx_word' id='word_1_500' title='bbox 719 3539 926 3613; x_wconf 83' lang='grc' dir='ltr'>ἀγαθὴν</span> <span class='ocrx_word' id='word_1_501' title='bbox 951 3581 966 3604; x_wconf 98' lang='grc'><strong>,</strong></span> <span class='ocrx_word' id='word_1_502' title='bbox 999 3537 1066 3614; x_wconf 81' lang='grc' dir='ltr'>ἦς</span> <span class='ocrx_word' id='word_1_503' title='bbox 1107 3541 1376 3612; x_wconf 82' lang='grc' dir='ltr'>βασιλεύει</span> <span class='ocrx_word' id='word_1_504' title='bbox 1399 3544 1427 3596; x_wconf 87' lang='lat'><strong>6</strong></span> <span class='ocrx_word' id='word_1_505' title='bbox 1457 3543 1552 3596; x_wconf 89' lang='grc' dir='ltr'><strong>τοῦ</strong></span> <span class='ocrx_word' id='word_1_506' title='bbox 1582 3541 1808 3598; x_wconf 53' lang='grc' dir='ltr'>ἐλευθὲέ</span> 
     </span>
    </p>
   </div>
   <div class='ocr_carea' id='block_1_68' title="bbox 217 3629 1781 3703">
    <p class='ocr_par' dir='ltr' id='par_1_68' title="bbox 217 3629 1781 3703">
     <span class='ocr_line' id='line_1_68' title="bbox 217 3629 1781 3703; baseline 0.003 -21"><span class='ocrx_word' id='word_1_507' title='bbox 217 3646 313 3701; x_wconf 90' lang='grc' dir='ltr'><strong>ρου</strong></span> <span class='ocrx_word' id='word_1_508' title='bbox 349 3629 490 3693; x_wconf 70' lang='grc' dir='ltr'>υἱός*</span> <span class='ocrx_word' id='word_1_509' title='bbox 538 3629 665 3684; x_wconf 72' lang='grc' dir='ltr'>ἔνθα</span> <span class='ocrx_word' id='word_1_510' title='bbox 693 3633 960 3703; x_wconf 73' lang='grc' dir='ltr'>εὐκαίρως</span> <span class='ocrx_word' id='word_1_511' title='bbox 996 3634 1390 3691; x_wconf 82' lang='grc' dir='ltr'>ἀπολαύσουσιν</span> <span class='ocrx_word' id='word_1_512' title='bbox 1433 3634 1650 3701; x_wconf 85' lang='grc' dir='ltr'>ἀγαθῶν</span> <span class='ocrx_word' id='word_1_513' title='bbox 1675 3674 1689 3698; x_wconf 96' lang='grc'><strong>,</strong></span> <span class='ocrx_word' id='word_1_514' title='bbox 1733 3637 1781 3687; x_wconf 91' lang='grc' dir='ltr'><strong>οί</strong></span> 
     </span>
    </p>
   </div>
   <div class='ocr_carea' id='block_1_69' title="bbox 117 3724 1781 3799">
    <p class='ocr_par' dir='ltr' id='par_1_69' title="bbox 117 3724 1781 3799">
     <span class='ocr_line' id='line_1_69' title="bbox 117 3724 1781 3799; baseline 0.003 -24"><span class='ocrx_word' id='word_1_515' title='bbox 117 3763 121 3766; x_wconf 52' lang='grc' dir='ltr'><strong><em>μ</em></strong></span> <span class='ocrx_word' id='word_1_516' title='bbox 213 3725 397 3776; x_wconf 84' lang='grc' dir='ltr'>ἐκεῖσε</span> <span class='ocrx_word' id='word_1_517' title='bbox 442 3724 629 3794; x_wconf 79' lang='grc' dir='ltr'>ἄρχειν</span> <span class='ocrx_word' id='word_1_518' title='bbox 671 3725 979 3797; x_wconf 77' lang='grc' dir='ltr'>ἠξιωμένοι.</span> <span class='ocrx_word' id='word_1_519' title='bbox 1032 3728 1286 3798; x_wconf 76' lang='grc' dir='ltr'>ὐκνηρὺς</span> <span class='ocrx_word' id='word_1_520' title='bbox 1341 3727 1397 3780; x_wconf 81' lang='grc' dir='ltr'>δὲ</span> <span class='ocrx_word' id='word_1_521' title='bbox 1457 3728 1547 3780; x_wconf 70' lang='grc' dir='ltr'>καὶ</span> <span class='ocrx_word' id='word_1_522' title='bbox 1593 3729 1781 3799; x_wconf 81' lang='grc' dir='ltr'>ἀργὸς,</span> 
     </span>
    </p>
   </div>
   <div class='ocr_carea' id='block_1_70' title="bbox 110 3814 1783 3896">
    <p class='ocr_par' dir='ltr' id='par_1_70' title="bbox 110 3814 1783 3896">
     <span class='ocr_line' id='line_1_70' title="bbox 110 3814 1783 3896; baseline 0.002 -28"><span class='ocrx_word' id='word_1_523' title='bbox 110 3823 113 3826; x_wconf 83' lang='grc'><em>’</em></span> <span class='ocrx_word' id='word_1_524' title='bbox 149 3853 159 3860; x_wconf 89' lang='grc'><strong>-</strong></span> <span class='ocrx_word' id='word_1_525' title='bbox 211 3814 366 3868; x_wconf 82' lang='grc' dir='ltr'>οἶκον</span> <span class='ocrx_word' id='word_1_526' title='bbox 409 3815 688 3894; x_wconf 75' lang='grc' dir='ltr'>ἐλαττοῦσι</span> <span class='ocrx_word' id='word_1_527' title='bbox 732 3817 1020 3888; x_wconf 77' lang='grc' dir='ltr'>χλευασταὶ</span> <span class='ocrx_word' id='word_1_528' title='bbox 1063 3819 1373 3889; x_wconf 87' lang='grc' dir='ltr'>γενόμενοι·</span> <span class='ocrx_word' id='word_1_529' title='bbox 1425 3820 1517 3896; x_wconf 83' lang='grc' dir='ltr'><strong>καί</strong></span> <span class='ocrx_word' id='word_1_530' title='bbox 1565 3814 1644 3881; x_wconf 60' lang='grc' dir='ltr'>εἰς</span> <span class='ocrx_word' id='word_1_531' title='bbox 1685 3818 1783 3889; x_wconf 81' lang='grc' dir='ltr'><strong>τὴν</strong></span> 
     </span>
    </p>
   </div>
   <div class='ocr_carea' id='block_1_71' title="bbox 211 3902 1782 3980">
    <p class='ocr_par' dir='ltr' id='par_1_71' title="bbox 211 3902 1782 3980">
     <span class='ocr_line' id='line_1_71' title="bbox 211 3902 1782 3980; baseline 0.001 -21"><span class='ocrx_word' id='word_1_532' title='bbox 211 3905 424 3960; x_wconf 78' lang='grc' dir='ltr'>ἑαυτῶν</span> <span class='ocrx_word' id='word_1_533' title='bbox 456 3902 806 3979; x_wconf 85' lang='grc' dir='ltr'>λαιμαργίαν,</span> <span class='ocrx_word' id='word_1_534' title='bbox 833 3912 946 3975; x_wconf 87' lang='grc' dir='ltr'>τοῖς</span> <span class='ocrx_word' id='word_1_535' title='bbox 978 3911 1109 3964; x_wconf 82' lang='grc' dir='ltr'>πᾶσι</span> <span class='ocrx_word' id='word_1_536' title='bbox 1140 3908 1580 3980; x_wconf 86' lang='grc' dir='ltr'>καταχρώμενοι,</span> <span class='ocrx_word' id='word_1_537' title='bbox 1612 3909 1782 3978; x_wconf 86' lang='grc' dir='ltr'>ἀργυ-</span> 
     </span>
    </p>
   </div>
   <div class='ocr_carea' id='block_1_72' title="bbox 213 3996 1782 4071">
    <p class='ocr_par' dir='ltr' id='par_1_72' title="bbox 213 3996 1782 4071">
     <span class='ocr_line' id='line_1_72' title="bbox 213 3996 1782 4071; baseline 0.002 -22"><span class='ocrx_word' id='word_1_538' title='bbox 213 3997 321 4068; x_wconf 80' lang='grc' dir='ltr'><strong>ρίῳ</strong></span> <span class='ocrx_word' id='word_1_539' title='bbox 395 3996 702 4067; x_wconf 82' lang='grc' dir='ltr'>ἀγώγιμοι,</span> <span class='ocrx_word' id='word_1_540' title='bbox 765 4000 942 4067; x_wconf 72' lang='grc' dir='ltr'>ἕνεκα.</span> <span class='ocrx_word' id='word_1_541' title='bbox 989 4001 1166 4068; x_wconf 77' lang='grc' dir='ltr'>ὀλίγον</span> <span class='ocrx_word' id='word_1_542' title='bbox 1245 4000 1550 4071; x_wconf 80' lang='grc' dir='ltr'>τιμήματος</span> <span class='ocrx_word' id='word_1_543' title='bbox 1608 4001 1782 4053; x_wconf 80' lang='grc' dir='ltr'>πάντα</span> 
     </span>
    </p>
   </div>
   <div class='ocr_carea' id='block_1_73' title="bbox 210 4087 1781 4165">
    <p class='ocr_par' dir='ltr' id='par_1_73' title="bbox 210 4087 1781 4165">
     <span class='ocr_line' id='line_1_73' title="bbox 210 4087 1781 4165; baseline 0.002 -26"><span class='ocrx_word' id='word_1_544' title='bbox 210 4087 460 4158; x_wconf 81' lang='grc' dir='ltr'>αἰσχρῶς</span> <span class='ocrx_word' id='word_1_545' title='bbox 491 4089 879 4155; x_wconf 79' lang='grc' dir='ltr'>καὶταπεινῶς</span> <span class='ocrx_word' id='word_1_546' title='bbox 907 4093 1169 4165; x_wconf 76' lang='grc' dir='ltr'>πράσσειν</span> <span class='ocrx_word' id='word_1_547' title='bbox 1200 4090 1575 4159; x_wconf 77' lang='grc' dir='ltr'>ὑπομένοντες.</span> <span class='ocrx_word' id='word_1_548' title='bbox 1619 4090 1781 4142; x_wconf 87' lang='grc' dir='ltr'>Βασι-</span> 
     </span>
    </p>
   </div>
   <div class='ocr_carea' id='block_1_74' title="bbox 211 4179 1782 4255">
    <p class='ocr_par' dir='ltr' id='par_1_74' title="bbox 211 4179 1782 4255">
     <span class='ocr_line' id='line_1_74' title="bbox 211 4179 1782 4255; baseline 0.001 -23"><span class='ocrx_word' id='word_1_549' title='bbox 211 4179 299 4232; x_wconf 87' lang='grc' dir='ltr'><strong>λεῖ</strong></span> <span class='ocrx_word' id='word_1_550' title='bbox 322 4179 402 4242; x_wconf 83' lang='grc' dir='ltr'>δὲ,</span> <span class='ocrx_word' id='word_1_551' title='bbox 428 4182 520 4234; x_wconf 76' lang='grc' dir='ltr'>καὶ</span> <span class='ocrx_word' id='word_1_552' title='bbox 541 4182 814 4252; x_wconf 81' lang='grc' dir='ltr'>ἄρχουσιν,</span> <span class='ocrx_word' id='word_1_553' title='bbox 836 4183 870 4255; x_wconf 76' lang='grc' dir='ltr'><strong>ἢ</strong></span> <span class='ocrx_word' id='word_1_554' title='bbox 891 4183 1172 4244; x_wconf 83' lang='grc' dir='ltr'>δυνάσταις</span> <span class='ocrx_word' id='word_1_555' title='bbox 1188 4182 1476 4235; x_wconf 82' lang='grc' dir='ltr'>ὑπακούειν</span> <span class='ocrx_word' id='word_1_556' title='bbox 1500 4184 1782 4253; x_wconf 84' lang='grc' dir='ltr'>προσήκει,</span> 
     </span>
    </p>
   </div>
   <div class='ocr_carea' id='block_1_75' title="bbox 211 4271 1786 4344">
    <p class='ocr_par' dir='ltr' id='par_1_75' title="bbox 211 4271 1786 4344">
     <span class='ocr_line' id='line_1_75' title="bbox 211 4271 1786 4344; baseline 0.001 -20"><span class='ocrx_word' id='word_1_557' title='bbox 211 4271 311 4324; x_wconf 78' lang='grc' dir='ltr'>καὶ</span> <span class='ocrx_word' id='word_1_558' title='bbox 338 4271 437 4324; x_wconf 78' lang='grc' dir='ltr'><strong>οὐκ</strong></span> <span class='ocrx_word' id='word_1_559' title='bbox 463 4273 881 4342; x_wconf 87' lang='grc' dir='ltr'>ἀπεχθάνεσθαι,</span> <span class='ocrx_word' id='word_1_560' title='bbox 915 4276 1020 4328; x_wconf 81' lang='grc' dir='ltr'>οὐδ’</span> <span class='ocrx_word' id='word_1_561' title='bbox 1042 4276 1176 4336; x_wconf 83' lang='grc' dir='ltr'>ὅλως</span> <span class='ocrx_word' id='word_1_562' title='bbox 1217 4273 1456 4344; x_wconf 81' lang='grc' dir='ltr'>λυπηρόν</span> <span class='ocrx_word' id='word_1_563' title='bbox 1489 4291 1541 4328; x_wconf 90' lang='grc' dir='ltr'><strong>τι</strong></span> <span class='ocrx_word' id='word_1_564' title='bbox 1572 4275 1652 4336; x_wconf 87' lang='grc' dir='ltr'><strong>είς</strong></span> <span class='ocrx_word' id='word_1_565' title='bbox 1691 4274 1786 4326; x_wconf 79' lang='grc' dir='ltr'>αύ-</span> 
     </span>
    </p>
   </div>
   <div class='ocr_carea' id='block_1_76' title="bbox 208 4363 1785 4437">
    <p class='ocr_par' dir='ltr' id='par_1_76' title="bbox 208 4363 1785 4437">
     <span class='ocr_line' id='line_1_76' title="bbox 208 4363 1785 4437; baseline 0.002 -22"><span class='ocrx_word' id='word_1_566' title='bbox 208 4363 344 4425; x_wconf 82' lang='grc' dir='ltr'>τοὺς</span> <span class='ocrx_word' id='word_1_567' title='bbox 378 4364 527 4434; x_wconf 79' lang='grc' dir='ltr'>ῥῆμα</span> <span class='ocrx_word' id='word_1_568' title='bbox 550 4365 930 4437; x_wconf 76' lang='grc' dir='ltr'>ἀπορρίπτειν.</span> <span class='ocrx_word' id='word_1_569' title='bbox 965 4369 1092 4430; x_wconf 86' lang='grc' dir='ltr'>Δέος</span> <span class='ocrx_word' id='word_1_570' title='bbox 1123 4366 1250 4436; x_wconf 83' lang='grc' dir='ltr'>γὰρ,</span> <span class='ocrx_word' id='word_1_571' title='bbox 1284 4367 1358 4436; x_wconf 75' lang='grc' dir='ltr'>μὴ</span> <span class='ocrx_word' id='word_1_572' title='bbox 1390 4367 1451 4418; x_wconf 76' lang='grc' dir='ltr'><strong>τὸ</strong></span> <span class='ocrx_word' id='word_1_573' title='bbox 1477 4367 1568 4420; x_wconf 76' lang='grc' dir='ltr'>καὶ</span> <span class='ocrx_word' id='word_1_574' title='bbox 1600 4367 1662 4418; x_wconf 83' lang='grc' dir='ltr'>τὸ</span> <span class='ocrx_word' id='word_1_575' title='bbox 1685 4384 1785 4419; x_wconf 88' lang='grc' dir='ltr'>κα-</span> 
     </span>
    </p>
   </div>
   <div class='ocr_carea' id='block_1_77' title="bbox 195 4453 1786 4530">
    <p class='ocr_par' dir='ltr' id='par_1_77' title="bbox 195 4453 1786 4530">
     <span class='ocr_line' id='line_1_77' title="bbox 195 4453 1786 4530; baseline 0.002 -23"><span class='ocrx_word' id='word_1_576' title='bbox 195 4453 459 4524; x_wconf 76' lang='grc' dir='ltr'>ταμόνας</span> <span class='ocrx_word' id='word_1_577' title='bbox 481 4457 787 4527; x_wconf 80' lang='grc' dir='ltr'>εἰρημένον,</span> <span class='ocrx_word' id='word_1_578' title='bbox 817 4462 896 4522; x_wconf 85' lang='grc' dir='ltr'><strong>είς</strong></span> <span class='ocrx_word' id='word_1_579' title='bbox 923 4460 1153 4530; x_wconf 82' lang='grc' dir='ltr'>φανερόν</span> <span class='ocrx_word' id='word_1_580' title='bbox 1191 4475 1308 4520; x_wconf 78' lang='grc' dir='ltr'><strong>πως</strong></span> <span class='ocrx_word' id='word_1_581' title='bbox 1355 4457 1499 4530; x_wconf 75' lang='grc' dir='ltr'>ἔλθῃ.</span> <span class='ocrx_word' id='word_1_582' title='bbox 1543 4459 1632 4529; x_wconf 79' lang='grc' dir='ltr'>Τῷ</span> <span class='ocrx_word' id='word_1_583' title='bbox 1680 4458 1786 4529; x_wconf 84' lang='grc' dir='ltr'><strong>γὰρ</strong></span> 
     </span>
    </p>
   </div>
   <div class='ocr_carea' id='block_1_78' title="bbox 215 4547 1785 4622">
    <p class='ocr_par' dir='ltr' id='par_1_78' title="bbox 215 4547 1785 4622">
     <span class='ocr_line' id='line_1_78' title="bbox 215 4547 1785 4622; baseline 0.004 -26"><span class='ocrx_word' id='word_1_584' title='bbox 215 4547 370 4620; x_wconf 83' lang='grc' dir='ltr'>μόνῳ</span> <span class='ocrx_word' id='word_1_585' title='bbox 402 4547 496 4600; x_wconf 73' lang='grc' dir='ltr'>καὶ</span> <span class='ocrx_word' id='word_1_586' title='bbox 523 4547 760 4618; x_wconf 81' lang='grc' dir='ltr'>πλουσίῳ</span> <span class='ocrx_word' id='word_1_587' title='bbox 785 4552 876 4603; x_wconf 81' lang='grc' dir='ltr'>καὶ</span> <span class='ocrx_word' id='word_1_588' title='bbox 909 4552 1126 4622; x_wconf 81' lang='grc' dir='ltr'>μεγάλῳ</span> <span class='ocrx_word' id='word_1_589' title='bbox 1159 4550 1361 4620; x_wconf 83' lang='grc' dir='ltr'>βασιλεῖ</span> <span class='ocrx_word' id='word_1_590' title='bbox 1396 4550 1613 4618; x_wconf 82' lang='grc' dir='ltr'>ἄγγελοι</span> <span class='ocrx_word' id='word_1_591' title='bbox 1647 4550 1785 4616; x_wconf 78' lang='grc' dir='ltr'>ὀξεῖς</span> 
     </span>
    </p>
   </div>
   <div class='ocr_carea' id='block_1_79' title="bbox 1886 3427 3440 3510">
    <p class='ocr_par' dir='ltr' id='par_1_79' title="bbox 1886 3427 3440 3510">
     <span class='ocr_line' id='line_1_79' title="bbox 1886 3427 3440 3510; baseline -0.009 -11"><span class='ocrx_word' id='word_1_592' title='bbox 1886 3444 2154 3499; x_wconf 87' lang='lat' dir='ltr'><strong>civitatem</strong></span> <span class='ocrx_word' id='word_1_593' title='bbox 2200 3438 2469 3510; x_wconf 82' lang='lat' dir='ltr'><strong>proﬁcisci</strong></span> <span class='ocrx_word' id='word_1_594' title='bbox 2514 3437 2725 3501; x_wconf 88' lang='lat' dir='ltr'><strong>nescit,</strong></span> <span class='ocrx_word' id='word_1_595' title='bbox 2769 3444 2819 3488; x_wconf 87' lang='lat' dir='ltr'><strong>et</strong></span> <span class='ocrx_word' id='word_1_596' title='bbox 2857 3434 3029 3490; x_wconf 89' lang='lat' dir='ltr'><strong>oculis</strong></span> <span class='ocrx_word' id='word_1_597' title='bbox 3055 3427 3110 3488; x_wconf 85' lang='lat' dir='ltr'><strong>et</strong></span> <span class='ocrx_word' id='word_1_598' title='bbox 3149 3443 3262 3488; x_wconf 83' lang='lat' dir='ltr'><strong>toto</strong></span> <span class='ocrx_word' id='word_1_599' title='bbox 3289 3433 3440 3486; x_wconf 89' lang='lat' dir='ltr'><strong>vultu</strong></span> 
     </span>
    </p>
   </div>
   <div class='ocr_carea' id='block_1_80' title="bbox 1886 3524 3438 3600">
    <p class='ocr_par' dir='ltr' id='par_1_80' title="bbox 1886 3524 3438 3600">
     <span class='ocr_line' id='line_1_80' title="bbox 1886 3524 3438 3600; baseline -0.011 -8"><span class='ocrx_word' id='word_1_600' title='bbox 1886 3536 2192 3600; x_wconf 68' lang='lat' dir='ltr'><strong>aﬂictatur.</strong></span> <span class='ocrx_word' id='word_1_601' title='bbox 2234 3533 2319 3586; x_wconf 81' lang='lat' dir='ltr'><strong>i6.</strong></span> <span class='ocrx_word' id='word_1_602' title='bbox 2353 3530 2488 3586; x_wconf 81' lang='lat' dir='ltr'><strong>Huic</strong></span> <span class='ocrx_word' id='word_1_603' title='bbox 2516 3538 2697 3584; x_wconf 82' lang='lat' dir='ltr'><strong>autem</strong></span> <span class='ocrx_word' id='word_1_604' title='bbox 2725 3526 2926 3582; x_wconf 88' lang='lat' dir='ltr'><strong>civitati</strong></span> <span class='ocrx_word' id='word_1_605' title='bbox 2950 3526 3089 3578; x_wconf 88' lang='lat' dir='ltr'><strong>mala</strong></span> <span class='ocrx_word' id='word_1_606' title='bbox 3114 3524 3438 3593; x_wconf 64' lang='lat' dir='ltr'><strong>praeuuntio,</strong></span> 
     </span>
    </p>
   </div>
   <div class='ocr_carea' id='block_1_81' title="bbox 1886 3613 3436 3697">
    <p class='ocr_par' dir='ltr' id='par_1_81' title="bbox 1886 3613 3436 3697">
     <span class='ocr_line' id='line_1_81' title="bbox 1886 3613 3436 3697; baseline -0.011 -14"><span class='ocrx_word' id='word_1_607' title='bbox 1886 3629 2040 3697; x_wconf 87' lang='lat' dir='ltr'><strong>cujus</strong></span> <span class='ocrx_word' id='word_1_608' title='bbox 2062 3632 2116 3680; x_wconf 87' lang='lat' dir='ltr'><strong>et</strong></span> <span class='ocrx_word' id='word_1_609' title='bbox 2157 3639 2253 3679; x_wconf 84' lang='lat' dir='ltr'><strong>rex</strong></span> <span class='ocrx_word' id='word_1_610' title='bbox 2284 3623 2600 3678; x_wconf 87' lang='lat' dir='ltr'><strong>adolescens</strong></span> <span class='ocrx_word' id='word_1_611' title='bbox 2626 3629 2725 3682; x_wconf 89' lang='lat' dir='ltr'><strong>est,</strong></span> <span class='ocrx_word' id='word_1_612' title='bbox 2757 3626 2809 3670; x_wconf 89' lang='lat' dir='ltr'><strong>et</strong></span> <span class='ocrx_word' id='word_1_613' title='bbox 2833 3613 3100 3685; x_wconf 89' lang='lat' dir='ltr'><strong>principes</strong></span> <span class='ocrx_word' id='word_1_614' title='bbox 3135 3613 3436 3667; x_wconf 87' lang='lat' dir='ltr'><strong>helluones.</strong></span> 
     </span>
    </p>
   </div>
   <div class='ocr_carea' id='block_1_82' title="bbox 1889 3702 3440 3778">
    <p class='ocr_par' dir='ltr' id='par_1_82' title="bbox 1889 3702 3440 3778">
     <span class='ocr_line' id='line_1_82' title="bbox 1889 3702 3440 3778; baseline -0.011 -6"><span class='ocrx_word' id='word_1_615' title='bbox 1889 3719 1975 3774; x_wconf 83' lang='lat' dir='ltr'><strong>l7.</strong></span> <span class='ocrx_word' id='word_1_616' title='bbox 2004 3717 2238 3778; x_wconf 81' lang='lat' dir='ltr'><strong>Contra,</strong></span> <span class='ocrx_word' id='word_1_617' title='bbox 2292 3715 2490 3768; x_wconf 88' lang='lat' dir='ltr'><strong>bonam</strong></span> <span class='ocrx_word' id='word_1_618' title='bbox 2528 3712 2670 3764; x_wconf 87' lang='lat' dir='ltr'><strong>illam</strong></span> <span class='ocrx_word' id='word_1_619' title='bbox 2709 3717 2904 3761; x_wconf 80' lang='lat' dir='ltr'><strong>terram</strong></span> <span class='ocrx_word' id='word_1_620' title='bbox 2937 3705 3146 3759; x_wconf 79' lang='lat' dir='ltr'><strong>beatam</strong></span> <span class='ocrx_word' id='word_1_621' title='bbox 3179 3702 3440 3774; x_wconf 68' lang='lat' dir='ltr'><strong>praedico,</strong></span> 
     </span>
    </p>
   </div>
   <div class='ocr_carea' id='block_1_83' title="bbox 1886 3797 3442 3881">
    <p class='ocr_par' dir='ltr' id='par_1_83' title="bbox 1886 3797 3442 3881">
     <span class='ocr_line' id='line_1_83' title="bbox 1886 3797 3442 3881; baseline -0.012 -15"><span class='ocrx_word' id='word_1_622' title='bbox 1886 3812 2042 3881; x_wconf 82' lang='lat' dir='ltr'><strong>cujus</strong></span> <span class='ocrx_word' id='word_1_623' title='bbox 2076 3811 2342 3879; x_wconf 78' lang='lat' dir='ltr'><strong>ingenuus</strong></span> <span class='ocrx_word' id='word_1_624' title='bbox 2381 3809 2464 3859; x_wconf 87' lang='lat' dir='ltr'><strong>vir</strong></span> <span class='ocrx_word' id='word_1_625' title='bbox 2504 3816 2726 3873; x_wconf 73' lang='lat' dir='ltr'><strong>regnum</strong></span> <span class='ocrx_word' id='word_1_626' title='bbox 2771 3808 2944 3854; x_wconf 87' lang='lat' dir='ltr'><strong>tenet:</strong></span> <span class='ocrx_word' id='word_1_627' title='bbox 3001 3797 3090 3851; x_wconf 89' lang='lat' dir='ltr'><strong>ubi</strong></span> <span class='ocrx_word' id='word_1_628' title='bbox 3122 3798 3442 3866; x_wconf 76' lang='lat' dir='ltr'><strong>tempestive</strong></span> 
     </span>
    </p>
   </div>
   <div class='ocr_carea' id='block_1_84' title="bbox 1886 3883 3442 3966">
    <p class='ocr_par' dir='ltr' id='par_1_84' title="bbox 1886 3883 3442 3966">
     <span class='ocr_line' id='line_1_84' title="bbox 1886 3883 3442 3966; baseline -0.009 -8"><span class='ocrx_word' id='word_1_629' title='bbox 1886 3903 2045 3958; x_wconf 88' lang='lat' dir='ltr'><strong>bouis</strong></span> <span class='ocrx_word' id='word_1_630' title='bbox 2087 3901 2364 3964; x_wconf 82' lang='lat' dir='ltr'><strong>fruuntur,</strong></span> <span class='ocrx_word' id='word_1_631' title='bbox 2386 3897 2476 3966; x_wconf 89' lang='lat' dir='ltr'><strong>qui</strong></span> <span class='ocrx_word' id='word_1_632' title='bbox 2503 3896 2610 3949; x_wconf 89' lang='lat' dir='ltr'><strong>illic</strong></span> <span class='ocrx_word' id='word_1_633' title='bbox 2638 3883 2973 3962; x_wconf 64' lang='lat' dir='ltr'><strong>praefecturis</strong></span> <span class='ocrx_word' id='word_1_634' title='bbox 3007 3900 3061 3946; x_wconf 91' lang='lat' dir='ltr'><strong>et</strong></span> <span class='ocrx_word' id='word_1_635' title='bbox 3087 3890 3442 3962; x_wconf 77' lang='lat' dir='ltr'><strong>dignitatibus</strong></span> 
     </span>
    </p>
   </div>
   <div class='ocr_carea' id='block_1_85' title="bbox 1885 3975 3441 4056">
    <p class='ocr_par' dir='ltr' id='par_1_85' title="bbox 1885 3975 3441 4056">
     <span class='ocr_line' id='line_1_85' title="bbox 1885 3975 3441 4056; baseline -0.008 -6"><span class='ocrx_word' id='word_1_636' title='bbox 1885 3996 2061 4050; x_wconf 88' lang='lat' dir='ltr'><strong>ornati</strong></span> <span class='ocrx_word' id='word_1_637' title='bbox 2105 4004 2253 4050; x_wconf 90' lang='lat' dir='ltr'><strong>sunt.</strong></span> <span class='ocrx_word' id='word_1_638' title='bbox 2294 3991 2382 4044; x_wconf 84' lang='grc'>18.</span> <span class='ocrx_word' id='word_1_639' title='bbox 2421 3989 2490 4041; x_wconf 85' lang='lat' dir='ltr'><strong>At</strong></span> <span class='ocrx_word' id='word_1_640' title='bbox 2526 3987 2773 4056; x_wconf 77' lang='lat' dir='ltr'><strong>pigeret.</strong></span> <span class='ocrx_word' id='word_1_641' title='bbox 2801 3986 3026 4055; x_wconf 79' lang='lat' dir='ltr'><strong>ignavus</strong></span> <span class='ocrx_word' id='word_1_642' title='bbox 3070 3975 3291 4038; x_wconf 83' lang='lat' dir='ltr'><strong>domum</strong></span> <span class='ocrx_word' id='word_1_643' title='bbox 3338 3985 3441 4037; x_wconf 88' lang='lat' dir='ltr'><strong>mi-</strong></span> 
     </span>
    </p>
   </div>
   <div class='ocr_carea' id='block_1_86' title="bbox 1885 4075 3444 4152">
    <p class='ocr_par' dir='ltr' id='par_1_86' title="bbox 1885 4075 3444 4152">
     <span class='ocr_line' id='line_1_86' title="bbox 1885 4075 3444 4152; baseline -0.011 -9"><span class='ocrx_word' id='word_1_644' title='bbox 1885 4096 2081 4152; x_wconf 88' lang='lat' dir='ltr'><strong>nuunt,</strong></span> <span class='ocrx_word' id='word_1_645' title='bbox 2104 4086 2370 4140; x_wconf 85' lang='lat' dir='ltr'><strong>derisores</strong></span> <span class='ocrx_word' id='word_1_646' title='bbox 2408 4087 2462 4132; x_wconf 87' lang='lat' dir='ltr'><strong>et</strong></span> <span class='ocrx_word' id='word_1_647' title='bbox 2490 4093 2690 4132; x_wconf 76' lang='lat' dir='ltr'><strong>scurra:</strong></span> <span class='ocrx_word' id='word_1_648' title='bbox 2721 4075 2880 4131; x_wconf 76' lang='lat' dir='ltr'><strong>facti:</strong></span> <span class='ocrx_word' id='word_1_649' title='bbox 2928 4075 3014 4130; x_wconf 87' lang='grc'>19.</span> <span class='ocrx_word' id='word_1_650' title='bbox 3060 4083 3222 4145; x_wconf 86' lang='lat' dir='ltr'><strong>atque</strong></span> <span class='ocrx_word' id='word_1_651' title='bbox 3263 4075 3328 4128; x_wconf 91' lang='lat' dir='ltr'><strong>ad</strong></span> <span class='ocrx_word' id='word_1_652' title='bbox 3359 4076 3444 4133; x_wconf 55' lang='lat' dir='ltr'><strong>ill-2</strong></span> 
     </span>
    </p>
   </div>
   <div class='ocr_carea' id='block_1_87' title="bbox 1886 4167 3439 4250">
    <p class='ocr_par' dir='ltr' id='par_1_87' title="bbox 1886 4167 3439 4250">
     <span class='ocr_line' id='line_1_87' title="bbox 1886 4167 3439 4250; baseline -0.011 -18"><span class='ocrx_word' id='word_1_653' title='bbox 1886 4178 2120 4250; x_wconf 75' lang='lat' dir='ltr'><strong>gluviem</strong></span> <span class='ocrx_word' id='word_1_654' title='bbox 2166 4187 2317 4230; x_wconf 89' lang='lat' dir='ltr'><strong>suam</strong></span> <span class='ocrx_word' id='word_1_655' title='bbox 2370 4169 2531 4223; x_wconf 84' lang='lat' dir='ltr'><strong>rebus</strong></span> <span class='ocrx_word' id='word_1_656' title='bbox 2563 4168 2819 4222; x_wconf 88' lang='lat' dir='ltr'><strong>omnibus</strong></span> <span class='ocrx_word' id='word_1_657' title='bbox 2867 4167 3168 4228; x_wconf 85' lang='lat' dir='ltr'><strong>abutentes,</strong></span> <span class='ocrx_word' id='word_1_658' title='bbox 3213 4171 3439 4232; x_wconf 77' lang='lat' dir='ltr'><strong>argento</strong></span> 
     </span>
    </p>
   </div>
   <div class='ocr_carea' id='block_1_88' title="bbox 1887 4257 3442 4333">
    <p class='ocr_par' dir='ltr' id='par_1_88' title="bbox 1887 4257 3442 4333">
     <span class='ocr_line' id='line_1_88' title="bbox 1887 4257 3442 4333; baseline -0.01 -9"><span class='ocrx_word' id='word_1_659' title='bbox 1887 4270 2158 4329; x_wconf 87' lang='lat' dir='ltr'><strong>ductiles,</strong></span> <span class='ocrx_word' id='word_1_660' title='bbox 2219 4259 2397 4333; x_wconf 81' lang='lat' dir='ltr'><strong>exigui</strong></span> <span class='ocrx_word' id='word_1_661' title='bbox 2449 4261 2605 4330; x_wconf 85' lang='lat' dir='ltr'><strong>pretii</strong></span> <span class='ocrx_word' id='word_1_662' title='bbox 2643 4277 2806 4315; x_wconf 85' lang='lat' dir='ltr'><strong>causa</strong></span> <span class='ocrx_word' id='word_1_663' title='bbox 2862 4261 3092 4330; x_wconf 86' lang='lat' dir='ltr'><strong>turpiter</strong></span> <span class='ocrx_word' id='word_1_664' title='bbox 3124 4267 3190 4313; x_wconf 79' lang='lat' dir='ltr'><strong>et</strong></span> <span class='ocrx_word' id='word_1_665' title='bbox 3237 4257 3442 4326; x_wconf 66' lang='lat' dir='ltr'><strong>a‘bjecte</strong></span> 
     </span>
    </p>
   </div>
   <div class='ocr_carea' id='block_1_89' title="bbox 1889 4339 3486 4431">
    <p class='ocr_par' dir='ltr' id='par_1_89' title="bbox 1889 4339 3486 4431">
     <span class='ocr_line' id='line_1_89' title="bbox 1889 4339 3486 4431; baseline -0.009 -19"><span class='ocrx_word' id='word_1_666' title='bbox 1889 4360 2100 4431; x_wconf 81' lang='lat' dir='ltr'><strong>quidvis</strong></span> <span class='ocrx_word' id='word_1_667' title='bbox 2129 4357 2304 4410; x_wconf 81' lang='lat' dir='ltr'><strong>facere</strong></span> <span class='ocrx_word' id='word_1_668' title='bbox 2334 4354 2682 4412; x_wconf 82' lang='lat' dir='ltr'><strong>sustinentes.</strong></span> <span class='ocrx_word' id='word_1_669' title='bbox 2718 4352 2806 4405; x_wconf 74' lang='lat'><strong>20.</strong></span> <span class='ocrx_word' id='word_1_670' title='bbox 2842 4350 2973 4420; x_wconf 82' lang='lat' dir='ltr'><strong>Regi</strong></span> <span class='ocrx_word' id='word_1_671' title='bbox 3002 4361 3178 4404; x_wconf 86' lang='lat' dir='ltr'><strong>autem</strong></span> <span class='ocrx_word' id='word_1_672' title='bbox 3224 4357 3274 4402; x_wconf 87' lang='lat' dir='ltr'><strong>et</strong></span> <span class='ocrx_word' id='word_1_673' title='bbox 3299 4339 3440 4416; x_wconf 30' lang='lat' dir='ltr'><strong>&#39;pra3—</strong></span> <span class='ocrx_word' id='word_1_674' title='bbox 3482 4367 3486 4370; x_wconf 91' lang='grc'><strong>·</strong></span> 
     </span>
    </p>
   </div>
   <div class='ocr_carea' id='block_1_90' title="bbox 1890 4440 3442 4514">
    <p class='ocr_par' dir='ltr' id='par_1_90' title="bbox 1890 4440 3442 4514">
     <span class='ocr_line' id='line_1_90' title="bbox 1890 4440 3442 4514; baseline -0.012 -8"><span class='ocrx_word' id='word_1_675' title='bbox 1890 4451 2043 4506; x_wconf 74' lang='lat' dir='ltr'><strong>lectis</strong></span> <span class='ocrx_word' id='word_1_676' title='bbox 2077 4455 2166 4500; x_wconf 87' lang='lat' dir='ltr'><strong>aut</strong></span> <span class='ocrx_word' id='word_1_677' title='bbox 2197 4445 2514 4514; x_wconf 89' lang='lat' dir='ltr'><strong>proceribus</strong></span> <span class='ocrx_word' id='word_1_678' title='bbox 2553 4445 2859 4499; x_wconf 87' lang='lat' dir='ltr'><strong>audientem</strong></span> <span class='ocrx_word' id='word_1_679' title='bbox 2906 4457 3027 4498; x_wconf 85' lang='lat' dir='ltr'><strong>esse</strong></span> <span class='ocrx_word' id='word_1_680' title='bbox 3069 4440 3336 4500; x_wconf 84' lang='lat' dir='ltr'><strong>convenit,</strong></span> <span class='ocrx_word' id='word_1_681' title='bbox 3377 4450 3442 4488; x_wconf 87' lang='lat' dir='ltr'><strong>ac</strong></span> 
     </span>
    </p>
   </div>
   <div class='ocr_carea' id='block_1_91' title="bbox 1889 4528 3436 4607">
    <p class='ocr_par' dir='ltr' id='par_1_91' title="bbox 1889 4528 3436 4607">
     <span class='ocr_line' id='line_1_91' title="bbox 1889 4528 3436 4607; baseline -0.011 -12"><span class='ocrx_word' id='word_1_682' title='bbox 1889 4557 1993 4595; x_wconf 91' lang='lat' dir='ltr'><strong>non</strong></span> <span class='ocrx_word' id='word_1_683' title='bbox 2026 4539 2157 4607; x_wconf 82' lang='lat' dir='ltr'><strong>ipsis</strong></span> <span class='ocrx_word' id='word_1_684' title='bbox 2187 4537 2238 4590; x_wconf 91' lang='lat' dir='ltr'><strong>in</strong></span> <span class='ocrx_word' id='word_1_685' title='bbox 2275 4536 2534 4592; x_wconf 79' lang='lat' dir='ltr'><strong>oﬂensam</strong></span> <span class='ocrx_word' id='word_1_686' title='bbox 2567 4537 2767 4600; x_wconf 90' lang='lat' dir='ltr'><strong>venire,</strong></span> <span class='ocrx_word' id='word_1_687' title='bbox 2803 4549 2901 4588; x_wconf 88' lang='lat' dir='ltr'><strong>nec</strong></span> <span class='ocrx_word' id='word_1_688' title='bbox 2938 4533 3223 4588; x_wconf 89' lang='lat' dir='ltr'><strong>molestum</strong></span> <span class='ocrx_word' id='word_1_689' title='bbox 3271 4528 3436 4581; x_wconf 90' lang='lat' dir='ltr'><strong>ullum</strong></span> 
     </span>
    </p>
   </div>
   <div class='ocr_carea' id='block_1_92' title="bbox 209 4619 1788 4712">
    <p class='ocr_par' dir='ltr' id='par_1_92' title="bbox 209 4638 1786 4712">
     <span class='ocr_line' id='line_1_92' title="bbox 209 4638 1786 4712; baseline -0.001 -18"><span class='ocrx_word' id='word_1_690' title='bbox 209 4641 311 4694; x_wconf 78' lang='grc' dir='ltr'>καὶ</span> <span class='ocrx_word' id='word_1_691' title='bbox 353 4638 645 4711; x_wconf 76' lang='grc' dir='ltr'>ὑπόπτεροι</span> <span class='ocrx_word' id='word_1_692' title='bbox 694 4641 908 4695; x_wconf 75' lang='grc' dir='ltr'>ἅπαντα</span> <span class='ocrx_word' id='word_1_693' title='bbox 957 4642 1347 4712; x_wconf 76' lang='grc' dir='ltr'>διακομίζουσι,</span> <span class='ocrx_word' id='word_1_694' title='bbox 1412 4642 1786 4712; x_wconf 82' lang='grc' dir='ltr'>πνευματικὴν</span> 
     </span>
    </p>
   </div>
   <div class='ocr_carea' id='block_1_93' title="bbox 1889 4619 3439 4712">
    <p class='ocr_par' dir='ltr' id='par_1_93' title="bbox 1891 4619 3439 4700">
     <span class='ocr_line' id='line_1_93' title="bbox 1891 4619 3439 4700; baseline -0.005 -20"><span class='ocrx_word' id='word_1_695' title='bbox 1891 4631 2113 4685; x_wconf 78' lang='lat' dir='ltr'><strong>verbum</strong></span> <span class='ocrx_word' id='word_1_696' title='bbox 2140 4630 2192 4685; x_wconf 91' lang='lat' dir='ltr'><strong>in</strong></span> <span class='ocrx_word' id='word_1_697' title='bbox 2226 4645 2320 4684; x_wconf 90' lang='lat' dir='ltr'><strong>eos</strong></span> <span class='ocrx_word' id='word_1_698' title='bbox 2345 4630 2625 4700; x_wconf 83' lang='lat' dir='ltr'><strong>projicere.</strong></span> <span class='ocrx_word' id='word_1_699' title='bbox 2652 4620 2956 4683; x_wconf 83' lang='lat' dir='ltr'><strong>Periculum</strong></span> <span class='ocrx_word' id='word_1_700' title='bbox 2982 4624 3131 4677; x_wconf 83' lang='lat' dir='ltr'><strong>&#39;enim</strong></span> <span class='ocrx_word' id='word_1_701' title='bbox 3160 4628 3262 4683; x_wconf 85' lang='lat' dir='ltr'><strong>est,</strong></span> <span class='ocrx_word' id='word_1_702' title='bbox 3287 4633 3354 4671; x_wconf 88' lang='lat' dir='ltr'><strong>ne</strong></span> <span class='ocrx_word' id='word_1_703' title='bbox 3386 4619 3439 4672; x_wconf 87' lang='lat' dir='ltr'><strong>id</strong></span> 
     </span>
    </p>
   </div>
   <div class='ocr_carea' id='block_1_94' title="bbox 208 4731 1367 4804">
    <p class='ocr_par' dir='ltr' id='par_1_94' title="bbox 208 4731 1367 4804">
     <span class='ocr_line' id='line_1_94' title="bbox 208 4731 1367 4804; baseline -0.002 -16"><span class='ocrx_word' id='word_1_704' title='bbox 208 4732 354 4804; x_wconf 84' lang='grc' dir='ltr'>ὁμοῦ</span> <span class='ocrx_word' id='word_1_705' title='bbox 385 4732 477 4784; x_wconf 75' lang='grc' dir='ltr'>καὶ</span> <span class='ocrx_word' id='word_1_706' title='bbox 496 4731 716 4802; x_wconf 84' lang='grc' dir='ltr'>λογικὴν</span> <span class='ocrx_word' id='word_1_707' title='bbox 741 4734 1019 4798; x_wconf 81' lang='grc' dir='ltr'>τελοῦντες</span> <span class='ocrx_word' id='word_1_708' title='bbox 1050 4737 1158 4804; x_wconf 58' lang='lat' dir='ltr'><strong>datr,</strong></span> <span class='ocrx_word' id='word_1_709' title='bbox 1170 4735 1367 4804; x_wconf 83' lang='grc' dir='ltr'>ρεσίαν.</span> 
     </span>
    </p>
   </div>
   <div class='ocr_carea' id='block_1_95' title="bbox 1887 4708 3435 4792">
    <p class='ocr_par' dir='ltr' id='par_1_95' title="bbox 1887 4708 3435 4792">
     <span class='ocr_line' id='line_1_95' title="bbox 1887 4708 3435 4792; baseline -0.011 -14"><span class='ocrx_word' id='word_1_710' title='bbox 1887 4723 2050 4778; x_wconf 84' lang='lat' dir='ltr'><strong>etiam</strong></span> <span class='ocrx_word' id='word_1_711' title='bbox 2076 4722 2221 4792; x_wconf 88' lang='lat' dir='ltr'><strong>quod</strong></span> <span class='ocrx_word' id='word_1_712' title='bbox 2251 4722 2460 4776; x_wconf 88' lang='lat' dir='ltr'><strong>occulte</strong></span> <span class='ocrx_word' id='word_1_713' title='bbox 2478 4735 2540 4775; x_wconf 89' lang='lat' dir='ltr'><strong>ac</strong></span> <span class='ocrx_word' id='word_1_714' title='bbox 2560 4719 2778 4775; x_wconf 88' lang='lat' dir='ltr'><strong>remotis</strong></span> <span class='ocrx_word' id='word_1_715' title='bbox 2802 4715 3016 4771; x_wconf 86' lang='lat' dir='ltr'><strong>arbitris</strong></span> <span class='ocrx_word' id='word_1_716' title='bbox 3036 4713 3236 4767; x_wconf 89' lang='lat' dir='ltr'><strong>dictum</strong></span> <span class='ocrx_word' id='word_1_717' title='bbox 3255 4708 3435 4768; x_wconf 82' lang='lat' dir='ltr'><strong>fuerit,</strong></span> 
     </span>
    </p>
   </div>
   <div class='ocr_carea' id='block_1_96' title="bbox 210 4803 3438 4896">
    <p class='ocr_par' dir='ltr' id='par_1_96' title="bbox 210 4803 3438 4896">
     <span class='ocr_line' id='line_1_96' title="bbox 210 4803 3438 4896; baseline -0.009 -13"><span class='ocrx_word' id='word_1_718' title='bbox 210 4830 270 4883; x_wconf 89' lang='lat' dir='ltr'><strong>in</strong></span> <span class='ocrx_word' id='word_1_719' title='bbox 295 4827 468 4882; x_wconf 89' lang='lat' dir='ltr'><strong>lucem</strong></span> <span class='ocrx_word' id='word_1_720' title='bbox 499 4824 638 4882; x_wconf 81' lang='lat' dir='ltr'><strong>forte</strong></span> <span class='ocrx_word' id='word_1_721' title='bbox 655 4829 855 4883; x_wconf 88' lang='lat' dir='ltr'><strong>veniat.</strong></span> <span class='ocrx_word' id='word_1_722' title='bbox 880 4829 1090 4885; x_wconf 89' lang='lat' dir='ltr'><strong>Etenim</strong></span> <span class='ocrx_word' id='word_1_723' title='bbox 1113 4803 1212 4882; x_wconf 87' lang='lat' dir='ltr'><strong>soli</strong></span> <span class='ocrx_word' id='word_1_724' title='bbox 1245 4839 1299 4882; x_wconf 91' lang='lat' dir='ltr'><strong>et</strong></span> <span class='ocrx_word' id='word_1_725' title='bbox 1321 4830 1472 4884; x_wconf 86' lang='lat' dir='ltr'><strong>diviti</strong></span> <span class='ocrx_word' id='word_1_726' title='bbox 1508 4840 1561 4884; x_wconf 89' lang='lat' dir='ltr'><strong>et</strong></span> <span class='ocrx_word' id='word_1_727' title='bbox 1583 4841 1775 4896; x_wconf 81' lang='lat' dir='ltr'><strong>magno</strong></span> <span class='ocrx_word' id='word_1_728' title='bbox 1801 4821 1909 4890; x_wconf 78' lang='lat' dir='ltr'><strong>regi</strong></span> <span class='ocrx_word' id='word_1_729' title='bbox 1951 4818 2124 4872; x_wconf 88' lang='lat' dir='ltr'><strong>nuntii</strong></span> <span class='ocrx_word' id='word_1_730' title='bbox 2163 4817 2375 4872; x_wconf 83' lang='lat' dir='ltr'><strong>celeres</strong></span> <span class='ocrx_word' id='word_1_731' title='bbox 2409 4825 2464 4869; x_wconf 88' lang='lat' dir='ltr'><strong>et</strong></span> <span class='ocrx_word' id='word_1_732' title='bbox 2526 4813 2741 4880; x_wconf 89' lang='lat' dir='ltr'><strong>pennati</strong></span> <span class='ocrx_word' id='word_1_733' title='bbox 2775 4809 2957 4865; x_wconf 88' lang='lat' dir='ltr'><strong>omnia</strong></span> <span class='ocrx_word' id='word_1_734' title='bbox 2994 4803 3291 4876; x_wconf 82' lang='lat' dir='ltr'><strong>perferunt,</strong></span> <span class='ocrx_word' id='word_1_735' title='bbox 3329 4804 3438 4872; x_wconf 81' lang='lat' dir='ltr'><strong>spi-</strong></span> 
     </span>
    </p>
   </div>
   <div class='ocr_carea' id='block_1_97' title="bbox 209 4906 1606 4992">
    <p class='ocr_par' dir='ltr' id='par_1_97' title="bbox 209 4906 1606 4992">
     <span class='ocr_line' id='line_1_97' title="bbox 209 4906 1606 4992; baseline -0.005 -11"><span class='ocrx_word' id='word_1_736' title='bbox 209 4922 364 4982; x_wconf 77' lang='lat' dir='ltr'><strong>rit&#39;ali</strong></span> <span class='ocrx_word' id='word_1_737' title='bbox 397 4920 560 4975; x_wconf 88' lang='lat' dir='ltr'><strong>simul</strong></span> <span class='ocrx_word' id='word_1_738' title='bbox 591 4929 645 4976; x_wconf 90' lang='lat' dir='ltr'><strong>et</strong></span> <span class='ocrx_word' id='word_1_739' title='bbox 682 4923 933 4977; x_wconf 88' lang='lat' dir='ltr'><strong>rationali</strong></span> <span class='ocrx_word' id='word_1_740' title='bbox 966 4906 1606 4992; x_wconf 17' lang='lat' dir='ltr'><strong>ministerio&#39;fungcntes.</strong></span> 
     </span>
    </p>
   </div>
   <div class='ocr_carea' id='block_1_98' title="bbox 811 5017 1188 5072">
    <p class='ocr_par' dir='ltr' id='par_1_98' title="bbox 811 5017 1188 5072">
     <span class='ocr_line' id='line_1_98' title="bbox 811 5017 1188 5072; baseline -0.016 -1"><span class='ocrx_word' id='word_1_741' title='bbox 811 5017 1058 5072; x_wconf 79' lang='grc' dir='ltr'><strong>ΚΕΦΑΛ.</strong></span> <span class='ocrx_word' id='word_1_742' title='bbox 1090 5017 1188 5068; x_wconf 80' lang='lat' dir='ltr'><strong>lA&#39;.</strong></span> 
     </span>
    </p>
   </div>
   <div class='ocr_carea' id='block_1_99' title="bbox 285 5103 1780 5180">
    <p class='ocr_par' dir='ltr' id='par_1_99' title="bbox 285 5103 1780 5180">
     <span class='ocr_line' id='line_1_99' title="bbox 285 5103 1780 5180; baseline -0.003 -18"><span class='ocrx_word' id='word_1_743' title='bbox 285 5108 583 5165; x_wconf 82' lang='grc' dir='ltr'>Κοινωνεῖν</span> <span class='ocrx_word' id='word_1_744' title='bbox 603 5124 666 5174; x_wconf 92' lang='grc' dir='ltr'><strong>γε</strong></span> <span class='ocrx_word' id='word_1_745' title='bbox 701 5107 804 5180; x_wconf 70' lang='grc' dir='ltr'><strong>μήν</strong></span> <span class='ocrx_word' id='word_1_746' title='bbox 828 5111 991 5180; x_wconf 79' lang='grc' dir='ltr'>ἄρτου</span> <span class='ocrx_word' id='word_1_747' title='bbox 1013 5107 1224 5162; x_wconf 73' lang='grc' dir='ltr'>καὶτῶν</span> <span class='ocrx_word' id='word_1_748' title='bbox 1241 5107 1567 5174; x_wconf 82' lang='grc' dir='ltr'>ἀναγκαίων,</span> <span class='ocrx_word' id='word_1_749' title='bbox 1590 5106 1624 5159; x_wconf 78' lang='grc' dir='ltr'><strong>ἃ</strong></span> <span class='ocrx_word' id='word_1_750' title='bbox 1647 5103 1780 5175; x_wconf 66' lang='grc' dir='ltr'>πρὸς</span> 
     </span>
    </p>
   </div>
   <div class='ocr_carea' id='block_1_100' title="bbox 205 5197 1779 5269">
    <p class='ocr_par' dir='ltr' id='par_1_100' title="bbox 205 5197 1779 5269">
     <span class='ocr_line' id='line_1_100' title="bbox 205 5197 1779 5269; baseline -0.005 -13"><span class='ocrx_word' id='word_1_751' title='bbox 205 5204 306 5256; x_wconf 73' lang='grc' dir='ltr'>τὸν</span> <span class='ocrx_word' id='word_1_752' title='bbox 357 5199 466 5269; x_wconf 81' lang='grc' dir='ltr'>βίον</span> <span class='ocrx_word' id='word_1_753' title='bbox 505 5197 829 5269; x_wconf 85' lang='grc' dir='ltr'>ἀνθρώποις,</span> <span class='ocrx_word' id='word_1_754' title='bbox 875 5201 1097 5254; x_wconf 82' lang='grc' dir='ltr'>δίκαιον.</span> <span class='ocrx_word' id='word_1_755' title='bbox 1131 5200 1192 5250; x_wconf 82' lang='grc' dir='ltr'><strong>Εἰ</strong></span> <span class='ocrx_word' id='word_1_756' title='bbox 1221 5197 1326 5269; x_wconf 82' lang='grc' dir='ltr'>γὰρ</span> <span class='ocrx_word' id='word_1_757' title='bbox 1348 5199 1440 5250; x_wconf 70' lang='grc' dir='ltr'>καὶ</span> <span class='ocrx_word' id='word_1_758' title='bbox 1474 5199 1779 5268; x_wconf 80' lang='grc' dir='ltr'>παραυτίκα</span> 
     </span>
    </p>
   </div>
   <div class='ocr_carea' id='block_1_101' title="bbox 203 5288 1782 5362">
    <p class='ocr_par' dir='ltr' id='par_1_101' title="bbox 203 5288 1782 5362">
     <span class='ocr_line' id='line_1_101' title="bbox 203 5288 1782 5362; baseline -0.006 -14"><span class='ocrx_word' id='word_1_759' title='bbox 203 5294 327 5348; x_wconf 75' lang='grc' dir='ltr'>τισὶ</span> <span class='ocrx_word' id='word_1_760' title='bbox 354 5288 524 5354; x_wconf 81' lang='grc' dir='ltr'>δόξεις</span> <span class='ocrx_word' id='word_1_761' title='bbox 550 5288 859 5353; x_wconf 83' lang='grc' dir='ltr'>ἀπολλύναι,</span> <span class='ocrx_word' id='word_1_762' title='bbox 889 5291 1076 5362; x_wconf 77' lang='grc' dir='ltr'>ὥσπερ</span> <span class='ocrx_word' id='word_1_763' title='bbox 1113 5289 1263 5342; x_wconf 77' lang='grc' dir='ltr'>ὕδατι</span> <span class='ocrx_word' id='word_1_764' title='bbox 1294 5288 1385 5340; x_wconf 77' lang='grc' dir='ltr'>τὸν</span> <span class='ocrx_word' id='word_1_765' title='bbox 1413 5289 1575 5358; x_wconf 79' lang='grc' dir='ltr'>ἄρτον</span> <span class='ocrx_word' id='word_1_766' title='bbox 1608 5305 1782 5358; x_wconf 87' lang='grc' dir='ltr'>παρα-</span> 
     </span>
    </p>
   </div>
   <div class='ocr_carea' id='block_1_102' title="bbox 203 5375 1781 5452">
    <p class='ocr_par' dir='ltr' id='par_1_102' title="bbox 203 5375 1781 5452">
     <span class='ocr_line' id='line_1_102' title="bbox 203 5375 1781 5452; baseline -0.005 -14"><span class='ocrx_word' id='word_1_767' title='bbox 203 5383 393 5444; x_wconf 75' lang='grc' dir='ltr'>διδοὺς</span> <span class='ocrx_word' id='word_1_768' title='bbox 419 5421 434 5446; x_wconf 93' lang='grc'><strong>,</strong></span> <span class='ocrx_word' id='word_1_769' title='bbox 460 5377 573 5432; x_wconf 84' lang='grc' dir='ltr'>ἀλλ’</span> <span class='ocrx_word' id='word_1_770' title='bbox 600 5375 693 5432; x_wconf 84' lang='grc' dir='ltr'><strong>οῦν</strong></span> <span class='ocrx_word' id='word_1_771' title='bbox 715 5380 991 5452; x_wconf 83' lang='grc' dir='ltr'>προῖόντος</span> <span class='ocrx_word' id='word_1_772' title='bbox 1018 5380 1109 5434; x_wconf 90' lang='grc' dir='ltr'><strong>τοῦ</strong></span> <span class='ocrx_word' id='word_1_773' title='bbox 1140 5381 1353 5450; x_wconf 75' lang='grc' dir='ltr'>χρόνου,</span> <span class='ocrx_word' id='word_1_774' title='bbox 1388 5380 1485 5431; x_wconf 86' lang='grc' dir='ltr'>οὑκ</span> <span class='ocrx_word' id='word_1_775' title='bbox 1527 5379 1781 5448; x_wconf 79' lang='grc' dir='ltr'>ἀνόνητός</span> 
     </span>
    </p>
   </div>
   <div class='ocr_carea' id='block_1_103' title="bbox 2484 4993 2836 5051">
    <p class='ocr_par' dir='ltr' id='par_1_103' title="bbox 2484 4993 2836 5051">
     <span class='ocr_line' id='line_1_103' title="bbox 2484 4993 2836 5051; baseline -0.014 0"><span class='ocrx_word' id='word_1_776' title='bbox 2484 4995 2708 5051; x_wconf 82' lang='lat' dir='ltr'><strong>CAPUT</strong></span> <span class='ocrx_word' id='word_1_777' title='bbox 2746 4993 2836 5047; x_wconf 77' lang='lat' dir='ltr'><strong>Xl.</strong></span> 
     </span>
    </p>
   </div>
   <div class='ocr_carea' id='block_1_104' title="bbox 1961 5078 3438 5156">
    <p class='ocr_par' dir='ltr' id='par_1_104' title="bbox 1961 5078 3438 5156">
     <span class='ocr_line' id='line_1_104' title="bbox 1961 5078 3438 5156; baseline -0.013 -8"><span class='ocrx_word' id='word_1_778' title='bbox 1961 5097 2010 5150; x_wconf 89' lang='grc'><strong>1.</strong></span> <span class='ocrx_word' id='word_1_779' title='bbox 2052 5095 2263 5150; x_wconf 74' lang='lat' dir='ltr'><strong>Iustum</strong></span> <span class='ocrx_word' id='word_1_780' title='bbox 2304 5099 2385 5144; x_wconf 83' lang='lat' dir='ltr'><strong>est</strong></span> <span class='ocrx_word' id='word_1_781' title='bbox 2419 5098 2597 5141; x_wconf 87' lang='lat' dir='ltr'><strong>autem</strong></span> <span class='ocrx_word' id='word_1_782' title='bbox 2631 5088 2807 5156; x_wconf 77' lang='lat' dir='ltr'><strong>egenti</strong></span> <span class='ocrx_word' id='word_1_783' title='bbox 2832 5093 3130 5155; x_wconf 68' lang='grc' dir='ltr'>ρεηεω,›θι</span> <span class='ocrx_word' id='word_1_784' title='bbox 3150 5099 3210 5138; x_wconf 89' lang='lat' dir='ltr'><strong>ea</strong></span> <span class='ocrx_word' id='word_1_785' title='bbox 3231 5094 3349 5148; x_wconf 79' lang='lat' dir='ltr'><strong>qua:</strong></span> <span class='ocrx_word' id='word_1_786' title='bbox 3371 5078 3438 5130; x_wconf 87' lang='lat' dir='ltr'><strong>ad</strong></span> 
     </span>
    </p>
   </div>
   <div class='ocr_carea' id='block_1_105' title="bbox 1888 5169 3439 5246">
    <p class='ocr_par' dir='ltr' id='par_1_105' title="bbox 1888 5169 3439 5246">
     <span class='ocr_line' id='line_1_105' title="bbox 1888 5169 3439 5246; baseline -0.01 -8"><span class='ocrx_word' id='word_1_787' title='bbox 1888 5187 2051 5240; x_wconf 89' lang='lat' dir='ltr'><strong>vitam</strong></span> <span class='ocrx_word' id='word_1_788' title='bbox 2089 5182 2336 5238; x_wconf 88' lang='lat' dir='ltr'><strong>tuendam</strong></span> <span class='ocrx_word' id='word_1_789' title='bbox 2368 5179 2670 5232; x_wconf 85' lang='lat' dir='ltr'><strong>necessaria</strong></span> <span class='ocrx_word' id='word_1_790' title='bbox 2699 5188 2849 5242; x_wconf 86' lang='lat' dir='ltr'><strong>sunt,</strong></span> <span class='ocrx_word' id='word_1_791' title='bbox 2876 5175 3156 5246; x_wconf 84' lang='lat' dir='ltr'><strong>impertiri.</strong></span> <span class='ocrx_word' id='word_1_792' title='bbox 3184 5169 3439 5236; x_wconf 82' lang='lat' dir='ltr'><strong>Quamvis</strong></span> 
     </span>
    </p>
   </div>
   <div class='ocr_carea' id='block_1_106' title="bbox 1883 5264 3442 5338">
    <p class='ocr_par' dir='ltr' id='par_1_106' title="bbox 1883 5264 3442 5338">
     <span class='ocr_line' id='line_1_106' title="bbox 1883 5264 3442 5338; baseline -0.011 -7"><span class='ocrx_word' id='word_1_793' title='bbox 1883 5279 2025 5332; x_wconf 88' lang='lat' dir='ltr'><strong>enim</strong></span> <span class='ocrx_word' id='word_1_794' title='bbox 2049 5275 2098 5328; x_wconf 89' lang='lat' dir='ltr'><strong>id</strong></span> <span class='ocrx_word' id='word_1_795' title='bbox 2119 5273 2297 5326; x_wconf 90' lang='lat' dir='ltr'><strong>statim</strong></span> <span class='ocrx_word' id='word_1_796' title='bbox 2318 5270 2617 5338; x_wconf 87' lang='lat' dir='ltr'><strong>perdidisse</strong></span> <span class='ocrx_word' id='word_1_797' title='bbox 2632 5271 2954 5338; x_wconf 86' lang='lat' dir='ltr'><strong>quibusdam</strong></span> <span class='ocrx_word' id='word_1_798' title='bbox 2980 5264 3228 5324; x_wconf 83' lang='lat' dir='ltr'><strong>videaris,</strong></span> <span class='ocrx_word' id='word_1_799' title='bbox 3251 5276 3442 5330; x_wconf 86' lang='lat' dir='ltr'><strong>quem-</strong></span> 
     </span>
    </p>
   </div>
   <div class='ocr_carea' id='block_1_107' title="bbox 1883 5357 3440 5431">
    <p class='ocr_par' dir='ltr' id='par_1_107' title="bbox 1883 5357 3440 5431">
     <span class='ocr_line' id='line_1_107' title="bbox 1883 5357 3440 5431; baseline -0.012 -8"><span class='ocrx_word' id='word_1_800' title='bbox 1883 5365 2172 5422; x_wconf 90' lang='lat' dir='ltr'><strong>admodum</strong></span> <span class='ocrx_word' id='word_1_801' title='bbox 2205 5362 2250 5415; x_wconf 92' lang='lat' dir='ltr'><strong>si</strong></span> <span class='ocrx_word' id='word_1_802' title='bbox 2286 5377 2478 5431; x_wconf 88' lang='lat' dir='ltr'><strong>panem</strong></span> <span class='ocrx_word' id='word_1_803' title='bbox 2525 5361 2576 5415; x_wconf 90' lang='lat' dir='ltr'><strong>in</strong></span> <span class='ocrx_word' id='word_1_804' title='bbox 2626 5375 2822 5431; x_wconf 76' lang='lat' dir='ltr'><strong>aquam</strong></span> <span class='ocrx_word' id='word_1_805' title='bbox 2860 5357 3222 5423; x_wconf 83' lang='lat' dir='ltr'><strong>conjecisses;</strong></span> <span class='ocrx_word' id='word_1_806' title='bbox 3261 5363 3440 5406; x_wconf 89' lang='lat' dir='ltr'><strong>tamen</strong></span> 
     </span>
    </p>
   </div>
   <div class='ocr_carea' id='block_1_108' title="bbox 209 5443 1788 5547">
    <p class='ocr_par' dir='ltr' id='par_1_108' title="bbox 209 5443 1782 5547">
     <span class='ocr_line' id='line_1_108' title="bbox 209 5443 1782 5547; baseline -0.003 -15"><span class='ocrx_word' id='word_1_807' title='bbox 209 5495 300 5532; x_wconf 87' lang='grc' dir='ltr'><strong>σοι</strong></span> <span class='ocrx_word' id='word_1_808' title='bbox 335 5443 580 5546; x_wconf 85' lang='grc' dir='ltr'>φανεῖται</span> <span class='ocrx_word' id='word_1_809' title='bbox 606 5476 638 5545; x_wconf 89' lang='grc' dir='ltr'><strong>ή</strong></span> <span class='ocrx_word' id='word_1_810' title='bbox 668 5443 1059 5547; x_wconf 73' lang='grc' dir='ltr'>φιλανθρωπία.</span> <span class='ocrx_word' id='word_1_811' title='bbox 1289 5475 1344 5527; x_wconf 79' lang='grc' dir='ltr'>δὲ</span> <span class='ocrx_word' id='word_1_812' title='bbox 1382 5474 1614 5544; x_wconf 86' lang='grc' dir='ltr'>ἀφειδῶς</span> <span class='ocrx_word' id='word_1_813' title='bbox 1644 5443 1782 5538; x_wconf 62' lang='grc' dir='ltr'>,καὶ</span> 
     </span>
    </p>
   </div>
   <div class='ocr_carea' id='block_1_109' title="bbox 1889 5443 3441 5547">
    <p class='ocr_par' dir='ltr' id='par_1_109' title="bbox 1889 5443 3441 5529">
     <span class='ocr_line' id='line_1_109' title="bbox 1889 5443 3441 5529; baseline -0.01 -17"><span class='ocrx_word' id='word_1_814' title='bbox 1889 5470 2173 5529; x_wconf 83' lang='lat' dir='ltr'><strong>progressu</strong></span> <span class='ocrx_word' id='word_1_815' title='bbox 2228 5455 2490 5522; x_wconf 90' lang='lat' dir='ltr'><strong>temporis</strong></span> <span class='ocrx_word' id='word_1_816' title='bbox 2547 5464 2884 5522; x_wconf 83' lang='lat' dir='ltr'><strong>nequaquam</strong></span> <span class='ocrx_word' id='word_1_817' title='bbox 2924 5443 3293 5512; x_wconf 78' lang='lat' dir='ltr'><strong>infrugiferatu</strong></span> <span class='ocrx_word' id='word_1_818' title='bbox 3344 5444 3441 5498; x_wconf 88' lang='lat' dir='ltr'><strong>tibi</strong></span> 
     </span>
    </p>
   </div>
   <div class='ocr_carea' id='block_1_110' title="bbox 212 5537 1788 5641">
    <p class='ocr_par' dir='ltr' id='par_1_110' title="bbox 212 5566 1782 5641">
     <span class='ocr_line' id='line_1_110' title="bbox 212 5566 1782 5641; baseline -0.003 -20"><span class='ocrx_word' id='word_1_819' title='bbox 212 5567 416 5641; x_wconf 76' lang='grc' dir='ltr'>μέριζε</span> <span class='ocrx_word' id='word_1_820' title='bbox 455 5567 522 5620; x_wconf 78' lang='grc' dir='ltr'><strong>τὰ</strong></span> <span class='ocrx_word' id='word_1_821' title='bbox 567 5566 764 5620; x_wconf 81' lang='grc' dir='ltr'>σαυτοῦ</span> <span class='ocrx_word' id='word_1_822' title='bbox 814 5569 1088 5623; x_wconf 73' lang='grc' dir='ltr'>πλείοσινσ</span> <span class='ocrx_word' id='word_1_823' title='bbox 1137 5570 1198 5621; x_wconf 79' lang='grc' dir='ltr'>οὐ</span> <span class='ocrx_word' id='word_1_824' title='bbox 1243 5567 1349 5638; x_wconf 64' lang='grc' dir='ltr'>γὰρ</span> <span class='ocrx_word' id='word_1_825' title='bbox 1399 5568 1683 5619; x_wconf 73' lang='grc' dir='ltr'>ἐπίστασαι</span> <span class='ocrx_word' id='word_1_826' title='bbox 1731 5568 1782 5618; x_wconf 86' lang='grc' dir='ltr'><strong>τί</strong></span> 
     </span>
    </p>
   </div>
   <div class='ocr_carea' id='block_1_111' title="bbox 1889 5537 3442 5641">
    <p class='ocr_par' dir='ltr' id='par_1_111' title="bbox 1889 5537 3442 5612">
     <span class='ocr_line' id='line_1_111' title="bbox 1889 5537 3442 5612; baseline -0.011 -6"><span class='ocrx_word' id='word_1_827' title='bbox 1889 5552 2053 5606; x_wconf 81' lang='lat' dir='ltr'><strong>fuisse</strong></span> <span class='ocrx_word' id='word_1_828' title='bbox 2084 5546 2494 5601; x_wconf 83' lang='lat' dir='ltr'><strong>beneﬁcentiam</strong></span> <span class='ocrx_word' id='word_1_829' title='bbox 2529 5542 2844 5612; x_wconf 83' lang='lat' dir='ltr'><strong>comperies.</strong></span> <span class='ocrx_word' id='word_1_830' title='bbox 2879 5539 2932 5591; x_wconf 73' lang='lat'><strong>2.</strong></span> <span class='ocrx_word' id='word_1_831' title='bbox 2978 5537 3116 5602; x_wconf 87' lang='lat' dir='ltr'><strong>Quin</strong></span> <span class='ocrx_word' id='word_1_832' title='bbox 3149 5537 3442 5592; x_wconf 85' lang='lat' dir='ltr'><strong>liberaliter</strong></span> 
     </span>
    </p>
   </div>
   <div class='ocr_carea' id='block_1_112' title="bbox 208 5628 1788 5730">
    <p class='ocr_par' dir='ltr' id='par_1_112' title="bbox 208 5628 1784 5730">
     <span class='ocr_line' id='line_1_112' title="bbox 208 5628 1784 5730; baseline -0.001 -18"><span class='ocrx_word' id='word_1_833' title='bbox 208 5628 420 5729; x_wconf 48' lang='grc' dir='ltr'><strong>ἔπαξεν)</strong></span> <span class='ocrx_word' id='word_1_834' title='bbox 438 5656 663 5717; x_wconf 82' lang='grc' dir='ltr'>ἐπιοῦσα</span> <span class='ocrx_word' id='word_1_835' title='bbox 701 5645 950 5728; x_wconf 70' lang='grc' dir='ltr'>ἐποίησεν</span> <span class='ocrx_word' id='word_1_836' title='bbox 982 5660 1183 5730; x_wconf 82' lang='grc' dir='ltr'>ήμέρα.</span> <span class='ocrx_word' id='word_1_837' title='bbox 1229 5628 1529 5729; x_wconf 63' lang='grc' dir='ltr'><strong>Καὲέχουσι</strong></span> <span class='ocrx_word' id='word_1_838' title='bbox 1568 5659 1626 5710; x_wconf 75' lang='grc' dir='ltr'>δὲ</span> <span class='ocrx_word' id='word_1_839' title='bbox 1664 5658 1784 5710; x_wconf 81' lang='grc' dir='ltr'>οὐδέ</span> 
     </span>
    </p>
   </div>
   <div class='ocr_carea' id='block_1_113' title="bbox 1889 5628 3438 5730">
    <p class='ocr_par' dir='ltr' id='par_1_113' title="bbox 1889 5628 3438 5710">
     <span class='ocr_line' id='line_1_113' title="bbox 1889 5628 3438 5710; baseline -0.01 -16"><span class='ocrx_word' id='word_1_840' title='bbox 1889 5652 2101 5710; x_wconf 90' lang='lat' dir='ltr'><strong>quoque</strong></span> <span class='ocrx_word' id='word_1_841' title='bbox 2132 5636 2381 5707; x_wconf 77' lang='lat' dir='ltr'><strong>clargirc,</strong></span> <span class='ocrx_word' id='word_1_842' title='bbox 2413 5638 2761 5706; x_wconf 82' lang='lat' dir='ltr'><strong>pluribusque</strong></span> <span class='ocrx_word' id='word_1_843' title='bbox 2786 5641 2906 5684; x_wconf 84' lang='lat' dir='ltr'><strong>tuas</strong></span> <span class='ocrx_word' id='word_1_844' title='bbox 2926 5629 3202 5683; x_wconf 80' lang='lat' dir='ltr'><strong>facultates</strong></span> <span class='ocrx_word' id='word_1_845' title='bbox 3230 5628 3438 5681; x_wconf 81' lang='lat' dir='ltr'><strong>divide:</strong></span> 
     </span>
    </p>
   </div>
   <div class='ocr_carea' id='block_1_114' title="bbox 209 5720 1788 5832">
    <p class='ocr_par' dir='ltr' id='par_1_114' title="bbox 209 5720 1783 5832">
     <span class='ocr_line' id='line_1_114' title="bbox 209 5720 1783 5832; baseline 0.001 -26"><span class='ocrx_word' id='word_1_846' title='bbox 209 5720 442 5822; x_wconf 76' lang='grc' dir='ltr'>νεφέλαι</span> <span class='ocrx_word' id='word_1_847' title='bbox 464 5749 555 5804; x_wconf 80' lang='grc' dir='ltr'>τὸν</span> <span class='ocrx_word' id='word_1_848' title='bbox 584 5749 790 5803; x_wconf 74' lang='grc' dir='ltr'>ἑαυτῶν</span> <span class='ocrx_word' id='word_1_849' title='bbox 823 5720 985 5803; x_wconf 72' lang='grc' dir='ltr'>πολὺν</span> <span class='ocrx_word' id='word_1_850' title='bbox 1003 5720 1186 5814; x_wconf 54' lang='grc' dir='ltr'><strong>’ὸεέδκη</strong></span> <span class='ocrx_word' id='word_1_851' title='bbox 1204 5751 1337 5805; x_wconf 81' lang='grc' dir='ltr'><strong>ἀλλά</strong></span> <span class='ocrx_word' id='word_1_852' title='bbox 1364 5720 1451 5806; x_wconf 44' lang='lat' dir='ltr'><strong>ait.</strong></span> <span class='ocrx_word' id='word_1_853' title='bbox 1472 5753 1672 5822; x_wconf 73' lang='grc' dir='ltr'>ὄμϐρον</span> <span class='ocrx_word' id='word_1_854' title='bbox 1694 5757 1783 5832; x_wconf 60' lang='grc' dir='ltr'>ὲπξι</span> 
     </span>
    </p>
   </div>
   <div class='ocr_carea' id='block_1_115' title="bbox 1889 5720 3440 5832">
    <p class='ocr_par' dir='ltr' id='par_1_115' title="bbox 1893 5720 3440 5796">
     <span class='ocr_line' id='line_1_115' title="bbox 1893 5720 3440 5796; baseline -0.011 -7"><span class='ocrx_word' id='word_1_855' title='bbox 1893 5752 1997 5789; x_wconf 87' lang='lat' dir='ltr'><strong>non</strong></span> <span class='ocrx_word' id='word_1_856' title='bbox 2028 5729 2170 5786; x_wconf 86' lang='lat' dir='ltr'><strong>enim</strong></span> <span class='ocrx_word' id='word_1_857' title='bbox 2196 5732 2292 5787; x_wconf 88' lang='lat' dir='ltr'><strong>tibi</strong></span> <span class='ocrx_word' id='word_1_858' title='bbox 2320 5742 2506 5786; x_wconf 90' lang='lat' dir='ltr'><strong>notum</strong></span> <span class='ocrx_word' id='word_1_859' title='bbox 2539 5724 2799 5796; x_wconf 60' lang='lat' dir='ltr'><strong>est,&quot;quid</strong></span> <span class='ocrx_word' id='word_1_860' title='bbox 2834 5724 3045 5777; x_wconf 88' lang='lat' dir='ltr'><strong>tandem</strong></span> <span class='ocrx_word' id='word_1_861' title='bbox 3080 5730 3293 5790; x_wconf 87' lang='lat' dir='ltr'><strong>postera</strong></span> <span class='ocrx_word' id='word_1_862' title='bbox 3327 5720 3440 5773; x_wconf 87' lang='lat' dir='ltr'><strong>dies</strong></span> 
     </span>
    </p>
   </div>
   <div class='ocr_carea' id='block_1_116' title="bbox 291 5906 1832 5984">
    <p class='ocr_par' dir='ltr' id='par_1_116' title="bbox 291 5906 1832 5984">
     <span class='ocr_line' id='line_1_116' title="bbox 291 5906 1832 5984; baseline 0.005 -22"><span class='ocrx_word' id='word_1_863' title='bbox 291 5906 408 5978; x_wconf 67' lang='grc'><strong>(26)</strong></span> <span class='ocrx_word' id='word_1_864' title='bbox 449 5908 722 5964; x_wconf 52' lang='lat' dir='ltr'><strong>Staieni}.</strong></span> <span class='ocrx_word' id='word_1_865' title='bbox 751 5906 920 5968; x_wconf 82' lang='lat' dir='ltr'><strong>COdd.</strong></span> <span class='ocrx_word' id='word_1_866' title='bbox 944 5925 1054 5981; x_wconf 77' lang='lat' dir='ltr'><strong>reg.</strong></span> <span class='ocrx_word' id='word_1_867' title='bbox 1081 5912 1363 5977; x_wconf 67' lang='lat' dir='ltr'><strong>etNedic.,</strong></span> <span class='ocrx_word' id='word_1_868' title='bbox 1390 5911 1683 5984; x_wconf 80' lang='grc' dir='ltr'>στελέχους.</span> <span class='ocrx_word' id='word_1_869' title='bbox 1706 5915 1832 5970; x_wconf 72' lang='lat' dir='ltr'><strong>Duc.</strong></span> 
     </span>
    </p>
   </div>
  </div>
