4098 6362
207 499 327 556 Ιοίί

1418 503 1777 593 ειηετοω
1814 503 2179 563 canonum.

3299 506 3319 557 1
3329 505 3435 557 02!

212 635 228 669 I
266 617 539 670 κοινωνεῖν
567 606 675 671 τῶν
702 598 915 687 εὐχῶνοα
957 617 1019 670 Εί
1060 616 1242 688 μέντοι
1282 618 1367 682 τὶς
1394 620 1452 672 ὲν
1488 620 1634 693 ἄκρᾳ
1667 637 1771 673 σω-

1879 638 1897 670 σ
1936 614 2151 675 summa
2178 620 2511 676 continentia
2542 620 2758 687 vixerit,
2787 630 3055 691 etpuram
3080 621 3149 679 ab
3178 621 3434 691 omnique

214 730 229 763 ι
268 710 510 783 φροσύνῃ
538 710 770 782 ζήσασα,
807 710 902 764 καὶ
928 710 1287 782 καθαρδνγκαὶ
1314 712 1417 776 ἔξω
1444 714 1623 785 πάσης
1646 715 1770 767 ὐποο

208 820 224 850 ι
260 800 406 864 vola;
436 799 846 871 ὲπιδεδειγμένη
883 798 996 870 βίον
1020 801 1111 855 τὸν
1137 800 1434 873 πρότερον,
1479 800 1574 856 νῦν
1617 818 1771 873 περι-

209 910 227 943 ι
268 893 552 945 πέπτωκεν
574 892 636 944 ὲκ
664 890 781 960 βίας
807 891 900 944 καὶ
933 891 1179 965 ἀνάγκης
1210 885 1401 964 ὕϐρει,
1430 892 1622 963 ἔχομεν
1668 905 1771 945 πα-

207 1001 225 1032 ι
268 982 533 1053 ράδιιγμα
559 981 620 1035 τὸ
651 984 708 1034 ὲν
737 982 813 1053 τῷ
845 985 1273 1052 Δευτερονομίῳ
1312 982 1373 1035 τὸ
1408 983 1499 1036 ἐπὶ
1542 986 1607 1054 τῇ
1641 985 1768 1037 νεά-

208 1093 225 1125 ι
265 1074 388 1137 νιδι,
411 1074 479 1143 ἢν
500 1075 559 1126 ὲν
587 1073 663 1144 τῷ
686 1073 851 1144 πεδίῳ
875 1066 1031 1146 εὗρεν
1062 1075 1361 1147 ἄνθρωπος,
1387 1076 1483 1153 καὶ
1509 1075 1770 1146 βιασάμε-

171 1179 226 1216 ἰ
264 1183 354 1229 νος
379 1165 576 1235 αὐτὴν.
618 1166 881 1237 ἐκοιμήθη
917 1165 1032 1236 μετ’
1069 1168 1269 1238 αὐτῆς·
1329 1165 1407 1235 Τῇ
1436 1166 1661 1220 νεάνιὸι
1698 1170 1769 1220 οὐ

208 1275 226 1307 ι
268 1254 571 1321 ποιήσετε,
627 1257 823 1327 φησὶν,
872 1256 1083 1310 οὐδέν·
1123 1258 1233 1310 οὐκ
1261 1256 1393 1310 ἐστι
1434 1255 1509 1325 τῇ
1547 1255 1777 1313 recinat

206 1365 226 1396 ι
262 1345 574 1416 ἁμάρτημα
596 1342 851 1402 θανάτου
872 1365 884 1377 ·
911 1348 999 1401 ὅτι
1034 1348 1134 1414 ὡς,
1187 1347 1244 1401 ετ
1270 1364 1359 1413 τις
1389 1346 1626 1416 ἀναστῇ
1664 1341 1770 1400 ἄν·

206 1455 225 1488 ι
268 1440 497 1505 θρωπος
516 1438 615 1491 ἐπί
634 1438 744 1491 τὸν
763 1440 1029 1506 πλησίον
1053 1438 1238 1491 αὑτοῦ
1259 1478 1273 1502 ,
1318 1437 1415 1490 καί
1455 1435 1769 1505 θανατώσῃ

208 1546 229 1580 ι
270 1528 455 1583 αὑτοῦ
511 1529 625 1595 τὴν
670 1528 918 1597 ψυχὴν,
963 1530 1116 1582 οὕτω
1163 1529 1228 1582 τὸ
1275 1526 1511 1597 πρᾶγμα
1559 1529 1767 1582 τοῦτο’

210 1638 229 1671 ι
267 1620 585 1688 ἐϐόησεν·ἠ
606 1617 828 1685 νεᾶνις,
860 1621 955 1673 καί
990 1624 1021 1674 ό
1046 1619 1289 1689 ,βοηθῶν
1338 1621 1448 1673 οὐκ
1483 1616 1562 1690 ἦν
1594 1618 1767 1688 αὐτῇ.

209 1707 395 1763 Ταῦτα
408 1708 597 1779 μέντοι
628 1713 865 1768 τοιαῦτα.
883 1733 900 1763 ι
1784 1752 1787 1754 .

275 1804 472 1857 ΒΔΔΣ.
518 1805 841 1877 Ἐρωτηθεὶς
882 1807 911 1858 ό
952 1804 1111 1873 ἅγιος
1167 1807 1295 1875 περὶ
1334 1799 1427 1858 τοῦ
1479 1803 1532 1857 τί
1569 1802 1771 1872 ὀφείλει

204 1894 450 1963 γίνεσθαι
489 1896 568 1958 είς
605 1896 729 1959 τοὺς
764 1896 1122 1964 Χριστιανοὺς
1152 1896 1277 1959 τοὺς
1311 1893 1772 1966 αίχμαλωτισθέν-

208 2004 311 2051 τας
340 1987 492 2058 παρὰ
523 1986 829 2061 βαρϐάρων,
858 1988 950 2040 καὶ
980 1987 1249 2055 φαγόντας
1276 1985 1345 2038 τὰ
1385 1985 1535 2057 παρὰ
1570 1984 1774 2039 τούτων

205 2079 393 2138 αὐτοῖς
440 2077 849 2148 παρατιθέμενα
903 2078 1249 2139 εἰδωλόθυτα·
1296 2076 1671 2148 ἀπελογήσατο
1700 2075 1775 2139 ὡς

202 2170 271 2223 τὰ
320 2167 583 2241 βρώματα
618 2168 790 2221 ταῦτα
834 2170 892 2222 οὐ
948 2169 1121 2242 βαρεῖ,
1154 2169 1270 2223 ἀντὶ
1296 2169 1410 2236 τοῦ,
1446 2170 1506 2224 οὐ
1555 2167 1775 2241 βαρεῖαν

202 2260 427 2331 ἑμποιετ
462 2259 693 2330 βλάϐηνο
728 2261 821 2314 καὶ
852 2261 1047 2332 μᾶλλον
1075 2264 1156 2316 ὅτι
1180 2256 1261 2325 εἷς
1286 2248 1443 2330 λόγος
1468 2262 1617 2335 παρὰ
1650 2264 1779 2317 πάν·
1808 2256 1817 2263 ’⁷

200 2369 331 2416 των,
362 2352 529 2422 ῆγουν
558 2354 642 2406 ὅτι
672 2353 869 2418 πάντες
901 2354 1119 2421 λέγουσι
1156 2354 1229 2426 μὴ
1278 2354 1432 2408 θῦσαι
1478 2359 1590 2419 τοῖς
1620 2355 1777 2408 είδώι

200 2442 314 2507 λοις
364 2444 495 2506 τοὺς
539 2442 607 2498 τά
654 2444 898 2516 ἡμέτερα
953 2444 1395 2517 καταδραμόντας
1449 2445 1772 2517 βαρὸάρους.

204 2534 449 2606 Παράγει
497 2535 552 2588 δὲ
586 2537 678 2589 καὶ
710 2538 774 2588 ὲκ
812 2534 908 2588 τοῦ
953 2535 1271 2591 Ἀποστόλου
1306 2536 1550 2606 χρήσεις,
1582 2536 1676 2589 καὶ
1708 2539 1773 2589 ὲκ

201 2626 294 2679 τοῦ
326 2626 657 2696 Εὐαγγελίου
676 2644 689 2658 ’
722 2629 787 2680 ὲκ
820 2628 917 2698 μὲν
944 2626 1035 2679 τοῦ
1075 2627 1392 2680 Ἀποστόλου
1421 2628 1500 2692 τὸ,
1521 2629 1596 2682 Td
1619 2627 1777 2697 ,βρώ-

199 2734 359 2789 ματα
376 2716 451 2788 τῇ
478 2720 673 2786 κοιλίᾳ
698 2718 797 2772 καί
814 2720 863 2787 μή
888 2719 1085 2773 κοιλία
1113 2719 1237 2784 τοῖς
1256 2718 1568 2787 βρώμασιν
1593 2736 1605 2749 ·
1642 2723 1675 2773 ό
1711 2719 1779 2773 δὲ

204 2810 351 2877 Θεὸς
376 2810 477 2863 καί
490 2811 715 2879 ταύτην
739 2810 836 2863 καὶ
866 2809 1053 2863 ταῦτα
1084 2809 1462 2878 καταργήσει.
1477 2811 1541 2863 '0
1558 2809 1621 2880 δὴ
1643 2812 1779 2863 ἀπο-

206 2903 453 2960 στολικὺν
501 2904 697 2974 χωρίον
730 2902 858 2973 περὶ
891 2901 1203 2973 πλησμονῆς
1238 2901 1383 2969 λέγει
1437 2902 1531 2958 καὶ
1558 2919 1781 2975 γαστρι-

209 2995 482 3065 μαργίαςο
508 2997 602 3049 καὶ
629 2994 889 3068 βρώματα
922 2994 1039 3066 μὲν,
1066 2993 1135 3048 τὰ
1155 2994 1385 3065 περιττὰ
1410 2994 1661 3066 ὀνομάζει
1688 2996 1782 3049 καὶ

205 3086 308 3157 τὴν
333 3089 547 3159 τρυφήν
564 3105 579 3121 ο
607 3087 811 3142 κοιλίαν
834 3089 891 3141 δὲ
914 3086 1012 3159 τὴν
1037 3087 1496 3159 γαστριμαργίαν,
1523 3087 1635 3141 ἀλλ’
1661 3086 1781 3157 οὐχὶ

206 3175 307 3248 τὴν
329 3178 588 3250 γαστέρα.
621 3160 722 3233 me
751 3178 808 3233 δὲ
838 3178 1043 3232 τούτων
1082 3178 1110 3230 ὁ
1153 3178 1471 3242 Ἀπόστολος
1498 3178 1664 3247 λέγει,
1701 3178 1783 3230 ὅτι

207 3270 243 3340 ἡ
292 3269 569 3340 άδηφαγία
609 3270 703 3323 καὶ
750 3270 784 3341 ὴ
832 3268 1009 3341 τρυφὴ
1041 3271 1105 3341 τῇ
1133 3270 1541 3342 γαστριμαργίᾳ
1569 3271 1778 3341 ἀνήκει,
1808 3295 1848 3351 C

208 3358 326 3415 ἀλλ’
353 3359 414 3413 οὔ
462 3359 597 3432 πρὸς
628 3359 758 3413 Θεὸν
802 3361 985 3433 φέρειο
1018 3361 1111 3414 καὶ
1141 3363 1207 3431 τῇ
1239 3363 1416 3433 τρυφῇ
1458 3361 1520 3413 τὸ
1561 3361 1659 3430 τῆς
1689 3377 1783 3428 γα-

208 3449 574 3521 στριμαργίας
614 3448 783 3513 πάθος
814 3449 1107 3521 ᾠκείωται,
1145 3451 1237 3503 καὶ
1286 3449 1514 3520 θάτερον
1569 3449 1781 3521 θατέρῳ

204 3539 467 3596 δουλεύει.
486 3542 543 3594 '0
572 3541 628 3594 δὲ
660 3529 790 3603 Θεὸς
834 3539 1088 3614 ἄπρακτα
1120 3541 1213 3593 καὶ
1245 3542 1388 3612 ἀργὰ
1419 3541 1630 3610 ποιήσει
1661 3538 1785 3592 ταῦ-

206 3648 304 3697 τα,
335 3631 476 3685 ὥστε
512 3631 587 3704 μὴ
619 3631 683 3708 ἐξ
718 3632 895 3686 αὐτῶν
931 3650 1083 3697 τινας
1116 3630 1462 3702 βλάπτεσθαι.
1482 3632 1573 3683 Ἐκ
1604 3630 1658 3682 δὲ
1691 3630 1781 3684 τοῦ

148 3778 177 3792 δη
210 3722 548 3792 Εὐαγ-γελίου
598 3725 866 3795 ἐχρήσατο
914 3726 1027 3790 τοῖς
1072 3724 1166 3777 τοῦ
1208 3723 1534 3792 Εὑαγγελίου
1576 3723 1784 3796 ῥήμασι

210 3816 329 3877 τοῖς
379 3812 646 3883 λέγουσιν,
679 3816 781 3878 ὅτι,
824 3816 904 3868 Οὐ
952 3814 1019 3868 τὸ
1062 3815 1560 3882 εἰσπορευόμενον
1598 3814 1793 3868 κοινοῖ

210 3905 321 3959 τὸν
349 3906 681 3979 ἄνθρωπον.
710 3904 840 3961 Εἶτα
870 3906 964 3960 καὶ
990 3908 1117 3979 περὶ
1137 3906 1407 3975 γυναικῶν
1427 3905 1785 3975 αἰχμαλώτων

209 3992 303 4062 αἷς
357 4000 408 4051 oi
464 3999 727 4072 βάρσαροι
780 3988 1220 4070 συνεφθάρησειν⁸
1257 3999 1351 4051 καί
1389 4015 1571 4068 φησιν,
1604 4000 1706 4063 ὅτι,
1738 4001 1787 4053 εί

212 4088 319 4160 μὲν
339 4092 370 4144 ό
396 4091 586 4163 πρώην
616 4092 792 4146 αὐτῶν
811 4091 921 4162 βίος
947 4092 1385 4161 κατεγνωσμένος
1406 4087 1494 4162 ἦν,
1516 4092 1788 4156 ὑπόπτους

206 4182 386 4246 αὑτάς
436 4187 579 4238 ποιεῖ
626 4187 659 4255 ἡ
693 4182 946 4256 πορνικὴ
988 4184 1098 4249 ἕξις
1132 4186 1225 4237 καὶ
1264 4186 1323 4237 ὲν
1375 4183 1453 4254 τῷ
1484 4184 1661 4255 καιρῷ
1691 4185 1789 4254 τῆς

211 4272 612 4342 αίχμαλωσίας.
664 4276 774 4329 Καὶ
818 4275 906 4328 διὰ
946 4275 1102 4329 τοῦτο
1143 4275 1445 4346 προχείρως
1489 4276 1679 4339 αὑταῖς
1724 4275 1784 4327 οὐ

194 4361 572 4433 συνεύχεσθαι
598 4366 695 4430 δεῖ,
719 4366 853 4420 ἀλλὰ
888 4366 1024 4438 μετὰ
1050 4366 1109 4419 τὸ
1133 4366 1413 4421 δουλεῦσαι
1440 4368 1637 4439 δηλαδὴ
1666 4370 1788 4419 ἐπι-

213 4452 601 4525 τιμίοις.”Εξις
628 4457 685 4509 δέ
715 4460 859 4512 ἐστιν
893 4461 926 4530 ἡ
962 4458 1144 4530 μακρὰ
1174 4458 1430 4529 συνήθεια
1456 4461 1549 4512 καὶ
1573 4458 1647 4528 τῷ
1672 4458 1787 4528 χρό-

212 4564 291 4617 νῳ
326 4544 680 4613 παγιωθεῖσα.
715 4549 836 4617 ἥτις
868 4551 961 4603 καὶ
994 4550 1149 4619 φύσει
1181 4552 1523 4623 προσέοικενο
1558 4551 1695 4603 ὥστε
1730 4550 1785 4601 ai

1875 729 1893 761 ι
1930 710 2241 780 suspicione
2300 710 2531 764 alienam
2594 710 2831 777 priorem
2881 710 3049 763 vitam
3115 710 3433 783 ostenderit,
3504 698 3508 705 ’

1875 820 1893 852 ι
1933 816 2078 857 nunc
2101 802 2154 855 vi
2174 809 2228 857 et
2259 802 2580 857 necessitate
2598 801 2665 855 ad
2696 802 2954 871 probrum
2986 803 3436 865 contumeliamve

1876 912 1893 944 ι
1933 894 2083 963 lapsa
2114 892 2504 957 sit;habemus
2550 894 2863 961 exemplum
2905 893 3050 962 quod
3077 886 3159 948 eSt
3206 894 3261 947 iu
3298 891 3438 948 Deu-

1824 1054 1825 1057 η
1875 1002 1893 1035 ι
1936 983 2263 1050 teronomio,
2293 980 2360 1037 de
2384 982 2805 1047 adulescentula,
2837 998 3001 1051 quam
3025 982 3188 1037 homo
3221 980 3276 1035 in
3305 997 3437 1051 agro
3503 989 3506 992 ’

1875 1094 1895 1126 ι
1931 1074 2158 1141 invenit,
2207 1085 2261 1129 et
2291 1090 2355 1129 ea
2394 1076 2446 1128 vi
2488 1089 2800 1144 compressa
2841 1089 2966 1127 cum
3013 1073 3128 1141 ipsa
3174 1072 3437 1126 dormiit:
3499 1094 3502 1098 λ

1830 1221 1836 1228 ,
1876 1186 1894 1219 ι
1934 1166 2367 1233 Adolescentulte,
2404 1167 2606 1236 inquit,
2630 1166 2760 1220 nihil
2788 1166 3015 1235 facietis.
3042 1180 3143 1217 non
3163 1172 3238 1218 est
3258 1164 3439 1216 adole—

1877 1277 1896 1311 ι
1938 1260 2184 1315 σεεηιιιίαε
2204 1268 2473 1327 peccatum
2503 1259 2723 1313 mortis:
2771 1258 2896 1328 quia
2926 1256 3360 1327 quemadmodum
3392 1259 3439 1334 si

1878 1336 2048 1421 cquis
2072 1352 2223 1404 homo
2254 1351 2501 1404 adversus
2534 1352 2831 1418 proximum
2878 1366 3028 1403 suum
3071 1352 3438 1416 insurrexerit,

1877 1462 1895 1494 ι
1930 1447 1977 1497 et
2009 1444 2174 1511 ipsius
2217 1443 2449 1495 animam
2490 1452 2654 1495 morte
2682 1442 2936 1509 effecerit,
2967 1430 3185 1501 sie/uec
3229 1458 3307 1495 res
3330 1451 3443 1507 est;

1877 1551 1896 1584 ι
1935 1533 2326 1588 adolescentulo
2355 1534 2669 1586 exclamavit
2694 1574 2708 1599 ,
2733 1543 2783 1587 et
2812 1550 2914 1587 non
2944 1545 3058 1588 erat
3087 1536 3176 1603 qui
3208 1535 3256 1588 ei
3274 1576 3278 1583 .
3297 1549 3444 1602 opem

1878 1642 1897 1676 ι
1934 1624 2093 1693 ferret
2123 1626 2166 1678 ⁸.
2195 1624 2321 1681 Haec
2344 1626 2561 1695 quidem
2592 1634 2739 1680 certe
2769 1626 2842 1679 ita
2876 1641 2933 1681 se
2958 1608 3180 1680 habent.
3220 1645 3237 1677 ›

1943 1807 2099 1863 Βλιε.
2143 1806 2376 1863 Sanctus
2420 1807 2784 1879 interrogatus
2832 1808 2964 1878 quid
3020 1798 3268 1877 oporteat
3322 1804 3437 1860 ﬁeri

1874 1899 2215 1966 Christianis,
2246 1901 2340 1970 qui
2386 1915 2416 1954 a
2443 1900 2689 1955 barbaris
2718 1900 2857 1969 capti
2904 1909 3050 1964 sunt,
3082 1909 3135 1954 et
3160 1914 3280 1969 qua:
3310 1892 3442 1967 ipsis

1875 1993 1942 2047 ab
1966 1993 2043 2047 eis
2067 1993 2474 2061 apponebantur
2500 1992 2790 2062 idolothyta
2813 1991 3191 2056 comederunt;
3220 2004 3443 2058 respou-

1873 2083 1990 2138 dit:
2020 2082 2082 2137 Hi
2114 2083 2218 2138 cibi
2249 2098 2357 2137 non
2381 2092 2623 2151 gravant,
2659 2082 2710 2134 id
2740 2092 2840 2144 est,
2866 2095 2973 2135 non
2996 2095 3155 2149 grave
3181 2079 3440 2134 damnum

1835 2215 1844 2225 .
1876 2174 2141 2241 aﬂ‘erunt;
2173 2182 2227 2229 et
2247 2175 2478 2227 maxime
2502 2173 2643 2241 quod
2666 2186 2805 2225 unus
2836 2179 2918 2225 est
2947 2183 3125 2224 sermo
3155 2170 3297 2247 apud
3324 2184 3444 2223 om—

1875 2283 1991 2332 nes,
2026 2267 2139 2322 sive
2170 2260 2312 2337 quod
2337 2280 2526 2320 omnes
2548 2264 2753 2329 dicunt,
2790 2264 2947 2317 idolis
2976 2278 3081 2316 non
3109 2261 3447 2317 sacriﬁcasse

1875 2360 2161 2424 barbaros,
2189 2359 2281 2430 qui
2310 2358 2363 2412 in
2391 2365 2575 2413 nostra
2603 2357 2951 2412 incursiones.
2988 2356 3182 2411 fecere.
3217 2354 3448 2410 Adducit

1876 2459 2054 2503 autem
2104 2459 2157 2503 et
2207 2464 2274 2502 ex
2307 2448 2568 2519 Apostolo
2599 2456 2745 2502 etex
2781 2447 3077 2518 Evangelia
3128 2447 3442 2503 sententias.

1876 2537 1955 2592 Ex
1984 2538 2247 2607 Apostolo
2279 2538 2496 2606 quidem
2534 2556 2547 2591 :
2578 2536 2729 2590 Esca-
2772 2540 2956 2601 ventri,
2987 2548 3036 2590 et
3071 2547 3246 2592 venter
3279 2539 3445 2600 escis;

1877 2625 2017 2679 Deus
2044 2634 2219 2678 autem
2259 2634 2309 2677 et
2348 2640 2465 2678 eum
2492 2634 2541 2677 et
2566 2624 2659 2677 has
2689 2624 2940 2678 destruet.
2983 2625 3084 2689 Qui
3115 2626 3331 2695 quidem
3363 2626 3447 2679 lo-

1878 2732 1976 2772 cus
2025 2698 2355 2785 apostolicus
2392 2715 2633 2784 loquitur
2667 2716 2733 2769 de
2764 2715 3056 2783 repletione
3085 2724 3139 2768 et
3164 2716 3399 2785 ingluvie
3424 2734 3445 2770 .-

1877 2818 1931 2864 et
1953 2822 2107 2867 escas
2133 2806 2347 2877 quidem
2374 2805 2619 2860 nominat
2638 2820 2699 2858 ea
2729 2820 2849 2873 qua:
2872 2812 2999 2859 sunt
3024 2794 3445 2871 supervacanea,

1880 2915 1944 2954 ac
1966 2899 2220 2965 delicias;
2251 2906 2491 2952 ventrem
2526 2906 2727 2962 autem,
2764 2886 3112 2950 voracitatem
3142 2894 3297 2960 dixit,
3334 2912 3445 2950 non

1880 3008 2008 3047 vero
2045 2990 2424 3053 ventriculum.
2456 2988 2559 3042 Per
2602 2980 2714 3042 haec
2744 2998 2923 3041 autem
2968 2987 3101 3041 dicit
3138 2986 3449 3057 Apostolus,
3550 3014 3557 3033 ι

1880 3076 2023 3145 quod
2047 3079 2375 3130 exsaturatio
2404 3084 2457 3129 et
2482 3074 2641 3128 luxus
2666 3073 2732 3128 ad
2768 3073 3057 3143 ingluviem
3083 3075 3334 3146 pertinet,
3349 3076 3449 3131 sed

1881 3184 2056 3237 neque
2083 3167 2151 3222 ad
2192 3165 2360 3221 Deum
2390 3165 2607 3221 deducit
2638 3184 2651 3219 :
2691 3166 2838 3229 luxui
2873 3176 3051 3221 autem
3085 3167 3337 3237 ingluviei
3367 3167 3450 3222 vis

1882 3258 2019 3314 tium
2069 3256 2334 3311 familiare
2385 3256 2649 3319 redditur,
2688 3264 2741 3309 ct
2778 3256 3020 3321 alterum
3067 3258 3219 3314 alteri
3266 3258 3448 3313 servit.

1884 3347 2026 3403 Deus
2058 3359 2238 3402 autem
2274 3362 2336 3401 ea
2363 3348 2536 3402 otiosa
2568 3354 2623 3401 et
2650 3346 2945 3402 incliicacia
2980 3340 3190 3413 elliciet,
3217 3360 3276 3405 ut
3316 3350 3450 3404 nulli

1882 3438 1950 3491 ab
1979 3438 2058 3492 eis
2088 3437 2369 3493 laedantur.
2411 3430 2493 3491 Ex‘
2518 3436 2806 3509 Evangelio
2837 3449 3019 3493 autem
3056 3456 3189 3495 usus
3220 3448 3305 3496 est
3333 3458 3453 3497 ver-

1884 3529 1968 3583 bis
2000 3527 2271 3599 Evangelii
2300 3544 2425 3599 quae
2450 3529 2640 3585 dicunt
2672 3545 2687 3583 :
2715 3529 2867 3594 Quod
2911 3531 3078 3583 intrat
3105 3547 3196 3599 per
3224 3516 3309 3596 os,
3348 3549 3471 3602 non,

1880 3622 2186 3693 coinquinat
2209 3621 2490 3677 hominem.
2518 3620 2810 3676 Deinde'de
2842 3622 3067 3690 captivis
3088 3638 3304 3692 quoque
3333 3641 3453 3689 mu-

1885 3714 2128 3779 lieribus,
2164 3715 2364 3785 quibus
2395 3715 2608 3769 barbari
2634 3725 2880 3785 stuprum
2914 3713 3211 3769 intulerunt
3238 3731 3254 3769 :
3284 3717 3451 3777 et‘di-

1884 3804 1981 3868 cit,
2020 3805 2165 3875 quod
2210 3806 2255 3861 si
2311 3807 2481 3874 prima
2513 3806 2726 3874 quidem
2761 3821 2949 3860 eorum
2988 3805 3097 3860 vita
3138 3817 3281 3861 esset
3316 3822 3448 3861 con-

1886 3896 2157 3962 demnata,
2204 3908 2484 3964 suspectas
2540 3910 2636 3952 eas
2685 3895 2815 3953 facit
2865 3897 3192 3952 fornicarius
3236 3891 3455 3954 habitus
3504 3970 3509 3971 γ

1885 3989 2047 4042 etiam
2076 3997 2315 4054 tempore
2346 3987 2690 4054 captivitatis.
2728 3988 2792 4043 Et
2817 4000 3100 4059 propterea
3141 4004 3248 4043 non
3291 4004 3455 4059 Opor-

1887 4090 1963 4134 tet
1997 4078 2149 4131 facile
2182 4092 2304 4131 cum
2336 4077 2416 4131 eis
2447 4092 2624 4143 orare,
2659 4082 2750 4136 sed
2792 4093 3075 4151 postquam
3104 4081 3279 4149 poenis
3312 4080 3454 4134 vide-

1887 4172 2012 4225 licet
2041 4169 2312 4239 impositis
2346 4186 2405 4225 se
2452 4172 2853 4227 submisissent.
2889 4172 2983 4226 Est
3022 4184 3199 4243 autem
3234 4172 3451 4228 habitus

1887 4260 2045 4329 longa
2078 4260 2436 4328 consuetudo,
2476 4275 2603 4329 quae,
2622 4269 2862 4329 tempore
2892 4276 3111 4330 quoque
3136 4260 3453 4331 confirmata

1886 4360 2003 4413 est,
2065 4363 2187 4419 qua:
2242 4349 2309 4404 ad
2367 4362 2615 4427 naturam
2669 4350 2829 4403 etiam
2885 4350 3240 4407 similitudine
3291 4369 3453 4423 quam

1889 4440 2134 4507 proxime
2158 4440 2578 4506 accedit.Quare
2604 4455 2723 4509 quae
2752 4440 2886 4496 tales
2913 4458 3021 4497 non
3045 4453 3189 4509 sunt,
3222 4446 3451 4510 violataz,

1891 4547 1999 4585 non
2030 4542 2343 4603 peccarunt.
2385 4530 2642 4599 Exemplo
2688 4541 2868 4587 autem
2904 4538 3036 4591 usus
3069 4545 3154 4591 est
3186 4537 3300 4607 lege
3336 4553 3456 4605 qua:

216 4640 293 4709 μὴ
348 4637 592 4691 τοιαῦται
654 4639 753 4708 οὐχ
793 4641 1038 4713 ἥμαρτον
1086 4620 1404 4711 βιασθεῖσαι.
1456 4643 1563 4694 Καὶ
1614 4656 1783 4711 παρα-

1896 4621 1948 4673 in
1986 4621 2400 4677 Deuteronomio
2431 4620 2674 4685 habetur,
2707 4622 2774 4675 de
2812 4624 3021 4694 virgine
3052 4627 3139 4681 cui
3170 4626 3225 4678 in
3265 4626 3454 4679 solitu-

210 4730 471 4801 δείγματι
503 4730 764 4801 κέχρηται
806 4736 873 4802 τῇ
917 4735 975 4786 έν
1003 4734 1081 4799 τῷ
1107 4733 1503 4803 Δευτερονομίῳ
1530 4730 1789 4801 θεσμοθεο

211 4824 311 4896 σία
344 4826 412 4894 τῇ
443 4824 571 4895 περὶ
604 4822 701 4892 τῆς
734 4821 1077 4893 ὑϐρισθείσης
1111 4824 1375 4894 παρθένου
1410 4823 1548 4875 κατὰ
1583 4822 1702 4891 βίαν
1732 4825 1788 4875 ὲν

212 4917 447 4987 ἐρημίᾳ..
477 4915 586 4969 Kal
634 4914 699 4967 τὰ
744 4914 841 4985 μὲν
890 4916 983 4969 τοῦ
1032 4918 1249 4978 κανόνος
1281 4917 1337 4967 ὲν
1369 4914 1789 4977 τούτοις.Ἔοικε

206 5007 271 5061 δὲ
295 5009 326 5059 ό
354 5006 508 5074 ᾶγιος
535 5006 643 5061 ἀπὸ
672 5003 764 5058 τοῦ
789 5006 961 5058 εἰπεῖν
992 5006 1064 5076 μὴ
1090 5005 1386 5073 ἐπάγεσθαι
1414 5004 1633 5076 βαρεῖαν
1664 5006 1791 5076 βλά-

210 5100 321 5171 ϐην
358 5100 468 5161 τοῖς
506 5098 736 5167 φαγοῦσι
768 5096 835 5150 τά
865 5096 1183 5149 εἰδωλόθυτα
1225 5097 1631 5169 παρατιθέμενα
1666 5098 1788 5149 τού-

211 5207 336 5253 τοις
365 5188 513 5258 παρὰ
538 5189 643 5242 τῶν
679 5188 985 5261 βαρϐάρων,
1021 5189 1112 5240 καὶ
1135 5189 1240 5241 ἀπὸ
1267 5191 1361 5242 τοῦ
1390 5191 1565 5259 λέγειν
1592 5194 1793 5262 πληρο-

211 5277 508 5352 φορεῖσθαι
537 5280 742 5344 πάντας
882 5278 1131 5346 γενέσθαι
1163 5281 1285 5344 τοὺς
1318 5281 1624 5353 βαρϐάρους
1652 5283 1795 5334 εἰδω-

208 5370 471 5433 λοθὺτας,
514 5372 607 5422 xal
650 5371 758 5424 ἀπὸ
801 5370 892 5423 τοῦ
935 5371 1236 5441 χρήσασθαι
1278 5375 1387 5436 τοῖς
1425 5373 1794 5433 ἀποστολικοῖς

211 5466 433 5540 ῥήμασι
479 5463 591 5523 τοῖς
634 5461 1029 5532 διαλεγομένοις
1064 5465 1191 5531 περὶ
1223 5462 1432 5532 τρυφῆς
1472 5465 1565 5516 καὶ
1592 5461 1794 5531 ἀδηφα-

212 5558 379 5626 γίας,
412 5552 673 5613 ὡσαύτως
704 5554 797 5607 καὶ
840 5557 952 5618 τοῖς
995 5553 1364 5622 εὐαγγελικοῑς
1391 5555 1459 5608 τὰ
1499 5552 1635 5607 αὐτὰ
1678 5552 1792 5603 δια-

209 5642 581 5717 λαμβάνουσι,
612 5643 686 5711 μὴ
731 5644 909 5715 ἁπλῆν
950 5646 1171 5717 ποιῆσαι
1199 5648 1296 5715 τὴν
1325 5646 1629 5715 ἀπόκρισιν,
1663 5642 1797 5696 ἀλλὰ

207 5728 604 5808 διαιρουμένην
631 5734 712 5797 είς
738 5736 1009 5801 φαγόντας
1052 5734 1372 5789 εἰδωλόθυτα
1418 5732 1554 5786 κατὰ
1585 5732 1798 5805 τρυφὴν

286 5895 313 5926 ι
348 5892 501 5948 Deut.
554 5902 689 5954 ιιυ,
724 5886 827 5953 26,
867 5887 957 5943 27.
1020 5866 1027 5868 “

1891 4713 2020 4768 dine
2046 4729 2141 4784 per
2172 4715 2282 4767 vim
2316 4712 2574 4780 probrum
2606 4711 2813 4768 illatum
2845 4725 2947 4771 est.
2992 4710 3057 4768 Et
3085 4730 3203 4783 qua:
3235 4715 3451 4782 quidem

1890 4805 1958 4858 ad
1989 4818 2249 4859 canonem
2284 4810 2531 4870 spectant
2558 4801 2611 4855 in
2644 4802 2727 4858 his
2759 4806 3081 4859 consistunt.
3111 4803 3331 4858 Videtur
3360 4821 3454 4858 au-

1892 4906 1996 4951 tem
2030 4903 2249 4950 sanctus
2297 4910 2365 4947 ex
2413 4909 2478 4949 eo
2528 4896 2672 4965 quod
2716 4897 2869 4958 dixit,
2900 4910 3007 4948 non
3038 4894 3245 4949 inferri
3295 4912 3455 4966 grave

1891 4989 2145 5042 damnum
2199 4986 2266 5040 iis
2316 4988 2407 5055 qui
2437 4988 2733 5060 idolotliyta
2767 4986 3135 5053 comederunt,
3166 4990 3246 5043 eis
3273 5005 3303 5042 a
3330 4990 3455 5042 bar-

1893 5078 2039 5131 baris
2069 5078 2336 5145 apposita,
2368 5087 2423 5133 et
2466 5096 2533 5134 ex
2578 5095 2643 5134 eo
2693 5078 2835 5147 quod
2890 5078 3040 5145 dicit,
3075 5095 3263 5134 omnes
3298 5080 3454 5148 plene

1892 5176 2229 5234 compertum
2263 5168 2484 5233 habere,
2509 5169 2767 5223 barbaros
2790 5168 2949 5223 idolis
2972 5185 3076 5223 non
3098 5169 3453 5237 sacriﬁcasse,

1892 5268 1944 5310 et
1976 5272 2039 5311 ex
2073 5274 2137 5312 eo
2171 5260 2315 5328 quod
2351 5261 2516 5314 utitur
2542 5258 2699 5312 dictis
2732 5262 3041 5329 apostolicis
3076 5275 3196 5329 quae
3223 5260 3288 5315 de
3322 5262 3453 5317 luxu

1893 5357 1947 5401 et
1979 5348 2213 5420 ingluvie
2240 5351 2530 5411 disserunt,
2570 5347 2819 5403 similiter
2865 5361 2917 5404 et
2966 5349 3308 5417 evangelicis,
3334 5369 3457 5421 qua:

1855 5441 2081 5495 -eadem
2132 5450 2382 5502 tractant,
2422 5453 2531 5490 non
2574 5437 2768 5494 fecisse
2815 5441 3109 5508 simplicem
3142 5446 3454 5511 responsio-

1900 5547 2045 5595 nem,
2076 5531 2167 5585 sed
2202 5543 2321 5597 quae
2351 5528 2611 5582 dividitur
2656 5530 2711 5584 in
2759 5546 2852 5585 eos
2902 5530 2991 5597 qui
3038 5529 3331 5604 idolothyta
3362 5550 3459 5602 per

1896 5621 2116 5675 delicias
2142 5633 2237 5673 sua
2268 5629 2458 5687 sponte
2484 5622 2864 5683 comederunt;
2887 5620 2939 5671 iu
2964 5634 3057 5674 eos
3078 5623 3170 5692 qui
3202 5624 3252 5676 vi
3277 5640 3306 5677 a
3336 5626 3459 5678 bar—

1898 5712 2046 5769 baris
2079 5710 2250 5765 coacti
2280 5709 2660 5791 comederunt;
2690 5711 2743 5764 in
2767 5724 2859 5765 cos
2885 5713 2975 5781 qui
3007 5726 3220 5783 propter
3256 5725 3460 5770 natura:
