4098 6362
2271 335 2275 382 l

645 396 655 409 ’
725 428 866 483 itm

1829 426 1889 483 s.
1929 390 2256 483 οιιεαοιῖἰι
2295 421 2801 480 THAUMATURGI

2384 380 2393 387 ι.

3801 420 3926 477 1124

724 544 1099 599 necessitatem
1129 556 1223 598 eas
1261 557 1417 599 escas
1460 541 1725 605 fecerunt,
1757 550 1813 596 et
1852 542 1905 594 in
1949 557 2046 596 eos
2090 544 2184 610 qui
2214 542 2270 594 ad

2382 539 2577 601 ἑκοντὶ,
2606 540 2685 600 είς
2716 539 2839 599 τοὺς
2881 534 3016 589 κατᾶ
3057 534 3175 603 βίαν
3204 521 3331 587 tibi!“
3349 532 3634 606 βαρϐάρων
3673 534 3927 601 φαγόντας

723 637 834 688 [nec
874 634 924 686 vi
956 634 1219 699 compulsi
1244 644 1368 688 sunt
1396 651 1424 687 a
1459 634 1724 698 barbaris.
1754 634 1844 703 qui
1877 634 2033 687 idolis
2064 648 2169 686 non
2190 649 2277 687 sa-

719 726 1053 796 criﬁcarunt.
1086 724 1255 800 Unde,
1286 734 1344 778 ut
1372 725 1503 779 mihi
1531 726 1763 792 videtur,
1795 726 1977 799 nullus
1996 740 2182 780 eorum
2210 726 2279 779 ab

718 817 865 869 Omni
925 818 1079 887 culpa
1142 819 1399 872 immunis
1458 818 1581 872 erit.
1613 816 1719 895 Qui
1765 833 1825 871 ea
1878 818 2019 871 enim
2066 827 2278 886 propter

719 906 905 959 luxum
957 917 1011 961 et
1058 908 1280 963 delicias
1322 909 1697 974 comederunt,
1753 910 2047 977 majoribus
2102 909 2276 977 poenis

717 997 1099 1064 subjicicntur;
1127 1000 1220 1068 qui
1248 1012 1468 1068 propter
1499 996 1894 1063 necessitatem,
1932 1008 1986 1055 et
2027 1002 2275 1070 corporis

715 1088 1131 1151 nutrimentum,
1164 1098 1216 1142 et
1249 1098 1306 1141 ut
1334 1089 1427 1157 qui
1474 1104 1581 1142 non
1628 1089 1837 1157 possint
1866 1091 2022 1157 aliter
2053 1091 2271 1153 nutriri,

714 1176 895 1231 minus
926 1179 1237 1245 punientur.
1272 1177 1494 1252 Reliqui
1518 1193 1737 1249 quoque
1758 1190 1977 1249 prOpter
2005 1195 2157 1235 esum
2186 1195 2276 1233 ex-

713 1270 1033 1323 secrabilem
1066 1271 1245 1324 mitius
1272 1272 1583 1339 punientur,
1616 1287 1681 1324 eo
1708 1273 1851 1339 quod
1886 1281 2109 1327 sanctus
2138 1286 2273 1341 quo-

711 1373 819 1425 que
844 1349 972 1413 dicit
1005 1376 1112 1413 non
1144 1377 1302 1430 grave
1338 1377 1457 1416 esse
1504 1361 1796 1432 idolotliyta
1825 1364 2126 1425 comedere,
2153 1376 2274 1431 qua

712 1448 783 1502 ab
838 1449 905 1503 iis
955 1462 1303 1520 apponuntur
1348 1449 1442 1522 qui
1490 1454 1648 1508 idolis
1696 1470 1800 1507 non
1849 1453 2267 1508 sacriﬁcarunt:

710 1554 825 1609 non
859 1549 937 1594 est
971 1552 1147 1596 tamen
1183 1543 1251 1596 ab
1287 1544 1432 1597 omni
1462 1548 1673 1613 penitus
1699 1545 2118 1613 reprehensione
2145 1545 2274 1599 alie-

711 1647 864 1701 num.
911 1630 1322 1707 Interrogaverit
1350 1646 1526 1690 autem
1556 1638 1822 1706 quispiam
1859 1656 1873 1690 :
1900 1635 2035 1690 Cum
2068 1653 2159 1691 xrv
2182 1654 2273 1691 ca-

710 1739 822 1778 non
854 1726 995 1780 beati
1021 1724 1166 1782 Petri
1198 1729 1585 1799 archiepiscopi
1615 1731 1962 1783 Alexandrini
1988 1730 2273 1798 etmarty-

708 1816 1105 1883 ris'contincat,
1138 1836 1233 1875 eos
1261 1823 1354 1891 qui
1400 1822 1453 1876 vi
1501 1824 1779 1893 tyrannica
1812 1824 2077 1891 compulsi
2104 1823 2272 1877 idolo-

706 1911 862 1981 thyta
888 1912 1242 1967 comederunt
1287 1921 1341 1966 et
1389 1914 1572 1968 itidem
1607 1913 2005 1977 sacriﬁcarunt,
2037 1927 2142 1967 non
2173 1928 2273 1981 pu-

708 2004 835 2065 niri,
865 2003 957 2058 sed
988 2004 1168 2072 potius
1196 2018 1318 2058 esse
1345 2006 1507 2059 etiam
1539 2005 1594 2059 in
1621 2006 1787 2067 clero,
1819 2006 1863 2059 si
1905 2004 2015 2059 sint
2051 2001 2269 2066 clerici;

707 2096 982 2162 quomodo
1026 2097 1269 2151 deceniit
1309 2110 1553 2166 praesens
1598 2097 1714 2150 [nec
1758 2096 2006 2165 epistola,
2032 2110 2128 2150 eos
2177 2087 2291 2165 qui

710 2181 1006 2254 idolothyta
1036 2184 1404 2252 comederunt,
1435 2203 1535 2239 non
1563 2189 1787 2255 graviter
1810 2188 1931 2241 lwdi
1960 2202 1978 2239 :
2010 2196 2068 2239 ut
2099 2201 2163 2239 ex
2204 2200 2271 2238 eo

712 2284 996 2340 appareat,
1030 2275 1176 2341 ipsos
1215 2276 1547 2329 mediocriter
1577 2278 1734 2337 laedi?
1766 2277 1993 2331 Solutio.
2040 2275 2272 2330 Sanctus

708 2375 915 2434 martyr
959 2364 1172 2432 Petrus,
1210 2366 1262 2419 in
1294 2382 1382 2419 xw
1423 2382 1524 2421 suo
1567 2384 1794 2431 canone,
1832 2369 2097 2421 etiamin
2152 2368 2271 2436 ipso

707 2452 1108 2508 immolatorum
1140 2470 1237 2509 esu
1270 2456 1498 2509 athletas
1541 2466 1803 2526 martyres
1830 2456 1995 2512 fuisse
2031 2468 2095 2511 et.
2117 2458 2269 2511 testi-

706 2545 949 2597 monium
980 2544 1274 2613 praebuisse
1307 2545 1569 2614 perhibet.
1599 2546 1735 2600 Dicit
1760 2547 1903 2599 enim
1936 2549 2079 2615 quod
2104 2548 2266 2601 etiam

707 2632 1095 2688 ferramentum
1135 2635 1187 2688 in
1219 2651 1287 2689 os
1312 2637 1554 2705 ipsorum
1582 2620 1839 2705 injectum
1866 2645 1970 2694 est.
1996 2644 2051 2688 et
2075 2651 2269 2691 manus

652 2770 653 2773 η
706 2742 893 2780 eorum
920 2736 1055 2780 usta:
1092 2736 1240 2793 sunt,
1268 2737 1340 2792 et,
1373 2738 1430 2780 ut
1462 2730 1627 2783 semel
1653 2729 1853 2793 dicam,
1882 2728 1945 2781 ad
1980 2729 2271 2782 immolatis

704 2821 1028 2873 vescendum
1058 2819 1207 2871 nullo
1238 2820 1399 2873 modo
1423 2830 1842 2885 consenserunt,
1875 2834 1974 2874 nec
2010 2820 2173 2874 etiam
2200 2821 2267 2874 ad

707 2909 868 2963 idolis
897 2912 1334 2967 sacriﬁcandum.
1362 2914 1606 2969 Praesens
1634 2921 1812 2966 antem
1859 2912 2119 2967 canonica
2154 2912 2268 2981 epi-

708 3000 849 3055 stola
878 3011 1072 3057 tractat
1103 3005 1157 3058 in
1193 3006 1479 3074 principio,
1507 3004 1749 3073 captivos
1778 3004 1993 3072 quidem
2022 3005 2265 3072 apposita

707 3090 813 3144 sibi
843 3090 1137 3160 idolotliyta
1165 3094 1215 3143 vi
1242 3094 1564 3156 comedisse,
1600 3093 1693 3147 sed
1725 3109 1832 3146 non
1858 3093 2021 3146 etiam
2046 3108 2113 3146 eo
2145 3093 2265 3161 ipso

708 3187 949 3248 tempore
986 3195 1095 3247 quo
1121 3182 1491 3245 comedebant,
1523 3185 1799 3253 tyrannica
1837 3184 2090 3238 violentia
2108 3191 2260 3237 c’om-
2293 3210 2337 3269 ε

708 3272 894 3341 pulsos
924 3271 1125 3335 fuisse;
1153 3282 1204 3326 et
1249 3273 1368 3327 ideo
1398 3274 1512 3326 vult
1551 3292 1665 3340 eos,
1691 3286 1749 3331 ut
1795 3279 1888 3346 qui
1934 3279 2157 3331 omnino
2187 3288 2269 3349 ty-

705 3380 1003 3420 rannorum
1058 3366 1321 3421 voluntati
1370 3366 1666 3429 cesserint,
1733 3370 2007 3424 moderate
2061 3370 2263 3440 puniri.

708 3456 975 3513 Existimo
1020 3467 1200 3513 autem
1250 3474 1372 3529 ego,
1401 3458 1545 3527 quod
1590 3462 2046 3527 quemadmodum
2098 3464 2268 3519 idolo-

709 3552 858 3621 thyta
886 3551 1185 3613 comedere,
1214 3566 1245 3605 a
1278 3550 1526 3605 barbaris
1573 3550 1665 3619 qui
1711 3564 1820 3602 non
1871 3554 2265 3619 sacriﬁcarunt,

704 3644 1068 3711 compulsum,
1104 3658 1211 3699 non
1249 3653 1332 3698 est
1381 3645 1450 3699 ab
1496 3643 1645 3698 omni
1679 3643 2091 3711 reprehensione
2136 3645 2267 3698 libe-

708 3750 862 3800 rum;
896 3734 969 3788 ita
1001 3750 1099 3791 nec
1118 3720 1460 3793 barbaricum
1488 3744 1735 3804 stuprum
1765 3735 1813 3787 vi
1843 3748 2156 3803 perpessum
2187 3748 2269 3788 es-

692 3839 768 3880 se
800 3843 815 3877 :
845 3840 969 3878 nam
1016 3826 1119 3880 hoc
1168 3842 1383 3895 quoque
1430 3830 1639 3883 modice
1682 3827 1952 3897 punietur.
1988 3824 2099 3878 Etsi
2123 3825 2266 3878 enim

708 3914 795 3966 lex
820 3914 991 3970 civilis
1026 3916 1152 3969 dicit
1180 3917 1232 3969 in
1260 3917 1352 3970 lib.
1386 3934 1473 3982 ιι,
1503 3922 1585 3973 tit.
1614 3920 1703 3984 58,
1722 3934 1771 3975 c.
1804 3917 1892 3981 1‘2,
1927 3919 2163 3971 themate
2190 3918 2223 3970 6
2252 3935 2266 3969 :

710 4001 882 4055 Etiam
918 4018 979 4057 ea
1008 4022 1128 4083 qua;
1160 4008 1227 4061 ab
1258 4008 1504 4062 hostibus
1527 4020 1609 4063 est
1641 4010 1966 4073 adulterata,
1997 4025 2061 4064 ac
2090 4023 2269 4064 rever-

709 4109 792 4156 sa,
820 4108 849 4145 a
875 4097 988 4147 viro
1014 4100 1139 4164 (non
1168 4101 1264 4152 rite
1288 4100 1426 4168 viro)
1454 4112 1760 4167 accusatur,
1782 4102 1882 4155 nisi
1912 4104 2015 4157 hoc
2039 4102 2086 4154 vi
2110 4117 2268 4169 passa

704 4192 815 4245 est.
864 4195 917 4237 et
947 4187 1048 4241 hoc
1076 4191 1237 4243 modo
1278 4193 1323 4243 ei
1364 4194 1448 4246 cui
1482 4194 1564 4247 vis
1608 4194 1770 4247 allata
1816 4204 1919 4259 est,
1948 4194 2267 4264 ignoscitur,

710 4290 810 4327 nec
838 4274 888 4326 id
914 4285 968 4328 et
998 4281 1399 4334 matrimonium
1426 4283 1630 4336 dirimit
1661 4302 1672 4334 :
1700 4285 1791 4335 sed
1825 4284 1907 4336 lex
1938 4281 2270 4336 ecclesiaéti-

705 4380 794 4427 ca,
820 4378 937 4416 eam
968 4381 1086 4434 quae
1115 4371 1335 4423 omnino
1360 4388 1389 4423 a
1418 4371 1650 4424 barbaro
1681 4372 1884 4439 polluta
1912 4380 2016 4435 est,
2046 4372 2147 4424 nisi
2177 4387 2269 4439 per

706 4471 923 4527 poenam
971 4473 1123 4525 pura,
1153 4463 1241 4524 sit,
1270 4478 1377 4516 non
1414 4463 1572 4515 sinet.
1604 4460 1741 4530 Lege
1772 4470 1825 4513 et
1857 4475 1948 4514 CIII
2003 4461 2265 4514 novellam

2378 630 2567 693 ταῦτα,
2589 632 2667 691 είς
2693 631 2817 700 τοὺς
2848 627 2914 680 δι’
2940 627 3181 695 ἀνάγκην
3193 625 3297 693 ,τῆς
3324 624 3532 691 φύσεως
3568 624 3761 694 βρῶμα
3782 640 3926 695 ποιη-

2379 719 2644 789 σαμένους
2673 718 2829 782 αὐτὰ,
2858 718 2952 771 καὶ
2984 719 3063 779 εἰς
3103 717 3229 779 τοὺς
3261 714 3573 785 βιασθέντας
3608 716 3743 785 πρὸς
3785 717 3928 769 τοῦτο

2378 811 2528 881 παρὰ
2564 810 2871 881 βαρϐάρων,
2900 810 2973 879 μὴ
3021 808 3318 860 τεθυκότων
3364 809 3475 869 τοῖς
3519 806 3929 869 εὶδὼλοις.”Οθεν

2375 891 2488 965 καὶ,
2510 901 2584 965 ὼς
2617 903 2738 971 ἐμοὶ
2764 902 2927 959 δοκεῖ,
2957 898 3073 951 οὐδὲ
3107 892 3185 960 εἷς
3222 899 3286 950 ἐκ
3326 896 3527 950 τούτων
3557 898 3929 966 ἀνεπιτίμητκ

2374 993 2550 1046 ἔσται..
2590 994 2653 1045 Οἱ
2690 992 2798 1062 γὰρ
2836 990 2922 1043 διὰ
2952 988 3159 1061 τρυφὴν
3193 989 3452 1057 φαγόντες
3488 988 3659 1041 ταῦτα
3703 987 3928 1057 μείζοσιν

2374 1062 2666 1153 ἐπιτιμίοις
2700 1081 3186 1151 ὑποϐληθήσονται·
3222 1083 3269 1131 οἱ
3306 1080 3370 1131 δι’
3409 1081 3653 1149 ἀνάγκην
3688 1080 3779 1131 καὶ
3809 1080 3929 1130 am-

2373 1174 2576 1247 τροφὴν
2607 1173 2700 1226 τοῦ
2730 1168 2995 1243 σώματος,
3017 1172 3090 1234 ὡς
3118 1171 3191 1241 μὴ
3226 1170 3433 1240 ἔχοντες
3462 1170 3633 1232 ἄλλως
3666 1171 3781 1229 πῶς
3808 1172 3929 1222 ἀπο-

2373 1267 2665 1337 τραφῆναι,
2700 1267 2931 1334 ἡττόνως
2959 1254 3399 1334 κολασθήσονται.
3430 1264 3539 1315 Καὶ
3570 1266 3619 1315 oi
3650 1263 3825 1316 λοιποὶ
3852 1262 3931 1313 διὰ

2373 1359 2472 1428 τὴν
2514 1358 2880 1429 μιαροφαγίαν
2926 1352 3283 1428 μετριώτερον
3322 1356 3825 1426 ὲπιτιμηθήσονται,
3857 1357 3929 1406 ὅτι

2375 1453 2470 1503 καὶ
2506 1452 2535 1502 ὁ
2565 1451 2716 1518 ἅγιος
2745 1450 2803 1503 οὐ
2837 1449 2971 1520 βαρύ
2999 1466 3160 1519 φησιν
3187 1445 3326 1501 εἶναι
3356 1449 3419 1500 τὸ
3446 1451 3636 1517 φαγεῖν
3669 1448 3931 1500 εἰδωλόθυ-

2375 1559 2441 1594 τα
2476 1543 2626 1611 παρὰ
2656 1542 2763 1594 τῶν
2791 1543 2865 1612 μὴ
2890 1541 3161 1595 θυσάντων
3186 1544 3296 1604 τοῖς
3318 1541 3553 1604 εἰδώλοις
3581 1540 3931 1611 παρατιθέμε-

2372 1649 2461 1698 να,
2490 1634 2551 1685 οὐ
2578 1635 2683 1703 μὴν
2712 1634 2806 1687 καὶ
2830 1633 3002 1703 πάντη
3028 1627 3446 1705 ἀκατέγκλητον.
3464 1634 3756 1704 Ἐρωτήσει
3775 1632 3831 1684 δέ
3855 1647 3929 1693 τις

2373 1727 2470 1791 ὡς,
2500 1726 2593 1779 τοῦ
2628 1726 2689 1779 ιδ’
2722 1726 2942 1788 κανόνος
2965 1726 3060 1780 τοῦ
3084 1725 3349 1795 μακαρίου
3371 1724 3576 1793 Πέτρου
3599 1723 3930 1793 ἁρχιεπισκό-

2377 1834 2479 1869 που
2514 1817 2913 1888 Ἀλεξανδρείας
2932 1817 3025 1868 καὶ
3051 1816 3327 1886 μάρτυρος
3346 1814 3797 1883 διαλαμϐάνοντος
3818 1813 3929 1873 τοὺς

2376 1908 2515 1960 κατά
2569 1908 2693 1977 βίαν
2744 1906 3068 1980 τυραννικὴν
3122 1908 3390 1975 φαγόντας
3450 1904 3793 1965 εἰδωλόθυτα,
3847 1902 3929 1955 κὶιὶ

2372 1999 2799 2069 τοιουτοτρὸπως
2825 1999 3108 2059 θύσαντας,
3134 1999 3206 2069 μὴ
3231 1997 3605 2068 ἐπιτιμᾶσθαι,
3640 1996 3776 2048 ἀλλὰ
3812 1994 3930 2064 μᾶλ-

2374 2088 2466 2142 λον
2502 2090 2595 2143 καὶ
2632 2090 2694 2142 ὲν
2720 2088 2798 2158 τῷ
2824 2089 3006 2159 κλήρῳ
3033 2083 3189 2151 εἶναι,
3233 2087 3520 2158 κληρικοὺς
3544 2087 3722 2149 ὄντας,
3754 2084 3871 2146 πῶς
3898 2086 3925 2152 ἡ

2372 2180 2620 2251 παροῦσα
2660 2179 2913 2250 ἐπιστολὴ
2939 2178 3226 2251 διορίζεται
3266 2180 3390 2241 τοὺς
3426 2178 3695 2246 φαγόντας
3726 2176 3925 2229 εἰδωλό-

2373 2272 2506 2326 θυτα
2523 2272 2611 2341 μὴ
2634 2273 2871 2341 βαρέως
2905 2270 3255 2342 βλάπτεσθαι,
3279 2270 3353 2334 ὡς
3380 2271 3442 2322 ἐκ
3468 2270 3657 2323 τούτου
3687 2269 3924 2337 ἐκφαίνε-

2370 2363 2493 2415 σθαι
2517 2362 2843 2433 βλάπτεσθαι
2875 2362 3066 2426 αὐτοὺς
3085 2362 3362 2430 μετρίως;
3394 2361 3580 2424 Λύσις.
3601 2362 3656 2413 ’0
3684 2361 3926 2431 ἱερομάρ-

2371 2473 2468 2518 τυς
2502 2456 2707 2526 Πέτρος
2740 2456 2797 2507 ὲν
2824 2455 2901 2524 τῷ
2931 2454 2989 2506 ιδ’
3018 2454 3200 2507 κανόνι
3239 2454 3402 2507 αὐτοῦ
3433 2455 3524 2507 καὶ
3560 2455 3690 2524 περὶ
3722 2452 3853 2505 me
3877 2452 3927 2503 τὸ

2370 2550 2561 2615 φαγεῖν
2590 2549 2657 2599 τά
2686 2548 3001 2600 εἰδωλόθυτα
3034 2547 3377 2616 μαρτυρῆσαι
3410 2547 3533 2609 τοὺς
3559 2545 3797 2614 ἀθλητάς
3821 2546 3923 2597 δια-

2370 2638 2653 2708 λαμϐάνει.
2682 2640 2819 2710 Φησὶ
2850 2641 2975 2709 γὰρ,
3010 2639 3097 2691 ὅτι
3121 2640 3213 2691 καὶ
3240 2640 3397 2707 χάνος
3423 2638 3681 2707 ἐνεϐλήθη
3711 2634 3788 2706 τῷ
3821 2635 3925 2687 στό-

2376 2748 2502 2799 ματι
2540 2730 2715 2784 αὐτῶν
2758 2733 2850 2784 καὶ
2883 2733 2940 2783 αί
2982 2735 3160 2801 χεῖρες
3204 2731 3407 2783 τούτων
3446 2729 3812 2797 κατεκάησαν,
3844 2728 3925 2778 καὶ

2370 2821 2553 2886 ἁπλῶς
2582 2822 2688 2875 οὐδ’
2710 2822 2849 2886 ὅλως
2878 2823 3155 2874 συνέθεντο
3186 2823 3266 2882 εἰς
3300 2820 3362 2872 τὸ
3396 2818 3718 2872 εἰδωλόθυτα
3742 2820 3924 2885 φαγεῖν

2367 2912 2401 2983 ἢ
2426 2914 2505 2976 είς
2535 2914 2597 2966 τὸ
2627 2913 2787 2967 θῦσαι
2817 2916 2927 2974 τοῖς
2960 2912 3213 2973 εἰδώλοις.
3233 2911 3295 2962 Ἦ
3324 2902 3387 2962 δὲ’
3410 2909 3654 2980 παροῦσα
3678 2908 3924 2977 κανονικὴ

2368 3004 2619 3074 ἐπιστολὴ
2644 3004 2994 3072 διαλαμϐάνει
3022 3001 3160 3055 κατὰ
3187 3001 3285 3063 τὰς
3304 3001 3498 3072 ἀρχὰς,
3520 3000 3661 3053 κατά
3689 3000 3808 3069 βίαν
3836 3001 3925 3069 μὲν

2368 3098 2560 3162 φαγεῖν
2590 3096 2716 3157 τοὺς
2736 3082 3107 3164 αἰχμαλώτους
3131 3091 3199 3145 τά
3233 3091 3635 3163 παρατιθέμενα
3656 3093 3835 3154 αὐτοῖς
3856 3093 3931 3143 εξ-

2368 3184 2657 3247 δωλόθυτα,
2689 3184 2749 3235 οὐ
2782 3185 2886 3255 μὴν
2916 3184 3009 3237 καὶ
3037 3185 3156 3237 κατῗ
3188 3183 3325 3237 αὐτὸ
3348 3183 3409 3236 τὸ
3444 3185 3635 3251 φαγεῖν
3670 3199 3927 3253 τυραννη-

2375 3274 2554 3350 θῆναι,
2581 3276 2675 3327 καὶ
2705 3275 2792 3327 διὰ
2817 3275 2972 3328 τοῦτο
3003 3275 3145 3329 θέλει
3169 3280 3244 3339 ὡς
3268 3274 3400 3338 ὅλως
3436 3274 3815 3343 ὑποκύψαντας
3854 3273 3927 3342 τῷ

2372 3366 2637 3438 θελήματι
2683 3365 2775 3419 τοῦ
2823 3367 3103 3437 τυράννου,
3136 3367 3367 3439 μετρίως
3396 3350 3794 3439 τιμωρηθῆναι.
3826 3366 3926 3417 No-

2329 3462 2343 3471 "
2374 3459 2515 3529 μίζω
2543 3460 2599 3511 δὲ
2628 3456 2758 3526 ἐγὼ,
2791 3458 2895 3521 ὅτι,
2921 3456 3108 3528 ὥσπερ
3137 3460 3236 3512 οὐκ
3262 3459 3376 3511 ἐστι
3405 3460 3578 3529 πάντη
3604 3458 3925 3527 ἀνεπιτίμη-

2371 3570 2462 3605 τον
2508 3552 2569 3605 to
2610 3554 2803 3621 φαγεῖν
2834 3550 3154 3603 εἰδωλόθυτα
3195 3550 3338 3603 κατὰ
3381 3550 3499 3619 βίαν
3535 3549 3822 3620 βαρϐάρων
3856 3546 3927 3618 μὴ

2371 3641 2760 3705 ἑπιθυσάντων,
2789 3640 2959 3703 οὕτως
2983 3640 3111 3693 οὐδὲ
3133 3640 3193 3691 τὸ
3225 3640 3523 3709 ὑποστῆναι
3565 3640 3768 3709 φθορὰν
3799 3638 3918 3708 βαρ-

2374 3734 2605 3805 ϐαρικὴν
2629 3734 2766 3787 κατὰ
2792 3733 2936 3803 βίαν·
2968 3732 3062 3784 καὶ
3088 3732 3242 3783 τοῦτο
3272 3732 3378 3802 γὰρ
3416 3731 3649 3801 μετρίως
3679 3734 3926 3800 ἐπιτιμη-

2370 3823 2612 3893 θήσεται.
2665 3825 2782 3878 Κᾶν
2826 3824 2934 3895 γὰρ
2988 3824 3081 3875 καὶ
3120 3825 3149 3875 ό
3183 3816 3455 3886 πολιτικὸς
3492 3823 3651 3891 νόμος
3684 3822 3847 3892 φησὶν
3874 3826 3928 3875 ὲν

2372 3908 2559 3983 βιϐλίῳ
2607 3915 2647 3978 ξ’
2675 3916 2851 3968 τίτλου
2897 3915 2977 3985 λη’
3007 3912 3197 3981 κεφαλ.
3235 3913 3298 3985 ιβ’
3321 3913 3516 3983 θέματι
3555 3913 3730 3982 ἕκτῳο
3763 3912 3927 3984 Καλὴ

2370 4004 2520 4074 παρὰ
2562 4008 2672 4067 τοῖς
2720 4006 2990 4075 πολεμίοις
3035 4003 3376 4075 μοιχευθεῖσα
3413 4002 3506 4054 καὶ
3550 4002 3927 4073 ὑτοοστρέψασα

2372 4100 2751 4167 κατηγορεῖται
2783 4097 2931 4167 παρὰ
2958 4096 3051 4148 τοῦ
3083 4094 3293 4164 ἀνδρὸς,
3322 4094 3381 4145 οὐ
3406 4093 3594 4163 δικαίῳ
3631 4094 3842 4163 ἀνδρὸς,
3882 4098 3927 4149 εί

2373 4188 2448 4257 μὴ
2482 4188 2570 4257 βία
2606 4189 2763 4240 τοῦτο
2807 4189 3061 4253 πέπονθε,
3087 4182 3180 4240 καὶ
3223 4184 3641 4255 τοιουτοτρόπως
3667 4187 3928 4254 συγγινώ-

2372 4298 2489 4332 σκει
2521 4281 2620 4349 τὴν
2648 4280 2975 4349 βιασθεῖσαν,
3009 4282 3100 4334 καὶ
3136 4280 3227 4332 τὸν
3265 4278 3440 4347 γάμον
3470 4278 3530 4331 οὐ
3556 4278 3788 4350 auma-
3818 4278 3925 4332 ἀλλ’

2367 4374 2395 4423 ὁ
2426 4372 2870 4441 ἐκκλησιαστικδς
2899 4374 3058 4443 νόμος
3100 4372 3199 4440 τὴν
3246 4369 3379 4433 ὅλως
3406 4369 3510 4423 ὑπὸ
3536 4368 3811 4442 βαρϐάρου
3846 4387 3928 4441 μο-

2368 4463 2645 4516 λυνθεῖσαν
2678 4466 2751 4536 μὴ
2775 4465 3126 4537 καθαριεῦσαι
3152 4462 3217 4514 δι’
3245 4462 3515 4531 ἐπιτιμίου
3538 4466 3638 4516 οὐκ
3664 4463 3921 4527 ἀνέξεται.

706 4549 1048 4616 imperatoris
1079 4550 1281 4604 domini
1312 4540 1507 4606 Leonis
1541 4552 1832 4621 Sapientis,
1878 4568 1999 4620 quae
2053 4552 2165 4605 lucc
2208 4554 2263 4605 in

2377 4556 2667 4623 Ἀνάγνωθι
2697 4559 2789 4610 καὶ
2822 4557 2918 4626 τὴν
2950 4562 3029 4627 ργ¹
3061 4552 3259 4625 νεαρὰν
3286 4554 3379 4607 τοῦ
3432 4554 3693 4624 βασιλέως
3738 4554 3925 4622 κυρίου

706 4642 831 4700 ﬁne
867 4640 1213 4708 prosequitur
1256 4659 1269 4694 :
1306 4643 1461 4699 Nullo
1516 4659 1646 4712 ergo
1694 4644 1857 4695 modo
1900 4643 2259 4707 decernimus,

703 4746 830 4785 eum
861 4730 949 4799 qui
982 4731 1340 4798 captivitatem
1375 4749 1479 4786 non
1506 4745 1759 4801 expertus
1788 4733 2004 4797 mansit,
2032 4734 2097 4785 ad
2126 4734 2262 4787 alte-

706 4824 823 4876 rius
871 4822 1309 4890 conjunctionem
1338 4826 1541 4888 venire,
1566 4836 1619 4879 et
1664 4836 1876 4879 caetera.
1912 4823 2034 4877 Haec
2084 4836 2261 4877 autem

705 4915 913 4967 novella
942 4915 1079 4967 tollit
1107 4911 1395 4965 Justiniani
1424 4930 1567 4967 cxvn
1597 4918 1882 4983 novellam,
1910 4934 2029 4986 quae
2059 4919 2162 4971 sita
2186 4926 2267 4969 est

706 5006 759 5057 iu
806 5007 940 5060 libro
973 5022 1165 5069 xxvul,
1217 5004 1299 5056 tit.
1331 5004 1380 5067 7,
1417 5013 1472 5056 et
1514 5007 1663 5071 dicit,
1709 5025 2098 5078 nonnunquam
2129 5008 2263 5061 solvi

708 5099 1110 5151 matrimonium
1158 5116 1171 5149 :
1215 5110 1401 5147 verum
1452 5094 1564 5147 hazc
1609 5100 1813 5151 novella
1863 5101 2039 5153 locum
2087 5099 2264 5161 habet,

708 5192 921 5254 quando
953 5192 1160 5258 captiva
1191 5204 1220 5241 a
1250 5185 1496 5239 barbaris
1524 5201 1631 5237 non
1663 5198 1745 5241 est
1779 5192 1998 5257 polluta.
2042 5192 2099 5245 Si
2136 5191 2265 5260 quid

710 5288 884 5330 autem
919 5282 1181 5348 ejusmodi
1210 5280 1411 5332 factum
1435 5276 1524 5340 sit,
1546 5278 1725 5331 locum
1746 5282 1963 5349 habent,
1991 5302 2110 5353 qua:
2138 5293 2266 5339 sunt

711 5367 764 5419 in
796 5370 937 5422 dicto
965 5375 1137 5441 capite
1166 5389 1232 5426 ιχ
1262 5372 1408 5425 libri.

779 5548 976 5605 Zona.
1018 5555 1149 5607 Cum
1182 5558 1231 5608 in
1270 5557 1539 5611 Romanas
1569 5556 1811 5623 regiones
1840 5556 2053 5612 barbari
2081 5562 2269 5614 irruis—

714 5654 852 5703 sc-nt,
897 5659 1094 5709 easque
1126 5650 1351 5703 inissent
1379 5652 1713 5717 depopulati,
1750 5650 1841 5718 qui
1892 5652 1958 5702 ab
2004 5651 2135 5717 ipsis
2180 5668 2270 5701 ca—

712 5740 841 5806 ptivi
889 5746 1013 5787 sunt
1062 5735 1210 5798 facti,
1240 5741 1549 5812 idolotlnyta,
1585 5747 1665 5796 vel
1694 5745 1829 5797 alios
1875 5756 2091 5809 quoque
2122 5741 2271 5793 cibos

713 5827 905 5882 vetitos
935 5828 1307 5896 degustarunt.
1341 5832 1413 5887 De
1456 5836 1521 5889 iis
1566 5838 1746 5903 itaque
1794 5844 2011 5904 rogatus
2047 5832 2147 5885 fuit
2195 5833 2271 5884 vir

2363 4650 2588 4711 Λέοντος
2630 4649 2724 4701 τοῦ
2756 4649 2953 4716 Σοφοῦ,
2997 4648 3257 4715 λέγουσαν
3294 4648 3422 4717 περὶ
3448 4648 3508 4699 τὸ
3538 4646 3690 4707 τέλος
3726 4644 3925 4695 ταῦτα’

2364 4738 2624 4807 Οὐδαμῶς
2651 4736 2744 4792 οὖν
2776 4737 3099 4808 θεσπίζομεν
3133 4738 3212 4789 ἔτι
3241 4737 3376 4808 πρὸς
3398 4737 3689 4801 συνάφειαν
3719 4734 3921 4802 ἑτέρου,

2364 4829 2453 4879 τὸν
2507 4830 2797 4899 ἀπείρατον
2847 4829 3189 4899 μεμενηκότα
3222 4828 3319 4896 τῆς
3356 4823 3727 4894 αἰχμαλωσίας
3777 4823 3924 4892 ἔρχε-

2366 4919 2511 4981 σθαι,
2542 4922 2635 4971 καὶ¹
2664 4921 2732 4972 τὰ
2779 4921 2920 4989 ἑξῆς.
2941 4920 3175 4990 Ἀναιρεῖ
3209 4919 3263 4971 δὲ
3311 4919 3344 4986 ἠ
3382 4913 3600 4983 τοιαύτη
3634 4914 3807 4984 νεαρά
3833 4914 3923 4983 τὴν

2378 5009 2794 5060 Ἰουστινιάνειον
2822 5009 2921 5078 ριξ¹
2944 5008 3141 5079 νεαρὰν
3164 5007 3260 5077 τὴν
3291 5004 3547 5073 κειμένην
3573 5004 3630 5054 ἐν
3654 5002 3821 5073 βίϐλῳ
3845 5011 3921 5072 κη’

2364 5097 2541 5150 τίτλου
2571 5096 2613 5160 ζ·
2639 5100 2729 5149 καί
2758 5098 3053 5166 λέγουσαν,
3092 5101 3279 5154 Ἔστιν
3294 5102 3381 5153 ὅτε
3396 5097 3615 5151 λύεσθαι
3639 5094 3731 5146 τὸν
3757 5094 3922 5147 τοιοῦ-

2364 5207 2454 5241 τον
2487 5188 2660 5257 γάμον
2685 5205 2697 5216 ’
2742 5188 2879 5257 πλὴν
2914 5191 2947 5258 ἡ
2980 5194 3197 5258 τοιαύτη
3229 5185 3395 5254 νεαρὰ
3421 5182 3603 5253 χώραν
3633 5185 3769 5255 ἔχει,
3808 5188 3923 5247 ὅταν

2367 5284 2399 5351 ἡ
2432 5280 2922 5350 αἰχμαλωτισθείσα
2949 5282 3045 5332 οὐκ
3069 5278 3295 5349 ἐμιάνθη
3321 5276 3470 5346 παρὰ
3487 5276 3590 5328 τῶν
3617 5278 3919 5351 βαρϐάρων.

2368 5371 2621 5424 Τοιούτου
2647 5369 2699 5420 δέ
2732 5385 2872 5430 τινος
2918 5370 3214 5435 γεγονότος,
3245 5364 3425 5436 χώραν
3456 5365 3632 5436 έχουσι
3664 5370 3735 5421 τά
3773 5372 3829 5422 ἐν
3856 5368 3925 5438 πῖ)

2371 5461 2586 5534 ῥηθέντι
2607 5446 2890 5525 *κεφαλαίῳ
2920 5456 3012 5508 τοῦ
3042 5457 3083 5520 ξ’
3110 5454 3330 5524 βιϐλίου.

2441 5552 2677 5606 ΖΩΝΑΡ.
2742 5549 3035 5619 Βαρϐάρων
3075 5547 3403 5601 ἐπελθόντων
3448 5548 3649 5619 χώραις
3694 5552 3924 5620 Ῥωμαῖ..

2372 5649 2511 5707 καῐς,
2535 5644 2627 5695 καὶ
2652 5640 2993 5709 ληῖσαμένων
3024 5638 3210 5700 αὑτὰς,
3233 5641 3282 5689 οἱ
3308 5642 3431 5711 παρ’
3455 5642 3631 5693 αὐτῶν
3663 5642 3923 5711 αἰχμαλω-

2370 5736 2636 5797 τισθέντες
2665 5732 2950 5798 ἐγεύσαντο
2989 5728 3363 5791 εἰδωλοθύτων,
3396 5730 3427 5799 ἦ
3457 5732 3547 5783 καὶ
3576 5732 3755 5783 ἄλλων
3788 5735 3920 5798 ἁπη-

2373 5830 2711 5898 γορευμένων
2751 5827 3065 5896 βρωμάτων.
3086 5824 3362 5894 Ἦρωτήθη
3414 5822 3504 5879 οὖν
3554 5828 3681 5896 περὶ
3730 5826 3922 5878 τούτων
