4098 6362
192 388 331 442 1095

1434 386 1766 442 ειηετοω
1800 389 2167 447 CANONICA.
2218 412 2231 419 ·
2322 396 2325 399 “

3266 402 3405 456 1026

187 510 217 559 ὸ
242 508 416 573 ἅγιος,
443 505 538 558 καί
571 521 751 574 φησιν,
786 505 866 556 δτι
900 505 947 555 εἰ
976 502 1174 572 ἔφαγον
1224 504 1271 555 οἰ
1312 504 1644 573 αἰχμάλωτοι
1684 505 1749 557 τὰ

1854 516 2090 570 sanctus,
2120 509 2306 575 aitque
2326 508 2370 561 si
2405 524 2524 579 qua:
2550 524 2580 563 a
2614 511 2849 567 dominis
2877 514 3009 583 ipsis
3030 514 3272 583 apposita
3296 516 3408 571 inec

188 598 339 668 παρὰ
369 598 481 649 τῶν
514 595 1059 665 αἰχμαλωτησάντωνΔ
1086 596 1280 659 αὐτοὺς
1321 595 1746 665 παρατιθέμενα,

183 690 345 742 τοῦτο
373 691 433 741 οὐ
469 689 640 759 βαρεῖ,
672 688 791 741 ἀντὶ
813 686 927 750 τοῦ,
953 688 1014 739 οὑ
1046 686 1264 756 βαρεῖαν
1288 688 1501 753 ἐμποιεῖ
1526 686 1745 756 βλάϐηνσ

188 784 283 835 καὶ
326 781 524 852 μᾶλλον
566 780 649 833 ὅτι
695 774 773 842 εἷς
820 778 975 846 λόγος
1016 779 1166 849 παρὰ
1195 779 1431 839 πάντων,
1458 781 1623 849 ἡγουν
1666 780 1749 832 ὃτι

187 875 389 936 πάντες
414 872 473 924 τὸ
498 870 629 924 αὐτὸ
659 870 922 938 λέγουσιν,
945 872 1027 923 ὃτι
1053 872 1102 923 οἰ
1120 870 1189 923 τὰ
1213 871 1455 940 ἡμέτερα
1486 871 1751 942 καταδραο

190 963 383 1032 μόντες
415 960 678 1031 βάρϐαροι
701 959 937 1022 εἰδώλοις
967 960 1065 1012 οὐκ
1087 958 1300 1017 ἔθυσαν,
1329 958 1468 1010 ὥστε
1510 959 1629 1011 οὐδὲ
1670 963 1747 1012 εί-

186 1054 457 1105 δωλόθυτα
488 1052 686 1119 ἔφαγον
726 1051 775 1103 οἱ
818 1050 1164 1119 αἰχμάλωτοι.
1206 1050 1447 1119 Παράγει
1472 1049 1530 1101 δὲ
1560 1050 1653 1101 καὶ
1682 1051 1745 1101 ὲκ

128 1130 132 1134 ’
186 1143 281 1196 τοῦ
321 1143 641 1196 ’Δποστόλου
672 1144 891 1213 χρήσεις
932 1142 1024 1195 καὶ
1068 1143 1131 1194 ἐκ
1170 1141 1261 1193 τοῦ
1296 1141 1649 1207 Εὑαγγελίουο
1682 1142 1745 1193 ὲκ

193 1236 291 1304 μὲν
309 1235 404 1287 τοῦ
449 1232 762 1287 Ἀποστόλου
789 1234 870 1295 τὸ,
894 1232 1256 1300 Τὰβρώματα
1300 1231 1374 1298 τῇ
1404 1234 1618 1296 κοιλίᾳ,
1648 1232 1741 1285 καὶ

190 1329 227 1392 ἡ
269 1327 467 1379 κοιλία
509 1325 631 1390 τοῖς
666 1324 967 1393 βρώμασι’
1004 1323 1093 1375 καὶ
1119 1322 1187 1375 τὰ
1218 1322 1439 1391 ἐξῆς.⁶“0
1466 1323 1521 1374 δὲ
1552 1322 1745 1394 χωρίον

190 1416 317 1485 περί
348 1415 661 1485 πλησμονῆς
690 1416 831 1482 λέγει
870 1415 963 1466 καὶ
984 1416 1438 1485 γαστριμαργίας.
1470 1418 1578 1468 Καὶ

192 1524 335 1576 ματα
360 1506 459 1575 μὲν
484 1506 552 1558 τὰ
578 1506 802 1575 περιττὰ
832 1505 1084 1573 ὀνομάζει
1117 1507 1209 1558 καὶ
1236 1508 1335 1575 τὴν
1361 1509 1570 1577 τρυφήν
1588 1526 1603 1538 ⁸
1632 1527 1745 1561 κοι-

189 1596 307 1649 λίαν
345 1597 403 1649 δὲ
436 1597 535 1667 τὴν
564 1598 1017 1668 γαστριμαργίαν,
1050 1598 1162 1651 ἀλλ’
1199 1598 1318 1666 οὐχὶ
1356 1600 1455 1668 τὴν
1483 1600 1741 1671 γαστέρα.

190 1688 286 1742 Διὰ
300 1689 358 1739 δὲ
376 1688 577 1741 τούτων
598 1689 953 1752 ὁἈπόστολος
990 1689 1135 1757 λέγει
1156 1730 1170 1755 ,
1196 1691 1277 1742 ὅτι
1296 1692 1329 1759 ἡ
1356 1690 1627 1759 ἀδηφαγία
1652 1692 1746 1743 καὶ

187 1781 222 1847 ἡ
256 1780 434 1849 τρυφὴ
466 1782 531 1849 τῇ
562 1780 964 1849 γαστριμαργίᾳ
988 1782 1197 1849 ἀνήκει,
1221 1779 1333 1832 ἀλλ’
1358 1781 1419 1832 οὐ
1448 1780 1583 1849 πρὸς
1614 1780 1745 1833 Θεὸν

1852 608 1971 651 iant
2016 598 2210 665 captivi
2255 601 2624 668 comederunt,
2671 605 2720 657 id
2758 620 2864 659 non
2908 621 3153 674 gravare,
3191 606 3292 663 boc
3326 617 3409 661 est

1847 704 2009 757 grave
2034 690 2289 743 damnum
2317 692 2536 747 minime
2560 693 2786 762 afferre;
2818 698 3113 765 praesertim
3132 699 3273 766 quod
3298 714 3405 753 una

1846 779 1987 847 apud
2015 795 2204 835 omnes
2232 792 2313 835 est
2346 783 2508 843 tanta.
2555 787 2668 839 sive
2715 788 2857 855 quod
2892 802 3080 842 omnes
3115 790 3254 844 idem
3301 791 3405 845 hoc

1845 866 2131 932 aﬂirmant,
2163 866 2425 927 barbaros
2452 875 2542 942 qui
2574 886 2786 929 nostras
2810 877 3054 945 regiones
3086 880 3404 936 incursioni.

1844 958 1948 1011 bus
1995 968 2296 1022 vastarunt,
2347 977 2687 1032 nequaquam
2742 966 2899 1021 idolis
2944 969 3301 1037 sacriﬁcasse,
3346 982 3402 1026 nt

1847 1050 2069 1117 proinde
2107 1065 2289 1120 neque
2330 1054 2523 1117 captivi
2556 1056 2851 1127 idolotbyta
2891 1060 3239 1117 comederint.
3270 1060 3402 1116 Pro-

1845 1136 1949 1191 fert
1998 1151 2127 1192 vero
2165 1154 2290 1193 cum
2324 1157 2391 1194 ex
2426 1142 2702 1213 Apostolo,
2732 1154 2843 1219 tum
2892 1162 2957 1199 ex
3006 1146 3291 1218 Evangelia
3320 1154 3405 1203 ιΙι·-·

1844 1238 2089 1297 prompta
2131 1232 2369 1287 oracula.
2407 1234 2482 1288 Ex
2516 1237 2770 1305 Apostolo
2818 1241 3033 1307 quidem
3084 1240 3230 1305 illud,
3262 1241 3397 1296 Esca

1843 1321 2027 1384 ventri,
2053 1333 2103 1375 et
2146 1333 2319 1377 uenter
2361 1329 2517 1390 escis;
2544 1337 2598 1381 et
2624 1343 2745 1397 qua?
2788 1330 3101 1399 sequuntur.
3140 1332 3237 1397 Qui
3269 1349 3399 1389 sane

1844 1409 1997 1465 locus
2033 1413 2098 1465 de
2130 1414 2360 1483 ingluvie
2388 1432 2451 1471 ac
2489 1418 2813 1473 belluatione
2838 1431 2918 1473 est
2942 1424 3301 1489 accipiendns.
3324 1426 3398 1477 Ac

1844 1514 1984 1554 esca:
2014 1504 2230 1570 quidem
2281 1506 2517 1569 nomine,
2549 1524 2999 1577 supervacaneam
3032 1514 3136 1566 cibi
3170 1515 3399 1581 copiam,

1848 1593 2142 1662 lusumque
2199 1598 2445 1667 intelligit
2476 1616 2488 1651 :
2522 1615 2615 1669 per
2656 1613 2893 1657 ventrem
2926 1615 3102 1658 autem
3136 1607 3401 1659 vmacita-

1846 1693 1977 1747 tem,
2006 1700 2113 1738 non
2143 1686 2319 1755 ipsum
2350 1690 2727 1744 ventriculum.
2758 1690 2959 1755 Iudicat
2989 1696 3150 1764 igitur
3180 1696 3262 1749 bis
3286 1713 3401 1749 ver-

1847 1773 1933 1827 bis
1974 1774 2282 1842 Apostolus,
2320 1780 2542 1833 nimiam
2596 1782 2702 1836 cibi
2748 1786 2957 1852 copiam
3005 1795 3058 1839 et
3109 1787 3291 1839 luxum
3334 1789 3401 1840 ad
3462 1828 3467 1849 χ

189 1872 365 1941 φέρει,
411 1870 509 1923 καῖ’
548 1874 614 1941 τῇ
660 1875 836 1942 τρυφῇ
883 1872 944 1923 τὸ
986 1873 1085 1942 τῆς
1114 1871 1547 1943 γαστριμαργίας
1582 1873 1749 1934 πάθος

1854 1864 2233 1922 belluationem
2259 1870 2568 1936 perducere,
2586 1888 2690 1926 non
2715 1876 2779 1927 ad
2806 1873 2970 1928 Deum
3000 1876 3171 1942 ferre;
3199 1880 3405 1931 luxum-

168 1962 478 2030 _-§ix2£orat,
508 1962 600 2015 καὶ
646 1961 867 2032 θάτερον
899 1961 1109 2033 θατέρῳ
1139 1962 1402 2015 δουλεύει·
1449 1964 1478 2014 ὀ
1524 1963 1579 2014 δὲ
1616 1963 1747 2025 θεὸς

190 2052 445 2120 ἄπρακτα
478 2052 571 2119 καὶ
595 2052 737 2121 ἀργὰ
766 2054 979 2123 ποιήσει
1009 2053 1196 2114 ταῦτα,
1222 2054 1360 2105 ὥστε
1391 2054 1463 2123 μὴ
1485 2055 1542 2119 ἐξ
1573 2056 1747 2107 αὐτῶν

190 2142 345 2205 τινὰς
378 2140 917 2210 βλάπτεσθαι.Ἔοικε
950 2145 1007 2197 δὲ
1039 2147 1066 2198 ὁ
1094 2146 1246 2212 ἆγιος
1273 2138 1424 2207 οὗτος
1451 2144 1748 2216 χρήσασθαι

190 2234 299 2295 τοῖς
345 2232 713 2297 ἀποστολικοῖς
764 2236 996 2306 ῥήμασιν
1026 2234 1252 2288 ἐνταῦθα
1274 2276 1288 2297 ,
1320 2236 1547 2297 δεικνὺς,
1574 2237 1654 2287 ὅτι
1684 2236 1751 2288 τὰ

190 2324 331 2375 κατὰ
355 2323 564 2395 τρυφὴν
595 2326 686 2377 καί
728 2325 1035 2395 ἀδηφαγίαν
1062 2326 1317 2395 γινόμενα
1352 2326 1747 2395 διαϐέϐληνται,

195 2411 286 2463 καὶ
322 2413 609 2481 ἐπιτιμίων
644 2414 778 2465 εἰσὶν
800 2412 944 2476 ἄξια,
973 2413 1033 2465 οὐ
1054 2413 1123 2465 τὰ
1148 2414 1214 2465 δι’
1238 2414 1481 2483 ἀνάγκην
1512 2416 1603 2466 καὶ
1634 2416 1751 2482 βίαν

193 2503 539 2572 σωματικήν·
592 2501 731 2555 ὥστε
785 2503 895 2568 κᾶν⁸
934 2503 1131 2571 ἔφαγον
1174 2505 1221 2554 οἱ
1268 2504 1595 2572 αἰχμάλωτοι
1633 2521 1751 2555 τινα

195 2593 455 2664 βρώματα
475 2593 582 2645 τῶν
609 2593 1087 2663 ἀπηγορευμένων,
1112 2594 1283 2647 δοῦλοι
1314 2596 1483 2658 ὄντες,
1526 2596 1593 2647 δι’
1616 2596 1748 2647 ἀπο-

196 2686 317 2755 ρίαν
347 2683 534 2754 ἑτέρας
564 2682 790 2754 τροφῆς,
818 2683 917 2752 τῆς
961 2683 1169 2750 φύσεως
1210 2684 1752 2754 τραφῆναιιβιαζομέ-

192 2793 309 2845 νης,
342 2778 403 2828 οὐ
454 2776 588 2845 βαρὺ
633 2776 808 2835 τοῦτο,
840 2775 916 2837 ώς
950 2776 1043 2828 καὶ
1086 2776 1384 2845 ἁμάρτημα
1414 2776 1746 2847 λογισθῆναι.

203 2867 299 2919 Ἐκ
323 2866 382 2919 δὲ
406 2866 499 2918 τοῦ
533 2868 859 2934 Εὑαγγελίου
882 2854 1145 2936 ἐχρήσατο
1170 2869 1277 2928 τοῖς
1302 2866 1393 2918 τοῦ
1420 2868 1620 2937 Κυρίου
1656 2870 1751 2939 ρή-

196 2973 330 3025 μασι
356 2961 468 3019 τοῖς
496 2958 762 3025 λέγουσιν,
794 2960 895 3019 ὅτι,
935 2960 1015 3011 Οὐ
1038 2958 1103 3010 τὸ
1126 2961 1618 3027 εἰσπορευόμενον
1642 2979 1754 3013 κοι-

191 3049 288 3101 νοῖ
310 3049 420 3101 τὸν
440 3048 747 3116 ἄνθρωπον
766 3067 777 3079 ⁶
805 3036 897 3103 sui.
922 3049 1091 3102 ταῦτα
1113 3050 1167 3101 δὲ
1194 3051 1327 3121 πρὸς
1340 3052 1439 3121 τὴν
1459 3052 1751 3123 εἰρημένην

190 3139 456 3191 τείνουσιν
498 3140 721 3193 ἔννοιαν.
772 3140 901 3205 Εἶτα
952 3140 1046 3193 καὶ
1095 3142 1223 3211 περὶ
1268 3143 1539 3208 γυναικῶν
1590 3160 1750 3215 φησιν

1850 1970 1955 2021 que
1986 1956 2303 2026 plerumque
2332 1962 2519 2013 vitium
2556 1962 2909 2019 ltelluationis,
2931 1971 3299 2037 consequitur,
3329 1971 3417 2023 alo‘

1852 2055 2136 2119 terumque
2168 2050 2320 2103 alteri
2351 2051 2616 2117 deservit;
2647 2054 2790 2109 Deus
2824 2067 3002 2111 autem
3036 2060 3184 2127 irrita
3214 2062 3326 2115 iure
3354 2072 3407 2116 et
3443 2078 3447 2082 '

1854 2150 2006 2189 cassa
2036 2138 2240 2202 reddet,
2276 2150 2336 2193 ut
2361 2141 2497 2194 nihil
2528 2158 2591 2196 ex
2628 2145 2965 2213 ipsisdamni
2995 2149 3247 2217 cuiquam
3275 2167 3406 2206 con-

1855 2226 2278 2295 tingat.Videtur
2302 2247 2465 2299 porro
2498 2234 2583 2288 hic
2607 2244 2827 2289 sanctus
2850 2236 2952 2291 hoc
2980 2238 3100 2293 loco
3127 2256 3256 2295 usus
3282 2258 3406 2311 apo-

1855 2320 2062 2374 stolicis
2093 2321 2295 2385 verbis,
2327 2332 2387 2376 ut
2426 2318 2819 2383 demonstraret
2847 2343 2966 2397 qua:
3000 2330 3069 2383 ob
3105 2327 3287 2385 nixum
3342 2349 3405 2387 ac

1854 2410 2170 2464 edacitatem
2204 2412 2358 2477 ﬁunt,
2388 2414 2638 2470 damnata
2669 2432 2788 2471 esse
2832 2433 2895 2473 ac
2942 2421 3114 2488 pcenis
3148 2422 3403 2488 obnoxia,

1856 2513 1962 2551 non
1994 2500 2117 2553 item
2150 2517 2211 2555 ea
2241 2518 2360 2571 qua:
2385 2505 2434 2555 vi
2468 2519 2531 2557 ac
2561 2506 2879 2560 necessitate
2911 2511 3152 2577 corporis
3182 2524 3406 2579 cogente

1854 2586 2233 2643 admittuntur.
2264 2589 2496 2645 Proinde
2536 2591 2745 2646 etiamsi
2790 2595 2943 2649 cibos
2968 2597 3179 2665 aliquos
3208 2600 3405 2652 vetitos

1854 2675 2051 2743 captivi
2100 2679 2451 2739 comederint.
2484 2695 2606 2734 cum
2653 2683 2792 2735 servi
2840 2694 3038 2746 essent,
3071 2686 3140 2739 ob
3184 2688 3404 2743 alterius

1854 2768 2095 2822 alimenti
2127 2770 2384 2839 inopiam,
2417 2772 2595 2826 cibum
2641 2774 2946 2828 necessario
2974 2787 3216 2837 cingente
3251 2790 3407 2831 natu-

1856 2872 1951 2923 ra;
1975 2871 2081 2910 non
2114 2869 2198 2913 est
2226 2860 2327 2913 hoc
2350 2874 2589 2927 eousque
2620 2877 2799 2928 grave,
2835 2871 2893 2915 ut
2928 2873 2980 2916 et
3013 2866 3255 2919 criminis
3286 2868 3406 2920 loco

1856 2950 2105 3004 ducatur.
2141 2951 2220 3004 Ex
2248 2949 2536 3020 Evangelia
2563 2962 2742 3005 autem
2783 2968 2916 3014 usus
2946 2962 3025 3007 est
3063 2954 3165 3009 illis
3195 2953 3406 3011 Domini

1859 3041 2081 3096 verbis:
2124 3039 2247 3094 Non
2287 3043 2424 3110 quod
2451 3044 2613 3095 intrat
2655 3058 2746 3110 per
2790 3058 2868 3108 os,
2898 3046 3198 3113 coinquinat
3242 3047 3404 3098 homi-

1856 3146 2013 3194 nem;
2057 3140 2109 3185 et
2133 3133 2199 3184 ad
2225 3132 2469 3185 eamdem
2514 3133 2629 3187 haec
2669 3131 2885 3204 quoque
2915 3138 3232 3192 sententiam
3280 3139 3410 3193 reie-

190 3229 549 3298 αἰχμαλώτων
572 3226 658 3291 αἷς
688 3232 734 3281 οἰ
776 3230 1038 3301 βάρϐαροι
1076 3232 1500 3303 συνεφθὰρησαν.
1532 3234 1640 3287 Καὶ
1668 3236 1747 3285 δίο

1854 3232 2061 3275 runtur.
2103 3220 2238 3275 Hinc
2266 3224 2331 3277 de
2379 3224 2695 3279 mulieribus
2727 3244 2940 3297 quoque
2965 3230 3188 3299 captivis
3230 3247 3348 3298 qute
3377 3246 3407 3283 a

190 3320 322 3376 δωσι
355 3319 597 3391 γνώμην,
625 3322 725 3383 ὅτι,
755 3323 801 3373 εί
831 3321 926 3390 μὲν
955 3322 983 3372 ὁ
1018 3319 1205 3389 πρώην
1233 3322 1409 3373 αὐτῶν
1448 3322 1557 3390 βίος
1588 3342 1747 3376 κατε-

188 3408 501 3477 γνωσμένος
527 3402 617 3477 ἦν,
647 3408 914 3469 ὑπόπτους
940 3406 1109 3470 αὑτὰς
1142 3410 1283 3459 ποιεῖ
1310 3411 1342 3477 ἡ
1367 3412 1596 3480 πορνικὴ
1618 3412 1747 3474 ἕξις,

190 3502 287 3553 καί
330 3502 389 3551 ὲν
430 3498 509 3568 τῷ
546 3497 721 3571 καιρῷ
765 3497 863 3567 τῆς
893 3498 1297 3567 αἰχμαλωσίας-ο
1345 3502 1438 3551 καὶ
1480 3501 1568 3551 διὰ
1595 3501 1751 3554 τοῦτο

191 3591 497 3661 προχείρως
537 3591 727 3652 αὐταῖς
758 3589 817 3642 οὐ
856 3588 1203 3659 συνεύχεσθαι
1229 3590 1326 3648 δεῖ,
1354 3589 1485 3641 ἀλλὰ
1521 3590 1655 3659 μετὰ
1691 3592 1751 3643 τὸ

190 3682 473 3735 δουλεῦσαι
517 3681 716 3752 δηλαδὴ
749 3682 1219 3751 ὲπιτιμίοι;.Ἒξις
1252 3680 1295 3731 δ’
1324 3682 1488 3743 ἐστὶν,
1518 3682 1552 3750 ἡ
1582 3683 1752 3750 χρονί-

195 3776 336 3828 σασα
368 3773 646 3843 συνήθεια,
686 3774 779 3826 καὶ
807 3773 885 3842 τῷ
912 3772 1086 3842 χρόνῳ
1116 3772 1470 3839 παγιωθεῖσα,
1512 3774 1631 3841 ἥτις
1660 3772 1753 3823 καὶ

190 3865 356 3933 φύσει
386 3866 721 3937 προσέοικεν,
748 3864 886 3917 ὥστε
918 3867 975 3916 αἱ
1004 3865 1109 3933 μὴν
1132 3864 1371 3933 τοιαῦται
1393 3865 1487 3931 οὐχ
1512 3864 1751 3933 ἥμαρτον

193 3954 516 4022 βιασθεῖσαι.
549 3955 611 4006 Εἰ
639 3954 695 4006 δὲ
723 3956 751 4007 ὁ
780 3953 1037 4022 πρότερος
1068 3952 1245 4005 αὐτῶν
1275 3952 1385 4021 βίος
1412 3952 1638 4023 σώφρων
1664 3953 1755 4005 καὶ

192 4044 581 4114 ἀνεπίληπτος,
606 4043 951 4101 δουλωθεῖσαι
994 4045 1049 4097 δὲ
1092 4043 1184 4096 καὶ
1223 4042 1309 4095 διὰ
1351 4045 1447 4113 τῆς
1480 4044 1755 4113 αἰχμαλω-

156 4162 160 4171 ι
192 4135 343 4197 σίας,
385 4136 450 4187 ὲκ
482 4135 599 4203 βίας
632 4136 926 4203 ὑπέμειναν
970 4134 1065 4203 τὴν
1109 4132 1217 4187 τῶν
1264 4131 1549 4203 βαρὸἀρων
1578 4133 1752 4204 ὓϐριν,

192 4218 517 4293 ἀνέγκλητοι
549 4228 674 4277 εἰσι.
723 4226 832 4277 Καὶ
882 4224 1279 4295 παραδείγματι
1312 4224 1571 4292 κέχρηται
1602 4228 1665 4293 τῇ
1699 4227 1753 4277 ὲν

191 4314 271 4381 τῷ
300 4315 700 4384 Δευτερονομίῳ
725 4316 1047 4386 θεσμοθεσία
1066 4318 1132 4385 τῇ
1161 4314 1286 4384 περὶ
1316 4314 1414 4383 τῆς
1447 4313 1755 4381 βιασθείσης

195 4403 494 4475 παρθένου,
523 4404 589 4472 ἣν
614 4404 670 4455 ὲν
695 4406 895 4475 ἐρημίᾳ.
920 4407 949 4457 ὁ
971 4404 1292 4473 βιασάμενος
1319 4400 1553 4471 ἔφθειρε,
1579 4401 1757 4468 λεγού-

195 4519 267 4575 σῃ
292 4519 306 4531 ο
345 4502 457 4554 Οὐκ
486 4500 635 4553 ἔσται
664 4504 731 4571 τῇ
765 4503 959 4559 νεάνιδι
992 4503 1289 4575 ἁμάρτημα
1320 4498 1566 4551 θανάτου.

195 4605 311 4658 tur,
345 4595 412 4650 de
443 4594 649 4664 virgine
706 4595 813 4649 vim
871 4613 1049 4664 passa,
1098 4610 1263 4666 quam,
1312 4595 1365 4647 in
1412 4594 1702 4648 solitudine
1738 4592 2009 4662 quispiam
2062 4592 2285 4647 vioiavit
2336 4611 2347 4644 :

194 4701 485 4762 peccatum
510 4690 721 4743 mortis.

458 4796 459 4799 ‘
672 4822 676 4825 .
806 4780 1041 4832 ΚΔΝΩΝ
1086 4779 1177 4833 B'.'

1854 3312 2101 3367 barbaris
2130 3324 2397 3383 corruch
2427 3325 2572 3379 sunt,
2601 3312 2848 3384 disserit;
2881 3329 3040 3386 atque
3070 3321 3139 3372 ita
3168 3335 3408 3388 pronun-

1855 3404 1949 3456 tiat
1986 3422 1998 3456 :
2032 3404 2077 3458 si
2108 3404 2324 3473 quidem
2353 3407 2565 3462 illarum
2602 3419 2838 3463 anteacta
2870 3413 2973 3463 vita
3008 3394 3264 3466 damnata
3295 3415 3408 3468 ine-

1854 3504 1959 3559 rat,
1996 3509 2090 3548 eas
2116 3495 2278 3549 etiam
2313 3500 2640 3567 captivitatis
2671 3510 2907 3567 tempore
2952 3500 3269 3556 fornicarius
3318 3504 3409 3557 ba-

1857 3585 2003 3640 bitus
2031 3596 2314 3656 suspectas
2346 3589 2493 3650 facit,
2531 3590 2857 3658 proindeque
2898 3592 3039 3646 baud
3090 3591 3244 3646 facile
3278 3596 3409 3661 ipsis

1858 3674 1910 3730 in
1939 3681 2247 3747 precatione
2278 3682 2677 3735 communicare
2720 3692 2951 3750 Oportet,
2978 3684 3080 3736 nisi
3128 3684 3301 3739 debita
3333 3687 3408 3738 vi-

1855 3768 2049 3825 delicet
2095 3773 2419 3839 paenitentia:
2467 3781 2703 3839 tempora
2739 3772 3087 3854 expleverint.
3120 3773 3213 3829 Est
3253 3792 3413 3846 porro

1858 3860 2095 3924 habitus,
2126 3863 2379 3916 diuturna
2410 3876 2473 3915 ac
2504 3871 2740 3928 tempore
2767 3864 3079 3918 conﬁrmata
3123 3878 3411 3921 consuetu-

1856 3953 1948 4016 do,
1978 3968 2099 4021 qua:
2130 3942 2336 4005 natura:
2380 3953 2572 4005 similis
2606 3964 2710 4017 est,
2746 3963 2803 4007 ut
2836 3967 3116 4025 propterea
3146 3959 3409 4027 ejusmodi

1857 4043 2114 4096 mulieres
2144 4056 2484 4109 nequaquam
2512 4043 2561 4094 vi
2595 4054 2810 4098 coactas
2836 4061 3087 4112 peccasse
3112 4050 3408 4117 putandum

1859 4134 1948 4187 sit.
1979 4132 2132 4198 Quod
2164 4132 2207 4185 si
2238 4133 2467 4199 priorem
2499 4134 2663 4186 vitam
2697 4145 2842 4189 caste
2887 4153 2949 4190 ac
2979 4141 3111 4193 citra
3158 4140 3408 4194 oﬂ'ensio-

1860 4222 2265 4291 nem'egerunt,
2296 4230 2406 4275 tum
2439 4224 2682 4278 abductae
2718 4226 2769 4278 in
2798 4228 3105 4281 servitutem
3142 4230 3210 4282 ob
3242 4231 3408 4297 capti-

1857 4314 2097 4374 vitatcm,
2130 4328 2194 4365 cx
2221 4314 2471 4368 violentia
2504 4316 2854 4371 barbarorum
2890 4321 3264 4371 contumeliam
3294 4334 3408 4385 pas-

1859 4419 1933 4457 sa:
1956 4412 2101 4463 sunt.
2139 4405 2406 4468 immunes
2439 4418 2563 4461 sunt
2594 4423 2623 4460 a
2658 4409 2809 4475 culpa
2841 4426 2853 4460 :
2882 4410 3287 4475 exemplumque
3312 4408 3406 4483 ad-

1861 4495 2027 4561 bibet,
2056 4497 2199 4564 quod
2237 4496 2289 4549 in
2319 4495 2717 4551 Deuteronomii
2748 4498 3218 4551 constitutionibus
3244 4496 3410 4550 refer-

2397 4592 2513 4645 Non
2574 4593 2697 4654 erit,
2756 4590 2948 4665 inquit,
3006 4592 3410 4647 adolescentulie

2403 4773 2730 4828 CANONIL
2792 4754 2795 4757 ’

270 4894 293 4925 σ
335 4874 551 4947 Δεινὴή
584 4871 897 4932 πλεονεξία,
929 4873 1022 4924 καὶ
1066 4873 1165 4925 οὐκ
1213 4872 1325 4924 ἔστι
1364 4873 1431 4924 δι’
1477 4872 1750 4941 ἐπιστολῆς

1944 4888 1963 4920 ‹
2008 4866 2197 4921 Gravis
2226 4873 2307 4917 est
2352 4866 2575 4919 avaritia
2602 4872 2633 4929 ,‘
2666 4881 2766 4921 nec
2796 4877 3022 4935 possunt
3053 4883 3157 4920 una
3184 4868 3405 4934 epistola

199 4989 218 5017 ι
266 4967 406 5037 μιᾶς
431 4964 767 5036 παραθέσθαι
801 4962 869 5015 τὰ
898 4961 1014 5013 θεῖα
1038 4964 1365 5033 γράμματα,
1399 4967 1455 5017 ὲν
1496 4961 1575 5027 οἷς
1601 4966 1660 5015 οὐ
1698 4966 1756 5017 τὸ

200 5078 218 5108 ε
257 5056 543 5127 λῃστεύειν
569 5057 725 5126 μόνον
750 5054 968 5125 φρικτὸν
990 5052 1080 5104 καὶ
1108 5054 1367 5122 φρικῶδες
1402 5056 1757 5122 καταγγέλλε-

202 5172 218 5201 ι
254 5138 359 5202 ’τὰι
385 5187 401 5211 ,
442 5147 575 5200 ἀλλὰ
611 5148 836 5200 καθόλου
872 5144 930 5197 τὸ
968 5143 1303 5195 πλεονεκτεῖν
1336 5146 1427 5196 καὶ
1466 5146 1755 5214 ἀλλοτρίων

202 5264 221 5293 ι
255 5238 599 5309 ζκρὼπτεσθαι
642 5241 733 5292 ἐπὶ
773 5234 1205 5308 αἰσχροκερδείᾳο
1250 5234 1342 5286 καὶ
1388 5236 1493 5295 πᾶς
1524 5236 1761 5297 τοιοῦτος

201 5355 219 5384 ι
258 5331 601 5400 ἐχιήρυκτος
634 5328 953 5398 Ἐκκλησίας
997 5324 1149 5378 Θεοῦ.
1180 5324 1250 5375 Τὸ
1278 5324 1332 5374 δὲ
1365 5325 1424 5374 ἐν
1454 5325 1625 5393 καιρῴ
1661 5326 1759 5393 τῆς

203 5445 220 5475 ε
260 5405 637 5490 καταδρομῆς,
658 5421 717 5470 ὲν
753 5419 985 5490 τοσαύτῃ
1006 5418 1211 5487 οἰμωγῇ
1233 5414 1323 5467 καὶ
1347 5413 1612 5476 τοσούτοις
1628 5414 1759 5484 θρή-

202 5537 221 5567 ι
260 5503 662 5580 νοιςτολμῆσαί
694 5526 843 5572 τινας
862 5510 953 5562 τὸν
979 5507 1163 5576 καιρὸν
1203 5507 1291 5558 τὸν
1337 5506 1500 5557 πᾶσιν
1543 5503 1760 5573 ὄλεθρον

202 5626 224 5657 ι
261 5604 501 5674 φέροντα
522 5601 735 5671 νομίσαι
764 5602 969 5662 ἑαυτοῖς
995 5599 1181 5669 καιρὸν
1214 5594 1345 5650 εἶναι
1371 5594 1621 5664 κέρδους,
1666 5596 1759 5645 ἀν-

151 5733 160 5737 -
204 5718 224 5750 ι
262 5696 505 5767 θρώπων
527 5694 671 5746 ἐστὶν
688 5690 895 5745 ἀσεϐῶν
917 5693 1011 5744 καὶ
1034 5690 1335 5757 θεοπυγῶν
1351 5729 1366 5751 ,
1387 5689 1503 5741 οὐδὲ
1532 5688 1759 5756 ὑπερϐο-

202 5808 228 5841 σ
262 5789 367 5853 liv
412 5787 638 5854 ἀτοπίας
681 5782 927 5852 ἐχόντων.
960 5781 1118 5835 Ὅθεν
1141 5781 1281 5843 ἔδοξε
1326 5782 1447 5843 τοὺς
1489 5778 1757 5839 τοιούτους

1864 4978 1885 5010 ι
1930 4957 2154 5027 proponi
2186 4955 2495 5025 Scripturze,
2534 4957 2586 5010 in
2617 4959 2813 5026 quibus
2845 4974 2945 5009 non
2982 4959 3150 5009 solum
3183 4962 3407 5024 praedari

1866 5070 1884 5099 ι
1933 5047 2239 5116 fugiendum
2272 5047 2707 5118 horrendumque
2736 5048 3052 5117 pmdicatur
3073 5087 3087 5111 ,
3122 5046 3214 5100 sed
3256 5049 3406 5116 plura

1864 5161 1882 5191 ι
1927 5140 2087 5193 etiam
2128 5138 2535 5205 concupiscere,
2584 5149 2638 5193 et
2678 5139 2850 5193 aliena
2881 5145 3095 5204 propter
3140 5149 3291 5206 turpe
3329 5140 3409 5192 lu-

1865 5251 1884 5281 ι
1929 5245 2081 5286 crum
2106 5229 2401 5297 attingere:
2440 5241 2491 5285 et
2515 5232 2816 5299 quicunque
2840 5240 2922 5280 est
2942 5227 3227 5294 ejusmodi,
3263 5231 3306 5284 is
3328 5241 3407 5285 est

1870 5344 1887 5373 ε
1932 5339 1963 5375 a
1999 5320 2089 5374 Dei
2131 5318 2367 5375 Ecclesia
2400 5322 2699 5377 abdicatus.
2738 5318 2791 5371 In
2824 5328 3060 5386 tempore
3106 5328 3291 5372 autenr
3316 5321 3409 5383 in-

1870 5434 1888 5465 i
1934 5411 2232 5476 eursionis,
2266 5411 2319 5465 in
2346 5420 2493 5467 tanto
2528 5413 2670 5466 luctu
2703 5409 2967 5476 tantisque
2987 5406 3219 5471 ﬂetibus,
3248 5422 3406 5461 ausos

1870 5524 1889 5555 ι
1932 5517 2050 5559 esse
2090 5502 2299 5572 aliquos
2332 5511 2537 5570 tempus
2566 5500 2706 5569 quod
2745 5497 2994 5551 omnibus
3026 5498 3249 5551 exitium
3280 5496 3407 5549 alle-

1870 5615 1888 5646 ι
1930 5594 2113 5656 nebat,
2143 5594 2451 5647 existimare
2474 5605 2592 5645 esse
2624 5589 2723 5643 sibi
2754 5589 2885 5643 lucri
2917 5595 3124 5659 tempus
3150 5629 3165 5653 ,
3209 5596 3286 5640 est
3314 5586 3410 5639 bo-

1869 5705 1888 5735 ‹
1934 5685 2138 5738 minum
2182 5686 2467 5753 impiorum
2499 5688 2552 5735 et
2584 5677 2691 5733 Deo
2738 5678 3062 5741 invisorum,
3094 5685 3143 5731 et
3178 5691 3407 5743 quorum

1871 5796 1889 5826 ι
1932 5776 2259 5845 improbitati
2285 5774 2414 5827 nihil
2438 5779 2611 5841 potest
2628 5769 2815 5838 adjici.
2842 5767 2992 5825 Unde
3018 5782 3203 5824 omnes
3233 5765 3406 5819 istius
