4098 6362
686 375 822 434 1027

1807 384 1866 441 s.
1907 383 2237 442 esseom:
2274 346 2781 444 mtuuuunci

3781 383 3908 439 mil

585 484 587 486 ’
685 474 720 542 ι’
751 492 896 557 modi
930 493 1179 549 abdicare
1203 495 1377 573 visum
1406 452 1508 558 est.
1535 511 1602 551 ne
1633 497 1771 552 forte
1794 498 1846 551 in
1875 509 2045 553 totum
2072 513 2243 567 popu-

2353 516 2372 549 ι
2408 492 2724 572 ἐκκηρύξαι,
2759 501 2967 572 μήποτε
2996 503 3079 570 ἐφ’
3105 502 3223 568 ὅλον
3254 499 3381 573 ἔλθῃ
3409 501 3499 554 τὸν
3526 500 3656 555 λαδν
3696 503 3730 573 ἡ
3773 501 3908 572 ὀργὴ

631 635 633 637 ,
685 600 703 633 ι
752 583 859 635 lum
888 583 970 637 ira
1003 583 1200 649 veniat,
1229 571 1364 638 etin
1393 600 1488 640 eos
1520 587 1753 654 primum
1777 587 1870 654 qui
1900 596 2158 655 praesunt,
2193 596 2247 639 ct

684 692 704 723 ι
752 689 857 728 non
889 674 1188 743 inquirunt.
1222 674 1424 730 Vereor
1452 678 1617 742 enim,
1651 686 1709 730 ut
1742 677 1818 731 ait
1846 677 2147 747 Scriptura,
2180 694 2247 731 ne

685 783 702 813 ι
750 752 947 832 impius
995 766 1202 834 justum
1246 783 1351 820 una
1390 783 1573 822 secum
1617 768 1806 837 perdat
1845 770 1888 822 '.
1939 767 2246 822 Form’catio

683 872 702 905 ι
747 856 912 917 enim,
949 856 1154 924 inquit,
1196 868 1243 911 et
1278 859 1538 923 avaritia,
1584 874 1674 926 per
1702 874 1819 928 qua:
1856 861 1992 914 venit
2034 861 2120 912 ira
2154 858 2248 912 Dei

683 966 700 994 ι
751 948 805 999 in
847 947 987 1016 ﬁlios
1022 947 1382 1000 inobedientite
1409 961 1424 1000 :
1451 962 1514 999 ne
1555 949 1677 1001 sitis
1702 965 1824 1017 ergo
1869 965 2047 1002 eorum
2077 953 2246 1018 parti-

685 1055 703 1086 ι
745 1039 899 1105 cipcs.
929 1036 1127 1089 Fuisti:
1157 1039 1294 1088 enim
1318 1036 1605 1105 aliquando
1626 1037 1883 1091 tenebrw:
1915 1054 2049 1091 nunc
2072 1048 2246 1092 autem

681 1145 703 1178 ι
749 1128 842 1180 lua:
891 1128 946 1180 in
994 1126 1236 1180 Domino.
1281 1125 1348 1182 Ut
1381 1127 1482 1194 ﬁlii
1527 1126 1660 1180 lucis
1709 1127 1973 1182 ambulate
2022 1129 2245 1199 (fructus

686 1237 703 1268 ι
748 1218 884 1271 enim
934 1217 1064 1269 lucis
1096 1225 1170 1269 est
1203 1217 1258 1270 in
1290 1218 1430 1270 omni
1453 1217 1756 1279 bonitate,et
1770 1219 2005 1286 justitia,
2035 1232 2084 1273 et
2115 1222 2246 1273 veri-

664 1301 702 1361 ἰ
748 1310 911 1377 tate),
961 1310 1234 1377 probantes
1279 1306 1416 1377 quod
1467 1309 1538 1361 sit
1592 1307 1699 1361 Deo
1745 1321 2050 1378 acceptant:
2078 1322 2145 1364 ει
2185 1329 2246 1365 ne

685 1415 702 1447 ι
744 1399 1122 1450 communicate
1151 1393 1478 1466 iufrugifrris
1505 1396 1744 1465 operibus
1771 1383 2119 1464 tenebrarum,
2155 1401 2244 1453 sed

683 1506 704 1538 ‹
747 1489 918 1554 potius
953 1488 1111 1540 etiam
1153 1486 1464 1557 redarguite.
1504 1486 1634 1551 Qui;
1667 1488 1911 1542 enimah
1951 1491 2079 1559 ipsis
2110 1491 2242 1558 ﬁunt

685 1600 704 1634 ι
748 1583 1076 1650 clanculum,
1125 1593 1272 1650 turpe
1311 1594 1387 1637 est
1430 1584 1511 1637 vel
1532 1584 1721 1638 dicere.
1778 1584 1972 1640 Omnia
2008 1599 2181 1641 autem
2213 1605 2243 1639 α

686 1697 702 1726 ι
747 1678 860 1729 luce
891 1678 1121 1729 convicta
1148 1676 1559 1744 manifestatum
1586 1677 1650 1731 ¹⁶.
1696 1676 1820 1732 Haec
1855 1665 2071 1748 quidem
2109 1675 2275 1750 Apo?

685 1787 703 1820 ι
751 1769 946 1823 stolus.
999 1766 1055 1821 Si
1103 1775 1294 1820 autem:
1314 1767 1406 1837 qui
1445 1776 1662 1836 propter
1697 1771 1929 1838 priorem
1961 1773 2114 1841 plura
2150 1756 2246 1826 ha—

684 1880 702 1911 ι
749 1859 909 1914 bendi
962 1859 1348 1927 cupiditatem,
1401 1875 1523 1928 quae
1578 1861 1632 1914 in
1668 1877 1798 1930 pace
1845 1863 1981 1924 fuit,
2028 1877 2242 1932 poenam

686 1970 704 2001 ι
749 1950 915 2014 dant,
965 1949 1017 2002 in
1069 1951 1186 2018 ipso
1217 1949 1311 2003 ira:
1344 1958 1584 2019 tempore
1617 1967 1811 2008 rursus
1855 1954 1920 2007 ad
1965 1955 2246 2009 avaritiam

687 2062 705 2092 ι
750 2051 1168 2105 convertuntur,
1197 2040 1597 2097 lucrifacieutes
1628 2050 1704 2096 ei
1724 2045 1986 2115 sanguine
2025 2053 2080 2098 et
2118 2060 2250 2113 ρετ-

685 2153 704 2184 ι
749 2133 890 2187 nicle
926 2147 1234 2187 eversorum
1278 2127 1589 2203 hominum,
1624 2135 1958 2201 captivorum
1979 2175 1994 2198 ,
2029 2134 2248 2189 interfe-

686 2243 706 2276 ι
752 2233 1000 2287 ctorum;
1049 2222 1176 2290 quid
1219 2220 1364 2274 aliud
1407 2224 1829 2290 exspectandum
1867 2231 1969 2285 est,
1995 2239 2156 2292 quam
2191 2232 2248 2277 ut

689 2333 708 2365 ι
754 2313 980 2367 avaritia
1003 2313 1342 2366 decertantes
1374 2310 1510 2364 iram
1545 2311 1649 2366 sibi
1678 2320 1731 2366 et
1753 2313 2011 2368 universo
2049 2315 2252 2389 populo.

691 2423 711 2456 ι
759 2403 1185 2463 αοουηιυιειιιῖι
1240 2402 1242 2404 ’
1349 2389 1357 2398 ’

752 2582 914 2640 Βλιε.
952 2583 1010 2639 1η
1043 2594 1279 2654 tempore
1320 2584 1667 2650 incursionis,
1710 2583 1931 2654 quidam
1965 2598 2032 2639 ex
2061 2583 2249 2638 ortho-

687 2677 847 2731 doxis
875 2678 1252 2744 corripuerunt
1274 2691 1360 2730 res
1386 2691 1506 2744 quae
1533 2677 1875 2745 captivorum.
1895 2673 2248 2743 depraedatio-

688 2781 809 2820 ncm
849 2764 1168 2835 eﬂ'ugerunt.
1224 2764 1298 2819 De
1329 2765 1413 2818 his
1445 2779 1572 2834 ergo
1622 2766 1984 2833 interrogatus
2027 2771 2268 2817 sanctus-

685 2856 837 2916 dicit,
864 2857 1006 2924 quod
1032 2855 1278 2924 quisquis
1311 2863 1394 2909 est
1425 2869 1642 2920 avarus,
1677 2863 1760 2908 est
1788 2854 1857 2906 ab
1884 2852 2120 2907 Ecclesia
2155 2852 2250 2905 ab-

685 2947 917 3010 dicatus,
965 2946 1015 3001 id
1053 2954 1156 3009 est,
1191 2946 1395 3015 ejectus
1434 2955 1488 3000 ct
1537 2947 1764 3000 alienus.
1816 2944 2078 3000 Dicuntur
2103 2945 2248 2997 enim

687 3034 916 3088 abdicati
953 3036 1044 3088 ﬁlii
1074 3037 1291 3103 quando
1322 3032 1749 3104 propter'aliqua
1793 3035 2016 3088 crimina
2049 3034 2116 3086 ab
2141 3032 2249 3085 hae-

2353 609 2371 639 ι
2410 592 2502 644 καὶ
2531 594 2614 644 ἐπ’
2637 592 2831 656 αὐτοὺς
2852 592 3065 662 πρῶτον
3094 595 3218 654 τοὺς
3261 591 3637 663 προεστῶτας,
3668 594 3798 654 τοὺς
3821 593 3908 663 μὴ

2354 700 2370 731 ι
2414 682 2817 754 ἐπιζητοῦντας.
2861 683 3132 755 Φοϐοῦμαι
3166 685 3273 756 γὰρ
3294 724 3307 746 ,
3351 684 3426 749 ὡς
3448 687 3482 755 ὴ
3515 683 3706 755 Γραφὴ
3743 683 3907 752 λέγει,

2353 790 2371 822 ι
2413 773 2488 843 μὴ
2513 774 2848 848 συναπολέσῃ
2885 766 3085 845 ἀσεϐὴς
3107 775 3196 828 τὸν
3226 772 3448 829 δὶκαιον.
3481 774 3739 842 Πορνεία
3782 776 3907 844 γὰρ,

2353 881 2371 912 ι
2411 865 2573 934 φησι,
2615 867 2710 918 καὶ
2753 865 3090 930 πλεονεξία,
3117 865 3192 917 δι’,
3215 864 3507 933 ἂὲρχεται
3549 865 3588 930 ή
3631 863 3780 932 ὀργὴ
3809 865 3908 917 τοῦ

2352 971 2370 1004 ι
2416 953 2560 1006 Θεοῦ
2588 955 2683 1009 ἐπὶ
2710 955 2849 1021 τοὺς
2873 945 3039 1022 υἱοὺς
3076 956 3185 1024 τῆς
3212 956 3532 1021 ἀπειθείας.
3555 953 3654 1022 Μὴ
3677 950 3794 1008 οὖν
3827 955 3908 1022 τί·

2350 1063 2370 1096 ι
2404 1049 2587 1099 υνεσθε
2615 1047 2974 1116 συμμέτοχοι
2995 1045 3209 1100 αὐτῶν.
3227 1042 3360 1099 Ἦτε
3382 1044 3489 1114 γάρ
3509 1061 3652 1098 ποτε
3667 1046 3906 1110 σκότος,

2353 1155 2372 1186 ι
2409 1136 2525 1189 νῦν
2561 1136 2627 1190 δὲ
2651 1137 2774 1205 φῶς
2796 1139 2865 1190 ἐν
2879 1139 3090 1204 Κυρίῳ.
3130 1138 3221 1202 Ὡς
3247 1136 3424 1189 τέκνα
3443 1124 3632 1204 φωτὸς
3674 1149 3909 1202 περιπαρ-

2353 1245 2370 1278 ι
2414 1228 2561 1281 τεῖτε
2589 1230 2654 1287 (ὁ
2677 1228 2787 1297 γὰρ
2817 1229 3041 1295 καρπὸς
3061 1227 3163 1280 τοῦ
3195 1228 3388 1296 φωτὸς
3410 1229 3479 1282 ἐν
3510 1226 3679 1294 πάσῃ
3704 1227 3904 1294 ἀγαθο-

2352 1335 2369 1366 ι
2411 1319 2570 1384 σύνῃ
2594 1317 2690 1371 καὶ
2709 1319 2985 1388 ἀληθείᾳ)
3010 1358 3024 1381 ,
3063 1317 3472 1387 δοκιμάζοντες
3500 1320 3555 1372 τί
3588 1315 3911 1385 εὐάρεστον

2351 1425 2368 1456 ι
2411 1406 2488 1470 τῷ
2530 1407 2755 1475 Κυρίῳ,
2795 1408 2894 1460 καὶ
2938 1408 3024 1476 μὴ
3061 1410 3513 1478 συγκοινωνεῖτε
3553 1410 3678 1474 τοῖς
3719 1411 3907 1478 ἔργοις

2352 1516 2368 1546 ι
2411 1497 2534 1562 τοῖς
2577 1491 2867 1565 ἀκάρποις
2923 1499 3029 1552 τοῦ
3071 1500 3361 1566 σκότους,
3415 1499 3659 1568 μᾶλλον
3705 1500 3773 1552 δὲ
3814 1499 3908 1552 καὶ

2353 1605 2369 1636 ι
2406 1586 2703 1655 ἐλέγχετε·
2753 1588 2822 1641 τὰ
2851 1589 2961 1656 γὰρ
3011 1589 3209 1657 κρυφῇ
3255 1593 3546 1659 γινόμενα
3582 1593 3684 1644 ὑπ’
3722 1588 3912 1644 αὐτῶν

2352 1695 2370 1727 ι
2409 1679 2662 1745 αἰσχρόν
2693 1679 2823 1732 ἐστι
2856 1680 2951 1731 καὶ
2979 1679 3197 1754 λέγειν.
3246 1683 3322 1734 Τὰ
3343 1681 3410 1734 δὲ
3445 1684 3641 1736 πάντα
3668 1683 3908 1750 ἐλεγχό-

2354 1786 2372 1816 ι
2400 1784 2554 1834 pera.
2582 1768 2703 1822 ὑπὸ
2726 1768 2833 1822 τοῦ
2859 1769 3049 1836 φωτὸς
3081 1771 3459 1838 φανεροῦται.
3502 1772 3739 1825 Τοιαῦτα
3765 1773 3857 1841 μὲν
3883 1773 3910 1823 ὀ

2353 1874 2372 1906 ι
2431 1858 2772 1921 Ἀπὸστολος.
2819 1856 2942 1910 Ἐὰν
2975 1858 3050 1921 δὲ,
3074 1859 3159 1910 διὰ
3183 1861 3279 1930 τὴν
3314 1863 3582 1932 προτέραν
3606 1861 3908 1927 πλεονεξίαν

2351 1962 2371 1995 σ
2404 1945 2501 2021 τὴν
2527 1948 2582 1997 ἐν
2683 1948 2874 2018 εἰρήνῃ
2889 1949 3180 2017 γενομένην
3201 1950 3354 2020 δίκην
3375 1952 3666 2014 τιννύντες,
3691 1953 3748 2004 ἐν
3770 1953 3909 2022 αὐτῷ

2352 2053 2370 2084 ι
2408 2019 2485 2104 τῷ
2512 2035 2698 2106 καιρῷ-
2731 2037 2832 2106 τῆς
2872 2036 3039 2107 ὀργῆς
3087 2038 3245 2090 πάλιν
3292 2019 3426 2108 πρὸς
3467 2038 3564 2108 τὴν
3600 2019 3908 2103 πλεονεξίαν

2352 2141 2370 2174 ι
2405 2124 2717 2195 ἐκτραπῶσί
2742 2142 2903 2188 τινες,
2934 2126 3301 2196 κερδαίνοντες
3328 2127 3387 2190 ἐξ
3413 2126 3640 2196 αἵματος
3685 2127 3777 2180 καὶ
3803 2127 3910 2179 ὀλέο

2352 2233 2370 2264 ι
2408 2214 2536 2283 θρου
2564 2214 2860 2282 ἀνθρώπων
2897 2200 3541 2287 ἀναστάτωνγενομένων
3566 2217 3600 2288 ἢ
3630 2217 3902 2291 αἰχμαλώ-

2352 2323 2371 2356 ι
2405 2323 2529 2367 των,
2556 2307 2990 2374 πεφονευμένων,
3020 2309 3071 2360 τί
3095 2309 3278 2379 ἕτερον
3311 2311 3621 2380 προσδοκᾷν
3657 2311 3812 2382 χρὴῆ
3839 2310 3910 2371 ὡς

2353 2414 2372 2445 ι
2409 2396 2912 2472 ἐπαγωνιζομένους
2939 2399 3001 2468 τῇ
3031 2398 3330 2469 πλεονεξίᾳ,
3352 2399 3722 2471 ὲπισωρεῦσαι
3741 2399 3910 2472 ὀργὴν

2352 2505 2372 2536 ‹
2406 2487 2500 2539 καὶ
2522 2489 2729 2549 ἑαυτοῖς
2754 2487 2848 2546 καὶ
2878 2489 3040 2541 παντὶ
3065 2489 3143 2558 τῷ
3179 2488 3323 2560 λαῷς
3357 2507 3376 2538 t
3606 2472 3632 2518 ’-

2416 2578 2608 2631 ΒΑΛΣ.
2637 2578 2824 2648 Ἑν.τῷ
2847 2578 3020 2650 καιρῷ
3041 2580 3140 2649 τῆς
3164 2581 3270 2635 τῶν
3289 2579 3576 2652 βαρϐάρων
3597 2579 3909 2651 ἐπιδρομῆς.

2348 2653 2599 2738 ἥρπασάν
2629 2686 2771 2732 τινες
2800 2670 2907 2723 τῶν
2932 2670 3220 2741 ὀρθοδόξων
3243 2670 3311 2723 τὰ
3343 2670 3437 2742 τὴν
3479 2669 3769 2749 λεηλασίαν
3800 2668 3911 2722 διας

2348 2760 2586 2828 φυγόντα
2643 2760 2751 2813 τῶν
2825 2761 3358 2831 αἰχμαλωτισθέντων
3401 2760 3721 2830 πράγματα.
3759 2759 3912 2828 ’Περὶ

2337 2851 2549 2903 ’τούτων
2579 2845 2671 2904 οὖν
2706 2853 3000 2923 ἐρωτηθεὶς
3021 2853 3049 2904 ὁ
3096 2852 3268 2918 ἆγιος,
3294 2851 3477 2920 φησὶν,
3506 2851 3588 2902 ὃτι
3613 2853 3721 2913 πᾶς
3765 2849 3891 2901 πλεο

2347 2941 2546 3011 νέκτης
2575 2942 2908 3011 ἐκκήρυκτος
2949 2941 3048 3009 τῆς
3101 2939 3424 3009 Ἑκκλησίας
3450 2941 3619 3001 ἐστὶν,
3652 2939 3772 2990 ἀντὶ
3798 2937 3910 3004 τοῦ,

2347 3031 2648 3099 ἁπόόλητος
2686 3030 2781 3082 καὶ
2821 3030 3118 3101 ἀλλότριος.
3165 3030 3665 3108 Ἀποκηρύσσεσθαι
3693 3032 3800 3104 γὰρ
3828 3031 3912 3083 λέέ

689 3125 916 3205 reditate
943 3134 1164 3193 paterna
1192 3127 1513 3182 alienantur.
1556 3126 1612 3180 In
1648 3138 1885 3196 tempore
1917 3135 2096 3180 autem
2124 3124 2246 3179 tlis

2353 3139 2532 3189 γονται
2556 3123 2605 3173 οἱ
2630 3121 2733 3173 υἱοὶ
2760 3121 2886 3173 ὅταν
2924 3121 3013 3173 διά
3029 3139 3146 3174 τινα
3168 3122 3460 3189 αἰτιάματα
3480 3123 3543 3174 ἐκ
3571 3122 3668 3192 τῆς
3701 3122 3914 3191 γονικῆς

690 3214 1014 3267 calamitatis
1066 3213 1263 3283 audere
1306 3214 1788 3293 aliquem'facinus
1835 3217 2142 3285 ejusmodi,
2194 3226 2248 3272 et

681 3303 997 3358 ‘cxislimare
1042 3304 1270 3357 aliorum
1303 3305 1812 3374 calamitatemesse
1854 3308 1936 3363 sui
1978 3308 2113 3362 lucri
2158 3322 2279 3362 oc-'

689 3395 985 3459 casionem,
1009 3405 1092 3450 est
1118 3396 1407 3464 impiorum
1434 3397 1711 3450 hominum
1741 3407 1792 3451 et
1816 3397 1921 3452 Deo
1950 3399 2248 3453 invisorum

691 3498 744 3542 et
772 3488 865 3556 qui
897 3501 1110 3541 omnem
1138 3487 1535 3557 improbitatem
1565 3497 1839 3557 superant.
1893 3489 2042 3544 Unde
2076 3492 2250 3545 visum

691 3587 775 3631 est
799 3593 892 3631 eos
925 3578 1193 3643 abdicare,
1226 3593 1324 3647 pro
1366 3593 1431 3633 eo
1477 3580 1621 3648 quod
1652 3587 1970 3648 est,‘aperte
2011 3580 2250 3635 Ecclesia

660 3651 979 3734 expellere,
1029 3675 1082 3719 et
1130 3682 1160 3719 a
1211 3667 1445 3721 ﬁdelium
1477 3669 1820 3722 multitudine
1859 3685 2142 3737 separare:
2188 3687 2253 3724 ne

694 3767 910 3824 propter
940 3755 1086 3822 ipsos
1116 3757 1206 3809 Dei
1237 3757 1316 3809 ira
1353 3757 1407 3811 in
1441 3773 1628 3813 omnes
1660 3760 1855 3822 veniat,
1892 3770 1944 3814 ct
1973 3770 2096 3815 ante
2119 3763 2252 3816 alios

695 3846 751 3900 in
785 3861 876 3899 eos
904 3847 995 3913 qui
1036 3855 1305 3914 praesunt,
1340 3847 1432 3914 qui
1461 3847 1723 3915 ejusmodi
1756 3852 2001 3906 homines
2038 3869 2144 3906 non
2173 3854 2254 3907 in-

695 3936 918 4005 quirunt
948 3944 1000 3988 et
1024 3935 1352 3989 examinant.
1383 3935 1579 3990 Deinde
1609 3939 1884 4008 subjungit
1909 3943 2066 3995 etiam
2103 3949 2254 3996 testi-

686 4026 878 4083 .monia
917 4024 1226 4095 Scripturze,
1262 4035 1313 4080 et
1353 4027 1495 4080 circa
1532 4029 1688 4080 linem
1719 4028 1910 4082 infert:
1951 4030 2012 4084 Si'
2037 4034 2128 4100 qui
2161 4050 2254 4086 au-

698 4128 803 4169 tem
852 4125 1063 4183 prepter
1113 4132 1265 4170 suam
1305 4117 1628 4182 avaritiam,
1680 4133 1799 4185 quae
1857 4116 1957 4172 fuit
2021 4131 2258 4188 tempore

696 4205 888 4272 pacis,
938 4206 1147 4272 puniti,
1197 4207 1252 4259 in
1304 4209 1654 4262 barbarorum
1709 4209 1902 4263 iterum
1952 4210 2260 4266 incursione

698 4297 883 4349 eadem
919 4297 1286 4360 peccaverint,
1329 4297 1398 4360 ii,
1437 4299 1628 4366 inquit,
1663 4315 1769 4352 non
1799 4301 1969 4353 solum
2002 4301 2094 4355 Dei
2123 4303 2256 4356 iram

701 4385 753 4436 in
794 4400 850 4438 se
889 4385 1200 4448 attrahunt,
1237 4386 1328 4440 sed
1351 4387 1510 4440 etiam
1543 4390 1800 4445 adversus
1831 4408 2042 4446 omnem
2091 4384 2260 4464 popu-

2349 3211 2706 3282 κληρονομίας
2733 3207 3130 3282 ἁλλοτριῶνται.
3149 3213 3233 3286 ,Τὸ
3255 3212 3311 3264 δὲ
3343 3214 3398 3264 ἐν
3431 3211 3612 3283 καιρῴ
3640 3213 3916 3283 συμφορᾶς

2329 3300 2598 3373 ’τοιαύτης
2619 3303 2877 3374 τολμῆσαί
2909 3321 3027 3360 τινα
3049 3303 3284 3355 τοιοῦτον
3311 3321 3365 3356 τι
3397 3304 3565 3356 κακὸν
3586 3342 3601 3367 ,
3632 3304 3725 3356 καὶ⁸
3775 3304 3916 3371 λογί-

2352 3394 2544 3463 σασθαι
2569 3396 2804 3466 κέρδους
2827 3395 3076 3467 ἀφορμὴν
3103 3395 3199 3464 τὴν
3220 3395 3326 3447 τῶν
3350 3393 3591 3464 ἀδελφῶν
3616 3393 3914 3465 συμφορὰν,

2351 3485 2508 3555 ἔργον
2534 3487 2679 3538 ἐστὶν
2715 3486 3014 3557 ἀνθρώπων
3044 3484 3252 3538 ἀσεϐῶν
3280 3485 3372 3556 καὶ
3399 3485 3504 3538 ὑπὸ
3531 3485 3626 3539 τοῦ
3663 3485 3795 3540 Θεοῦ
3828 3503 3913 3554 μι-

2354 3574 2645 3644 σουμένων,
2672 3576 2762 3628 καὶ
2784 3574 3228 3643 πάσηςάτοπίας
3267 3575 3538 3627 ἐπέκεινα.
3569 3573 3726 3630 Ὅθεν
3770 3573 3912 3637 εδοξε

2350 3667 2474 3728 τοὺς
2493 3665 2762 3728 τοιούτους
2793 3651 3090 3735 ἐκκηρύξαι
3117 3664 3237 3717 ἀντὶ
3257 3663 3372 3729 τοῦ,
3411 3665 3657 3735 φανερῶς
3672 3662 3916 3727 ἐκδιῶξαι

2351 3754 2450 3823 τῆς
2489 3753 2843 3822 Ἑκκλησίας,
2882 3755 2974 3805 καὶ
3007 3753 3234 3822 χωρίσαι
3283 3753 3376 3806 τοῦ
3416 3753 3778 3824 πληρώματος
3812 3753 3914 3804 τῶν

2353 3845 2582 3899 πιστῶν
2619 3845 2704 3895 ἵνα
2735 3844 2807 3912 μὴ
2827 3843 2891 3894 δι’
2917 3843 3114 3906 αὐτοὺς
3147 3847 3178 3914 ὴ
3213 3844 3347 3915 ὀργὴ
3372 3843 3463 3896 τοῦ
3491 3842 3624 3894 Θεοῦ
3673 3841 3803 3912 ἔλθῃ
3826 3834 3914 3894 ἐπὶ

2356 3937 2580 3997 πάντας,
2613 3935 2704 3985 καὶ
2730 3933 2832 4004 πρὸ
2856 3933 2961 3985 τῶν
2989 3921 3159 3987 ἄλλων
3191 3935 3281 3986 ἐπὶ
3300 3937 3422 3996 τοὺς
3444 3932 3814 4000 προεστῶτας,
3837 3933 3908 4003 μὴ

2356 4023 2742 4094 ἐπιζητοῦντας
2769 4023 2860 4076 καὶ
2893 4023 3240 4089 ἐξετάζοντας
3279 4024 3402 4085 τοὺς
3447 4021 3734 4084 τοιούτους.
3788 4018 3916 4074 Εἶτα

2358 4119 2548 4184 ἐπάγει
2583 4117 2677 4169 καὶ
2708 4117 2982 4186 Γιραφικὰς
3018 4117 3315 4187 μαρτυρίας
3336 4153 3352 4176 ,
3382 4112 3475 4166 καὶ
3508 4115 3633 4184 περὶ
3670 4114 3729 4166 τὸ
3767 4114 3915 4176 τέλος

2358 4207 2631 4278 ἐπιφέρει·
2659 4208 2721 4259 Εἰ
2751 4207 2806 4258 δέ
2828 4224 2967 4270 τινες
2991 4206 3078 4259 διὰ
3106 4205 3414 4268 πλεονεξίαν
3444 4204 3740 4274 γενομένην
3792 4206 3915 4276 παρ’

2358 4300 2536 4353 αὐτῶν
2573 4300 2714 4353 κατὰ
2738 4300 2947 4369 τὸν-τῆς
2971 4299 3189 4368 εἰρήνης
3215 4296 3402 4365 καιρὸν
3422 4295 3795 4360 κολασθέντες,
3829 4297 3917 4347 πά-

2359 4392 2438 4443 λιν
2459 4393 2551 4445 καὶ
2580 4394 2658 4454 εἰς
2689 4392 2784 4461 τὴν
2810 4389 2913 4441 τῶν
2947 4387 3234 4457 βαρϐάρων
3260 4386 3443 4454 ἔφοδον
3470 4388 3536 4440 τὰ
3574 4386 3712 4440 αὐτὰ
3737 4388 3916 4456 ἦμαρ-

702 4476 832 4529 lum.
867 4474 991 4527 Ihec
1017 4490 1137 4526 cum
1169 4476 1239 4527 ita
1271 4491 1328 4528 se
1359 4476 1607 4541 habeant,
1633 4490 1756 4530 nota
1784 4494 1849 4532 ex
1876 4481 1976 4534 hac
2007 4485 2252 4549 praesenti

2358 4499 2466 4545 τον,
2497 4484 2546 4534 οἱ
2573 4481 2828 4544 τοιοῦτοι,
2862 4480 3024 4549 φησιν
3047 4517 3062 4540 ,
3105 4478 3165 4529 οὐ
3209 4476 3365 4547 μόνον
3405 4476 3522 4532 καθ’
3575 4477 3786 4531 ἑαυτῶν
3826 4478 3916 4547 τὴν

701 4567 946 4633 epistola,
987 4567 1128 4635 quod
1167 4568 1433 4635 episcopis
1462 4569 1790 4635 permittitur
1819 4585 2102 4625 avarorum
2132 4576 2252 4640 plu-

703 4669 868 4722 raque
901 4656 1126 4708 habendi
1167 4657 1482 4725 cupidorum
1532 4661 1828 4725 potentiam
1863 4661 2038 4726 pmnis
2081 4661 2256 4728 impo-

704 4745 820 4797 sitis
854 4758 1133 4797 coercere:
1178 4755 1229 4800 et
1263 4763 1355 4799 eos
1383 4747 1628 4815 quidem,
1663 4748 1787 4816 qui,
1834 4764 1953 4816 quae
1983 4765 2047 4801 ex
2090 4753 2258 4817 capti~

702 4838 865 4890 vitale
894 4834 1074 4887 relicta
1105 4845 1230 4888 sunt
1261 4837 1502 4890 ﬁdelibus
1524 4880 1538 4902 ,
1570 4841 1816 4906 rapiunt,
1845 4841 2055 4909 magnis
2086 4841 2257 4893 eccle-

703 4927 934 4982 siasticis
961 4925 1514 4981 animadversionibus
1543 4931 1834 4999 castigare;
1873 4933 1963 5000 qui
1992 4947 2097 4985 non
2134 4941 2260 4985 sunt

706 5028 885 5091 autem
967 5015 1230 5084 ejusmodi
1295 5031 1552 5083 rapaces,
1642 5022 1983 5077 mediocriter
2044 5021 2254 5091 punire.

705 5090 1062 5169 Quamobrem
1110 5117 1173 5157 ex
1227 5103 1311 5156 his
1359 5104 1423 5156 de
1485 5106 1788 5174 hujusmodi
1850 5090 2060 5165 ρειυεὶι(
2093 5112 2257 5165 laicos

709 5209 920 5262 quoque
959 5196 1192 5263 episc0pi
1234 5194 1331 5246 rite
1361 5194 1618 5261 judicent.
1665 5198 1944 5261 Quomodo
1987 5203 2130 5254 enim
2166 5217 2259 5255 eos

708 5287 963 5352 punienl,
1010 5287 1054 5339 si
1097 5301 1202 5354 non
1235 5285 1384 5353 prius
1428 5287 1621 5339 veritas
1655 5292 1999 5357 apparuerit?
2036 5292 2260 5360 Propter

709 5375 986 5428 avaritiam
1003 5385 1178 5428 autem
1213 5390 1241 5426 a
1268 5376 1498 5429 ﬁdelium
1522 5379 1898 5433 communione
1915 5383 2145 5450 aliquem
2164 5384 2258 5437 ab—

710 5466 898 5526 dicari.
932 5481 1175 5533 magnum
1209 5479 1308 5531 est,
1342 5478 1393 5522 et
1422 5483 1500 5521 vae
1535 5470 1739 5522 avaris!
1775 5469 1879 5523 Lex
1912 5488 2036 5528 vero
2065 5475 2258 5535 civilis,

709 5570 832 5610 eum
877 5555 968 5622 qui
1022 5557 1155 5624 rapit
1199 5574 1262 5611 ex
1304 5559 1552 5613 incendio
1596 5559 1677 5612 vel
1727 5574 1791 5612 ex
1834 5561 1989 5614 ruina
2033 5565 2258 5632 aedium,

791 5747 794 5750 ο
831 5703 967 5769 ϐεηζ
999 5722 1146 5778 xvm,
1172 5715 1258 5782 εὖ,
1288 5718 1375 5773 25.
1457 5722 1497 5750 '°
1526 5720 1723 5790 Ephcs.
1755 5736 1807 5784 ν,
1840 5721 1988 5774 κ-ιδ.

2359 4573 2527 4643 ὀργὴν
2550 4572 2641 4625 τοῦ
2681 4571 2814 4623 Θεοῦ
2858 4561 3172 4638 ἐφέλκουσιν
3195 4609 3210 4633 ,
3249 4569 3382 4624 ἀλλὰ
3417 4569 3688 4624 καὶ-κατὰ
3721 4567 3916 4629 παντὸς

2361 4661 2452 4712 τοῦ
2480 4660 2631 4712 λαοῦ.
2676 4659 2889 4711 Τούτων
2932 4657 3100 4720 οὕτως
3145 4658 3372 4728 ἐχόντων
3445 4661 3781 4729 σημείωσαι,
3841 4660 3915 4710 ὅτι

2361 4752 2454 4802 καὶ
2475 4751 2582 4803 ἀπὸ
2618 4749 2716 4817 τῆς
2747 4749 3024 4820 παρούσης
3063 4747 3346 4819 ἐπιστολῆς
3399 4751 3607 4816 ἐφεῖται
3651 4753 3766 4812 τοῖς
3807 4752 3916 4800 ἐπι-

2360 4839 2696 4902 σκόποιςτὰς
2727 4839 2831 4890 τῶν
2855 4839 3185 4892 πλεονεκτῶν
3221 4839 3532 4901 δυναστείας
3579 4837 3916 4892 ἀναστέλλειν

2356 4929 2441 4980 διὰ
2463 4920 2749 4998 ἐπιτιμίων
2770 4946 2782 4958 ’
2819 4930 2908 4982 καὶ
2933 4930 3056 4993 τοὺς
3085 4931 3179 5001 μὲν
3212 4930 3550 5000 ἁρπάζοντας
3595 4930 3662 4982 τὰ
3691 4931 3806 4982 ἀπὸ
3832 4929 3917 4992 τῆς

2357 5021 2724 5088 αἰχμαλωσίας
2742 5021 3149 5091 περιλειφθέντα
3182 5022 3477 5094 πράγματα
3497 5022 3606 5075 τῶν
3628 5023 3915 5092 ὀρθοδὸξιυν

2362 5109 2449 5161 διὰ
2486 5109 2727 5178 μεγάλων
2755 5111 3213 5182 ἐκκλησιαστικῶν
3249 5111 3594 5182 σωφρονίζειν
3627 5111 3912 5164 κολάσεωψ

2361 5200 2485 5259 τοὺς
2509 5199 2563 5249 δὲ
2594 5200 2665 5268 μὴ
2687 5200 2952 5265 τοιούτους
2977 5204 3222 5272 ἅρπαγας
3242 5204 3614 5272 μετριωτέρως
3644 5202 3913 5270 ἐπιτιμᾷν.

2363 5287 2500 5339 ῶστε
2542 5289 2648 5340 ἀπὸ
2697 5291 2946 5343 τοιούτων
3006 5293 3130 5360 περὶ
3187 5290 3432 5344 τοιούτων
3467 5292 3794 5367 ύποθέσεων
3836 5289 3918 5341 καὶ

2363 5380 2582 5440 λαῐκοὺς
2603 5380 2908 5450 ὲνδυνάμως
2936 5383 3022 5434 ἵνα
3057 5381 3344 5432 δικάσωσιν
3373 5383 3422 5433 οι
3451 5381 3768 5434 ἐπίσκοποι.
3806 5378 3918 5438 Πῶς

2359 5474 2473 5542 γὰρ
2504 5475 2880 5544 ἐπιτιμήσουσι
2923 5472 3143 5534 τούτους
3185 5472 3280 5542 τῆς
3311 5472 3561 5540 ἀληθείας
3597 5472 3671 5541 μὴ
3719 5474 3917 5537 ἀναφα-

2365 5567 2547 5633 νεξσης
2570 5566 2867 5635 πρότερον;
2899 5564 2971 5620 Τὸ
2997 5563 3052 5616 δέ
3085 5561 3171 5615 διὰ
3205 5562 3510 5627 πλεονεξίαν
3545 5560 3919 5634 ἀποκηρύσσε-
