4094 6354
747 383 879 439 1055

1841 382 1897 437 S.
1941 380 2270 438 GREGORII
2309 379 2819 438 THAUMATURGI

3827 389 3952 444 1058

741 509 934 557 curent
963 520 977 556 :
1007 509 1212 572 quanto
1250 500 1424 571 magis
1453 501 1612 556 debet
1645 502 1690 556 is
1719 502 1811 571 qui
1849 517 1940 557 res
1969 503 2171 557 invenit
2193 501 2297 556 fra-

2408 501 2688 571 εὑρέσεως·
2746 503 2896 571 πόσῳ
2951 502 3148 572 μᾶλλον
3199 504 3403 574 ὀφείλει
3428 494 3478 558 ’ό
3518 503 3695 576 εὑρὼν
3735 504 3950 573 ἀδελφοῦ

743 596 844 648 tris
873 593 1098 648 adversa
1127 593 1346 648 fortuna
1381 594 1607 658 utentis,
1641 600 1694 647 ct
1721 594 1775 647 in
1805 595 2174 663 captivitatem
2216 595 2307 647 ab-

741 688 1010 750 ducti,ch
1029 688 1284 742 barbaros
1303 685 1580 757 fugientis,
1608 696 1663 742 et
1689 687 1780 757 qui
1808 687 1860 740 in
1893 696 2041 741 tanta
2078 685 2306 741 necessi-

703 799 708 803 ·
743 789 852 833 tate
873 794 969 834 sua
989 779 1227 848 neglecta
1252 779 1488 848 reliquit,
1503 793 1596 833 eas
1619 789 1726 833 tam
1746 778 2082 833 infortunato
2098 778 2302 832 homini

742 871 1062 925 restituere?
1087 871 1262 940 Atque
1289 873 1402 925 hac
1431 872 1647 940 quidem
1675 880 1894 926 sanctus
1921 868 2175 924 describit
2204 885 2218 921 :
2253 878 2305 922 et

739 963 895 1016 docet
915 962 1166 1030 deinceps
1179 964 1452 1031 quomodc
1465 961 1642 1031 puniri
1665 961 1914 1024 debeant,
1928 969 1982 1013 et
2003 960 2094 1028 qui
2113 974 2198 1013 res
2212 972 2304 1013 eas

712 1052 715 1054 ’
743 1061 1056 1119 rapuerunt,
1077 1062 1128 1106 et
1164 1053 1255 1120 qui
1275 1067 1384 1106 non
1418 1033 1732 1121 rapuerunt,
1756 1051 1847 1105 sed
1883 1051 2224 1113 invenerunt,
2249 1057 2303 1101 et

744 1145 838 1214 qui
867 1151 1151 1213 postquam
1181 1143 1502 1197 invenerunt
1533 1157 1631 1196 eas
1655 1156 1762 1195 non
1789 1142 2161 1196 restituerunt.
2192 1137 2300 1192 Lex

738 1245 920 1288 autem
949 1234 1125 1287 civilis
1164 1233 1278 1287 haec
1310 1248 1568 1302 expresse
1592 1233 1722 1287 dicit
1765 1232 1817 1284 in
1846 1232 2079 1286 themate
2103 1231 2156 1291 5,
2180 1244 2298 1299 cap.

737 1329 827 1392 4⁵5,
864 1328 944 1380 ιίι.
982 1325 1069 1390 12,
1101 1325 1197 1379 lib.
1231 1341 1297 1378 ιι
1326 1341 1339 1376 :
1377 1325 1486 1397 Qui
1510 1340 1622 1379 rem
1655 1326 1886 1379 alienam
1918 1324 2179 1392 abjectam
2208 1337 2300 1375 ac-

739 1418 888 1486 cipit,
931 1425 991 1470 ut
1029 1430 1151 1469 eam
1190 1416 1451 1482 lucretur,
1493 1417 1708 1472 etiamsi
1750 1415 1966 1486 ignorat
1993 1414 2153 1483 cujus
2191 1413 2298 1478 sit,

737 1519 818 1564 est
846 1508 974 1563 furti
1004 1508 1202 1562 actioni
1237 1508 1506 1562 obnoxius
1534 1525 1546 1560 :
1577 1507 1684 1562 nisi
1716 1506 1859 1561 forte
1890 1506 2144 1560 dominus
2179 1518 2299 1558 eam

739 1600 811 1652 ita
841 1599 1139 1668 reliquerit,
1171 1606 1229 1650 ut
1263 1595 1421 1664 cujus
1451 1596 1655 1650 nullam
1698 1609 1887 1650 curam
1932 1606 2101 1664 gerat.
2148 1590 2302 1645 Tunc

738 1692 880 1743 enim
922 1690 1132 1742 etiamsi
1157 1697 1216 1740 ut
1246 1703 1308 1740 ea
1349 1690 1534 1740 iurans
1566 1688 1792 1755 ceperit,
1836 1687 2094 1756 quoniam
2132 1684 2302 1753 ipsius

737 1795 859 1834 esse
889 1779 1071 1842 desiit,
1099 1775 1227 1831 furti
1254 1791 1359 1828 non
1385 1784 1616 1830 tenetur.
1653 1773 1768 1829 Non
1799 1777 1942 1829 enim
1975 1773 2035 1827 lit
2073 1773 2299 1839 furtum,

739 1872 844 1926 nisi
879 1871 952 1925 sit
979 1869 1068 1924 cui
1098 1868 1301 1922 furtum
1347 1869 1456 1921 liat.
1502 1867 1558 1920 Si
1589 1876 1765 1920 autem
1797 1867 1941 1934 quod
1969 1882 2071 1918 non
2097 1877 2182 1920 est
2205 1880 2304 1935 pro

740 1959 996 2014 derelicto
1025 1958 1294 2021 habitum,
1333 1973 1430 2026 pro
1476 1956 1732 2010 derelicto
1771 1970 1890 2008 esse
1917 1955 2158 2008 habitum
2185 1955 2303 2007 exi-

743 2053 1001 2116 stimavit,
1047 2065 1155 2104 non
1203 2061 1288 2105 est
1321 2049 1442 2114 fur;
1478 2049 1726 2102 siautem
1773 2059 1871 2097 nec
1913 2057 2011 2113 pro
2049 2043 2304 2097 derelicto

742 2144 1062 2208 habebatur,
1092 2156 1192 2196 nec
1217 2155 1314 2210 pro
1334 2139 1589 2193 derelicto
1623 2136 1808 2190 haberi
1839 2134 2187 2198 existimavit,
2210 2149 2301 2188 ac-

743 2233 885 2303 cepit
907 2239 1090 2286 autem
1145 2237 1202 2283 ut
1244 2229 1466 2282 domino
1515 2225 1735 2278 invento
1785 2223 2052 2287 redderet,
2093 2223 2304 2287 actione

741 2323 871 2377 furti
917 2336 1025 2375 non
1071 2313 1307 2385 tektur,
1339 2316 1553 2372 etiamsi
1595 2328 1694 2384 pro
1729 2314 2040 2368 inventione
2073 2315 2303 2382 pretium

742 2413 1028 2483 acceperit.
1049 2408 1308 2464 Similiter
1326 2417 1378 2461 et
1399 2405 1476 2460 δι’
1491 2421 1637 2474 cap.,
1657 2404 1690 2457 5
1709 2403 1817 2468 tit.,
1834 2418 1863 2454 L
1886 2402 1981 2455 lib.
2006 2404 2084 2456 sic
2099 2403 2262 2455 habet
2288 2419 2300 2453 :

744 2506 799 2558 Si
840 2505 964 2574 quis
989 2501 1230 2556 absentis
1258 2513 1373 2552 rem
1403 2509 1683 2552 vacantem
1715 2495 2067 2558 detinuisset,
2095 2508 2201 2545 non
2225 2500 2304 2544 te-

741 2599 972 2652 nebatur
1012 2595 1141 2651 olim
1195 2593 1278 2646 vel
1334 2591 1620 2645 interdicto
1670 2589 1736 2643 de
1766 2587 1842 2652 vi,
1878 2585 1961 2638 vel
1996 2582 2300 2646 interdicto,

741 2688 900 2756 Quod
923 2687 972 2742 vi
995 2695 1090 2740 aut
1121 2685 1286 2749 clam,
1318 2683 1426 2738 nisi
1459 2680 1734 2750 utiquerei
1765 2675 2142 2736 vindicatione,
2169 2688 2303 2744 qua-

742 2787 901 2830 tenus
927 2775 1124 2828 absens
1154 2781 1271 2825 erat
1295 2771 1570 2828 dominus.
1615 2767 1724 2822 Nos
1745 2781 1871 2836 ergo
1897 2765 2148 2817 volumus
2178 2777 2300 2816 eum

744 2872 801 2916 ut
828 2862 921 2931 qui
946 2862 1017 2915 sit
1039 2872 1346 2929 possessor,
1372 2857 1607 2928 generali
1635 2857 1700 2909 de
1717 2857 1769 2907 vi
1797 2855 2081 2908 interdicto
2109 2854 2299 2906 teneri.

743 2951 841 3006 Est
865 2952 1008 3006 enim
1033 2948 1320 3002 ridiculum
1348 2947 1527 3000 dicere
1554 2944 1699 3014 quod
1726 2945 2002 3013 proprium
2025 2942 2303 2995 existinm-

743 3046 875 3099 bant
918 3044 972 3098 id
1015 3042 1158 3110 quod
1203 3049 1287 3096 est
1332 3040 1567 3093 alienum
1594 3055 1608 3089 :
1634 3035 2089 3106 quemadmodum
2137 3042 2192 3087 et
2237 3033 2304 3086 de

747 3133 881 3188 furti
908 3133 962 3185 in
992 3131 1214 3200 duplum
1255 3131 1466 3184 actione
1507 3128 1765 3191 diximus,
1810 3126 1955 3197 quod
1994 3125 2085 3194 qui
2111 3134 2305 3194 pneter

748 3223 954 3279 domini
985 3222 1304 3278 sententiam
1327 3235 1390 3274 ac
1409 3219 1736 3274 voluntatem
1761 3226 2080 3272 contrectat.
2100 3216 2300 3269 furtum

749 3316 1051 3372 committit.
1092 3311 1215 3367 Hmc
1262 3309 1444 3366 autem
1480 3311 1714 3364 dicimus
1743 3310 1850 3364 nisi
1884 3325 1992 3362 x-u
2039 3323 2304 3362 annorum

748 3408 981 3476 spatium
1027 3404 1358 3476 przeterierit,
1407 3418 1472 3456 ex
1521 3417 1630 3471 quo
1670 3400 2068 3470 possessionem
2115 3414 2308 3468 apprc-

749 3499 954 3552 hendit.
995 3495 1130 3550 Nota
1175 3510 1294 3564 qua:
1335 3495 1421 3548 hic
1449 3496 1515 3547 de
1549 3493 1887 3562 captivorum
1921 3491 2084 3545 rebus
2110 3490 2306 3558 scripta

751 3598 898 3643 sunt.
927 3587 1066 3658 Lege
1097 3588 1255 3641 etiam
1280 3587 1372 3640 lib.
1407 3599 1593 3648 xxxiv,
1626 3584 1708 3637 tit.
1735 3583 1786 3648 l,
1814 3598 1935 3652 cap.
1964 3579 2052 3647 Π,
2079 3583 2264 3636 dicens
2291 3598 2305 3635 ;

753 3676 1015 3746 Receptos
1040 3680 1106 3731 ab
1138 3677 1383 3731 hostibus
1408 3689 1590 3745 agros,
1617 3674 1709 3742 qui
1741 3673 1890 3742 prius
1920 3679 2077 3726 erant
2106 3671 2309 3726 domini

754 3769 1020 3835 recipiunt
1045 3784 1059 3830 ;
1088 3783 1192 3820 non
1227 3770 1370 3821 enim
1388 3767 1509 3832 loco
1535 3765 1729 3835 praedm
1757 3774 1904 3830 sunt,
1934 3778 2110 3834 neque
2135 3762 2311 3832 publi-

754 3865 968 3919 cantur.
999 3855 1104 3922 Qui
1134 3870 1200 3910 ex
1235 3857 1482 3909 hostibus
1512 3857 1658 3911 enim
1692 3855 1998 3924 rapiuntur,
2034 3868 2141 3907 non
2177 3853 2314 3906 ﬁunt

752 3947 980 4017 publici.
1008 3945 1145 3999 Nota
1181 3961 1308 4015 ergo
1337 3945 1482 4014 quod
1503 3946 1667 3998 etiam
1697 3953 1750 3997 et
1773 3944 2072 3997 canonibus
2099 3952 2152 3996 et
2181 3943 2312 4011 legi-

751 4042 876 4104 bus,
905 4055 1014 4094 non
1050 4039 1226 4094 solum
1253 4038 1346 4106 qui
1378 4037 1713 4106 captivorum
1747 4052 1833 4089 res
1860 4035 2238 4103 depradautur
2263 4043 2316 4084 ct

748 4131 1036 4200 diripiunt,
1081 4129 1382 4200 puniuntur
1423 4139 1476 4181 et
1519 4137 1799 4193 tenentur;
1829 4125 1922 4182 sed
1957 4125 2120 4180 etiam
2153 4125 2190 4177 ii
2220 4125 2312 4192 qui

753 4239 868 4276 rem
911 4223 1242 4276 immobilem
1284 4229 1564 4274 vacantem
1608 4220 1882 4273 invenisse
1915 4233 1971 4274 se
2005 4218 2229 4280 dicunt,
2262 4225 2315 4268 et

753 4330 859 4368 non
903 4314 1087 4368 statim
1134 4327 1249 4367 rem
1294 4312 1563 4380 aperiunt,
1595 4320 1648 4364 et
1677 4325 1795 4364 eam
1846 4310 2065 4362 nomine
2108 4305 2314 4360 domini

752 4409 1062 4480 possident;
1095 4407 1398 4461 secundum
1431 4407 1599 4475 legem
1632 4406 1848 4472 quidem
1887 4401 2313 4458 ecclesiasticam

2406 591 2789 662 δυστυχοῦντος
2821 595 2914 646 καὶ
2945 595 3521 666 αἰχμαλωτισθέντκῆ
3553 596 3648 648 καὶ
3678 596 3952 663 φεύγοντος

2405 684 2531 745 τοὺς
2580 683 2918 754 βαρϐάρους,
2973 685 3295 755 πράγματα,
3347 687 3450 739 «καὶ
3506 687 3647 739 κατᾶ
3702 688 3950 754 τοσαύτην

2404 772 2647 843 ἀνάγκην
2685 773 2996 844 ἀτημέλητα
3037 775 3419 840 καταλιπόντος
3470 778 3537 830 τὰ
3585 779 3780 842 οἰκεῖα,
3829 779 3942 829 ἀπο-

2405 862 2662 933 καθιστᾷν
2709 863 2844 915 αὐτὰ
2888 864 3023 934 πρὸς
3070 866 3131 917 τὸ
3183 866 3347 936 μέρος
3401 867 3492 920 τοῦ
3545 867 3688 920 οὕτω
3730 869 3954 934 δυσπρα-

2403 952 2624 1020 γοῦντος
2672 953 2994 1023 ἀνῡρώπου;
3051 956 3160 1007 Καὶ
3202 957 3228 1007 ό
3282 955 3379 1024 μὲν
3429 956 3582 1022 ἀγιος
3637 957 3804 1008 ταῦτα
3848 956 3954 1006 ὲΟέ-

2407 1057 2592 1093 σπισε·
2641 1042 2734 1093 καὶ
2772 1040 2966 1110 ἑφεξῆς
3020 1041 3258 1094 διδάσκει
3301 1042 3416 1105 πῶς
3448 1043 3746 1110 ὀφείλουσιν
3796 1045 3957 1094 ἐπιτι-

2407 1131 2606 1201 μᾶσθαι
2646 1131 2698 1182 οἵ
2737 1146 2794 1181 τε
2850 1131 3191 1200 ἁρπάσαντες
3244 1130 3311 1183 τά
3359 1132 3582 1185 τοιαῦτα
3642 1134 3958 1204 πράγματα,

2404 1221 2497 1274 καὶ
2523 1222 2572 1273 οἱ
2599 1223 2671 1290 μὴ
2707 1221 3061 1291 ἁρπάζοντες,
3103 1222 3236 1275 ἀλλὰ
3279 1223 3552 1292 εὑρόντες·
3597 1223 3731 1293 πρὸς
3769 1225 3826 1275 δὲ
3871 1226 3962 1276 καὶ

2402 1317 2450 1367 οἱ
2513 1315 2649 1384 μετὰ
2712 1316 2809 1386 τὴν
2869 1313 3084 1386 εὕρεσιν
3149 1317 3223 1384 μὴ
3277 1313 3749 1376 ἀποκαθιστῶντες
3807 1315 3957 1368 αὑτά.

2415 1408 2471 1458 '0
2511 1405 2566 1458 δὲ
2617 1406 2889 1469 πολιτικὸς
2925 1405 3088 1476 νόμος
3131 1406 3293 1476 φησὶν
3325 1408 3382 1458 ὲν
3412 1405 3605 1476 Θέματι
3629 1405 3690 1467 ε’,
3735 1403 3832 1458 τοῦ
3880 1408 3962 1473 μγ¹

2403 1497 2720 1564 κεφαλαίου,
2769 1496 2862 1549 τοῦ
2900 1496 2975 1567 ιβ’
3022 1494 3223 1560 τιτλου,
3271 1494 3365 1547 τοῦ
3419 1493 3462 1560 ξ’
3516 1493 3744 1562 βιϐλίου,
3797 1494 3963 1545 ταῦτα

2404 1590 2579 1658 ῥητῶς
2599 1605 2611 1618 ·
2652 1589 2708 1640 Ὀ
2729 1587 2794 1639 τὸ
2823 1587 3102 1656 ἀλλότριον
3143 1588 3371 1658 πρᾶγμα
3399 1586 3726 1656 ἐρριμμένον
3761 1584 3965 1652 λαμϐά-

2403 1696 2506 1730 νων
2529 1679 2620 1731 ἐπὶ
2633 1677 2708 1749 τῷ
2726 1678 3000 1747 κερδᾶναι,
3023 1677 3126 1729 κᾶν
3149 1678 3313 1748 ἀγνοῇ
3344 1676 3484 1740 τινος
3500 1676 3667 1736 ἐστὶν,
3688 1676 3965 1746 ὑπόκειται

2401 1773 2467 1840 τῇ
2519 1771 2646 1840 περὶ
2703 1768 2909 1838 κλοπῆς
2951 1770 3162 1838 ἀγωγῇ·
3220 1772 3268 1820 el
3324 1768 3398 1838 μὴ
3425 1768 3533 1837 ἀρα
3565 1766 3904 1835 ἀπρονόητον
3936 1767 3962 1816 ὁ

2335 1851 2375 1905 Β
2404 1860 2664 1929 δεσπότης
2697 1856 2878 1934 εἴασεν
2926 1858 3087 1910 αὐτό·
3147 1857 3268 1910 τότε
3306 1857 3416 1929 γάρ
3455 1857 3559 1924 κᾶν
3605 1857 3681 1922 ὼς
3726 1855 3966 1909 κλέπτων

2404 1950 2533 2002 αὐτὸ
2553 1949 2761 2011 ἐλαϐεν,
2799 1948 2984 2018 ἐπειδὴ
3034 1948 3305 2000 ἐπαύσατο
3325 1947 3488 2001 αὑτοῦ
3521 1943 3681 2018 εἶναι,
3709 1947 3811 2020 οὐχ
3844 1946 3967 1998 ὑπό-

2405 2058 2600 2094 κειται.
2635 2040 2824 2112 Κλοπὴ
2854 2041 2964 2111 γάρ
3004 2041 3064 2092 οὑ
3099 2041 3304 2108 γίνεται
3343 2041 3417 2111 μὴ
3448 2040 3618 2102 ὕψι-ος,
3640 2039 3733 2092 τοῦ
3769 2039 3964 2108 κλοπὴν

2406 2132 2791 2201 ὑφισταμένου.
2843 2132 2905 2184 Εἰ
2931 2131 3003 2182 ,δὲ
3048 2131 3110 2182 τὸ
3146 2130 3218 2202 μῆ
3260 2129 3317 2183 ὃν
3347 2132 3676 2202 ἀπρονόητον
3724 2131 3966 2200 ἐνόμισεν

2403 2223 2752 2295 ἀπρονόητον,
2802 2223 2902 2274 οὐκ
2945 2221 3059 2273 ἐστι
3115 2222 3371 2292 κλέπτης·
3403 2224 3450 2274 εἰ
3496 2223 3553 2276 δὲ
3591 2223 3665 2292 μὴ
3688 2217 3756 2291 ἦν
3799 2222 3966 2292 ἀπρορ
4035 2239 4048 2249 ··

2403 2313 2608 2384 νόητον,
2670 2314 2806 2382 μήτε
2851 2313 3119 2380 ἐνόμισεν,
3152 2311 3308 2365 ἔλαϐε
3339 2313 3418 2375 δὲ,
3449 2314 3541 2364 ἐπὶ
3562 2313 3640 2382 τῷ
3679 2311 3865 2366 δοῦναι
3893 2311 3964 2382 τῷ

2403 2403 2774 2474 εὑρισκομένῳ
2823 2402 3075 2472 δεσπότῃ,
3111 2404 3208 2473 οὐχ
3263 2403 3542 2456 ὑπόκειται
3581 2406 3648 2474 τῇ
3681 2405 3810 2479 περὶ
3843 2404 3960 2456 κλο·

2406 2497 2510 2563 πῆς
2538 2498 2746 2566 ἀγωγῇ,
2781 2494 3136 2566 κᾶνεῦρετρα
3163 2495 3320 2565 λάϐῃ.
3353 2494 3626 2557 Ὡσαύτως
3655 2494 3747 2548 καὶ
3794 2490 3855 2544 τὺ
3880 2488 3952 2556 Ξα¹

2405 2605 2528 2656 κεφ.
2554 2587 2647 2639 τοῦ
2691 2593 2739 2653 γ’
2774 2586 2952 2638 τίτλου
2997 2585 3089 2638 τοῦ
3127 2590 3169 2637 ν’
3198 2585 3399 2656 βιϐλίου
3421 2585 3561 2638 οὕτω
3593 2584 3958 2654 διαλαμϐάνει·

2416 2675 2541 2726 Ἐάν
2571 2691 2653 2738 τις
2701 2673 2931 2737 ἀπόντος
2984 2677 3215 2746 πρᾶγμα
3261 2674 3488 2744 κατέσχε
3545 2673 3827 2743 σχολάζον,
3869 2674 3964 2724 οὐκ

2404 2765 2625 2834 ὲνήγετο
2653 2764 2713 2815 τὸ
2735 2763 2962 2816 παλαιὸν
2991 2765 3024 2835 ἢ
3056 2764 3131 2834 τῷ
3160 2766 3285 2835 περὶ
3313 2765 3430 2834 βίας
3465 2764 3906 2835 παραγγέλματι,
3932 2765 3960 2832 ἢ

2403 2855 2499 2924 τῷ,
2536 2856 2710 2925 Ὅπερ
2754 2854 2844 2925 βίᾳ
2873 2855 2905 2926 ἢ
2943 2854 3136 2926 λάθρα,
3167 2860 3214 2908 εἰ
3246 2857 3320 2926 μὴ
3349 2856 3460 2927 ἄρα
3487 2858 3552 2925 τῇ
3579 2856 3650 2906 τά
3683 2855 3792 2909 ἴδια
3828 2855 3962 2906 ἐκδι-

2405 2947 2574 3020 κούσῃ
2592 2950 2806 3017 ἀγωγῇ,
2839 2949 2897 3000 ὲν
2925 2941 2969 3013 ᾧ
3001 2947 3263 3015 δεσπότης
3285 2943 3351 3016 ἦν
3375 2952 3403 2998 ό
3427 2944 3600 2998 ἀπών.
3645 2945 3835 3014 Ἡμεῖς
3855 2941 3962 3008 οὖν,

2403 3040 2477 3102 ὡς
2500 3039 2668 3110 νομέα
2702 3040 2847 3102 ὅντα,
2904 3039 3203 3114 βουλόμεθα
3236 3041 3553 3109 κρατεῖσθαι
3583 3039 3662 3109 τῷ
3696 3041 3828 3111 περὶ
3851 3040 3966 3110 βίας

2406 3132 2604 3201 γενικῷ
2639 3130 3078 3201 παραγγέλματι·
3113 3131 3317 3198 γελοῖον
3355 3130 3467 3202 γάρ
3507 3134 3624 3184 ἐστι
3677 3133 3739 3184 τὸ
3771 3132 3965 3200 λέγειν,

2406 3224 2486 3274 ὅτι
2520 3221 2764 3292 ἐνόμιζον
2794 3222 2918 3274 ἴδιον
2970 3223 3031 3275 τὸ
3059 3222 3352 3292 ἀλλότριον·
3387 3218 3574 3293 ὥσπερ
3605 3219 3698 3276 οὖν
3727 3225 3824 3276 καὶ
3879 3225 3965 3275 ἐπὶ

2406 3315 2500 3382 τῆς
2529 3315 2652 3383 περὶ
2677 3313 2882 3382 κλοπῆς
2923 3315 3004 3376 εἰς
3053 3314 3112 3368 τὸ
3150 3313 3426 3367 διπλάσιον
3474 3315 3694 3385 ἀγωγῆς
3722 3316 3967 3384 εἴπομεν,

2407 3405 2488 3455 ὅτι
2511 3406 2538 3456 ὁ
2585 3405 2733 3475 παρὰ
2763 3403 2986 3476 γνώμην
3013 3405 3108 3457 τοῦ
3142 3404 3398 3459 δεσπότου
3455 3406 3715 3476 ψηλαφῶν
3767 3407 3970 3474 κλοπὴν

2408 3496 2731 3566 ἁμαρτάνει.
2782 3496 2966 3548 Ταῦτα
3009 3497 3066 3550 δέ
3099 3513 3296 3567 φαμεν,
3331 3497 3423 3550 ἐὰν
3455 3500 3529 3568 μὴ
3562 3497 3971 3569 τριακονταετία

2410 3589 2679 3659 παρῆλθεν
2710 3587 2770 3652 ἐξ
2801 3583 2860 3641 οὗ
2895 3589 2991 3659 τῆς
3024 3591 3192 3660 νομῆς
3220 3589 3537 3663 ¹ἐπελάϐετο.
3569 3591 3883 3660 Σημεξωσαι
3910 3589 3973 3639 τά

2408 3680 2640 3733 ἐνταῦθα
2697 3681 3053 3752 γεγραμμένα
3111 3682 3238 3751 περὶ
3294 3681 3403 3733 τῶν
3463 3682 3804 3752 πραγμάτων
3867 3681 3973 3732 τῶν

2408 3773 2779 3844 αἰχμαλώτων.
2825 3770 3116 3840 ’Λνάγνωθι
3144 3774 3236 3824 καὶ
3263 3772 3398 3842 βιϐλ.
3427 3773 3520 3838 λδ,
3570 3790 3672 3824 τιτ.
3717 3778 3790 3834 α’,
3844 3789 3966 3836 κεφ.

2414 3863 2500 3927 ιζ’,
2536 3865 2710 3931 λέγον·
2760 3863 2896 3924 Τοὺς
2931 3863 3331 3941 ἀναληφθέντας
3361 3863 3508 3934 παρὰ
3560 3863 3665 3916 τῶν
3702 3862 3975 3931 πολεμίων

2410 3956 2611 4023 ἀγροὺς
2643 3956 2691 4006 ol
2725 3953 2914 4024 πρώην
2942 3953 3380 4023 ἀναλαμϐάνουσι
3403 3954 3677 4006 δεσπόται·
3699 3955 3760 4006 οὺ
3784 3954 3898 4023 γάρ
3923 3955 3976 4005 ἐν

2412 4049 2559 4111 τάξει
2592 4047 2820 4116 πραίδας
2847 4045 2984 4097 εἰσὶν
3019 4046 3137 4098 οὐδὲ
3179 4045 3423 4115 δημόσιοι
3469 4045 3723 4111 γίνονται.
3757 4045 3837 4097 Οὐ
3872 4047 3975 4116 γάρ

2411 4137 2518 4189 τῶν
2550 4137 2821 4206 πολεμίων
2847 4135 3264 4206 λαμϐανόμενοι,
3300 4136 3534 4202 γίνονται
3573 4135 3844 4205 δημόσιοι.
3880 4139 3977 4206 Ση-

2416 4229 2642 4300 μεὶωσαι
2667 4223 2781 4290 οὖν,
2816 4228 2894 4280 ὅτι
2928 4228 3022 4279 καὶ
3050 4228 3158 4280 ἀπὸ
3188 4227 3296 4279 τῶν
3329 4226 3568 4277 κανόνων
3609 4227 3700 4278 καὶ
3729 4229 3845 4280 ἀπὸ
3876 4229 3978 4280 τῶν

2412 4321 2590 4391 νόμων
2614 4321 2675 4373 οὐ
2711 4319 2857 4390 μόνοι
2889 4322 2939 4371 οἱ
2968 4319 3038 4372 τά
3089 4319 3196 4371 τῶν
3245 4317 3794 4385 αἰχμαλωτισθέντων
3845 4323 3977 4374 ἀπο-

2398 4413 2678 4475 ’συλῶντες
2723 4412 2755 4482 ἢ
2798 4411 3132 4482 ἁρπάζοντες
3179 4409 3492 4472 κολάζονται
3538 4411 3630 4464 καὶ
3681 4413 3977 4483 ἐνέχονται,

754 4502 834 4554 eis
855 4497 1170 4568 pmnitentia
1187 4495 1494 4565 injungetur
1515 4512 1531 4561 ;
1555 4497 1853 4549 secundum
1876 4493 2086 4546 civilem
2108 4501 2307 4556 autem,

2415 4504 2548 4557 ἀλλά
2582 4505 2674 4556 καὶ
2703 4506 2749 4555 οἱ
2782 4503 2990 4573 εὓρεμά
3015 4519 3067 4552 τι
3091 4499 3123 4568 ἢ
3147 4499 3398 4580 ἀκίνητον
3439 4502 3694 4572 σχολάζον
3731 4504 3978 4572 λέγοντες

758 4593 842 4646 vel
881 4601 940 4645 ut
974 4588 1124 4649 fures
1156 4587 1477 4657 puniuntur,
1525 4586 1570 4641 si
1599 4601 1686 4640 res
1717 4585 1818 4639 erit
1855 4585 2094 4647 mobilis,
2122 4584 2203 4636 vel
2226 4584 2313 4635 in-

759 4684 988 4738 terdicto
1017 4683 1084 4736 de
1115 4681 1190 4744 vi,
1235 4679 1281 4736 si
1330 4680 1433 4734 erit
1483 4677 1798 4733 immobilis.
1841 4675 2070 4741 Quando
2110 4685 2313 4737 autem,

755 4777 900 4844 quod
934 4775 1212 4827 inventum
1244 4757 1546 4842 neglectum
1577 4781 1682 4833 est,
1711 4770 1855 4837 quod
1885 4785 1915 4822 a
1950 4770 2156 4839 legibus
2187 4786 2315 4840 pro-

759 4866 1073 4920 derelictum
1120 4874 1485 4934 nuncupatur,
1533 4879 1640 4918 non
1673 4862 1918 4916 similiter
1950 4864 2190 4930 punitur,
2223 4866 2314 4932 qui

764 4957 812 5008 id
839 4954 1090 5011 detinuit.
1121 4953 1224 5008 Sed
1261 4958 1306 5009 si
1340 4957 1410 5010 sit
1438 4956 1653 5026 quidem
1701 4968 1787 5007 res
1836 4954 2070 5018 mobilis,
2103 4957 2316 5023 cogitur

758 5059 879 5097 eam
922 5045 1141 5100 domino
1172 5045 1476 5109 restituere,
1527 5057 1580 5100 et
1621 5045 1796 5099 solum
1846 5044 1950 5097 nisi
1979 5044 2316 5111 ejusdomi-

763 5135 911 5186 nium
947 5146 1227 5190 assecutus
1257 5136 1345 5197 sit,
1377 5144 1437 5189 ut
1476 5137 1630 5190 bona:
1675 5136 1795 5189 lidei
1837 5149 2140 5203 possessor,
2175 5137 2316 5190 intra

763 5225 1082 5294 triennium;
1135 5227 1180 5282 si
1221 5237 1401 5280 autem
1436 5226 1568 5280 illud
1601 5228 1894 5287 immobile,
1925 5227 2068 5296 quod
2101 5241 2197 5294 pro
2225 5227 2318 5279 de-

764 5315 950 5369 relicto
975 5317 1251 5372 detentum
1299 5326 1405 5388 est,
1457 5316 1561 5368 nisi
1603 5318 1717 5384 ejus
1741 5318 1914 5371 {actus
1945 5318 2014 5370 sit
2043 5316 2317 5379 dominus,

765 5406 904 5458 intra
931 5404 1269 5460 decennium.
1314 5407 1570 5459 Vacantis
1597 5416 1798 5471 autem,
1825 5417 1877 5461 et
1905 5407 2024 5475 ejus
2052 5407 2196 5476 quod
2223 5422 2322 5475 pro

765 5495 1022 5551 derelicto
1053 5497 1296 5559 habetur,
1327 5513 1516 5567 magna
1547 5506 1628 5549 est
1652 5498 1971 5552 differentia.
1996 5499 2150 5564 Quod
2176 5499 2319 5552 enim

769 5597 945 5648 vacat,
1009 5589 1186 5641 animo
1245 5590 1604 5656 possidemus,
1659 5589 1868 5642 etiamsi
1919 5591 1971 5642 id
2007 5591 2322 5644 naturaliter

765 5693 876 5734 non
911 5679 1280 5746 possidemus;
1315 5681 1459 5747 quod
1487 5691 1667 5745 autem
1701 5696 1797 5748 pro
1823 5683 2098 5745 derelicto,
2119 5673 2220 5737 inec
2245 5685 2322 5737 ci-

766 5770 965 5837 viliter,
992 5783 1089 5824 nec
1124 5772 1435 5826 naturaliter
1466 5773 1840 5842 possidemus;
1870 5783 1920 5824 et
1953 5773 2074 5825 idco
2109 5789 2138 5826 a
2165 5775 2320 5828 bona:

2415 4598 2683 4666 ὲφευρεῖν,
2704 4596 2797 4648 καὶ
2823 4596 2895 4665 μὴ
2921 4591 3119 4646 αὐτίκα
3138 4591 3199 4643 τὺ
3225 4594 3452 4663 πρᾶγμα
3474 4596 3772 4664 κατάδηλον
3804 4596 3979 4648 ποιού-

2419 4705 2587 4757 μενοι,
2616 4687 2709 4739 καὶ
2744 4686 3098 4752 φυλάττοντες
3129 4683 3255 4735 αὐτὸ
3283 4686 3363 4748 εἰς
3385 4685 3674 4756 δνομα-τοῦ
3693 4685 3974 4746 δεσπότου,

2415 4779 2554 4831 κατά
2594 4779 2691 4847 μὲν
2734 4778 2826 4828 τὸν
2883 4774 3329 4844 ἐκκλησιαπικῆν
3373 4777 3532 4848 νόμον
3555 4777 3980 4847 ἐπιτιμηθήσον-

2414 4887 2521 4932 ται,
2550 4869 2687 4920 κατά
2716 4867 2772 4919 δὲ
2801 4866 2891 4916 τὸν
2921 4865 3191 4918 πολιτικὸν
3219 4865 3251 4938 ἢ
3281 4867 3356 4930 ὡς
3405 4867 3636 4920 κλέπται
3666 4883 3716 4918 τι
3726 4868 3977 4938 μωρηθή.

2417 4977 2621 5020 σονται,
2653 4957 2747 5010 ὲάν
2770 4959 2884 5008 ἐστι
2913 4956 2981 5022 τὸ,
3003 4958 3231 5026 πρᾶγμα
3253 4958 3486 5027 κινητὸν,
3519 4956 3554 5025 ἢ
3695 4959 3834 5026 περὶ
3873 4959 3976 5027 βίας

2419 5046 2857 5119 παραγγέλματι,
2905 5046 2998 5099 ἐάν
3029 5049 3175 5100 ἐστιν
3209 5048 3482 5118 ἀκίνητον.
3524 5047 3689 5098 Ὅταν
3727 5047 3790 5100 δὲ
3821 5052 3982 5119 ἀπρο.

2419 5136 2603 5205 νόητόν
2640 5135 2755 5185 ἐστι
2777 5134 2837 5185 τὸ
2861 5134 3098 5204 εὑρεθὲν,
3133 5137 3193 5188 τὸ
3227 5137 3380 5206 παρὰ
3421 5137 3536 5194 τοῖς
3567 5135 3757 5204 νόμοις
3798 5139 3980 5192 καλοί.

2423 5242 2580 5294 μενον
2609 5225 3039 5294 πρώερέλικτον,
3055 5227 3115 5278 οὐ
3136 5226 3416 5288 κολάζεται
3437 5227 3758 5293 παρομοίως
3785 5231 3816 5281 ὁ
3837 5227 3982 5281 τοῦτο

2421 5314 2721 5383 κατασχών·
2769 5314 2880 5367 ἀλλ’
2911 5317 2959 5366 εἰ
2997 5318 3094 5385 μὲν
3136 5315 3351 5384 κινητόν
3401 5309 3571 5376 ἐστιν,
3617 5315 3982 5384 ἀναγκάζεται

2421 5407 2551 5458 αὐτὸ
2575 5408 2883 5467 ἀποδοῦναι,
2912 5409 3006 5459 καὶ
3039 5409 3215 5477 μόνον,
3243 5407 3290 5455 εἰ
3315 5404 3389 5474 μὴ
3415 5403 3705 5467 ὲδέσποσεν
3735 5409 3892 5472 αὐτὸ,
3917 5411 3981 5461 ὡς

2422 5499 2557 5568 καλῇ
2581 5500 2760 5552 πίστει
2809 5498 3026 5566 νομεὺς,
3075 5497 3222 5557 ἐντὸς
3243 5495 3500 5564 τριετεας·
3533 5497 3661 5550 εἰδὲ
3711 5501 3978 5569 ἀκίνητον.

2423 5593 2554 5659 αὐτὸ
2580 5595 2755 5644 ἐκεῖνο
2779 5595 2836 5644 τὸ
2868 5587 3197 5658 κατασχεθὲν
3231 5587 3306 5648 ὡς
3351 5588 3797 5663 προδερέλικτον,
3844 5595 3890 5644 εἰ
3919 5594 3978 5662 μὴ

2423 5684 2615 5750 γέγονε
2643 5683 2829 5734 τούτου
2857 5680 3145 5748 δεσπότης,
3177 5678 3329 5742 ἐντὸς
3359 5679 3656 5743 δεκαετίας.
3696 5682 3962 5752 Σχολάζον

2423 5792 2511 5838 τος
2535 5775 2588 5826 δὲ
2621 5774 2716 5827 καὶ
2761 5771 3094 5842 ἀπρονοήτου
3112 5769 3327 5840 μεγάλη
3359 5770 3610 5843 διαφορά.
3651 5774 3732 5826 Τὸ
3769 5776 3871 5843 μὲν
3896 5773 3979 5844 γάρ
