4094 6354
221 314 357 368 i937
1469 317 1798 373 EPISTOLA
1830 318 2192 374 CANONICA.
2758 346 2764 365 ν
3288 321 3419 374 1058

216 426 473 497 σχολάζον
502 429 645 500 ψυχῇ
672 431 964 501 νεμόμεθα,
993 432 1095 485 κᾶν
1129 431 1365 501 φυσικῶς
1393 432 1523 486 αὐτὸ
1548 434 1612 505 ,οὐ
1648 450 1761 485 κατ-

1881 434 1998 489 ﬁdei
2026 448 2335 503 possessore
2369 433 2485 501 ejus
2512 432 2808 486 dominium
2833 432 3143 499 acquiritur.
3175 429 3300 488 Haec
3325 448 3421 485 au-

216 519 413 589 ἑχομεν
436 538 448 550 ⁸
498 521 558 575 τὸ
591 522 645 574 δὲ
673 506 1079 594 προὰρὲλῖκτον
1111 526 1233 578 οὐδὲ
1260 527 1502 595 νομίμως
1528 526 1646 577 οὐδὲ
1675 543 1761 592 φυ‹

1876 536 1983 579 tem
2028 529 2206 579 locum
2235 540 2340 578 non
2373 525 2569 578 habent
2602 525 2655 577 in
2694 525 2761 577 iis
2788 540 2907 593 quae
2934 525 2997 577 ad
3029 524 3267 593 captivos
3296 540 3417 591 per-

217 610 384 673 σιιιῶς
412 612 745 682 κατέχομεν·
804 616 896 667 καὶ
942 614 1032 667 διά
1075 615 1229 668 τοῦτο
1272 616 1587 678 δεσπόζεται
1623 616 1761 685 παρά

1877 617 2079 681 tinent;
2116 624 2171 668 et
2206 615 2326 669 ideo
2355 614 2446 682 qui
2489 628 2552 668 ea
2580 613 2850 680 detinent,
2894 623 2947 667 et
2975 630 3083 668 non
3111 616 3417 677 restituunt,

213 700 308 751 τοῦ
335 701 472 771 καλῇ
500 704 677 755 πίστει
724 704 1048 773 νεμηθέντος
1079 707 1227 759 αὑτό.
1278 707 1459 759 Ταῦτα
1506 708 1562 759 δὲ
1592 706 1761 776 χῶραι

1878 715 1939 759 ut
1970 707 2220 775 superius
2256 706 2481 769 dictum,
2532 705 2667 758 citra
2698 704 2863 757 ullam
2914 704 3339 767 distinctionem,
3370 715 3421 759 et

214 791 315 843 οὐκ
344 792 554 861 ἔχουσιν
582 795 672 845 ἐπὶ
695 795 799 847 τῶν
828 796 1130 866 ἀνηκόντων
1150 800 1258 859 τοῖς
1277 796 1767 868 αἰχμαλωτισθεῖσισ

1877 804 2147 859 tenentur,
2178 807 2229 851 et
2257 797 2568 864 puniuntur.

216 888 312 937 καὶ
359 888 445 939 διὰ
497 889 655 942 τοῦτο
684 892 733 942 οἰ
797 893 1115 963 κατέχοντες
1165 895 1301 947 αὐτὰ
1355 896 1448 948 καὶ
1498 894 1569 965 μὴ
1613 892 2119 961 ἀποκαθιστῶντες,
2158 894 2233 955 ὼς
2258 892 2461 945 ἀνωθεν
2504 892 2731 962 εἴρηται,
2770 893 3119 955 ἀδιαστίκτως
3172 894 3263 945 καὶ
3312 892 3423 946 ἐνό-

217 997 400 1046 χονται
433 982 525 1033 καὶ
557 982 888 1046 κολάζονται.

288 1074 524 1126 ΖΩΝΑΡ.
557 1078 675 1129 ὐτι
699 1080 771 1148 μὴ
808 1080 1126 1144 ἐξαπατάτω
1146 1083 1228 1144 τις
1252 1082 1460 1144 ἑαυτὸν,
1491 1084 1564 1145 ὡς
1596 1082 1767 1152 εὑρὼν

216 1164 277 1214 τὸ
302 1164 392 1215 τοῦ
430 1167 653 1235 ἀδελφοῦ
689 1173 915 1241 πρᾶγμα
958 1174 1280 1241 ἐρριμμένον
1314 1176 1440 1237 ἴσως
1470 1177 1561 1227 καὶ
1586 1178 1769 1228 ἀνεπι-

218 1255 449 1324 μέλητον
480 1260 745 1328 κείμενον.
779 1263 895 1316 Κᾶν
945 1264 1052 1333 γὰρ
1084 1264 1254 1328 οὕτως
1286 1267 1419 1338 εὕρῃ
1462 1268 1610 1329 αὐτὸ,
1669 1269 1765 1321 οὐκ

214 1343 392 1407 ἔξεστι
421 1348 675 1418 κερδῆσαι
707 1352 835 1403 αὐτὸ
863 1352 955 1404 καὶ
984 1353 1365 1406 οἰκειώσασθαι
1391 1356 1450 1407 τὸ
1473 1355 1761 1425 ἀλλότριον·

215 1440 318 1491 κᾶν
359 1439 489 1503 ἴσως
510 1443 674 1513 ἀγνοῇ
719 1445 808 1496 τὸν
828 1445 1089 1516 δεσπότην
1117 1448 1209 1499 τοῦ
1235 1448 1573 1517 πράγματος·
1602 1465 1769 1521 χρεω-

216 1533 335 1581 στεῖ
355 1531 463 1601 γὰρ
491 1532 671 1586 λαϐεῖν
694 1534 842 1596 αὐτὸ,
868 1537 961 1588 καὶ
989 1536 1216 1603 φυλάξαι
1253 1540 1355 1601 ἓως
1382 1542 1408 1591 6
1452 1538 1634 1609 κύριος
1671 1540 1767 1589 αὺ-

212 1620 306 1673 τοῦ
336 1622 447 1692 γνῷ
480 1625 570 1676 καὶ
594 1624 801 1698 ζητήσῃ
837 1628 985 1680 αὐτό.
1012 1629 1120 1681 Καὶ
1149 1630 1217 1681 τὰ
1243 1630 1333 1681 τοῦ
1360 1632 1765 1700 Δευτερονομίου

214 1712 307 1763 καὶ
330 1712 399 1764 τὰ
443 1714 541 1783 τῆς
580 1716 786 1779 Ἐξόδου
817 1718 1007 1785 ἐπάγει
1040 1719 1211 1786 λέγων
1240 1721 1339 1783 ὅτι,
1373 1721 1495 1773 Ἐὰν
1520 1724 1574 1773 ὲν
1597 1721 1767 1790 καιρῷ

1945 1081 2141 1135 Zomn.
2180 1080 2256 1135 Ne
2284 1081 2548 1150 quispiam
2579 1096 2637 1135 se
2666 1081 2838 1148 ipsum
2867 1080 3106 1143 seducat,
3130 1083 3281 1148 quasi
3307 1095 3419 1133 rem

1874 1171 2059 1226 fratris
2084 1173 2373 1241 projectum
2409 1171 2637 1225 fortasse
2668 1172 2927 1241 planeque
2952 1172 3245 1239 neglectam
3276 1173 3422 1223 inve-

1871 1264 2029 1318 nerit.
2064 1263 2194 1316 Nam
2216 1264 2319 1315 etsi
2346 1262 2420 1314 ita
2450 1261 2687 1314 inveniat
2720 1263 2910 1329 ipsam,
2942 1262 3138 1317 lucrari
3161 1263 3314 1315 haud
3342 1261 3422 1314 fas

1873 1361 1974 1415 est,
2027 1353 2239 1421 sibique
2283 1366 2394 1404 rem
2446 1352 2677 1405 alienam
2718 1351 3012 1413 vindicare,
3042 1352 3252 1405 etiamsi
3286 1351 3421 1405 forte

1874 1444 2086 1511 ignoret
2127 1442 2440 1504 dominum;
2487 1442 2578 1496 sed
2629 1443 2772 1494 illam
2816 1457 3029 1496 sumere
3071 1452 3304 1513 oportet,
3356 1459 3421 1497 ac

1873 1548 2042 1601 usque
2093 1534 2238 1586 iilam
2287 1532 2539 1587 dominus
2585 1533 2727 1585 norit
2772 1548 2835 1585 ac
2872 1532 3141 1601 requirat,
3184 1548 3418 1588 servare.

1872 1622 2009 1677 Tum
2051 1623 2448 1676 Deuteronomii
2484 1638 2544 1676 ac
2578 1624 2745 1677 Exodi
2770 1626 2915 1678 locos
2945 1623 3165 1692 profert,
3201 1626 3271 1679 ita
3306 1628 3419 1681 dis-

1872 1714 2058 1768 serens
2092 1733 2104 1765 :
2133 1711 2187 1767 Si
2220 1694 2367 1783 pacis
2398 1723 2636 1782 tempore
2672 1714 2836 1767 frater
2858 1724 3006 1777 tuus,
3044 1726 3139 1769 aut
3170 1716 3421 1770 inimicus

211 1801 436 1871 εἰρήνης
463 1806 491 1855 ὁ
523 1804 743 1871 ἀδελφός
769 1822 859 1857 σου
887 1807 920 1876 ἢ
966 1811 994 1861 6
1046 1809 1235 1878 ἐχθρός
1267 1826 1358 1860 σου
1400 1810 1463 1861 ὲκ
1504 1810 1761 1879 ῥᾳθυμίας

1875 1814 2001 1859 tuus
2028 1820 2094 1859 ex
2122 1805 2441 1874 negligentia
2470 1820 2579 1857 rem
2620 1819 2772 1857 suam
2804 1806 3009 1874 perdat,
3032 1806 3170 1859 haud
3194 1806 3275 1859 fas
3313 1815 3415 1864 est,

211 1890 457 1963 ἀπολέσῃ
502 1894 562 1945 τὺ
600 1895 746 1958 ἴδιον,
778 1897 877 1950 οὐκ
910 1897 1085 1961 ἔξεστί
1138 1916 1215 1951 σοι
1247 1901 1457 1969 εὑρόντι
1484 1901 1611 1951 αὐτὸ
1639 1901 1765 1972 κέρ-

209 1982 300 2045 δος
331 1984 459 2035 ἴδιον
506 1986 851 2055 ποιήσασθαι,
880 1989 1017 2042 ἀλλὰ
1061 1990 1406 2043 ἐπανασῶσαι
1458 1990 1533 2060 τῷ
1578 1992 1769 2044 ἀπολέ-

212 2090 371 2126 σαντι
415 2075 543 2125 αὐτὸ
594 2078 793 2148 ἀπαιτῇ
842 2081 984 2133 κατά
1033 2072 1121 2134 τόν
1170 2082 1330 2151 νόμον
1374 2082 1462 2133 τὸν
1516 2082 1765 2135 παλαιόν·

209 2162 365 2233 πόσῳ
408 2166 622 2233 μᾶλλον,
662 2169 756 2222 ἐὰν
778 2170 871 2223 τοῦ
906 2172 1192 2239 φεύγοντος
1224 2172 1447 2241 ἀδελφοῦ
1488 2190 1578 2225 σου
1609 2175 1640 2242 ἦ
1672 2174 1765 2226 τοῦ

207 2255 734 2323 αἰχμαλωτισθέντπ
773 2262 1019 2333 εὑρήσεις
1070 2265 1365 2334 πράγματα
1412 2267 1539 2335 παρ’
1594 2266 1769 2317 αὐτῶν

205 2344 725 2415 ἐγκαταλειφθέντα,
759 2353 860 2421 χρή
893 2368 951 2403 σε
993 2353 1220 2421 φυλάξαι
1253 2354 1389 2407 αὐτὰ
1418 2354 1509 2407 καὶ
1542 2354 1765 2406 ἀποδιλῦ-

206 2447 294 2483 ναι
322 2433 402 2503 τῷ
440 2434 827 2505 δυσπραγοῦντι
848 2455 862 2501 ;

838 2532 1071 2583 ΚΑΝΩΝ
1104 2533 1176 2583 Ε’.

282 2630 302 2662 ι
332 2613 593 2668 Ἀλλοιδὲ
631 2617 855 2682 ἑαυτοὺς
900 2620 1259 2685 ἐξαπατῶσιν,
1304 2626 1419 2677 αντὶ
1466 2626 1571 2677 τῶν
1624 2628 1766 2679 ἰδίων

94 2762 103 2767 λ
209 2722 230 2754 ι
268 2704 383 2757 τῶν
409 2706 755 2776 ἀπολομένων
780 2710 817 2763 ἃ.
845 2704 999 2781 εὖρον
1036 2712 1285 2783 ἀλλότρια
1314 2716 1648 2783 κατέχοντες·
1684 2718 1767 2769 ἴνα

210 2812 231 2845 ι
279 2795 470 2865 ἐπειδὴ
520 2798 701 2862 αὐτοῖς
740 2799 964 2870 Βοράδοι
994 2803 1087 2854 καὶ
1111 2802 1293 2855 Γότθοι
1321 2806 1386 2858 τὰ
1416 2806 1507 2857 τοῦ
1533 2805 1766 2875 πολέμου

209 2903 229 2935 ι
271 2888 615 2955 εἰργάσαντο,
667 2891 819 2943 αὐτοὶ
864 2893 1039 2955 ἄλλοις
1092 2894 1312 2964 Βοράδοι
1344 2895 1437 2947 καὶ
1464 2895 1645 2948 Γότοοι
1680 2897 1765 2963 γί-

208 2994 228 3025 ι
272 2994 490 3031 νωνται.
529 2978 945 3053 Ἀπεστείλαμεν
973 2980 1062 3036 οὖν
1081 2984 1170 3036 τὸν
1195 2985 1418 3054 ἀδελφὸν
1444 2988 1537 3061 καὶ
1570 2988 1764 3055 συγγὲ-

209 3084 230 3117 ε
272 3084 439 3137 ροντα
487 3069 825 3138 Εὐφρόσυνον
850 3072 936 3126 διὰ
958 3074 1135 3127 ’ταῦτα
1190 3076 1325 3145 πρὸς
1357 3077 1518 3146 ὑμᾶς,
1560 3078 1641 3130 ἵνα
1670 3097 1766 3131 κα-

208 3179 227 3209 ι
270 3160 341 3211 τὰ
371 3160 460 3211 τὸν
496 3161 682 3213 ὲνθάδε
709 3162 877 3215 τύπον
929 3166 1022 3217 καὶ
1061 3167 1223 3230 αὐτὸς
1265 3166 1375 3238 δώῃ
1426 3172 1625 3239 ὁμοίως
1672 3174 1765 3225 καὶ

210 3270 229 3301 ι
269 3244 348 3305 ὧν
376 3249 455 3303 δεῖ
480 3250 580 3313 τὰς
618 3254 946 3323 κατηγορίας
970 3257 1307 3325 προσίεσθαι,
1332 3262 1424 3312 καὶ
1450 3260 1544 3325 οὓς
1573 3262 1651 3315 δεῖ
1675 3266 1766 3315 ὲκ-

211 3359 231 3392 ι
264 3340 499 3411 κηρύξαι
530 3341 637 3394 τῶν
667 3342 892 3412 εὐχῶν.»

279 3431 476 3484 ΒΑΛΣ.
523 3430 1035 3501 ’Δπολογησάμενος
1069 3434 1097 3485 6
1122 3434 1273 3501 ἅγιος
1306 3436 1375 3487 τὰ
1413 3439 1594 3492 εἰκότα
1633 3442 1766 3511 πρὸς

200 3524 332 3585 τοὺς
356 3522 631 3590 λέγοντας,
662 3524 737 3585 ὼς
782 3524 1085 3599 ἐρριμμένα
1132 3526 1221 3578 καὶ
1251 3526 1562 3596 ἀτημέλητα
1588 3530 1764 3599 εὑρεῖν

197 3615 271 3668 τὰ
298 3613 409 3667 τῶν
435 3614 971 3684 αἰχμαλωτισθέντων
1026 3617 1342 3685 πράγματα,
1369 3620 1461 3671 καὶ
1491 3619 1578 3671 διὰ
1608 3620 1762 3674 τοῦτο

203 3705 519 3759 ἰδιώσασθαι
546 3706 699 3760 αὑτά·
753 3707 877 3776 ἄρτι
905 3707 1242 3775 ἀπολογεῖται
1274 3711 1407 3781 πρὸς
1448 3714 1571 3773 τοὺς
1614 3714 1760 3764 ἀντι-

200 3798 561 3866 ποιουμένους
588 3796 694 3850 τῶν
725 3798 1085 3866 διαφερόντων
1122 3803 1231 3863 τοῖς
1259 3802 1761 3869 αἰχμαλωτισθεῖσιν

196 3888 325 3942 ἀντὶ
348 3888 457 3941 τῶν
477 3888 790 3958 φθασάντων
808 3878 957 3958 παρά
976 3888 1083 3939 τῶν
1113 3891 1383 3960 πολεμίων
1404 3895 1763 3965 ἀφαιρεθῆναι

196 3981 546 4049 πραγμάτων
569 3980 764 4033 αὐτῶν.
815 3979 950 4047 Φησὶ
1003 3977 1110 4049 γὰρ
1150 3979 1225 4041 ὡς
1263 3983 1354 4033 καὶ
1400 3985 1554 4036 τοῦτο
1578 3986 1756 4058 ἀπάτη

195 4069 321 4121 ἐστὶ
345 4070 439 4120 καὶ
495 4070 697 4138 ματαία
740 4069 1030 4141 πρόφασις.
1057 4067 1191 4119 Οὐδὲ
1243 4071 1349 4138 γὰρ
1395 4072 1600 4127 δίκαιόν
1643 4077 1759 4130 ἐστι

170 4145 425 4219 ’τούτους
452 4160 737 4226 γεγονότας
758 4160 1127 4230 παρανάλωμα
1152 4159 1279 4210 πολε
1288 4154 1406 4230 μίου
1430 4164 1756 4236 βαρϐαρικοῦ

197 4249 277 4319 μὴ
336 4250 689 4318 καρτερῆσαι,
733 4251 866 4304 ἀλλὰ
910 4249 1158 4319 γενέσθαι
1222 4251 1417 4314 αὐτοὺς
1470 4256 1756 4326 πολεμίους

192 4338 308 4390 τῶν
336 4337 611 4406 ἀδελφῶν,
658 4342 751 4393 καὶ
790 4344 1125 4413 χρηματίσαι
1173 4344 1250 4405 εἰς
1294 4343 1511 4407 τούτους
1567 4348 1756 4409 ἄλλους

194 4426 527 4499 βαρϐάρους.
557 4430 652 4481 Διὰ
672 4432 843 4485 ταῦτα
868 4436 1279 4507 ἀπεστείλαμεν,
1303 4436 1467 4502 λέγει,
1496 4437 1583 4489 τὸν
1604 4437 1751 4489 ἀδελ-
1787 4454 1827 4508 ο

193 4521 298 4587 φὸν
324 4520 668 4589 Εὑφρόσυνον
696 4522 833 4591 πρὸς
868 4526 1029 4594 ὑμᾶς,
1073 4528 1162 4581 ἵνα
1192 4528 1329 4579 κατά
1384 4527 1473 4579 τὸν
1522 4528 1752 4581 ἐνταῦθα

192 4611 390 4672 τύπον,
431 4610 614 4678 ἤγουν,
665 4612 846 4674 καθὼς
900 4618 1062 4685 ἡμεῖς
1118 4616 1347 4671 ἐνταῦθα
1401 4619 1749 4688 ἐποιήσαμεν,

188 4700 308 4771 δώῃ
331 4700 497 4753 τύπον
533 4702 621 4752 καὶ
658 4702 838 4752 αὐτόθι
876 4703 1013 4758 ῶστε
1053 4708 1193 4761 οὓτω
1221 4713 1389 4761 ποιεῖν
1423 4712 1581 4779 ὑμᾶς.
1622 4706 1753 4763 Εἶτά

190 4808 379 4858 φησιν»
404 4790 478 4853 ὡς
517 4794 543 4843 6
574 4792 733 4854 αὐτὸς
779 4792 1119 4860 Εὑφρόσυνος
1151 4800 1446 4863 ἀναδιδάξει
1484 4804 1631 4863 τίνας
1673 4802 1752 4854 δεῖ

189 4880 591 4949 προσδέχεσθαι
623 4881 1054 4951 κατηγοροῦντας
1097 4890 1237 4941 κατά
1276 4907 1454 4952 τινων,
1484 4894 1575 4943 καὶ
1606 4892 1752 4954 τίνας

189 4971 301 5039 Χρὴ
331 4964 727 5040 ἀποκηρύττειν
754 4972 855 5041 τῆς
892 4974 1212 5043 Ἐκκλησίας
1235 4981 1325 5031 καὶ
1352 4981 1447 5049 τῆς
1477 4981 1753 5043 κοινωνίας

185 5060 300 5111 τῶν
334 5062 556 5115 πιστῶν.
1618 5134 1621 5145 κ

258 5147 508 5202 ΖΩΝΑΡ.
538 5151 713 5214 Τινὲς,
759 5153 941 5221 φησιν,
976 5152 1333 5215 ἀπολέσαντες
1378 5158 1546 5208 οἰκεῖα
1585 5160 1753 5227 πράγ-

190 5254 365 5308 ματα,
388 5241 482 5289 καὶ
503 5243 752 5310 εὑρόντες
783 5242 1055 5313 ἀλλότρια,
1090 5243 1302 5307 λέγουσι
1331 5247 1574 5313 κατέχειν
1590 5250 1748 5310 αὐτὰ,

185 5330 305 5383 ἀνθ’
330 5322 405 5380 ὧν
432 5330 737 5400 ἀπώλεσαν,
762 5335 1131 5399 ἐξαπατῶντες
1156 5335 1396 5395 ἐαυτοῶς.
1426 5337 1599 5406 Ὅπερ
1621 5340 1746 5408 γὰρ,

187 5423 381 5490 φησιν,
401 5422 644 5486 ἐγένοντο
671 5426 973 5493 ἐκείνοιςηοί
1003 5427 1246 5494 πολέμιοι
1281 5425 1562 5495 βάρϐαροι,
1595 5430 1750 5481 τοῦτο

185 5514 434 5579 γίνονται
468 5512 619 5562 αὐτοὶ
644 5517 757 5575 τοῖς
787 5516 1051 5583 ἀδελφοῖς.
1088 5518 1374 5583 ”Ηρπασαν
1406 5518 1453 5568 οἱ
1488 5517 1748 5588 βάρϐαροι

186 5607 253 5659 τά
308 5605 551 5665 ἐκείνων,
605 5606 844 5659 κάκεῖνοι
874 5608 942 5660 τὰ
1002 5609 1109 5661 τῶν
1163 5607 1421 5677 ἀδελφῶνῖ
1456 5609 1551 5660 Διά
1578 5610 1747 5661 ταῦτα

156 5693 612 5764 ἀπεστείλαμεν,
646 5693 811 5765 λέγει,
840 5697 925 5751 ἵνα
978 5699 1119 5752 κατά
1164 5700 1253 5753 τὸν
1296 5698 1526 5754 ἐνταῦθα
1558 5700 1745 5764 τύπον,

1869 1895 1913 1948 si
1962 1908 2079 1947 eam
2123 1893 2411 1957 inveneris,
2457 1893 2551 1946 tibi
2597 1893 2865 1959 propriam
2912 1893 3201 1959 vindicare,
3245 1893 3336 1948 sed
3365 1894 3413 1947 ei

1868 1986 1957 2054 qui
1987 1987 2218 2054 perdidit
2250 1987 2450 2039 servari
2484 1977 2699 2053 antiqua
2738 1986 2815 2039 lex
2842 1986 3027 2054 jubet;
3065 1995 3267 2056 quanto
3298 2003 3417 2041 nta-

1869 2077 2024 2143 gisvsi
2060 2091 2147 2130 res
2190 2076 2460 2129 inveneris
2503 2076 2685 2130 fratris
2715 2078 2791 2129 tui
2826 2078 2917 2145 qui
2962 2075 3188 2148 aufugit,
3234 2089 3327 2131 aut
3360 2078 3414 2129 in

1870 2168 2181 2219 servitutem
2229 2168 2493 2222 abductus
2537 2179 2637 2231 est,
2672 2170 2738 2223 ab
2768 2172 2887 2239 ipso
2925 2172 3179 2236 relictas,’
3203 2186 3418 2225 servare

1870 2255 1989 2309 illas
2016 2271 2078 2308 ac
2110 2256 2421 2311 infortuniis
2446 2274 2633 2333 presso
2659 2261 2880 2315 reddere
2909 2261 3214 2329 oportebit?

2452 2528 2680 2583 CANON
2720 2531 2782 2582 V.

1946 2632 1963 2661 ι
2002 2613 2104 2667 Alii
2155 2626 2330 2671 autem
2362 2618 2570 2685 seipsos
2606 2620 2886 2683 seducunt,
2920 2635 3019 2688 pro
3040 2622 3271 2690 propriis
3294 2639 3413 2692 quae

1875 2720 1892 2751 ι
1932 2705 2224 2771 perierunt,
2277 2708 2450 2761 aliena
2500 2724 2619 2775 quae
2678 2710 3015 2777 invenerunt,
3066 2712 3407 2771 detinentes:

1873 2809 1892 2840 ι
1933 2800 1993 2846 ιιι
2019 2795 2273 2862 quoniam
2303 2795 2493 2850 Boradi
2523 2808 2576 2851 et
2614 2798 2775 2853 Gothi
2806 2802 2885 2855 eis
2911 2801 3126 2869 hostilia
3151 2803 3410 2869 fecerunt,

1874 2902 1891 2933 ι
1933 2884 2035 2952 ipsi
2077 2887 2186 2940 sint
2218 2888 2339 2942 aliis
2376 2887 2568 2942 Boradi
2624 2900 2675 2941 et
2729 2890 2907 2943 Gothi.
2952 2890 3240 2961 Propterea
3286 2912 3414 2967 ergo

1874 2994 1892 3025 ι
1934 2974 2151 3031 fratrem
2183 2988 2235 3032 et
2273 2994 2559 3034 conscnem
2604 2990 2847 3035 nostrum
2888 2982 3305 3056 Euphrosynum
3347 2991 3414 3043 ad

1875 3084 1894 3116 ‹
1933 3081 2029 3121 vos
2064 3068 2333 3133 misimus,
2365 3079 2424 3124 ut
2451 3074 2742 3126 secundum
2780 3072 3007 3129 formam
3038 3092 3160 3145 quae
3193 3078 3281 3132 hic
3311 3090 3412 3143 est,

1873 3175 1895 3210 ι
1936 3166 1989 3211 et
2014 3159 2127 3227 ipse
2156 3159 2246 3213 dot
2273 3162 2538 3225 similiter,
2570 3173 2623 3217 et
2658 3181 2889 3233 quorum
2923 3171 3291 3225 accusationes
3319 3173 3427 3225 ad-‘

1872 3268 1890 3299 ι
1931 3250 2143 3305 mittere
2173 3262 2433 3322 oporteat,
2466 3264 2518 3309 et
2548 3272 2685 3324 quos
2714 3270 2741 3309 a
2768 3258 3016 3325 precibus
3048 3260 3314 3315 abdicare.
3353 3281 3371 3310 ι

1856 3474 1859 3475 ,
1932 3428 2091 3483 BALS.
2124 3430 2415 3504 Postquam
2449 3447 2693 3497 sanctus,
2720 3451 2837 3505 qua:
2861 3446 3017 3490 erant
3049 3449 3410 3495 consentanea

1861 3522 2141 3588 respondit
2173 3524 2240 3577 iis
2278 3526 2370 3592 qui
2410 3526 2656 3578 dicebant
2681 3542 2737 3579 se
2772 3536 2828 3579 ut
2859 3526 3113 3596 disjectas
3139 3539 3192 3583 et
3227 3530 3410 3599 ποθειοα

1861 3612 1968 3662 ctui
1999 3612 2214 3665 habitas
2249 3628 2333 3668 res
2366 3616 2697 3691 captivorum
2731 3618 2999 3673 invenisse
3036 3630 3089 3673 et
3128 3630 3407 3691 propterea

1860 3714 1922 3752 ea
1950 3700 2050 3753 sibi
2078 3703 2379 3757 vindicasse
2405 3720 2418 3767 ;
2448 3687 2602 3759 nunc.
2622 3707 2687 3759 iis
2718 3708 3020 3776 respondet,
3055 3712 3166 3778 qui,
3196 3729 3315 3780 qua:
3340 3716 3409 3769 ad
3469 3750 3475 3761 -

1863 3790 2099 3858 captivos
2131 3793 2491 3860 pertinebant,
2540 3811 2639 3863 pro
2669 3798 2733 3851 iis
2770 3813 2891 3866 qua:
2923 3800 3122 3854 sibi.ab
3162 3801 3408 3857 hostibus

1859 3881 2010 3947 prius
2037 3882 2210 3936 ablata
2242 3882 2469 3950 fuerant,
2497 3880 2857 3945 vindicabant.
2892 3890 3031 3946 Dicit
3059 3894 3201 3947 enim
3225 3904 3277 3947 et
3305 3895 3409 3948 hoc

1859 3986 1977 4025 esse
2015 3972 2256 4028 fraudem
2305 3984 2357 4029 et
2404 3978 2614 4032 inanem
2662 3990 3003 4047 praetextum.
3045 3982 3228 4051 Neque
3259 3986 3405 4042 enim

1859 4074 2071 4129 aequum
2101 4074 2203 4125 est,
2232 4075 2289 4117 nt
2324 4067 2413 4133 qui
2454 4083 2517 4123 ex
2552 4068 2689 4121 bello
2714 4070 2995 4125 barbarico
3022 4073 3403 4132 detrimentum

1858 4152 2180 4218 acceperint,
2207 4168 2311 4205 non
2336 4157 2622 4210 toleranter
2644 4155 2834 4221 ferant,
2856 4160 2947 4213 sed
2969 4162 3079 4216 sint
3102 4163 3198 4232 ipsi
3221 4166 3405 4223 hostes

1858 4238 2105 4304 fratrum,
2142 4251 2194 4295 et
2231 4244 2320 4296 alii
2359 4244 2409 4296 in
2453 4246 2597 4313 ipsos
2623 4247 2837 4301 barbari
2885 4253 3236 4319 appellentur.
3258 4235 3405 4310 ῬΙ-ο-

1858 4339 2063 4398 pterea,
2096 4334 2288 4401 inquit,
2323 4336 2576 4424 misimus
2620 4339 2683 4391 ad
2714 4352 2813 4394 vos
2842 4338 3058 4401 fratrem
3095 4344 3401 4417 Euphrosy-

1860 4437 2010 4486 num,
2046 4434 2101 4476 ut
2127 4424 2278 4491 juxta
2316 4426 2538 4481 formam
2570 4428 2655 4482 hic
2688 4431 2959 4497 traditam,
3006 4451 3099 4489 seu
3139 4438 3401 4503 quemad-

1855 4513 2070 4566 modum
2110 4515 2195 4571 hic
2236 4516 2491 4583 fecimus,
2527 4521 2683 4575 isthic
2718 4538 2932 4592 quoque
2961 4524 3308 4601 detjformam
3342 4534 3402 4580 ut

1854 4604 1931 4657 sic
1960 4605 2314 4673 vosfaeiatis.
2348 4608 2541 4663 Deinde
2564 4612 2692 4663 dicit
2721 4631 2732 4664 :
2765 4612 3152 4683 Euphrosynu’s
3180 4631 3275 4670 vos
3298 4616 3397 4670 do-

1855 4695 1994 4748 cebit
2020 4712 2283 4765 quosnam
2316 4711 2372 4780 et
2400 4702 2654 4756 adversus
2686 4718 2824 4769 quos
2852 4694 3172 4784 accusantes
3203 4707 3399 4763 admit-

1856 4797 1987 4849 tere,
2018 4798 2072 4840 et
2102 4775 2364 4855 quosnam
2406 4792 2475 4844 ab
2512 4792 2744 4845 Ecclesia
2784 4801 2837 4844 et
2884 4776 3118 4850 fidelium
3152 4814 3397 4854 commu—

1856 4877 2015 4930 nione
2038 4880 2285 4935 abdicare
2317 4893 2576 4951 oporteat.
3058 4878 3071 4925 ι’

1924 5150 2124 5206 Zona.
2162 5152 2439 5217 Nonnulli,
2487 5156 2679 5224 inquit,
2730 5158 2947 5214 amiSsis
2974 5159 3135 5235 rebus
3162 5160 3297 5229 suis,
3332 5180 3398 5223 ac

1854 5245 2024 5297 aliena
2072 5245 2423 5307 invenientes,
2453 5261 2549 5313 pro
2576 5250 2648 5303 iis
2684 5266 2801 5321 qua
2842 5250 3137 5305 amiserunt
3166 5270 3227 5308 ea
3248 5256 3399 5309 deti-

1852 5351 1978 5387 nere
2012 5348 2067 5389 se
2093 5343 2361 5397 asserunt,
2424 5339 2629 5407 seipsos
2657 5342 3005 5407 decipientes.‘
3038 5340 3192 5408 Quod
3226 5344 3395 5411 enim,

1834 5430 1947 5491 ,ait,
1978 5428 2081 5479 illis
2112 5421 2267 5481 fuere
2306 5428 2488 5483 hosres
2519 5432 2749 5490 barbari,
2780 5431 2877 5483 hoc
2914 5430 3009 5499 ipsi
3049 5435 3188 5487 liunt‘
3213 5432 3397 5490 fratri-

1849 5521 1970 5575 bus.
1996 5521 2214 5575 Barbari
2258 5537 2343 5576 res
2376 5523 2585 5577 illorum
2611 5510 2921 5589 rapuerunt,
2949 5538 3011 5576 ac
3040 5523 3125 5593 illi.
3144 5524 3391 5580 fratrum.

1850 5610 2155 5680 Propterea,
2191 5614 2383 5682 inquit,
2420 5613 2881 5685 [Euphrosynum]
2907 5615 2971 5667 ad
3001 5630 3104 5687 vos.
3128 5618 3395 5678 misimus,

1849 5713 1906 5755 ut
1941 5704 2233 5757 secundum
2286 5704 2515 5763 formam
2560 5703 2645 5757 hic
2684 5703 3020 5760 obsenatam
3056 5722 3151 5761 vos
3185 5720 3395 5791 quoque
