4094 6354
774 447 908 505 1059

1887 443 1944 497 S.
1987 439 2311 496 GRECORII
2353 437 2857 495 THAUHATURGI

3855 437 3974 491 1⁸ιο

769 569 882 624 illic
906 564 1133 629 faciatis,
1163 571 1218 618 et
1234 575 1466 638 quorum
1492 560 1870 616 accusationes
1896 572 1949 614 et
1969 569 2156 615 contra
2181 573 2320 629 quos

2432 559 2514 609 καὶ
2547 558 2736 610 αὐτόθι
2784 559 2923 609 ὥστε
2957 555 3128 618 οὕτως
3156 557 3298 625 ύμᾶς
3347 557 3540 618 ποιεῖν,
3597 555 3692 608 καὶ
3738 554 3976 616 τίναςδεί

768 667 1012 730 oporteat
1033 654 1350 720 adntitlatis,
1374 667 1428 711 et
1451 669 1590 726 quos
1615 655 1766 708 decet
1786 651 2048 707 abdicetis
2066 691 2082 712 .
2107 651 2213 704 hoc
2248 659 2332 702 est

771 748 1095 821 ejiciatis'ab
1122 747 1379 813 Ecclesia,
1407 755 1568 816 atque
1595 761 1627 799 a
1653 743 1901 798 ﬁdelibus
1929 742 2240 811 segregetis,
2266 757 2331 797 ne

773 854 897 895 cum
926 837 1058 908 ipsis
1096 853 1204 891 una
1235 845 1544 907 precentur.
1578 832 1748 887 Porro
1778 846 2138 902 quorumnam
2168 847 2332 886 accu-

773 931 1015 986 sationes
1038 928 1384 984 admittenda'.
1413 927 1543 991 sint,
1569 934 1781 981 sextum
1813 924 2065 978 secunda:
2090 937 2330 977 (nemne-

771 1025 908 1077 rt'tcc
952 1020 1141 1092 synodi
1173 1029 1336 1090 caput
1364 1019 1542 1074 docet.
1599 1016 1869 1086 Legantur
1909 1014 2073 1068 etiam
2103 1029 2226 1083 quae
2258 1014 2329 1067 ibi

773 1113 1110 1182 scripsimus.
1664 1119 1666 1122 ’
2193 1105 2197 1110 ’

1367 1197 1593 1256 CANON
1648 1197 1736 1250 Vl.

848 1313 869 1346 ι
907 1292 982 1348 De
1011 1295 1078 1350 iis
1100 1273 1191 1363 qui
1209 1293 1454 1362 captivos
1469 1305 1532 1344 ex
1556 1288 1801 1344 barbaris
1824 1285 2090 1355 fugientes
2123 1286 2172 1338 vi
2198 1286 2332 1340 deti-

780 1405 800 1436 ι
843 1392 992 1438 nent.
1021 1383 1407 1440 Denuntiatum
1437 1389 1615 1441 autem
1640 1387 1723 1433 est
1753 1377 1911 1431 nobis
1937 1377 2212 1445 quidpiam
2243 1376 2332 1430 in-

775 1494 798 1527 ι
841 1474 1093 1529 οτοὰίδῆο
1135 1474 1189 1527 in
1212 1483 1392 1528 vestra
1435 1472 1656 1541 regione
1694 1468 1897 1523 factum
1925 1482 2066 1531 esse,
2109 1468 2332 1521 omnino

777 1586 795 1617 ι
836 1571 904 1618 ab
935 1564 1242 1620 infidelibus
1271 1572 1324 1622 et
1352 1564 1552 1632 impiis,
1575 1571 1628 1616 et
1654 1562 1747 1630 qui
1775 1573 2072 1614 ne‘nomen
2111 1559 2330 1628 quidem

777 1673 796 1706 ι
838 1652 1052 1708 Domini
1081 1665 1313 1718 novere;
1367 1651 1515 1721 quod
1555 1650 1802 1705 nonnulli
1828 1664 1894 1703 eo
1923 1649 2333 1703 inhumanitatis

778 1765 798 1796 ι
837 1741 1279 1814 crudelitatisque
1307 1756 1638 1812 processere,
1663 1749 1721 1793 ut
1745 1739 1985 1808 captivos
2005 1739 2216 1807 aliquos
2237 1739 2333 1808 qui

779 1856 798 1887 ι
841 1835 1163 1905 effugerunt,
1202 1836 1254 1888 vi
1309 1835 1596 1889 retineant.
1649 1830 1842 1883 Mittite
1897 1830 2108 1900 aliquos
2153 1832 2207 1884 in
2247 1846 2336 1885 re-

2431 646 2868 716 κατηγοροῦντάς
2904 662 3064 697 τινων
3102 645 3510 716 προσδέχεσθαι,
3568 645 3661 698 καὶ
3688 645 3784 709 οὓς
3828 647 3974 717 ἐκκη-

2435 738 2612 808 ρύξαι.
2645 738 2808 807 ἤγουν
2835 737 2984 799 τίνας
3013 736 3112 805 τῆς
3149 736 3469 805 Ἑκκλησίας
3506 736 3726 806 ἐξῶσαι,
3775 739 3975 792 καὶτῶν

2430 830 2642 882 πιστῶν
2700 829 2950 901 χωρίσαι,
2984 829 3124 881 ὥστε
3157 828 3231 898 μὴ
3265 828 3616 898 συνεύχεσθαι
3671 832 3868 894 αὐτοῖς.
3895 827 3970 885 Τί·

2431 940 2527 985 νας
2558 922 2615 974 δὲ
2654 921 2733 974 δεῖ
2787 920 3225 992 κατηγοροῦντας
3277 921 3687 990 προσδέχεσθαι,
3733 923 3795 975 τὸ
3838 925 3973 976 ἕκτον

2431 1011 2719 1080 κεφάλαιον
2764 1012 2864 1080 τῆς
2916 1011 3173 1081 δευτέρας
3233 1008 3614 1080 οἱκουμενικῆς
3664 1011 3876 1066 συνόδου
3908 1013 3973 1066 δι-

2428 1105 2636 1158 δάσκει.
2697 1105 3088 1172 Ἀναγνωστέον
3113 1106 3207 1158 καὶ
3235 1107 3305 1160 τὰ
3335 1107 3451 1159 ἐκεῖ
3474 1105 3852 1175 γεγραμμένα.

3023 1197 3260 1249 ΚΛΝΩΝ
3291 1200 3382 1264 ς’.

2506 1306 2525 1338 ι
2557 1287 2692 1358 Περὶ
2711 1287 2817 1341 τῶν
2841 1287 2930 1358 βίᾳ
2963 1289 3296 1358 κατεχόντων
3329 1289 3454 1351 τοὺς
3485 1289 3547 1340 ὲκ
3574 1287 3681 1340 τῶν
3706 1287 3978 1360 βαρϐάρων

2438 1399 2456 1429 ι
2496 1378 2888 1448 αἰχμαλώτους.
2939 1379 3281 1450 Ἀπηγγέλθη
3311 1379 3368 1432 δέ
3394 1396 3445 1431 τι
3472 1381 3602 1448 ἡμῖν
3630 1380 3724 1432 καὶ
3768 1381 3980 1432 ἄπιστον

2439 1491 2454 1520 ι
2499 1475 2556 1523 ὲν
2588 1475 2654 1541 τῇ
2702 1471 2852 1542 χώρᾳ
2909 1471 3059 1541 ὑμῶν
3105 1472 3412 1540 γενόμενον,
3473 1470 3688 1533 πάντως
3740 1487 3838 1523 που
3886 1470 3983 1524 ὑπὸ

2440 1582 2456 1613 ι
2501 1563 2740 1614 ἀπίστων
2794 1563 2885 1615 καὶ
2936 1562 3146 1615 ἀσεϐῶν
3174 1563 3272 1641 καὶ
3309 1561 3383 1632 μὴ
3413 1561 3626 1614 εἰδότων
3659 1562 3790 1630 μηδὲ
3823 1563 3982 1632 ὄνομα

2440 1675 2456 1703 ι
2495 1655 2720 1725 Κυρίου,
2755 1656 2836 1707 ὃτι
2894 1656 2999 1726 ἄρα
3029 1657 3106 1717 είς
3142 1654 3391 1707 τοσοῦτόν
3431 1670 3572 1717 τινες
3596 1653 3876 1724 ὠμότητος
3899 1655 3985 1708 καὶ

2440 1765 2457 1795 ι
2503 1746 2893 1814 ἀπανθρωπίας
2929 1743 3339 1814 προεχώρησαν,
3367 1744 3506 1797 ὥστε
3533 1745 3686 1806 τινὰς
3728 1746 3852 1806 τοὺς
3876 1745 3983 1798 δια-

2439 1856 2457 1888 ι
2495 1838 2758 1906 φυγόντας
2791 1837 3164 1907 αἰχμαλώτους
3193 1836 3282 1906 βίᾳ
3305 1836 3575 1906 κατέχειν.
3617 1837 3982 1891 Ἀποσ-τείλατέ

760 1939 795 1978 οι
838 1899 1076 1997 gionem,
1128 1941 1196 1981 ne
1250 1925 1333 1980 vel
1378 1923 1602 1978 fulmina
1637 1923 1692 1974 in
1731 1936 1826 1976 eos
1856 1899 2052 1976 cadant
2084 1923 2178 1991 qui
2219 1923 2329 1977 lucc

2440 1949 2457 1981 ι
2493 1899 2641 1992 τινας
2668 1899 2750 1992 εἰς
2773 1899 3098 1998 τὴν-χώραν,
3135 1899 3208 1998 μη
3239 1899 3332 1980 καὶ
3375 1899 3604 1997 σκηπτοὶ
3638 1928 3875 1980 πέσωσιν
3899 1931 3981 1979 ἐπὶ

780 2037 798 2070 ι
839 2026 1025 2087 agunt.
1067 2036 1087 2068 ι

842 2108 1006 2168 Βιιε.
1039 2107 1257 2176 Accepit
1283 2116 1506 2163 sanctus
1528 2093 1676 2175 quod.
1701 2105 1920 2174 quidam
1944 2105 2133 2174 captivi
2160 2105 2336 2160 ortho-

773 2199 919 2265 doxi,
947 2209 1238 2269 postquam
1268 2214 1461 2253 manus
1489 2197 1799 2253 barbaricas
1825 2212 2063 2260 evasere,
2093 2197 2142 2249 vi
2168 2211 2199 2249 a
2220 2197 2338 2264 qui-

774 2291 1362 2354 busdam-detinentur,
1399 2303 1497 2344 nec
1543 2289 1767 2342 domum
1813 2289 2008 2341 reverti
2053 2287 2329 2342 sinuntur.

772 2383 915 2438 Dicit
951 2397 1081 2451 ergo
1104 2381 1193 2445 iis,
1223 2381 1288 2434 ad
1321 2395 1458 2450 quos
1485 2369 1743 2447 scriptum
1771 2378 1873 2434 hoc
1897 2377 2183 2446 epistulare
2204 2379 2334 2433 mis-

773 2488 895 2527 sum
939 2480 1044 2536 est,
1080 2470 1228 2540 quod
1275 2472 1378 2525 hoc
1407 2459 1481 2524 ei'
1510 2468 1824 2523 incredibile
1871 2469 2045 2522 visum
2096 2479 2214 2522 est:
2253 2478 2335 2524 est

775 2566 920 2616 enim
966 2562 1259 2615 inﬁdelium
1291 2570 1345 2615 et
1373 2561 1662 2629 impiorum
1703 2573 1860 2627 opus.
1894 2559 1988 2612 Sin
2029 2567 2208 2614 autem
2246 2559 2327 2612 fa-

775 2662 922 2706 etum
946 2661 1048 2713 est,
1082 2666 1189 2703 non
1217 2650 1514 2704 remanebit
1537 2651 1881 2719 impunitum.
1909 2650 1973 2704 Et
1995 2652 2114 2704 ideo
2137 2651 2334 2705 debent

777 2747 889 2798 hac
916 2741 1442 2812 diligenter-inquiri,
1468 2749 1522 2794 et
1553 2741 1695 2794 mitti
1724 2743 1777 2794 in
1803 2744 2075 2812 regionem
2100 2742 2192 2811 qui
2221 2743 2334 2796 haec

775 2839 1202 2900 pcrscrutentur.
1233 2830 1523 2886 Existimat
1545 2832 1711 2896 enim,
1751 2835 1891 2901 quod
1928 2835 2087 2887 etiam
2130 2833 2332 2887 fulmen

773 2938 870 2976 seu
913 2923 1055 2991 ignis
1102 2923 1172 2976 sit
1216 2937 1464 2989 casurus,
1508 2933 1563 2976 et
1604 2938 1700 2978 eos
1742 2925 1834 2992 qui
1876 2926 1987 2977 luec
2021 2932 2188 2994 agunt
2210 2941 2335 2979 exu-

774 3026 979 3069 cturus.

842 3101 1040 3157 Ζοιυιιι.
1080 3101 1353 3167 Nonnulli,
1390 3105 1587 3174 inquit,
1643 3103 1702 3159 ut
1734 3107 2053 3167 didicimus.
2096 3109 2333 3177 captivos

770 3209 839 3248 cx
871 3194 1119 3248 hostibus
1144 3192 1482 3263 diﬂ'ugientes
1510 3197 1562 3250 vi
1597 3198 1830 3252 retinent

773 3290 902 3340 nino
945 3284 1187 3339 infideles
1234 3293 1288 3338 et
1341 3285 1512 3353 impii,
1570 3302 1742 3356 neque
1772 3289 1852 3342 vel
1897 3288 2064 3343 Deum
2110 3301 2327 3347 norunt.

770 3376 1014 3432 Proinde
1027 3388 1249 3433 sanctus
1278 3376 1358 3429 vir
1381 3377 1451 3431 ab
1487 3377 1554 3432 iis
1595 3379 1662 3431 ad
1691 3395 1828 3447 quos
1859 3381 2065 3444 scribit,
2099 3384 2332 3450 postulat

770 3469 912 3524 mitti
945 3472 998 3522 in
1021 3470 1293 3539 regionem
1322 3469 1568 3523 homines
1595 3471 1686 3538 qui
1708 3470 1775 3523 de
1807 3471 1905 3524 hac
1931 3486 1990 3525 re
2025 3473 2328 3540 inquirant;

712 3593 714 3600 ι
770 3575 878 3624 ne,
917 3560 1128 3627 inquit,
1175 3559 1314 3630 ignis
1361 3559 1518 3613 cadat
1567 3560 1820 3624 coalitus,
1862 3575 1925 3615 ac
1966 3576 2059 3616 eos
2096 3563 2192 3630 qui
2220 3563 2332 3616 haec

773 3657 940 3717 agunt
967 3649 1234 3703 absumat.
1277 3648 1390 3705 Hoc
1423 3658 1599 3704 autem
1631 3651 1784 3714 dixit,
1817 3649 2073 3704 facinoris
2101 3653 2332 3720 gravita-

775 3749 879 3802 tem
915 3736 1180 3792 indicans.
1602 3800 1622 3823 .

1364 3828 1590 3883 CANON
1624 3829 1732 3882 VII.

845 3942 863 3972 ι
907 3921 982 3976 De
1016 3923 1082 3977 iis
1112 3920 1205 3991 qui
1238 3921 1376 3974 inter
1406 3921 1667 3976 barbaros
1700 3923 2034 3976 annumerati
2071 3931 2230 3988 sunt,
2278 3933 2331 3978 et

777 4033 795 4062 ι
838 4015 1072 4068 absurda
1099 4012 1344 4082 quadam
1379 4011 1432 4063 in
1461 4027 1553 4066 cos
1581 4012 1671 4078 qui
1700 4021 1826 4064 sunt
1846 4013 1927 4064 sui
1959 4013 2170 4080 generis
2200 4012 2334 4068 fece-

778 4122 795 4148 ο
844 4111 1002 4154 runt-
1044 4101 1150 4156 Eos
1195 4102 1372 4170 itaque
1402 4101 1492 4170 qui
1542 4101 1677 4152 inter
1729 4099 1988 4152 barbaros
2035 4103 2331 4154 enumerati

777 4212 796 4243 ι
840 4201 998 4254 sunt.
1027 4201 1080 4245 et
1104 4209 1224 4246 cum
1253 4194 1332 4246 eis
1361 4193 1414 4245 in
1462 4192 1767 4260 captivitate
1798 4191 2144 4256 invaserunt,
2181 4191 2332 4244 obliti

776 4303 794 4333 ι
841 4298 900 4338 se
943 4297 1063 4336 esse
1101 4281 1349 4336 Ponticus
1393 4293 1446 4336 et
1489 4282 1864 4347 Christianos,
1906 4281 2110 4335 ellcrati
2153 4291 2330 4336 autem

776 4395 794 4426 ι
840 4374 1162 4442 barbarique
1187 4375 1398 4438 redditi,
1428 4384 1486 4427 ut
1514 4383 1566 4427 et
1591 4390 1685 4427 eos
1711 4375 1803 4442 qui
1835 4374 1917 4427 sui
1943 4382 2069 4428 sunt
2095 4375 2328 4442 generis,

777 4485 795 4515 ι
842 4469 924 4520 vel
961 4468 1106 4536 ligno
1137 4466 1215 4518 vel
1243 4465 1592 4518 suﬂ'ocatione
1622 4467 1977 4527 interficiant,
2004 4467 2118 4520 vias
2150 4475 2328 4520 autent

2441 2038 2459 2069 ι
2497 2022 2621 2082 τοὺς
2650 2019 2718 2071 τὰ
2745 2020 2966 2071 τοιαῦτα
2998 2018 3356 2088 πράσσοντας.
3375 2036 3392 2067 ι

2507 2111 2695 2162 ΒΛΛΣ.
2735 2109 2972 2178 Ἔμαθεν
2997 2110 3024 2160 ὁ
3060 2099 3222 2174 ’ἅγιος
3244 2107 3320 2170 ὣς
3338 2126 3480 2172 τινες
3498 2105 3765 2180 όρθόδοξοι
3801 2108 3984 2176 αἰχμά-

2435 2203 2612 2263 λωτοι,
2663 2202 2757 2263 τὰς
2816 2199 3153 2270 βαρϐαρικὰς
3205 2201 3388 2269 χεῖρας
3440 2187 3811 2269 διαφυγόντες,
3835 2198 3984 2250 κατέ-

2435 2308 2615 2362 χονται
2637 2291 2740 2342 ὑπὸ
2768 2305 2926 2342 τινων
2956 2289 3092 2340 κατὰ
3118 2290 3261 2358 βίαν,
3308 2291 3402 2342 καὶ
3451 2292 3512 2344 οὐ
3548 2289 3984 2362 παραχωροῦνται

2433 2381 2610 2435 οἴκαδε
2644 2380 2998 2449 ὑποστρέψαι.
3023 2381 3187 2449 Φησὶν
3215 2376 3306 2432 οὖν
3341 2381 3474 2452 πρὸς
3503 2380 3596 2444 οὓς
3624 2383 3900 2451 ἀπεστάλη
3929 2381 3984 2432 τὸ

2434 2470 2836 2539 ὲπιστολιμαῐον
2869 2469 3023 2522 τοῦτο
3053 2470 3305 2540 γράμμα,
3334 2470 3408 2533 ὡς
3465 2471 3621 2524 τοῦτο
3651 2473 3740 2538 καὶ
3768 2473 3983 2525 ἄπιστον

2435 2563 2682 2631 ἐλογίσθη
2733 2561 2910 2631 αύτῷι
2937 2559 3094 2632 ἔργον
3142 2563 3249 2633 γάρ
3281 2565 3424 2615 ἐστιν
3477 2564 3718 2617 ἀπίστων
3753 2566 3844 2620 καὶ
3869 2566 3983 2617 ἀσε-

2435 2653 2562 2706 ϐῶν.
2597 2653 2656 2704 El
2685 2653 2741 2705 δὲ
2773 2653 3014 2720 γέγονεν,
3045 2654 3393 2724 ἀνεκδίκητον
3418 2656 3517 2707 ούκ
3546 2655 3716 2708 ἔσται.
3772 2656 3865 2707 Διὸ
3899 2655 3983 2706 καὶ

2433 2741 2790 2808 όφείλουσιτά
2822 2742 2946 2812 περὶ
3001 2742 3186 2794 τούτου
3241 2743 3846 2815 πολυπραγμονηθῆναι,
3900 2746 3982 2797 καὶ

2433 2833 2744 2884 ἀποστεῖλαι
2805 2834 2884 2895 εἰς
2910 2833 3007 2901 τὴν
3037 2832 3216 2903 χώραν
3274 2835 3368 2887 καὶ
3423 2834 3731 2907 ἐρευνῆσαι.
3766 2836 3981 2905 Νομίζει

2417 2908 2540 2993 ’γὰρ
2567 2923 2642 2985 ὠς
2673 2923 2766 2976 καὶ
2821 2922 3079 2992 σκηπτὸς,
3131 2923 3298 2991 ἧγουν
3354 2923 3484 2993 πῦρ,
3517 2926 3582 2976 ὲκ
3628 2925 3722 2976 τοῦ
3768 2924 3984 2996 ούρανοῦ

2432 3012 2613 3075 ἔπεσε,
2639 3014 2730 3064 καὶ
2757 3009 3046 3079 κατέφλεξε
3078 3013 3201 3074 τοὺς
3231 3013 3402 3066 ταῦτα
3427 3015 3787 3083 πράσσοντας.

2502 3102 2740 3153 ΖΩΝΛΡ.
2770 3101 2942 3163 Τινὲς,
2973 3103 3158 3171 φησὶν,
3295 3104 3588 3173 ἐμάθομεν,
3623 3106 3984 3175 αἰχμαλώτους

1877 3217 1888 3250 ;
1937 3201 2026 3267 qui
2063 3212 2186 3254 sum
2216 3215 2332 3254 om.
2358 3228 2399 3284 C
2430 3191 2784 3260 διαφυγόντας
2813 3193 2936 3254 τοὺς
2962 3193 3270 3262 πολεμίους.
3305 3195 3395 3266 βία
3422 3196 3771 3265 κατέχουσιν·
3802 3200 3985 3258 οἵτινες

2433 3284 2648 3344 πάντως
2678 3282 2890 3336 ἄπιστοί
2917 3283 3022 3335 εἰσι
3053 3284 3144 3337 καὶ
3178 3285 3413 3349 ἀσεϐεξ,
3448 3288 3540 3340 καὶ
3570 3288 3690 3340 οὐδὲ
3720 3289 3848 3341 Θεοῦ
3875 3289 3986 3339 ἐπί-

2429 3391 2626 3441 γνωσιν
2654 3374 2879 3450 ἔχουσιν.
2926 3375 3169 3428 Ἀπαιτεῖ
3196 3372 3289 3429 οὖν
3317 3379 3344 3430 ό
3373 3379 3523 3445 ἆγιος
3559 3381 3682 3441 τοὺς
3725 3381 3856 3450 πρὸς
3899 3379 3984 3438 οὓς

2431 3465 2661 3535 γράφει,
2707 3466 3019 3520 ἀποστεῖλαι
3067 3469 3146 3531 είς
3190 3468 3286 3538 τὴν
3346 3469 3526 3539 χώραν
3572 3472 3666 3523 καὶ
3705 3468 3986 3541 ἐρευνῆσαι

2433 3557 2560 3626 περὶ
2585 3558 2675 3610 τοῦ
2709 3560 3044 3628 πράγματος,
3075 3561 3161 3615 ῖνα
3194 3560 3268 3631 μὴ
3293 3562 3422 3632 πῦρ,
3454 3563 3640 3631 φησὶν,
3677 3563 3735 3626 ἐξ
3761 3562 3982 3633 ούρανοῦ

2432 3650 2572 3718 πέσῃ
2601 3651 2692 3700 καὶ
2714 3651 3021 3722 καταφλέξῃ
3054 3653 3176 3713 τοὺς
3214 3652 3380 3705 ταῦτα
3421 3654 3778 3724 πράσσοιτας.
3822 3655 3985 3707 Τοζτο

2430 3740 2486 3791 δὲ
2518 3736 2655 3802 εἷπε,
2687 3741 2781 3810 τὴν
2811 3742 3035 3794 ἀτοπίαν
3065 3741 3317 3795 δεικνύων
3351 3745 3739 3816 τῆς’πράξεως.

3045 3835 3280 3886 ΚΑΝΩΝ
3313 3838 3384 3888 Z‘.

2509 3943 2526 3974 ι
2566 3926 2698 3994 Περὶ
2730 3926 2835 3976 τῶν
2862 3924 3362 3995 ὲγκαταλεχθὲντων
3395 3930 3508 3992 τοῖς
3533 3929 3819 4000 βαρϐάροις
3839 3971 3854 3991 ,
3899 3934 3985 3983 καί

2437 4032 2453 4061 ι
2497 4015 2669 4064 ἄτοπὰ
2693 4031 2810 4065 τινα
2837 4013 2974 4065 κατὰ
2991 4014 3095 4064 τῶν
3111 4015 3394 4083 ὁμοφύλων
3427 4018 3823 4086 τολμησάντων.
3853 4020 3983 4079 Τοίς

2438 4123 2456 4152 ι
2501 4105 2595 4171 μὲν
2625 4100 2714 4156 οὖν
2747 4103 3238 4173 ὲγκαταλεχθέντας
3265 4109 3375 4167 τοῖς
3425 4107 3712 4178 βαρϐάροις
3748 4111 3838 4160 καὶ
3875 4113 3982 4177 μές’

2439 4212 2457 4244 ι
2492 4195 2666 4246 αὐτῶν
2698 4198 2753 4246 ὲν
2791 4195 3132 4271 αἰχμαλωσίᾳ
3165 4197 3517 4261 ἐπελθόντας,
3550 4199 3983 4269 ἐπιλαθομένους.

2438 4303 2455 4333 ι
2497 4285 2575 4335 ὅτι
2602 4281 2739 4354 ἦσαν
2774 4285 3019 4337 Ποντικοὶ
3056 4287 3144 4339 καὶ
3177 4288 3513 4357 Χριστιανοὶ,
3547 4288 3986 4358 ὲκϐαρόαρωθὲ.-

2437 4396 2454 4426 ι
2490 4393 2586 4438 τας
2619 4376 2672 4428 δὲ
2699 4376 2774 4437 ὡς
2801 4378 2892 4428 καὶ
2927 4377 3172 4444 φονεύειν
3201 4379 3323 4439 τοὺς
3363 4377 3662 4447 ὁμοφύλους
3701 4379 3733 4448 ἢ
3783 4379 3924 4447 ξύλῳ
3956 4379 3981 4445 ἢ

2437 4486 2455 4516 ι
2491 4467 2712 4538 ἀγχόνῃ,
2747 4468 3120 4520 ὑποδεικνύναι
3143 4468 3199 4519 δὲ
3232 4467 3263 4535 ἦ
3294 4469 3490 4539 ὁδοὺςῆ
3531 4472 3701 4532 οἰκίας
3737 4469 3984 4537 ἀγνοοῧῑι

780 4577 797 4609 ι
843 4561 923 4611 vel
952 4560 1142 4611 domos
1169 4557 1527 4611 nescientibus
1551 4557 1792 4609 barbaris
1817 4557 2132 4622 ostendant;
2165 4559 2326 4612 etiam

2439 4575 2454 4606 ι
2494 4559 2604 4619 τοῖς
2645 4557 2962 4624 βαρϐάροις·
2998 4557 3088 4607 καὶ
3119 4557 3213 4623 τῆς
3253 4557 3566 4625 ἀκροάσεως
3591 4559 3854 4629 -ἀπεῖρξαι
3893 4561 3982 4622 δεῖ,

780 4668 798 4698 ι
843 4650 910 4700 ab
943 4650 1216 4702 auditione
1258 4663 1440 4701 arcere
1486 4655 1726 4713 oportet,
1771 4645 1941 4698 donec
1988 4646 2053 4699 dc
2090 4648 2154 4709 iis
2195 4663 2325 4700 con-

779 4756 796 4787 ‹
845 4739 1075 4804 gregatis
1101 4738 1301 4790 sanctis
1330 4736 1529 4804 aliquid
1559 4736 1915 4788 communiter
1945 4736 2116 4789 visum
2142 4735 2322 4799 fuerit,

779 4847 796 4876 ι
844 4837 894 4880 ct
921 4835 1043 4877 ante
1073 4841 1166 4878 eos
1198 4836 1382 4879 sancto
1413 4827 1653 4894 Spiritui.
1697 4845 1715 4874 ι

843 4916 1010 4969 'BALS.
1052 4913 1160 4966 Eos
1218 4917 1428 4982 quidem
1478 4918 1568 4985 qui
1613 4925 1895 4983 postquam
1949 4919 2139 4986 captivi
2197 4915 2324 4969 facti

775 5017 933 5071 sunt,
982 5006 1225 5060 barbaris
1270 5018 1697 5070 consenserunt,
1745 5016 1796 5058 et
1858 5022 1979 5058 cum
2037 5010 2116 5060 eis
2160 5008 2320 5060 veluti

779 5088 988 5149 barbari
1022 5097 1193 5150 effecti
1228 5104 1383 5160 sunt,
1423 5105 1474 5148 et
1513 5099 1592 5148 sui
1620 5098 1829 5166 generis
1869 5095 2206 5151 Christianos
2242 5099 2324 5149 in-

777 5187 1098 5242 terfecerunt
1121 5228 1134 5251 ,
1171 5190 1252 5242 vel
1290 5189 1404 5241 vias
1443 5189 1682 5244 barbaris
1727 5193 1938 5259 ignotas
1969 5197 2022 5240 et
2056 5189 2119 5240 ad
2170 5188 2326 5241 Chri-

775 5277 978 5329 stianos
1023 5279 1278 5334 ducentes
1323 5278 1688 5343 ostenderunt,
1715 5280 1793 5332 vel
1836 5294 2022 5332 eorum
2060 5278 2198 5330 aedes
2230 5278 2324 5329 Im-

777 5367 949 5419 stibus
972 5369 1280 5424 manifestas
1299 5369 1568 5431 fecerunt,
1598 5386 1666 5421 ne
1686 5371 1750 5422 ad
1780 5373 2081 5424 divinarum
2112 5367 2323 5434 quidem

777 5457 992 5509 laudum
1028 5460 1347 5513 auditionem
1381 5460 1736 5513 admittendos
1775 5476 1893 5514 esse
1926 5457 2196 5511 decernit:
2233 5458 2323 5508 sed

777 5561 870 5602 ws
896 5549 1116 5601 omnino
1159 5563 1303 5606 extra
1364 5553 1646 5605 ecclesiam
1679 5552 1838 5603 statui
1881 5552 1934 5601 in
1974 5549 2094 5602 loco
2127 5545 2326 5599 deﬂen-

777 5645 908 5692 tium
929 5681 945 5703 ,
999 5652 1119 5709 post
1147 5646 1538 5700 confessionem
1571 5646 1774 5700 scilicet
1803 5645 1882 5697 vel
1925 5641 2324 5699 condemnatio-

779 5744 937 5794 ncm,
987 5733 1158 5785 donec
1197 5737 1364 5786 sancti
1409 5738 1569 5788 simul
1613 5740 1919 5803 congregati
1969 5734 2037 5786 de
2075 5732 2139 5784 iis
2179 5745 2325 5784 com-

777 5824 1008 5876 muniter
1033 5825 1330 5878 statuerint.
1367 5823 1593 5881 Sanctos
1625 5834 1800 5881 autem
1833 5824 2114 5892 episcopos
2145 5821 2320 5889 appel-

2432 4665 2445 4691 ι
2491 4645 2680 4712 μέχρις
2706 4645 2769 4695 ἂν
2800 4648 2948 4712 κοινῇ
2967 4645 3094 4712 περὶ
3110 4644 3287 4695 αὐτῶν
3313 4662 3364 4695 τι
3391 4645 3515 4715 δόξῃ
3549 4646 3857 4698 συνελθοῦσι
3883 4651 3981 4706 rei;

2431 4755 2446 4781 ε
2485 4735 2676 4800 ἁγίοις,
2715 4735 2804 4785 καὶ
2831 4735 2934 4802 πρὸ
2965 4735 3140 4785 αὐτῶν
3171 4735 3246 4803 τῷ
3271 4737 3405 4804 ἁγίῳ
3438 4738 3729 4808 Πνεύματι.
3772 4757 3790 4787 ι

2495 4915 2684 4964 ΒΑΛΣ.
2723 4914 2857 4974 Τοὺς
2888 4913 3065 4980 μέντοι
3105 4916 3238 4982 μετὰ
3263 4917 3321 4967 τὸ
3342 4917 3840 4986 αἰχμαλωτισθῆναι
3883 4923 3978 4980 τάς

2429 5005 2717 5074 βαρϐάροις
2737 5007 3228 5076 ὁμοφρονήσαντας,
3261 5009 3352 5060 καὶ
3386 5010 3502 5077 μετ’
3525 5007 3697 5058 αὐτῶν
3724 5003 3840 5058 οἷον
3872 5011 3980 5078 βας.-

2427 5095 2785 5163 εαρωθέντας,
2817 5096 2909 5147 καὶ
2941 5097 3063 5158 τοὺς
3098 5097 3394 5165 ὁμοφύλους
3416 5098 3771 5165 Χριστιανοὺς
3803 5105 3980 5167 90w;-

2428 5203 2643 5246 σαντας,
2678 5187 2709 5254 ἢ
2765 5186 2914 5247 ὀδοὺς
2955 5188 3314 5256 ἀγνοουμένας
3352 5190 3462 5246 τοῖς
3516 5186 3811 5257 βαρϐάροις
3835 5233 3850 5252 ,
3900 5193 3975 5242 tu"

2425 5275 2736 5342 ἀπαγούσας
2770 5279 2846 5339 είς
2889 5278 3237 5346 Χριστιανοὺς
3283 5275 3691 5338 ὑποδείξαντας.
3733 5278 3771 5346 ἢ
3817 5282 3977 5339 nixis;

2424 5367 2622 5418 τούτων
2650 5367 2973 5436 καταδήλους
2999 5373 3108 5431 τοῖς
3136 5365 3408 5436 πολεμίοις
3453 5368 3780 5435 ποιήσαντας
3802 5410 3816 5428 ,
3856 5372 3977 5438 μηίὲ

2426 5459 2501 5517 είς
2533 5457 2789 5525 ἀκρόασιν
2817 5459 2920 5510 τῶν
2939 5459 3095 5510 Θείων
3121 5455 3432 5522 δοξολογιῶν
3459 5457 3868 5528 παραδεχθῖψαι
3886 5463 3975 5513 δω-

2430 5548 2655 5618 ρίξεται·
2694 5548 2824 5601 ἀλλὰ
2883 5551 2984 5615 ἔξω
3024 5546 3299 5607 παντελῶς
3357 5545 3454 5613 τῆς
3495 5549 3790 5615 ἐκκλησίας
3840 5553 3968 5603 ἶπε-

2428 5637 2545 5711 σθαι
2594 5640 2786 5702 αὐτοὺς
2834 5642 2890 5691 ἐν
2929 5641 3074 5708 τόπῳ
3113 5636 3544 5707 προσκλαιόντων
3591 5639 3808 5701 πάντως
3855 5645 3971 5711 μετ)

2425 5709 2519 5799 τὴν
2548 5730 2929 5802 ἐξομολόγησιν
2956 5732 2988 5800 ἢ
3016 5730 3111 5797 τὴν
3138 5727 3453 5796 καταδίκην,
3486 5729 3591 5792 ἕως
3617 5731 3678 5781 ἂν
3696 5734 3970 5800 σιωπήσω-

2428 5838 2506 5872 σιν
2526 5825 2572 5874 οἱ
2606 5824 2746 5889 ἅγιοι
2782 5823 2906 5890 περὶ
2936 5818 3111 5872 αὐτῶν
3156 5821 3304 5887 κοινῇ
3353 5819 3706 5882 συνελθόντες.
3777 5825 3968 5889 Ἀγίας
