4094 6354
714 573 738 631 1
750 568 851 632 043

1825 571 1878 627 S.
1921 570 2247 628 GREGORII
2287 571 2664 628 THAUMATU
2677 573 2788 628 κει

3787 580 3916 634 1044

783 693 939 744 lius.
977 685 1268 755 Postquam
1309 696 1528 740 sanctus
1557 685 1729 740 fusius
1763 687 2068 742 tractaverit
2097 686 2163 739 de
2200 686 2267 740 iis

2437 685 2627 738 ΒΑΛΣ.
2660 687 2990 758 Παχυμερῶς
3019 685 3282 741 διαλαϐὼν
3303 692 3331 742 ό
3351 689 3502 759 ἅγιος
3535 692 3663 762 περὶ
3695 693 3799 745 τῶν
3828 697 3916 764 ἁρ-

705 783 801 851 qui
844 788 1153 841 rapuerunt.
1197 780 1274 830 vel
1321 777 1674 846 quorumdam
1703 778 2033 845 captivorum
2062 791 2148 830 res
2183 777 2265 828 in-

709 879 1014 932 venerunt,
1067 868 1206 936 quod
1270 868 1333 919 ad
1390 882 1669 933 poenarum
1721 866 1982 919 rationem
2029 866 2262 930 attinet;

712 954 858 1015 nunc
885 973 1100 1028 quoque
1127 959 1332 1026 species
1359 957 1700 1024 pceuitentize,
1734 956 1848 1010 sive
1878 956 2268 1010 ecclesiastica-

717 1068 838 1105 rum
881 1066 1155 1118 pugnarum
1202 1049 1388 1116 incipit
1420 1048 1618 1101 dicere.
1670 1047 1733 1099 Et
1792 1047 1975 1100 statim
2024 1046 2265 1098 decernit

714 1153 774 1197 ut
817 1157 915 1196 nec
960 1151 1102 1196 stent
1133 1156 1254 1194 cum
1288 1140 1667 1202 audientibus,
1717 1139 1808 1192 sed
1855 1153 1978 1200 cum
2027 1136 2268 1190 deﬂenti-

713 1235 833 1295 bus,
870 1241 1019 1286 extra
1051 1214 1364 1290 ecclesiam,
1407 1229 1499 1296 qui
1545 1243 1654 1280 rem
1701 1228 1897 1294 captivi
1933 1236 2266 1294 rapuerunt,

711 1332 767 1378 et
796 1339 913 1376 eam
943 1337 1049 1376 non
1093 1325 1461 1380 restituerunt,
1491 1319 1582 1371 sed
1616 1317 2010 1370 accusationem
2053 1327 2106 1371 ct
2143 1332 2269 1385 pro-

713 1416 984 1468 bationem
1024 1420 1398 1484 exspectarunt
1444 1417 1656 1476 propter
1719 1407 2112 1459 infitiationem.
2163 1406 2268 1458 Eos

711 1514 892 1557 autem
933 1505 1023 1570 qui
1068 1518 1124 1555 se
1165 1501 1315 1570 ipsos
1341 1499 1659 1561 detulerunt,
1690 1505 1744 1549 et
1780 1513 1878 1551 sua
1921 1506 2112 1564 sponte
2149 1511 2268 1563 qua:

713 1592 1006 1653 abstulere,
1049 1588 1171 1644 aut!
1201 1591 1464 1643 actionem
1517 1589 1798 1650 dederunt,
1832 1588 2022 1640 statuit
2051 1596 2108 1639 ut
2140 1602 2266 1654 pro-

716 1692 835 1751 pter
859 1683 1220 1750 paenitentiam
1246 1689 1672 1747 comprecentur,
1704 1693 1798 1732 seu
1822 1682 2118 1732 consistant
2145 1693 2266 1732 cum

715 1772 990 1834 ﬁdelibus;
1024 1769 1434 1824 substernantur
1487 1777 1663 1820 autem
1711 1769 1850 1828 illis,
1898 1782 1962 1820 eo
1999 1768 2141 1834 quod
2172 1781 2267 1819 co-

715 1873 916 1931 guntur
956 1862 1135 1930 egredi
1172 1876 1294 1913 cum
1334 1859 1753 1913 catecliumenis.
1799 1860 1874 1912 Ac
1920 1858 2001 1911 lex
2051 1857 2265 1925 quidem

2369 777 2656 829 πασάντων
2684 777 2716 846 ἢ
2750 777 3054 847 εὑρηκότων
3087 780 3382 849 πράγματὰ
3408 798 3568 834 τινων
3594 783 3918 852 αἰχμαλωτι-

2368 866 2599 920 σθέντων
2622 905 2635 926 ,
2685 867 2803 918 ὅσον
2845 868 2982 930 τέως
3009 871 3088 931 είς
3126 869 3217 921 τὸν
3245 869 3398 937 λόγον
3451 871 3560 924 τῶν
3608 874 3911 943 ἐπιτιμίων·

2367 958 2493 1028 ἄρτι
2519 957 2611 1009 καὶ
2636 957 2700 1008 τὰ
2735 957 2845 1030 είδη
2886 959 2986 1027 τῆς
3022 959 3304 1028 μετανοίας
3337 963 3452 1032 ήτοι
3485 963 3594 1016 τῶν
3637 965 3913 1034 ἐκκλησιαο

2368 1045 2568 1098 στικῶνγ
2596 1047 2878 1116 ἐπιτιμίων
2904 1048 3126 1119 ἄρχεται
3150 1050 3343 1117 λέγειν.
3386 1053 3494 1104 Kai
3527 1055 3720 1106 αὐτίκα
3762 1057 3916 1124 διορί-
3968 1093 3979 1105 .

2371 1137 2542 1201 (erat,
2595 1137 2681 1188 ἵνα
2739 1138 2868 1206 μηδὲ
2923 1138 3058 1207 μετὰ
3094 1138 3200 1190 τῶν
3233 1141 3593 1210 ἀκροωμένων
3644 1144 3906 1204 ἱστῶνται,

2366 1227 2500 1279 ἀλλὰ
2546 1227 2680 1297 μετὰ
2721 1228 2827 1282 τῶν
2868 1231 3298 1300 προσκλαιόντων
3353 1231 3547 1295 ἔξωθεν
3584 1235 3682 1303 τῆς
3730 1237 3918 1305 ἐκκλη-

2370 1320 2487 1381 σίας
2510 1359 2524 1380 ,
2543 1321 2592 1370 οἱ
2621 1320 2958 1389 ἁρπάσαντες
2983 1321 3219 1372 τοιοῦτόν
3233 1339 3284 1373 τι
3312 1325 3538 1392 πρᾶγμα
3556 1325 3912 1394 αἰχμαλώτου,

2368 1411 2460 1462 καὶ
2495 1411 2567 1479 μὴ
2596 1411 3037 1480 ἀντιστρέψαντες
3053 1411 3202 1474 αὑτὸ,
3229 1411 3360 1465 ἀλλὰ
3376 1415 3763 1482 ἀναμείναντες
3779 1433 3913 1469 κατ-

2373 1494 2602 1571 ηγορίαν
2649 1502 2739 1552 καὶ
2764 1501 2978 1569 ἔλεγχον
2997 1502 3084 1554 διὰ
3109 1501 3206 1572 τὴν
3250 1503 3494 1574 ἄρνησιν.
3533 1505 3670 1568 Τοὺς
3711 1507 3766 1558 δὲ
3796 1509 3915 1560 ἑαυ-

2366 1593 2490 1654 τοὺς
2520 1592 3007 1661 προσαγγείλαντας
3035 1595 3126 1646 καὶ
3151 1594 3337 1657 δόντας
3364 1595 3663 1658 καλοθελῶς
3682 1598 3784 1666 πρὸ
3803 1599 3917 1650 ἁνα-

2367 1679 2548 1746 γωγῆς
2583 1679 2617 1730 ἃ
2653 1679 2959 1745 ἀφείλοντο,
3001 1681 3290 1750 διορίζεται
3319 1683 3406 1735 διὰ
3438 1683 3532 1752 τὴν
3565 1687 3917 1754 μεταμέλειαν

2369 1766 2737 1836 συνεύχεσθαι,
2765 1769 2928 1835 ἤγουν
2959 1771 3333 1834 συνίστασθαι,
3373 1772 3508 1840 μετὰ
3537 1773 3644 1824 τῶν
3684 1776 3916 1828 πιστῶνο

2369 1858 2691 1910 ὑποπίπτειν
2718 1856 2774 1910 δὲ
2801 1857 2974 1909 αὐτῶν
2996 1857 3081 1910 διὰ
3107 1859 3168 1910 τὸ
3191 1861 3588 1928 ἀναγκάζεσθαι
3610 1863 3920 1934 ὲξέρχεσθαι

714 1951 1075 2006 ecclesiastica
1111 1965 1202 2002 eos
1241 1950 1320 2002 sic
1351 1951 1522 2015 punit.
1568 1947 1676 2000 Lex
1715 1962 1842 2001 vero
1885 1947 2060 2000 civilis
2090 1955 2272 2015 rapto-

2376 1964 2508 2018 μετα
2535 1948 2640 2000 τῶν
2673 1948 3107 2019 κατηχουμένων.
3144 1952 3252 2002 Καὶ
3291 1955 3319 2004 ό
3344 1954 3438 2022 μὲν
3474 1955 3920 2025 ἐκκλησιαστικὸς

716 2059 805 2098 res
835 2041 974 2110 quod
999 2041 1064 2092 ab
1092 2040 1222 2108 ipsis
1255 2050 1462 2106 raptum
1497 2047 1576 2090 est
1602 2038 1760 2089 etiam
1793 2045 1912 2089 ante
1943 2037 2269 2089 condemna-

717 2136 917 2187 tionem
965 2133 1285 2195 oﬂ'crcntes,
1345 2145 1448 2181 non
1484 2129 1757 2191 admittit,
1807 2128 1896 2180 sed
1956 2127 2273 2180 condemnat

717 2225 773 2278 in
819 2224 1195 2293 quadruplum.
1267 2221 1401 2274 Dicit
1444 2221 1584 2272 enim
1632 2235 1752 2286 cap.
1803 2217 1856 2279 6,
1914 2218 1982 2270 17
2035 2218 2155 2279 tit.,
2205 2232 2270 2269 ιι

717 2315 811 2369 lib.
845 2333 858 2368 :
894 2313 1097 2382 Raptor
1136 2328 1294 2381 poena
1326 2327 1428 2363 nou
1455 2311 1710 2363 liberatur
1741 2310 2007 2364 oblatione
2031 2311 2103 2363 rei
2149 2319 2273 2366 ante

716 2408 885 2460 litem.
946 2405 1005 2457 Et
1051 2405 1223 2456 thema
1276 2403 1304 2453 7
1334 2441 1347 2463 ,
1393 2417 1506 2470 cap.
1549 2401 1584 2452 2
1627 2403 1865 2470 ejusdem
1931 2401 2020 2454 lib.
2055 2411 2108 2455 et
2138 2401 2217 2454 tit.
2255 2416 2269 2453 :

716 2497 859 2550 Intra
905 2511 1105 2548 annum
1160 2509 1344 2545 verum
1393 2493 1620 2559 pretium
1686 2493 2114 2560 quadruplatur,
2166 2506 2271 2545 non

718 2596 896 2639 autem
948 2585 998 2638 id
1055 2584 1195 2652 quod
1258 2583 1498 2635 interest.
1565 2582 1717 2644 Quod
1763 2591 1939 2634 autem
2004 2582 2091 2636 bie
2145 2582 2274 2635 dicit

719 2691 939 2730 sanetus
971 2673 1036 2726 de
1078 2674 1144 2726 iis
1186 2673 1278 2740 qui
1328 2684 1450 2725 ante
1485 2672 1987 2725 condemnationem
2029 2681 2083 2725 et
2116 2687 2274 2726 aecu-

720 2766 979 2819 satiouem
1029 2780 1139 2818 rem
1180 2766 1497 2826 restituunt,
1539 2764 1624 2817 lex
1671 2765 1818 2832 jubet
1851 2765 1898 2818 id
1934 2765 2046 2818 fieri
2089 2765 2140 2817 in
2184 2779 2275 2820 eos

719 2856 813 2924 qui
873 2856 1070 2924 aliquid
1137 2872 1200 2910 ex
1268 2857 1449 2924 aliquo
1515 2849 2080 2926 metu'acceperunt.
2141 2858 2278 2914 Dicit

717 2948 862 2999 enim
897 2946 928 2999 5
967 2947 1180 3014 thema,
1227 2947 1294 3001 15
1335 2963 1478 3015 cap.,
1501 2947 1534 3001 2
1578 2949 1682 3015 ιίι.,
1707 2965 1738 3002 x
1784 2949 1912 3002 lib.:
1947 2947 2100 3004 Aetio
2123 2951 2277 3019 cujus

720 3047 898 3089 metus
933 3053 1124 3103 causa,
1167 3048 1249 3092 est
1275 3039 1479 3103 libera;
1513 3048 1567 3092 et
1603 3039 1725 3093 licet
1760 3039 1808 3094 ei
1836 3041 2091 3096 adversus
2117 3057 2274 3109 quem

724 3128 924 3196 agitur,
953 3126 1017 3180 ad
1051 3129 1366 3181 sententiam
1398 3144 1568 3197 usque
1595 3144 1707 3183 rem
1748 3129 2050 3190 restituere,
2085 3140 2140 3184 et
2169 3146 2273 3183 non

725 3223 854 3272 dare
903 3220 1280 3287 quadruplum.
1337 3220 1428 3272 Est
1491 3229 1668 3273 autem
1723 3228 1778 3273 et
1827 3219 1925 3274 alia
1980 3220 2276 3274 differentia

2371 2040 2532 2108 νόμος
2555 2039 2693 2092 οὑτω
2722 2039 2942 2100 τούτους
2971 2039 3182 2102 κολάζει
3203 2058 3214 2071 ⁸
3242 2043 3269 2093 ό
3298 2043 3353 2095 δὲ
3382 2045 3652 2108 πολιτικὸς
3678 2048 3801 2108 τοὺς
3831 2046 3924 2117 ἆῤ-

2371 2144 2548 2195 παγας
2577 2131 2668 2182 καὶ
2700 2130 2804 2200 πρὸ
2827 2131 3117 2200 καταδίκης
3150 2135 3514 2201 προσάγοντας
3541 2135 3602 2187 τὸ
3629 2137 3720 2188 ὑπ’
3747 2139 3924 2189 αὐτῶν

2372 2221 2615 2290 ἁρπαγὲν
2646 2222 2704 2272 οὑ
2737 2221 3117 2290 προσδέχεται,
3166 2223 3278 2275 ἀλλ’
3324 2227 3402 2286 είς
3441 2225 3500 2276 τὸ
3535 2227 3924 2295 τετραπλάσιον

2372 2311 2731 2373 καταδικάζει.
2760 2313 2896 2380 Φησὶ
2921 2312 3027 2380 γὰρ
3051 2329 3175 2381 κεφ.
3203 2320 3274 2377 ς’,
3304 2315 3394 2366 τοῦ
3423 2317 3486 2379 ιζ’
3535 2316 3732 2379 τίτλου,
3768 2318 3860 2369 τοῦ
3883 2320 3922 2383 ξ’

2375 2403 2573 2473 βιϐλίου
2593 2421 2611 2462 ·,
2650 2405 2706 2457 '0
2733 2403 2916 2475 ἅρπαξ
2946 2407 3044 2457 οὑκ
3071 2406 3575 2477 ἀπαλλάπεταιτῆς
3609 2410 3800 2478 ποινῆς
3825 2412 3925 2478 πῴ

2371 2496 2467 2564 τῆς
2494 2495 2646 2564 δίκης
2675 2496 2962 2567 προσάγων
3002 2497 3063 2548 τὸ
3109 2499 3356 2568 πρᾶγμα.
3400 2501 3506 2551 Καὶ
3549 2501 3689 2569 θεμα
3736 2500 3802 2563 ζ’,
3836 2502 3928 2554 τοῦ

2360 2585 2418 2654 ,β’
2465 2586 2652 2653 κεφαλ.
2695 2585 2787 2638 τοῦ
2823 2585 2984 2640 αὑτοῦ
3012 2586 3214 2656 βιϐλίου
3230 2588 3320 2640 καὶ
3337 2587 3511 2640 τίτλου
3531 2605 3545 2618 ο
3574 2591 3718 2641 Εἴσω
3750 2593 3928 2642 ἐνιαυ-

2373 2675 2465 2728 τοῦ
2494 2675 2553 2727 τὸ
2585 2675 2779 2744 ἀληθὲς
2824 2675 2918 2728 τοῦ
2954 2677 3270 2746 πράγματος
3305 2678 3515 2747 τίμημα
3535 2681 3932 2750 τετραπλάσιά-

2377 2766 2543 2831 ζεται,
2565 2767 2624 2820 οὐ
2652 2769 2756 2838 μὴν
2780 2768 2839 2820 τὸ
2866 2767 3139 2839 διαφέρον.
3169 2769 3341 2838 Ὅπερ
3360 2769 3415 2821 δέ
3443 2786 3608 2839 φησιν
3645 2771 3876 2826 ἐνταῦθα
3906 2775 3932 2822 ό

2377 2855 2528 2921 ἅγιος
2550 2856 2704 2926 χάριν
2742 2855 2849 2908 τῶν
2882 2856 2987 2924 πρὸ
3017 2856 3308 2926 καταδίκης
3339 2858 3434 2909 καὶ
3480 2858 3811 2926 κατηγορίας
3854 2858 3932 2908 δι-

2375 2947 2566 3000 δόντων
2589 2947 2650 3000 τὸ
2679 2947 2964 3016 ἀφαιρεθὲν
2984 2989 2998 3013 ,
3030 2947 3187 2999 τοῦτο
3223 2949 3251 2999 ὁ
3291 2946 3453 3017 νόμος
3500 2947 3931 3016 παρακελεύεται

2377 3035 2620 3102 γίνεσθαι
2645 3040 2724 3098 είς
2753 3037 2877 3099 τοὺς
2912 3036 3048 3089 κατὰ
3082 3037 3243 3104 φόϐον
3271 3036 3529 3097 λαϐόντας
3571 3055 3623 3088 τι
3663 3039 3726 3087 ὲκ
3772 3037 3930 3096 τινός.

2377 3128 2510 3198 Φησὶ
2539 3127 2646 3198 γὰρ
2669 3128 2728 3178 τὸ
2759 3133 2795 3178 ε’
2825 3126 2983 3195 θέμα,
3029 3125 3122 3178 τοῦ
3153 3132 3218 3191 ιγ’
3261 3126 3472 3193 κεφαλ.,
3510 3125 3604 3178 τοῦ
3723 3127 3926 3184 τίτλου,

2378 3219 2471 3271 τοῦ
2502 3218 2724 3272 δεκάτου
2758 3218 2987 3287 βιϐλίον’
3053 3217 3116 3271 Ἠ
3153 3217 3239 3271 διὰ
3282 3217 3441 3287 φόϐον
3473 3218 3708 3280 αίτίασις
3743 3220 3932 3287 αἱρετή

725 3324 914 3362 eorum
947 3309 1038 3376 qui
1077 3310 1128 3361 vi
1185 3325 1270 3361 res
1319 3309 1588 3369 auferunt,
1637 3320 1690 3363 et
1732 3325 1920 3365 eorum
1953 3313 2043 3380 qui
2075 3312 2274 3378 aliquid

2378 3311 2523 3363 ἐστι·
2554 3311 2646 3363 καὶ
2673 3309 2846 3372 ἔξεστι
2871 3309 2944 3378 τῷ
2978 3309 3285 3380 ὲναγομένῳ
3318 3310 3475 3381 μέχρι
3505 3311 3685 3380 ψήφου
3725 3311 3934 3361 ἀποκα-

730 3401 799 3454 ab
825 3401 1006 3470 aliquo
1031 3408 1175 3454 metu
1201 3399 1486 3466 accipiunt.
1544 3402 1798 3468 Raptores
1843 3403 1983 3456 enim
2017 3419 2120 3457 una
2151 3418 2272 3457 cum

729 3490 1014 3560 quadrupli
1039 3490 1388 3544 retributione
1411 3490 1567 3542 etiam
1592 3490 1945 3557 infamantur;
1981 3495 2071 3562 qui
2099 3503 2274 3546 autent

727 3592 930 3634 metum
974 3581 1286 3644 intulerunt,
1337 3580 1390 3631 in
1424 3580 1817 3633 existimatione
1861 3591 2064 3636 tantum
2105 3585 2275 3637 labem

730 3669 968 3735 aliquam
996 3672 1338 3724 contrahunt.

807 3945 1001 3999 Zona.
1035 3948 1132 4012 Qui
1158 3965 1278 4001 vero
1299 3953 1498 4004 alienas
1525 3951 1716 4005 domos
1747 3951 2057 4003 invaserunt
2092 3965 2283 4018 resque

736 4041 859 4095 inde
893 4042 1218 4108 surripuere,
1269 4042 1363 4104 illi,
1401 4044 1590 4110 inquit,
1624 4045 1667 4097 si
1697 4044 1912 4112 quidem
1941 4043 2175 4095 accusati
2222 4057 2284 4095 ac

735 4140 1088 4200 pernegantcs
1131 4132 1357 4184 convicti
1401 4131 1616 4197 fuerint,
1647 4151 1767 4189 cum
1816 4135 1881 4188 iis
1925 4133 2124 4202 pariter
2150 4148 2286 4199 quos

736 4242 899 4291 supra
934 4224 1168 4278 diximus
1205 4226 1271 4278 ab
1311 4226 1583 4278 auditione
1617 4243 1828 4294 quoque
1868 4227 2284 4295 prohibeantur,

736 4325 897 4382 atque
923 4316 972 4366 in
998 4317 1236 4368 tlentium
1265 4317 1506 4369 ordinem
1539 4318 1870 4384 relegentur;
1904 4321 1984 4372 sin
2020 4329 2194 4372 autem
2233 4332 2288 4370 se

739 4407 888 4472 ipsos
917 4404 1242 4470 detexeriut,
1283 4414 1377 4459 aut
1420 4417 1543 4459 ante
1586 4410 1977 4460 accusationem
2018 4410 2287 4463 occultum

739 4495 944 4545 crimen
976 4495 1206 4547 confessi
1237 4495 1454 4560 fuerint,
1483 4512 1673 4566 resque
1700 4497 1901 4550 ablatas
1932 4499 2286 4562 reddiderint,

2376 3401 2634 3468 ταστῆσαι
2662 3399 2720 3450 τὸ
2747 3400 2991 3467 πρᾶγμα,
3023 3401 3114 3452 καὶ
3145 3401 3216 3468 μὴ
3259 3398 3438 3451 δοῦναι
3475 3400 3534 3450 τὸ
3580 3398 3928 3468 carparis-3v.

2381 3491 2534 3541 Ἔστι
2561 3491 2616 3540 δὲ
2640 3491 2731 3541 καὶ
2757 3490 2914 3559 ἑτέρα
2942 3489 3168 3561 διαφορὰ
3187 3491 3291 3541 τῶν
3313 3490 3494 3558 βιαίως
3521 3490 3930 3557 ἀφαιρουμένων.

2380 3583 2671 3651 πράγματα
2696 3582 2912 3634 καὶτῶν
2953 3583 3090 3634 κατὰ
3123 3583 3282 3650 φόϐον
3314 3582 3688 3650 λαμϐανόντων
3733 3599 3783 3633 τι
3821 3580 3932 3632 ἀπὸ

2377 3689 2517 3735 τινος
2542 3690 2553 3700 ·
2581 3673 2630 3723 οί
2660 3675 2755 3741 μὲν
2779 3674 2884 3741 γὰρ
2909 3674 3151 3741 ἅρπαγες
3196 3675 3291 3723 συν
3331 3674 3395 3740 τῇ
3431 3671 3680 3723 ἀποδόσει
3718 3671 3810 3723 τοῦ
3841 3689 3932 3722 τε-

2379 3761 2615 3831 τραπλοῦ
2653 3763 2744 3814 καὶ
2791 3762 3132 3829 ἀτιμοῦνται·
3179 3763 3227 3812 οί
3265 3762 3319 3812 δὲ
3365 3760 3523 3828 φόϐον
3549 3763 3932 3829 ἐπαγαγόντες,

2383 3852 2690 3904 σπιλοῦνται
2723 3853 2874 3920 μόνον
2902 3851 3039 3903 κατὰ
3065 3851 3158 3920 τὴν
3188 3851 3469 3920 ὑπόληψιν.

2453 3942 2693 3994 ΖΩΝᾹΡ.
2723 3942 2787 3991 Οἵ
2814 3957 2954 4000 τινες
2983 3941 3035 3991 δὲ
3065 3940 3294 4008 ἐπῆλθον
3320 3941 3488 4003 οἴκοις
3511 3940 3800 4011 ἀλλοτρίοις
3843 3941 3935 3993 καὶ

2381 4033 2631 4101 ἥρπασαν
2659 4030 2861 4082 ἐκεῖθεν
2892 4032 3161 4100 χρήματα,
3201 4025 3363 4097 οὗτοι,
3396 4033 3578 4101 φησὶν,
3599 4034 3644 4083 εί
3665 4039 3781 4101 μὲν,
3800 4049 3931 4082 κατο

2386 4119 2740 4191 ηγορηθέντες
2801 4121 2892 4172 καὶ
2933 4122 3282 4192 ἀρνούμενοι,
3335 4111 3694 4190 ἐλεγχθῶσιν,
3736 4123 3932 4189 ὁμοίως

2385 4216 2496 4275 τοῖς
2529 4213 2934 4283 προειρημένοις
2954 4216 3046 4267 καὶ
3073 4215 3171 4284 τῆς
3197 4215 3507 4286 ἀκροάσεως
3532 4213 3929 4272 κωλυέσθωσαν,

2388 4304 2479 4356 καὶ⁵
2515 4303 2650 4371 μετὰ
2681 4303 2787 4355 τῶν
2817 4305 3244 4374 προσκλαιόντων
3271 4304 3636 4372 τετάχθωσαν·
3668 4303 3789 4355 είδέ
3814 4305 3931 4353 ἐαυ-

2387 4393 2513 4453 τοὺς
2545 4390 2846 4456 ἐξείπωσιν,
2873 4397 2903 4464 ἢ
2933 4397 3030 4465 πρὸ
3067 4394 3157 4446 τοῦ
3203 4394 3640 4464 κατηγορηθῆναι
3687 4394 3933 4462 ὁμολογή-

2391 4498 2554 4534 σωσιν
2581 4484 2930 4552 ἀγνοούμενον
2952 4487 3011 4535 τὸ
3033 4479 3347 4554 ἁμάρτημα,
3367 4484 3458 4535 καὶ
3479 4484 3764 4536 ἀποδοῖενᾶ
3785 4483 3930 4548 ἀσεί-

740 4583 1138 4635 cmistituantur
1186 4586 1236 4634 in
1285 4602 1468 4638 eorum
1501 4587 1686 4639 ordine
1720 4587 1808 4655 qui
1842 4603 1869 4638 a
1907 4597 2124 4653 peccato
2169 4605 2277 4642 con-

2389 4575 2556 4634 λοντο,
2585 4575 2819 4628 ἔστωσαν
2847 4579 2902 4629 ὲν
2935 4581 3042 4638 τοῖς
3071 4576 3496 4644 ὑποστρέφουσιν
3525 4577 3631 4628 ἀπὸ
3650 4575 3927 4645 ἁμαρτίας.

741 4680 1045 4732 vertuntur,
1091 4672 1189 4723 hoc
1230 4685 1330 4737 est,
1373 4677 1556 4729 ordine
1601 4678 2015 4738 substratoruln,
2045 4678 2135 4743 qui
2170 4695 2272 4730 cun

2395 4667 2634 4719 τουτέστι
2660 4670 2751 4737 τῆς
2790 4670 2989 4734 τάξεως
3013 4668 3116 4720 τῶν
3139 4668 3564 4724 ὑποπιπτόντων,
3591 4671 3772 4728 οἵτινες
3805 4667 3928 4715 ὑπε-

744 4762 992 4816 ﬁdelibus
1038 4763 1246 4830 quidem
1282 4776 1561 4829 precantur
1596 4771 1846 4835 templum
1880 4769 2157 4832 intrantes,
2195 4784 2293 4821 cae-

744 4864 920 4906 terum
945 4869 1093 4906 more
1119 4855 1622 4926 catechumenorum
1655 4861 2018 4926 egrediuntur.

1346 4945 1566 4998 CANUN
1614 4950 1701 5001 lx.

825 5056 845 5088 ο
881 5039 952 5091 De
986 5039 1050 5090 iis
1075 5039 1163 5105 qui.
1189 5040 1239 5091 in
1273 5054 1400 5104 agro
1433 5040 1510 5089 vel
1541 5039 1590 5089 iu
1616 5041 1815 5092 tittili'mS
1845 5045 1956 5096 suis
1998 5061 2082 5102 ea,
2115 5057 2232 5110 qua:
2265 5058 2294 5092 a

755 5145 776 5178 ι
822 5129 1066 5182 barbaris
1097 5130 1272 5183 relicta
1300 5140 1444 5188 sunt,
1487 5131 1821 5182 itn'cneruut.
1860 5132 1963 5185 Eos
2001 5147 2174 5185 autem
2204 5135 2294 5200 qui

758 5235 779 5267 α
824 5220 874 5272 in
913 5238 1098 5288 (‘ainpo
1138 5222 1336 5288 aliquid
1389 5223 1726 5276 invcmn-uul,
1757 5223 1834 5270 vel
1881 5225 1928 5272 in
1961 5227 2072 5277 suis
2095 5227 2296 5278 (edibus

758 5328 776 5356 ε
826 5328 851 5359 a
886 5313 1122 5367 barbaris
1160 5316 1427 5374 relictum,
1465 5316 1506 5365 si
1544 5313 1777 5384 accusati
1809 5313 2022 5379 quidem
2072 5320 2294 5371 convicti

758 5416 780 5446 ε
827 5401 1036 5467 fuerint,
1070 5407 1173 5458 sint
1201 5407 1448 5458 similiter
1477 5408 1612 5458 inter
1629 5420 1720 5456 eos
1743 5405 1832 5471 qui
1858 5405 2295 5471 substernuntur;

761 5510 779 5538 ε
828 5492 903 5542 «in
935 5509 1107 5548 autem
1140 5513 1194 5549 se
1219 5498 1362 5565 ipsos
1393 5496 1678 5549 detulerint
1698 5505 1750 5550 et
1771 5495 2114 5556 reddiderint,
2140 5499 2297 5550 etiam

760 5599 778 5626 ‹
828 5584 1067 5645 precibu~
1097 5587 1242 5653 digni
1285 5585 1601 5638 habeantur.
1654 5605 1669 5635 ι

827 5665 980 5720 ΒΑιε.
1031 5670 1233 5724 [Μνιυιη
1279 5685 1360 5726 cst
1407 5675 1653 5742 superius
1679 5675 1744 5728 de
1774 5675 1839 5728 iis
1877 5673 1965 5740 qui
2022 5671 2207 5722 dicunt
2245 5688 2302 5723 se

754 5755 1023 5809 invenisse
1039 5773 1120 5810 res
1134 5765 1466 5827 captivorum
1493 5764 1756 5832 neglectui
1780 5764 2014 5824 habitas,
2039 5770 2089 5812 et
2116 5774 2302 5812 earum

753 5845 855 5899 sibi
900 5846 1274 5913 preprietatem
1303 5852 1624 5908 vindicasse.
1656 5853 1810 5910 Nunc
1856 5864 2033 5907 autern
2065 5850 2304 5903 decernit

751 5947 992 6003 sanctus,
1015 5952 1106 5990 eos
1132 5940 1222 6005 qui
1243 5956 1326 5993 res
1361 5946 1692 6010 captivorum
1722 5946 1773 5998 in
1800 5946 2051 6000 domibus
2075 5944 2297 5997 invene-

2400 4759 2737 4827 συνεύχονται
2773 4762 2868 4829 μὲν
2892 4764 3000 4821 τοῖς
3028 4760 3230 4818 πιστοῖς
3275 4760 3529 4824 εἰσιόντες
3557 4763 3635 4823 είς
3668 4759 3753 4810 τὸν
3789 4757 3926 4816 ναὸν,

2397 4853 2699 4921 ἐξέρχονται
2722 4854 2774 4903 δὲ
2805 4855 2878 4916 ὡς
2900 4855 2947 4905 οἱ
2982 4850 3384 4920 κατηχούμενοι.

2988 4943 3222 4997 KANQN
3273 4942 3347 4996 ϐ’.

2472 5054 2490 5084 ι
2528 5037 2659 5106 Περὶ
2703 5039 2806 5089 τῶν
2853 5039 2910 5088 ἐν
2937 5035 3013 5105 τῷ
3057 5033 3221 5102 πεδίῳ
3249 5033 3280 5104 ἦ
3311 5027 3384 5086 ⁴ὲν
3423 5036 3534 5095 τοῖς
3586 5031 3729 5090 ίδίοις
3771 5030 3928 5087 οἴκοις

2403 5144 2419 5175 ι
2457 5127 2716 5195 εὑρόντων
2760 5129 2827 5180 τὰ
2877 5126 2980 5179 ὑπὸ
3030 5125 3135 5176 τῶν
3174 5124 3455 5196 βαρϐάρων
3503 5117 3924 5186 καταλειφθέντα.

2404 5238 2420 5268 ι
2457 5220 2592 5281 Τοὺς
2618 5221 2671 5272 δὲ
2716 5223 2772 5271 ὲν
2821 5219 2983 5285 πεδίῳ
3011 5217 3264 5286 εὑρόντας
3308 5235 3359 5269 τι
3403 5217 3435 5286 ἢ
3477 5217 3533 5264 ὲν
3577 5217 3690 5273 ταῖς
3736 5211 3928 5263 ἑαυτῶν

2404 5327 2421 5357 ι
2458 5309 2654 5370 οἰκίαις
2681 5305 3031 5371 καταλειφθὲν
3069 5304 3171 5358 ὑπὸ
3214 5307 3321 5359 τῶν
3362 5302 3675 5374 βαρϐάρων,
3704 5301 3792 5352 ἐὰν
3843 5303 3930 5368 μὲν

2405 5417 2422 5446 ι
2462 5396 2920 5466 κατηγορηθέντες
2965 5395 3285 5464 ἐλεγχθῶσιν
3306 5434 3320 5456 ,
3348 5393 3548 5462 ὁμοίως
3576 5393 3633 5442 ὲν
3671 5395 3776 5454 τοῖς
3805 5392 3932 5443 ὑπο-

2405 5507 2422 5536 (
2466 5489 2776 5537 πίπτουσιν’
2810 5481 2903 5534 ἐὰν
2943 5483 2998 5534 δὲ
3029 5483 3250 5546 ἑαυτοὺς
3273 5481 3528 5547 δξείπωσι
3557 5482 3648 5531 καὶ
3671 5479 3901 5531 ἀποδῶσι
3921 5515 3932 5536 .

2406 5598 2422 5627 ι
2463 5580 2553 5630 καὶ
2582 5576 2676 5643 τῆς
2707 5574 2868 5641 εὗχης
2895 5573 3138 5636 ἀξιῶσαι.
3172 5594 3188 5624 ι

2474 5669 2660 5719 ΒΑΛΣ.
2692 5666 2915 5732 Εἴρηται
2945 5664 3158 5717 ὖπισθεν
3185 5663 3310 5732 περὶ
3340 5659 3446 5712 τῶν
3485 5659 3743 5728 λεγόντων
3769 5655 3943 5725 εὑρεῖν

2398 5758 2763 5828 ἀνεπιμέλητα
2794 5754 2862 5806 τὰ
2891 5750 3572 5822 τῶνιαίχμαλωτισθέντων
3627 5751 3946 5822 πράγματα,

2404 5852 2492 5900 καὶ
2524 5845 2829 5901 ἰδιώσασθαι
2859 5845 3012 5897 αὑτά.
3046 5845 3154 5896 Καὶ
3194 5840 3289 5894 νὺθ
3315 5841 3368 5893 δὲ
3411 5841 3698 5911 διορίζεται
3739 5844 3768 5893 ὁ
3796 5842 3951 5903 ἅγιος

2402 5942 2525 6001 τοὺς
2557 5943 2612 5990 ὲν
2640 5940 2756 5998 ταῖς
2783 5936 2978 5996 οἰκίαις
3001 5933 3107 5986 τῶν
3135 5930 3664 6002 αίχμαλωτισθέντων
3693 5930 3956 5998 εὑρόντες
