4094 6354
208 511 348 567 ιωῦ

1451 514 1782 569 EPISTOLA
1820 516 2186 570 (IANONICA.

3287 521 3420 575 ίοὶϐ

203 623 533 694 πράγματα,
552 624 630 686 ὡς
655 624 727 693 μὴ
761 624 912 694 παρὰ
939 624 1046 676 τῶν
1075 624 1362 696 βαρϐάρων
1393 627 1769 699 ἀφαιρεθέντα,

1877 639 2022 692 runt,
2047 638 2229 698 utpote
2257 646 2360 682 non
2401 648 2430 684 ιι
2469 630 2711 684 barbaris
2738 631 2964 691 ablatas,
2993 632 3072 684 vel
3101 632 3152 683 in
3180 631 3278 684 viis
3329 633 3409 686 ab~

202 716 238 784 ἢ
273 715 363 767 καὶ
395 716 536 768 κατὰ
564 716 659 777 τὰς
706 715 856 778 ὁδοὺς
899 716 1139 785 ῥιφέντα,
1175 718 1262 772 διὰ
1294 721 1354 773 τὸ
1387 721 1550 793 βάρος
1588 722 1766 790 τυχὸν,

202 806 686 867 ἀποκαθιστῶντας
716 807 812 875 μὲν
856 808 1210 878 εὐγνωμόνως
1252 811 1319 863 τὰ
1359 812 1666 882 εὑρεθέντα,
1693 815 1771 875 εἰς

201 897 298 950 τὸν
344 898 505 948 τόπον
554 899 800 951 ἵστασθαι
842 899 934 952 τὸν
970 901 1170 954 τέλειον
1205 902 1340 971 μετά
1376 904 1484 956 τῶν
1527 904 1765 956 πιστῶν·

202 991 253 1040 εί
284 989 340 1041 δὲ
368 989 824 1053 καταδικασθῶσι,
853 991 1139 1045 τάττεσθαι
1170 995 1266 1046 σὺν
1295 998 1406 1058 τοῖς
1441 996 1768 1048 ὑποπίπτου-

204 1095 312 1139 σιν,
338 1081 504 1148 ἥγουν
531 1080 845 1150 ὲξέρχεσθαι
876 1083 1011 1152 μετὰ
1039 1084 1146 1136 τῶν
1178 1087 1617 1155 κατηχουμένων.
1642 1085 1773 1138 Tod-

201 1187 312 1224 των
340 1170 513 1234 οὕτως
557 1173 786 1241 ὲχόντων
807 1215 821 1238 ,
853 1175 995 1227 εἴποι
1037 1193 1140 1240 τις,
1170 1176 1246 1239 ὡς
1275 1178 1336 1228 τὺ
1379 1177 1519 1230 οὕτω
1555 1178 1772 1241 κολάζε-

204 1263 332 1314 σθαι
372 1264 499 1326 τούς
536 1265 900 1334 ἀναμένοντας
951 1269 1248 1338 καταδίκην
1291 1270 1448 1340 χάριν
1492 1269 1770 1338 ἀντιστρο-

202 1355 312 1424 φῆς
360 1355 453 1407 τοῦ
479 1356 802 1426 εὐρέματος,
832 1358 1162 1411 δικαιότατόν
1217 1362 1363 1412 ἐστιν
1388 1400 1401 1421 ,
1453 1361 1534 1412 ὅτι
1583 1361 1672 1411 καὶ
1705 1363 1769 1430 τῇ

202 1446 338 1516 περὶ
379 1445 587 1515 κλοπῆς
618 1449 804 1518 ἀγωγῇ
839 1449 1144 1518 ἐνέχονται,
1178 1449 1318 1502 κατά
1364 1451 1454 1502 τὸν
1494 1451 1654 1519 νόμον
1682 1451 1772 1502 τὸν

202 1535 463 1604 λέγοντα·
527 1538 777 1610 κλέπτης
836 1541 982 1592 ἐστὶν
1035 1543 1063 1594 ό
1104 1541 1165 1594 τὸ
1208 1541 1484 1612 ἀλλότριον
1542 1544 1772 1614 πρᾶγμα

199 1628 471 1697 ψηλαφῶν
503 1629 652 1701 παρὰ
681 1628 904 1700 γνώμην
939 1631 1031 1683 τοῦ
1062 1632 1318 1686 δεσπότου
1361 1635 1417 1685 ὲν
1455 1633 1651 1701 εἰδήσει
1679 1633 1769 1686 τοῦ

200 1719 448 1788 λυπῆσαι
489 1722 668 1774 αὐτόν.
708 1722 780 1773 Τὸ
810 1722 866 1774 δὲ
910 1722 1258 1776 συνίστασθαι
1288 1726 1398 1786 τοῖς
1422 1728 1648 1787 πιστοῖς,
1682 1725 1773 1775 καὶ

205 1813 370 1881 μόνον
407 1814 481 1883 μὴ
528 1812 803 1877 ἀξιοῦσθαι
841 1814 896 1867 δὲ
941 1815 1048 1868 τῶν
1099 1817 1452 1886 ἀγιασμάτων
1489 1818 1577 1868 τὸν
1610 1834 1772 1887 προσ-

202 1905 536 1974 αγγείλαντα
562 1904 750 1956 ἑαυτὸν
771 1907 863 1958 καὶ
892 1907 1244 1977 εὐγνωμόνως
1270 1908 1428 1962 δόντα
1456 1909 1515 1960 τὸ
1547 1910 1769 1978 εὕρεμα,

201 1979 394 2049 καινόν
427 1999 604 2049 ἐστιν·
633 1995 780 2059 ἄξιος
815 1997 921 2067 γὰρ
971 1998 1164 2067 μᾶλλον
1205 2001 1566 2068 Εὐχαριστίας
1605 2001 1767 2062 ἐστὶν,

200 2088 282 2150 ὡς
326 2088 388 2140 τὸ
421 2090 649 2157 πρᾶγμα
701 2087 795 2140 τοῦ
845 2090 1363 2159 αίχμαλωτισθέντος
1391 2091 1629 2158 φυλάξας
1681 2093 1773 2143 καὶ

201 2178 665 2246 ἀποκαταστήσας
694 2178 844 2231 αὐτό.
881 2178 970 2230 Διὸ
999 2180 1090 2231 καὶ
1124 2181 1340 2247 λέγουσί
1365 2199 1511 2243 τινες
1546 2182 1768 2232 συνέπε-

203 2267 329 2320 σθαι
368 2269 433 2337 τῇ
471 2268 607 2338 μετά
656 2268 764 2321 τῶν
806 2271 1010 2322 πιστῶν
1056 2273 1340 2335 συστάσει,
1389 2273 1482 2325 καὶ
1528 2272 1621 2341 τὴν
1668 2273 1772 2323 τῶν

201 2359 575 2428 ἁγιασμάτων,
598 2359 809 2428 μέθεξιν
844 2379 1016 2431 σιωπη
1027 2362 1152 2433 ρῶς.

274 2451 520 2504 ΖΩΝΑΡ.
568 2452 632 2502 Ol.
667 2452 957 2524 βάρϐαροι,
1004 2453 1384 2523 λεηλατοῦντες
1424 2454 1520 2523 τὴν
1567 2455 1769 2524 χώραν,

200 2542 451 2612 ἥρπαζον
505 2545 832 2613 πράγματα·
885 2547 977 2600 καὶ
1031 2546 1064 2617 ἢ
1114 2546 1383 2615 κρείττοσι
1433 2547 1565 2615 μετὰ
1607 2549 1772 2600 ταῦτα

201 2634 643 2703 ἐντυγχάνοντες,
673 2635 705 2706 ἢ
735 2636 820 2689 διὰ
853 2637 1015 2707 βάρος
1047 2639 1121 2707 μὴ
1148 2638 1428 2707 δυνάμενοι
1460 2641 1646 2710 φέρειν
1671 2641 1771 2692 ὅσα

199 2726 480 2794 ἥρπασαν,
511 2725 583 2778 τὰ
617 2727 710 2796 μὲν
756 2728 813 2778 ὲν
841 2728 918 2796 τῷ
949 2728 1114 2798 πεδίῳ
1159 2728 1443 2798 ἔρριπτον,
1481 2731 1548 2782 τὰ
1681 2734 1772 2785 καὶ

199 2815 262 2866 ὲν
306 2815 502 2878 οἰκίαις
548 2804 746 2880 τινῶν,
793 2819 850 2869 ὲν
897 2812 983 2881 αἶς
1037 2818 1164 2883 ἴσως
1209 2820 1460 2874 καλλίονα
1502 2821 1768 2892 εὕρισκον.

204 2908 365 2960 Ὅσοι
412 2907 575 2976 γοῦν,
628 2909 823 2978 φησιν,
869 2906 1022 2980 εὕρόν
1066 2929 1186 2965 τινα
1231 2902 1288 2967 ὲν
1325 2913 1403 2983 τῷ
1454 2913 1617 2982 πεδίῳ
1651 2915 1684 2984 ἢ
1718 2917 1774 2967 ὲν

200 3001 328 3062 ταῖς
361 2999 568 3052 ἑαυτῶν
620 3001 855 3065 οἰκίαις,
906 2996 1084 3066 οὗτοι,
1114 3007 1162 3056 εἰ
1218 3009 1313 3074 μὲν
1361 3004 1774 3075 κατηγορηθῶσι

203 3091 301 3140 καὶ
334 3090 650 3160 ἐλεγχθῶσι,
690 3093 1066 3146 ταττέσθωσαν
1109 3098 1166 3148 ὲν
1195 3100 1306 3159 τοῖς
1348 3097 1768 3149 ὑποπίπτουσινο

203 3180 304 3232 ἐὰν
357 3181 414 3233 δὲ
471 3183 694 3245 ἑαυτοὺς
743 3185 1212 3254 προσαγγείλωσι,
1270 3190 1363 3239 καὶ
1415 3187 1682 3239 ἀποδῶσιν
1738 3183 1774 3238 ἆ

1867 721 1964 787 ject
1976 735 2054 780 as,
2081 722 2306 774 fortasse
2323 731 2534 790 propter
2551 723 2779 789 pondus,
2800 723 3042 777 inventas
3058 722 3270 790 quidem
3283 724 3418 776 bona

1872 813 1974 865 lide
2001 813 2367 876 restituentes,
2397 813 2449 864 in
2479 812 2713 880 perfecto
2731 813 2893 881 gradu
2919 823 3062 868 stare
3096 815 3288 870 debere
3301 831 3420 888 cum

1871 901 2138 956 ﬁdelibus.
2167 904 2261 954 Sin
2289 911 2467 954 autem
2500 901 2842 956 condemnati
2904 904 3124 969 fuerint,
3174 906 3424 960 collocari

1871 1009 1992 1045 cum
2027 993 2093 1045 iis
2125 995 2216 1060 qui
2236 993 2675 1058 substernuntur,
2702 996 2903 1049 scilicet
2927 998 3106 1065 egredi
3131 1013 3252 1051 cum
3277 1009 3424 1054 cate-

1872 1083 2176 1137 chumenis.
2195 1081 2317 1137 Haec
2331 1098 2453 1136 cuin
2477 1084 2547 1137 ita
2570 1099 2625 1138 se
2650 1085 2902 1150 habeant,
2925 1086 3120 1139 dixerit
3136 1090 3422 1155 quispiam,

1872 1195 1965 1232 eos
2000 1179 2078 1231 sic
2107 1178 2303 1245 puniri,
2333 1179 2424 1247 qui
2459 1194 2556 1247 pro
2584 1195 2641 1231 re
2671 1178 2884 1232 inventa
2918 1181 3240 1233 restituenda
3296 1197 3426 1234 con-

1873 1271 2270 1324 demnationem
2314 1279 2652 1338 exspectant,
2696 1285 2816 1324 esse
2845 1269 3204 1338 iustissimum
3229 1312 3246 1336 ,
3283 1290 3423 1342 quo-

1874 1361 2020 1414 niam
2053 1360 2180 1413 furti
2209 1376 2423 1428 quoque
2455 1360 2667 1414 actione
2697 1371 2980 1426 tenentur,
3011 1362 3305 1417 secundum
3347 1365 3422 1416 lc-

1873 1467 2014 1520 gem,
2043 1466 2163 1520 qum
2194 1451 2322 1502 dicit
2347 1468 2358 1502 :
2390 1449 2497 1501 Fur
2521 1459 2602 1502 est
2624 1451 2715 1517 qui
2746 1467 2854 1504 rem
2881 1451 3110 1506 alienam
3133 1463 3426 1507 contrectat

1873 1549 2065 1608 praeter
2095 1541 2298 1593 domini
2329 1539 2680 1602 voluntatem,
2725 1545 2902 1596 sciens
2924 1543 2975 1596 id
3013 1543 3090 1596 illi
3139 1544 3423 1598 molestum

1872 1648 2009 1686 esse.
2041 1633 2176 1684 Cum
2207 1631 2452 1684 ﬁdelibus
2473 1641 2650 1684 autem
2677 1632 2996 1694 consistere,
3022 1643 3076 1687 et
3111 1649 3424 1688 sacramen-

1876 1723 1941 1775 tis
1995 1731 2202 1775 tantum
2227 1736 2333 1773 non
2368 1721 2578 1789 dignari
2603 1737 2726 1773 eum
2755 1724 2844 1790 qui
2874 1737 2930 1776 se
2956 1722 3130 1791 ipsum
3155 1726 3424 1786 detulerit,

1873 1823 1921 1866 et
1949 1815 2111 1880 probe
2130 1829 2240 1865 rem
2269 1813 2540 1864 inventam
2565 1811 2788 1872 dederit.
2818 1830 3012 1867 novum
3038 1827 3152 1880 est;
3182 1827 3263 1871 est
3283 1820 3424 1872 enim

1874 1905 2054 1971 potius
2087 1901 2424 1956 Eucliaristia
2449 1903 2664 1972 dignus.
2690 1913 2740 1956 ut
2766 1906 2854 1972 qui
2884 1921 2993 1958 rem
3023 1909 3217 1974 captivi
3247 1924 3427 1962 serva-

1877 1994 2031 2056 verit,
2062 2003 2118 2047 et
2147 1997 2317 2061 ipsam
2340 1995 2656 2048 restituerit.
2700 1994 2764 2048 Et
2807 1996 2926 2049 ideo
2947 1996 3132 2050 dicunt
3160 2001 3425 2063 nonnulli,

1875 2101 1998 2137 cum
2024 2085 2279 2139 lidclibus-
2293 2087 2718 2149 consistentiam,
2734 2098 3197 2143 sacramentorum
3215 2107 3355 2160 quoq
3367 2109 3426 2148 ue

1875 2179 2335 2248 participationem
2367 2180 2526 2231 tacite
2561 2181 2838 2248 consequi.

1945 2450 2140 2505 Zona.
2179 2449 2423 2514 Barbari,
2450 2469 2570 2506 cum
2627 2452 3075 2522 depopularentur
3123 2454 3426 2523 regionem,

1875 2560 1962 2598 res
1994 2545 2256 2612 quasdam
2316 2555 2646 2613 rapuerunt;
2706 2558 2936 2614 moxque
2990 2546 3072 2599 vel
3096 2546 3237 2599 obvii
3299 2545 3422 2601 facti

1875 2637 2216 2698 melioribus,
2243 2637 2324 2688 vel
2349 2637 2552 2705 gravati
2581 2637 2833 2705 pondere,
2850 2655 2971 2692 cum
2996 2655 3114 2708 quae
3141 2652 3427 2707 rapuerant

1877 2728 2018 2781 ferre
2044 2728 2264 2780 minime
2302 2737 2545 2795 possent,
2578 2728 2774 2797 partim
2801 2744 2898 2797 per
2923 2745 3140 2797 campos
3159 2730 3422 2797 abjecere,

1874 2815 2069 2882 partim
2124 2813 2178 2865 in
2212 2813 2519 2883 aliquorum
2577 2817 2800 2879 aedibus,
2853 2818 2906 2869 in
2958 2817 3154 2886 quibtts
3201 2818 3422 2872 meliora

1875 2903 2008 2956 fone
2036 2914 2364 2972 repercrant,
2395 2907 2710 2974 deposuere.
2765 2906 3084 2976 Quicunque
3119 2907 3298 2976 igitur,
3337 2910 3420 2961 in-

1873 2995 2010 3064 quit,
2039 3004 2131 3049 aut
2162 2996 2215 3048 in
2239 2997 2444 3064 campis
2476 3006 2568 3050 aut
2612 2998 2664 3049 in
2702 2998 2814 3052 suis
2862 2996 3108 3054 domibus
3129 2999 3308 3065 aliqua
3339 2999 3421 3052 in-

1873 3096 2154 3150 venerunt,
2175 3088 2247 3140 illi
2273 3089 2316 3143 si
2352 3088 2568 3155 quidem
2600 3089 2836 3143 accusati
2862 3098 2916 3142 et
2945 3091 3173 3144 convicti
3205 3089 3421 3153 fuerint,

1875 3177 2012 3229 inter
2033 3193 2126 3230 eos
2148 3177 2239 3245 qui
2259 3178 2681 3231 substernuntur
2703 3179 2879 3233 locum
2901 3181 3183 3249 accipiant.
3215 3180 3271 3234 Si
3295 3197 3424 3236 vero

203 3264 403 3341 εὖρον,
454 3275 545 3324 καὶ
577 3275 694 3342 τῆς
725 3276 887 3344 εὐχῆς
935 3276 1336 3342 ἀξιούσθωσανο
1396 3279 1560 3346 ἤγουν
1611 3278 1770 3346 μέχρι

1875 3281 1932 3321 se
1965 3268 2111 3334 ipsos
2138 3267 2448 3330 detulerint,
2473 3282 2534 3321 ac
2558 3284 2619 3322 ea
2653 3285 2772 3337 quae
2797 3271 3046 3325 invenere
3077 3273 3421 3338 reddiderint,

201 3362 395 3425 τέλους
453 3363 553 3432 τῆς
627 3365 792 3434 εὐχῆς
845 3367 1319 3436 συνεστηκέτωσαν
1369 3370 1478 3429 τοῖς
1526 3370 1731 3430 πιστοῖς
1758 3407 1770 3429 ,

205 3454 380 3524 μόνης
439 3455 539 3522 τῆς
586 3455 747 3522 ἁγίας
815 3457 1163 3528 μεταλήψεως
1206 3458 1558 3528 κωλυόμενον
1608 3459 1774 3529 ἤγουν

207 3547 404 3616 μέχρις
433 3545 498 3599 ἂν
532 3547 816 3616 μετάνοιαν
849 3549 1240 3616 ἐπιδείξωνται,
1265 3551 1358 3604 καὶ⁹
1379 3551 1580 3622 ταύτης
1611 3550 1772 3615 ἀξιω-

205 3637 367 3690 θῶσι.

826 3800 1061 3853 ΚΛΝΩΝ
1102 3805 1157 3856 I'.

283 3909 302 3939 ι
347 3889 485 3952 Τοὺς
514 3889 571 3941 δὲ
620 3889 718 3960 τὴν
758 3891 972 3960 ἐντολὴν
1013 3891 1352 3962 πληροῦντας
1393 3893 1545 3954 ἐκτὸς
1593 3893 1772 3960 πάσης

210 4000 230 4031 α
271 3981 714 4050 αἰσχροκερδείας
747 3981 982 4051 πληροῦν
1009 3983 1108 4043 δεῖ.
1141 3986 1277 4056 μήτε
1325 3988 1564 4055 μήνυτρα
1595 3985 1626 4054 ἢ
1662 3984 1770 4035 σῶη

207 4090 230 4122 ι
273 4088 442 4140 στρα,
472 4072 504 4141 ἢ
534 4072 799 4143 εὕρετρα,
834 4074 866 4142 ἦ
917 4067 960 4140 ᾧ
1001 4074 1220 4145 ὀνόματι
1268 4077 1437 4128 ταῦτα
1487 4075 1769 4141 καλοῦσιν,

211 4181 232 4212 ι
273 4162 657 4226 ἀπαιτοῦντας.
689 4184 706 4214 ι

277 4252 473 4305 ΒΑΛΣ.
510 4254 925 4324 Ἀποδεξάμενος
947 4253 1042 4323 τὴν
1071 4253 1451 4320 ἀγαθοθέλειαν
1472 4253 1577 4306 τῶν
1609 4271 1773 4324 προσ-

201 4342 576 4411 αγγειλάντων
632 4348 856 4409 ἑαυτοὺς
911 4346 1006 4397 καὶ
1063 4344 1364 4396 ἀποδόντων
1421 4345 1773 4415 εὐγνωμόνως

199 4436 265 4489 τὸ
300 4434 545 4504 εὕρεμα,
577 4437 928 4507 προστίθησιν
973 4437 1002 4487 ὁ
1047 4435 1238 4502 ἆγιος,
1282 4436 1388 4498 ῶς,
1437 4438 1482 4487 εἰ
1531 4437 1771 4490 Θέλουσιν

199 4524 355 4582 οὗτοι
400 4527 708 4599 λογισθῆναι
755 4529 1037 4602 πληρωταὶ
1071 4530 1169 4597 τῆς
1213 4528 1430 4598 ἐντολῆς
1482 4530 1574 4582 τοῦ
1615 4536 1770 4594 θεου,

1877 3359 2186 3426 precatione
2215 3373 2432 3426 quoque
2454 3358 2600 3428 digni
2634 3361 2933 3416 habeantur
2963 3381 2974 3414 :
3012 3363 3111 3416 hoc
3136 3373 3235 3424 est,
3265 3364 3327 3416 ad
3359 3365 3420 3414 li-

1876 3461 2192 3514 nemusque
2218 3450 2550 3515 precationis
2581 3467 2702 3504 cum
2735 3452 2979 3505 ﬁdelibus
3005 3455 3325 3517 consistant,
3359 3469 3423 3506 ac

1875 3552 1903 3588 a
1939 3545 2122 3588 sancta
2160 3537 2542 3590 communione
2590 3540 2963 3590 tantnnnnmlo
2989 3547 3306 3600 arceantur;
3336 3540 3416 3586 vi—

1873 3625 2061 3677 delicet
2104 3627 2404 3691 usquedum
2443 3627 2808 3694 ptenitentiam
2854 3627 3288 3693 ostenderint,et
3321 3627 3418 3680 hac

1875 3730 2088 3782 quoque
2112 3717 2260 3784 digni
2292 3717 2687 3769 existimentur.

2482 3803 2707 3858 CANON
2740 3806 2782 3858 x
2795 3846 2806 3858 .

1949 3916 1967 3946 ι
2014 3897 2119 3952 Eos
2148 3907 2328 3951 autem
2359 3897 2451 3963 qui
2479 3907 2698 3950 servant
2725 3898 2995 3965 mandata,
3042 3900 3244 3968 absque
3275 3901 3422 3951 onini

1878 4005 1895 4037 ι
1940 3989 2081 4056 turpi
2133 3989 2285 4041 lucro
2313 4001 2529 4038 servare
2557 3997 2800 4056 Oportet;
2855 4005 2953 4044 nec
2984 3990 3164 4044 indicii
3199 3990 3277 4040 vel
3321 4005 3420 4043 cu-

1878 4097 1895 4128 ι
1937 4079 2144 4143 stodize,
2185 4075 2268 4128 vel
2308 4074 2636 4130 inventionis
2666 4079 2917 4147 pretium,
2965 4080 3045 4133 vel
3099 4093 3422 4147 quocunque

1877 4188 1898 4222 ι
1946 4171 2162 4222 nomine
2191 4167 2294 4220 hoc
2332 4167 2619 4235 appellant,
2651 4170 2941 4237 exigentes.
2984 4186 3002 4219 ι

1942 4260 2102 4314 llus.
2127 4258 2264 4311 Cum
2305 4259 2614 4312 admisisset
2647 4267 2864 4312 sanctus
2887 4258 3080 4309 bonam
3112 4270 3300 4310 eorum
3327 4271 3421 4311 vo-

1873 4349 2155 4412 luntatem,
2177 4348 2269 4416 qui
2303 4362 2361 4400 se
2390 4347 2539 4415 ipsos
2562 4347 2868 4400 detulerunt
2913 4354 2963 4397 et
3021 4346 3295 4398 inventum
3323 4346 3415 4400 be-

1873 4441 2063 4494 nevole
2083 4439 2456 4498 reddiderunt,
2477 4438 2680 4504 adjicit,
2698 4437 2839 4504 quod
2865 4437 2907 4488 si
2938 4437 2972 4489 ii
2999 4437 3158 4489 velint
3188 4435 3419 4489 mandati

1876 4531 1964 4585 Dei
1991 4532 2368 4586 observatores
2392 4528 2581 4591 videri,
2614 4529 2810 4581 debent
2834 4529 3034 4596 absque
3066 4530 3267 4597 quovis"
3283 4526 3420 4594 turpi

201 4619 482 4689 ὀφείλουσι
541 4620 709 4690 χωρὶς
755 4620 980 4692 αἰσχροῦ
1028 4620 1249 4690 κέρδους
1284 4618 1394 4670 οἴου
1418 4619 1479 4690 δή
1504 4637 1643 4683 τινος
1674 4622 1770 4690 τὴν

1873 4622 2027 4677 lucro
2054 4639 2168 4676 rem
2207 4623 2476 4676 inventam
2509 4620 2748 4672 reddere.
2793 4618 3075 4673 Deﬁnitum
3111 4630 3287 4672 autem
3319 4628 3418 4679 est,

201 4711 462 4765 ἀπόδοσιν
492 4708 586 4760 τοῦ
621 4709 918 4779 εὐρέματος
949 4713 1138 4763 ποιεῖν.
1178 4708 1391 4779 Ὠρίσθη
1423 4711 1477 4762 δὲ
1502 4712 1576 4780 μὴ
1610 4712 1772 4763 ἁπαι-

197 4802 420 4857 τείσθαι
468 4799 617 4870 παρά
671 4799 764 4852 τοῦ
821 4803 1111 4872 εὐρηκότος
1160 4801 1226 4851 ὲκ
1286 4799 1377 4851 τοῦ
1441 4801 1634 4872 μέρους
1678 4801 1772 4853 τοῦ

201 4889 559 4962 αἰχμαλώτου
596 4890 840 4960 μήνυτρα
884 4892 915 4962 ἢ
950 4893 1164 4964 σῶστρα
1193 4892 1225 4961 ἢ
1257 4889 1487 4962 εὕρετρα
1510 4931 1524 4954 ,
1572 4893 1604 4963 ἢ
1647 4893 1773 4947 ἄλλο

197 4999 280 5042 τι,
312 4983 400 5034 διὰ
426 4982 488 5035 τὸ
522 4981 595 5052 μὴ
627 4980 684 5046 ἐξ
719 4973 975 5050 ἀμελείας
1013 4984 1121 5035 τῶν
1163 4981 1432 5034 δεσποτῶν
1481 4984 1512 5052 ἢ
1558 4984 1651 5037 καὶ
1678 5003 1771 5037 τυ-

199 5075 380 5144 χαίως
407 5073 654 5142 γενέσθαι
680 5071 776 5142 τὴν
798 5070 1089 5138 ἀπώλειαν,
1113 5073 1248 5127 ἀλλὰ
1275 5073 1382 5125 ἀπὸ
1404 5077 1773 5145 περιστάσεως

204 5165 457 5235 μεγάλης
496 5167 590 5219 καὶ
631 5163 930 5234 ἐπιδρομῆς
972 5165 1324 5238 βαρϐαρικῆς.
1358 5169 1419 5220 Οἱ
1462 5169 1570 5239 γὰρ
1612 5169 1774 5240 εὑρη-

201 5255 370 5318 κότες
401 5259 696 5328 πράγματα
726 5256 786 5321 ἐξ
815 5257 1067 5326 ἀμελείας
1099 5260 1206 5312 τῶν
1240 5259 1508 5313 δεσποτῶν
1541 5260 1573 5330 ἢ
1607 5260 1773 5330 τύχης

202 5348 597 5413 ἁπολεσθέντα,
629 5352 721 5406 καὶ
743 5347 1210 5416 ἀποκαθιστῶντες
1239 5353 1431 5416 ταῦτα,
1455 5353 1774 5418 ἀπαιτοῦσιν

203 5437 464 5509 εὕρετρα.
499 5441 678 5507 καθὼς
708 5441 865 5496 τοῦτο
891 5441 1234 5510 ἀναφαίνεται
1276 5446 1383 5498 ἀπὸ
1409 5444 1518 5497 τῶν
1554 5442 1772 5498 ὄπισθεν

203 5532 704 5598 καταστρωθέντων
736 5533 934 5601 νόμων.

279 5619 523 5673 ΖΩΝΑΡ.
591 5623 714 5688 Τοῖς
771 5621 1086 5694 ὁμολογοῦσι
1135 5623 1196 5675 τὸ
1246 5624 1455 5697 εὕρεμα
1503 5628 1561 5678 τὸ
1620 5623 1768 5677 ἀλλό-

200 5727 360 5783 τριον
415 5708 523 5782 (54)
573 5712 1107 5786 συγγνωμονέστερον
1160 5714 1488 5779 διατίθεσθαι
1538 5716 1567 5766 ὀ
1619 5714 1771 5802 ἅγιος

243 5870 414 5959 γ’(σι),
436 5870 506 5926 Τὸ
539 5872 880 5942 ἀλλότριον.
912 5874 1099 5931 Scribe
1129 5873 1236 5928 τῶν
1264 5873 1571 5944 ἀλλοτρίων.

1872 4729 1978 4768 non
2014 4716 2225 4784 exigere
2251 4724 2496 4781 oportere
2525 4726 2648 4764 eum
2680 4711 2772 4779 qui
2817 4711 3040 4773 invenit,
3090 4712 3155 4763 ab
3211 4727 3276 4763 eo
3329 4711 3418 4777 qui

1873 4806 2115 4872 captivus
2153 4801 2274 4865 fuit,
2300 4802 2380 4854 vel
2407 4801 2611 4866 iudicii,
2643 4802 2720 4855 vel
2747 4802 3024 4866 custodia,
3053 4802 3132 4852 vel
3159 4801 3418 4852 inventio-

1874 4899 1957 4948 nis
1980 4895 2229 4963 pretium,
2263 4893 2343 4945 vel
2376 4893 2576 4962 aliquid
2602 4894 2776 4956 aliud;
2816 4908 2880 4944 eo
2913 4892 3055 4958 quod
3082 4906 3186 4941 non
3223 4905 3287 4941 ex
3325 4905 3416 4942 ne-

1872 4985 2128 5056 gligentia
2156 4984 2526 5048 dominorum,
2555 4985 2637 5038 vel
2657 4985 2815 5038 etiam
2855 4975 3071 5032 fortuito
3108 4994 3191 5051 res
3218 4980 3415 5032 amissa

1873 5078 1963 5139 sit,
1995 5073 2087 5127 sed
2133 5089 2326 5143 magna
2357 5076 2663 5129 calamitate
2691 5081 2744 5125 et
2774 5068 3052 5144 barbarica
3086 5068 3414 5122 incursione.

1872 5165 1973 5230 Qui
2016 5165 2159 5218 enim
2197 5183 2292 5240 res.
2313 5167 2654 5222 dominorum
2700 5161 3017 5229 negligentia
3067 5160 3146 5213 vel
3199 5159 3418 5214 fortuito

1873 5258 2105 5326 perditas
2135 5259 2456 5314 invenerunt
2496 5265 2549 5311 et
2589 5270 2683 5308 eas
2723 5253 3047 5317 restituunt,
3096 5250 3419 5306 inventionis

1871 5349 2101 5416 pretium
2126 5360 2274 5405 recte
2302 5351 2544 5417 exigunt,
2573 5345 3021 5413 quemadmodum
3049 5344 3151 5394 hoc
3180 5357 3242 5393 ex
3290 5342 3421 5410 legi-

1872 5439 1973 5494 bus
2004 5443 2254 5511 superius
2285 5441 2472 5510 positis
2506 5446 2742 5507 apparet.

1947 5622 2147 5679 lorum.
2176 5623 2310 5677 Cum
2341 5619 2408 5673 iis
2435 5619 2528 5688 qui
2569 5633 2678 5673 rem
2707 5617 2931 5670 alienam
2974 5629 3004 5668 ε
3044 5629 3102 5668 se
3147 5614 3416 5668 inventam

1872 5715 2223 5780 denuntiant,
2268 5712 2552 5782 benignius
2597 5713 2855 5783 agendum
2907 5723 3025 5763 esse
3078 5709 3159 5762 vir
3199 5717 3416 5765 salictus
