4094 6354
656 366 795 422 1087

1766 365 1819 418 S.
1863 359 2184 419 GREGORII
2226 357 2726 418 TIIAUMATURGI

3728 365 3851 419 1048

656 484 952 539 constituit.
1004 482 1201 535 Verum
1248 495 1314 535 ne
1362 480 1739 534 denuntiantes
1782 481 1950 548 pretia
1995 481 2064 533 ob
2098 494 2209 532 rem

2322 477 2604 540 διετάξατο.
2649 481 2762 531 Ἵνα
2816 478 2871 529 δὲ
2925 478 2997 547 μὴ
3037 482 3083 531 οἱ
3138 478 3517 549 ὁμολογοῦντες
3566 480 3856 531 ἀπαιτῶσιν

656 574 952 637 inventam,
986 572 1069 625 vel
1096 573 1242 626 aliud
1285 586 1607 640 quocunque
1637 571 1766 624 illud
1809 571 2027 624 nomine
2066 572 2211 623 voci-

655 670 821 724 tetur,
852 666 1085 731 exigant,
1122 661 1369 729 subjecit,
1402 675 1507 713 non
1538 674 1657 713 esse
1680 660 1973 728 quidquam
1996 659 2213 725 exigen-

658 752 787 806 dum
822 750 889 805 ab
924 766 989 803 eo
1022 750 1111 819 qui
1149 751 1321 803 aliena
1354 750 1581 818 benigne
1621 750 1814 811 reddit,
1853 750 1945 802 sed
1989 749 2213 801 manda-

659 850 776 895 tum
802 843 1004 909 absque
1032 842 1173 908 turpi
1209 841 1359 894 lucro
1385 839 1733 906 implendum.
1761 837 1939 905 Turpe
1982 853 2214 907 namque.

658 931 867 986 lucrum
905 942 989 985 est
1030 946 1216 985 revera
1263 930 1536 998 quidpiam
1568 931 1636 983 ab
1678 945 1742 982 eo
1775 932 1985 997 exigere
2008 930 2099 997 qui
2130 944 2215 983 res

658 1038 785 1077 suas
815 1022 1141 1076 turbulentis
1177 1020 1512 1089 temporibus
1540 1019 1794 1087 perdidit,
1822 1032 1921 1071 nec
1946 1018 2062 1071 illas
2091 1033 2214 1085 gra-

657 1114 795 1167 tuito
826 1112 1069 1166 reddere.

1261 1197 1483 1252 CANON
1524 1198 1613 1250 Xl.

735 1306 754 1340 ι
786 1282 968 1342 Fletus
1011 1304 1108 1343 seu
1153 1289 1351 1354 luctus,
1394 1299 1475 1343 est
1516 1299 1673 1343 extra
1714 1296 1923 1358 portam
1960 1288 2215 1353 oratorii,

667 1398 686 1429 ε
717 1379 807 1433 ubi
840 1389 1174 1446 peccatorem
1205 1390 1433 1435 stantem
1461 1390 1671 1448 oportet
1704 1379 1886 1436 ﬁdeles
1914 1380 2219 1448 ingredien-

669 1488 687 1521 ι
721 1478 800 1525 tes
828 1485 1002 1535 orare,
1043 1481 1102 1525 ut
1144 1488 1243 1539 pro
1278 1487 1335 1525 se
1363 1480 1668 1541 precentur.
1710 1472 1933 1525 Auditio
1964 1480 2047 1524 est
2080 1470 2218 1523 intra

670 1579 687 1611 ‹
720 1570 928 1630 portam
955 1562 1008 1615 in
1036 1563 1265 1630 porticu,
1292 1562 1383 1615 ubi
1419 1569 1631 1631 oportet
1660 1576 1781 1615 cum
1822 1562 1916 1629 qui
1956 1566 2218 1631 peccavit,

667 1666 691 1705 ι
720 1660 882 1715 stare,
926 1668 1099 1721 usque
1134 1653 1200 1707 ad
1248 1653 1688 1716 catechumenos,
1729 1662 1781 1705 et
1831 1653 1979 1707 illinc
2017 1656 2216 1723 egredi.

670 1760 689 1793 ι
720 1742 959 1821 Audiens
992 1743 1169 1807 enim,
1218 1743 1424 1811 inquit,
1460 1742 1770 1810 Scripturas
1811 1753 1863 1796 et
1897 1744 2219 1809 doctrinam,

669 1852 689 1886 ‹
719 1833 986 1903 ejiciatur,
1021 1843 1074 1889 et
1104 1835 1410 1902 precatione
1448 1833 1701 1902 indignus
1730 1844 2036 1888 censeatur.
2083 1837 2223 1889 Sub-

670 1943 689 1976 (
716 1926 877 1995 jectio
916 1935 1095 1980 autem
1139 1940 1232 1979 seu
1274 1924 1567 1979 substratio
1609 1936 1723 1988 est,
1751 1934 1807 1978 ut
1851 1926 1991 1978 intra
2038 1929 2219 1995 templi

674 2035 692 2068 ι
724 2024 932 2085 portam
960 2025 1129 2082 stans,
1152 2031 1274 2069 cum
1304 2015 1703 2070 catechumenis
1732 2016 2053 2085 egrediatur.
2081 2016 2222 2071 Con-

676 2126 693 2159 ι
726 2109 961 2177 gregatio
988 2122 1083 2162 seu
1109 2107 1455 2161 consistentia
1479 2115 1582 2172 est,
1606 2116 1663 2159 ut
1686 2122 1805 2160 cum
1830 2106 2074 2160 ﬁdelibus
2098 2122 2219 2161 con-

674 2216 695 2249 r
726 2198 909 2263 sistat,
942 2206 997 2251 et
1024 2211 1148 2251 cum
1174 2196 1577 2252 catechumenis
1606 2211 1712 2250 non
1745 2196 2083 2265 egrediatur;
2125 2212 2219 2266 ρος

675 2304 697 2339 ι
727 2297 929 2342 stremo
953 2294 1036 2340 est
1066 2284 1406 2355 participatio
1428 2293 1905 2341 sacramentorum.
1936 2305 1954 2337 ›

741 2466 899 2523 Βιισ.
939 2465 1185 2522 Praesens
1221 2466 1438 2536 quidem
1477 2475 1717 2530 sanctus,
1747 2465 2029 2521 declaratis
2065 2468 2222 2537 quiu-

672 2573 779 2627 que
806 2559 939 2615 locis
961 2572 1148 2613 eorum
1172 2558 1263 2626 qui
1294 2565 1463 2627 agunt
1484 2556 1875 2626 paenitentiam,
1913 2548 2012 2612 nec
2032 2572 2219 2611 eorum

673 2648 920 2703 exercitii
967 2658 1206 2717 tempora
1251 2647 1563 2713 declaravit,
1598 2661 1698 2701 nec
1744 2655 1966 2715 peccata
2010 2656 2227 2715 propter

675 2756 798 2810 quae
830 2742 1149 2810 paenitentia
1178 2740 1395 2796 deﬁnita
1431 2747 1533 2796 est.
1594 2739 1817 2809 Magnus
1856 2748 2035 2793 autem
2079 2738 2230 2793 Basi-

678 2830 808 2895 lius,
840 2830 896 2885 in
932 2831 1047 2887 suis
1078 2833 1357 2887 canonicis
1386 2832 1651 2902 epistolis,
1681 2833 1795 2886 haec
1816 2830 2000 2886 omnia
2043 2842 2230 2885 exacte

680 2919 920 2974 tradidit.
968 2920 1167 2978 Verum
1229 2924 1318 2978 hic
1365 2939 1580 2993 quoque
1630 2938 1914 2994 pinnarum
1968 2922 2229 2978 medelam

682 3010 974 3084 episcopali
1007 3014 1228 3070 arbitrio
1266 3015 1500 3086 reliquit.

2310 564 2561 636 εῢρετρα,
2596 567 2628 635 ἦ
2656 584 2706 619 τι
2740 566 2975 618 τοιοῦτον
2998 567 3071 629 ὡς
3099 568 3164 620 ἂν
3186 564 3428 633 καλοῖτο,
3472 568 3747 636 ἐπήγαγεν
3786 571 3856 621 ὅτι

2308 659 2369 710 οὐ
2402 658 2479 709 δεῖ
2519 675 2571 708 τι
2618 661 2863 709 ἀπαιτεῖν
2906 657 2995 708 τὸν
3040 660 3353 711 ἀποδιδόντα
3399 660 3751 727 εὐγνωμόνως
3800 661 3857 712 τὰ

2312 749 2592 817 ἀλλότρια,
2620 749 2753 801 ἀλλὰ
2794 751 2958 820 χωρὶς
2992 750 3215 819 αἰσχροῦ
3248 751 3471 821 κέρδους
3508 752 3610 820 τὴν
3655 751 3857 819 ἐντολὴν

2312 827 2635 909 ἐκπληροῦν.
2674 840 2902 909 Aiaxpr
2931 842 3038 907 γὰρ
3057 840 3221 903 ὅντως
3246 841 3436 911 κέρδος
3464 842 3581 893 ἐστὶ
3612 840 3674 893 τὸ
3705 842 3856 893 ἁπαι·

2312 933 2421 983 τεῖν
2467 947 2517 980 τι
2567 931 2673 981 ἀπὸ
2727 930 2816 981 τοῦ
2872 931 3229 994 ἀπολέσαντος
3272 932 3339 983 τὰ
3384 934 3558 985 οἰκεῖα
3606 933 3663 984 ὲν
3695 931 3858 1001 καιρῷ

2316 1021 2707 1087 περιστάσεως,
2736 1022 2829 1072 καὶ
2864 1020 2936 1090 μὴ
2967 1022 3271 1074 ἀποδιδόναι
3298 1024 3437 1075 αὐτὰ
3470 1024 3681 1093 ἀμισθί.

2903 1203 3136 1254 ΚΑΝΩΝ
3173 1204 3293 1255 1Α’.Δ

2394 1310 2411 1341 r
2462 1292 2521 1344 Ἦ
2565 1292 2924 1361 πρόσκλαυσις
2966 1293 3067 1356 ἔξω
3108 1294 3207 1362 τῆς
3245 1295 3416 1364 πύλης
3454 1295 3547 1348 τοῦ
3586 1296 3858 1367 εὐκτηρίου

2321 1392 2342 1432 'r
2383 1382 2558 1433 ἐστίν·
2612 1383 2734 1435 ἔνθα
2786 1384 2990 1435 ἑστῶτα
3042 1385 3129 1435 τὸν
3192 1386 3567 1459 ἁμαρτᾴνοντα
3618 1389 3720 1456 χρὴ
3764 1386 3857 1436 τῶν

2324 1494 2341 1524 ι
2380 1477 2651 1527 εἰσιόντων
2694 1475 2894 1527 δεῖσθαι
2942 1476 3178 1539 πιστῶν,
3226 1478 3365 1546 ὑπὲρ
3394 1477 3555 1531 αὑτοῦ
3600 1475 3855 1545 εὔχεσθαι.

2326 1584 2342 1614 ι
2395 1564 2457 1616 Ἡ
2508 1567 2764 1635 ἀκρόασις
2809 1566 2977 1618 ἔνδοθι
3020 1567 3118 1635 τῆς
3165 1567 3339 1637 πύλης
3386 1570 3443 1618 ὲν
3488 1564 3564 1633 τῷ
3610 1564 3855 1632 νάρθηκι.

2327 1676 2343 1708 ι
2383 1657 2506 1708 ἔνθα
2534 1658 2747 1710 ἑστάναι
2777 1659 2880 1728 χρὴ
2924 1659 3012 1710 τὸν
3040 1659 3389 1729 ἡμαρτηκότα
3428 1658 3530 1721 Em;
3563 1654 3670 1705 τῶν
3710 1666 3859 1716 κατη-

2327 1767 2344 1798 t
2383 1748 2677 1817 χουμὲνων,
2713 1751 2802 1800 καὶ
2829 1749 3073 1801 ἐντεῦθεν
3106 1747 3433 1816 ἐξέρχισοαι.
3474 1738 3705 1793 Ἀκούων
3744 1738 3857 1817 γάρ·

2333 1858 2349 1889 ί
2385 1810 2538 1907 ἶνηέιφ
2569 1810 2674 1890 τῶν
2707 1839 2746 1891 Γ
2753 1840 2937 1909 ραφῶν
2961 1839 3055 1890 καὶ
3094 1810 3587 1905 τῆς-διδασκαλίας,
3626 1810 3859 1877 ἔχει).λὲ-

2333 1948 2348 1977 ‹
2393 1929 2521 1990 σΟω,
2563 1928 2654 1980 καὶ
2693 1926 2765 1997 μὴ
2790 1926 3050 1989 ἀξιούσθω
3076 1924 3397 1991 προσευχῆς.
3433 1920 3494 1969 'll
3535 1916 3591 1966 δὲ
3630 1912 3861 1964 ὑπόπτω-

2330 2037 2347 2068 ‹
2389 2034 2489 2080 σις,
2534 2018 2652 2082 ἵνα,
2700 2015 2896 2067 ἔσωθεν
2927 2012 3025 2079 τῆς
3075 2010 3241 2077 πύλης
3274 2007 3365 2058 τοῦ
3398 2001 3524 2055 ναοῦ
3573 1997 3863 2063 ἱστάμενος,

2332 2128 2347 2159 ι
2391 2108 2527 2177 μετὰ
2566 2107 2671 2161 τῶν
2704 2103 3120 2173 κατηχουμένων
3164 2098 3466 2167 ἐξέρχηται.
3506 2089 3571 2142 Ἢ
3604 2088 3864 2145 σύστασις,

2332 2218 2349 2249 ι
2390 2200 2477 2251 ἵνα
2528 2198 2838 2251 συνιστᾶται
2885 2194 2993 2253 τοῖς
3042 2189 3250 2250 πιστοῖς
3277 2225 3292 2248 ,
3327 2183 3417 2236 καὶ
3468 2180 3543 2251 μὴ
3596 2178 3865 2247 ὲξέρχηται

2332 2310 2350 2342 ι
2394 2293 2529 2360 μετὰ
2576 2289 2684 2341 τῶν
2734 2282 3178 2353 κατηχουμένωψ
3225 2278 3527 2330 τελευταῖον
3578 2274 3613 2342 ἡ
3672 2264 3867 2340 μέθεξις

2331 2397 2349 2429 ι
2388 2378 2495 2434 τῶν
2524 2374 2898 2444 ἁγιασμὰτων.
2931 2390 2951 2422 ι

2398 2468 2591 2520 ΒΛΛΣ.
2641 2448 2699 2518 ’ό
2735 2463 2832 2535 μὲν
2866 2460 3051 2532 παρὼν
3085 2458 3266 2525 ἅγιος,
3300 2452 3459 2507 πέντε
3494 2450 3689 2510 τόπους
3720 2459 3870 2535 μετςι-

2330 2556 2589 2609 νοούντων
2620 2533 2993 2613 ὑποτυπώσας,
3037 2547 3097 2600 οὑ
3135 2542 3485 2615 παρεδήλωσε
3508 2539 3632 2599 τοὺς
3663 2533 3871 2603 καιροὺς

2332 2646 2427 2713 τῆς
2454 2642 2709 2714 ἐργασίας
2738 2637 2938 2701 αὐτῶν,
2971 2635 3092 2689 οὔτε
3123 2634 3226 2705 μὴν
3252 2632 3321 2684 τὰ
3353 2627 3719 2714 ἁμαρτήματα
3752 2618 3871 2714 δι’-ἃ

2335 2709 2652 2804 ή-μετάνοια
2687 2728 2918 2800 ὡρίσθη.
2961 2727 3019 2779 ’0
3054 2725 3108 2777 δὲ
3152 2723 3321 2794 μέγας
3358 2715 3631 2804 Βασίλειος
3665 2713 3721 2764 ὲν
3739 2709 3872 2804 ⁸ταῖς

2335 2798 2641 2885 κανονικαῖς
2679 2798 2985 2878 ἐπιστολαῖς
3027 2812 3192 2867 αὐτοῦ
3228 2810 3398 2863 ταῦτα
3432 2803 3569 2876 μετὰ
3602 2798 3872 2873 ἀκριϐείας

2335 2914 2637 2986 παρέδωκε.
2660 2909 2805 2979 Πλὴν
2840 2908 2933 2961 καὶ
2974 2900 3125 2966 οὗτος
3150 2903 3229 2964 εις
3264 2899 3360 2971 τὴν
3386 2893 3739 2964 ὲπισκοπικὴν
3770 2890 3875 2943 διὰ-

2337 3024 2516 3079 κρισιν
2559 3003 2655 3073 τὴν
2686 3001 2773 3054 διὰ
2804 2998 2911 3052 τῶν
2944 2995 3231 3066 ἐπιτιμίων
3252 2989 3543 3063 θεραπείαν
3566 2988 3872 3059 ἀνήρτησεν.

3989 98 3991 193 l

3991 226 3993 337 4

3992 352 3995 445 l

3996 478 3997 525 l
