4094 6354
750 441 884 497 1059

1863 435 1920 489 S.
1963 431 2287 489 GRECORII
2329 430 2834 488 THAUMATURGI

3832 429 3961 483 1⁸ιο

746 561 858 615 illic
883 557 1110 621 faciatis,
1139 563 1194 610 et
1211 567 1442 625 quorum
1468 553 1846 608 accusationes
1872 564 1925 607 et
1945 561 2132 607 contra
2157 565 2296 621 quos

2408 551 2490 601 καὶ
2523 550 2711 602 αὐτόθι
2760 550 2899 602 ὥστε
2933 546 3104 610 οὕτως
3133 549 3274 618 ὑμᾶς
3323 550 3516 610 ποιεῖν,
3573 548 3667 600 καὶ
3713 546 3864 609 τίνας
3888 547 3963 602 διῐ

744 659 990 722 oporteat
1009 646 1326 712 admittatis,
1349 659 1404 703 et
1427 662 1565 718 quos
1591 647 1742 700 decet
1762 643 2024 700 abdicetis
2042 683 2058 704 ,
2083 644 2189 698 hoc
2224 651 2308 695 est

747 743 978 813 ejiciatis
995 740 1072 795 'ab
1097 739 1356 805 Ecclesia,
1383 747 1544 808 atque
1572 753 1602 791 a
1630 736 1876 790 fidelibus
1905 734 2217 803 segregetis,
2242 749 2307 789 ne

748 846 873 886 cum
902 829 1034 901 ipsis
1073 845 1180 883 una
1211 837 1519 899 precentur.
1554 824 1724 880 Porro
1753 838 2114 894 quorumnam
2144 840 2309 878 accu-

749 923 991 978 sationes
1013 920 1360 975 admittenda!
1389 919 1519 983 sint,
1545 926 1757 973 sextum
1789 916 2041 971 secundae
2066 930 2306 969 recultae-

747 1017 884 1069 nicm
928 1012 1117 1084 synodi
1149 1021 1312 1082 caput
1340 1011 1518 1066 docet.
1574 1009 1845 1079 Legantur
1885 1006 2050 1061 etiam
2079 1021 2201 1076 qua
2234 1006 2306 1059 ibi

749 1105 1086 1174 scripsimus.
1640 1111 1642 1114 ’
2169 1096 2174 1102 “

1343 1189 1569 1248 CANON
1624 1189 1712 1242 Vl.

823 1305 844 1338 ε
882 1284 958 1340 De
987 1287 1054 1341 iis
1076 1265 1168 1354 qui
1185 1284 1430 1354 captivos
1445 1297 1509 1337 ex
1533 1280 1777 1336 barbaris
1800 1277 2067 1347 fugientes
2098 1279 2148 1330 vi
2174 1278 2308 1332 deti-

756 1397 778 1428 ι
819 1384 967 1431 nent.
997 1375 1383 1431 Denuntiatum
1413 1381 1591 1434 autem
1615 1379 1698 1425 est
1729 1369 1887 1423 nobis
1913 1369 2189 1438 quidpiam
2219 1368 2308 1422 in-

751 1487 774 1519 c
817 1466 1068 1521 credibile
1111 1465 1164 1519 in
1188 1475 1368 1520 vestra
1411 1464 1631 1534 regione
1670 1460 2042 1524 factumesse,
2085 1460 2308 1514 omnino

753 1577 771 1609 ι
811 1562 879 1611 ab
910 1556 1218 1612 inﬁdelibus
1247 1565 1300 1614 et
1327 1555 1527 1624 impiis,
1551 1563 1604 1608 et
1630 1555 1722 1624 qui
1751 1568 1839 1606 ne”
1853 1565 2047 1604 nomen
2087 1552 2306 1621 quidem

753 1666 772 1697 ι
814 1644 1028 1700 Domini
1056 1657 1289 1711 novere;
1343 1643 1490 1714 quod
1531 1643 1777 1697 nonnulli
1803 1656 1869 1695 eo
1898 1641 2309 1696 inhumanitatis

753 1757 774 1789 ι
812 1737 1255 1806 crudelitatisque
1282 1748 1613 1804 processere,
1639 1742 1697 1785 ut
1721 1731 1961 1802 captivos
1980 1731 2192 1799 aliquos
2213 1732 2308 1800 qui

755 1848 774 1879 ι
817 1827 1139 1898 effugerunt,
1177 1828 1230 1879 vi
1286 1827 1572 1880 retineant.
1624 1822 1818 1876 Mittite
1872 1821 2083 1892 aliquos
2128 1824 2182 1876 in
2224 1838 2311 1878 re-

2407 638 2844 708 κατηγοροῦντάς
2881 654 3040 690 τινων
3078 637 3485 708 προσδέχεσθαι,
3546 638 3638 691 καὶ
3664 637 3760 701 οὓς
3805 639 3962 709 ἐκκη-

2411 730 2588 800 ρύξαι.
2621 731 2784 800 ἤγουν
2811 729 2960 792 τίνας
2989 728 3088 797 τῆς
3125 728 3445 798 Ἑκκλησίας
3482 729 3702 801 ἐξῶσαι,
3751 731 3843 784 καὶ
3863 732 3962 785 τῶν

2406 822 2618 875 πιστῶν
2676 822 2926 893 χωρίσαι,
2961 821 3100 874 ὥστε
3134 821 3208 891 μὴ
3242 821 3592 891 συνεύχεσθαι
3649 825 3846 886 αὐτοῖς.
3876 819 3956 877 Τί-

2407 932 2503 978 νας
2534 915 2591 967 δὲ
2630 913 2708 966 δεῖ
2762 913 3201 984 κατηγοροῦντας
3253 913 3665 983 προσδέχεσθαι,
3710 916 3772 968 τὸ
3816 918 3958 968 ἕκτον

2406 1004 2695 1072 κεφάλαιον
2739 1005 2840 1073 τῆς
2892 1004 3149 1073 δευτέρας
3209 1001 3591 1072 οίκουμενικῆς
3641 1005 3855 1058 συνόδου
3889 1005 3959 1058 δι-

2404 1097 2612 1150 δάσκει.
2673 1098 3064 1164 ⁹Αναγνωστέον
3089 1099 3183 1151 καὶ
3212 1099 3281 1152 τά
3311 1099 3426 1152 ἐκεῖ
3450 1097 3830 1168 γεγραμμένα.

2998 1189 3236 1242 ΚΛΝΩΝ
3267 1193 3358 1257 σι.

2482 1298 2501 1330 ι
2533 1280 2668 1350 Περὶ
2687 1279 2793 1333 τῶν
2818 1279 2906 1351 βίᾳ
2939 1281 3272 1350 κατεχόντων
3305 1281 3430 1343 τοὺς
3459 1281 3523 1332 ὲκ
3551 1280 3658 1332 τῶν
3683 1280 3961 1352 βαρϐάρων

2414 1392 2432 1422 ι
2472 1370 2864 1441 αἰχμαλώτους.
2915 1371 3257 1443 Ἀπηγγέλθη
3287 1371 3344 1424 δέ
3370 1389 3421 1424 τι
3448 1373 3578 1441 ἡμῖν
3606 1373 3700 1425 καὶ
3744 1372 3961 1425 ἄπιστον

2415 1484 2431 1513 ι
2475 1467 2532 1516 ὲν
2564 1467 2630 1534 τῇ
2678 1463 2828 1534 χώρᾳ
2885 1464 3035 1533 ὑμῶν
3081 1458 3388 1533 γενόμενον,
3449 1463 3664 1525 πάντως
3716 1480 3816 1515 που
3864 1463 3963 1516 ὑπὸ

2416 1575 2432 1605 r
2477 1555 2717 1607 ἀπίστων
2770 1556 2860 1607 καὶ
2912 1555 3122 1607 ἀσεϐῶν
3150 1555 3244 1607 καὶ
3285 1554 3359 1624 μὴ
3388 1554 3602 1606 εἰδότων
3635 1554 3766 1624 μηδὲ
3801 1556 3962 1625 δνομα

2416 1667 2432 1695 ι
2472 1648 2695 1718 Κυρίου,
2731 1649 2812 1700 ὅτι
2870 1648 2976 1718 ἄρα
3005 1650 3082 1709 εἰς
3118 1627 3367 1700 τοσοῦτόν
3407 1662 3549 1710 τινες
3573 1646 3854 1716 ὠμότητος
3876 1647 3965 1700 καὶ

2416 1757 2433 1788 ι
2479 1738 2870 1807 ἀπανθρωπίας
2905 1735 3315 1806 προεχώρησαν,
3342 1737 3482 1790 ὥστε
3510 1736 3662 1798 τινὰς
3705 1738 3829 1799 τοὺς
3854 1738 3964 1790 δια-

2415 1848 2433 1880 (
2471 1831 2734 1898 φυγόντας
2767 1829 3140 1900 αἰχμαλώτους
3170 1829 3258 1899 βίᾳ,
3281 1829 3550 1906 κατέχειν.
3592 1829 3966 1883 Ἀποστείλατὲ

737 1933 772 1969 ιι
814 1891 1051 1989 gion'em,
1104 1933 1172 1973 ne
1225 1917 1308 1972 vel
1355 1915 1577 1971 fulmina
1613 1915 1667 1967 in
1707 1929 1802 1968 eos
1832 1891 2027 1968 cadant
2060 1915 2153 1983 qui
2195 1915 2304 1969 haac

2416 1941 2433 1973 ι
2469 1891 2617 1984 τινας
2644 1891 2727 1985 εἰς
2749 1891 3074 1991 τῆν’-χώρανξ
3111 1891 3184 1990 μη
3215 1891 3307 1973 καὶ
3351 1891 3580 1989 σκηπτοὶ
3613 1920 3853 1973 πέσωσιν
3877 1923 3965 1972 ἐπὶ

756 2029 774 2062 ι
815 2018 1001 2079 agunt.
1043 2028 1062 2060 ι

818 2100 982 2155 Βιιε.
1015 2100 1233 2169 Accepit
1259 2109 1482 2156 sanctus
1503 2085 1652 2167 quod.
1677 2097 1896 2166 quidam
1919 2097 2110 2167 captivi
2135 2098 2312 2152 ortho-

749 2191 895 2258 doxi,
923 2201 1214 2261 postquam
1245 2206 1437 2244 manus
1464 2189 1775 2244 barbaricas
1800 2204 2039 2253 evasere,
2067 2190 2117 2242 vi
2143 2203 2174 2242 a
2195 2189 2314 2257 qui-

750 2285 978 2338 busdam
1008 2283 1339 2346 detinentur,
1375 2296 1472 2336 nee
1519 2281 1742 2334 domum
1788 2281 1984 2334 reverti
2029 2279 2304 2334 sinuntur.

748 2375 891 2429 Dicit
925 2389 1056 2443 ergo
1081 2373 1168 2437 iis,
1199 2373 1265 2426 ad
1297 2387 1434 2442 quos
1460 2371 1719 2439 scriptum
1747 2370 1849 2426 boc
1872 2369 2158 2439 epistolare
2179 2371 2309 2425 mis-

749 2480 870 2519 sum
914 2473 1019 2528 est,
1056 2463 1203 2532 quod
1251 2463 1354 2517 hoc
1383 2451 1457 2516 ei'
1485 2460 1800 2516 incredibile
1847 2461 2021 2515 visum
2071 2473 2189 2514 est:
2228 2470 2311 2516 est

751 2558 896 2608 enim
941 2554 1235 2608 inﬁdelium
1267 2563 1322 2608 et
1349 2553 1637 2621 impiorum
1679 2565 1836 2619 opus.
1869 2551 1962 2605 Sin
2004 2560 2183 2606 autem
2221 2552 2303 2605 fa-

751 2654 898 2699 ctum
922 2652 1024 2706 est,
1057 2657 1164 2696 non
1193 2642 1489 2696 remanebit
1512 2643 1856 2712 impunitum.
1884 2643 1949 2696 Et
1971 2645 2089 2696 ideo
2113 2644 2310 2697 debent

752 2739 865 2790 haec
892 2733 1418 2804 diligenter'inquiri,
1443 2742 1497 2786 et
1528 2733 1670 2786 mitti
1700 2735 1752 2787 in
1778 2736 2051 2804 regionem
2075 2735 2167 2804 qui
2196 2736 2309 2788 haec

749 2833 1178 2894 perscrutentur.
1207 2822 1498 2878 Existimat
1521 2824 1687 2889 enim,
1726 2827 1866 2894 quod
1903 2828 2062 2879 etiam
2106 2826 2308 2880 fulmen

749 2930 845 2968 seu
889 2916 1029 2984 ignis
1077 2915 1147 2968 sit
1191 2929 1439 2982 casurus,
1483 2925 1538 2968 et
1579 2930 1676 2970 eos
1717 2917 1809 2984 qui
1851 2918 1963 2970 haze
1996 2925 2164 2987 agunt
2185 2933 2311 2972 exu-

749 3017 954 3061 cturus.

818 3093 1015 3150 lautia.
1055 3094 1328 3160 Nonnulli,
1365 3097 1562 3166 inquit,
1618 3095 1678 3152 ut
1711 3099 2028 3159 didicimus.
2071 3101 2309 3169 captivos

745 3201 814 3240 ex
847 3186 1095 3240 hostibus
1120 3185 1458 3255 diﬂ'ugientes
1485 3189 1537 3241 vi
1573 3191 1805 3244 retinent

749 3282 878 3332 nino
921 3277 1162 3332 infideles
1210 3286 1264 3330 et
1317 3277 1488 3345 impii,
1546 3294 1718 3348 neque
1747 3282 1827 3334 vel
1873 3280 2040 3335 Deum
2085 3293 2302 3339 norunt.

745 3368 990 3424 Proinde
1003 3380 1224 3426 sanctus
1254 3369 1333 3422 vir
1358 3369 1427 3423 ab
1463 3369 1530 3424 iis
1571 3371 1637 3423 ad
1667 3387 1804 3440 quos
1834 3373 2041 3436 scribit,
2075 3376 2307 3442 postulat

746 3462 888 3516 mitti
922 3464 974 3514 in
995 3462 1269 3531 regionem
1297 3462 1544 3516 homines
1571 3463 1662 3531 qui
1685 3462 1751 3516 de
1782 3463 1881 3516 hac
1907 3478 1966 3517 re
2001 3465 2304 3532 inquirant;

688 3589 692 3592 μ
746 3566 854 3616 ne,
893 3552 1104 3619 inquit,
1151 3552 1290 3622 ignis
1337 3551 1494 3605 cadat
1542 3553 1795 3615 coalitus,
1837 3568 1900 3606 ac
1942 3567 2035 3608 eos
2071 3555 2168 3622 qui
2196 3555 2308 3609 haec

748 3650 916 3710 agunt
943 3641 1210 3695 absumat.
1254 3639 1366 3697 Hoc
1398 3650 1574 3696 autem
1607 3643 1759 3706 dixit,
1793 3642 2049 3697 facinoris
2077 3645 2307 3711 gravita-

749 3741 855 3784 tem
891 3728 1155 3784 indicans.
1577 3792 1598 3815 θ

1340 3820 1566 3876 CANON
1601 3821 1708 3875 νη.

821 3935 839 3964 ι
883 3913 958 3968 De
992 3915 1057 3969 iis
1087 3913 1180 3983 qui
1213 3913 1352 3967 inter
1383 3913 1642 3968 barbaros
1675 3916 2010 3969 annumerati
2047 3923 2206 3980 sunt,
2253 3925 2306 3970 et

752 4025 770 4054 ‹
815 4007 1048 4060 absurda
1075 4005 1320 4074 quaedam
1355 4004 1408 4056 in
1437 4019 1530 4058 eos
1557 4004 1646 4071 qui
1675 4014 1800 4057 sunt
1821 4005 1902 4056 sui
1934 4006 2146 4073 generis
2175 4004 2310 4062 fece-

755 4114 772 4140 σ
820 4103 967 4146 runt.
1021 4093 1126 4148 Eos
1171 4095 1348 4162 itaque
1377 4093 1468 4162 qui
1518 4094 1653 4144 inter
1704 4091 1962 4145 barbaros
2010 4095 2307 4146 enumerati

753 4204 772 4236 ι
816 4193 974 4246 sunt.
1003 4194 1056 4237 et
1079 4201 1199 4238 cum
1229 4187 1308 4238 eis
1338 4185 1389 4237 in
1437 4184 1741 4252 captivitate
1773 4183 2119 4248 invaserunt,
2157 4183 2306 4237 obliti

753 4295 770 4326 ι
817 4291 876 4330 se
919 4289 1040 4328 esse
1076 4274 1325 4328 Ponticds
1369 4284 1422 4329 et
1465 4274 1839 4340 Christianos,
1881 4274 2084 4328 etlerati
2128 4283 2306 4328 autem

751 4387 770 4418 ‹
816 4367 1138 4434 barbarique
1163 4367 1374 4430 redditi,
1404 4376 1462 4419 ut
1491 4375 1542 4419 et
1567 4382 1660 4420 eos
1687 4367 1778 4435 qui
1810 4367 1892 4419 sui
1919 4375 2044 4420 sunt
2070 4367 2303 4435 generis,

753 4477 770 4507 ε
817 4461 899 4512 vel
937 4460 1082 4527 ligno
1113 4458 1190 4510 vel
1219 4457 1568 4510 suﬂ‘ocatione
1599 4459 1951 4520 interficiant,
1979 4459 2094 4512 vias
2126 4467 2303 4513 autem

2417 2030 2434 2061 ι
2473 2015 2598 2074 τοὺς
2625 2012 2694 2063 τά
2720 2013 2942 2064 τοιαῦτα
2975 2011 3332 2080 πράσσοντας.
3351 2028 3367 2059 ι

2483 2103 2654 2154 ΒᾹΛΣ
2711 2101 2948 2171 Ἔμαθεν
2973 2102 3000 2152 6
3035 2092 3197 2166 ’ἅγιος
3220 2101 3295 2163 ὣς
3314 2118 3456 2164 τινες
3473 2099 3740 2173 ὀρθόδοξοι
3778 2100 3969 2169 αἰχμά-

2411 2196 2588 2256 λωτοι,
2639 2193 2733 2255 τὰς
2792 2191 3128 2263 βαρϐαρικὰς
3180 2194 3364 2262 χεῖρας
3416 2177 3787 2261 διαφυγόντες,
3812 2190 3970 2242 ’κατὲ-

2411 2300 2591 2354 χονται
2613 2283 2716 2334 ὑπό
2744 2297 2901 2334 τινων
2932 2281 3068 2333 κατά
3093 2282 3237 2350 βίαν,
3284 2283 3377 2335 καὶ
3427 2285 3488 2336 οὐ
3523 2282 3969 2355 παραχωροῦνται

2409 2373 2587 2428 οἴκαδε
2619 2372 2974 2441 ὑποστρέψαι.
2998 2373 3163 2441 Φησὶν
3192 2369 3281 2424 οὖν
3317 2373 3449 2444 πρὸς
3478 2373 3571 2436 οὓς
3599 2375 3882 2443 ἀπεστάλη
3912 2374 3971 2425 τὸ

2410 2463 2811 2532 ὲπιστολιμαίον
2845 2462 2999 2514 τοῦτο
3029 2463 3281 2532 γράμμα,
3311 2462 3385 2526 ὡς
3440 2463 3596 2517 τοῦτο
3625 2465 3717 2531 καὶ
3744 2465 3970 2517 ἄπιστον

2411 2555 2658 2624 ἐλογίσθη
2709 2553 2886 2623 αύτῷι
2911 2551 3069 2625 ἔργον
3117 2555 3224 2626 γάρ
3257 2557 3400 2608 ἐστιν
3453 2557 3694 2609 ἀπίστων
3728 2559 3823 2612 καὶ
3849 2559 3970 2610 ἀσε-

2411 2646 2538 2698 ϐῶν.
2573 2646 2632 2696 Εἰ
2660 2646 2716 2698 δὲ
2749 2645 2989 2713 γέγονεν,
3020 2646 3368 2716 ἀνεκδίκητον
3395 2649 3493 2700 οὐκ
3521 2647 3692 2701 ἔσται.
3748 2648 3845 2700 Διὸ
3882 2648 3971 2700 καὶ

2409 2734 2675 2801 όφείλουσι
2698 2734 2766 2786 τὰ
2796 2735 2921 2805 περὶ
2976 2735 3162 2787 τούτου
3216 2736 3826 2808 πολυπραγμονηθῆναι,
3883 2740 3971 2790 καὶ

2409 2825 2719 2877 ἀποστεῖλαι
2781 2827 2859 2888 είς
2885 2825 2983 2893 τὴν
3013 2825 3191 2896 χώραν
3249 2828 3344 2880 καὶ
3398 2827 3708 2899 ἐρευνῆσαι.
3742 2829 3970 2898 Νομίζω

2408 2916 2516 2986 γὰρ
2543 2915 2617 2978 ὡς
2649 2915 2742 2968 καὶ
2797 2915 3055 2984 σκηπτὸς,
3107 2917 3273 2984 ἤγουν
3330 2916 3459 2986 πῦρ,
3491 2918 3557 2969 ἐκ
3603 2917 3698 2969 τοῦ
3746 2917 3972 2989 ούρανοῦ

2408 3005 2588 3068 ἔπεσε,
2614 3003 2706 3057 καὶ¹
2733 3001 3021 3071 κατέφλεξε
3054 3006 3177 3067 τοὺς
3207 3005 3378 3058 ταῦτα
3403 3007 3765 3076 πράσσοντας.

2477 3094 2715 3146 ΖΩΝΑΡ.
2745 3094 2917 3155 Τινὲς,
2949 3095 3133 3164 φησὶν,
3161 3089 3238 3158 ὡς
3270 3097 3562 3166 ἐμάθομεν,
3597 3099 3973 3168 αἰχμαλώτους

1852 3209 1864 3243 ε
1912 3192 2002 3260 qui
2030 3204 2162 3275 sum,
2191 3208 2307 3246 οηι..
2333 3220 2375 3276 C
2405 3184 2760 3252 διαφυγόντας
2788 3186 2912 3276 τούς
2938 3185 3246 3254 πολεμίους,
3280 3187 3371 3258 βίᾳ
3397 3189 3717 3257 κατέχουσιν
3738 3208 3750 3219 ·
3783 3193 3974 3252 οἵτινες

2408 3277 2624 3336 πάντως
2653 3275 2866 3328 ἄπιστοί
2893 3276 2997 3327 είσι
3028 3277 3120 3329 καὶ
3154 3278 3388 3341 ἀσεϐεζ,
3424 3281 3515 3332 καὶ
3544 3280 3665 3332 οὐδὲ
3696 3281 3831 3334 Θεοῦ
3859 3283 3975 3334 ἐπί-

2405 3383 2602 3433 γνωσιν
2629 3365 2854 3442 ἔχουσιν.
2902 3368 3145 3420 Ἀπαιτεῖ
3172 3365 3264 3422 οὖν
3293 3372 3320 3422 6
3349 3371 3499 3437 ἅγιος
3533 3373 3656 3434 τοὺς
3700 3374 3840 3443 πρὸς
3883 3372 3972 3433 οὓς

2407 3458 2637 3528 γράφει,
2681 3459 2994 3512 ἀποστεῖλαι
3043 3462 3122 3524 είς
3166 3460 3262 3531 τὴν
3322 3462 3502 3532 χώραν
3547 3465 3641 3514 καὶ
3682 3463 3971 3534 ἑρευνῆσαι

2408 3550 2535 3619 περὶ
2561 3550 2651 3602 τοῦ
2685 3553 3020 3621 πράγματος,
3051 3554 3137 3607 ἵνα
3170 3553 3244 3624 μὴ
3268 3555 3398 3624 πῦρ,
3429 3555 3614 3624 φησὶν,
3652 3556 3712 3619 ἐξ
3741 3555 3966 3626 ούρανοῦ

2407 3642 2547 3710 πέσῃ
2577 3643 2668 3693 καὶ
2689 3643 2996 3715 καταφλέξῃ
3029 3647 3152 3706 τοὺς
3189 3644 3356 3698 ταῦτα
3396 3646 3755 3716 πράσσοντας.
3803 3649 3970 3700 Τοῦτο

2406 3732 2460 3784 δὲ
2493 3729 2631 3795 εἷπε,
2662 3733 2756 3803 τὴν
2786 3735 3011 3787 ἀτοπίαν
3040 3735 3292 3788 δεικνύων
3326 3737 3715 3808 τῆςπράξεως.

3021 3828 3254 3879 ΚΑΝΩΝ
3289 3830 3359 3880 Ζ¹.

2485 3935 2501 3966 ι
2542 3918 2672 3986 Περὶ
2705 3919 2810 3969 τῶν
2837 3917 3337 3987 ὲγκαταλεχθέντων
3369 3923 3482 3985 τοῖς
3507 3921 3800 3992 βαρϐάροις
3819 3964 3832 3983 ,
3878 3928 3967 3977 καὶ

2412 4024 2428 4054 ι
2473 4007 2645 4057 ἀτοπὰ
2669 4023 2786 4058 τινα
2813 4005 2949 4058 κατὰ
2967 4007 3070 4058 τῶν
3087 4007 3370 4075 ὁμοφύλων
3402 4010 3802 4079 τολμησάντων.
3831 4013 3966 4074 Τοὶς

2414 4115 2432 4144 ι
2477 4098 2571 4164 μὲν
2600 4092 2689 4148 οὗν
2723 4096 3213 4165 ἐγκαταλεχθέντας
3241 4101 3350 4160 τοῖς
3400 4099 3689 4170 βαρϐάροις
3725 4105 3815 4154 καὶ
3853 4106 3964 4172 μει¹

2415 4205 2432 4236 ι
2467 4188 2642 4238 αὐτῶν
2674 4190 2728 4238 ἐν
2767 4188 3107 4262 αἰχμαλωσίᾳ
3140 4190 3492 4254 ἐπελθόντας,
3525 4191 3962 4262 ἐπιλαθομένους,

2413 4295 2430 4325 ι
2473 4278 2551 4328 ὅτι
2577 4273 2714 4346 ἦσαν
2750 4277 2994 4330 Ποντικοὶ
3031 4280 3120 4331 καὶ
3153 4281 3488 4350 Χριστιανοὶ,
3521 4281 3964 4352 ὲκὸαρϐαρωθέ·.-

2412 4388 2429 4418 ι
2465 4386 2561 4430 τας
2595 4369 2648 4420 δὲ
2675 4368 2748 4429 ὡς
2776 4370 2866 4420 καὶ
2902 4369 3147 4436 φονεύειν
3177 4372 3298 4432 τοὺς
3339 4370 3638 4440 ὁμοφύλους
3679 4372 3709 4440 ἦ
3761 4372 3900 4441 ξύλῳ
3931 4373 3959 4440 ἦ

2413 4479 2430 4509 ι
2466 4459 2688 4531 ἀγχόνῃ,
2723 4461 3096 4512 ὑποδεικνύναι
3118 4461 3174 4511 δὲ
3208 4460 3239 4529 ἢ
3270 4461 3466 4531 ὁδοὺςῆ
3506 4465 3679 4525 οἰκίας
3714 4463 3961 4531 ἀγνοοῦσι

755 4570 773 4602 ι
819 4553 898 4603 vel
928 4553 1118 4603 domos
1144 4551 1503 4603 nescientibus
1527 4549 1767 4601 barbaris
1792 4550 2107 4614 ostendant;
2140 4551 2301 4604 etiam

2414 4568 2430 4598 ι
2469 4551 2579 4611 τοῖς
2620 4549 2938 4618 βαρϐάροις·
2973 4549 3063 4599 καὶ
3094 4549 3188 4615 τῆς
3229 4551 3539 4618 ἀκροάσεως
3577 4553 3825 4622 ἀπεῖρξαι
3866 4553 3960 4616 δεῖ,

755 4660 774 4690 ι
819 4642 886 4693 ab
919 4642 1192 4694 auditione
1233 4655 1414 4693 arcere
1462 4647 1702 4706 oportet,
1747 4639 1917 4691 donec
1963 4638 2028 4692 de
2065 4640 2128 4701 iis
2171 4656 2301 4693 cou-

755 4749 772 4780 ι
821 4732 1050 4797 gregalis
1076 4731 1276 4783 sanctis
1305 4729 1505 4797 aliquid
1535 4729 1890 4780 communiter
1920 4728 2092 4781 visunt
2117 4727 2296 4791 fuerit,

754 4839 771 4869 ι
819 4830 870 4872 ct
896 4828 1018 4870 ante
1048 4834 1142 4871 eos
1173 4829 1356 4872 sancto
1387 4819 1629 4888 Spiritui.
1672 4838 1690 4867 ι
1781 4856 1783 4858 .

817 4909 986 4962 Βλιμδ.
1027 4906 1135 4960 Eos
1192 4910 1403 4975 quidem
1453 4911 1544 4978 qui
1589 4918 1869 4976 postquam
1923 4911 2114 4978 captivi
2173 4908 2299 4962 facti

750 5009 908 5064 sunt,
956 4998 1199 5052 barbaris
1245 5011 1672 5062 consenserunt,
1719 5010 1771 5051 et
1833 5015 1954 5051 cum
2012 5003 2091 5052 eis
2135 5000 2295 5053 veluti

755 5082 963 5158 barbari
996 5089 1167 5143 eﬂecti
1203 5097 1358 5153 sunt,
1398 5098 1449 5140 et
1488 5092 1568 5142 sui
1596 5091 1804 5159 generis
1844 5087 2182 5144 Christianos
2217 5091 2300 5142 in-

751 5179 1109 5242 terfecerunt,
1145 5182 1227 5235 vel
1266 5182 1379 5234 vias
1419 5181 1658 5236 barbaris
1702 5186 1913 5252 ignotas
1945 5190 1997 5233 et
2031 5181 2095 5232 ad
2145 5181 2300 5234 Chri-

751 5270 953 5322 stianos
997 5271 1254 5326 ducentes
1299 5271 1664 5334 ostenderunt,
1691 5273 1768 5324 vel
1811 5287 1997 5324 eorum
2036 5270 2174 5322 mdes
2205 5271 2300 5321 lm-

751 5360 923 5412 stibus
947 5362 1256 5416 manifestas
1275 5362 1544 5424 fecerunt,
1574 5378 1640 5414 ne
1661 5363 1726 5414 ad
1755 5365 2056 5416 divinarum
2087 5360 2298 5427 quidem

752 5450 966 5502 laudum
1002 5453 1322 5506 auditionem
1357 5452 1712 5506 admittendos
1751 5468 1869 5506 esse
1901 5450 2172 5504 decernit:
2208 5451 2298 5501 sed

752 5553 844 5594 eos
871 5543 1092 5594 omnino
1135 5555 1279 5598 extra
1341 5545 1622 5597 ecclesiam
1655 5544 1814 5596 statui
1856 5545 1910 5594 in
1950 5542 2069 5593 loco
2103 5537 2301 5592 deflen-

752 5637 883 5684 tium
903 5673 920 5696 ,
975 5645 1094 5701 post
1123 5639 1513 5692 confessionem
1547 5638 1750 5693 scilicet
1779 5638 1858 5689 vel
1900 5634 2300 5692 condemnatio-

754 5737 913 5785 nem,
963 5725 1134 5777 donec
1173 5729 1340 5779 sancti
1385 5730 1544 5781 simul
1588 5733 1896 5796 congregati
1944 5726 2012 5778 de
2049 5725 2114 5776 iis
2155 5737 2300 5777 eom-

752 5816 985 5868 inuniter
1009 5818 1306 5871 statuerint.
1343 5816 1568 5874 Sanctos
1600 5827 1776 5874 autem
1808 5817 2089 5885 episcopos
2121 5814 2295 5882 appel-

2407 4658 2420 4684 ο
2467 4637 2656 4705 μέχρις
2681 4638 2744 4687 ἂν
2775 4641 2923 4705 κοινῇ
2942 4637 3069 4704 περὶ
3086 4637 3263 4688 αὐτῶν
3289 4655 3338 4688 τι
3367 4637 3490 4709 δόξῃ
3524 4639 3828 4691 συνελθοῦσι
3855 4644 3958 4699 τοῖς

2407 4749 2422 4774 ι
2460 4728 2652 4792 ἁγίοις,
2690 4727 2779 4777 καὶ
2807 4727 2910 4794 πρὸ
2940 4728 3115 4778 αὐτῶν
3146 4728 3222 4796 τῷ
3247 4729 3380 4798 ἁγίῳ
3413 4731 3706 4801 Πνεύματι.
3749 4751 3766 4780 ι

2472 4907 2660 4956 ΒΑᾹΣ.
2698 4907 2832 4967 Τοὺς
2863 4907 3040 4973 μέντοι
3080 4909 3214 4975 μετὰ
3239 4909 3297 4960 τὸ
3318 4910 3807 4979 αίχμαλωτισθῆναι
3851 4914 3954 4974 τοῖς

2404 4998 2692 5066 βαρϐάροις
2713 5000 3204 5070 ὁμοφρονήσαντας,
3237 5003 3327 5052 καὶ
3362 5003 3477 5069 μετ’
3499 5000 3674 5051 αὐτῶν
3700 4996 3806 5051 οἷον
3838 5002 3956 5071 βας,-

2402 5088 2760 5156 ϐαρωθέντας,
2793 5089 2884 5140 καὶ
2917 5090 3038 5151 τοὺς
3074 5090 3370 5158 ὁμοφύλους
3392 5091 3745 5158 Χριστιανοὺς
3772 5097 3954 5159 gave:-

2403 5195 2618 5239 σαντας,
2654 5179 2684 5247 ἢ
2741 5179 2890 5240 ὁδοὺς
2930 5181 3290 5249 ἀγνοουμένας
3328 5183 3437 5239 τοῖς
3490 5179 3815 5250 βαρϐάροις,
3867 5187 3947 5234 κα*

2400 5268 2712 5335 ἀπαγούσας
2745 5271 2822 5331 είς
2866 5271 3213 5338 Χριστιανοὺς
3259 5267 3667 5331 ὑποδείξαντας,
3710 5271 3743 5339 ἢ
3783 5273 3950 5332 οἰκίες

2400 5360 2598 5410 τούτων
2625 5360 2949 5429 καταδήλους
2975 5366 3084 5424 τοῖς
3112 5359 3384 5428 πολεμίοις
3428 5361 3750 5428 ποιήσαντας
3769 5401 3782 5422 ,
3821 5364 3950 5430 μηίιὲ

2401 5452 2476 5510 εἰς
2509 5450 2764 5517 ἀκρόασιν
2793 5451 2896 5502 τῶν
2913 5452 3070 5503 θείων
3097 5447 3407 5514 δοξολογιῶν
3433 5450 3832 5520 παραδεχθῖψαι
3852 5453 3948 5504 διο-

2405 5541 2631 5610 ρίξεται”
2669 5541 2799 5594 ἀλλὰ
2857 5543 2960 5607 ἔξω
2999 5539 3274 5600 παντελῶς
3332 5537 3429 5605 τῆς
3469 5541 3758 5607 ἐκκλησίας
3803 5542 3942 5594 ἵστα-

2404 5629 2520 5681 σθαι
2569 5633 2762 5694 αύτοὺς
2809 5635 2865 5683 ἐν
2905 5634 3050 5700 τόπῳ
3089 5628 3516 5700 προσκλαιόντων
3563 5631 3774 5692 πάντως
3819 5632 3948 5700 μετὰ

2401 5703 2495 5791 τὴν
2524 5723 2904 5794 ἐξομολόγησιν
2931 5724 2964 5792 ἢ
2991 5722 3086 5789 τὴν
3114 5720 3427 5789 καταδίκην,
3461 5721 3564 5784 ἕως
3590 5723 3654 5774 ἂν
3672 5723 3947 5790 σκοπήσω-

2403 5830 2481 5864 σιν
2502 5817 2548 5865 οἱ
2582 5816 2721 5882 Ξιγιοι
2758 5816 2880 5882 περὶ
2911 5811 3086 5864 αὐτῶν
3131 5813 3279 5880 κοινῇ
3329 5811 3678 5874 συνελθόντες.
3743 5815 3947 5878 ’Δγξοις
