4094 6354
129 454 153 505 Ι
166 452 266 506 0M

1390 454 1722 511 EPISTOLA
1762 454 2123 511 CANONICA.

3224 451 3245 502 I
3255 451 3358 503 OH

122 571 182 623 δὲ
203 571 333 633 τοὺς
362 568 689 633 επις-κόπους
708 571 876 649 καλεῖ.
902 571 971 623 Τὸ
986 571 1062 631 δὲ,
1091 570 1202 639 πρὸ
1228 571 1422 625 αὐτῶν
1444 572 1693 641 τῷάγιῳ

1802 575 1889 627 lat.
1938 575 2073 628 Illud
2121 580 2318 634 autem,
2350 582 2472 626 ante
2527 574 2666 639 ipsos
2712 580 2893 623 sancto
2946 564 3191 635 Spiritui.
3229 566 3360 621 sub-

123 658 452 726 Πνεύματι,
479 660 745 728 ἐπήγαγε,
765 659 992 721 δεικνὺς,
1013 661 1090 712 ὅτι
1120 663 1214 714 ὅσα
1235 663 1291 714 ἐν
1316 666 1463 732 κοινῇ
1482 663 1695 716 διασκέ-

122 750 218 814 es:
264 748 667 818 οίκονομοῦνται
716 749 863 819 παρά
910 750 1017 803 τῶν
1067 754 1393 817 ἐπισκόπων,
1443 752 1505 805 τὸ
1549 754 1697 821 ἆγιον

123 837 355 908 Πνεῦμα
384 839 698 909 ὑποτίθησιν
726 842 882 893 αὑτά.
912 844 1021 894 Καὶ
1044 846 1073 895 ό
1120 844 1216 912 μὲν
1255 844 1698 914 ὲκκλησιαστικὸς

121 930 294 1000 νόμος
316 931 461 984 οὕτω
485 932 702 997 τούτους
746 934 959 999 κολάζει
978 952 992 965 ⁸
1022 940 1050 988 ὁ
1072 937 1146 988 δὲ
1176 937 1446 1001 πολιτικὸς
1470 938 1547 1009 τῷ
1572 941 1698 1011 περὶ

122 1018 511 1083 καθοσιώσεως
524 1021 826 1092 ἐγκλήματι
853 1024 1246 1077 καθυποόάλλει
1265 1027 1389 1089 τοὺς
1408 1028 1693 1091 τοιούτους.

117 1109 263 1177 Φησὶ
289 1110 399 1180 γὰρ
429 1111 622 1179 κεφάλ.
658 1118 705 1164 α’
737 1112 829 1165 τοῦ
881 1113 968 1177 λς’
1011 1114 1193 1167 τίτλου
1236 1117 1328 1169 τοῦ
1363 1116 1402 1182 ξ’
1452 1117 1654 1187 βιϐλίου
1680 1137 1691 1149 ·

130 1202 192 1250 Ὀ
224 1200 361 1269 περὶ
386 1200 493 1253 τῶν
539 1201 834 1255 ὲπιόούλων
862 1204 1026 1272 νόμος
1069 1205 1250 1273 ὅμοιός
1295 1208 1406 1259 ἐστι
1448 1209 1524 1277 τῷ
1572 1211 1697 1277 περ)⁸

119 1290 451 1360 ἱεροσυλίας.
478 1294 585 1345 Καὶ
615 1294 852 1363 ἐνέχεται
878 1295 1026 1364 αὑτῷ
1046 1298 1072 1347 ό
1102 1298 1241 1350 κατά
1268 1299 1357 1351 τοῦ
1393 1301 1695 1369 Ῥωμαῖκοῦ

60 1388 72 1396 ’
115 1380 182 1451 δή
192 1396 298 1449 μου
328 1382 749 1454 πλημμελήσας,
772 1386 863 1437 καὶ
888 1386 1189 1452 σπουδάσας
1220 1392 1357 1443 κατὰ
1382 1392 1529 1445 δόλον
1550 1394 1699 1463 παρά

117 1471 377 1524 κέλευσιν
396 1474 665 1542 βασιλέως
692 1476 1043 1546 ἀναιρεθῆναι
1072 1482 1195 1543 τοὺς
1234 1483 1474 1551 ὁμήρους
1493 1500 1505 1513 ·
1549 1485 1698 1553 ῆ-ῖνα

114 1563 339 1616 ἔνοπλοι
367 1565 637 1635 ἄνθρωποι
669 1570 725 1619 ὲν
754 1568 904 1622 πόλει
932 1570 1071 1623 κατά
1097 1571 1195 1640 τῆς
1241 1572 1511 1635 πολιτείας
1544 1569 1695 1641 ὦσιν,

114 1654 149 1722 ἦ
182 1654 278 1708 ἵνα
309 1654 473 1718 τόπος
503 1657 535 1727 ἢ
572 1658 690 1728 ἱερὰ
716 1660 1144 1730 κατασχεθῶσιν,
1184 1663 1216 1733 ἢ
1270 1664 1565 1734 στασιώδης
1606 1668 1699 1733 γέ-

114 1760 284 1813 νηται
320 1744 554 1809 σύνοδος,
585 1748 617 1816 ἢ
651 1748 736 1800 ἵνα
769 1750 997 1821 φονευθῇ
1038 1752 1066 1802 ό
1105 1752 1318 1820 ἄρχων·
1363 1756 1455 1807 καὶ
1492 1757 1521 1806 ό
1564 1757 1697 1825 πρὸς

113 1836 252 1899 τοὺς
284 1836 575 1907 πολεμίως
600 1838 882 1910 γράμμαῆ
906 1841 1131 1908 ἄγγελον
1160 1844 1379 1911 πέμψας
1408 1845 1438 1913 ἢ
1476 1850 1698 1916 σημεῖον

114 1925 316 1988 αὐτοῖς
347 1926 668 1998 δεδωκὼς,ἢ
700 1929 871 1994 ἄλλως
907 1932 1177 2002 βοηθήσας
1206 1936 1407 1996 αὐτοῖς,
1444 1938 1535 1987 καὶ
1569 1938 1698 1989 um-

116 2015 387 2078 νοθεύσας
430 2016 760 2088 στρατιώτας
808 2019 943 2090 πρὸς
986 2023 1169 2074 στάσιν
1208 2024 1240 2092 ἢ
1304 2023 1537 2096 θόρυϐον.
1560 2030 1700 2081 κατὰ

114 2103 223 2171 τῆς
256 2105 547 2169 πολιτείας.
586 2106 695 2159 Καὶ
721 2108 914 2175 κεφάλ.
950 2116 1018 2175 γ’,
1065 2110 1157 2162 τοῦ
1191 2112 1354 2163 αὐτοῦ
1397 2114 1572 2167 τίτλου
1607 2118 1699 2167 καὶ

116 2192 335 2262 βιϐλίου
356 2212 367 2223 ·
410 2196 467 2250 '0
493 2198 617 2260 τοὺς
647 2198 931 2268 πολεμίους
954 2201 1223 2271 ἐρεθίσας,
1248 2203 1278 2271 ἢ
1306 2206 1576 2275 παραδοὺς
1601 2208 1699 2260 αὑ-

113 2286 235 2348 τοῖς
262 2286 489 2356 πολίτην
512 2326 526 2349 ,
572 2291 649 2352 εἰς
692 2290 928 2362 κεφαλὴν
962 2282 1317 2362 τιμωρεῖται.
1354 2296 1463 2347 Καὶ
1507 2299 1700 2368 ἐφεξῆς

114 2376 432 2444 διαλέγεται
464 2380 525 2431 τὸ
560 2382 849 2448 κεφάλαιον
894 2384 1021 2454 περὶ
1065 2384 1240 2439 ἄλλων
1274 2388 1434 2441 τινῶν
1481 2390 1697 2460 όμοίων.

117 2465 239 2518 Καὶ
263 2464 436 2518 ταῦτα
464 2468 562 2538 μὲν
592 2470 719 2539 περὶ
746 2471 852 2522 τῶν
886 2472 1422 2542 αἰχμαλωτισθέντων
1450 2478 1544 2528 καὶ
1570 2480 1701 2547 ὁμο-

116 2556 492 2626 φωνησάντων
522 2561 631 2622 τοῖς
667 2560 965 2629 πολεμίοις,
996 2563 1089 2615 καὶ
1118 2565 1249 2632 περὶ
1278 2565 1386 2617 τῶν
1412 2567 1484 2637 μὴ
1511 2569 1704 2637 αἰχμα-

115 2646 517 2711 λωτισθέντων,
551 2648 699 2719 ὅμως
734 2651 916 2718 μέντοι
942 2654 1052 2713 τοῖς
1085 2652 1358 2722 πολεμίοις
1385 2658 1705 2727 ὁμογνωμο-

117 2739 409 2807 ν-ησάντων
433 2781 447 2804 ,
489 2739 583 2793 καὶ
632 2741 1012 2811 φρονησάντων
1053 2743 1194 2795 κατά
1240 2744 1337 2813 τῆς
1391 2746 1703 2817 Ῥωμαῖκῆς

119 2831 399 2895 ἐξουσίας.
433 2835 493 2885 υί
533 2833 589 2885 δὲ
619 2834 728 2896 τοῖς
758 2834 897 2886 κατὰ
936 2834 1127 2904 χέρ’σον
1169 2824 1262 2888 καὶ
1305 2835 1567 2890 θάλατταν
1610 2840 1705 2909 λῃ-

121 2922 380 2975 σιτεύουσι
406 2924 913 2995 συλλῃστεύσαντες,
954 2924 1232 2991 πλειόνως,
1262 2927 1337 2989 ὡς
1376 2928 1498 2998 ἐμοὶ
1536 2928 1700 2995 δοκεῖ,

121 3010 579 3081 κολασθήσονται’
604 3013 685 3064 ὅτι
717 3014 809 3065 καὶ
836 3013 1033 3082 μείζων
1065 3013 1181 3065 ἐστὶ
1217 3014 1420 3067 τούτων
1452 3016 1484 3082 ὴ
1516 3013 1699 3066 κακία.

122 3102 187 3154 Oi
220 3102 324 3171 μὲν
350 3100 459 3171 γάρ
490 3102 733 3171 πολέμιοι
775 3102 915 3155 κατά
945 3102 1231 3174 πρόσωπον
1274 3105 1362 3157 καὶ
1389 3106 1564 3174 γυμνῇ
1608 3121 1702 3156 κες

1795 663 2008 733 junxit,
2052 664 2371 728 ostendens,
2424 660 2569 731 quod
2606 672 2941 730 quaecunque
2985 658 3040 711 in
3087 656 3361 712 communi

1798 754 2233 806 consideratione
2260 753 2327 805 ab
2350 750 2617 819 episcOpis
2636 749 3014 817 dispensantur
3043 758 3096 802 et
3122 753 3363 801 statuun-

1800 852 1921 907 tur,
1956 842 2193 911 Spiritus
2240 852 2459 897 sanctus
2504 858 2565 895 ea
2612 842 2867 910 suggerit.
2919 839 2983 893 Et
3028 840 3110 893 lex
3142 840 3359 908 quidem

1798 937 2169 993 ecclesiastica
2210 938 2356 1004 ipsos
2398 936 2477 989 sic
2522 938 2696 1003 punit.
2737 933 2848 988 Lex
2893 948 3022 987 vero
3062 932 3233 987 civilis
3268 946 3360 985 eos

1800 1031 2100 1099 majestatis
2138 1030 2352 1082 crimini
2384 1028 2621 1097 subjicit.
2657 1026 2796 1079 Dicit
2824 1026 2967 1077 enim
3005 1024 3235 1093 primum
3268 1040 3361 1077 ca-

1800 1132 1915 1192 put,
1959 1122 2025 1176 36
2056 1124 2161 1185 ιη..
2195 1138 2262 1175 1.x
2295 1121 2387 1177 lib.
2428 1140 2439 1173 :
2477 1119 2586 1174 Lex
2614 1117 2908 1186 majestatis
2932 1115 3123 1168 similis
3152 1124 3233 1167 est
3260 1114 3365 1195 legi

1799 1214 1865 1267 de
1891 1214 2194 1281 sacrilegio.
2225 1210 2290 1264 Et
2326 1219 2538 1265 tenetur
2563 1225 2644 1274 ea,
2669 1210 2770 1277 qui
2794 1207 3053 1261 adversus
3104 1206 3368 1275 populum

1800 1302 2105 1356 Romanum
2150 1301 2463 1359 commisit,
2524 1308 2577 1353 et
2615 1299 2709 1367 qui
2773 1297 2898 1351 dolo
2960 1294 3105 1349 malo
3158 1295 3367 1349 curavit

1798 1393 2007 1460 injussu
2046 1391 2304 1459 principis
2354 1389 2568 1444 obsides
2611 1388 2883 1451 interimi;
2938 1387 3018 1439 vel
3070 1394 3128 1438 ut
3172 1386 3363 1439 armati

1798 1483 2047 1535 homines
2078 1482 2131 1533 in
2162 1484 2295 1534 urbe
2322 1482 2429 1534 sint
2453 1481 2712 1533 adversus
2746 1476 3166 1545 rempublicam,
3198 1475 3285 1528 vel
3306 1484 3367 1528 ut
3393 1485 3410 1504 '

1798 1573 1916 1627 loca
1952 1582 2043 1625 aut
2070 1573 2260 1641 templa
2293 1578 2643 1639 occupentur,
2678 1569 2759 1621 vel
2792 1567 3080 1621 seditiosus
3114 1566 3205 1618 liat
3236 1580 3386 1619 conm

1800 1675 2013 1727 ventus,
2049 1664 2128 1716 vel
2172 1673 2228 1715 ut
2269 1661 2545 1720 occidatur
2575 1661 2922 1729 magistratus
2942 1699 2958 1723 ,
2989 1667 3042 1712 et
3074 1658 3140 1710 ad
3180 1657 3365 1710 hostes

1802 1757 2048 1809 nuntium
2073 1755 2155 1809 vel
2182 1756 2388 1809 litteras
2410 1754 2577 1815 misit,
2606 1753 2687 1805 vel
2717 1753 2867 1821 signa
2898 1752 2977 1805 eis
2999 1750 3161 1813 dedit,
3191 1750 3365 1803 aliove

1804 1846 1965 1899 modo
1996 1846 2075 1900 eis
2105 1846 2225 1898 tulit
2251 1844 2509 1899 auxilium
2533 1885 2547 1908 ,
2582 1853 2635 1897 et
2662 1843 2755 1913 qui
2786 1842 3093 1896 sollicitavit
3123 1840 3205 1893 vel
3235 1854 3368 1893 ωηο

1800 1936 1986 1989 citavit
2038 1938 2236 1990 milites
2284 1937 2350 1990 ad
2393 1936 2715 1990 seditionem
2765 1935 2848 1989 vel
2915 1936 3125 1989 turbam
3174 1940 3366 1988 contra

1802 2027 2206 2094 rempublicam.
2262 2026 2324 2079 Et
2367 2043 2485 2095 cap.
2533 2028 2567 2080 3
2608 2026 2850 2094 ejusdem
2881 2027 2962 2080 tit.
3007 2034 3063 2079 et
3094 2025 3188 2078 lib.
3217 2022 3367 2091 :Qui

1799 2112 1984 2165 hostes
2009 2113 2345 2177 sollicitavit,
2371 2124 2424 2166 et
2450 2114 2528 2165 eis
2562 2113 2943 2182 rempublicam
2976 2114 3229 2176 tradidit,
3270 2128 3367 2166 ca-

1802 2201 1909 2267 pite
1956 2202 2195 2269 punitur.
2252 2198 2317 2253 Et
2357 2200 2610 2268 deinceps
2658 2200 2876 2254 disserit
2917 2208 3085 2268 caput
3126 2199 3192 2252 de
3243 2198 3366 2251 aliis

1801 2288 2127 2357 quibusdam
2161 2288 2450 2343 similibus.
2500 2289 2566 2343 Et
2593 2290 2707 2343 haec
2736 2289 2951 2358 quidem
2990 2289 3057 2342 de
3091 2289 3156 2342 iis
3183 2289 3277 2357 qui
3306 2289 3365 2343 in

1800 2382 2163 2449 captivitatem
2194 2382 2410 2436 abducti
2438 2392 2585 2443 sunt,
2612 2391 2672 2434 et
2687 2382 2929 2435 hostibus
2953 2364 3362 2447 consenserunt,

1799 2481 1853 2525 et
1877 2474 1945 2526 de
1993 2473 2060 2527 iis
2105 2474 2286 2527 itidem
2342 2476 2435 2543 qui
2476 2490 2582 2527 non
2624 2474 2677 2526 in
2728 2473 3089 2542 captivitatem
3146 2473 3363 2527 abducti

1802 2572 1951 2626 sunt,
1979 2578 2104 2616 cum
2140 2565 2381 2617 hostibus
2414 2572 2592 2617 tamen
2618 2574 3034 2626 consenserunt,
3074 2572 3129 2616 et
3176 2562 3367 2616 adver-s

1804 2669 1898 2709 sus
1940 2652 2244 2709 Romanum
2288 2655 2573 2723 imperium
2607 2654 3004 2721 conspirarunt.
3051 2650 3154 2715 Qui
3182 2661 3365 2705 autem

1803 2758 1926 2797 cum
1970 2744 2037 2797 iis
2086 2744 2179 2812 qui
2233 2753 2431 2797 terram
2482 2756 2736 2813 mareque
2784 2741 3211 2809 depopulantur,
3257 2755 3364 2795 una

1802 2822 2090 2903 depraedati
2120 2843 2281 2900 sunt,
2308 2833 2512 2903 magis,
2547 2841 2607 2887 ut
2634 2833 2766 2887 mihi
2790 2832 3016 2895 videtur,
3043 2830 3364 2901 punientur,

1802 2925 1930 2995 quia
1975 2925 2149 2993 major
2178 2933 2261 2978 est
2301 2939 2488 2978 eorum
2526 2923 2861 2990 improbitas.
2898 2923 3087 2977 Ilostes
3124 2922 3266 2977 enim
3307 2939 3366 2975 a-

1805 3023 1957 3085 perta
1988 3015 2186 3076 fronte,
2218 3024 2272 3070 et
2300 3014 2468 3078 nudo,
2499 3023 2557 3067 ut
2590 3014 2760 3077 aiunt,
2795 3015 2966 3081 capita
2986 3012 3181 3066 bellum
3210 3023 3365 3065 com»

1806 3114 2031 3174 parant;
2061 3106 2296 3158 latrones
2322 3111 2498 3156 autem
2536 3101 2675 3156 clam
2703 3112 2755 3154 et
2790 3102 2998 3156 «cernite
3032 3101 3364 3171 inapinatam

123 3192 297 3261 φαλῇ,
333 3192 399 3242 τὸ
422 3192 729 3260 λεγόμενον,
756 3192 845 3245 τὸν
874 3193 1105 3263 πόλεμον
1158 3194 1473 3247 συνιστῶσιν
1496 3212 1509 3225 ·
1556 3197 1605 3247 οι
1646 3196 1700 3248 δὲ

1806 3197 2003 3252 eadem
2052 3195 2369 3248 moliuntur.
2426 3191 2640 3257 Quanto
2688 3206 2817 3262 ergo
2882 3193 3096 3261 przevisi
3139 3192 3364 3262 periculi

124 3280 330 3352 λῃσταὶ
359 3280 603 3348 ἀοράτως
636 3281 729 3332 καὶ
762 3281 979 3349 ἀφανῶς
1010 3284 1411 3353 ἀπροσδόκητον
1442 3285 1700 3355 μελετῶσι

1810 3302 1986 3357 pugna
2016 3284 2185 3337 levior
2215 3291 2300 3337 est
2329 3282 2606 3351 inopinato
2632 3282 2793 3347 malo,
2829 3290 2979 3336 tanto
3010 3282 3245 3336 hostium
3279 3282 3367 3335 in-

124 3370 313 3438 φόνον.
344 3369 503 3421 Ὅσον
529 3366 621 3422 οὖν
645 3369 739 3422 τοῦ
774 3373 1128 3441 προκειμένου
1159 3374 1279 3425 κατ’
1311 3373 1435 3443 ὄψιν
1459 3375 1699 3429 κινδύνου

1808 3377 1982 3433 sultus
2008 3384 2091 3428 est
2120 3372 2446 3426 tolerabilior
2475 3373 2742 3426 latronum
2774 3370 3004 3426 insidiis.

124 3464 165 3533 ἡ
214 3463 369 3534 μάχη
417 3464 720 3535 κουφοτέρα
754 3467 871 3518 ἐστὶ
904 3466 997 3518 τοῦ
1049 3468 1454 3540 ἀπροσδοκήτου
1502 3472 1701 3537 κακοῦ,
1754 3471 2002 3525 τοσοῦτον
2030 3471 2119 3523 καὶ
2151 3472 2185 3541 η
2213 3469 2318 3521 τῶν
2352 3468 2617 3538 πολεμίων
2660 3467 2842 3536 ἔφοδος
2898 3463 3221 3535 ἀνεκτοτέρα
3248 3466 3365 3517 ἐστὶ

124 3556 229 3624 τῆς
253 3554 364 3607 τῶν
388 3554 756 3627 λῃστευόντων
790 3559 1099 3631 ἐπιϐουλῆς.

198 3648 446 3701 ΖΩΝΑΡ.
484 3649 637 3702 Ὅσοι
674 3650 772 3721 μὲν
802 3648 915 3715 οὖν,
945 3655 1108 3725 φησιν
1128 3696 1141 3717 ,
1185 3656 1706 3725 αἰχμαλωτισθέντες

80 3768 89 3774 ~
126 3741 285 3803 ποτὶ,
320 3742 803 3810 συγκατετάγησαν
833 3747 941 3807 τοῖς
987 3744 1308 3815 βαρϐάροις,
1346 3748 1437 3797 καὶ
1468 3749 1583 3817 μετ’
1611 3751 1709 3803 αὐ-

126 3832 240 3888 τῶν
272 3832 508 3902 ἐπῆλθον
538 3832 979 3904 βαρϐαρωθὲντες
1005 3836 1071 3887 τά
1099 3836 1191 3905 ἔθη
1214 3852 1225 3863 ·
1260 3838 1349 3887 καὶ
1377 3836 1563 3911 ὥσπερ
1591 3840 1707 3895 ὲπι-

127 3921 441 3993 λαθόμενοι,
472 3922 553 3976 ὅτι
582 3926 646 3977 ὲκ
666 3924 761 3978 τοῦ
789 3926 995 3978 ,Πόντου
1027 3923 1167 3996 ἦσαν
1193 3928 1538 3997 Χριστιανοὶ.
1575 3931 1706 3999 ὀμο-

127 4012 335 4081 φὺλους
352 4012 713 4086 ὲφόνευσαν,ἢ
741 4000 892 4079 όδοῦς
912 4016 1255 4069 ὑπεδείκνυον
1284 4022 1393 4081 τοῖς
1414 4018 1706 4092 βαρϐάροις

127 4104 505 4174 ἁγνοουμένας
524 4106 767 4175 αὐτοῖς,ἢ
796 4108 969 4169 οίκίας
994 4106 1352 4173 λανθανούσας
1369 4110 1583 4175 αὐτούς’
1617 4105 1709 4165 οὖ-

128 4210 213 4248 τοι
246 4196 382 4267 μηδὲ
410 4199 488 4259 είς
504 4198 761 4269 ἀκρόασιν
778 4197 1269 4268 παραδεχθήτωσαν
1290 4202 1697 4271 μετανοοῦντες·

127 4287 415 4338 τουτέστιν
452 4286 556 4347 ἔξω
604 4284 877 4350 παντελῶς
924 4289 1024 4356 τῆς
1060 4289 1351 4359 ἐκκλησίας
1404 4293 1704 4363 ὲστηκὲτωο

130 4395 254 4437 σαν,
293 4377 353 4427 ὲν
384 4377 533 4445 τόπῳ
561 4376 757 4445 δηλαδὴ
786 4378 1234 4448 προσκλαιόντων,
1265 4381 1368 4444 ἓως
1394 4382 1460 4436 ἂν
1496 4385 1703 4453 cum-

131 4483 301 4519 σωσιν
329 4468 381 4517 οἱ
405 4465 546 4532 ᾶγιοι
576 4466 699 4536 περὶ
726 4467 904 4520 αὐτῶν
920 4472 1071 4539 κοινῇ
1096 4470 1454 4534 συνελθόντες.
1490 4471 1699 4539 Ἀγίους

1880 3659 2081 3713 Zouaa.
2121 3657 2440 3728 Quicunque
2484 3654 2737 3724 quidem,
2786 3652 2902 3717 ait,
2964 3652 3257 3721 aliquando
3307 3652 3364 3705 in

1810 3752 2120 3806 servitutem
2149 3748 2364 3805 abducti
2402 3762 2460 3801 se
2490 3744 2735 3801 barbaris
2766 3742 3146 3814 adjunxerunt,
3180 3750 3233 3796 et
3257 3756 3367 3797 una

1807 3854 1932 3892 cum
1969 3840 2037 3894 iis
2079 3835 2308 3908 grassati
2356 3844 2484 3887 sunt
2530 3848 2740 3889 morum
2788 3833 3091 3889 barbariem
3139 3833 3367 3889 induen-

1808 3941 1887 3984 ωε
1910 3971 1925 3994 ,
1967 3944 2030 3983 ac
2059 3928 2203 3981 velut
2234 3923 2383 3980 obliti
2423 3938 2482 3978 se
2522 3939 2590 3979 ex
2637 3922 2808 3979 Ponto
2832 3923 3171 3979 Christianos
3210 3939 3363 3993 esse,

1805 4036 1903 4075 eos
1938 4020 2028 4087 qui
2056 4014 2297 4086 ejusdem
2328 4022 2456 4069 sunt
2486 4016 2701 4084 generis
2729 4013 3077 4078 interfecere,
3127 4013 3210 4067 vel
3242 4014 3366 4067 bar-

1808 4110 1953 4164 baris
1989 4110 2196 4177 ignotas
2240 4115 2611 4161 monstravere
2651 4107 2785 4169 vias,
2820 4105 3077 4159 domosve
3115 4102 3249 4174 ipsis
3279 4116 3366 4156 oc-

1807 4199 2013 4259 cultas;
2058 4196 2113 4249 hi
2152 4210 2220 4249 ne
2256 4194 2323 4249 ad
2355 4196 2686 4267 auditionem
2718 4193 2934 4264 quidem
2967 4190 3324 4246 admittantur
3344 4229 3362 4255 ,

1806 4287 2174 4357 penitentiam
2217 4298 2472 4357 agentes;
2524 4289 2628 4342 hoc
2690 4293 2808 4346 est,
2866 4274 3017 4335 extra
3078 4279 3364 4335 ecclesiam

1806 4368 2031 4435 omnino
2058 4380 2393 4445 consistant,
2442 4380 2496 4432 in
2529 4379 2647 4432 loco
2671 4374 2916 4429 videlicet
2953 4370 3194 4426 ﬂentium
3214 4412 3231 4436 ,
3266 4371 3365 4426 do-

1804 4486 1904 4527 nec
1928 4472 1980 4524 in
2009 4473 2287 4525 communi
2328 4478 2591 4525 conventu
2638 4465 2808 4520 sancti
2842 4463 2910 4519 de
2953 4463 3124 4533 ipsius
3161 4462 3364 4517 delibe-

128 4559 187 4610 δὲ
218 4558 252 4627 ἢ
288 4558 413 4619 τοὺς
444 4558 769 4621 ἐπισκόπους
800 4560 989 4624 καλεῖ,
1023 4560 1054 4630 ἢ
1093 4562 1219 4623 τοὺς
1256 4563 1479 4625 πιστοὺς
1519 4560 1700 4626 ἁπλῶς

1806 4570 1945 4616 rent.
1996 4560 2227 4617 Sanctus
2261 4577 2421 4631 porro
2448 4568 2539 4611 aut
2572 4558 2855 4625 episcopos
2889 4566 3077 4618 vocat,
3110 4564 3205 4609 aut
3233 4554 3366 4609 sim—

131 4651 278 4705 κατά
311 4650 398 4703 τὸν
432 4648 601 4719 μέγαν
635 4651 929 4704 ἀπόστολον
960 4652 1189 4706 Παῦλον.
1228 4652 1300 4704 Τὸ
1326 4652 1402 4717 δὲ,
1435 4654 1549 4721 πρὸ
1597 4656 1701 4707 αὐ-

131 4744 253 4797 τῶν
273 4740 353 4806 τῷ
384 4742 528 4811 ἁγίῳ
553 4743 887 4811 Πνεύματι,.
919 4747 1187 4817 ἐπήγαγε,
1220 4746 1465 4810 δεικνὺς,
1492 4748 1573 4801 ὅτι
1602 4749 1702 4802 ὅσα

133 4835 193 4885 ὲν
223 4836 381 4905 κοινῇ
418 4833 696 4903 διασκέψει
733 4836 1137 4906 οίκονομοῠνται
1185 4838 1335 4908 παρὰ
1370 4833 1699 4901 ἐπισκόπων,

131 4926 166 4993 ἢ
203 4928 301 4979 καὶ
329 4927 512 4990 ἀπλῶς
536 4924 643 4980 τῶν
666 4925 891 4988 πιστῶν,
925 4928 985 4979 τὺ
1004 4928 1156 4996 ᾶγιον
1186 4929 1409 4999 Πνεῦμα
1451 4930 1703 5001 ὑποτίθη-

132 5032 220 5069 σιν
249 5017 395 5072 αὺτά
421 5020 534 5082 τοῖς
562 5017 688 5089 περὶ
719 5016 895 5070 αὐτῶν
925 5018 1419 5090 διασκεπτομὲνοις.

750 5199 987 5254 ΚΑΝΩΝ
1020 5202 1107 5257 H'.

207 5305 231 5339 ι
274 5287 412 5360 Περὶ
440 5290 547 5345 τῶν
575 5292 741 5355 οἴκοις
777 5289 1072 5359 ἀλλοτρίοις
1114 5293 1357 5347 ἐπελθεῖν
1401 5293 1699 5364 τολμησάν-

136 5398 156 5430 σ
192 5395 308 5432 των
345 5382 402 5433 ὲν
432 5385 496 5451 τῇ
525 5383 634 5436 τῶν
664 5382 948 5455 βαρϐάρων
968 5382 1250 5454 ἐπιδρομῇ.
1280 5386 1419 5447 Τοὺς
1448 5384 1503 5436 δὲ
1535 5384 1699 5455 οἴκοις

138 5490 160 5524 ι
196 5471 499 5541 ἀλλοτρίοις
530 5476 772 5529 ἐπελθεῖν
799 5474 1169 5544 τολμήσαντας
1192 5514 1206 5537 .
1256 5476 1349 5529 ἐὰν
1392 5477 1492 5545 μὲν
1535 5490 1699 5542 κατη-

140 5581 159 5615 ι
199 5559 529 5633 τορηθέντες
557 5566 873 5638 ἐλεγχθῶσι,
902 5564 1033 5635 μηδὲ
1058 5564 1157 5633 τῆς
1183 5565 1495 5636 ἀκροάσεως
1536 5562 1700 5628 ἀξιῶ-

140 5673 161 5705 (
200 5670 323 5706 σαιο
348 5652 449 5707 ,ιάν
492 5652 548 5706 δὶ
572 5656 769 5719 αὐτοὺς
803 5655 1053 5721 ὲξείπωσι
1087 5652 1179 5705 καὶ
1212 5655 1511 5719 ἀποδῶσιν,
1544 5656 1601 5709 ὲν
1633 5654 1719 5722 τῇ.

144 5766 164 5798 ι
198 5744 310 5801 τῶν
335 5745 776 5818 ὑποστρεψάντων
803 5749 951 5815 τάξει
982 5747 1318 5802 ὑποπίπτειν.
1362 5767 1381 5799 ι

1275 5870 1305 5905 ο

1801 4654 2012 4724 pliciter
2072 4653 2294 4715 ﬁdeles,
2362 4648 2541 4718 magni
2602 4646 2757 4701 Pauli
2807 4648 3035 4716 apostoﬁ
3094 4646 3359 4716 exemplo.

1805 4745 1895 4799 an
1939 4756 2118 4800 autem
2162 4742 2357 4804 verba,
2406 4752 2527 4792 ante
2572 4740 2712 4809 ipso:
2743 4739 2967 4809 Spiritui
2990 4752 3203 4801 sancto,
3239 4737 3362 4790 ideo

1804 4834 2078 4903 adjunxit,
2126 4840 2184 4884 ut
2224 4844 2560 4898 quaecunque
2607 4831 2663 4883 in
2716 4829 2992 4884 communi
3028 4826 3251 4881 consilio
3292 4825 3361 4879 ab

1802 4926 2090 4999 episcopis,
2121 4924 2201 4977 vel
2222 4922 2382 4977 etiam
2409 4938 2440 4976 a
2469 4918 3147 4992 quibuscunque-lidelibus
3170 4917 3360 4972 decer-

1804 5029 2025 5080 nuntur,
2056 5014 2316 5083 Spiritum
2340 5025 2586 5072 sanctum
2631 5029 2696 5067 ea
2715 5007 3131 5066 deliberantibus
3168 5022 3361 5077 sugge-

1804 5120 1924 5159 rere
1950 5103 2301 5158 demonstret.

2379 5190 2604 5250 CANON
2642 5188 2769 5244 VIII.

1879 5304 1896 5337 ι
1943 5286 2018 5341 De
2058 5286 2128 5342 iis
2158 5280 2483 5357 quialienas
2511 5285 2697 5339 domos
2719 5280 2982 5333 hostiliter
3010 5279 3213 5349 ingredi
3240 5281 3359 5335 ausi

1809 5392 1825 5423 ι
1874 5387 2004 5429 sunt
2048 5377 2104 5429 in
2154 5376 2508 5432 barbarorum
2542 5371 2866 5425 incursione.
2909 5366 3017 5422 Eos
3058 5379 3237 5424 autem
3266 5370 3360 5439 qui

1810 5484 1827 5515 ι
1874 5466 2081 5522 alienas
2115 5468 2305 5522 domos
2347 5463 2597 5519 invadere
2625 5458 2743 5512 ausi
2773 5457 3005 5523 fuerint,
3046 5461 3090 5513 si
3122 5460 3359 5513 acctﬁatl

1809 5576 1826 5607 ι
1874 5558 2093 5626 quidem
2134 5558 2367 5613 convicti
2416 5553 2651 5616 fuerint,
2717 5565 2817 5603 nec
2856 5551 3128 5605 auditione
3166 5552 3360 5620 dignos

1807 5667 1825 5700 ι
1873 5649 2201 5704 existimare.
2231 5648 2325 5701 Sin
2351 5654 2530 5699 autem
2568 5642 2855 5696 iudicarint
2884 5658 2943 5696 se
2974 5644 3119 5711 ipsos
3150 5658 3212 5695 ac
3240 5643 3360 5696 red—

1807 5759 1825 5792 ι
1872 5740 2145 5807 diderint,
2212 5742 2265 5793 in
2314 5752 2499 5793 eorum
2546 5737 2638 5807 qui
2686 5746 3067 5790 convertuntur
3117 5734 3357 5789 ordinet!

1812 5854 1827 5885 ι
1875 5836 2163 5891 substerni.
2196 5854 2215 5885 ι
