4094 6354
703 562 839 626 1045

1814 565 1867 621 S.
1910 564 2236 622 GltEGORll
2276 564 2778 622 THAUMATURGI

3776 573 3905 628 1044

772 687 929 738 ΒΑιε.
966 678 1258 749 Postquam
1298 689 1517 734 sanctus
1547 658 1727 734 fusius
1752 680 2057 737 tractaverit
2085 679 2152 733 de
2189 679 2256 734 iis

2425 679 2616 732 ΒΑΛΣ.
2649 681 2978 751 Παχυμερῶς
3008 679 3272 734 διαλαϐὼν
3291 685 3320 736 ό
3340 683 3490 752 ἅγιος
3524 685 3653 755 περὶ
3685 686 3787 738 τῶν
3815 690 3907 759 ἁρ-

694 777 790 846 qui
833 783 1143 835 rapuerunt.
1185 774 1263 824 vel
1310 771 1663 840 quorumdam
1693 771 2022 839 captivorum
2051 785 2137 824 res
2171 770 2254 821 in-

698 873 1004 927 venerunt,
1056 862 1196 930 quod
1260 862 1322 913 ad
1380 876 1658 927 poenarum
1710 860 1971 914 rationem
2019 859 2252 923 attinet;

702 949 846 1009 nunc
874 967 1089 1021 quoque
1117 949 1321 1020 SpeCies
1349 951 1690 1018 pmiiitentize,
1723 949 1837 1004 sive
1867 949 2257 1003 ecclesiastica-

707 1061 828 1098 rum
870 1060 1145 1113 [uenarum
1191 1043 1376 1110 incipit
1409 1041 1607 1094 dicere.
1658 1040 1722 1094 Et
1781 1040 1964 1094 statim
2013 1039 2254 1092 decernit

703 1148 763 1191 ut
807 1152 905 1190 nec
949 1145 1091 1190 stent
1122 1150 1242 1188 cum
1277 1133 1656 1196 audientibus,
1695 1131 1798 1186 sed
1845 1146 1966 1195 cum
2016 1129 2258 1184 deﬂenti-

703 1228 823 1289 bus,
860 1235 1008 1279 extra
1040 1207 1352 1284 ecclesiam,
1397 1223 1488 1289 qui
1534 1236 1643 1274 rem
1691 1222 1886 1288 captivi
1922 1230 2256 1288 rapuerunt,

700 1326 756 1371 et
786 1332 902 1370 eam
933 1331 1038 1369 non
1081 1319 1450 1374 restituerunt,
1479 1313 1571 1365 sed
1604 1311 1999 1364 accusationem
2042 1321 2094 1364 et
2132 1325 2258 1379 pro-

703 1409 973 1462 bationem
1013 1413 1387 1479 exspectarunt
1433 1411 1644 1469 propter
1708 1400 2101 1453 inﬁtiationem.
2152 1400 2258 1452 Eos

701 1508 882 1551 autem
922 1497 1012 1564 qui
1057 1511 1113 1548 se
1154 1495 1304 1564 ipsos
1329 1493 1648 1555 detulerunt,
1679 1499 1732 1543 et
1769 1506 1867 1545 sua
1910 1500 2101 1558 sponte
2139 1505 2258 1556 quae

702 1586 995 1647 abstulere,
1037 1582 1160 1638 ante
1190 1585 1453 1637 actionem
1505 1582 1787 1642 dederunt,
1821 1582 2011 1633 statuit
2041 1589 2098 1633 ut
2129 1596 2256 1648 pro-

705 1686 825 1745 pter
848 1676 1208 1743 pmnitentiam
1235 1683 1661 1740 comprecantur,
1693 1687 1788 1726 seu
1811 1675 2108 1727 consistant
2134 1687 2256 1726 cum

704 1766 980 1829 ﬁdelibus;
1013 1763 1423 1818 substernantnr
1476 1771 1653 1814 autem
1701 1762 1840 1823 illis,
1887 1776 1952 1814 eo
1989 1761 2130 1829 quod
2161 1776 2256 1812 co-

703 1867 906 1925 guntur
944 1856 1124 1924 egredi
1161 1842 1282 1907 cum
1323 1852 1742 1907 eatecbumenis.
1788 1854 1864 1905 Ac
1908 1852 1990 1905 lex
2040 1851 2255 1919 quidem

704 1946 1064 2000 ecclesiastica
1100 1958 1192 1996 eos
1231 1943 1310 1996 sic
1341 1945 1512 2009 punit.
1557 1940 1666 1994 Lex
1704 1955 1831 1995 vero
1875 1940 2049 1994 civilis
2080 1949 2260 2008 rapto-

706 2053 795 2092 res
824 2035 964 2104 quod
988 2035 1053 2087 ab
1081 2034 1212 2101 ipsis
1244 2043 1453 2100 raptum
1486 2041 1566 2084 est
1591 2032 1750 2083 etiam
1782 2039 1901 2083 ante
1933 2031 2259 2083 condemna-

706 2130 906 2182 tionem
955 2127 1274 2189 oﬂ‘crcntcs,
1334 2138 1438 2175 non
1473 2123 1747 2185 admittit,
1797 2122 1886 2174 sed
1945 2121 2262 2174 condemnat

706 2220 763 2272 in
809 2218 1184 2287 quadruplum.
1256 2215 1391 2268 Dicit
1433 2214 1574 2266 enim
1621 2229 1742 2280 cap.
1793 2211 1845 2273 6,
1904 2212 1972 2264 17
2026 2212 2145 2273 tit.,
2195 2226 2260 2262 ιι

705 2309 801 2364 lib.
834 2326 846 2362 :
883 2307 1086 2376 Raptor
1126 2321 1283 2375 paena
1315 2321 1418 2357 non
1445 2305 1700 2357 liberatur
1731 2305 1996 2358 oblatione
2020 2305 2092 2357 rei
2139 2313 2262 2359 ante

705 2402 874 2455 litem.
935 2398 995 2451 Et
1041 2399 1213 2450 thema
1266 2397 1294 2448 7
1323 2435 1337 2458 ,
1383 2410 1496 2464 cap.
1539 2395 1574 2447 2
1617 2397 1855 2464 ejusdem
1921 2395 2009 2448 lib.
2044 2405 2097 2449 et
2127 2395 2206 2448 tit.
2243 2410 2258 2447 :

706 2491 848 2544 Intra
895 2505 1094 2542 annum
1150 2503 1334 2538 verum
1383 2486 1610 2552 pretium
1676 2487 2103 2554 quadruplatur,
2155 2499 2260 2539 neu

708 2591 886 2634 autem
937 2579 988 2632 id
1044 2578 1185 2645 quod
1248 2577 1489 2629 interest.
1555 2575 1707 2638 Quod
1753 2585 1929 2635 autem
1993 2576 2080 2630 hic
2134 2576 2264 2629 dicit

708 2685 929 2724 sanetus
960 2667 1026 2720 de
1068 2668 1134 2720 iis
1175 2667 1267 2734 qui
1317 2678 1440 2719 ante
1476 2666 1976 2719 condemnationem
2019 2674 2073 2719 et
2106 2681 2264 2720 accu-

709 2760 969 2813 sationem
1018 2773 1129 2810 rem
1169 2759 1486 2822 restituunt,
1529 2758 1614 2811 lex
1661 2759 1808 2826 jubet
1840 2759 1889 2811 id
1924 2758 2036 2811 ﬁeri
2078 2758 2130 2810 in
2174 2773 2265 2814 eos

708 2849 803 2918 qui
862 2850 1060 2918 aliquid
1127 2866 1191 2904 ex
1257 2851 1439 2918 aliquo
1503 2859 1689 2904 mctu‘
1725 2842 2071 2919 acceperunt.
2130 2837 2268 2907 Dicit

706 2941 851 2994 enim
886 2940 918 2993 5
957 2941 1170 3008 thema,
1217 2941 1284 2995 l5
1324 2957 1467 3009 cap.,
1490 2941 1523 2995 Ξ
1568 2942 1671 3008 ιὶι.,
1696 2958 1728 2996 x
1774 2942 1902 2995 lib.:
1935 2941 2088 2997 Actio
2113 2944 2266 3012 cujus

709 3040 886 3084 metus
922 3046 1114 3097 causa,
1156 3043 1238 3086 est
1265 3033 1468 3097 libera;
1503 3041 1557 3087 et
1593 3032 1715 3087 licet
1750 3033 1798 3087 ei
1825 3034 2081 3088 adversus
2107 3050 2264 3103 quem

713 3122 913 3191 agitur,
943 3121 1008 3174 ad
1040 3123 1355 3175 sententiam
1388 3139 1558 3191 usque
1584 3138 1696 3177 rem
1739 3124 2040 3185 restituere,
2075 3133 2129 3178 et
2157 3139 2263 3177 non

714 3217 843 3266 dare
892 3214 1270 3281 quadruplum.
1327 3214 1418 3266 Est
1480 3223 1658 3267 autem
1712 3221 1768 3267 et
1817 3213 1915 3267 alia
1969 3213 2266 3267 diﬁcrentia

2358 771 2645 822 πασάντων
2673 771 2705 840 ἢ
2739 771 3044 840 εὑρηκότων
3077 773 3370 842 πράγματά
3397 791 3557 827 τινων
3584 776 3909 845 αἰχμαλωτι-

2357 860 2588 913 σθέντων
2611 898 2625 921 ,
2675 861 2792 912 ὅσον
2834 849 2972 923 τέως
2998 864 3076 924 εἰς
3115 863 3206 914 τὸν
3234 863 3387 931 λόγον
3440 865 3550 918 τῶν
3597 868 3903 937 ἐπιτιμίωνι

2356 951 2482 1022 ἄρτι
2508 950 2600 1002 καὶ
2625 950 2690 1002 τὰ
2723 951 2834 1023 εἴδη
2875 952 2975 1020 τῆς
3011 953 3293 1021 μετανοίας
3325 957 3441 1026 ἦτοι
3474 956 3583 1009 τῶν
3627 958 3904 1029 ἐκκλησια-

2357 1039 2554 1092 πικῶν
2585 1041 2867 1110 ἐπιτιμίων
2893 1041 3115 1112 ἄρχεται
3139 1043 3332 1110 λέγειν.
3374 1046 3483 1098 Καὶ
3516 1048 3709 1100 αὐτίκα
3752 1050 3909 1118 διορί-
3963 1085 3975 1098 .

2360 1131 2531 1194 ζεται,
2584 1130 2671 1182 ἵνα
2729 1131 2858 1200 μηδὲ
2912 1131 3047 1200 μετά
3083 1131 3188 1184 τῶν
3223 1134 3582 1203 ἀκροωμένων
3633 1137 3899 1198 ἱστῶνται,

2355 1220 2489 1273 ἀλλὰ
2535 1220 2669 1290 μετὰ
2709 1222 2816 1275 τῶν
2857 1224 3287 1293 προσκλαιόντων
3342 1225 3537 1288 ἔξωθεν
3573 1229 3671 1296 τῆς
3719 1231 3911 1298 ἐκκλη-

2359 1314 2477 1374 σίας
2499 1352 2513 1374 ,
2532 1314 2581 1364 οἱ
2611 1313 2947 1382 ἁρπάσαντες
2973 1314 3208 1366 τοιοῦτόν
3221 1331 3273 1367 τι
3301 1318 3527 1385 πρᾶγμα
3545 1319 3906 1387 αἰχμαλώτου,

2357 1405 2450 1455 καὶ
2485 1404 2556 1474 μὴ
2585 1405 2696 1454 ἀντι
2707 1405 3027 1474 στρέψαντες
3043 1404 3192 1469 αὐτὸ,
3218 1405 3349 1458 ἀλλά
3365 1408 3753 1476 ἀναμείναντες
3770 1426 3906 1462 κατ-

2363 1488 2591 1564 ὴγορίαν
2637 1496 2729 1546 καὶ
2753 1495 2968 1563 ἔλεγχον
2986 1495 3073 1548 διὰ
3099 1495 3196 1565 τὴν
3239 1495 3483 1566 ἄρνησιν.
3522 1499 3660 1561 Τοὺς
3699 1499 3755 1551 δι
3785 1502 3909 1553 ἑαυ-

2356 1587 2479 1648 τοὺς
2509 1586 2997 1655 προσαγγείλαντας
3024 1590 3116 1640 καὶ
3140 1587 3326 1650 δόντας
3353 1587 3653 1651 καλοθελῶς
3671 1590 3774 1658 πρὸ
3793 1593 3911 1642 ἀνα·

2357 1672 2538 1740 γωγῆς
2573 1673 2607 1724 ἃ
2642 1673 2948 1739 ἀφείλοντο,
2991 1674 3279 1744 διορίζεται
3308 1676 3396 1728 διὰ
3427 1677 3523 1745 τὴν
3556 1679 3911 1746 μεταμέλειαν

2359 1760 2726 1830 συνεύχεσθαι,
2755 1762 2918 1828 ἡγουν
2949 1764 3322 1828 συνίστασθαι,
3363 1765 3498 1834 μετά
3527 1767 3635 1817 τῶν
3673 1770 3908 1820 πιστῶν·

2359 1852 2680 1903 ὑποπίπτειν
2707 1850 2763 1902 δὲ
2790 1851 2964 1904 αὐτῶν
2985 1851 3070 1904 διὰ
3097 1852 3157 1903 τὸ
3181 1855 3578 1921 ἀναγκάζεσθαι
3600 1857 3913 1927 ἐξέρχεσθαι

2363 1957 2497 2012 μετα
2524 1941 2630 1994 τῶν
2663 1942 3096 2012 κατηχουμένων.
3133 1945 3241 1996 Καὶ
3280 1949 3308 1997 ό
3333 1947 3428 2015 μὲν
3464 1948 3912 2017 ἐκκλησιαστικδς

2361 2033 2522 2101 νόμος
2544 2033 2682 2086 οὕτω
2711 2033 2931 2094 τούτους
2960 2032 3172 2096 κολάζει
3192 2051 3203 2064 ο
3231 2037 3258 2086 ό
3287 2037 3343 2088 δὲ
3371 2039 3642 2101 πολιτικὸς
3667 2041 3790 2102 τοὺς
3819 2039 3916 2111 iﬁ-

2361 2138 2538 2189 παγας
2566 2125 2657 2176 καὶ
2689 2123 2793 2194 πρὸ
2817 2125 3106 2194 καταδίκης
3139 2128 3504 2194 προσάγοντας
3532 2128 3592 2180 τὸ
3620 2129 3708 2181 ὑπ’
3736 2131 3916 2182 αὐτῶν

2362 2214 2605 2284 ἀρπαγὲν
2635 2215 2694 2266 οὑ
2727 2214 3107 2284 προσδέχεται,
3156 2216 3267 2269 ἀλλ’
3313 2221 3392 2280 εἰς
3430 2219 3489 2270 τὸ
3525 2220 3916 2288 τετραπλάσιον

2362 2304 2721 2367 καταδικάζει.
2749 2306 2885 2373 Φησὶ
2909 2306 3016 2374 γὰρ
3040 2323 3165 2375 κεφ.
3192 2313 3264 2370 ς’,
3293 2308 3384 2360 τοῦ
3412 2311 3476 2372 ιζ’
3525 2309 3721 2372 τίτλου,
3757 2311 3850 2362 τοῦ
3873 2314 3914 2377 ξ’

2364 2397 2562 2467 βιϐλίου
2583 2415 2596 2430 ι
2639 2399 2696 2450 '0
2723 2397 2905 2468 ἅρπαξ
2936 2400 3034 2451 οὑκ
3060 2399 3451 2455 ἀπαλλάττεται
3467 2403 3566 2471 τῆς
3598 2403 3788 2472 ποινῆς
3812 2405 3918 2472 πρὸ

2360 2489 2457 2558 τῆς
2483 2488 2636 2558 δίκης
2665 2490 2951 2560 προσάγων
2992 2491 3052 2542 τὸ
3099 2493 3346 2562 πρᾶγμα.
3390 2494 3495 2544 Καὶ
3539 2494 3677 2562 θεμα
3726 2493 3790 2558 ξ’,
3824 2495 3920 2547 τοῦ

2349 2579 2407 2648 ,β’
2454 2579 2642 2646 κεφαλ.
2685 2578 2776 2632 τοῦ
2812 2579 2972 2633 αὐτοῦ
3002 2580 3203 2649 βιϐλίου
3220 2581 3500 2634 καίτίτλου
3521 2599 3534 2611 ·
3564 2584 3706 2635 Εἶσω
3738 2586 3920 2636 ἐνιαυ-

2363 2668 2455 2721 τοῦ
2484 2669 2542 2721 τὸ
2574 2669 2768 2737 ἀληθὲς
2814 2669 2908 2722 τοῦ
2943 2671 3259 2740 πράγματος
3295 2672 3505 2741 τίμημα
3525 2673 3925 2743 τετραπλασιά-

2367 2759 2533 2825 ζεται,
2555 2761 2614 2813 ού
2641 2762 2746 2831 μὴν
2769 2761 2829 2813 τὸ
2856 2761 3129 2832 διαφέρον.
3159 2763 3330 2831 Ὅπερ
3349 2762 3404 2814 δέ
3433 2780 3597 2833 φησιν
3634 2764 3868 2818 ἐνταῦθα
3899 2768 3926 2816 ὁ

2367 2849 2518 2914 ἅγιος
2539 2849 2695 2920 χάριν
2731 2849 2838 2901 τῶν
2871 2849 2977 2917 πρὸ
3006 2849 3297 2919 καταδίκης
3329 2851 3423 2902 καὶ
3470 2851 3800 2920 κατηγορίας
3844 2851 3926 2901 δι-

2365 2940 2555 2993 δόντων
2579 2941 2640 2994 τδ
2669 2940 2987 3009 ἀφαιρεθὲν,
3020 2940 3176 2992 τοῦτο
3212 2942 3240 2992 ὁ
3281 2939 3442 3010 νόμος
3489 2939 3925 3008 παρακελεύεται

2367 3029 2609 3095 γίνεσθαι
2635 3033 2714 3091 εἰς
2743 3031 2867 3092 τοὺς
2902 3030 3038 3083 κατά
3072 3030 3233 3097 φόϐον
3261 3030 3519 3090 λαϐόντας
3561 3048 3612 3081 τι
3652 3032 3714 3081 ἐκ
3760 3031 3925 3089 τινός.

2367 3120 2500 3191 Φησὶ
2529 3121 2637 3191 γὰρ
2659 3121 2718 3173 τὸ
2749 3126 2785 3171 ε’
2815 3119 2972 3188 θέμα,
3019 3118 3112 3170 τοῦ
3143 3125 3207 3185 ιγ’
3251 3119 3462 3186 κεφαλ.,
3499 3118 3594 3171 τοῦ
3636 3118 3676 3188 β’
3713 3120 3919 3177 τίτλου,

2367 3211 2461 3264 τοῦ
2492 3211 2713 3265 δεκάτου
2748 3211 2977 3281 βιϐλίου’
3042 3211 3105 3265 Ἢ
3143 3210 3229 3264 διὰ
3271 3210 3430 3280 φόϐον
3461 3211 3695 3274 αἱτίασις
3731 3213 3926 3280 αἰρετὴ

715 3318 904 3356 eorum
937 3303 1027 3370 qui
1067 3304 1118 3354 vi
1175 3319 1259 3355 res
1308 3303 1578 3362 auferunt.
1626 3314 1680 3356 et
1722 3318 1910 3358 eorum
1943 3306 2033 3374 qui
2064 3305 2263 3372 aliquid

2369 3304 2482 3357 ἐστι
2501 3321 2513 3334 ’
2543 3305 2636 3356 καὶ
2663 3303 2835 3366 ἔξεστι
2860 3302 2934 3372 τῷ
2967 3302 3274 3373 ὲναγομένῳ
3308 3303 3465 3374 μέχρι
3490 3303 3674 3373 ,ψήφου
3713 3304 3928 3354 ἀποκα-

720 3396 788 3448 ab
815 3396 996 3464 aliquo
1021 3401 1164 3456 metu
1191 3393 1477 3460 accipiunt.
1534 3396 1788 3462 Raptores
1832 3397 1972 3450 enim
2007 3414 2109 3450 una
2140 3412 2262 3451 cum

718 3484 1002 3553 quadrupii
1029 3483 1378 3537 retributione
1401 3483 1557 3535 etiam
1582 3484 1935 3550 infamantur;
1971 3489 2061 3555 qni
2089 3497 2263 3540 autem

717 3587 920 3628 metum
963 3575 1276 3638 intulerunt,
1327 3573 1379 3625 in
1414 3573 1807 3627 existimatione
1850 3584 2054 3630 tantum
2095 3579 2264 3631 labem

720 3664 957 3729 aliquam
986 3667 1328 3718 contrahunt.

798 3939 992 3993 ZONAR.
1025 3941 1122 4006 Qui
1148 3958 1270 3995 vero
1290 3946 1489 3997 alienas
1516 3944 1706 3998 domos
1738 3945 2048 3996 invaserunt
2081 3959 2273 4011 resque

726 4035 849 4088 inde
884 4035 1209 4102 surripuere,
1259 4036 1354 4098 illi,
1392 4038 1580 4103 inquit,
1615 4039 1658 4090 si
1688 4037 1902 4105 quidem
1931 4036 2165 4088 accusati
2211 4051 2274 4089 ac

726 4134 1079 4194 pernegantes
1122 4125 1347 4178 convicti
1393 4124 1606 4190 fuerint,
1637 4145 1758 4182 cum
1806 4129 1871 4181 iis
1914 4127 2114 4195 pariter
2140 4142 2276 4193 quos

726 4235 890 4285 supra
924 4217 1159 4271 diximus
1196 4219 1262 4271 ab
1301 4219 1573 4271 auditione
1608 4236 1818 4288 quoque
1857 4221 2274 4288 prohibeantur,

727 4317 888 4375 atque
913 4309 964 4360 in
989 4310 1226 4362 ﬂentium
1255 4310 1496 4363 ordinem
1530 4311 1860 4377 relegentnr;
1894 4313 1974 4366 sin
2010 4323 2185 4365 autem
2223 4325 2278 4364 se

729 4400 879 4466 ipsos
907 4397 1232 4464 detexerint,
1273 4409 1366 4453 aut
1409 4411 1532 4453 ante
1576 4402 1967 4454 accusationem
2008 4404 2278 4456 occultum

729 4488 934 4539 crimen
965 4489 1196 4541 confessi
1227 4489 1444 4553 fuerint,
1473 4506 1664 4560 resque
1690 4491 1892 4543 ablatas
1921 4493 2276 4556 reddiderint,

2365 3393 2624 3462 ταστῆσαι
2651 3392 2709 3444 τὸ
2736 3393 2980 3460 πρᾶγμα,
3012 3394 3104 3446 καὶ
3135 3394 3206 3462 μὴ
3249 3391 3428 3445 δοῦναι
3465 3393 3524 3444 τὸ
3569 3391 3924 3461 τετραπλοῦν.

2370 3484 2524 3534 Ἔστι
2551 3483 2607 3534 δὲ
2630 3485 2721 3535 καὶ
2747 3483 2904 3552 ἑτέρα
2933 3483 3158 3554 διαφορὰ
3177 3484 3280 3535 τῶν
3303 3483 3484 3552 βιαίως
3511 3481 3926 3550 ἀφαιρουμένω-

2369 3577 2661 3645 πράγματα
2685 3579 2774 3628 καὶ
2798 3576 2902 3627 τῶν
2944 3576 3080 3628 κατὰ
3112 3577 3270 3643 φόϐον
3304 3575 3677 3642 λαμϐανόντων
3721 3592 3773 3625 τι
3813 3573 3928 3626 ἀπό

2367 3683 2506 3728 τινος
2532 3684 2543 3694 ·
2571 3667 2620 3717 οἰ
2650 3668 2745 3735 μὲν
2768 3667 2874 3734 γὰρ
2899 3668 3141 3735 ἅρπαγες
3186 3668 3280 3716 σὺν
3320 3667 3384 3734 τῇ
3421 3665 3670 3716 ἀποδόσει
3707 3664 3803 3716 τοῦ
3833 3682 3928 3716 τε-

2369 3755 2605 3824 τραπλοῦ
2643 3757 2735 3808 καὶ
2781 3755 3122 3823 ἀτιμοῦνται”
3169 3756 3216 3806 οἱ
3254 3755 3308 3805 δὲ
3355 3753 3513 3822 φόϐον
3538 3757 3929 3822 ἐπαγαγόντες,

2372 3845 2680 3898 σπιλοῦνται
2712 3847 2864 3914 μόνον
2892 3844 3030 3896 κατὰ
3055 3845 3148 3913 τὴν
3177 3844 3459 3913 ὑπόληψιν.

2442 3935 2683 3987 ΖΩΝΑῬ.
2713 3935 2778 3985 Οἶ
2804 3950 2944 3994 τινες
2973 3933 3026 3985 δὲ
3055 3933 3284 4001 ἐπῆλθον
3309 3934 3477 3996 οἴκοις
3500 3933 3792 4004 ἀλλοτρίοις
3836 3935 3933 3986 καὶ

2371 4027 2621 4095 ἥρπασαν
2649 4023 2850 4075 ἐκεῖθεν
2883 4025 2983 4092 χρή
2995 4041 3150 4092 ματα,
3191 4018 3352 4089 οὗτοι,
3386 4026 3568 4094 φησιν,
3589 4027 3634 4076 εί
3655 4031 3772 4094 μὲν,
3793 4043 3929 4076 κατ-

2375 4113 2730 4185 ηγορηθέντες
2791 4114 2882 4165 καὶ
2924 4115 3272 4185 ἀρνούμενοι,
3325 4103 3684 4183 ἐλεγχθῶσιν,
3727 4116 3932 4183 ὁμοίως

2375 4211 2486 4269 τοίς
2518 4207 2924 4276 προειρημένοις
2945 4209 3036 4261 καὶ
3063 4209 3162 4278 τῆς
3187 4209 3496 4279 ἀκροάσεως
3521 4206 3931 4266 κωλυέσθωσαν,

2378 4298 2469 4349 καὶ
2505 4296 2640 4365 μετά
2671 4297 2777 4349 τῶν
2807 4298 3235 4368 προσκλαιόντων
3261 4296 3627 4366 τετάχθωσαν·
3658 4297 3782 4349 εἰδὲ
3808 4298 3934 4348 ἑαυο

2377 4386 2503 4447 τοὺς
2534 4384 2835 4450 ἐξείπωσιν,
2863 4390 2893 4458 ἢ
2924 4390 3020 4458 πρὲ
3057 4387 3147 4440 τοῦ
3194 4387 3630 4457 κατηγορηθῆναι
3678 4388 3937 4456 ὁμολογή-

2381 4491 2544 4527 σωσιν
2571 4477 2920 4546 ἀγνοούμενον
2941 4480 3000 4528 τὸ
3022 4473 3338 4546 ἁμάρτημα,
3357 4477 3448 4528 καὶ
3469 4477 3708 4529 ἀποδοῖεν
3723 4478 3757 4529 ἀ
3780 4477 3937 4543 ἀφεί-

730 4576 1128 4628 Constituantur
1176 4579 1226 4628 in
1275 4595 1459 4632 eorum
1491 4581 1677 4633 ordine
1710 4580 1800 4648 qui
1833 4596 1860 4632 a
1898 4591 2113 4646 peccato
2159 4598 2267 4635 con-

2379 4569 2546 4627 λοντο,
2576 4568 2809 4622 ἔστωσαν
2836 4573 2891 4623 ἐν
2925 4574 3032 4632 τοῖς
3061 4569 3486 4638 ὑποστρέφουσιν
3515 4571 3622 4622 ἀπὸ
3640 4570 3935 4639 ἁμαρτίας,

731 4674 1035 4726 vertuntur,
1081 4666 1179 4718 hoc
1220 4679 1320 4730 est,
1363 4671 1546 4723 ordine
1591 4671 2006 4733 substratorun‘r,
2036 4671 2126 4737 qui
2160 4688 2267 4724 cun

2385 4661 2624 4712 τουτέστι
2649 4663 2742 4730 τῆς
2780 4663 2979 4727 τάξεως
3002 4661 3107 4713 τῶν
3129 4662 3554 4722 ὑποπιπτόντων,
3581 4663 3768 4722 οἵτινες
3802 4661 3938 4710 Cmo-

733 4756 982 4810 ﬁdelibus
1027 4757 1236 4823 quidem
1272 4769 1551 4823 precantur
1587 4764 1837 4830 templum
1870 4763 2147 4825 intrantes,
2184 4777 2283 4815 caa—

735 4858 910 4901 terum
935 4849 1612 4919 more'eatecbumenornm
1645 4855 2008 4920 egrediuntur.

1336 4938 1557 4993 CANDN
1605 4943 1692 4995 IX.

815 5050 836 5082 ο
870 5033 941 5085 De
975 5033 1040 5084 iis
1064 5033 1153 5098 qui
1179 5033 1229 5084 in
1263 5047 1391 5098 agro
1422 5033 1503 5083 vel
1532 5033 1581 5083 in
1607 5035 1806 5086 {edibus
1835 5039 1946 5089 suis
1988 5053 2072 5095 ea,
2105 5051 2223 5103 quae
2255 5051 2285 5086 a

745 5138 766 5172 ι
811 5123 1056 5176 barbaris
1086 5124 1262 5177 relicta
1290 5133 1435 5182 sunt.
1478 5124 1812 5175 invenerunt.
1849 5125 1953 5178 Eos
1991 5140 2164 5178 autem
2195 5127 2284 5193 qui

747 5229 768 5260 ι
815 5214 864 5266 in
903 5231 1089 5282 campo
1128 5217 1327 5282 aliquid
1379 5216 1717 5273 iin'em-runt,
1746 5216 1824 5265 vel
1871 5217 1918 5266 in
1951 5219 2062 5271 suis
2085 5220 2287 5272 Ledibns

748 5321 767 5350 ε
816 5320 842 5353 a
875 5307 1113 5361 barbaris
1151 5309 1418 5369 relictum,
1456 5309 1498 5360 si
1534 5307 1768 5376 accusati
1800 5306 2012 5372 quidem
2061 5312 2286 5365 convicti

749 5409 770 5440 ς
817 5394 1027 5462 fuerint,
1061 5401 1164 5452 sint
1191 5401 1438 5451 similiter
1467 5402 1602 5452 inter
1619 5414 1710 5451 eos
1734 5399 1822 5465 qui
1848 5398 2286 5466 substernuntur;

750 5504 770 5531 c
818 5486 894 5536 ~in
925 5503 1098 5543 autem
1131 5508 1185 5543 se
1211 5492 1354 5558 ipsos
1384 5490 1740 5543 detulerintet
1761 5488 2105 5550 reddiderint,
2131 5493 2288 5543 etiam

750 5592 769 5618 ‹
819 5577 1058 5638 precibu<
1088 5580 1233 5646 digni
1276 5579 1593 5630 habeantur.
1645 5598 1660 5628 ι

817 5659 971 5714 ΒΑιδ.
1023 5664 1224 5718 Dictum
1270 5679 1351 5720 est
1398 5669 1644 5735 superius
1670 5668 1734 5721 de
1765 5668 1830 5722 iis
1868 5667 1956 5733 qui
2013 5664 2198 5715 dicunt
2235 5682 2292 5717 se

745 5748 1014 5802 invenisse
1030 5767 1111 5804 res
1124 5758 1457 5821 captivorum
1483 5757 1748 5825 neglectui
1770 5757 2004 5818 habitas,
2029 5763 2081 5805 et
2107 5767 2292 5805 earum

744 5839 846 5893 sibi
891 5840 1265 5907 proprietatem
1294 5845 1616 5901 vindicasse.
1647 5846 1801 5903 Nunc
1848 5857 2024 5900 autem
2055 5843 2294 5896 decernit

741 5941 983 5998 sanctus,
1006 5945 1097 5984 eos
1123 5933 1213 5998 qui
1234 5949 1318 5986 res
1352 5939 1683 6002 captivorum
1713 5939 1765 5992 in
1791 5939 2042 5993 domibus
2067 5937 2287 5990 invene-

2390 4752 2728 4820 συνεύχονται
2763 4755 2858 4822 μὲν
2883 4756 2990 4814 τοῖς
3017 4753 3221 4811 πιστοῖς
3265 4753 3519 4818 εἰσιόντες
3548 4755 3624 4816 εἰς
3659 4751 3748 4803 τὸν
3787 4753 3936 4814 ναὸν,

2387 4846 2689 4915 ἐξέρχονται
2713 4847 2765 4896 δὲ
2795 4848 2869 4909 ὠς
2890 4849 2937 4897 οἱ
2972 4843 3374 4913 κατηχούμενοι.

2978 4936 3213 4990 ΚΛΝΩΝ
3263 4935 3337 4989 ϐ’.

2463 5047 2480 5077 ι
2517 5029 2650 5099 Περὶ
2692 5031 2796 5083 τῶν
2844 5032 2900 5081 ὲν
2927 5027 3003 5098 τῷ
3048 5026 3211 5095 πεδίῳ
3239 5026 3270 5097 ἢ
3303 5019 3375 5079 Δὲν
3413 5029 3524 5087 τοῖς
3576 5024 3723 5083 ἰδίοις
3769 5024 3942 5084 οἴκοις

2393 5137 2410 5168 ι
2448 5120 2706 5188 εὑρόντων
2750 5121 2817 5174 τὰ
2867 5119 2970 5172 ὑπὸ
3020 5117 3124 5169 τῶν
3164 5117 3446 5188 βαρϐάρων
3494 5108 3935 5179 καταλειφθέντα.

2395 5231 2412 5261 ι
2448 5213 2582 5274 Τοὺς
2608 5213 2662 5264 δὲ
2708 5215 2763 5263 ἐν
2811 5212 2972 5278 πεδίῳ
3002 5209 3254 5279 εὑρόντας
3298 5227 3350 5262 τι
3393 5209 3426 5278 ἦ
3467 5209 3524 5257 ὲν
3567 5208 3683 5266 ταῖς
3730 5207 3940 5257 ἑαυτῶν

2395 5319 2411 5350 ι
2448 5301 2644 5363 οἰκίαις
2673 5299 3021 5364 καταλειφθὲν
3059 5297 3161 5350 ὑπὸ
3205 5299 3311 5362 τῶν
3352 5294 3666 5366 βαρϐάρων,
3696 5294 3791 5346 ἐὰν
3843 5297 3940 5364 μὲν

2395 5410 2413 5438 ι
2452 5389 2911 5459 κατηγορηθέντες
2955 5388 3275 5458 ἐλεγχθῶσιν
3296 5426 3311 5449 ,
3339 5386 3539 5454 ὁμοίως
3567 5385 3624 5435 ἐν
3663 5388 3772 5448 τοῖς
3804 5386 3942 5437 ὑπο.

2396 5500 2412 5529 ι
2457 5481 2767 5530 πίπτουσινε
2801 5475 2893 5527 ἐὰν
2933 5475 2988 5527 δὲ
3019 5477 3241 5538 ἑαυτοὺς
3264 5474 3519 5540 ἑξείπωσι
3547 5474 3639 5524 καὶ
3662 5472 3906 5525 ἀποδῶσι
3926 5511 3940 5533 ,

2396 5591 2414 5620 ι
2453 5573 2544 5623 καὶ
2572 5568 2667 5636 τῆς
2697 5567 2858 5634 εύχης
2886 5567 3128 5629 ἀξιῶσαι.
3162 5587 3179 5618 ι

2465 5661 2650 5712 ΒΑΛΣ.
2682 5659 2905 5725 Εἴρηται
2935 5657 3148 5710 ὄπισθεν
3175 5656 3301 5724 περὶ
3330 5651 3437 5705 τῶν
3477 5652 3736 5720 λεγόντων
3763 5650 3945 5719 εὑρεῖν

2389 5751 2754 5821 ἀνεπιμέλητα
2785 5747 2853 5800 τά
2882 5746 2988 5799 τῶν
3008 5777 3012 5781 -
3031 5743 3564 5816 αἰχμαλωτισθέντων
3619 5743 3946 5814 πράγματα,

2395 5845 2482 5894 καὶ
2514 5838 2820 5895 ἰδιώσασθαι
2851 5838 3003 5890 αὐτά.
3035 5837 3144 5890 Καὶ
3184 5833 3278 5886 νῦθ
3305 5834 3360 5886 δὲ
3401 5834 3687 5904 διορίζεται
3729 5837 3758 5885 ό
3787 5834 3949 5897 hunc

2394 5934 2515 5994 τοὺς
2548 5936 2603 5984 ἐν
2630 5933 2746 5991 ταῖς
2774 5930 2967 5989 οἰκίαις
2991 5926 3097 5980 τῶν
3125 5923 3656 5994 αἰχμαλωτισθέντων
3682 5921 3950 5991 εὑρόντας
