  <div class='ocr_page' id='page_1' title='image "/cluster/home/n/w/nwhite01/storage/ocr_20150623/10/pst.000005711901/540.png"; bbox 0 0 4094 6354; ppageno 0'>
   <div class='ocr_carea' id='block_1_1' title="bbox 191 489 340 547">
    <p class='ocr_par' dir='ltr' id='par_1_1' title="bbox 191 489 340 547">
     <span class='ocr_line' id='line_1_1' title="bbox 191 489 340 547; baseline 0.013 -2"><span class='ocrx_word' id='word_1_1' title='bbox 191 489 340 547; x_wconf 70' lang='grc'><strong>1045</strong></span> 
     </span>
    </p>
   </div>
   <div class='ocr_carea' id='block_1_2' title="bbox 1441 492 2176 548">
    <p class='ocr_par' dir='ltr' id='par_1_2' title="bbox 1441 492 2176 548">
     <span class='ocr_line' id='line_1_2' title="bbox 1441 492 2176 548; baseline 0 -2"><span class='ocrx_word' id='word_1_2' title='bbox 1441 492 1772 548; x_wconf 79' lang='lat' dir='ltr'><strong>EPISTOLA</strong></span> <span class='ocrx_word' id='word_1_3' title='bbox 1810 494 2176 547; x_wconf 66' lang='lat' dir='ltr'><strong>(ZANONICA.</strong></span> 
     </span>
    </p>
   </div>
   <div class='ocr_carea' id='block_1_3' title="bbox 3278 496 3411 550">
    <p class='ocr_par' dir='ltr' id='par_1_3' title="bbox 3278 496 3411 550">
     <span class='ocr_line' id='line_1_3' title="bbox 3278 496 3411 550; baseline 0.015 -2"><span class='ocrx_word' id='word_1_4' title='bbox 3278 496 3411 550; x_wconf 75' lang='lat' dir='ltr'><strong>lOiG</strong></span> 
     </span>
    </p>
   </div>
   <div class='ocr_carea' id='block_1_4' title="bbox 186 603 1765 676">
    <p class='ocr_par' dir='ltr' id='par_1_4' title="bbox 186 603 1760 676">
     <span class='ocr_line' id='line_1_4' title="bbox 186 603 1760 676; baseline 0.003 -22"><span class='ocrx_word' id='word_1_5' title='bbox 186 603 525 674; x_wconf 82' lang='grc' dir='ltr'>πράγματα,</span> <span class='ocrx_word' id='word_1_6' title='bbox 544 604 620 665; x_wconf 83' lang='grc' dir='ltr'>ὡς</span> <span class='ocrx_word' id='word_1_7' title='bbox 645 603 718 673; x_wconf 80' lang='grc' dir='ltr'>μὴ</span> <span class='ocrx_word' id='word_1_8' title='bbox 752 603 903 673; x_wconf 83' lang='grc' dir='ltr'><strong>παρά</strong></span> <span class='ocrx_word' id='word_1_9' title='bbox 929 603 1036 656; x_wconf 87' lang='grc' dir='ltr'><strong>τῶν</strong></span> <span class='ocrx_word' id='word_1_10' title='bbox 1065 603 1352 676; x_wconf 81' lang='grc' dir='ltr'>βαρϐάρων</span> <span class='ocrx_word' id='word_1_11' title='bbox 1383 605 1760 676; x_wconf 83' lang='grc' dir='ltr'><strong>ἀφαιρεθέντα,</strong></span> 
     </span>
    </p>
   </div>
   <div class='ocr_carea' id='block_1_5' title="bbox 1867 603 3399 676">
    <p class='ocr_par' dir='ltr' id='par_1_5' title="bbox 1867 606 3399 675">
     <span class='ocr_line' id='line_1_5' title="bbox 1867 606 3399 675; baseline 0.003 -18"><span class='ocrx_word' id='word_1_12' title='bbox 1867 617 2012 670; x_wconf 89' lang='lat' dir='ltr'><strong>runt,</strong></span> <span class='ocrx_word' id='word_1_13' title='bbox 2038 616 2219 675; x_wconf 90' lang='lat' dir='ltr'><strong>ulpote</strong></span> <span class='ocrx_word' id='word_1_14' title='bbox 2246 623 2350 659; x_wconf 91' lang='lat' dir='ltr'><strong>non</strong></span> <span class='ocrx_word' id='word_1_15' title='bbox 2391 625 2420 660; x_wconf 88' lang='lat' dir='ltr'><strong>a</strong></span> <span class='ocrx_word' id='word_1_16' title='bbox 2460 606 2702 660; x_wconf 87' lang='lat' dir='ltr'><strong>barbaris</strong></span> <span class='ocrx_word' id='word_1_17' title='bbox 2729 607 2955 667; x_wconf 82' lang='lat' dir='ltr'><strong>ablatas,</strong></span> <span class='ocrx_word' id='word_1_18' title='bbox 2983 607 3063 660; x_wconf 90' lang='lat' dir='ltr'><strong>vel</strong></span> <span class='ocrx_word' id='word_1_19' title='bbox 3093 607 3142 658; x_wconf 91' lang='lat' dir='ltr'><strong>in</strong></span> <span class='ocrx_word' id='word_1_20' title='bbox 3171 607 3268 660; x_wconf 78' lang='lat' dir='ltr'><strong>viis</strong></span> <span class='ocrx_word' id='word_1_21' title='bbox 3319 609 3399 661; x_wconf 85' lang='lat' dir='ltr'><strong>ab-</strong></span> 
     </span>
    </p>
   </div>
   <div class='ocr_carea' id='block_1_6' title="bbox 185 694 1757 772">
    <p class='ocr_par' dir='ltr' id='par_1_6' title="bbox 185 694 1757 772">
     <span class='ocr_line' id='line_1_6' title="bbox 185 694 1757 772; baseline 0.002 -25"><span class='ocrx_word' id='word_1_22' title='bbox 185 695 222 764; x_wconf 83' lang='grc' dir='ltr'>ἢ</span> <span class='ocrx_word' id='word_1_23' title='bbox 259 695 357 747; x_wconf 75' lang='grc' dir='ltr'><strong>καὶ</strong></span> <span class='ocrx_word' id='word_1_24' title='bbox 389 695 529 747; x_wconf 87' lang='grc' dir='ltr'><strong>κατά</strong></span> <span class='ocrx_word' id='word_1_25' title='bbox 555 695 651 756; x_wconf 81' lang='grc' dir='ltr'>τὰς</span> <span class='ocrx_word' id='word_1_26' title='bbox 697 694 846 757; x_wconf 77' lang='grc' dir='ltr'>ὁδοὺς</span> <span class='ocrx_word' id='word_1_27' title='bbox 889 695 1129 764; x_wconf 81' lang='grc' dir='ltr'><strong>ῥιφέντα,</strong></span> <span class='ocrx_word' id='word_1_28' title='bbox 1165 697 1252 750; x_wconf 83' lang='grc' dir='ltr'><strong>διὰ</strong></span> <span class='ocrx_word' id='word_1_29' title='bbox 1285 700 1345 752; x_wconf 84' lang='grc' dir='ltr'><strong>τὸ</strong></span> <span class='ocrx_word' id='word_1_30' title='bbox 1378 700 1540 772; x_wconf 84' lang='grc' dir='ltr'>βάρος</span> <span class='ocrx_word' id='word_1_31' title='bbox 1579 701 1757 769; x_wconf 77' lang='grc' dir='ltr'>τυχὸν,</span> 
     </span>
    </p>
   </div>
   <div class='ocr_carea' id='block_1_7' title="bbox 186 786 1762 861">
    <p class='ocr_par' dir='ltr' id='par_1_7' title="bbox 186 786 1762 861">
     <span class='ocr_line' id='line_1_7' title="bbox 186 786 1762 861; baseline 0.003 -22"><span class='ocrx_word' id='word_1_32' title='bbox 186 786 678 847; x_wconf 77' lang='grc' dir='ltr'>ἀπηκαθιστῶντας</span> <span class='ocrx_word' id='word_1_33' title='bbox 708 786 804 855; x_wconf 85' lang='grc' dir='ltr'><strong>μὲν</strong></span> <span class='ocrx_word' id='word_1_34' title='bbox 847 787 1200 858; x_wconf 77' lang='grc' dir='ltr'><strong>εὐγνωμόνως</strong></span> <span class='ocrx_word' id='word_1_35' title='bbox 1243 790 1310 842; x_wconf 84' lang='grc' dir='ltr'><strong>τά</strong></span> <span class='ocrx_word' id='word_1_36' title='bbox 1350 791 1656 861; x_wconf 79' lang='grc' dir='ltr'>εὑρεθέντα,</span> <span class='ocrx_word' id='word_1_37' title='bbox 1685 794 1762 853; x_wconf 87' lang='grc' dir='ltr'>εἰς</span> 
     </span>
    </p>
   </div>
   <div class='ocr_carea' id='block_1_8' title="bbox 185 877 1756 950">
    <p class='ocr_par' dir='ltr' id='par_1_8' title="bbox 185 877 1756 950">
     <span class='ocr_line' id='line_1_8' title="bbox 185 877 1756 950; baseline 0.003 -20"><span class='ocrx_word' id='word_1_38' title='bbox 185 877 286 930; x_wconf 79' lang='grc' dir='ltr'><strong>τὸν</strong></span> <span class='ocrx_word' id='word_1_39' title='bbox 336 878 497 930; x_wconf 84' lang='grc' dir='ltr'>τόπον</span> <span class='ocrx_word' id='word_1_40' title='bbox 545 878 792 930; x_wconf 78' lang='grc' dir='ltr'><strong>ἵστασθαι</strong></span> <span class='ocrx_word' id='word_1_41' title='bbox 834 879 925 931; x_wconf 80' lang='grc' dir='ltr'><strong>τὸν</strong></span> <span class='ocrx_word' id='word_1_42' title='bbox 960 880 1160 934; x_wconf 85' lang='grc' dir='ltr'>τέλειον</span> <span class='ocrx_word' id='word_1_43' title='bbox 1195 881 1330 950; x_wconf 87' lang='grc' dir='ltr'><strong>μετά</strong></span> <span class='ocrx_word' id='word_1_44' title='bbox 1367 883 1475 935; x_wconf 90' lang='grc' dir='ltr'><strong>τῶν</strong></span> <span class='ocrx_word' id='word_1_45' title='bbox 1518 883 1722 935; x_wconf 83' lang='grc' dir='ltr'>πιστῶν</span> <span class='ocrx_word' id='word_1_46' title='bbox 1745 900 1756 912; x_wconf 80' lang='grc'><em>’</em></span> 
     </span>
    </p>
   </div>
   <div class='ocr_carea' id='block_1_9' title="bbox 186 969 1759 1037">
    <p class='ocr_par' dir='ltr' id='par_1_9' title="bbox 186 969 1759 1037">
     <span class='ocr_line' id='line_1_9' title="bbox 186 969 1759 1037; baseline 0.003 -16"><span class='ocrx_word' id='word_1_47' title='bbox 186 971 238 1021; x_wconf 85' lang='grc' dir='ltr'>εἰ</span> <span class='ocrx_word' id='word_1_48' title='bbox 272 969 333 1022; x_wconf 83' lang='grc' dir='ltr'>δὲ</span> <span class='ocrx_word' id='word_1_49' title='bbox 361 969 815 1032; x_wconf 82' lang='grc' dir='ltr'>καταδικασθῶσι,</span> <span class='ocrx_word' id='word_1_50' title='bbox 844 970 1130 1024; x_wconf 80' lang='grc' dir='ltr'>τάττεσθαι</span> <span class='ocrx_word' id='word_1_51' title='bbox 1161 973 1256 1025; x_wconf 84' lang='grc' dir='ltr'><strong>σὺν</strong></span> <span class='ocrx_word' id='word_1_52' title='bbox 1285 977 1397 1037; x_wconf 86' lang='grc' dir='ltr'>τοῖς</span> <span class='ocrx_word' id='word_1_53' title='bbox 1431 975 1759 1027; x_wconf 84' lang='grc' dir='ltr'>ὑποπίπτου-</span> 
     </span>
    </p>
   </div>
   <div class='ocr_carea' id='block_1_10' title="bbox 188 1060 1764 1134">
    <p class='ocr_par' dir='ltr' id='par_1_10' title="bbox 188 1060 1764 1134">
     <span class='ocr_line' id='line_1_10' title="bbox 188 1060 1764 1134; baseline 0.003 -22"><span class='ocrx_word' id='word_1_54' title='bbox 188 1075 302 1120; x_wconf 87' lang='grc' dir='ltr'>σιν,</span> <span class='ocrx_word' id='word_1_55' title='bbox 330 1061 496 1128; x_wconf 73' lang='grc' dir='ltr'>ἦγουν</span> <span class='ocrx_word' id='word_1_56' title='bbox 521 1060 836 1130; x_wconf 80' lang='grc' dir='ltr'>ἐξέρχεσθαι</span> <span class='ocrx_word' id='word_1_57' title='bbox 867 1062 1002 1131; x_wconf 86' lang='grc' dir='ltr'><strong>μετά</strong></span> <span class='ocrx_word' id='word_1_58' title='bbox 1030 1063 1137 1115; x_wconf 88' lang='grc' dir='ltr'><strong>τῶν</strong></span> <span class='ocrx_word' id='word_1_59' title='bbox 1168 1065 1608 1134; x_wconf 84' lang='grc' dir='ltr'>κατηχουμένων.</span> <span class='ocrx_word' id='word_1_60' title='bbox 1633 1063 1764 1116; x_wconf 79' lang='grc' dir='ltr'>Του-</span> 
     </span>
    </p>
   </div>
   <div class='ocr_carea' id='block_1_11' title="bbox 185 1151 1763 1222">
    <p class='ocr_par' dir='ltr' id='par_1_11' title="bbox 185 1151 1763 1222">
     <span class='ocr_line' id='line_1_11' title="bbox 185 1151 1763 1222; baseline 0.002 -18"><span class='ocrx_word' id='word_1_61' title='bbox 185 1168 302 1204; x_wconf 86' lang='grc' dir='ltr'>των</span> <span class='ocrx_word' id='word_1_62' title='bbox 332 1151 504 1214; x_wconf 81' lang='grc' dir='ltr'>οῦτως</span> <span class='ocrx_word' id='word_1_63' title='bbox 548 1153 778 1222; x_wconf 90' lang='grc' dir='ltr'>ἐχόντων</span> <span class='ocrx_word' id='word_1_64' title='bbox 799 1195 813 1218; x_wconf 89' lang='grc'><strong>,</strong></span> <span class='ocrx_word' id='word_1_65' title='bbox 845 1155 986 1206; x_wconf 79' lang='grc' dir='ltr'>είποι</span> <span class='ocrx_word' id='word_1_66' title='bbox 1028 1171 1132 1218; x_wconf 86' lang='grc' dir='ltr'>τις,</span> <span class='ocrx_word' id='word_1_67' title='bbox 1162 1155 1237 1218; x_wconf 85' lang='grc' dir='ltr'><strong>ῶς</strong></span> <span class='ocrx_word' id='word_1_68' title='bbox 1267 1156 1328 1207; x_wconf 79' lang='grc' dir='ltr'>τὸ</span> <span class='ocrx_word' id='word_1_69' title='bbox 1353 1155 1510 1208; x_wconf 72' lang='grc' dir='ltr'>οὕτω</span> <span class='ocrx_word' id='word_1_70' title='bbox 1547 1157 1763 1220; x_wconf 78' lang='grc' dir='ltr'>κολάζε-</span> 
     </span>
    </p>
   </div>
   <div class='ocr_carea' id='block_1_12' title="bbox 190 1243 1761 1318">
    <p class='ocr_par' dir='ltr' id='par_1_12' title="bbox 190 1243 1761 1318">
     <span class='ocr_line' id='line_1_12' title="bbox 190 1243 1761 1318; baseline 0.004 -24"><span class='ocrx_word' id='word_1_71' title='bbox 190 1243 324 1295; x_wconf 82' lang='grc' dir='ltr'>σθαι</span> <span class='ocrx_word' id='word_1_72' title='bbox 365 1244 490 1306; x_wconf 79' lang='grc' dir='ltr'>τοὺς</span> <span class='ocrx_word' id='word_1_73' title='bbox 527 1245 892 1314; x_wconf 82' lang='grc' dir='ltr'>ἀναμένοντας</span> <span class='ocrx_word' id='word_1_74' title='bbox 943 1247 1240 1316; x_wconf 77' lang='grc' dir='ltr'>καταδίκην</span> <span class='ocrx_word' id='word_1_75' title='bbox 1282 1249 1440 1318; x_wconf 83' lang='grc' dir='ltr'>χάριν</span> <span class='ocrx_word' id='word_1_76' title='bbox 1484 1247 1761 1316; x_wconf 84' lang='grc' dir='ltr'>ἀντιστρο-</span> 
     </span>
    </p>
   </div>
   <div class='ocr_carea' id='block_1_13' title="bbox 189 1335 1760 1408">
    <p class='ocr_par' dir='ltr' id='par_1_13' title="bbox 189 1335 1760 1408">
     <span class='ocr_line' id='line_1_13' title="bbox 189 1335 1760 1408; baseline 0.001 -22"><span class='ocrx_word' id='word_1_77' title='bbox 189 1335 302 1404; x_wconf 79' lang='grc' dir='ltr'><strong>φῆς</strong></span> <span class='ocrx_word' id='word_1_78' title='bbox 352 1335 444 1388; x_wconf 87' lang='grc' dir='ltr'><strong>τοῦ</strong></span> <span class='ocrx_word' id='word_1_79' title='bbox 470 1336 793 1406; x_wconf 80' lang='grc' dir='ltr'>εὑρέματος,</span> <span class='ocrx_word' id='word_1_80' title='bbox 823 1336 1154 1390; x_wconf 85' lang='grc' dir='ltr'>δικαιότατόν</span> <span class='ocrx_word' id='word_1_81' title='bbox 1209 1340 1354 1390; x_wconf 85' lang='grc' dir='ltr'>ἐστιν</span> <span class='ocrx_word' id='word_1_82' title='bbox 1379 1379 1393 1400; x_wconf 92' lang='grc'><strong>,</strong></span> <span class='ocrx_word' id='word_1_83' title='bbox 1445 1339 1525 1389; x_wconf 80' lang='grc' dir='ltr'>ὅτι</span> <span class='ocrx_word' id='word_1_84' title='bbox 1575 1339 1664 1390; x_wconf 78' lang='grc' dir='ltr'>καὶ</span> <span class='ocrx_word' id='word_1_85' title='bbox 1697 1341 1760 1408; x_wconf 74' lang='grc' dir='ltr'>τῇ</span> 
     </span>
    </p>
   </div>
   <div class='ocr_carea' id='block_1_14' title="bbox 187 1425 1764 1498">
    <p class='ocr_par' dir='ltr' id='par_1_14' title="bbox 187 1425 1764 1498">
     <span class='ocr_line' id='line_1_14' title="bbox 187 1425 1764 1498; baseline 0.003 -22"><span class='ocrx_word' id='word_1_86' title='bbox 187 1426 330 1496; x_wconf 74' lang='grc' dir='ltr'>περὶ</span> <span class='ocrx_word' id='word_1_87' title='bbox 371 1425 578 1495; x_wconf 77' lang='grc' dir='ltr'>κλοπῆς</span> <span class='ocrx_word' id='word_1_88' title='bbox 609 1430 796 1497; x_wconf 85' lang='grc' dir='ltr'>ἀγωγῇ</span> <span class='ocrx_word' id='word_1_89' title='bbox 831 1429 1135 1498; x_wconf 78' lang='grc' dir='ltr'>ἐνέχονται,</span> <span class='ocrx_word' id='word_1_90' title='bbox 1169 1427 1310 1481; x_wconf 85' lang='grc' dir='ltr'><strong>κατά</strong></span> <span class='ocrx_word' id='word_1_91' title='bbox 1355 1429 1446 1481; x_wconf 87' lang='grc' dir='ltr'><strong>τὸν</strong></span> <span class='ocrx_word' id='word_1_92' title='bbox 1485 1429 1646 1497; x_wconf 89' lang='grc' dir='ltr'>νόμον</span> <span class='ocrx_word' id='word_1_93' title='bbox 1674 1429 1764 1480; x_wconf 82' lang='grc' dir='ltr'><strong>τὸν</strong></span> 
     </span>
    </p>
   </div>
   <div class='ocr_carea' id='block_1_15' title="bbox 188 1516 1764 1592">
    <p class='ocr_par' dir='ltr' id='par_1_15' title="bbox 188 1516 1764 1592">
     <span class='ocr_line' id='line_1_15' title="bbox 188 1516 1764 1592; baseline 0.002 -23"><span class='ocrx_word' id='word_1_94' title='bbox 188 1516 456 1585; x_wconf 63' lang='grc' dir='ltr'>λὲγονταο</span> <span class='ocrx_word' id='word_1_95' title='bbox 519 1518 769 1589; x_wconf 82' lang='grc' dir='ltr'>Κλέπτης</span> <span class='ocrx_word' id='word_1_96' title='bbox 828 1521 974 1572; x_wconf 67' lang='grc' dir='ltr'>ἐστὶν</span> <span class='ocrx_word' id='word_1_97' title='bbox 1027 1523 1055 1574; x_wconf 88' lang='grc' dir='ltr'><strong>ό</strong></span> <span class='ocrx_word' id='word_1_98' title='bbox 1096 1521 1157 1573; x_wconf 70' lang='grc' dir='ltr'><strong>τὸ</strong></span> <span class='ocrx_word' id='word_1_99' title='bbox 1201 1520 1477 1591; x_wconf 85' lang='grc' dir='ltr'>ἀλλότριον</span> <span class='ocrx_word' id='word_1_100' title='bbox 1534 1522 1764 1592; x_wconf 78' lang='grc' dir='ltr'>πρᾶγμα</span> 
     </span>
    </p>
   </div>
   <div class='ocr_carea' id='block_1_16' title="bbox 186 1607 1761 1680">
    <p class='ocr_par' dir='ltr' id='par_1_16' title="bbox 186 1607 1761 1680">
     <span class='ocr_line' id='line_1_16' title="bbox 186 1607 1761 1680; baseline 0.002 -21"><span class='ocrx_word' id='word_1_101' title='bbox 186 1608 463 1677; x_wconf 77' lang='grc' dir='ltr'>ψηλαφῶν</span> <span class='ocrx_word' id='word_1_102' title='bbox 495 1609 645 1680; x_wconf 90' lang='grc' dir='ltr'><strong>παρά</strong></span> <span class='ocrx_word' id='word_1_103' title='bbox 674 1607 896 1679; x_wconf 80' lang='grc' dir='ltr'>γνώμην</span> <span class='ocrx_word' id='word_1_104' title='bbox 930 1610 1023 1663; x_wconf 90' lang='grc' dir='ltr'><strong>τοῦ</strong></span> <span class='ocrx_word' id='word_1_105' title='bbox 1054 1611 1310 1665; x_wconf 79' lang='grc' dir='ltr'>δεσπότου</span> <span class='ocrx_word' id='word_1_106' title='bbox 1353 1613 1410 1663; x_wconf 82' lang='grc' dir='ltr'><strong>ὲν</strong></span> <span class='ocrx_word' id='word_1_107' title='bbox 1447 1611 1643 1680; x_wconf 83' lang='grc' dir='ltr'>εἰδήσει</span> <span class='ocrx_word' id='word_1_108' title='bbox 1671 1611 1761 1663; x_wconf 88' lang='grc' dir='ltr'><strong>τοῦ</strong></span> 
     </span>
    </p>
   </div>
   <div class='ocr_carea' id='block_1_17' title="bbox 187 1700 1765 1768">
    <p class='ocr_par' dir='ltr' id='par_1_17' title="bbox 187 1700 1765 1768">
     <span class='ocr_line' id='line_1_17' title="bbox 187 1700 1765 1768; baseline 0.001 -16"><span class='ocrx_word' id='word_1_109' title='bbox 187 1700 440 1768; x_wconf 71' lang='grc' dir='ltr'>λυπῆσαι</span> <span class='ocrx_word' id='word_1_110' title='bbox 481 1701 662 1753; x_wconf 77' lang='grc' dir='ltr'>αὐτόν.</span> <span class='ocrx_word' id='word_1_111' title='bbox 700 1701 771 1752; x_wconf 86' lang='grc' dir='ltr'><strong>Τὸ</strong></span> <span class='ocrx_word' id='word_1_112' title='bbox 802 1701 858 1753; x_wconf 85' lang='grc' dir='ltr'><strong>δὲ</strong></span> <span class='ocrx_word' id='word_1_113' title='bbox 902 1701 1249 1755; x_wconf 84' lang='grc' dir='ltr'>συνίστασθαι</span> <span class='ocrx_word' id='word_1_114' title='bbox 1280 1705 1390 1765; x_wconf 83' lang='grc' dir='ltr'>τοῖς</span> <span class='ocrx_word' id='word_1_115' title='bbox 1414 1705 1640 1764; x_wconf 82' lang='grc' dir='ltr'>πιστοῖς,</span> <span class='ocrx_word' id='word_1_116' title='bbox 1675 1703 1765 1754; x_wconf 78' lang='grc' dir='ltr'><strong>καὶ</strong></span> 
     </span>
    </p>
   </div>
   <div class='ocr_carea' id='block_1_18' title="bbox 191 1791 1764 1865">
    <p class='ocr_par' dir='ltr' id='par_1_18' title="bbox 191 1791 1764 1865">
     <span class='ocr_line' id='line_1_18' title="bbox 191 1791 1764 1865; baseline 0.001 -21"><span class='ocrx_word' id='word_1_117' title='bbox 191 1793 362 1861; x_wconf 83' lang='grc' dir='ltr'>μόνον</span> <span class='ocrx_word' id='word_1_118' title='bbox 399 1793 474 1863; x_wconf 83' lang='grc' dir='ltr'>μὴ</span> <span class='ocrx_word' id='word_1_119' title='bbox 520 1791 796 1856; x_wconf 79' lang='grc' dir='ltr'>ἀξιοῦσθαι</span> <span class='ocrx_word' id='word_1_120' title='bbox 833 1794 889 1846; x_wconf 82' lang='grc' dir='ltr'>δὲ</span> <span class='ocrx_word' id='word_1_121' title='bbox 933 1794 1040 1846; x_wconf 87' lang='grc' dir='ltr'><strong>τῶν</strong></span> <span class='ocrx_word' id='word_1_122' title='bbox 1091 1795 1444 1864; x_wconf 84' lang='grc' dir='ltr'>ἀγιασμάτων</span> <span class='ocrx_word' id='word_1_123' title='bbox 1481 1796 1569 1846; x_wconf 83' lang='grc' dir='ltr'><strong>τὸν</strong></span> <span class='ocrx_word' id='word_1_124' title='bbox 1602 1812 1764 1865; x_wconf 84' lang='grc' dir='ltr'>προσ-</span> 
     </span>
    </p>
   </div>
   <div class='ocr_carea' id='block_1_19' title="bbox 1857 697 3409 767">
    <p class='ocr_par' dir='ltr' id='par_1_19' title="bbox 1857 697 3409 767">
     <span class='ocr_line' id='line_1_19' title="bbox 1857 697 3409 767; baseline 0 -17"><span class='ocrx_word' id='word_1_125' title='bbox 1857 698 1954 765; x_wconf 82' lang='lat' dir='ltr'><strong>ject</strong></span> <span class='ocrx_word' id='word_1_126' title='bbox 1966 713 2044 758; x_wconf 88' lang='lat' dir='ltr'><strong>as,</strong></span> <span class='ocrx_word' id='word_1_127' title='bbox 2071 700 2297 752; x_wconf 75' lang='lat' dir='ltr'><strong>fortasse</strong></span> <span class='ocrx_word' id='word_1_128' title='bbox 2313 709 2525 767; x_wconf 85' lang='lat' dir='ltr'><strong>propter</strong></span> <span class='ocrx_word' id='word_1_129' title='bbox 2543 699 2770 766; x_wconf 90' lang='lat' dir='ltr'><strong>pondus,</strong></span> <span class='ocrx_word' id='word_1_130' title='bbox 2791 699 3032 752; x_wconf 85' lang='lat' dir='ltr'><strong>inventas</strong></span> <span class='ocrx_word' id='word_1_131' title='bbox 3048 697 3260 765; x_wconf 82' lang='lat' dir='ltr'><strong>quidem</strong></span> <span class='ocrx_word' id='word_1_132' title='bbox 3273 699 3409 751; x_wconf 90' lang='lat' dir='ltr'><strong>bona</strong></span> 
     </span>
    </p>
   </div>
   <div class='ocr_carea' id='block_1_20' title="bbox 1862 789 3411 864">
    <p class='ocr_par' dir='ltr' id='par_1_20' title="bbox 1862 789 3411 864">
     <span class='ocr_line' id='line_1_20' title="bbox 1862 789 3411 864; baseline -0.001 -21"><span class='ocrx_word' id='word_1_133' title='bbox 1862 792 1964 844; x_wconf 84' lang='lat' dir='ltr'><strong>lide</strong></span> <span class='ocrx_word' id='word_1_134' title='bbox 1991 791 2357 854; x_wconf 83' lang='lat' dir='ltr'><strong>restituentes,</strong></span> <span class='ocrx_word' id='word_1_135' title='bbox 2388 790 2439 842; x_wconf 93' lang='lat' dir='ltr'><strong>in</strong></span> <span class='ocrx_word' id='word_1_136' title='bbox 2469 789 2703 858; x_wconf 79' lang='lat' dir='ltr'><strong>perfecto</strong></span> <span class='ocrx_word' id='word_1_137' title='bbox 2721 790 2884 858; x_wconf 85' lang='lat' dir='ltr'><strong>gradu</strong></span> <span class='ocrx_word' id='word_1_138' title='bbox 2910 799 3053 844; x_wconf 88' lang='lat' dir='ltr'><strong>stare</strong></span> <span class='ocrx_word' id='word_1_139' title='bbox 3086 789 3279 844; x_wconf 83' lang='lat' dir='ltr'><strong>debere</strong></span> <span class='ocrx_word' id='word_1_140' title='bbox 3291 806 3411 864; x_wconf 84' lang='lat' dir='ltr'><strong>cum</strong></span> 
     </span>
    </p>
   </div>
   <div class='ocr_carea' id='block_1_21' title="bbox 1862 879 3414 945">
    <p class='ocr_par' dir='ltr' id='par_1_21' title="bbox 1862 879 3414 945">
     <span class='ocr_line' id='line_1_21' title="bbox 1862 879 3414 945; baseline 0 -13"><span class='ocrx_word' id='word_1_141' title='bbox 1862 880 2127 934; x_wconf 84' lang='lat' dir='ltr'><strong>ﬁdelibus.</strong></span> <span class='ocrx_word' id='word_1_142' title='bbox 2158 882 2252 933; x_wconf 72' lang='lat' dir='ltr'><strong>Sin</strong></span> <span class='ocrx_word' id='word_1_143' title='bbox 2280 889 2456 932; x_wconf 89' lang='lat' dir='ltr'><strong>autem</strong></span> <span class='ocrx_word' id='word_1_144' title='bbox 2491 879 2833 932; x_wconf 88' lang='lat' dir='ltr'><strong>condemnati</strong></span> <span class='ocrx_word' id='word_1_145' title='bbox 2895 880 3115 945; x_wconf 80' lang='lat' dir='ltr'><strong>fuerint,</strong></span> <span class='ocrx_word' id='word_1_146' title='bbox 3165 881 3414 935; x_wconf 89' lang='lat' dir='ltr'><strong>collocari</strong></span> 
     </span>
    </p>
   </div>
   <div class='ocr_carea' id='block_1_22' title="bbox 1862 972 3415 1040">
    <p class='ocr_par' dir='ltr' id='par_1_22' title="bbox 1862 972 3415 1040">
     <span class='ocr_line' id='line_1_22' title="bbox 1862 972 3415 1040; baseline 0.003 -16"><span class='ocrx_word' id='word_1_147' title='bbox 1862 987 1983 1024; x_wconf 92' lang='lat' dir='ltr'><strong>cum</strong></span> <span class='ocrx_word' id='word_1_148' title='bbox 2017 972 2084 1024; x_wconf 89' lang='lat' dir='ltr'><strong>iis</strong></span> <span class='ocrx_word' id='word_1_149' title='bbox 2116 973 2207 1038; x_wconf 88' lang='lat' dir='ltr'><strong>qui</strong></span> <span class='ocrx_word' id='word_1_150' title='bbox 2227 972 2666 1036; x_wconf 87' lang='lat' dir='ltr'><strong>substernuntur,</strong></span> <span class='ocrx_word' id='word_1_151' title='bbox 2693 972 2893 1025; x_wconf 89' lang='lat' dir='ltr'><strong>scilicet</strong></span> <span class='ocrx_word' id='word_1_152' title='bbox 2917 973 3097 1040; x_wconf 80' lang='lat' dir='ltr'><strong>egredi</strong></span> <span class='ocrx_word' id='word_1_153' title='bbox 3121 988 3242 1026; x_wconf 93' lang='lat' dir='ltr'><strong>cum</strong></span> <span class='ocrx_word' id='word_1_154' title='bbox 3267 983 3415 1029; x_wconf 88' lang='lat' dir='ltr'><strong>cate-</strong></span> 
     </span>
    </p>
   </div>
   <div class='ocr_carea' id='block_1_23' title="bbox 1863 1059 3414 1131">
    <p class='ocr_par' dir='ltr' id='par_1_23' title="bbox 1863 1059 3414 1131">
     <span class='ocr_line' id='line_1_23' title="bbox 1863 1059 3414 1131; baseline 0.003 -19"><span class='ocrx_word' id='word_1_155' title='bbox 1863 1062 2166 1115; x_wconf 87' lang='lat' dir='ltr'><strong>chumenis.</strong></span> <span class='ocrx_word' id='word_1_156' title='bbox 2185 1059 2309 1114; x_wconf 73' lang='lat' dir='ltr'><strong>Haec</strong></span> <span class='ocrx_word' id='word_1_157' title='bbox 2321 1076 2444 1114; x_wconf 89' lang='lat' dir='ltr'><strong>enm</strong></span> <span class='ocrx_word' id='word_1_158' title='bbox 2467 1061 2538 1114; x_wconf 87' lang='lat' dir='ltr'><strong>ita</strong></span> <span class='ocrx_word' id='word_1_159' title='bbox 2561 1076 2616 1116; x_wconf 85' lang='lat' dir='ltr'><strong>se</strong></span> <span class='ocrx_word' id='word_1_160' title='bbox 2642 1062 2892 1126; x_wconf 88' lang='lat' dir='ltr'><strong>habeant,</strong></span> <span class='ocrx_word' id='word_1_161' title='bbox 2916 1062 3110 1114; x_wconf 91' lang='lat' dir='ltr'><strong>dixerit</strong></span> <span class='ocrx_word' id='word_1_162' title='bbox 3127 1065 3414 1131; x_wconf 87' lang='lat' dir='ltr'><strong>quispiam,</strong></span> 
     </span>
    </p>
   </div>
   <div class='ocr_carea' id='block_1_24' title="bbox 1863 1155 3417 1225">
    <p class='ocr_par' dir='ltr' id='par_1_24' title="bbox 1863 1155 3417 1225">
     <span class='ocr_line' id='line_1_24' title="bbox 1863 1155 3417 1225; baseline 0.001 -17"><span class='ocrx_word' id='word_1_163' title='bbox 1863 1173 1956 1210; x_wconf 81' lang='lat' dir='ltr'><strong>eos</strong></span> <span class='ocrx_word' id='word_1_164' title='bbox 1990 1157 2068 1209; x_wconf 89' lang='lat' dir='ltr'><strong>sic</strong></span> <span class='ocrx_word' id='word_1_165' title='bbox 2098 1157 2294 1223; x_wconf 87' lang='lat' dir='ltr'><strong>puniri,</strong></span> <span class='ocrx_word' id='word_1_166' title='bbox 2324 1156 2415 1225; x_wconf 90' lang='lat' dir='ltr'><strong>qui</strong></span> <span class='ocrx_word' id='word_1_167' title='bbox 2449 1171 2547 1224; x_wconf 88' lang='lat' dir='ltr'><strong>pro</strong></span> <span class='ocrx_word' id='word_1_168' title='bbox 2575 1172 2632 1208; x_wconf 88' lang='lat' dir='ltr'><strong>re</strong></span> <span class='ocrx_word' id='word_1_169' title='bbox 2661 1155 2874 1209; x_wconf 85' lang='lat' dir='ltr'><strong>inventa</strong></span> <span class='ocrx_word' id='word_1_170' title='bbox 2908 1157 3231 1210; x_wconf 88' lang='lat' dir='ltr'><strong>restituenda</strong></span> <span class='ocrx_word' id='word_1_171' title='bbox 3287 1174 3417 1210; x_wconf 88' lang='lat' dir='ltr'><strong>con-</strong></span> 
     </span>
    </p>
   </div>
   <div class='ocr_carea' id='block_1_25' title="bbox 1865 1246 3414 1318">
    <p class='ocr_par' dir='ltr' id='par_1_25' title="bbox 1865 1246 3414 1318">
     <span class='ocr_line' id='line_1_25' title="bbox 1865 1246 3414 1318; baseline 0 -16"><span class='ocrx_word' id='word_1_172' title='bbox 1865 1249 2262 1302; x_wconf 83' lang='lat' dir='ltr'><strong>demnationein</strong></span> <span class='ocrx_word' id='word_1_173' title='bbox 2306 1257 2644 1315; x_wconf 80' lang='lat' dir='ltr'><strong>exspectant,</strong></span> <span class='ocrx_word' id='word_1_174' title='bbox 2688 1262 2806 1302; x_wconf 87' lang='lat' dir='ltr'><strong>esse</strong></span> <span class='ocrx_word' id='word_1_175' title='bbox 2836 1246 3195 1315; x_wconf 75' lang='lat' dir='ltr'><strong>iustissimum</strong></span> <span class='ocrx_word' id='word_1_176' title='bbox 3220 1289 3238 1313; x_wconf 89' lang='lat'><strong>,</strong></span> <span class='ocrx_word' id='word_1_177' title='bbox 3273 1267 3414 1318; x_wconf 87' lang='lat' dir='ltr'><strong>quo-</strong></span> 
     </span>
    </p>
   </div>
   <div class='ocr_carea' id='block_1_26' title="bbox 1865 1337 3413 1405">
    <p class='ocr_par' dir='ltr' id='par_1_26' title="bbox 1865 1337 3413 1405">
     <span class='ocr_line' id='line_1_26' title="bbox 1865 1337 3413 1405; baseline 0.001 -13"><span class='ocrx_word' id='word_1_178' title='bbox 1865 1339 2011 1392; x_wconf 91' lang='lat' dir='ltr'><strong>niam</strong></span> <span class='ocrx_word' id='word_1_179' title='bbox 2043 1337 2172 1391; x_wconf 80' lang='lat' dir='ltr'><strong>furti</strong></span> <span class='ocrx_word' id='word_1_180' title='bbox 2201 1353 2415 1405; x_wconf 90' lang='lat' dir='ltr'><strong>quoque</strong></span> <span class='ocrx_word' id='word_1_181' title='bbox 2446 1337 2658 1391; x_wconf 86' lang='lat' dir='ltr'><strong>actione</strong></span> <span class='ocrx_word' id='word_1_182' title='bbox 2689 1347 2970 1403; x_wconf 88' lang='lat' dir='ltr'><strong>tenentur,</strong></span> <span class='ocrx_word' id='word_1_183' title='bbox 3002 1339 3297 1394; x_wconf 89' lang='lat' dir='ltr'><strong>secundum</strong></span> <span class='ocrx_word' id='word_1_184' title='bbox 3339 1341 3413 1393; x_wconf 90' lang='lat' dir='ltr'><strong>le-</strong></span> 
     </span>
    </p>
   </div>
   <div class='ocr_carea' id='block_1_27' title="bbox 1865 1425 3417 1499">
    <p class='ocr_par' dir='ltr' id='par_1_27' title="bbox 1865 1425 3417 1499">
     <span class='ocr_line' id='line_1_27' title="bbox 1865 1425 3417 1499; baseline -0.001 -17"><span class='ocrx_word' id='word_1_185' title='bbox 1865 1445 2005 1499; x_wconf 85' lang='lat' dir='ltr'><strong>gem,</strong></span> <span class='ocrx_word' id='word_1_186' title='bbox 2034 1444 2155 1497; x_wconf 79' lang='lat' dir='ltr'><strong>qnze</strong></span> <span class='ocrx_word' id='word_1_187' title='bbox 2185 1429 2314 1481; x_wconf 83' lang='lat' dir='ltr'><strong>dicit</strong></span> <span class='ocrx_word' id='word_1_188' title='bbox 2338 1445 2349 1480; x_wconf 93' lang='lat'>:</span> <span class='ocrx_word' id='word_1_189' title='bbox 2381 1425 2488 1478; x_wconf 82' lang='lat' dir='ltr'><strong>Fur</strong></span> <span class='ocrx_word' id='word_1_190' title='bbox 2512 1436 2594 1479; x_wconf 89' lang='lat' dir='ltr'><strong>est</strong></span> <span class='ocrx_word' id='word_1_191' title='bbox 2615 1428 2706 1493; x_wconf 91' lang='lat' dir='ltr'><strong>qui</strong></span> <span class='ocrx_word' id='word_1_192' title='bbox 2737 1444 2846 1480; x_wconf 91' lang='lat' dir='ltr'><strong>rem</strong></span> <span class='ocrx_word' id='word_1_193' title='bbox 2872 1429 3101 1483; x_wconf 81' lang='lat' dir='ltr'><strong>alienam</strong></span> <span class='ocrx_word' id='word_1_194' title='bbox 3124 1439 3417 1484; x_wconf 80' lang='lat' dir='ltr'><strong>contrectat</strong></span> 
     </span>
    </p>
   </div>
   <div class='ocr_carea' id='block_1_28' title="bbox 1864 1517 3415 1586">
    <p class='ocr_par' dir='ltr' id='par_1_28' title="bbox 1864 1517 3415 1586">
     <span class='ocr_line' id='line_1_28' title="bbox 1864 1517 3415 1586; baseline 0.002 -17"><span class='ocrx_word' id='word_1_195' title='bbox 1864 1527 2057 1586; x_wconf 64' lang='lat' dir='ltr'><strong>praeter</strong></span> <span class='ocrx_word' id='word_1_196' title='bbox 2087 1519 2289 1571; x_wconf 90' lang='lat' dir='ltr'><strong>domini</strong></span> <span class='ocrx_word' id='word_1_197' title='bbox 2321 1517 2671 1579; x_wconf 89' lang='lat' dir='ltr'><strong>voluntatem,</strong></span> <span class='ocrx_word' id='word_1_198' title='bbox 2717 1519 2966 1572; x_wconf 90' lang='lat' dir='ltr'><strong>sciensid</strong></span> <span class='ocrx_word' id='word_1_199' title='bbox 3005 1520 3082 1573; x_wconf 90' lang='lat' dir='ltr'><strong>illi</strong></span> <span class='ocrx_word' id='word_1_200' title='bbox 3131 1521 3415 1574; x_wconf 89' lang='lat' dir='ltr'><strong>molestum</strong></span> 
     </span>
    </p>
   </div>
   <div class='ocr_carea' id='block_1_29' title="bbox 1864 1609 3416 1671">
    <p class='ocr_par' dir='ltr' id='par_1_29' title="bbox 1864 1609 3416 1671">
     <span class='ocr_line' id='line_1_29' title="bbox 1864 1609 3416 1671; baseline 0.001 -9"><span class='ocrx_word' id='word_1_201' title='bbox 1864 1625 2002 1663; x_wconf 88' lang='lat' dir='ltr'><strong>esse.</strong></span> <span class='ocrx_word' id='word_1_202' title='bbox 2033 1610 2167 1662; x_wconf 83' lang='lat' dir='ltr'><strong>Cum</strong></span> <span class='ocrx_word' id='word_1_203' title='bbox 2198 1609 2443 1661; x_wconf 85' lang='lat' dir='ltr'><strong>tidelibus</strong></span> <span class='ocrx_word' id='word_1_204' title='bbox 2465 1619 2642 1660; x_wconf 86' lang='lat' dir='ltr'><strong>autem</strong></span> <span class='ocrx_word' id='word_1_205' title='bbox 2669 1609 2988 1671; x_wconf 87' lang='lat' dir='ltr'><strong>consistere,</strong></span> <span class='ocrx_word' id='word_1_206' title='bbox 3014 1619 3068 1664; x_wconf 90' lang='lat' dir='ltr'><strong>et</strong></span> <span class='ocrx_word' id='word_1_207' title='bbox 3103 1626 3416 1664; x_wconf 85' lang='lat' dir='ltr'><strong>sacramen-</strong></span> 
     </span>
    </p>
   </div>
   <div class='ocr_carea' id='block_1_30' title="bbox 1868 1698 3415 1768">
    <p class='ocr_par' dir='ltr' id='par_1_30' title="bbox 1868 1698 3415 1768">
     <span class='ocr_line' id='line_1_30' title="bbox 1868 1698 3415 1768; baseline 0.003 -17"><span class='ocrx_word' id='word_1_208' title='bbox 1868 1700 1934 1752; x_wconf 88' lang='lat' dir='ltr'><strong>tis</strong></span> <span class='ocrx_word' id='word_1_209' title='bbox 1987 1708 2194 1752; x_wconf 89' lang='lat' dir='ltr'><strong>tantnm</strong></span> <span class='ocrx_word' id='word_1_210' title='bbox 2220 1713 2325 1750; x_wconf 90' lang='lat' dir='ltr'><strong>non</strong></span> <span class='ocrx_word' id='word_1_211' title='bbox 2360 1698 2569 1766; x_wconf 84' lang='lat' dir='ltr'><strong>dignari</strong></span> <span class='ocrx_word' id='word_1_212' title='bbox 2595 1713 2718 1750; x_wconf 88' lang='lat' dir='ltr'><strong>enm</strong></span> <span class='ocrx_word' id='word_1_213' title='bbox 2747 1701 2836 1768; x_wconf 89' lang='lat' dir='ltr'><strong>qui</strong></span> <span class='ocrx_word' id='word_1_214' title='bbox 2866 1714 2922 1752; x_wconf 89' lang='lat' dir='ltr'><strong>se</strong></span> <span class='ocrx_word' id='word_1_215' title='bbox 2948 1699 3121 1768; x_wconf 87' lang='lat' dir='ltr'><strong>ipsum</strong></span> <span class='ocrx_word' id='word_1_216' title='bbox 3147 1702 3415 1761; x_wconf 85' lang='lat' dir='ltr'><strong>detulerit,</strong></span> 
     </span>
    </p>
   </div>
   <div class='ocr_carea' id='block_1_31' title="bbox 1865 1787 3416 1858">
    <p class='ocr_par' dir='ltr' id='par_1_31' title="bbox 1865 1787 3416 1858">
     <span class='ocr_line' id='line_1_31' title="bbox 1865 1787 3416 1858; baseline 0.003 -15"><span class='ocrx_word' id='word_1_217' title='bbox 1865 1800 1913 1843; x_wconf 88' lang='lat' dir='ltr'><strong>et</strong></span> <span class='ocrx_word' id='word_1_218' title='bbox 1940 1792 2103 1858; x_wconf 84' lang='lat' dir='ltr'><strong>probe</strong></span> <span class='ocrx_word' id='word_1_219' title='bbox 2122 1806 2232 1842; x_wconf 85' lang='lat' dir='ltr'><strong>rem</strong></span> <span class='ocrx_word' id='word_1_220' title='bbox 2261 1789 2532 1841; x_wconf 89' lang='lat' dir='ltr'><strong>inventam</strong></span> <span class='ocrx_word' id='word_1_221' title='bbox 2556 1787 2780 1848; x_wconf 85' lang='lat' dir='ltr'><strong>dederit.</strong></span> <span class='ocrx_word' id='word_1_222' title='bbox 2810 1806 3003 1843; x_wconf 89' lang='lat' dir='ltr'><strong>novum</strong></span> <span class='ocrx_word' id='word_1_223' title='bbox 3030 1803 3143 1856; x_wconf 87' lang='lat' dir='ltr'><strong>est;</strong></span> <span class='ocrx_word' id='word_1_224' title='bbox 3174 1803 3255 1847; x_wconf 85' lang='lat' dir='ltr'><strong>est</strong></span> <span class='ocrx_word' id='word_1_225' title='bbox 3275 1795 3416 1847; x_wconf 91' lang='lat' dir='ltr'><strong>enim</strong></span> 
     </span>
    </p>
   </div>
   <div class='ocr_carea' id='block_1_32' title="bbox 162 1878 1765 1973">
    <p class='ocr_par' dir='ltr' id='par_1_32' title="bbox 162 1883 1761 1973">
     <span class='ocr_line' id='line_1_32' title="bbox 162 1883 1761 1973; baseline 0.001 -38"><span class='ocrx_word' id='word_1_226' title='bbox 162 1933 165 1935; x_wconf 90' lang='lat'>_</span> <span class='ocrx_word' id='word_1_227' title='bbox 189 1884 529 1973; x_wconf 62' lang='grc' dir='ltr'>ἀγγείλαντα</span> <span class='ocrx_word' id='word_1_228' title='bbox 555 1883 743 1936; x_wconf 72' lang='grc' dir='ltr'>ἑαυτὸν</span> <span class='ocrx_word' id='word_1_229' title='bbox 763 1885 856 1936; x_wconf 69' lang='grc' dir='ltr'><strong>καὶ</strong></span> <span class='ocrx_word' id='word_1_230' title='bbox 884 1885 1236 1955; x_wconf 79' lang='grc' dir='ltr'>εὐγνωμόνως</span> <span class='ocrx_word' id='word_1_231' title='bbox 1262 1886 1420 1940; x_wconf 86' lang='grc' dir='ltr'>δόντα</span> <span class='ocrx_word' id='word_1_232' title='bbox 1448 1887 1508 1938; x_wconf 81' lang='grc' dir='ltr'><strong>τὸ</strong></span> <span class='ocrx_word' id='word_1_233' title='bbox 1539 1888 1761 1956; x_wconf 75' lang='grc' dir='ltr'>εὕρεμα,</span> 
     </span>
    </p>
   </div>
   <div class='ocr_carea' id='block_1_33' title="bbox 1867 1878 3419 1973">
    <p class='ocr_par' dir='ltr' id='par_1_33' title="bbox 1867 1878 3419 1950">
     <span class='ocr_line' id='line_1_33' title="bbox 1867 1878 3419 1950; baseline 0.005 -20"><span class='ocrx_word' id='word_1_234' title='bbox 1867 1882 2046 1949; x_wconf 84' lang='lat' dir='ltr'><strong>potius</strong></span> <span class='ocrx_word' id='word_1_235' title='bbox 2079 1878 2416 1933; x_wconf 79' lang='lat' dir='ltr'><strong>Encharistia</strong></span> <span class='ocrx_word' id='word_1_236' title='bbox 2441 1879 2656 1948; x_wconf 84' lang='lat' dir='ltr'><strong>dignus.</strong></span> <span class='ocrx_word' id='word_1_237' title='bbox 2682 1889 2733 1932; x_wconf 89' lang='lat' dir='ltr'><strong>ut</strong></span> <span class='ocrx_word' id='word_1_238' title='bbox 2758 1882 2847 1948; x_wconf 89' lang='lat' dir='ltr'><strong>qni</strong></span> <span class='ocrx_word' id='word_1_239' title='bbox 2876 1897 2985 1934; x_wconf 91' lang='lat' dir='ltr'><strong>rem</strong></span> <span class='ocrx_word' id='word_1_240' title='bbox 3015 1884 3210 1950; x_wconf 87' lang='lat' dir='ltr'><strong>captivi</strong></span> <span class='ocrx_word' id='word_1_241' title='bbox 3240 1900 3419 1937; x_wconf 87' lang='lat' dir='ltr'><strong>serva-</strong></span> 
     </span>
    </p>
   </div>
   <div class='ocr_carea' id='block_1_34' title="bbox 188 1974 1760 2047">
    <p class='ocr_par' dir='ltr' id='par_1_34' title="bbox 188 1974 1760 2047">
     <span class='ocr_line' id='line_1_34' title="bbox 188 1974 1760 2047; baseline 0 -19"><span class='ocrx_word' id='word_1_242' title='bbox 188 1977 386 2029; x_wconf 82' lang='grc' dir='ltr'>καινόν</span> <span class='ocrx_word' id='word_1_243' title='bbox 419 1979 597 2028; x_wconf 80' lang='grc' dir='ltr'>ἐστιν’</span> <span class='ocrx_word' id='word_1_244' title='bbox 627 1974 773 2038; x_wconf 83' lang='grc' dir='ltr'>ἄξιος</span> <span class='ocrx_word' id='word_1_245' title='bbox 807 1976 914 2046; x_wconf 77' lang='grc' dir='ltr'><strong>γὰρ</strong></span> <span class='ocrx_word' id='word_1_246' title='bbox 963 1977 1156 2046; x_wconf 79' lang='grc' dir='ltr'>μᾶλλον</span> <span class='ocrx_word' id='word_1_247' title='bbox 1196 1978 1557 2047; x_wconf 79' lang='grc' dir='ltr'>Εὑχαριστίας</span> <span class='ocrx_word' id='word_1_248' title='bbox 1597 1979 1760 2042; x_wconf 83' lang='grc' dir='ltr'>ἐστὶν,</span> 
     </span>
    </p>
   </div>
   <div class='ocr_carea' id='block_1_35' title="bbox 188 2060 1766 2138">
    <p class='ocr_par' dir='ltr' id='par_1_35' title="bbox 188 2060 1766 2138">
     <span class='ocr_line' id='line_1_35' title="bbox 188 2060 1766 2138; baseline 0 -18"><span class='ocrx_word' id='word_1_249' title='bbox 188 2068 270 2130; x_wconf 87' lang='grc' dir='ltr'>ὼς</span> <span class='ocrx_word' id='word_1_250' title='bbox 317 2068 381 2120; x_wconf 73' lang='grc' dir='ltr'>τὸ</span> <span class='ocrx_word' id='word_1_251' title='bbox 413 2070 642 2137; x_wconf 73' lang='grc' dir='ltr'>πρᾶγμα</span> <span class='ocrx_word' id='word_1_252' title='bbox 695 2067 787 2119; x_wconf 88' lang='grc' dir='ltr'><strong>τοῦ</strong></span> <span class='ocrx_word' id='word_1_253' title='bbox 837 2060 1356 2138; x_wconf 81' lang='grc' dir='ltr'>αἰχμαλωτισθέντος</span> <span class='ocrx_word' id='word_1_254' title='bbox 1383 2069 1622 2137; x_wconf 77' lang='grc' dir='ltr'>φυλάξας</span> <span class='ocrx_word' id='word_1_255' title='bbox 1673 2072 1766 2122; x_wconf 78' lang='grc' dir='ltr'><strong>καὶ</strong></span> 
     </span>
    </p>
   </div>
   <div class='ocr_carea' id='block_1_36' title="bbox 189 2158 1761 2225">
    <p class='ocr_par' dir='ltr' id='par_1_36' title="bbox 189 2158 1761 2225">
     <span class='ocr_line' id='line_1_36' title="bbox 189 2158 1761 2225; baseline -0.001 -15"><span class='ocrx_word' id='word_1_256' title='bbox 189 2158 657 2225; x_wconf 82' lang='grc' dir='ltr'>ἀποκαταστήσας</span> <span class='ocrx_word' id='word_1_257' title='bbox 686 2158 837 2210; x_wconf 84' lang='grc' dir='ltr'>αὑτό.</span> <span class='ocrx_word' id='word_1_258' title='bbox 873 2158 962 2210; x_wconf 82' lang='grc' dir='ltr'>Διὸ</span> <span class='ocrx_word' id='word_1_259' title='bbox 992 2158 1083 2211; x_wconf 75' lang='grc' dir='ltr'>καὶ</span> <span class='ocrx_word' id='word_1_260' title='bbox 1117 2160 1332 2225; x_wconf 78' lang='grc' dir='ltr'>λέγουσί</span> <span class='ocrx_word' id='word_1_261' title='bbox 1358 2177 1502 2221; x_wconf 87' lang='grc' dir='ltr'>τινες</span> <span class='ocrx_word' id='word_1_262' title='bbox 1539 2160 1761 2211; x_wconf 82' lang='grc' dir='ltr'>συνέπε-</span> 
     </span>
    </p>
   </div>
   <div class='ocr_carea' id='block_1_37' title="bbox 192 2248 1765 2320">
    <p class='ocr_par' dir='ltr' id='par_1_37' title="bbox 192 2248 1765 2320">
     <span class='ocr_line' id='line_1_37' title="bbox 192 2248 1765 2320; baseline 0 -19"><span class='ocrx_word' id='word_1_263' title='bbox 192 2248 322 2302; x_wconf 86' lang='grc' dir='ltr'>σθαι</span> <span class='ocrx_word' id='word_1_264' title='bbox 361 2250 426 2318; x_wconf 82' lang='grc' dir='ltr'>τῇ</span> <span class='ocrx_word' id='word_1_265' title='bbox 464 2249 600 2317; x_wconf 80' lang='grc' dir='ltr'><strong>μετά</strong></span> <span class='ocrx_word' id='word_1_266' title='bbox 649 2248 756 2300; x_wconf 86' lang='grc' dir='ltr'><strong>τῶν</strong></span> <span class='ocrx_word' id='word_1_267' title='bbox 799 2251 1003 2301; x_wconf 82' lang='grc' dir='ltr'>πιστῶν</span> <span class='ocrx_word' id='word_1_268' title='bbox 1049 2253 1333 2313; x_wconf 72' lang='grc' dir='ltr'>συστάσει,</span> <span class='ocrx_word' id='word_1_269' title='bbox 1383 2252 1475 2304; x_wconf 72' lang='grc' dir='ltr'>καὶ</span> <span class='ocrx_word' id='word_1_270' title='bbox 1521 2251 1614 2320; x_wconf 74' lang='grc' dir='ltr'><strong>τὴν</strong></span> <span class='ocrx_word' id='word_1_271' title='bbox 1661 2252 1765 2302; x_wconf 87' lang='grc' dir='ltr'><strong>τῶν</strong></span> 
     </span>
    </p>
   </div>
   <div class='ocr_carea' id='block_1_38' title="bbox 190 2339 1145 2413">
    <p class='ocr_par' dir='ltr' id='par_1_38' title="bbox 190 2339 1145 2413">
     <span class='ocr_line' id='line_1_38' title="bbox 190 2339 1145 2413; baseline -0.001 -21"><span class='ocrx_word' id='word_1_272' title='bbox 190 2339 567 2409; x_wconf 87' lang='grc' dir='ltr'>ἁγιασμάτων,</span> <span class='ocrx_word' id='word_1_273' title='bbox 591 2339 802 2409; x_wconf 80' lang='grc' dir='ltr'>μέθεξιν</span> <span class='ocrx_word' id='word_1_274' title='bbox 837 2341 1145 2413; x_wconf 56' lang='grc' dir='ltr'>σιωπηριῖκ.</span> 
     </span>
    </p>
   </div>
   <div class='ocr_carea' id='block_1_39' title="bbox 265 2431 1762 2503">
    <p class='ocr_par' dir='ltr' id='par_1_39' title="bbox 265 2431 1762 2503">
     <span class='ocr_line' id='line_1_39' title="bbox 265 2431 1762 2503; baseline 0.001 -20"><span class='ocrx_word' id='word_1_275' title='bbox 265 2431 513 2484; x_wconf 82' lang='grc' dir='ltr'><strong>ΖΩΝΑΡ.</strong></span> <span class='ocrx_word' id='word_1_276' title='bbox 562 2433 625 2483; x_wconf 86' lang='grc' dir='ltr'><strong>Οἱ</strong></span> <span class='ocrx_word' id='word_1_277' title='bbox 659 2432 950 2503; x_wconf 76' lang='grc' dir='ltr'>βάρϐαροι,</span> <span class='ocrx_word' id='word_1_278' title='bbox 997 2432 1377 2502; x_wconf 76' lang='grc' dir='ltr'>λεηλατοῦντες</span> <span class='ocrx_word' id='word_1_279' title='bbox 1417 2433 1514 2502; x_wconf 80' lang='grc' dir='ltr'><strong>τὴν</strong></span> <span class='ocrx_word' id='word_1_280' title='bbox 1561 2434 1762 2502; x_wconf 76' lang='grc' dir='ltr'>χώραν,</span> 
     </span>
    </p>
   </div>
   <div class='ocr_carea' id='block_1_40' title="bbox 189 2522 1765 2596">
    <p class='ocr_par' dir='ltr' id='par_1_40' title="bbox 189 2522 1765 2596">
     <span class='ocr_line' id='line_1_40' title="bbox 189 2522 1765 2596; baseline 0.003 -23"><span class='ocrx_word' id='word_1_281' title='bbox 189 2522 444 2592; x_wconf 69' lang='grc' dir='ltr'>ἥρπαζον</span> <span class='ocrx_word' id='word_1_282' title='bbox 499 2525 824 2593; x_wconf 85' lang='grc' dir='ltr'>πράγματα·</span> <span class='ocrx_word' id='word_1_283' title='bbox 878 2527 970 2580; x_wconf 74' lang='grc' dir='ltr'><strong>καὶ</strong></span> <span class='ocrx_word' id='word_1_284' title='bbox 1025 2525 1057 2596; x_wconf 78' lang='grc' dir='ltr'>ἢ</span> <span class='ocrx_word' id='word_1_285' title='bbox 1108 2525 1376 2594; x_wconf 80' lang='grc' dir='ltr'>κρείττοσι</span> <span class='ocrx_word' id='word_1_286' title='bbox 1427 2526 1559 2593; x_wconf 79' lang='grc' dir='ltr'><strong>μετά</strong></span> <span class='ocrx_word' id='word_1_287' title='bbox 1600 2527 1765 2578; x_wconf 84' lang='grc' dir='ltr'>ταῦτα</span> 
     </span>
    </p>
   </div>
   <div class='ocr_carea' id='block_1_41' title="bbox 191 2614 1765 2688">
    <p class='ocr_par' dir='ltr' id='par_1_41' title="bbox 191 2614 1765 2688">
     <span class='ocr_line' id='line_1_41' title="bbox 191 2614 1765 2688; baseline 0.003 -22"><span class='ocrx_word' id='word_1_288' title='bbox 191 2614 636 2683; x_wconf 76' lang='grc' dir='ltr'>ἐντυγχάνοντες.</span> <span class='ocrx_word' id='word_1_289' title='bbox 667 2615 698 2686; x_wconf 83' lang='grc' dir='ltr'>ἢ</span> <span class='ocrx_word' id='word_1_290' title='bbox 728 2616 814 2669; x_wconf 75' lang='grc' dir='ltr'>διὰ</span> <span class='ocrx_word' id='word_1_291' title='bbox 846 2616 1008 2687; x_wconf 88' lang='grc' dir='ltr'>βάρος</span> <span class='ocrx_word' id='word_1_292' title='bbox 1040 2618 1114 2687; x_wconf 84' lang='grc' dir='ltr'>μὴ</span> <span class='ocrx_word' id='word_1_293' title='bbox 1142 2618 1421 2686; x_wconf 84' lang='grc' dir='ltr'>δυνάμενοι</span> <span class='ocrx_word' id='word_1_294' title='bbox 1453 2619 1639 2688; x_wconf 75' lang='grc' dir='ltr'>φέρειν</span> <span class='ocrx_word' id='word_1_295' title='bbox 1665 2619 1765 2670; x_wconf 70' lang='grc' dir='ltr'>ὅσα</span> 
     </span>
    </p>
   </div>
   <div class='ocr_carea' id='block_1_42' title="bbox 190 2705 1766 2778">
    <p class='ocr_par' dir='ltr' id='par_1_42' title="bbox 190 2705 1766 2778">
     <span class='ocr_line' id='line_1_42' title="bbox 190 2705 1766 2778; baseline 0.004 -21"><span class='ocrx_word' id='word_1_296' title='bbox 190 2707 474 2776; x_wconf 71' lang='grc' dir='ltr'>ἥρπασαν,</span> <span class='ocrx_word' id='word_1_297' title='bbox 504 2705 577 2758; x_wconf 77' lang='grc' dir='ltr'>τὰ</span> <span class='ocrx_word' id='word_1_298' title='bbox 610 2708 704 2776; x_wconf 82' lang='grc' dir='ltr'><strong>μὲν</strong></span> <span class='ocrx_word' id='word_1_299' title='bbox 749 2708 806 2758; x_wconf 90' lang='grc' dir='ltr'><strong>ἐν</strong></span> <span class='ocrx_word' id='word_1_300' title='bbox 835 2708 911 2777; x_wconf 79' lang='grc' dir='ltr'><strong>τῷ</strong></span> <span class='ocrx_word' id='word_1_301' title='bbox 942 2708 1107 2777; x_wconf 78' lang='grc' dir='ltr'>πεδίῳ</span> <span class='ocrx_word' id='word_1_302' title='bbox 1152 2707 1404 2778; x_wconf 72' lang='grc' dir='ltr'>ἔρριπτον</span> <span class='ocrx_word' id='word_1_303' title='bbox 1424 2749 1436 2772; x_wconf 94' lang='grc'><strong>,</strong></span> <span class='ocrx_word' id='word_1_304' title='bbox 1475 2710 1542 2760; x_wconf 68' lang='grc' dir='ltr'><strong>τά</strong></span> <span class='ocrx_word' id='word_1_305' title='bbox 1674 2712 1766 2763; x_wconf 67' lang='grc' dir='ltr'><strong>καὶ</strong></span> 
     </span>
    </p>
   </div>
   <div class='ocr_carea' id='block_1_43' title="bbox 190 2783 1762 2871">
    <p class='ocr_par' dir='ltr' id='par_1_43' title="bbox 190 2783 1762 2871">
     <span class='ocr_line' id='line_1_43' title="bbox 190 2783 1762 2871; baseline 0.004 -24"><span class='ocrx_word' id='word_1_306' title='bbox 190 2797 252 2847; x_wconf 80' lang='grc' dir='ltr'><strong>ἐν</strong></span> <span class='ocrx_word' id='word_1_307' title='bbox 297 2796 495 2859; x_wconf 76' lang='grc' dir='ltr'>οἰκίαις</span> <span class='ocrx_word' id='word_1_308' title='bbox 542 2783 740 2861; x_wconf 70' lang='grc' dir='ltr'>τινῶν,</span> <span class='ocrx_word' id='word_1_309' title='bbox 766 2799 843 2849; x_wconf 84' lang='grc' dir='ltr'><strong>ἐν</strong></span> <span class='ocrx_word' id='word_1_310' title='bbox 890 2792 977 2860; x_wconf 73' lang='grc' dir='ltr'>αἷς</span> <span class='ocrx_word' id='word_1_311' title='bbox 1031 2797 1158 2862; x_wconf 75' lang='grc' dir='ltr'>ἴσως</span> <span class='ocrx_word' id='word_1_312' title='bbox 1202 2800 1453 2853; x_wconf 81' lang='grc' dir='ltr'>καλλίονα</span> <span class='ocrx_word' id='word_1_313' title='bbox 1495 2799 1762 2871; x_wconf 69' lang='grc' dir='ltr'>εὕρισκον.</span> 
     </span>
    </p>
   </div>
   <div class='ocr_carea' id='block_1_44' title="bbox 195 2886 1767 2963">
    <p class='ocr_par' dir='ltr' id='par_1_44' title="bbox 195 2886 1767 2963">
     <span class='ocr_line' id='line_1_44' title="bbox 195 2886 1767 2963; baseline 0.004 -23"><span class='ocrx_word' id='word_1_314' title='bbox 195 2889 357 2941; x_wconf 85' lang='grc' dir='ltr'>Ὅσοι</span> <span class='ocrx_word' id='word_1_315' title='bbox 405 2887 568 2956; x_wconf 90' lang='grc' dir='ltr'>γοῦν,</span> <span class='ocrx_word' id='word_1_316' title='bbox 622 2889 816 2958; x_wconf 76' lang='grc' dir='ltr'>φησὶν,</span> <span class='ocrx_word' id='word_1_317' title='bbox 862 2886 1015 2960; x_wconf 73' lang='grc' dir='ltr'>εὗρόν</span> <span class='ocrx_word' id='word_1_318' title='bbox 1059 2908 1180 2945; x_wconf 87' lang='grc' dir='ltr'>τινα</span> <span class='ocrx_word' id='word_1_319' title='bbox 1225 2895 1282 2946; x_wconf 87' lang='grc' dir='ltr'><strong>ἐν</strong></span> <span class='ocrx_word' id='word_1_320' title='bbox 1319 2892 1396 2962; x_wconf 82' lang='grc' dir='ltr'>τῷ</span> <span class='ocrx_word' id='word_1_321' title='bbox 1447 2893 1610 2961; x_wconf 76' lang='grc' dir='ltr'>πεδίῳ</span> <span class='ocrx_word' id='word_1_322' title='bbox 1645 2893 1678 2963; x_wconf 80' lang='grc' dir='ltr'>ἢ</span> <span class='ocrx_word' id='word_1_323' title='bbox 1711 2896 1767 2946; x_wconf 77' lang='grc' dir='ltr'><strong>ἐν</strong></span> 
     </span>
    </p>
   </div>
   <div class='ocr_carea' id='block_1_45' title="bbox 192 2975 1767 3054">
    <p class='ocr_par' dir='ltr' id='par_1_45' title="bbox 192 2975 1767 3054">
     <span class='ocr_line' id='line_1_45' title="bbox 192 2975 1767 3054; baseline 0.004 -24"><span class='ocrx_word' id='word_1_324' title='bbox 192 2982 320 3042; x_wconf 84' lang='grc' dir='ltr'>ταῖς</span> <span class='ocrx_word' id='word_1_325' title='bbox 352 2980 562 3032; x_wconf 79' lang='grc' dir='ltr'>ἑαυτῶν</span> <span class='ocrx_word' id='word_1_326' title='bbox 614 2981 849 3045; x_wconf 78' lang='grc' dir='ltr'>οἰκίαις,</span> <span class='ocrx_word' id='word_1_327' title='bbox 900 2975 1078 3046; x_wconf 74' lang='grc' dir='ltr'>οὗτοι,</span> <span class='ocrx_word' id='word_1_328' title='bbox 1108 2985 1155 3035; x_wconf 80' lang='grc' dir='ltr'>εἰ</span> <span class='ocrx_word' id='word_1_329' title='bbox 1212 2988 1307 3053; x_wconf 87' lang='grc' dir='ltr'><strong>μὲν</strong></span> <span class='ocrx_word' id='word_1_330' title='bbox 1354 2982 1767 3054; x_wconf 77' lang='grc' dir='ltr'>κατηγορηθῶσι</span> 
     </span>
    </p>
   </div>
   <div class='ocr_carea' id='block_1_46' title="bbox 196 3071 1761 3140">
    <p class='ocr_par' dir='ltr' id='par_1_46' title="bbox 196 3071 1761 3140">
     <span class='ocr_line' id='line_1_46' title="bbox 196 3071 1761 3140; baseline 0.003 -19"><span class='ocrx_word' id='word_1_331' title='bbox 196 3072 293 3121; x_wconf 70' lang='grc' dir='ltr'><strong>καὶ</strong></span> <span class='ocrx_word' id='word_1_332' title='bbox 325 3071 644 3140; x_wconf 84' lang='grc' dir='ltr'>ἐλεγχθῶσι,</span> <span class='ocrx_word' id='word_1_333' title='bbox 684 3073 1060 3126; x_wconf 83' lang='grc' dir='ltr'>ταττέσθωσαν</span> <span class='ocrx_word' id='word_1_334' title='bbox 1104 3077 1159 3127; x_wconf 83' lang='grc' dir='ltr'><strong>ἐν</strong></span> <span class='ocrx_word' id='word_1_335' title='bbox 1189 3079 1300 3137; x_wconf 84' lang='grc' dir='ltr'>τοῖς</span> <span class='ocrx_word' id='word_1_336' title='bbox 1343 3075 1761 3127; x_wconf 86' lang='grc' dir='ltr'>ὑποπίπτουσιν·</span> 
     </span>
    </p>
   </div>
   <div class='ocr_carea' id='block_1_47' title="bbox 196 3161 1768 3234">
    <p class='ocr_par' dir='ltr' id='par_1_47' title="bbox 196 3161 1768 3234">
     <span class='ocr_line' id='line_1_47' title="bbox 196 3161 1768 3234; baseline 0.003 -23"><span class='ocrx_word' id='word_1_337' title='bbox 196 3161 296 3212; x_wconf 83' lang='grc' dir='ltr'><strong>ἐάν</strong></span> <span class='ocrx_word' id='word_1_338' title='bbox 348 3161 408 3214; x_wconf 79' lang='grc' dir='ltr'>δὲ</span> <span class='ocrx_word' id='word_1_339' title='bbox 465 3163 688 3225; x_wconf 79' lang='grc' dir='ltr'>ἑαυτοὺς</span> <span class='ocrx_word' id='word_1_340' title='bbox 737 3164 1206 3234; x_wconf 79' lang='grc' dir='ltr'>προσαγγεὶλωσι,</span> <span class='ocrx_word' id='word_1_341' title='bbox 1264 3169 1358 3218; x_wconf 70' lang='grc' dir='ltr'><strong>καὶ</strong></span> <span class='ocrx_word' id='word_1_342' title='bbox 1410 3165 1676 3218; x_wconf 86' lang='grc' dir='ltr'>ἀποδῶσιν</span> <span class='ocrx_word' id='word_1_343' title='bbox 1732 3162 1768 3216; x_wconf 80' lang='grc' dir='ltr'>ἃ.</span> 
     </span>
    </p>
   </div>
   <div class='ocr_carea' id='block_1_48' title="bbox 1869 1970 3417 2039">
    <p class='ocr_par' dir='ltr' id='par_1_48' title="bbox 1869 1970 3417 2039">
     <span class='ocr_line' id='line_1_48' title="bbox 1869 1970 3417 2039; baseline 0.002 -14"><span class='ocrx_word' id='word_1_344' title='bbox 1869 1972 2023 2033; x_wconf 81' lang='lat' dir='ltr'><strong>verit,</strong></span> <span class='ocrx_word' id='word_1_345' title='bbox 2055 1980 2109 2025; x_wconf 90' lang='lat' dir='ltr'><strong>et</strong></span> <span class='ocrx_word' id='word_1_346' title='bbox 2139 1975 2309 2039; x_wconf 90' lang='lat' dir='ltr'><strong>ipsam</strong></span> <span class='ocrx_word' id='word_1_347' title='bbox 2332 1971 2648 2024; x_wconf 86' lang='lat' dir='ltr'><strong>restituerit.</strong></span> <span class='ocrx_word' id='word_1_348' title='bbox 2693 1970 2757 2024; x_wconf 80' lang='lat' dir='ltr'><strong>Et</strong></span> <span class='ocrx_word' id='word_1_349' title='bbox 2800 1972 2918 2025; x_wconf 85' lang='lat' dir='ltr'><strong>ideo</strong></span> <span class='ocrx_word' id='word_1_350' title='bbox 2940 1972 3125 2026; x_wconf 91' lang='lat' dir='ltr'><strong>dicunt</strong></span> <span class='ocrx_word' id='word_1_351' title='bbox 3153 1977 3417 2038; x_wconf 82' lang='lat' dir='ltr'><strong>nonnulli,</strong></span> 
     </span>
    </p>
   </div>
   <div class='ocr_carea' id='block_1_49' title="bbox 1867 2062 3419 2136">
    <p class='ocr_par' dir='ltr' id='par_1_49' title="bbox 1867 2062 3419 2136">
     <span class='ocr_line' id='line_1_49' title="bbox 1867 2062 3419 2136; baseline 0.005 -21"><span class='ocrx_word' id='word_1_352' title='bbox 1867 2078 1990 2115; x_wconf 88' lang='lat' dir='ltr'><strong>cum</strong></span> <span class='ocrx_word' id='word_1_353' title='bbox 2017 2062 2271 2116; x_wconf 85' lang='lat' dir='ltr'><strong>lidelibtts-</strong></span> <span class='ocrx_word' id='word_1_354' title='bbox 2285 2063 2711 2126; x_wconf 87' lang='lat' dir='ltr'><strong>consistentiatn,</strong></span> <span class='ocrx_word' id='word_1_355' title='bbox 2726 2074 3190 2119; x_wconf 74' lang='lat' dir='ltr'><strong>sacramentorum</strong></span> <span class='ocrx_word' id='word_1_356' title='bbox 3208 2083 3419 2136; x_wconf 85' lang='lat' dir='ltr'><strong>quoque</strong></span> 
     </span>
    </p>
   </div>
   <div class='ocr_carea' id='block_1_50' title="bbox 1868 2157 2830 2226">
    <p class='ocr_par' dir='ltr' id='par_1_50' title="bbox 1868 2157 2830 2226">
     <span class='ocr_line' id='line_1_50' title="bbox 1868 2157 2830 2226; baseline -0.001 -16"><span class='ocrx_word' id='word_1_357' title='bbox 1868 2157 2327 2226; x_wconf 82' lang='lat' dir='ltr'><strong>participationem</strong></span> <span class='ocrx_word' id='word_1_358' title='bbox 2359 2157 2518 2209; x_wconf 88' lang='lat' dir='ltr'><strong>tacite</strong></span> <span class='ocrx_word' id='word_1_359' title='bbox 2554 2159 2830 2225; x_wconf 86' lang='lat' dir='ltr'><strong>consequi.</strong></span> 
     </span>
    </p>
   </div>
   <div class='ocr_carea' id='block_1_51' title="bbox 1939 2427 3419 2499">
    <p class='ocr_par' dir='ltr' id='par_1_51' title="bbox 1939 2427 3419 2499">
     <span class='ocr_line' id='line_1_51' title="bbox 1939 2427 3419 2499; baseline 0.001 -19"><span class='ocrx_word' id='word_1_360' title='bbox 1939 2428 2132 2483; x_wconf 61' lang='lat' dir='ltr'><strong>Zona.</strong></span> <span class='ocrx_word' id='word_1_361' title='bbox 2172 2427 2415 2491; x_wconf 87' lang='lat' dir='ltr'><strong>Barbari,</strong></span> <span class='ocrx_word' id='word_1_362' title='bbox 2443 2446 2563 2484; x_wconf 90' lang='lat' dir='ltr'><strong>cum</strong></span> <span class='ocrx_word' id='word_1_363' title='bbox 2619 2429 3069 2499; x_wconf 84' lang='lat' dir='ltr'><strong>depopularentur</strong></span> <span class='ocrx_word' id='word_1_364' title='bbox 3116 2431 3419 2499; x_wconf 78' lang='lat' dir='ltr'><strong>regionem,</strong></span> 
     </span>
    </p>
   </div>
   <div class='ocr_carea' id='block_1_52' title="bbox 1867 2521 3416 2590">
    <p class='ocr_par' dir='ltr' id='par_1_52' title="bbox 1867 2521 3416 2590">
     <span class='ocr_line' id='line_1_52' title="bbox 1867 2521 3416 2590; baseline 0.001 -17"><span class='ocrx_word' id='word_1_365' title='bbox 1867 2539 1955 2576; x_wconf 82' lang='lat' dir='ltr'><strong>res</strong></span> <span class='ocrx_word' id='word_1_366' title='bbox 1987 2523 2249 2590; x_wconf 85' lang='lat' dir='ltr'><strong>quasdam</strong></span> <span class='ocrx_word' id='word_1_367' title='bbox 2309 2532 2638 2590; x_wconf 87' lang='lat' dir='ltr'><strong>rapuerunt;</strong></span> <span class='ocrx_word' id='word_1_368' title='bbox 2699 2534 2929 2590; x_wconf 84' lang='lat' dir='ltr'><strong>moxqoe</strong></span> <span class='ocrx_word' id='word_1_369' title='bbox 2983 2522 3065 2575; x_wconf 93' lang='lat' dir='ltr'><strong>vel</strong></span> <span class='ocrx_word' id='word_1_370' title='bbox 3089 2521 3230 2575; x_wconf 91' lang='lat' dir='ltr'><strong>obvii</strong></span> <span class='ocrx_word' id='word_1_371' title='bbox 3291 2521 3416 2576; x_wconf 78' lang='lat' dir='ltr'><strong>facti</strong></span> 
     </span>
    </p>
   </div>
   <div class='ocr_carea' id='block_1_53' title="bbox 1868 2614 3421 2684">
    <p class='ocr_par' dir='ltr' id='par_1_53' title="bbox 1868 2614 3421 2684">
     <span class='ocr_line' id='line_1_53' title="bbox 1868 2614 3421 2684; baseline 0.002 -18"><span class='ocrx_word' id='word_1_372' title='bbox 1868 2615 2208 2676; x_wconf 89' lang='lat' dir='ltr'><strong>melioribus,</strong></span> <span class='ocrx_word' id='word_1_373' title='bbox 2235 2614 2316 2666; x_wconf 88' lang='lat' dir='ltr'><strong>vel</strong></span> <span class='ocrx_word' id='word_1_374' title='bbox 2342 2614 2544 2683; x_wconf 81' lang='lat' dir='ltr'><strong>gravati</strong></span> <span class='ocrx_word' id='word_1_375' title='bbox 2574 2614 2964 2682; x_wconf 87' lang='lat' dir='ltr'><strong>pondere,eum</strong></span> <span class='ocrx_word' id='word_1_376' title='bbox 2989 2631 3107 2684; x_wconf 70' lang='lat' dir='ltr'><strong>qua:</strong></span> <span class='ocrx_word' id='word_1_377' title='bbox 3134 2626 3421 2683; x_wconf 90' lang='lat' dir='ltr'><strong>rapuerant</strong></span> 
     </span>
    </p>
   </div>
   <div class='ocr_carea' id='block_1_54' title="bbox 1871 2705 3415 2774">
    <p class='ocr_par' dir='ltr' id='par_1_54' title="bbox 1871 2705 3415 2774">
     <span class='ocr_line' id='line_1_54' title="bbox 1871 2705 3415 2774; baseline 0.002 -17"><span class='ocrx_word' id='word_1_378' title='bbox 1871 2706 2011 2758; x_wconf 81' lang='lat' dir='ltr'><strong>ferre</strong></span> <span class='ocrx_word' id='word_1_379' title='bbox 2037 2705 2258 2757; x_wconf 87' lang='lat' dir='ltr'><strong>minime</strong></span> <span class='ocrx_word' id='word_1_380' title='bbox 2295 2715 2538 2773; x_wconf 89' lang='lat' dir='ltr'><strong>possent,</strong></span> <span class='ocrx_word' id='word_1_381' title='bbox 2571 2705 2768 2774; x_wconf 88' lang='lat' dir='ltr'><strong>partim</strong></span> <span class='ocrx_word' id='word_1_382' title='bbox 2795 2721 2890 2774; x_wconf 89' lang='lat' dir='ltr'><strong>per</strong></span> <span class='ocrx_word' id='word_1_383' title='bbox 2916 2721 3132 2773; x_wconf 86' lang='lat' dir='ltr'><strong>campos</strong></span> <span class='ocrx_word' id='word_1_384' title='bbox 3153 2705 3415 2774; x_wconf 82' lang='lat' dir='ltr'><strong>abjecerc,</strong></span> 
     </span>
    </p>
   </div>
   <div class='ocr_carea' id='block_1_55' title="bbox 1868 2791 3416 2863">
    <p class='ocr_par' dir='ltr' id='par_1_55' title="bbox 1868 2791 3416 2863">
     <span class='ocr_line' id='line_1_55' title="bbox 1868 2791 3416 2863; baseline 0.004 -21"><span class='ocrx_word' id='word_1_385' title='bbox 1868 2793 2062 2860; x_wconf 88' lang='lat' dir='ltr'><strong>partim</strong></span> <span class='ocrx_word' id='word_1_386' title='bbox 2117 2791 2170 2842; x_wconf 93' lang='lat' dir='ltr'><strong>in</strong></span> <span class='ocrx_word' id='word_1_387' title='bbox 2205 2791 2512 2860; x_wconf 90' lang='lat' dir='ltr'><strong>aliquorum</strong></span> <span class='ocrx_word' id='word_1_388' title='bbox 2570 2794 2793 2857; x_wconf 65' lang='lat' dir='ltr'><strong>aedibus,</strong></span> <span class='ocrx_word' id='word_1_389' title='bbox 2846 2795 2900 2846; x_wconf 90' lang='lat' dir='ltr'><strong>in</strong></span> <span class='ocrx_word' id='word_1_390' title='bbox 2951 2793 3147 2863; x_wconf 86' lang='lat' dir='ltr'><strong>quibus</strong></span> <span class='ocrx_word' id='word_1_391' title='bbox 3195 2795 3416 2848; x_wconf 82' lang='lat' dir='ltr'><strong>meliora</strong></span> 
     </span>
    </p>
   </div>
   <div class='ocr_carea' id='block_1_56' title="bbox 1869 2881 3414 2953">
    <p class='ocr_par' dir='ltr' id='par_1_56' title="bbox 1869 2881 3414 2953">
     <span class='ocr_line' id='line_1_56' title="bbox 1869 2881 3414 2953; baseline 0.003 -20"><span class='ocrx_word' id='word_1_392' title='bbox 1869 2881 2001 2934; x_wconf 67' lang='lat' dir='ltr'><strong>tome</strong></span> <span class='ocrx_word' id='word_1_393' title='bbox 2029 2891 2358 2949; x_wconf 85' lang='lat' dir='ltr'><strong>repererant,</strong></span> <span class='ocrx_word' id='word_1_394' title='bbox 2388 2884 2704 2951; x_wconf 87' lang='lat' dir='ltr'><strong>deposuere.</strong></span> <span class='ocrx_word' id='word_1_395' title='bbox 2758 2883 3077 2953; x_wconf 85' lang='lat' dir='ltr'><strong>Quicunque</strong></span> <span class='ocrx_word' id='word_1_396' title='bbox 3112 2884 3292 2953; x_wconf 89' lang='lat' dir='ltr'><strong>igitur,</strong></span> <span class='ocrx_word' id='word_1_397' title='bbox 3330 2886 3414 2937; x_wconf 89' lang='lat' dir='ltr'><strong>in-</strong></span> 
     </span>
    </p>
   </div>
   <div class='ocr_carea' id='block_1_57' title="bbox 1867 2973 3414 3042">
    <p class='ocr_par' dir='ltr' id='par_1_57' title="bbox 1867 2973 3414 3042">
     <span class='ocr_line' id='line_1_57' title="bbox 1867 2973 3414 3042; baseline 0.002 -17"><span class='ocrx_word' id='word_1_398' title='bbox 1867 2973 2004 3042; x_wconf 88' lang='lat' dir='ltr'><strong>quit,</strong></span> <span class='ocrx_word' id='word_1_399' title='bbox 2032 2982 2125 3026; x_wconf 90' lang='lat' dir='ltr'><strong>aut</strong></span> <span class='ocrx_word' id='word_1_400' title='bbox 2155 2973 2208 3026; x_wconf 94' lang='lat' dir='ltr'><strong>in</strong></span> <span class='ocrx_word' id='word_1_401' title='bbox 2233 2975 2437 3042; x_wconf 91' lang='lat' dir='ltr'><strong>campis</strong></span> <span class='ocrx_word' id='word_1_402' title='bbox 2469 2983 2561 3027; x_wconf 86' lang='lat' dir='ltr'><strong>aut</strong></span> <span class='ocrx_word' id='word_1_403' title='bbox 2606 2975 2657 3026; x_wconf 91' lang='lat' dir='ltr'><strong>in</strong></span> <span class='ocrx_word' id='word_1_404' title='bbox 2695 2975 2808 3029; x_wconf 86' lang='lat' dir='ltr'><strong>suis</strong></span> <span class='ocrx_word' id='word_1_405' title='bbox 2855 2973 3101 3030; x_wconf 84' lang='lat' dir='ltr'><strong>domibus</strong></span> <span class='ocrx_word' id='word_1_406' title='bbox 3122 2975 3300 3042; x_wconf 83' lang='lat' dir='ltr'><strong>aliqua</strong></span> <span class='ocrx_word' id='word_1_407' title='bbox 3333 2975 3414 3028; x_wconf 86' lang='lat' dir='ltr'><strong>in-</strong></span> 
     </span>
    </p>
   </div>
   <div class='ocr_carea' id='block_1_58' title="bbox 1867 3065 3414 3132">
    <p class='ocr_par' dir='ltr' id='par_1_58' title="bbox 1867 3065 3414 3132">
     <span class='ocr_line' id='line_1_58' title="bbox 1867 3065 3414 3132; baseline 0.002 -16"><span class='ocrx_word' id='word_1_408' title='bbox 1867 3074 2148 3128; x_wconf 87' lang='lat' dir='ltr'><strong>venerunt,</strong></span> <span class='ocrx_word' id='word_1_409' title='bbox 2169 3065 2241 3118; x_wconf 90' lang='lat' dir='ltr'><strong>illi</strong></span> <span class='ocrx_word' id='word_1_410' title='bbox 2268 3066 2310 3120; x_wconf 93' lang='lat' dir='ltr'><strong>si</strong></span> <span class='ocrx_word' id='word_1_411' title='bbox 2345 3065 2562 3132; x_wconf 88' lang='lat' dir='ltr'><strong>quidem</strong></span> <span class='ocrx_word' id='word_1_412' title='bbox 2594 3067 2830 3120; x_wconf 82' lang='lat' dir='ltr'><strong>accusati</strong></span> <span class='ocrx_word' id='word_1_413' title='bbox 2856 3075 2909 3119; x_wconf 93' lang='lat' dir='ltr'><strong>et</strong></span> <span class='ocrx_word' id='word_1_414' title='bbox 2939 3067 3166 3120; x_wconf 83' lang='lat' dir='ltr'><strong>convicti</strong></span> <span class='ocrx_word' id='word_1_415' title='bbox 3198 3065 3414 3129; x_wconf 78' lang='lat' dir='ltr'><strong>fuerint,</strong></span> 
     </span>
    </p>
   </div>
   <div class='ocr_carea' id='block_1_59' title="bbox 1868 3154 3417 3226">
    <p class='ocr_par' dir='ltr' id='par_1_59' title="bbox 1868 3154 3417 3226">
     <span class='ocr_line' id='line_1_59' title="bbox 1868 3154 3417 3226; baseline 0.003 -19"><span class='ocrx_word' id='word_1_416' title='bbox 1868 3155 2006 3207; x_wconf 91' lang='lat' dir='ltr'><strong>inter</strong></span> <span class='ocrx_word' id='word_1_417' title='bbox 2026 3170 2120 3208; x_wconf 90' lang='lat' dir='ltr'><strong>eos</strong></span> <span class='ocrx_word' id='word_1_418' title='bbox 2142 3154 2233 3223; x_wconf 90' lang='lat' dir='ltr'><strong>qui</strong></span> <span class='ocrx_word' id='word_1_419' title='bbox 2253 3155 2674 3208; x_wconf 88' lang='lat' dir='ltr'><strong>substernuntur</strong></span> <span class='ocrx_word' id='word_1_420' title='bbox 2697 3157 2872 3210; x_wconf 90' lang='lat' dir='ltr'><strong>locum</strong></span> <span class='ocrx_word' id='word_1_421' title='bbox 2895 3158 3176 3226; x_wconf 83' lang='lat' dir='ltr'><strong>accipiant.</strong></span> <span class='ocrx_word' id='word_1_422' title='bbox 3208 3157 3264 3211; x_wconf 92' lang='lat' dir='ltr'><strong>Si</strong></span> <span class='ocrx_word' id='word_1_423' title='bbox 3289 3173 3417 3213; x_wconf 87' lang='lat' dir='ltr'><strong>vero</strong></span> 
     </span>
    </p>
   </div>
   <div class='ocr_carea' id='block_1_60' title="bbox 197 3244 1765 3325">
    <p class='ocr_par' dir='ltr' id='par_1_60' title="bbox 197 3245 1764 3325">
     <span class='ocr_line' id='line_1_60' title="bbox 197 3245 1764 3325; baseline 0.002 -21"><span class='ocrx_word' id='word_1_424' title='bbox 197 3245 396 3322; x_wconf 77' lang='grc' dir='ltr'>εὖρον,</span> <span class='ocrx_word' id='word_1_425' title='bbox 448 3255 540 3305; x_wconf 87' lang='grc' dir='ltr'><strong>καί</strong></span> <span class='ocrx_word' id='word_1_426' title='bbox 571 3255 688 3322; x_wconf 74' lang='grc' dir='ltr'>τῆς</span> <span class='ocrx_word' id='word_1_427' title='bbox 718 3256 882 3325; x_wconf 83' lang='grc' dir='ltr'>εὐχῆς</span> <span class='ocrx_word' id='word_1_428' title='bbox 928 3256 1330 3321; x_wconf 72' lang='grc' dir='ltr'>ἀξιούσθωσανο</span> <span class='ocrx_word' id='word_1_429' title='bbox 1389 3258 1554 3325; x_wconf 69' lang='grc' dir='ltr'>ἤγουν</span> <span class='ocrx_word' id='word_1_430' title='bbox 1605 3256 1764 3325; x_wconf 82' lang='grc' dir='ltr'>μέχρι</span> 
     </span>
    </p>
   </div>
   <div class='ocr_carea' id='block_1_61' title="bbox 1867 3244 3415 3325">
    <p class='ocr_par' dir='ltr' id='par_1_61' title="bbox 1869 3244 3415 3314">
     <span class='ocr_line' id='line_1_61' title="bbox 1869 3244 3415 3314; baseline 0.001 -15"><span class='ocrx_word' id='word_1_431' title='bbox 1869 3260 1926 3299; x_wconf 90' lang='lat' dir='ltr'><strong>se</strong></span> <span class='ocrx_word' id='word_1_432' title='bbox 1958 3246 2105 3312; x_wconf 88' lang='lat' dir='ltr'><strong>ipsos</strong></span> <span class='ocrx_word' id='word_1_433' title='bbox 2132 3244 2443 3307; x_wconf 88' lang='lat' dir='ltr'><strong>detulerint,</strong></span> <span class='ocrx_word' id='word_1_434' title='bbox 2467 3259 2528 3298; x_wconf 87' lang='lat' dir='ltr'><strong>ac</strong></span> <span class='ocrx_word' id='word_1_435' title='bbox 2552 3261 2614 3298; x_wconf 89' lang='lat' dir='ltr'><strong>ea</strong></span> <span class='ocrx_word' id='word_1_436' title='bbox 2647 3262 2767 3314; x_wconf 81' lang='lat' dir='ltr'><strong>quae</strong></span> <span class='ocrx_word' id='word_1_437' title='bbox 2791 3248 3040 3301; x_wconf 86' lang='lat' dir='ltr'><strong>invenere</strong></span> <span class='ocrx_word' id='word_1_438' title='bbox 3071 3249 3415 3314; x_wconf 85' lang='lat' dir='ltr'><strong>reddiderint,</strong></span> 
     </span>
    </p>
   </div>
   <div class='ocr_carea' id='block_1_62' title="bbox 195 3343 1765 3420">
    <p class='ocr_par' dir='ltr' id='par_1_62' title="bbox 195 3343 1765 3416">
     <span class='ocr_line' id='line_1_62' title="bbox 195 3343 1765 3416; baseline 0.001 -22"><span class='ocrx_word' id='word_1_439' title='bbox 195 3343 389 3405; x_wconf 68' lang='grc' dir='ltr'>τέλους</span> <span class='ocrx_word' id='word_1_440' title='bbox 447 3343 546 3412; x_wconf 79' lang='grc' dir='ltr'><strong>τῆς</strong></span> <span class='ocrx_word' id='word_1_441' title='bbox 621 3345 786 3414; x_wconf 76' lang='grc' dir='ltr'>εὐχῆς</span> <span class='ocrx_word' id='word_1_442' title='bbox 840 3347 1314 3416; x_wconf 84' lang='grc' dir='ltr'>συνεστηκέτωσαν</span> <span class='ocrx_word' id='word_1_443' title='bbox 1363 3349 1473 3408; x_wconf 88' lang='grc' dir='ltr'>τοῖς</span> <span class='ocrx_word' id='word_1_444' title='bbox 1519 3349 1726 3408; x_wconf 86' lang='grc' dir='ltr'>πιστοῖς</span> <span class='ocrx_word' id='word_1_445' title='bbox 1752 3386 1765 3408; x_wconf 88' lang='grc'><strong>,</strong></span> 
     </span>
    </p>
   </div>
   <div class='ocr_carea' id='block_1_63' title="bbox 200 3435 1767 3508">
    <p class='ocr_par' dir='ltr' id='par_1_63' title="bbox 200 3435 1767 3508">
     <span class='ocr_line' id='line_1_63' title="bbox 200 3435 1767 3508; baseline 0.005 -26"><span class='ocrx_word' id='word_1_446' title='bbox 200 3435 373 3504; x_wconf 83' lang='grc' dir='ltr'>μόνης</span> <span class='ocrx_word' id='word_1_447' title='bbox 433 3435 533 3503; x_wconf 85' lang='grc' dir='ltr'>τῆς</span> <span class='ocrx_word' id='word_1_448' title='bbox 580 3436 741 3502; x_wconf 85' lang='grc' dir='ltr'>άγίας</span> <span class='ocrx_word' id='word_1_449' title='bbox 809 3436 1158 3508; x_wconf 73' lang='grc' dir='ltr'>μεταλήψεως</span> <span class='ocrx_word' id='word_1_450' title='bbox 1201 3437 1553 3506; x_wconf 84' lang='grc' dir='ltr'>κωλυόμενοι·</span> <span class='ocrx_word' id='word_1_451' title='bbox 1602 3437 1767 3507; x_wconf 68' lang='grc' dir='ltr'>ἤγουν</span> 
     </span>
    </p>
   </div>
   <div class='ocr_carea' id='block_1_64' title="bbox 201 3526 1767 3600">
    <p class='ocr_par' dir='ltr' id='par_1_64' title="bbox 201 3526 1767 3600">
     <span class='ocr_line' id='line_1_64' title="bbox 201 3526 1767 3600; baseline 0.004 -23"><span class='ocrx_word' id='word_1_452' title='bbox 201 3527 399 3596; x_wconf 82' lang='grc' dir='ltr'>μέχρις</span> <span class='ocrx_word' id='word_1_453' title='bbox 428 3526 492 3579; x_wconf 84' lang='grc' dir='ltr'>ἂν</span> <span class='ocrx_word' id='word_1_454' title='bbox 527 3527 810 3598; x_wconf 82' lang='grc' dir='ltr'>μετάνοιαν</span> <span class='ocrx_word' id='word_1_455' title='bbox 843 3529 1234 3596; x_wconf 83' lang='grc' dir='ltr'>ἐπιδείξωνται,</span> <span class='ocrx_word' id='word_1_456' title='bbox 1260 3530 1352 3582; x_wconf 77' lang='grc' dir='ltr'><strong>καὶ</strong></span> <span class='ocrx_word' id='word_1_457' title='bbox 1374 3529 1575 3600; x_wconf 78' lang='grc' dir='ltr'>ταύτης</span> <span class='ocrx_word' id='word_1_458' title='bbox 1606 3529 1767 3594; x_wconf 85' lang='grc' dir='ltr'>ἀξιω-</span> 
     </span>
    </p>
   </div>
   <div class='ocr_carea' id='block_1_65' title="bbox 200 3617 360 3671">
    <p class='ocr_par' dir='ltr' id='par_1_65' title="bbox 200 3617 360 3671">
     <span class='ocr_line' id='line_1_65' title="bbox 200 3617 360 3671; baseline 0.006 -1"><span class='ocrx_word' id='word_1_459' title='bbox 200 3617 360 3671; x_wconf 84' lang='grc' dir='ltr'>θῶσι.</span> 
     </span>
    </p>
   </div>
   <div class='ocr_carea' id='block_1_66' title="bbox 821 3781 1152 3836">
    <p class='ocr_par' dir='ltr' id='par_1_66' title="bbox 821 3781 1152 3836">
     <span class='ocr_line' id='line_1_66' title="bbox 821 3781 1152 3836; baseline 0.015 -6"><span class='ocrx_word' id='word_1_460' title='bbox 821 3781 1055 3833; x_wconf 75' lang='grc' dir='ltr'><strong>ΚΑΝΩΝ</strong></span> <span class='ocrx_word' id='word_1_461' title='bbox 1097 3785 1152 3836; x_wconf 91' lang='lat' dir='ltr'><strong>l&#39;.</strong></span> 
     </span>
    </p>
   </div>
   <div class='ocr_carea' id='block_1_67' title="bbox 276 3869 1767 3942">
    <p class='ocr_par' dir='ltr' id='par_1_67' title="bbox 276 3869 1767 3942">
     <span class='ocr_line' id='line_1_67' title="bbox 276 3869 1767 3942; baseline 0.001 -22"><span class='ocrx_word' id='word_1_462' title='bbox 276 3890 295 3919; x_wconf 75' lang='grc' dir='ltr'><strong>ι</strong></span> <span class='ocrx_word' id='word_1_463' title='bbox 340 3869 480 3932; x_wconf 75' lang='grc' dir='ltr'>Τοὺς</span> <span class='ocrx_word' id='word_1_464' title='bbox 510 3869 567 3922; x_wconf 87' lang='grc' dir='ltr'><strong>δέ</strong></span> <span class='ocrx_word' id='word_1_465' title='bbox 616 3869 712 3940; x_wconf 85' lang='grc' dir='ltr'><strong>τὴν</strong></span> <span class='ocrx_word' id='word_1_466' title='bbox 753 3870 967 3940; x_wconf 80' lang='grc' dir='ltr'>ἐντολὴν</span> <span class='ocrx_word' id='word_1_467' title='bbox 1009 3871 1346 3942; x_wconf 79' lang='grc' dir='ltr'>πληροῦντας</span> <span class='ocrx_word' id='word_1_468' title='bbox 1388 3873 1540 3934; x_wconf 78' lang='grc' dir='ltr'>ἐκτὸς</span> <span class='ocrx_word' id='word_1_469' title='bbox 1589 3872 1767 3938; x_wconf 76' lang='grc' dir='ltr'>πάσης</span> 
     </span>
    </p>
   </div>
   <div class='ocr_carea' id='block_1_68' title="bbox 205 3961 1766 4035">
    <p class='ocr_par' dir='ltr' id='par_1_68' title="bbox 205 3961 1766 4035">
     <span class='ocr_line' id='line_1_68' title="bbox 205 3961 1766 4035; baseline 0.001 -24"><span class='ocrx_word' id='word_1_470' title='bbox 205 3981 224 4011; x_wconf 76' lang='grc' dir='ltr'><strong>ι</strong></span> <span class='ocrx_word' id='word_1_471' title='bbox 263 3961 710 4031; x_wconf 80' lang='grc' dir='ltr'>αἰσχροκερδείας</span> <span class='ocrx_word' id='word_1_472' title='bbox 741 3961 976 4031; x_wconf 73' lang='grc' dir='ltr'>πληροῦν</span> <span class='ocrx_word' id='word_1_473' title='bbox 1004 3964 1104 4023; x_wconf 85' lang='grc' dir='ltr'>δεῖ.</span> <span class='ocrx_word' id='word_1_474' title='bbox 1137 3967 1272 4035; x_wconf 77' lang='grc' dir='ltr'>μήτε</span> <span class='ocrx_word' id='word_1_475' title='bbox 1321 3968 1559 4034; x_wconf 81' lang='grc' dir='ltr'>μήνυτρα</span> <span class='ocrx_word' id='word_1_476' title='bbox 1591 3965 1622 4033; x_wconf 89' lang='grc' dir='ltr'>ἢ</span> <span class='ocrx_word' id='word_1_477' title='bbox 1657 3964 1766 4014; x_wconf 60' lang='grc' dir='ltr'>σῶκ</span> 
     </span>
    </p>
   </div>
   <div class='ocr_carea' id='block_1_69' title="bbox 204 4047 1765 4124">
    <p class='ocr_par' dir='ltr' id='par_1_69' title="bbox 204 4047 1765 4124">
     <span class='ocr_line' id='line_1_69' title="bbox 204 4047 1765 4124; baseline 0.001 -22"><span class='ocrx_word' id='word_1_478' title='bbox 204 4071 224 4102; x_wconf 70' lang='grc'><strong>1</strong></span> <span class='ocrx_word' id='word_1_479' title='bbox 266 4069 437 4120; x_wconf 86' lang='grc' dir='ltr'>στρα,</span> <span class='ocrx_word' id='word_1_480' title='bbox 467 4053 500 4121; x_wconf 80' lang='grc' dir='ltr'>ἢ</span> <span class='ocrx_word' id='word_1_481' title='bbox 529 4052 794 4123; x_wconf 84' lang='grc' dir='ltr'>εῦρετρα,</span> <span class='ocrx_word' id='word_1_482' title='bbox 913 4047 955 4120; x_wconf 81' lang='grc' dir='ltr'>ᾧ</span> <span class='ocrx_word' id='word_1_483' title='bbox 995 4054 1216 4124; x_wconf 76' lang='grc' dir='ltr'>ὀνόματι</span> <span class='ocrx_word' id='word_1_484' title='bbox 1263 4056 1432 4107; x_wconf 87' lang='grc' dir='ltr'>ταῦτα</span> <span class='ocrx_word' id='word_1_485' title='bbox 1482 4054 1765 4119; x_wconf 81' lang='grc' dir='ltr'>καλοῦσιν,</span> 
     </span>
    </p>
   </div>
   <div class='ocr_carea' id='block_1_70' title="bbox 207 4142 702 4206">
    <p class='ocr_par' dir='ltr' id='par_1_70' title="bbox 207 4142 702 4206">
     <span class='ocr_line' id='line_1_70' title="bbox 207 4142 702 4206; baseline 0.002 -14"><span class='ocrx_word' id='word_1_486' title='bbox 207 4161 226 4192; x_wconf 73' lang='grc' dir='ltr'><strong>ι</strong></span> <span class='ocrx_word' id='word_1_487' title='bbox 267 4142 653 4206; x_wconf 80' lang='grc' dir='ltr'>ἀπαιτοῦντας.</span> <span class='ocrx_word' id='word_1_488' title='bbox 686 4164 702 4193; x_wconf 73' lang='grc' dir='ltr'><strong>ι</strong></span> 
     </span>
    </p>
   </div>
   <div class='ocr_carea' id='block_1_71' title="bbox 271 4232 1769 4304">
    <p class='ocr_par' dir='ltr' id='par_1_71' title="bbox 271 4232 1769 4304">
     <span class='ocr_line' id='line_1_71' title="bbox 271 4232 1769 4304; baseline 0.001 -20"><span class='ocrx_word' id='word_1_489' title='bbox 271 4233 470 4285; x_wconf 83' lang='grc' dir='ltr'><strong>ΒΑΛΣ.</strong></span> <span class='ocrx_word' id='word_1_490' title='bbox 506 4234 921 4304; x_wconf 78' lang='grc' dir='ltr'>Ἀποδεξάμενος</span> <span class='ocrx_word' id='word_1_491' title='bbox 942 4232 1038 4303; x_wconf 76' lang='grc' dir='ltr'>τὴν</span> <span class='ocrx_word' id='word_1_492' title='bbox 1066 4232 1447 4299; x_wconf 84' lang='grc' dir='ltr'>ἀγαθοθέλειαν</span> <span class='ocrx_word' id='word_1_493' title='bbox 1468 4232 1574 4284; x_wconf 90' lang='grc' dir='ltr'><strong>τῶν</strong></span> <span class='ocrx_word' id='word_1_494' title='bbox 1605 4249 1769 4302; x_wconf 87' lang='grc' dir='ltr'>προσ-</span> 
     </span>
    </p>
   </div>
   <div class='ocr_carea' id='block_1_72' title="bbox 199 4323 1768 4393">
    <p class='ocr_par' dir='ltr' id='par_1_72' title="bbox 199 4323 1768 4393">
     <span class='ocr_line' id='line_1_72' title="bbox 199 4323 1768 4393; baseline -0.001 -15"><span class='ocrx_word' id='word_1_495' title='bbox 199 4323 572 4391; x_wconf 64' lang='grc' dir='ltr'>αγγείλάντων</span> <span class='ocrx_word' id='word_1_496' title='bbox 629 4328 852 4388; x_wconf 75' lang='grc' dir='ltr'>ἑαυτοὺς</span> <span class='ocrx_word' id='word_1_497' title='bbox 907 4325 1002 4376; x_wconf 72' lang='grc' dir='ltr'><strong>καὶ</strong></span> <span class='ocrx_word' id='word_1_498' title='bbox 1058 4323 1359 4375; x_wconf 84' lang='grc' dir='ltr'>ἀποδόντων</span> <span class='ocrx_word' id='word_1_499' title='bbox 1417 4324 1768 4393; x_wconf 79' lang='grc' dir='ltr'>εὐγνωμόνως</span> 
     </span>
    </p>
   </div>
   <div class='ocr_carea' id='block_1_73' title="bbox 199 4414 1767 4486">
    <p class='ocr_par' dir='ltr' id='par_1_73' title="bbox 199 4414 1767 4486">
     <span class='ocr_line' id='line_1_73' title="bbox 199 4414 1767 4486; baseline -0.001 -18"><span class='ocrx_word' id='word_1_500' title='bbox 199 4417 261 4468; x_wconf 75' lang='grc' dir='ltr'>τὸ</span> <span class='ocrx_word' id='word_1_501' title='bbox 294 4415 541 4485; x_wconf 70' lang='grc' dir='ltr'>εὕρεμα,</span> <span class='ocrx_word' id='word_1_502' title='bbox 574 4417 924 4486; x_wconf 86' lang='grc' dir='ltr'>προστίθησιν</span> <span class='ocrx_word' id='word_1_503' title='bbox 970 4416 998 4466; x_wconf 90' lang='grc' dir='ltr'>ὁ</span> <span class='ocrx_word' id='word_1_504' title='bbox 1043 4415 1234 4481; x_wconf 79' lang='grc' dir='ltr'>ἅγιος,</span> <span class='ocrx_word' id='word_1_505' title='bbox 1278 4414 1384 4476; x_wconf 84' lang='grc' dir='ltr'>ὼς,</span> <span class='ocrx_word' id='word_1_506' title='bbox 1433 4417 1478 4465; x_wconf 81' lang='grc' dir='ltr'><strong>εί</strong></span> <span class='ocrx_word' id='word_1_507' title='bbox 1528 4414 1767 4468; x_wconf 84' lang='grc' dir='ltr'>θέλουσιν</span> 
     </span>
    </p>
   </div>
   <div class='ocr_carea' id='block_1_74' title="bbox 200 4504 1796 4581">
    <p class='ocr_par' dir='ltr' id='par_1_74' title="bbox 200 4504 1796 4581">
     <span class='ocr_line' id='line_1_74' title="bbox 200 4504 1796 4581; baseline -0.002 -19"><span class='ocrx_word' id='word_1_508' title='bbox 200 4504 349 4563; x_wconf 68' lang='grc' dir='ltr'>οὗτοι</span> <span class='ocrx_word' id='word_1_509' title='bbox 396 4507 704 4578; x_wconf 81' lang='grc' dir='ltr'>λογισθῆναι</span> <span class='ocrx_word' id='word_1_510' title='bbox 752 4509 1032 4581; x_wconf 77' lang='grc' dir='ltr'>πληρωταὶ</span> <span class='ocrx_word' id='word_1_511' title='bbox 1067 4508 1166 4576; x_wconf 84' lang='grc' dir='ltr'>τῆς</span> <span class='ocrx_word' id='word_1_512' title='bbox 1210 4507 1426 4577; x_wconf 76' lang='grc' dir='ltr'>ἐντολῆς</span> <span class='ocrx_word' id='word_1_513' title='bbox 1479 4508 1570 4560; x_wconf 85' lang='grc' dir='ltr'><strong>τοῦ</strong></span> <span class='ocrx_word' id='word_1_514' title='bbox 1611 4514 1796 4571; x_wconf 61' lang='grc' dir='ltr'>Θεου,</span> 
     </span>
    </p>
   </div>
   <div class='ocr_carea' id='block_1_75' title="bbox 1871 3335 3413 3405">
    <p class='ocr_par' dir='ltr' id='par_1_75' title="bbox 1871 3335 3413 3405">
     <span class='ocr_line' id='line_1_75' title="bbox 1871 3335 3413 3405; baseline 0 -16"><span class='ocrx_word' id='word_1_515' title='bbox 1871 3337 2181 3404; x_wconf 88' lang='lat' dir='ltr'><strong>precatione</strong></span> <span class='ocrx_word' id='word_1_516' title='bbox 2209 3350 2427 3403; x_wconf 85' lang='lat' dir='ltr'><strong>quoque</strong></span> <span class='ocrx_word' id='word_1_517' title='bbox 2449 3335 2595 3405; x_wconf 81' lang='lat' dir='ltr'><strong>digni</strong></span> <span class='ocrx_word' id='word_1_518' title='bbox 2629 3338 2927 3392; x_wconf 83' lang='lat' dir='ltr'><strong>habeantur</strong></span> <span class='ocrx_word' id='word_1_519' title='bbox 2957 3358 2968 3391; x_wconf 88' lang='lat'>:</span> <span class='ocrx_word' id='word_1_520' title='bbox 3006 3339 3105 3393; x_wconf 91' lang='lat' dir='ltr'><strong>hoc</strong></span> <span class='ocrx_word' id='word_1_521' title='bbox 3130 3350 3229 3400; x_wconf 81' lang='lat' dir='ltr'><strong>est,</strong></span> <span class='ocrx_word' id='word_1_522' title='bbox 3259 3341 3321 3392; x_wconf 87' lang='lat' dir='ltr'><strong>ad</strong></span> <span class='ocrx_word' id='word_1_523' title='bbox 3352 3341 3413 3390; x_wconf 89' lang='lat' dir='ltr'><strong>li-</strong></span> 
     </span>
    </p>
   </div>
   <div class='ocr_carea' id='block_1_76' title="bbox 1870 3427 3416 3494">
    <p class='ocr_par' dir='ltr' id='par_1_76' title="bbox 1870 3427 3416 3494">
     <span class='ocr_line' id='line_1_76' title="bbox 1870 3427 3416 3494; baseline 0.002 -16"><span class='ocrx_word' id='word_1_524' title='bbox 1870 3439 2186 3492; x_wconf 89' lang='lat' dir='ltr'><strong>nemusque</strong></span> <span class='ocrx_word' id='word_1_525' title='bbox 2213 3427 2545 3494; x_wconf 82' lang='lat' dir='ltr'><strong>precationis</strong></span> <span class='ocrx_word' id='word_1_526' title='bbox 2575 3444 2696 3481; x_wconf 90' lang='lat' dir='ltr'><strong>eum</strong></span> <span class='ocrx_word' id='word_1_527' title='bbox 2730 3429 2973 3481; x_wconf 81' lang='lat' dir='ltr'><strong>ﬁdelibus</strong></span> <span class='ocrx_word' id='word_1_528' title='bbox 3000 3431 3318 3493; x_wconf 87' lang='lat' dir='ltr'><strong>consistant,</strong></span> <span class='ocrx_word' id='word_1_529' title='bbox 3354 3445 3416 3481; x_wconf 83' lang='lat' dir='ltr'><strong>ac</strong></span> 
     </span>
    </p>
   </div>
   <div class='ocr_carea' id='block_1_77' title="bbox 1870 3515 3410 3576">
    <p class='ocr_par' dir='ltr' id='par_1_77' title="bbox 1870 3515 3410 3576">
     <span class='ocr_line' id='line_1_77' title="bbox 1870 3515 3410 3576; baseline -0.003 -10"><span class='ocrx_word' id='word_1_530' title='bbox 1870 3531 1897 3566; x_wconf 90' lang='lat' dir='ltr'><strong>a</strong></span> <span class='ocrx_word' id='word_1_531' title='bbox 1935 3523 2116 3566; x_wconf 88' lang='lat' dir='ltr'><strong>saneta</strong></span> <span class='ocrx_word' id='word_1_532' title='bbox 2154 3515 2536 3568; x_wconf 88' lang='lat' dir='ltr'><strong>communione</strong></span> <span class='ocrx_word' id='word_1_533' title='bbox 2585 3516 2957 3567; x_wconf 88' lang='lat' dir='ltr'><strong>tantunnnodo</strong></span> <span class='ocrx_word' id='word_1_534' title='bbox 2984 3523 3300 3576; x_wconf 84' lang='lat' dir='ltr'><strong>arceantur;</strong></span> <span class='ocrx_word' id='word_1_535' title='bbox 3330 3515 3410 3562; x_wconf 82' lang='lat' dir='ltr'><strong>vi-</strong></span> 
     </span>
    </p>
   </div>
   <div class='ocr_carea' id='block_1_78' title="bbox 1867 3603 3412 3671">
    <p class='ocr_par' dir='ltr' id='par_1_78' title="bbox 1867 3603 3412 3671">
     <span class='ocr_line' id='line_1_78' title="bbox 1867 3603 3412 3671; baseline 0.001 -17"><span class='ocrx_word' id='word_1_536' title='bbox 1867 3603 2056 3655; x_wconf 87' lang='lat' dir='ltr'><strong>delicet</strong></span> <span class='ocrx_word' id='word_1_537' title='bbox 2098 3605 2398 3669; x_wconf 88' lang='lat' dir='ltr'><strong>usquedum</strong></span> <span class='ocrx_word' id='word_1_538' title='bbox 2437 3603 2803 3671; x_wconf 73' lang='lat' dir='ltr'><strong>paenitentiam</strong></span> <span class='ocrx_word' id='word_1_539' title='bbox 2849 3603 3206 3669; x_wconf 80' lang='lat' dir='ltr'><strong>ostenderint,</strong></span> <span class='ocrx_word' id='word_1_540' title='bbox 3230 3611 3282 3654; x_wconf 89' lang='lat' dir='ltr'><strong>et</strong></span> <span class='ocrx_word' id='word_1_541' title='bbox 3314 3603 3412 3655; x_wconf 85' lang='lat' dir='ltr'><strong>hac</strong></span> 
     </span>
    </p>
   </div>
   <div class='ocr_carea' id='block_1_79' title="bbox 1869 3694 2682 3762">
    <p class='ocr_par' dir='ltr' id='par_1_79' title="bbox 1869 3694 2682 3762">
     <span class='ocr_line' id='line_1_79' title="bbox 1869 3694 2682 3762; baseline 0 -18"><span class='ocrx_word' id='word_1_542' title='bbox 1869 3707 2083 3761; x_wconf 78' lang='lat' dir='ltr'><strong>quoque</strong></span> <span class='ocrx_word' id='word_1_543' title='bbox 2107 3694 2254 3762; x_wconf 80' lang='lat' dir='ltr'><strong>digiti</strong></span> <span class='ocrx_word' id='word_1_544' title='bbox 2286 3695 2682 3747; x_wconf 78' lang='lat' dir='ltr'><strong>existimentur.</strong></span> 
     </span>
    </p>
   </div>
   <div class='ocr_carea' id='block_1_80' title="bbox 2477 3780 2800 3835">
    <p class='ocr_par' dir='ltr' id='par_1_80' title="bbox 2477 3780 2800 3835">
     <span class='ocr_line' id='line_1_80' title="bbox 2477 3780 2800 3835; baseline -0.003 0"><span class='ocrx_word' id='word_1_545' title='bbox 2477 3780 2702 3835; x_wconf 76' lang='lat' dir='ltr'><strong>CANON</strong></span> <span class='ocrx_word' id='word_1_546' title='bbox 2735 3782 2800 3835; x_wconf 73' lang='grc' dir='ltr'>Χ.</span> 
     </span>
    </p>
   </div>
   <div class='ocr_carea' id='block_1_81' title="bbox 1944 3874 3417 3944">
    <p class='ocr_par' dir='ltr' id='par_1_81' title="bbox 1944 3874 3417 3944">
     <span class='ocr_line' id='line_1_81' title="bbox 1944 3874 3417 3944; baseline 0.001 -19"><span class='ocrx_word' id='word_1_547' title='bbox 1944 3895 1962 3925; x_wconf 72' lang='grc' dir='ltr'><strong>ι</strong></span> <span class='ocrx_word' id='word_1_548' title='bbox 2008 3875 2114 3930; x_wconf 87' lang='lat' dir='ltr'><strong>Eos</strong></span> <span class='ocrx_word' id='word_1_549' title='bbox 2143 3885 2322 3929; x_wconf 91' lang='lat' dir='ltr'><strong>autem</strong></span> <span class='ocrx_word' id='word_1_550' title='bbox 2353 3874 2446 3940; x_wconf 90' lang='lat' dir='ltr'><strong>qui</strong></span> <span class='ocrx_word' id='word_1_551' title='bbox 2474 3883 2693 3926; x_wconf 84' lang='lat' dir='ltr'><strong>servant</strong></span> <span class='ocrx_word' id='word_1_552' title='bbox 2719 3875 2990 3941; x_wconf 87' lang='lat' dir='ltr'><strong>mandata,</strong></span> <span class='ocrx_word' id='word_1_553' title='bbox 3037 3876 3239 3944; x_wconf 84' lang='lat' dir='ltr'><strong>absque</strong></span> <span class='ocrx_word' id='word_1_554' title='bbox 3270 3877 3417 3927; x_wconf 70' lang='lat' dir='ltr'><strong>(mini</strong></span> 
     </span>
    </p>
   </div>
   <div class='ocr_carea' id='block_1_82' title="bbox 1873 3966 3414 4035">
    <p class='ocr_par' dir='ltr' id='par_1_82' title="bbox 1873 3966 3414 4035">
     <span class='ocr_line' id='line_1_82' title="bbox 1873 3966 3414 4035; baseline 0.001 -19"><span class='ocrx_word' id='word_1_555' title='bbox 1873 3984 1890 4016; x_wconf 74' lang='grc' dir='ltr'><strong>ι</strong></span> <span class='ocrx_word' id='word_1_556' title='bbox 1935 3967 2076 4035; x_wconf 91' lang='lat' dir='ltr'><strong>turpi</strong></span> <span class='ocrx_word' id='word_1_557' title='bbox 2127 3967 2280 4019; x_wconf 91' lang='lat' dir='ltr'><strong>lucro</strong></span> <span class='ocrx_word' id='word_1_558' title='bbox 2307 3978 2524 4016; x_wconf 85' lang='lat' dir='ltr'><strong>servare</strong></span> <span class='ocrx_word' id='word_1_559' title='bbox 2551 3974 2795 4032; x_wconf 91' lang='lat' dir='ltr'><strong>oportet;</strong></span> <span class='ocrx_word' id='word_1_560' title='bbox 2851 3981 2948 4020; x_wconf 90' lang='lat' dir='ltr'><strong>nec</strong></span> <span class='ocrx_word' id='word_1_561' title='bbox 2980 3967 3160 4020; x_wconf 90' lang='lat' dir='ltr'><strong>indicii</strong></span> <span class='ocrx_word' id='word_1_562' title='bbox 3195 3966 3272 4016; x_wconf 81' lang='lat' dir='ltr'><strong>\‘cl</strong></span> <span class='ocrx_word' id='word_1_563' title='bbox 3317 3981 3414 4019; x_wconf 84' lang='lat' dir='ltr'><strong>cu-</strong></span> 
     </span>
    </p>
   </div>
   <div class='ocr_carea' id='block_1_83' title="bbox 1873 4052 3418 4124">
    <p class='ocr_par' dir='ltr' id='par_1_83' title="bbox 1873 4052 3418 4124">
     <span class='ocr_line' id='line_1_83' title="bbox 1873 4052 3418 4124; baseline 0.001 -18"><span class='ocrx_word' id='word_1_564' title='bbox 1873 4075 1890 4106; x_wconf 76' lang='grc' dir='ltr'>σ</span> <span class='ocrx_word' id='word_1_565' title='bbox 1932 4058 2139 4120; x_wconf 75' lang='lat' dir='ltr'><strong>stodize,</strong></span> <span class='ocrx_word' id='word_1_566' title='bbox 2181 4053 2262 4106; x_wconf 85' lang='lat' dir='ltr'><strong>vel</strong></span> <span class='ocrx_word' id='word_1_567' title='bbox 2303 4052 2630 4108; x_wconf 89' lang='lat' dir='ltr'><strong>inventionis</strong></span> <span class='ocrx_word' id='word_1_568' title='bbox 2661 4057 2912 4124; x_wconf 85' lang='lat' dir='ltr'><strong>pretium,</strong></span> <span class='ocrx_word' id='word_1_569' title='bbox 2960 4056 3040 4110; x_wconf 88' lang='lat' dir='ltr'><strong>vel</strong></span> <span class='ocrx_word' id='word_1_570' title='bbox 3094 4069 3418 4123; x_wconf 86' lang='lat' dir='ltr'><strong>quocunque</strong></span> 
     </span>
    </p>
   </div>
   <div class='ocr_carea' id='block_1_84' title="bbox 1873 4145 2998 4214">
    <p class='ocr_par' dir='ltr' id='par_1_84' title="bbox 1873 4145 2998 4214">
     <span class='ocr_line' id='line_1_84' title="bbox 1873 4145 2998 4214; baseline -0.005 -13"><span class='ocrx_word' id='word_1_571' title='bbox 1873 4166 1894 4200; x_wconf 76' lang='grc' dir='ltr'>ι</span> <span class='ocrx_word' id='word_1_572' title='bbox 1941 4149 2156 4201; x_wconf 92' lang='lat' dir='ltr'><strong>nomine</strong></span> <span class='ocrx_word' id='word_1_573' title='bbox 2186 4145 2288 4199; x_wconf 83' lang='lat' dir='ltr'><strong>hoc</strong></span> <span class='ocrx_word' id='word_1_574' title='bbox 2326 4145 2614 4212; x_wconf 86' lang='lat' dir='ltr'><strong>appellant,</strong></span> <span class='ocrx_word' id='word_1_575' title='bbox 2646 4147 2937 4214; x_wconf 80' lang='lat' dir='ltr'><strong>exigentes.</strong></span> <span class='ocrx_word' id='word_1_576' title='bbox 2980 4163 2998 4195; x_wconf 75' lang='grc' dir='ltr'><strong>ι</strong></span> 
     </span>
    </p>
   </div>
   <div class='ocr_carea' id='block_1_85' title="bbox 1938 4235 3417 4291">
    <p class='ocr_par' dir='ltr' id='par_1_85' title="bbox 1938 4235 3417 4291">
     <span class='ocr_line' id='line_1_85' title="bbox 1938 4235 3417 4291; baseline -0.003 0"><span class='ocrx_word' id='word_1_577' title='bbox 1938 4238 2097 4291; x_wconf 65' lang='lat' dir='ltr'><strong>lius.</strong></span> <span class='ocrx_word' id='word_1_578' title='bbox 2121 4235 2258 4289; x_wconf 84' lang='lat' dir='ltr'><strong>Cum</strong></span> <span class='ocrx_word' id='word_1_579' title='bbox 2299 4236 2608 4289; x_wconf 77' lang='lat' dir='ltr'><strong>admisisset</strong></span> <span class='ocrx_word' id='word_1_580' title='bbox 2641 4243 2859 4288; x_wconf 92' lang='lat' dir='ltr'><strong>sanctus</strong></span> <span class='ocrx_word' id='word_1_581' title='bbox 2883 4235 3076 4285; x_wconf 90' lang='lat' dir='ltr'><strong>bonam</strong></span> <span class='ocrx_word' id='word_1_582' title='bbox 3108 4246 3296 4286; x_wconf 88' lang='lat' dir='ltr'><strong>eorum</strong></span> <span class='ocrx_word' id='word_1_583' title='bbox 3323 4247 3417 4287; x_wconf 83' lang='lat' dir='ltr'><strong>vo-</strong></span> 
     </span>
    </p>
   </div>
   <div class='ocr_carea' id='block_1_86' title="bbox 1869 4321 3411 4393">
    <p class='ocr_par' dir='ltr' id='par_1_86' title="bbox 1869 4321 3411 4393">
     <span class='ocr_line' id='line_1_86' title="bbox 1869 4321 3411 4393; baseline -0.003 -13"><span class='ocrx_word' id='word_1_584' title='bbox 1869 4327 2150 4389; x_wconf 85' lang='lat' dir='ltr'><strong>luntatem,</strong></span> <span class='ocrx_word' id='word_1_585' title='bbox 2172 4326 2264 4393; x_wconf 87' lang='lat' dir='ltr'><strong>qui</strong></span> <span class='ocrx_word' id='word_1_586' title='bbox 2298 4339 2355 4378; x_wconf 85' lang='lat' dir='ltr'><strong>se</strong></span> <span class='ocrx_word' id='word_1_587' title='bbox 2385 4325 2534 4392; x_wconf 89' lang='lat' dir='ltr'><strong>ipsos</strong></span> <span class='ocrx_word' id='word_1_588' title='bbox 2557 4324 2864 4377; x_wconf 85' lang='lat' dir='ltr'><strong>detulerunt</strong></span> <span class='ocrx_word' id='word_1_589' title='bbox 2908 4331 2959 4374; x_wconf 89' lang='lat' dir='ltr'><strong>et</strong></span> <span class='ocrx_word' id='word_1_590' title='bbox 3016 4322 3291 4375; x_wconf 90' lang='lat' dir='ltr'><strong>inventum</strong></span> <span class='ocrx_word' id='word_1_591' title='bbox 3319 4321 3411 4376; x_wconf 85' lang='lat' dir='ltr'><strong>be-</strong></span> 
     </span>
    </p>
   </div>
   <div class='ocr_carea' id='block_1_87' title="bbox 1869 4412 3415 4482">
    <p class='ocr_par' dir='ltr' id='par_1_87' title="bbox 1869 4412 3415 4482">
     <span class='ocr_line' id='line_1_87' title="bbox 1869 4412 3415 4482; baseline -0.005 -11"><span class='ocrx_word' id='word_1_592' title='bbox 1869 4417 2058 4471; x_wconf 78' lang='lat' dir='ltr'><strong>nevole</strong></span> <span class='ocrx_word' id='word_1_593' title='bbox 2079 4416 2451 4475; x_wconf 88' lang='lat' dir='ltr'><strong>reddiderunt,</strong></span> <span class='ocrx_word' id='word_1_594' title='bbox 2471 4415 2834 4482; x_wconf 84' lang='lat' dir='ltr'><strong>adjicit,quod</strong></span> <span class='ocrx_word' id='word_1_595' title='bbox 2861 4415 2904 4465; x_wconf 89' lang='lat' dir='ltr'><strong>si</strong></span> <span class='ocrx_word' id='word_1_596' title='bbox 2933 4413 2968 4466; x_wconf 90' lang='lat' dir='ltr'><strong>ii</strong></span> <span class='ocrx_word' id='word_1_597' title='bbox 2995 4413 3154 4466; x_wconf 90' lang='lat' dir='ltr'><strong>velint</strong></span> <span class='ocrx_word' id='word_1_598' title='bbox 3185 4412 3415 4465; x_wconf 88' lang='lat' dir='ltr'><strong>mandati</strong></span> 
     </span>
    </p>
   </div>
   <div class='ocr_carea' id='block_1_88' title="bbox 1872 4503 3416 4574">
    <p class='ocr_par' dir='ltr' id='par_1_88' title="bbox 1872 4503 3416 4574">
     <span class='ocr_line' id='line_1_88' title="bbox 1872 4503 3416 4574; baseline -0.005 -12"><span class='ocrx_word' id='word_1_599' title='bbox 1872 4508 1960 4562; x_wconf 91' lang='lat' dir='ltr'><strong>Dei</strong></span> <span class='ocrx_word' id='word_1_600' title='bbox 1987 4509 2363 4563; x_wconf 82' lang='lat' dir='ltr'><strong>observatOres</strong></span> <span class='ocrx_word' id='word_1_601' title='bbox 2387 4505 2576 4568; x_wconf 84' lang='lat' dir='ltr'><strong>videri,</strong></span> <span class='ocrx_word' id='word_1_602' title='bbox 2609 4505 2805 4558; x_wconf 88' lang='lat' dir='ltr'><strong>debent</strong></span> <span class='ocrx_word' id='word_1_603' title='bbox 2830 4506 3030 4573; x_wconf 85' lang='lat' dir='ltr'><strong>absque</strong></span> <span class='ocrx_word' id='word_1_604' title='bbox 3062 4506 3264 4574; x_wconf 89' lang='lat' dir='ltr'><strong>quovis&#39;</strong></span> <span class='ocrx_word' id='word_1_605' title='bbox 3279 4503 3416 4571; x_wconf 88' lang='lat' dir='ltr'><strong>turpi</strong></span> 
     </span>
    </p>
   </div>
   <div class='ocr_carea' id='block_1_89' title="bbox 201 4589 1765 4671">
    <p class='ocr_par' dir='ltr' id='par_1_89' title="bbox 201 4597 1765 4671">
     <span class='ocr_line' id='line_1_89' title="bbox 201 4597 1765 4671; baseline -0.003 -18"><span class='ocrx_word' id='word_1_606' title='bbox 201 4601 479 4669; x_wconf 71' lang='grc' dir='ltr'>ὀφείλουσι</span> <span class='ocrx_word' id='word_1_607' title='bbox 539 4599 705 4670; x_wconf 72' lang='grc' dir='ltr'>χωρὶς</span> <span class='ocrx_word' id='word_1_608' title='bbox 751 4599 976 4671; x_wconf 77' lang='grc' dir='ltr'>αἰσχροῦ</span> <span class='ocrx_word' id='word_1_609' title='bbox 1024 4599 1246 4668; x_wconf 76' lang='grc' dir='ltr'>κέρδους</span> <span class='ocrx_word' id='word_1_610' title='bbox 1280 4597 1390 4648; x_wconf 82' lang='grc' dir='ltr'>οἴου</span> <span class='ocrx_word' id='word_1_611' title='bbox 1414 4598 1475 4668; x_wconf 85' lang='grc' dir='ltr'>δή</span> <span class='ocrx_word' id='word_1_612' title='bbox 1500 4615 1638 4661; x_wconf 88' lang='grc' dir='ltr'>τινος</span> <span class='ocrx_word' id='word_1_613' title='bbox 1671 4599 1765 4667; x_wconf 83' lang='grc' dir='ltr'>τὴν</span> 
     </span>
    </p>
   </div>
   <div class='ocr_carea' id='block_1_90' title="bbox 1867 4589 3414 4671">
    <p class='ocr_par' dir='ltr' id='par_1_90' title="bbox 1869 4595 3414 4657">
     <span class='ocr_line' id='line_1_90' title="bbox 1869 4595 3414 4657; baseline -0.002 -6"><span class='ocrx_word' id='word_1_614' title='bbox 1869 4599 2022 4654; x_wconf 86' lang='lat' dir='ltr'><strong>lucro</strong></span> <span class='ocrx_word' id='word_1_615' title='bbox 2050 4616 2164 4654; x_wconf 84' lang='lat' dir='ltr'><strong>rem</strong></span> <span class='ocrx_word' id='word_1_616' title='bbox 2203 4600 2470 4652; x_wconf 90' lang='lat' dir='ltr'><strong>inventam</strong></span> <span class='ocrx_word' id='word_1_617' title='bbox 2503 4597 2744 4650; x_wconf 81' lang='lat' dir='ltr'><strong>reddere.</strong></span> <span class='ocrx_word' id='word_1_618' title='bbox 2789 4595 3072 4650; x_wconf 78' lang='lat' dir='ltr'><strong>Deﬁnitum</strong></span> <span class='ocrx_word' id='word_1_619' title='bbox 3108 4607 3284 4649; x_wconf 89' lang='lat' dir='ltr'><strong>antem</strong></span> <span class='ocrx_word' id='word_1_620' title='bbox 3315 4604 3414 4657; x_wconf 88' lang='lat' dir='ltr'><strong>est,</strong></span> 
     </span>
    </p>
   </div>
   <div class='ocr_carea' id='block_1_91' title="bbox 202 4686 1768 4758">
    <p class='ocr_par' dir='ltr' id='par_1_91' title="bbox 202 4686 1768 4758">
     <span class='ocr_line' id='line_1_91' title="bbox 202 4686 1768 4758; baseline -0.004 -14"><span class='ocrx_word' id='word_1_621' title='bbox 202 4691 458 4744; x_wconf 75' lang='grc' dir='ltr'>ἀπόδοσιν</span> <span class='ocrx_word' id='word_1_622' title='bbox 489 4686 584 4740; x_wconf 87' lang='grc' dir='ltr'><strong>τοῦ</strong></span> <span class='ocrx_word' id='word_1_623' title='bbox 618 4688 914 4758; x_wconf 80' lang='grc' dir='ltr'>εὑρέματος</span> <span class='ocrx_word' id='word_1_624' title='bbox 946 4692 1134 4742; x_wconf 85' lang='grc' dir='ltr'>ποιεῖν.</span> <span class='ocrx_word' id='word_1_625' title='bbox 1175 4686 1388 4757; x_wconf 85' lang='grc' dir='ltr'>Ὠρίσθη</span> <span class='ocrx_word' id='word_1_626' title='bbox 1419 4688 1472 4740; x_wconf 85' lang='grc' dir='ltr'>δὲ</span> <span class='ocrx_word' id='word_1_627' title='bbox 1498 4689 1572 4758; x_wconf 77' lang='grc' dir='ltr'><strong>μὴ</strong></span> <span class='ocrx_word' id='word_1_628' title='bbox 1606 4691 1768 4740; x_wconf 86' lang='grc' dir='ltr'>άπαι-</span> 
     </span>
    </p>
   </div>
   <div class='ocr_carea' id='block_1_92' title="bbox 200 4777 1768 4851">
    <p class='ocr_par' dir='ltr' id='par_1_92' title="bbox 200 4777 1768 4851">
     <span class='ocr_line' id='line_1_92' title="bbox 200 4777 1768 4851; baseline -0.004 -14"><span class='ocrx_word' id='word_1_629' title='bbox 200 4783 416 4836; x_wconf 82' lang='grc' dir='ltr'>τείσθαι</span> <span class='ocrx_word' id='word_1_630' title='bbox 464 4779 614 4850; x_wconf 74' lang='grc' dir='ltr'>παρὰ</span> <span class='ocrx_word' id='word_1_631' title='bbox 668 4778 760 4830; x_wconf 85' lang='grc' dir='ltr'><strong>τοῦ</strong></span> <span class='ocrx_word' id='word_1_632' title='bbox 817 4781 1107 4851; x_wconf 83' lang='grc' dir='ltr'>εὑρηκότος</span> <span class='ocrx_word' id='word_1_633' title='bbox 1157 4779 1222 4829; x_wconf 84' lang='grc' dir='ltr'><strong>ἐκ</strong></span> <span class='ocrx_word' id='word_1_634' title='bbox 1283 4777 1374 4829; x_wconf 85' lang='grc' dir='ltr'><strong>τοῦ</strong></span> <span class='ocrx_word' id='word_1_635' title='bbox 1437 4779 1630 4850; x_wconf 82' lang='grc' dir='ltr'>μέρους</span> <span class='ocrx_word' id='word_1_636' title='bbox 1675 4778 1768 4830; x_wconf 92' lang='grc' dir='ltr'><strong>τοῦ</strong></span> 
     </span>
    </p>
   </div>
   <div class='ocr_carea' id='block_1_93' title="bbox 203 4867 1770 4942">
    <p class='ocr_par' dir='ltr' id='par_1_93' title="bbox 203 4867 1770 4942">
     <span class='ocr_line' id='line_1_93' title="bbox 203 4867 1770 4942; baseline 0.001 -19"><span class='ocrx_word' id='word_1_637' title='bbox 203 4869 556 4942; x_wconf 66' lang='grc' dir='ltr'>αἰχμαλώτου</span> <span class='ocrx_word' id='word_1_638' title='bbox 593 4869 836 4940; x_wconf 88' lang='grc' dir='ltr'>μήνυτρα</span> <span class='ocrx_word' id='word_1_639' title='bbox 881 4871 912 4939; x_wconf 82' lang='grc' dir='ltr'><strong>ἦ</strong></span> <span class='ocrx_word' id='word_1_640' title='bbox 947 4867 1161 4942; x_wconf 88' lang='grc' dir='ltr'>σῶστρα</span> <span class='ocrx_word' id='word_1_641' title='bbox 1190 4871 1222 4939; x_wconf 79' lang='grc' dir='ltr'><strong>ἢ</strong></span> <span class='ocrx_word' id='word_1_642' title='bbox 1254 4867 1483 4940; x_wconf 79' lang='grc' dir='ltr'>εῦρετρα</span> <span class='ocrx_word' id='word_1_643' title='bbox 1506 4909 1520 4932; x_wconf 90' lang='grc'><strong>,</strong></span> <span class='ocrx_word' id='word_1_644' title='bbox 1569 4870 1600 4940; x_wconf 82' lang='grc' dir='ltr'>ἢ</span> <span class='ocrx_word' id='word_1_645' title='bbox 1643 4871 1770 4924; x_wconf 85' lang='grc' dir='ltr'>ἄλλο</span> 
     </span>
    </p>
   </div>
   <div class='ocr_carea' id='block_1_94' title="bbox 201 4953 1767 5032">
    <p class='ocr_par' dir='ltr' id='par_1_94' title="bbox 201 4953 1767 5032">
     <span class='ocr_line' id='line_1_94' title="bbox 201 4953 1767 5032; baseline 0 -17"><span class='ocrx_word' id='word_1_646' title='bbox 201 4978 276 5023; x_wconf 82' lang='grc' dir='ltr'><strong>τι,</strong></span> <span class='ocrx_word' id='word_1_647' title='bbox 305 4963 396 5015; x_wconf 81' lang='grc' dir='ltr'><strong>διὰ</strong></span> <span class='ocrx_word' id='word_1_648' title='bbox 421 4961 484 5015; x_wconf 79' lang='grc' dir='ltr'><strong>τὸ</strong></span> <span class='ocrx_word' id='word_1_649' title='bbox 519 4961 593 5032; x_wconf 81' lang='grc' dir='ltr'>μὴ</span> <span class='ocrx_word' id='word_1_650' title='bbox 624 4959 681 5026; x_wconf 82' lang='grc' dir='ltr'><strong>ἐξ</strong></span> <span class='ocrx_word' id='word_1_651' title='bbox 716 4953 972 5029; x_wconf 84' lang='grc' dir='ltr'>ἀμελείας</span> <span class='ocrx_word' id='word_1_652' title='bbox 1011 4962 1118 5014; x_wconf 88' lang='grc' dir='ltr'><strong>τῶν</strong></span> <span class='ocrx_word' id='word_1_653' title='bbox 1159 4959 1429 5012; x_wconf 88' lang='grc' dir='ltr'>δεσποτῶν</span> <span class='ocrx_word' id='word_1_654' title='bbox 1477 4962 1508 5030; x_wconf 84' lang='grc' dir='ltr'>ἢ</span> <span class='ocrx_word' id='word_1_655' title='bbox 1554 4962 1647 5014; x_wconf 76' lang='grc' dir='ltr'><strong>καὶ</strong></span> <span class='ocrx_word' id='word_1_656' title='bbox 1673 4981 1767 5014; x_wconf 88' lang='grc' dir='ltr'>τυ-</span> 
     </span>
    </p>
   </div>
   <div class='ocr_carea' id='block_1_95' title="bbox 204 5049 1770 5123">
    <p class='ocr_par' dir='ltr' id='par_1_95' title="bbox 204 5049 1770 5123">
     <span class='ocr_line' id='line_1_95' title="bbox 204 5049 1770 5123; baseline 0.002 -20"><span class='ocrx_word' id='word_1_657' title='bbox 204 5055 374 5122; x_wconf 86' lang='grc' dir='ltr'>χαίως</span> <span class='ocrx_word' id='word_1_658' title='bbox 402 5053 650 5122; x_wconf 80' lang='grc' dir='ltr'>γενέσθαι</span> <span class='ocrx_word' id='word_1_659' title='bbox 677 5050 772 5120; x_wconf 78' lang='grc' dir='ltr'>τὴν</span> <span class='ocrx_word' id='word_1_660' title='bbox 795 5049 1086 5116; x_wconf 84' lang='grc' dir='ltr'>ἀπώλειαν,</span> <span class='ocrx_word' id='word_1_661' title='bbox 1111 5051 1244 5105; x_wconf 87' lang='grc' dir='ltr'><strong>άλλά</strong></span> <span class='ocrx_word' id='word_1_662' title='bbox 1273 5052 1380 5103; x_wconf 86' lang='grc' dir='ltr'><strong>ἀπὸ</strong></span> <span class='ocrx_word' id='word_1_663' title='bbox 1401 5055 1770 5123; x_wconf 84' lang='grc' dir='ltr'>περιστάσεως</span> 
     </span>
    </p>
   </div>
   <div class='ocr_carea' id='block_1_96' title="bbox 209 5142 1772 5218">
    <p class='ocr_par' dir='ltr' id='par_1_96' title="bbox 209 5142 1772 5218">
     <span class='ocr_line' id='line_1_96' title="bbox 209 5142 1772 5218; baseline 0.006 -23"><span class='ocrx_word' id='word_1_664' title='bbox 209 5146 453 5216; x_wconf 82' lang='grc' dir='ltr'>μεγάλης</span> <span class='ocrx_word' id='word_1_665' title='bbox 492 5146 586 5198; x_wconf 78' lang='grc' dir='ltr'><strong>καὶ</strong></span> <span class='ocrx_word' id='word_1_666' title='bbox 629 5142 926 5214; x_wconf 78' lang='grc' dir='ltr'>ἐπιδρομῆς</span> <span class='ocrx_word' id='word_1_667' title='bbox 969 5143 1322 5217; x_wconf 75' lang='grc' dir='ltr'>βαρϐαρικῆς.</span> <span class='ocrx_word' id='word_1_668' title='bbox 1355 5147 1416 5198; x_wconf 88' lang='grc' dir='ltr'><strong>Οἱ</strong></span> <span class='ocrx_word' id='word_1_669' title='bbox 1459 5147 1567 5216; x_wconf 73' lang='grc' dir='ltr'>γὰρ</span> <span class='ocrx_word' id='word_1_670' title='bbox 1609 5147 1772 5218; x_wconf 80' lang='grc' dir='ltr'>εὑρη-</span> 
     </span>
    </p>
   </div>
   <div class='ocr_carea' id='block_1_97' title="bbox 206 5235 1770 5308">
    <p class='ocr_par' dir='ltr' id='par_1_97' title="bbox 206 5235 1770 5308">
     <span class='ocr_line' id='line_1_97' title="bbox 206 5235 1770 5308; baseline 0.003 -21"><span class='ocrx_word' id='word_1_671' title='bbox 206 5235 364 5298; x_wconf 88' lang='grc' dir='ltr'>κότες</span> <span class='ocrx_word' id='word_1_672' title='bbox 397 5239 693 5308; x_wconf 86' lang='grc' dir='ltr'>πράγματα</span> <span class='ocrx_word' id='word_1_673' title='bbox 724 5235 783 5300; x_wconf 79' lang='grc' dir='ltr'><strong>ἐξ</strong></span> <span class='ocrx_word' id='word_1_674' title='bbox 812 5235 1065 5304; x_wconf 81' lang='grc' dir='ltr'>ἀμελείας</span> <span class='ocrx_word' id='word_1_675' title='bbox 1097 5239 1203 5291; x_wconf 88' lang='grc' dir='ltr'><strong>τῶν</strong></span> <span class='ocrx_word' id='word_1_676' title='bbox 1237 5237 1505 5291; x_wconf 86' lang='grc' dir='ltr'>δεσποτῶν</span> <span class='ocrx_word' id='word_1_677' title='bbox 1538 5238 1570 5308; x_wconf 83' lang='grc' dir='ltr'>ἢ</span> <span class='ocrx_word' id='word_1_678' title='bbox 1604 5238 1770 5308; x_wconf 84' lang='grc' dir='ltr'>τύχης</span> 
     </span>
    </p>
   </div>
   <div class='ocr_carea' id='block_1_98' title="bbox 208 5327 1772 5397">
    <p class='ocr_par' dir='ltr' id='par_1_98' title="bbox 208 5327 1772 5397">
     <span class='ocr_line' id='line_1_98' title="bbox 208 5327 1772 5397; baseline 0.001 -18"><span class='ocrx_word' id='word_1_679' title='bbox 208 5328 595 5393; x_wconf 75' lang='grc' dir='ltr'>ἁπολεσθέντα,</span> <span class='ocrx_word' id='word_1_680' title='bbox 626 5331 718 5385; x_wconf 72' lang='grc' dir='ltr'>καὶ</span> <span class='ocrx_word' id='word_1_681' title='bbox 740 5327 1208 5395; x_wconf 83' lang='grc' dir='ltr'>ἀποκαθιστῶντες</span> <span class='ocrx_word' id='word_1_682' title='bbox 1237 5331 1429 5394; x_wconf 89' lang='grc' dir='ltr'>ταῦτα,</span> <span class='ocrx_word' id='word_1_683' title='bbox 1452 5331 1772 5397; x_wconf 87' lang='grc' dir='ltr'>ἀπαιτοῦσιν</span> 
     </span>
    </p>
   </div>
   <div class='ocr_carea' id='block_1_99' title="bbox 209 5417 1769 5490">
    <p class='ocr_par' dir='ltr' id='par_1_99' title="bbox 209 5417 1769 5490">
     <span class='ocr_line' id='line_1_99' title="bbox 209 5417 1769 5490; baseline 0.001 -20"><span class='ocrx_word' id='word_1_684' title='bbox 209 5417 461 5490; x_wconf 80' lang='grc' dir='ltr'>εῦρετρα.</span> <span class='ocrx_word' id='word_1_685' title='bbox 495 5421 676 5486; x_wconf 81' lang='grc' dir='ltr'>καθὼς</span> <span class='ocrx_word' id='word_1_686' title='bbox 705 5421 863 5476; x_wconf 87' lang='grc' dir='ltr'>τοῦτο</span> <span class='ocrx_word' id='word_1_687' title='bbox 888 5420 1232 5488; x_wconf 81' lang='grc' dir='ltr'>ἀναφαίνεται</span> <span class='ocrx_word' id='word_1_688' title='bbox 1274 5424 1381 5477; x_wconf 86' lang='grc' dir='ltr'><strong>ἀπὸ</strong></span> <span class='ocrx_word' id='word_1_689' title='bbox 1407 5422 1516 5476; x_wconf 87' lang='grc' dir='ltr'><strong>τῶν</strong></span> <span class='ocrx_word' id='word_1_690' title='bbox 1551 5420 1769 5476; x_wconf 69' lang='grc' dir='ltr'>ὄπισθεν</span> 
     </span>
    </p>
   </div>
   <div class='ocr_carea' id='block_1_100' title="bbox 209 5512 932 5581">
    <p class='ocr_par' dir='ltr' id='par_1_100' title="bbox 209 5512 932 5581">
     <span class='ocr_line' id='line_1_100' title="bbox 209 5512 932 5581; baseline 0.007 -20"><span class='ocrx_word' id='word_1_691' title='bbox 209 5512 701 5579; x_wconf 82' lang='grc' dir='ltr'>καταστρωθέντων</span> <span class='ocrx_word' id='word_1_692' title='bbox 733 5512 932 5581; x_wconf 83' lang='grc' dir='ltr'>νόμων.</span> 
     </span>
    </p>
   </div>
   <div class='ocr_carea' id='block_1_101' title="bbox 276 5599 1766 5675">
    <p class='ocr_par' dir='ltr' id='par_1_101' title="bbox 276 5599 1766 5675">
     <span class='ocr_line' id='line_1_101' title="bbox 276 5599 1766 5675; baseline 0 -23"><span class='ocrx_word' id='word_1_693' title='bbox 276 5599 521 5653; x_wconf 78' lang='grc' dir='ltr'><strong>ΖΩΝΑΡ.</strong></span> <span class='ocrx_word' id='word_1_694' title='bbox 589 5604 712 5668; x_wconf 77' lang='grc' dir='ltr'>Τοῖς</span> <span class='ocrx_word' id='word_1_695' title='bbox 768 5601 1084 5674; x_wconf 83' lang='grc' dir='ltr'>ὁμολογοῦσι</span> <span class='ocrx_word' id='word_1_696' title='bbox 1133 5602 1194 5654; x_wconf 85' lang='grc' dir='ltr'>τὸ</span> <span class='ocrx_word' id='word_1_697' title='bbox 1244 5602 1452 5675; x_wconf 76' lang='grc' dir='ltr'>εὕρεμα</span> <span class='ocrx_word' id='word_1_698' title='bbox 1501 5606 1559 5656; x_wconf 85' lang='grc' dir='ltr'><strong>τὸ</strong></span> <span class='ocrx_word' id='word_1_699' title='bbox 1617 5601 1766 5655; x_wconf 86' lang='grc' dir='ltr'>ἀλλό-</span> 
     </span>
    </p>
   </div>
   <div class='ocr_carea' id='block_1_102' title="bbox 209 5689 1768 5780">
    <p class='ocr_par' dir='ltr' id='par_1_102' title="bbox 209 5689 1768 5780">
     <span class='ocr_line' id='line_1_102' title="bbox 209 5689 1768 5780; baseline 0 -36"><span class='ocrx_word' id='word_1_700' title='bbox 209 5707 357 5762; x_wconf 85' lang='grc' dir='ltr'>τριον</span> <span class='ocrx_word' id='word_1_701' title='bbox 412 5689 521 5764; x_wconf 74' lang='grc'><strong>(54)</strong></span> <span class='ocrx_word' id='word_1_702' title='bbox 571 5691 1105 5766; x_wconf 79' lang='grc' dir='ltr'>συγγνωμονέστερον</span> <span class='ocrx_word' id='word_1_703' title='bbox 1158 5692 1485 5756; x_wconf 83' lang='grc' dir='ltr'>διατίθεσθαι</span> <span class='ocrx_word' id='word_1_704' title='bbox 1536 5694 1565 5744; x_wconf 86' lang='grc' dir='ltr'><strong>ό</strong></span> <span class='ocrx_word' id='word_1_705' title='bbox 1617 5693 1768 5780; x_wconf 73' lang='grc' dir='ltr'>ἅγιος</span> 
     </span>
    </p>
   </div>
   <div class='ocr_carea' id='block_1_103' title="bbox 260 5836 1569 5939">
    <p class='ocr_par' dir='ltr' id='par_1_103' title="bbox 260 5836 1569 5939">
     <span class='ocr_line' id='line_1_103' title="bbox 260 5836 1569 5939; baseline -0.002 -33"><span class='ocrx_word' id='word_1_706' title='bbox 260 5850 414 5939; x_wconf 18' lang='lat' dir='ltr'><strong>tu).</strong></span> <span class='ocrx_word' id='word_1_707' title='bbox 435 5851 506 5906; x_wconf 84' lang='grc' dir='ltr'><em>Τὸ</em></span> <span class='ocrx_word' id='word_1_708' title='bbox 538 5836 878 5922; x_wconf 63' lang='grc' dir='ltr'><strong>ἀλλότριον.</strong></span> <span class='ocrx_word' id='word_1_709' title='bbox 910 5853 1096 5911; x_wconf 88' lang='lat' dir='ltr'><strong>Scribe</strong></span> <span class='ocrx_word' id='word_1_710' title='bbox 1127 5852 1234 5908; x_wconf 87' lang='grc' dir='ltr'><strong>τῶν</strong></span> <span class='ocrx_word' id='word_1_711' title='bbox 1262 5851 1569 5922; x_wconf 71' lang='grc' dir='ltr'>ἀλλοτρίων.</span> 
     </span>
    </p>
   </div>
   <div class='ocr_carea' id='block_1_104' title="bbox 1868 4687 3414 4761">
    <p class='ocr_par' dir='ltr' id='par_1_104' title="bbox 1868 4687 3414 4761">
     <span class='ocr_line' id='line_1_104' title="bbox 1868 4687 3414 4761; baseline -0.005 -17"><span class='ocrx_word' id='word_1_712' title='bbox 1868 4706 1974 4744; x_wconf 90' lang='lat' dir='ltr'><strong>non</strong></span> <span class='ocrx_word' id='word_1_713' title='bbox 2010 4693 2221 4761; x_wconf 78' lang='lat' dir='ltr'><strong>exigere</strong></span> <span class='ocrx_word' id='word_1_714' title='bbox 2246 4701 2492 4758; x_wconf 90' lang='lat' dir='ltr'><strong>oportere</strong></span> <span class='ocrx_word' id='word_1_715' title='bbox 2521 4704 2643 4741; x_wconf 89' lang='lat' dir='ltr'><strong>eum</strong></span> <span class='ocrx_word' id='word_1_716' title='bbox 2675 4688 2768 4756; x_wconf 88' lang='lat' dir='ltr'><strong>qui</strong></span> <span class='ocrx_word' id='word_1_717' title='bbox 2814 4688 3037 4750; x_wconf 85' lang='lat' dir='ltr'><strong>invenit,</strong></span> <span class='ocrx_word' id='word_1_718' title='bbox 3087 4689 3152 4740; x_wconf 87' lang='lat' dir='ltr'><strong>ab</strong></span> <span class='ocrx_word' id='word_1_719' title='bbox 3208 4704 3272 4740; x_wconf 90' lang='lat' dir='ltr'><strong>eo</strong></span> <span class='ocrx_word' id='word_1_720' title='bbox 3325 4687 3414 4754; x_wconf 90' lang='lat' dir='ltr'><strong>qui</strong></span> 
     </span>
    </p>
   </div>
   <div class='ocr_carea' id='block_1_105' title="bbox 1870 4777 3415 4848">
    <p class='ocr_par' dir='ltr' id='par_1_105' title="bbox 1870 4777 3415 4848">
     <span class='ocr_line' id='line_1_105' title="bbox 1870 4777 3415 4848; baseline -0.005 -14"><span class='ocrx_word' id='word_1_721' title='bbox 1870 4783 2112 4848; x_wconf 77' lang='lat' dir='ltr'><strong>captivus</strong></span> <span class='ocrx_word' id='word_1_722' title='bbox 2150 4779 2271 4842; x_wconf 83' lang='lat' dir='ltr'><strong>fuit,</strong></span> <span class='ocrx_word' id='word_1_723' title='bbox 2297 4779 2377 4831; x_wconf 86' lang='lat' dir='ltr'><strong>vel</strong></span> <span class='ocrx_word' id='word_1_724' title='bbox 2403 4777 2607 4843; x_wconf 88' lang='lat' dir='ltr'><strong>indicii,</strong></span> <span class='ocrx_word' id='word_1_725' title='bbox 2639 4779 2716 4831; x_wconf 82' lang='lat' dir='ltr'><strong>vel</strong></span> <span class='ocrx_word' id='word_1_726' title='bbox 2743 4779 3021 4842; x_wconf 66' lang='lat' dir='ltr'><strong>custodiae,</strong></span> <span class='ocrx_word' id='word_1_727' title='bbox 3050 4779 3129 4829; x_wconf 83' lang='lat' dir='ltr'><strong>vel</strong></span> <span class='ocrx_word' id='word_1_728' title='bbox 3156 4777 3415 4829; x_wconf 85' lang='lat' dir='ltr'><strong>inventio-</strong></span> 
     </span>
    </p>
   </div>
   <div class='ocr_carea' id='block_1_106' title="bbox 1871 4868 3412 4940">
    <p class='ocr_par' dir='ltr' id='par_1_106' title="bbox 1871 4868 3412 4940">
     <span class='ocr_line' id='line_1_106' title="bbox 1871 4868 3412 4940; baseline -0.005 -16"><span class='ocrx_word' id='word_1_729' title='bbox 1871 4875 1954 4924; x_wconf 89' lang='lat' dir='ltr'><strong>nis</strong></span> <span class='ocrx_word' id='word_1_730' title='bbox 1977 4871 2226 4940; x_wconf 90' lang='lat' dir='ltr'><strong>pretium,</strong></span> <span class='ocrx_word' id='word_1_731' title='bbox 2261 4871 2340 4922; x_wconf 89' lang='lat' dir='ltr'><strong>vel</strong></span> <span class='ocrx_word' id='word_1_732' title='bbox 2372 4870 2573 4938; x_wconf 87' lang='lat' dir='ltr'><strong>aliquid</strong></span> <span class='ocrx_word' id='word_1_733' title='bbox 2598 4871 2772 4932; x_wconf 87' lang='lat' dir='ltr'><strong>aliud;</strong></span> <span class='ocrx_word' id='word_1_734' title='bbox 2812 4885 2877 4921; x_wconf 90' lang='lat' dir='ltr'><strong>eo</strong></span> <span class='ocrx_word' id='word_1_735' title='bbox 2910 4868 3052 4935; x_wconf 84' lang='lat' dir='ltr'><strong>quod</strong></span> <span class='ocrx_word' id='word_1_736' title='bbox 3079 4883 3184 4918; x_wconf 92' lang='lat' dir='ltr'><strong>non</strong></span> <span class='ocrx_word' id='word_1_737' title='bbox 3221 4881 3283 4917; x_wconf 82' lang='lat' dir='ltr'><strong>ex</strong></span> <span class='ocrx_word' id='word_1_738' title='bbox 3321 4881 3412 4918; x_wconf 88' lang='lat' dir='ltr'><strong>ne-</strong></span> 
     </span>
    </p>
   </div>
   <div class='ocr_carea' id='block_1_107' title="bbox 1869 4951 3411 5033">
    <p class='ocr_par' dir='ltr' id='par_1_107' title="bbox 1869 4951 3411 5033">
     <span class='ocr_line' id='line_1_107' title="bbox 1869 4951 3411 5033; baseline -0.005 -17"><span class='ocrx_word' id='word_1_739' title='bbox 1869 4962 2124 5033; x_wconf 76' lang='lat' dir='ltr'><strong>gligentia</strong></span> <span class='ocrx_word' id='word_1_740' title='bbox 2153 4960 2522 5024; x_wconf 86' lang='lat' dir='ltr'><strong>dominorum,</strong></span> <span class='ocrx_word' id='word_1_741' title='bbox 2551 4961 2634 5015; x_wconf 89' lang='lat' dir='ltr'><strong>vel</strong></span> <span class='ocrx_word' id='word_1_742' title='bbox 2653 4962 2812 5015; x_wconf 89' lang='lat' dir='ltr'><strong>etiam</strong></span> <span class='ocrx_word' id='word_1_743' title='bbox 2852 4951 3069 5009; x_wconf 80' lang='lat' dir='ltr'><strong>fortuito</strong></span> <span class='ocrx_word' id='word_1_744' title='bbox 3105 4970 3189 5028; x_wconf 83' lang='lat' dir='ltr'><strong>res</strong></span> <span class='ocrx_word' id='word_1_745' title='bbox 3215 4957 3411 5009; x_wconf 84' lang='lat' dir='ltr'><strong>amissa</strong></span> 
     </span>
    </p>
   </div>
   <div class='ocr_carea' id='block_1_108' title="bbox 1870 5045 3412 5120">
    <p class='ocr_par' dir='ltr' id='par_1_108' title="bbox 1870 5045 3412 5120">
     <span class='ocr_line' id='line_1_108' title="bbox 1870 5045 3412 5120; baseline -0.005 -14"><span class='ocrx_word' id='word_1_746' title='bbox 1870 5055 1960 5116; x_wconf 87' lang='lat' dir='ltr'><strong>sit,</strong></span> <span class='ocrx_word' id='word_1_747' title='bbox 1992 5050 2084 5105; x_wconf 85' lang='lat' dir='ltr'><strong>sed</strong></span> <span class='ocrx_word' id='word_1_748' title='bbox 2129 5066 2323 5120; x_wconf 87' lang='lat' dir='ltr'><strong>magna</strong></span> <span class='ocrx_word' id='word_1_749' title='bbox 2354 5053 2660 5106; x_wconf 84' lang='lat' dir='ltr'><strong>calamitate</strong></span> <span class='ocrx_word' id='word_1_750' title='bbox 2689 5057 2741 5102; x_wconf 89' lang='lat' dir='ltr'><strong>et</strong></span> <span class='ocrx_word' id='word_1_751' title='bbox 2771 5045 3050 5120; x_wconf 83' lang='lat' dir='ltr'><strong>barbarica</strong></span> <span class='ocrx_word' id='word_1_752' title='bbox 3084 5045 3412 5098; x_wconf 71' lang='lat' dir='ltr'><strong>incursione.</strong></span> 
     </span>
    </p>
   </div>
   <div class='ocr_carea' id='block_1_109' title="bbox 1869 5135 3416 5217">
    <p class='ocr_par' dir='ltr' id='par_1_109' title="bbox 1869 5135 3416 5217">
     <span class='ocr_line' id='line_1_109' title="bbox 1869 5135 3416 5217; baseline -0.003 -23"><span class='ocrx_word' id='word_1_753' title='bbox 1869 5142 1970 5208; x_wconf 86' lang='lat' dir='ltr'><strong>Qui</strong></span> <span class='ocrx_word' id='word_1_754' title='bbox 2013 5143 2156 5196; x_wconf 87' lang='lat' dir='ltr'><strong>enim</strong></span> <span class='ocrx_word' id='word_1_755' title='bbox 2194 5160 2290 5217; x_wconf 80' lang='lat' dir='ltr'><strong>res</strong></span> <span class='ocrx_word' id='word_1_756' title='bbox 2311 5145 2651 5199; x_wconf 89' lang='lat' dir='ltr'><strong>dominorum</strong></span> <span class='ocrx_word' id='word_1_757' title='bbox 2697 5138 3014 5205; x_wconf 78' lang='lat' dir='ltr'><strong>negligentia</strong></span> <span class='ocrx_word' id='word_1_758' title='bbox 3065 5137 3144 5190; x_wconf 85' lang='lat' dir='ltr'><strong>vel</strong></span> <span class='ocrx_word' id='word_1_759' title='bbox 3197 5135 3416 5190; x_wconf 75' lang='lat' dir='ltr'><strong>fortuito</strong></span> 
     </span>
    </p>
   </div>
   <div class='ocr_carea' id='block_1_110' title="bbox 1870 5227 3416 5304">
    <p class='ocr_par' dir='ltr' id='par_1_110' title="bbox 1870 5227 3416 5304">
     <span class='ocr_line' id='line_1_110' title="bbox 1870 5227 3416 5304; baseline -0.003 -18"><span class='ocrx_word' id='word_1_760' title='bbox 1870 5235 2103 5304; x_wconf 88' lang='lat' dir='ltr'><strong>perditas</strong></span> <span class='ocrx_word' id='word_1_761' title='bbox 2133 5237 2454 5290; x_wconf 89' lang='lat' dir='ltr'><strong>invenerunt</strong></span> <span class='ocrx_word' id='word_1_762' title='bbox 2493 5242 2546 5288; x_wconf 91' lang='lat' dir='ltr'><strong>et</strong></span> <span class='ocrx_word' id='word_1_763' title='bbox 2587 5246 2681 5285; x_wconf 88' lang='lat' dir='ltr'><strong>eas</strong></span> <span class='ocrx_word' id='word_1_764' title='bbox 2721 5230 3045 5294; x_wconf 87' lang='lat' dir='ltr'><strong>restituunt,</strong></span> <span class='ocrx_word' id='word_1_765' title='bbox 3094 5227 3416 5282; x_wconf 87' lang='lat' dir='ltr'><strong>inventionis</strong></span> 
     </span>
    </p>
   </div>
   <div class='ocr_carea' id='block_1_111' title="bbox 1869 5318 3418 5394">
    <p class='ocr_par' dir='ltr' id='par_1_111' title="bbox 1869 5318 3418 5394">
     <span class='ocr_line' id='line_1_111' title="bbox 1869 5318 3418 5394; baseline -0.005 -15"><span class='ocrx_word' id='word_1_766' title='bbox 1869 5326 2099 5394; x_wconf 87' lang='lat' dir='ltr'><strong>pretium</strong></span> <span class='ocrx_word' id='word_1_767' title='bbox 2124 5337 2272 5382; x_wconf 87' lang='lat' dir='ltr'><strong>recte</strong></span> <span class='ocrx_word' id='word_1_768' title='bbox 2300 5327 2541 5394; x_wconf 80' lang='lat' dir='ltr'><strong>exigunt,</strong></span> <span class='ocrx_word' id='word_1_769' title='bbox 2570 5322 3019 5390; x_wconf 86' lang='lat' dir='ltr'><strong>quemadmodum</strong></span> <span class='ocrx_word' id='word_1_770' title='bbox 3047 5320 3149 5370; x_wconf 84' lang='lat' dir='ltr'><strong>hoc</strong></span> <span class='ocrx_word' id='word_1_771' title='bbox 3178 5333 3241 5369; x_wconf 78' lang='lat' dir='ltr'><strong>ex</strong></span> <span class='ocrx_word' id='word_1_772' title='bbox 3288 5318 3418 5385; x_wconf 79' lang='lat' dir='ltr'><strong>legi-</strong></span> 
     </span>
    </p>
   </div>
   <div class='ocr_carea' id='block_1_112' title="bbox 1869 5417 2739 5489">
    <p class='ocr_par' dir='ltr' id='par_1_112' title="bbox 1869 5417 2739 5489">
     <span class='ocr_line' id='line_1_112' title="bbox 1869 5417 2739 5489; baseline -0.007 -19"><span class='ocrx_word' id='word_1_773' title='bbox 1869 5417 1970 5472; x_wconf 91' lang='lat' dir='ltr'><strong>bus</strong></span> <span class='ocrx_word' id='word_1_774' title='bbox 2001 5419 2252 5489; x_wconf 88' lang='lat' dir='ltr'><strong>superius</strong></span> <span class='ocrx_word' id='word_1_775' title='bbox 2282 5417 2471 5488; x_wconf 85' lang='lat' dir='ltr'><strong>positis</strong></span> <span class='ocrx_word' id='word_1_776' title='bbox 2503 5423 2739 5484; x_wconf 87' lang='lat' dir='ltr'><strong>apparet.</strong></span> 
     </span>
    </p>
   </div>
   <div class='ocr_carea' id='block_1_113' title="bbox 1945 5589 3416 5671">
    <p class='ocr_par' dir='ltr' id='par_1_113' title="bbox 1945 5589 3416 5664">
     <span class='ocr_line' id='line_1_113' title="bbox 1945 5589 3416 5664; baseline -0.005 -12"><span class='ocrx_word' id='word_1_777' title='bbox 1945 5600 2144 5656; x_wconf 67' lang='lat' dir='ltr'><strong>Zomn.</strong></span> <span class='ocrx_word' id='word_1_778' title='bbox 2173 5601 2308 5655; x_wconf 83' lang='lat' dir='ltr'><strong>Cum</strong></span> <span class='ocrx_word' id='word_1_779' title='bbox 2339 5596 2405 5649; x_wconf 91' lang='lat' dir='ltr'><strong>iis</strong></span> <span class='ocrx_word' id='word_1_780' title='bbox 2433 5595 2526 5664; x_wconf 89' lang='lat' dir='ltr'><strong>qni</strong></span> <span class='ocrx_word' id='word_1_781' title='bbox 2567 5610 2675 5649; x_wconf 90' lang='lat' dir='ltr'><strong>rem</strong></span> <span class='ocrx_word' id='word_1_782' title='bbox 2705 5594 2930 5646; x_wconf 87' lang='lat' dir='ltr'><strong>alienam</strong></span> <span class='ocrx_word' id='word_1_783' title='bbox 2973 5605 3002 5643; x_wconf 82' lang='lat' dir='ltr'><strong>a</strong></span> <span class='ocrx_word' id='word_1_784' title='bbox 3043 5604 3101 5643; x_wconf 85' lang='lat' dir='ltr'><strong>se</strong></span> <span class='ocrx_word' id='word_1_785' title='bbox 3147 5589 3416 5644; x_wconf 83' lang='lat' dir='ltr'><strong>inventam</strong></span> 
     </span>
    </p>
   </div>
   <div class='ocr_carea' id='block_1_114' title="bbox 1870 5684 3415 5759">
    <p class='ocr_par' dir='ltr' id='par_1_114' title="bbox 1870 5684 3415 5759">
     <span class='ocr_line' id='line_1_114' title="bbox 1870 5684 3415 5759; baseline -0.006 -11"><span class='ocrx_word' id='word_1_786' title='bbox 1870 5693 2220 5758; x_wconf 89' lang='lat' dir='ltr'><strong>denuntiant,</strong></span> <span class='ocrx_word' id='word_1_787' title='bbox 2267 5689 2550 5759; x_wconf 90' lang='lat' dir='ltr'><strong>benignius</strong></span> <span class='ocrx_word' id='word_1_788' title='bbox 2595 5689 2854 5758; x_wconf 88' lang='lat' dir='ltr'><strong>agendum</strong></span> <span class='ocrx_word' id='word_1_789' title='bbox 2905 5699 3024 5739; x_wconf 87' lang='lat' dir='ltr'><strong>esse</strong></span> <span class='ocrx_word' id='word_1_790' title='bbox 3077 5684 3158 5738; x_wconf 91' lang='lat' dir='ltr'><strong>vir</strong></span> <span class='ocrx_word' id='word_1_791' title='bbox 3199 5692 3415 5740; x_wconf 71' lang='lat' dir='ltr'><strong>sanctus</strong></span> 
     </span>
    </p>
   </div>
  </div>
