4094 6354
676 379 814 436 ιυιτ
1516 380 1525 385 ’
1785 378 1839 431 S.
1882 373 2204 433 GREGORH
2246 373 2746 433 THAUMATURGI
3750 379 3858 434 1048

675 483 972 552 constituit.
1023 494 1221 547 Verum
1269 509 1334 548 ne
1381 493 1758 548 denuntiantes
1801 494 1969 562 pretia
2013 494 2083 547 ob
2117 509 2228 545 rem
2260 496 2292 548 Α

2260 496 2304 548 Α
2331 491 2623 554 διετάξατο.
2668 495 2781 545 Ἵνα
2836 493 2890 544 δὲ
2945 493 3016 562 μὴ
3056 496 3103 545 οἱ
3157 492 3536 564 ὁμολογοῦντες
3585 494 3861 546 ἀπαιτῶσιν

675 587 971 650 iuventam,
1005 584 1088 638 vel
1116 585 1262 638 aliud
1305 599 1626 653 quocunque
1657 584 1785 638 illud
1829 585 2046 638 nomine
2085 586 2231 637 voci-

2329 579 2580 650 εὗρετρα,
2614 582 2648 649 ἦ
2676 598 2726 632 τι
2759 579 2994 632 τοιοῦτον
3017 582 3090 644 ὡς
3118 582 3182 634 ἂν
3204 578 3414 635 καλοῖτο
3432 622 3447 647 ,
3490 582 3769 650 ἐπήγαγεν
3803 585 3860 636 ὁτι

674 683 840 737 tetur,
870 678 1105 744 exigant,
1141 673 1389 743 subjecit,
1420 687 1526 727 non
1557 687 1676 727 esse
1698 673 1992 741 quidquam
2015 673 2233 740 exigen-

2327 673 2388 723 οὑ
2421 672 2498 723 δεῖ
2538 689 2590 723 τι
2637 674 2882 724 ἀπαιτεῖν
2925 672 3014 722 τὸν
3059 673 3372 725 ἀποδιδόντα
3417 673 3773 741 εὐγνωμόνως
3813 675 3862 728 τὰ

677 748 806 820 dum
842 764 908 819 ab
943 778 1009 816 eo
1040 763 1131 832 qui
1169 764 1340 816 aliena
1373 763 1601 832 benigne
1640 763 1833 825 reddit,
1872 763 1965 816 sed
2008 763 2233 815 manda-

2331 763 2611 831 ἀλλότρια,
2638 763 2772 815 ἀλλὰ
2813 765 2977 834 χωρὶς
3010 764 3234 834 αἰσχροῦ
3267 765 3491 834 κέρδους
3527 766 3630 835 τὴν
3674 765 3861 834 ἐντολὴν

678 862 795 908 tum
821 855 1023 922 absque
1051 855 1192 922 turpi
1228 853 1377 907 lucro
1404 852 1753 920 implendum.
1780 851 1959 919 Turpe
2001 867 2233 924 namque

2331 841 2654 923 ἐκπληροῦν.
2693 855 2922 923 Aiaxpr
2950 855 3057 922 γὰρ
3076 853 3241 918 ὅντως
3265 855 3455 925 κέρδος
3483 856 3600 907 ἐστὶ
3631 854 3694 908 τὸ
3725 857 3861 908 ἀπαιο

676 945 887 1000 lucrum
925 954 1007 999 est
1049 959 1235 998 revera
1281 943 1554 1012 quidpiam
1587 944 1655 996 ab
1697 958 1761 996 eo
1793 945 2004 1011 exigere
2027 943 2118 1010 qui
2149 957 2234 997 res

2331 947 2440 996 τείν
2485 961 2536 995 τι
2585 945 2692 997 ἀπὸ
2745 944 2835 995 τοῦ
2891 945 3248 1008 ἀπολέσαντος
3291 946 3358 998 τὰ
3402 948 3577 999 οΐκεῖα
3625 947 3682 998 ὲν
3714 946 3863 1016 καιρῷ

677 1051 806 1090 suas
833 1035 1160 1090 turbulentis
1196 1033 1532 1103 temporibus
1558 1032 1814 1101 perdidit,
1841 1047 1940 1086 nec
1964 1032 2082 1085 illas
2110 1046 2233 1099 gra-

2110 1046 2233 1099 gra-
2335 1035 2726 1102 περιστάσεως,
2755 1036 2847 1086 καὶ
2882 1034 2955 1104 μὴ
2986 1036 3290 1089 ἀποδιδόναι
3317 1037 3456 1090 αὐτὰ
3489 1038 3699 1107 ἀμισθί.

676 1127 814 1180 tuito
845 1126 1088 1180 reddere.

1279 1210 1502 1266 (ΒΑΝοΝ
1542 1211 1632 1264 XI.

753 1319 773 1353 ι
804 1295 988 1356 Fletus
1030 1317 1126 1356 seu
1171 1302 1369 1367 luctus,
1413 1313 1494 1356 est
1535 1312 1692 1357 extra
1731 1310 1942 1372 portam
1978 1301 2234 1366 oratorii,

2921 1217 3156 1268 ΚΛΝΩΝ
3191 1218 3312 1269 ιΑιν

2413 1323 2429 1355 ι
2479 1305 2540 1358 Ἦ
2583 1307 2943 1375 πρόσκλαυσις
2985 1307 3086 1371 ἔξω
3127 1309 3226 1377 τῆς
3263 1310 3435 1379 πύλης
3473 1309 3567 1363 τοῦ
3605 1310 3864 1382 εὖκτηρῖου

686 1410 706 1442 ι
735 1392 825 1446 ubi
859 1403 1193 1460 peccatorem
1223 1403 1452 1448 stantem
1480 1403 1688 1462 oportet
1722 1393 1905 1450 ﬁdeles
1933 1393 2238 1462 ingredien-

2339 1404 2361 1446 ἰ
2401 1397 2576 1447 ἐστίν·
2630 1397 2753 1450 ἔνθα
2804 1398 3009 1450 ἑστῶτα
3061 1399 3149 1450 τὸν
3210 1401 3586 1473 ἁμαρτᾲνοντα
3637 1403 3740 1471 χρὴ
3779 1400 3862 1451 τῶν

687 1501 707 1534 ‹
739 1491 818 1538 tes
846 1498 1021 1548 orare,
1061 1494 1121 1539 ut
1162 1501 1262 1553 pro
1296 1501 1355 1539 se
1382 1493 1687 1555 precentur.
1728 1485 1951 1540 Auditio
1982 1495 2065 1538 est
2097 1483 2236 1538 intra

2343 1508 2359 1538 ι
2399 1490 2670 1541 εἰσιόντων
2712 1489 2914 1542 δεῖσθαι
2961 1491 3196 1553 πιστῶν,
3244 1493 3384 1561 ὑπὲρ
3412 1491 3574 1545 αὑτοῦ
3618 1490 3860 1559 εὔχεσθαι.

689 1592 707 1624 ι
739 1583 947 1643 portam
974 1575 1027 1628 in
1056 1576 1284 1644 porticu,
1311 1577 1402 1629 ubi
1437 1583 1650 1644 Oportet
1679 1590 1800 1629 cum
1840 1577 1934 1644 qui
1973 1579 2237 1645 peccavit,

685 1653 901 1729 astare,
946 1681 1118 1734 usque
1152 1666 1219 1720 ad
1265 1666 1707 1730 catechumenos,
1747 1675 1799 1719 et
1849 1667 1997 1721 illinc
2035 1670 2234 1736 egredi.

2345 1691 2361 1722 ι
2401 1670 2525 1723 ἔνθα
2552 1672 2767 1724 ἑστάναι
2795 1673 2899 1742 χρὴ
2942 1674 3030 1725 τὸν
3058 1673 3408 1743 ἡμαρτηκότα
3446 1672 3549 1736 ἓως
3581 1669 3689 1719 τῶν
3728 1680 3863 1730 κού·

689 1773 708 1807 ι
738 1754 978 1831 Audiens
1011 1757 1188 1820 enim,
1237 1756 1442 1824 inquit,
1478 1755 1789 1824 Scripturas
1829 1767 1881 1810 et
1915 1758 2237 1824 doctrinam,
2273 1819 2306 1831 ὴ

2273 1819 2310 1831 ἢ
2345 1781 2362 1812 ι
2401 1763 2695 1831 χουμὲνων,
2731 1765 2821 1815 καὶ
2847 1763 3092 1816 ἐντεῦθεν
3124 1761 3452 1830 ἐξέρχισοαι.
3493 1753 3723 1808 Ἀκούων
3759 1752 3862 1831 γάρ.

687 1865 708 1899 ι
737 1829 1006 1916 ejiciatur,
1039 1855 1093 1901 et
1121 1848 1428 1916 precatione
1466 1846 1720 1916 indignus
1748 1857 2055 1901 censeatur.
2101 1851 2240 1903 Sub-
2270 1819 2304 1870 Ε

2270 1819 2312 1870 Β
2351 1872 2368 1903 ⁸
2403 1819 2557 1920 ξοηέὶ,
2587 1819 2693 1905 τῶν
2726 1853 2956 1924 Γραφῶν
2979 1853 3072 1905 καὶ
3112 1819 3604 1920 ηιξ-διδασκαλίας,
3644 1824 3865 1891 £161.11}-

688 1955 708 1990 ι
735 1939 896 2008 jectio
935 1947 1114 1993 autem
1158 1953 1250 1993 seu
1292 1937 1586 1993 subStratio
1627 1949 1742 2001 est,
1769 1948 1826 1991 ut
1869 1939 2010 1992 intra
2056 1942 2238 2009 templi

2351 1962 2367 1992 ι
2411 1943 2540 2004 σθω,
2581 1942 2673 1994 καὶ
2711 1941 2783 2011 μὴ
2808 1940 3069 2004 ἀξιούσθω
3094 1938 3416 2006 προσευχῆς.
3451 1934 3513 1984 ἰι
3553 1930 3609 1981 δὲ
3647 1925 3865 1978 ὑπόπτω-

692 2047 710 2081 ι
742 2037 951 2098 portam
978 2038 1147 2095 stans,
1169 2044 1292 2083 cum
1322 2028 1721 2083 catechumenis
1750 2030 2072 2098 egrediatur.
2099 2030 2240 2085 Con-

2349 2050 2366 2082 (
2407 2049 2509 2094 σις,
2553 2031 2671 2096 ἵνα,
2719 2029 2915 2082 ἔσωθεν
2945 2026 3044 2093 τῆς
3093 2024 3260 2091 πύλης
3292 2021 3384 2073 τοῦ
3416 2016 3542 2069 ναοῦ
3590 2011 3867 2078 ἱστάμενος,

694 2138 712 2172 ι
744 2121 980 2190 gregatio
1006 2135 1100 2175 seu
1127 2120 1473 2175 consistentia
1497 2128 1600 2185 est,
1623 2129 1682 2172 ut
1703 2135 1824 2174 cum
1847 2119 2092 2174 ﬁdelibus
2117 2136 2238 2175 con-

2349 2141 2366 2173 ι
2409 2122 2546 2192 μετὰ
2585 2121 2690 2175 τῶν
2722 2117 3138 2187 κατηχουμένων
3182 2113 3485 2182 ἐξέρχηται.
3523 2103 3588 2157 'H
3621 2102 3868 2159 σύστασις,

692 2228 713 2262 ι
744 2211 928 2276 sistat,
961 2218 1015 2264 et
1042 2224 1166 2264 cum
1191 2209 1596 2266 catechumenis
1625 2224 1730 2263 non
1763 2209 2102 2278 egrediatur;
2143 2225 2237 2280 po-

2350 2232 2367 2263 ι
2408 2213 2496 2266 ἴνα
2547 2211 2857 2265 συνιστᾶται
2903 2209 3012 2268 τοῖς
3060 2204 3268 2265 πιστοῖς
3295 2239 3310 2263 ,
3344 2197 3435 2251 καὶ
3486 2194 3562 2266 μὴ
3613 2193 3869 2280 ὲξέρχηται

693 2317 714 2353 ι
745 2310 947 2356 stremo
971 2307 1054 2354 est
1085 2297 1424 2368 participatio
1445 2306 1924 2354 sacramentorum.
1954 2318 1973 2350 ι
2151 2279 2156 2280 ί

2349 2325 2369 2356 ι
2412 2307 2548 2374 μετὰ
2594 2303 2702 2356 τῶν
2753 2296 3196 2368 κατηχουμένων·
3243 2291 3546 2344 τελευταῖον
3595 2289 3630 2356 ἡ
3691 2279 3871 2354 μέθεξις

2349 2411 2368 2443 ι
2407 2392 2514 2448 τῶν
2542 2387 2916 2458 ἀγιασμάτων.
2949 2404 2969 2436 ι

2416 2481 2609 2534 ΒΑΛΣ.
2659 2463 2718 2532 ’ό
2754 2478 2850 2549 μὲν
2885 2474 3070 2546 παρὼν
3104 2473 3285 2540 ἅγιος,
3317 2467 3477 2521 πέντε
3511 2464 3709 2525 τόπους
3737 2473 3875 2549 μετα-

2349 2569 2608 2622 νοούντων
2638 2546 3011 2626 ὑπατυπώσας,
3055 2561 3115 2614 οὐ
3153 2557 3503 2629 παρεδήλωσε
3524 2553 3651 2614 τοὺς
3682 2546 3876 2617 καιροὺς

2351 2659 2446 2728 τῆς
2472 2656 2727 2728 ἐργασίας
2756 2651 2956 2715 αὐτῶν,
2989 2649 3110 2703 οὔτε
3141 2648 3244 2720 μὴν
3270 2645 3338 2698 τὰ
3371 2641 3738 2712 ἁμαρτήματα
3769 2632 3876 2728 δι’-α

2353 2723 2670 2818 ήνμείέᾶνοια
2705 2741 2937 2817 ὡρίσθη.
2977 2741 3038 2793 ὐ
3071 2739 3127 2791 δὲ
3170 2737 3339 2808 μέγας
3377 2729 3650 2790 Βασίλειος
3685 2723 3876 2818 iii-sei;

2353 2811 2659 2899 κανονικαῖς
2697 2811 3003 2892 ἐπιστολαῖς
3045 2826 3210 2881 αὐτοῦ
3246 2824 3416 2878 ταῦτα
3450 2818 3587 2890 μετὰ
3620 2811 3876 2887 ἀκριϐείας

2353 2927 2655 3001 παρέδωκε.
2678 2923 2823 2993 Πλὴν
2858 2922 2951 2975 καὶ
2991 2912 3143 2980 οὗτος
3168 2917 3248 2978 εις
3281 2913 3378 2985 τὴν
3405 2907 3756 2979 ὲπισκοπικὴν
3783 2903 3879 2957 διὰ·

2355 3036 2534 3093 ιρισιν
2577 3017 2673 3087 τὴν
2703 3014 2791 3068 διὰ
2822 3012 2929 3066 τῶν
2962 3009 3248 3081 ἐπιτιμίων
3270 3003 3560 3078 Θεραπείαν
3583 3002 3875 3073 ἀνήρτησεν.

2343 1598 2361 1629 ι
2413 1579 2476 1630 Ἡ
2526 1581 2783 1649 ἀκρόασις
2829 1581 2995 1632 ἔνδοθι
3039 1581 3137 1650 τῆς
3183 1581 3357 1651 πύλης
3404 1584 3462 1632 ιν
3507 1579 3583 1648 τῷ
3628 1579 3861 1646 νάρθηκι.

760 2479 917 2536 Bue.
956 2477 1203 2534 Praesens
1239 2479 1456 2549 quidem
1495 2487 1735 2543 sanctus,
1765 2478 2048 2535 declaratis
2083 2481 2241 2550 quin-

690 2586 797 2641 que
824 2571 956 2628 locis
978 2585 1166 2626 eorum
1189 2571 1282 2640 qui
1312 2578 1481 2640 agunt
1502 2569 1893 2640 paenitentiam,
1931 2560 2030 2626 nec
2050 2585 2238 2626 eorum

691 2660 937 2716 exercitii
983 2670 1225 2730 tempora
1268 2660 1580 2726 declaravit,
1615 2674 1716 2714 nec
1761 2668 1984 2729 peccata
2027 2668 2245 2729 propter

693 2768 816 2823 qua:
847 2754 1166 2824 ptenitentia
1195 2753 1413 2809 deﬁnita
1448 2760 1551 2810 est.
1610 2753 1835 2823 Magnus
1873 2762 2054 2807 autem
2097 2751 2248 2807 Basi-

696 2842 825 2908 lius,
857 2843 914 2898 in
949 2845 1064 2900 suis
1095 2846 1375 2900 canonicis
1403 2845 1668 2915 epistolis,
1698 2845 1812 2900 haec
1833 2844 2016 2900 omnia
2060 2855 2248 2898 exacte

697 2931 937 2988 tradidit.
985 2933 1185 2991 Verum
1247 2936 1336 2992 hic
1383 2952 1597 3007 quoque
1647 2951 1931 3008 pinnarum
1985 2935 2247 2993 medelam

699 3023 991 3097 episcopali
1023 3027 1245 3084 arbitrio
1284 3027 1517 3099 reliquit.
