4094 6354
595 434 749 491 ’1055

1739 427 1794 485 s.
1835 426 2160 485 esseom!
2200 389 2702 485 Tlli'LrnATunm

3702 439 3839 496 1038

609 550 744 603 tium
772 520 865 602 sed
895 546 1325 616 corruptibilium
1356 545 1629 614 variisque
1654 546 1828 599 modis
1854 554 1905 599 et
1938 547 2044 599 cito
2080 561 2141 614 pe

2247 544 2540 603 ,ποιεῖσθαί
2584 563 2703 599 τινα
2752 547 3067 615 σεμνοειὸὦς
3110 547 3202 599 καὶ
3238 546 3581 619 ἀξιοπρεπῶς
3628 550 3695 621 δὴ
3718 557 3836 617 ταῖς

609 636 887 691 montium
920 635 1205 700 rationem,
1241 643 1494 704 tanquam
1527 634 1580 686 in
1612 649 1670 687 re
1711 634 1857 701 gravi
1889 648 1953 687 ac
1991 633 2174 702 digna,

610 723 1043 793 pertimescendo
1066 732 1160 778 aut
1193 718 1655 789 subterfugiendo,
1692 718 1941 786 frigidum
1973 717 2177 772 scilicet

609 826 679 867 ac
714 812 865 866 futile
901 812 1213 867 videretur:
1249 811 1381 864 mihi
1425 818 1569 863 certe
1613 809 1659 862 si
1700 808 1825 876 quid
1865 808 2056 861 horum
2108 808 2175 861 ad

610 904 900 972 dicendum
943 904 1278 972 propositum
1316 910 1480 965 esset,
1510 901 1781 955 inutilium
1826 911 1878 954 et
1910 902 2171 962 inanium,

612 1005 667 1049 et
694 996 875 1064 qualia
907 1010 1182 1062 nunquam
1212 995 1389 1048 dicere
1424 993 1800 1055 instituerem;
1828 993 1873 1045 si
1905 991 2051 1061 quid,
2092 992 2173 1043 in-

611 1097 794 1151 quam,
828 1083 956 1135 mihi
991 1083 1326 1150 propositum
1353 1092 1494 1135 esset
1523 1082 1811 1149 ejusmodi,
1850 1097 1947 1133 nee
1986 1080 2172 1133 formi-

609 1174 792 1226 dinem
825 1172 986 1223 ullam
1021 1172 1242 1225 haberet
1273 1173 1468 1234 oratio,
1499 1188 1595 1226 nec
1618 1180 1908 1234 vereretur,
1942 1187 2008 1223 ne
2040 1171 2169 1237 qnid

573 1246 587 1259 ’
609 1259 823 1325 uspiam
852 1259 1037 1311 dicens
1066 1259 1205 1311 infra
1224 1260 1536 1327 dignitatem
1564 1261 1739 1327 eloqui
1772 1257 2168 1313 viderer.Nunc

608 1363 736 1401 vero
784 1349 925 1414 quod
977 1348 1029 1401 in
1074 1364 1138 1402 eo
1186 1359 1269 1402 est
1316 1350 1400 1402 vel
1440 1364 1603 1417 prope
1645 1350 1908 1409 divinum.
1938 1348 2016 1401 vel
2060 1348 2167 1402 Deo

605 1453 767 1505 quam
800 1439 1155 1502 simillimum,
1202 1439 1472 1491 inclusum
1520 1441 1735 1507 quidem
1784 1440 1883 1493 hoc
1926 1452 2166 1509 aspecta-

604 1529 696 1581 liili
732 1542 795 1581 ac
826 1529 1061 1586 mortali.
1094 1528 1185 1580 sed
1216 1530 1278 1580 ad
1314 1528 1405 1583 Dei
1445 1531 1847 1584 similitudinem
1881 1532 2161 1585 studiosis-

604 1618 741 1673 sime
784 1619 1158 1671 contendens:
1199 1620 1358 1685 hujus
1399 1636 1499 1687 ego
1542 1622 1865 1673 mentionem
1903 1624 2077 1676 facere
2109 1630 2161 1673 et

603 1717 687 1755 res
732 1705 965 1769 majores
1017 1704 1279 1771 attingere
1326 1720 1559 1772 parans.
1616 1706 1833 1775 Deoque
1878 1719 2158 1776 proliterea

600 1793 799 1854 gratias
827 1804 1005 1855 agere,
1039 1792 1182 1856 quod
1212 1792 1357 1845 hunc
1397 1794 1526 1845 mihi
1559 1794 1731 1846 virum
1761 1798 1996 1849 nancisci
2027 1814 2149 1849 eon-

2277 633 2583 698 ἀναϐολαῖς,
2615 634 2687 703 μὴ
2702 634 2794 687 καὶ
2823 633 3028 703 ψυχρὸν
3054 634 3099 704 ἢ
3120 636 3389 706 πέρπερον
3478 638 3611 709 (48)·
3641 643 3740 695 ούκ
3766 647 3837 698 ἄν

2279 742 2367 793 μοι
2390 723 2587 777 τούτων
2613 726 2767 796 εἴπερ
2792 742 2843 776 τι
2879 725 3051 792 λέγειν
3083 724 3384 796 προύκειτο,
3421 731 3702 800 ἀχρήστων
3735 734 3835 802 μὲν

2274 813 2440 866 ὄντων
2465 805 2556 867 καί
2587 816 2849 885 ματαίων,
2872 817 2963 870 καὶ
2989 817 3112 869 οἴων
3141 818 3241 869 οὐκ
3262 820 3325 871 ἄν
3356 837 3482 897 ποτε
3512 822 3651 875 ἑκὼν
3674 826 3835 895 προὺ-

2275 905 2445 976 θέμην
2493 906 2688 974 λέγειν’
2726 909 2787 959 οὐ
2824 908 2931 977 μὴν
2976 906 3088 959 ἀλλ’
3123 908 3277 978 εἴπερ
3324 912 3612 980 προῦκειτό
3639 915 3748 985 (ιθ)
3773 934 3831 973 τι

2274 993 2529 1057 τοιοῦτον,
2552 995 2659 1047 οὐδ’
2686 990 2826 1063 εἶχεν
2859 993 2924 1047 ἂν
2946 994 3227 1048 εὐλάϐειαν
3252 998 3279 1048 6
3304 996 3491 1064 λόγοςί
3511 1002 3632 1055 οὐδὲ
3662 1021 3827 1075 φρονο

2272 1084 2409 1145 τίδα,
2448 1085 2520 1152 μή
2556 1086 2628 1153 πή
2659 1101 2707 1136 τι
2730 1083 2926 1153 λέγων,
2971 1084 3145 1151 ἥττων
3187 1084 3285 1153 τῆς
3329 1086 3481 1150 ἀξίας
3517 1093 3825 1162 φαινοίμην.

2270 1172 2400 1223 Νυνὶ
2426 1172 2483 1223 δὲ
2511 1172 2537 1223 ὅ
2575 1189 2626 1224 τι
2657 1172 3043 1226 θεοειδέστατον
3075 1173 3259 1237 αὑτοῦ,
3306 1179 3396 1228 καὶ
3422 1180 3555 1249 ὅπερ
3596 1183 3651 1233 ὲν
3678 1182 3830 1254 αὐτῷ

2270 1263 2524 1329 συγγενὲς
2564 1260 2621 1314 ὃν
2662 1264 2911 1331 τυγχάνει
2946 1264 3080 1332 Θεῷ,
3117 1265 3565 1336 ἐγκαθειργμένον
3613 1273 3708 1341 μὲν
3748 1274 3827 1343 τῷ

2268 1350 2573 1418 φαινομένῳ
2624 1350 2713 1403 καὶ
2760 1351 2935 1420 θνητῷ
2982 1352 3135 1420 τῷδε,
3193 1355 3271 1405 ὅτι
3313 1355 3367 1406 δὲ
3422 1357 3824 1424 φιλοπονώτατα

2264 1438 2637 1507 ἐξομοιοῦσθαι
2667 1440 2777 1507 (50)
2812 1440 3123 1510 βιαζόμενον
3167 1444 3241 1513 τῷ
3287 1445 3430 1515 Θεῷ·
3464 1448 3652 1503 τούτου
3686 1470 3822 1521 μνη-

2266 1529 2513 1598 μονεύων
2557 1531 2649 1581 καὶ
2699 1531 3028 1597 ὲφάπτεσθαί
3075 1552 3189 1595 πως
3238 1536 3441 1604 μέλλων
3486 1545 3824 1610 πραγμάτιον

2265 1617 2542 1685 μειζόνων,
2586 1618 2674 1670 καί
2700 1635 2838 1681 τινος
2867 1620 2951 1673 διὰ
2976 1622 3163 1675 τούτου
3193 1625 3283 1676 καὶ
3311 1626 3411 1695 τῆς
3440 1630 3517 1690 είς
3557 1631 3618 1682 τὸ
3665 1632 3821 1685 Θεῖον

2261 1706 2623 1775 εὐχαριστίας,
2658 1707 2736 1758 ὅτι
2768 1725 2856 1776 μοι
2902 1713 3235 1781 συγκυρῆσαι
3273 1716 3493 1786 τοιούτῳ
3524 1718 3822 1793 δεδώρηται

2257 1795 2408 1863 ἀνδρὶ
2457 1795 2605 1865 παρὰ
2661 1798 2836 1849 πᾶσαν
2889 1808 2951 1865 γε
2999 1801 3095 1870 τὴν
3148 1802 3444 1874 ἀνθρώπων
3496 1810 3820 1877 προσδοκίαν

597 1889 808 1925 cessum
852 1877 940 1937 sit,
990 1892 1153 1944 supra
1188 1893 1401 1931 omnem
1446 1880 1723 1933 hominum
1774 1883 2144 1950 rcgitationem

2258 1877 2364 1928 τῶν
2392 1896 2448 1929 τε
2470 1880 2660 1933 ἄλλων
2695 1885 2785 1933 καὶ
2820 1884 2917 1954 τὴν
2945 1886 3075 1953 ἐμοῦ
3107 1889 3287 1955 αὑτοῦ,
3334 1893 3455 1945 οὗτε
3484 1895 3817 1966 προθεμένου

596 1970 755 2028 atque
802 1967 1296 2031 exspectationem,
1349 1978 1461 2020 tum
1505 1970 1768 2031 aliorum,
1818 1979 1930 2023 tum
1982 1988 2152 2025 meam

592 2058 773 2114 certe,
819 2054 911 2121 qui
961 2068 1059 2108 nec
1110 2056 1234 2108 talia
1269 2072 1505 2124 unquam
1550 2059 1680 2111 mihi
1721 2061 2017 2128 proposui,
2056 2076 2155 2116 nec

592 2152 723 2191 sane
751 2142 992 2208 speravi;
1040 2159 1166 2198 eum
1214 2146 1345 2209 haec,
1396 2148 1637 2217 inquam,
1684 2164 1882 2218 parvus
1921 2161 1973 2204 et
2006 2153 2152 2206 nullo

590 2225 807 2295 ingenio
852 2233 1109 2298 praeditus
1138 2237 1439 2304 aggrediar,
1482 2252 1591 2292 non
1626 2240 1892 2295 immerito
1928 2253 2152 2297 Cunctor

588 2329 654 2371 ac
686 2318 872 2382 timeo,
928 2330 981 2374 et
1019 2324 1177 2377 silere
1224 2341 1443 2393 prorsus
1491 2329 1653 2383 malo.
1702 2329 1767 2385 Et
1819 2348 1946 2386 vero
1993 2334 2150 2389 silere

587 2406 723 2459 mihi
767 2409 1100 2465 tutissimum
1138 2415 1436 2484 videbatur,
1485 2435 1549 2474 ne
1585 2424 1878 2490 gratiarum
1921 2426 2149 2480 actionis

585 2504 869 2566 praetextu,
904 2504 1166 2572 przecipiti
1196 2504 1379 2559 forsan
1413 2508 1667 2571 facilitate
1696 2515 1760 2567 de
1782 2516 2036 2583 gravibus
2062 2533 2148 2572 sa—

584 2588 800 2658 crisque
829 2592 1051 2649 minime
1080 2597 1287 2665 gravia,
1324 2600 1418 2652 sed
1446 2600 1670 2655 humilia
1714 2613 1875 2672 atque
1919 2609 2147 2675 protrita

582 2672 833 2742 dicendo,
878 2694 987 2735 non
1032 2683 1206 2736 solum
1248 2685 1532 2740 veritatem
1583 2702 1691 2741 non
1735 2672 2011 2758 assequar,
2052 2692 2147 2747 sed

583 2768 783 2837 aliquid
809 2770 969 2826 etiam
994 2773 1061 2828 de
1086 2790 1171 2840 ea,
1201 2777 1345 2845 quod
1376 2777 1429 2831 in
1459 2792 1546 2831 me
1570 2790 1675 2841 est,
1704 2779 1982 2834 detraham
2004 2784 2145 2852 apud

583 2872 697 2921 eos,
729 2860 821 2928 qui
863 2876 974 2916 rem
1016 2864 1095 2918 sic
1136 2880 1195 2918 se
1236 2866 1435 2921 habere
1466 2867 1717 2933 credent,
1763 2884 1887 2922 cum
1932 2870 2145 2925 inﬁrma

490 3019 493 3022 ἠ
584 2948 761 3002 oratio
805 2956 1186 3008 contumeliam
1228 2958 1410 3025 patius
1456 2957 1720 3030 inferens,
1772 2975 1935 3029 quam
1983 2977 2144 3030 opera

583 3038 837 3095 facultate
862 3044 1171 3114 adaequatis,
1201 3049 1500 3119 ellingetur.
1538 3052 1606 3105 At
1644 3061 1733 3106 tua
1766 3053 1982 3123 quidem
2025 3069 2144 3107 om—

582 3132 673 3185 nia
722 3147 823 3185 nec
870 3135 1037 3186 minui
1070 3149 1329 3203 possunt;
1366 3155 1465 3194 nec
1508 3144 1889 3197 contumeliam
1928 3144 2063 3213 pati,
2105 3160 2140 3199 o

582 3222 807 3276 charum
838 3232 1029 3292 caput;
1068 3226 1150 3279 vel
1189 3226 1371 3280 divina
1403 3232 1599 3297 potius,
1630 3248 1748 3301 quae
1790 3234 1842 3287 in
1890 3249 1947 3289 se
1986 3235 2138 3305 ipsis,

582 3311 763 3380 qualia
794 3323 938 3379 sunt,
976 3315 1200 3380 immota
1230 3329 1561 3386 permanent,
1590 3323 1830 3393 nihilque
1858 3326 1927 3379 ab
1951 3325 2139 3380 humili

579 3412 634 3457 et
654 3404 871 3475 indigna
902 3408 1147 3461 oratione
1178 3417 1361 3479 nostra
1398 3408 1805 3467 labefactentur.
1846 3413 1956 3470 Nos
1987 3431 2135 3481 vero,

499 3524 501 3528 ι
580 3495 764 3550 nescio
795 3512 906 3565 quo
936 3507 1091 3567 pacto
1118 3500 1355 3555 audaciae
1382 3500 1803 3571 temeritatisque
1831 3516 2012 3560 notam
2039 3508 2135 3562 de—

577 3586 778 3642 clinare
806 3591 1097 3658 possimus,
1134 3593 1225 3660 qui
1255 3607 1363 3661 prae
1412 3594 1677 3658 amentia,
1710 3597 1857 3649 tenui
1903 3606 1956 3649 et
1986 3599 2136 3668 inge-

578 3676 671 3731 nio
710 3686 762 3732 et
805 3691 1060 3749 apparatu
1115 3698 1200 3738 res
1242 3698 1463 3752 magnas
1504 3699 1569 3737 ac
1618 3693 1833 3752 captum
1889 3697 2135 3743 nostrum

577 3769 897 3824 excedentes
947 3772 1275 3826 adoriamur.
1319 3773 1472 3841 Quod
1518 3776 1561 3829 si
1608 3776 1733 3829 alibi
1784 3774 2035 3845 fortasse,
2084 3788 2137 3833 et

582 3857 725 3924 apud
761 3858 917 3921 alios,
959 3860 1135 3914 simile
1167 3863 1440 3931 quidpiam
1470 3866 1692 3934 juvenili
1733 3867 1993 3934 iactantia
2024 3881 2135 3921 ca:-

580 3946 869 4013 pissemus,
886 3948 1118 4026 audapes
1147 3952 1330 4019 utique
1354 3967 1417 4007 ac
1439 3956 1774 4022 praefidentes
1796 3956 2131 4023 videremur;

580 4035 675 4092 sed
707 4043 883 4091 tamen
916 4030 1257 4107 impudentiae
1280 4042 1563 4105 tribuenda
1592 4047 1865 4102 temeritas
1904 4062 2013 4103 non
2048 4063 2135 4101 es-

578 4137 680 4188 set,
714 4128 854 4195 quod
882 4130 987 4183 non
1021 4146 1203 4186 coram
1242 4141 1292 4211 te
1330 4134 1455 4188 talia
1483 4136 1825 4192 auderemus.
1853 4135 2007 4193 Nunc
2036 4153 2133 4191 au-

578 4225 686 4270 tem
715 4232 925 4272 omnem
951 4223 1198 4277 amentia:
1228 4224 1447 4278 modum
1476 4226 1839 4295 implebimus,
1884 4238 1977 4282 aut
2016 4229 2129 4300 jam

576 4307 739 4362 etiam
772 4310 1130 4378 implevimus,
1157 4316 1251 4383 qui
1294 4316 1478 4382 illotis,
1521 4320 1665 4387 quod
1704 4320 1874 4384 aiunt,
1904 4312 2130 4389 pedibus

573 4397 641 4453 ad
682 4413 842 4452 aures
873 4400 1096 4457 introire
1140 4404 1258 4457 ausi
1308 4421 1527 4471 sumus,
1565 4409 1620 4461 in
1646 4410 1843 4477 quibus
1885 4410 2126 4464 divinum

572 4492 753 4561 ipsum
784 4489 1043 4576 Verbum,
1065 4509 1175 4548 non
1200 4497 1374 4560 tectis,
1412 4505 1471 4551 ut
1499 4500 1639 4567 apud
1666 4501 1810 4568 vulgi
1850 4502 2125 4555 hominum
2159 4522 2203 4576 ι)

570 4596 764 4644 aures,
822 4572 1052 4651 pedibus
1092 4591 1348 4653 tanquam
1398 4586 1501 4639 sub
1551 4589 1748 4642 crassis
1803 4591 2127 4657 quibusdam

569 4671 1030 4742 amigmatiearum
1070 4682 1443 4743 tectarumque
1484 4689 1677 4728 vocum
1724 4677 1981 4745 pellibus,
2035 4685 2127 4735 sed

570 4766 754 4832 nudis,
786 4775 845 4821 ut
888 4767 1032 4825 dicat
1075 4766 1349 4839 quispiam
1374 4804 1390 4830 ,
1436 4766 1784 4822 manifestum
1832 4778 1887 4822 et
1924 4774 2129 4839 pel-Spi-

644 4896 758 4967 (48)
788 4896 885 4978 Mi!
920 4897 1019 4950 καὶ
1067 4898 1307 4978 fulgida.
1350 4895 1387 4965 ἢ
1438 4895 1732 4978 πέρπερον
1768 4890 1827 4978 ᾖ.
1861 4897 1949 4969 Μή
1990 4899 2131 4978 valet

560 4976 628 5044 au
660 4966 780 5019 non
810 4967 1001 5046 dicam
1029 4984 1048 5020 :
1078 4966 1169 5020 ubi
1226 4969 1278 5021 id
1325 4968 1471 5036 quod
1520 4966 1697 5046 majus
1748 4975 1833 5027 est
1877 4966 2129 5046 quodque

576 5034 750 5105 ipsum
792 5034 1058 5105 afﬁrmare
1095 5034 1426 5105 poteramus,
1452 5034 1783 5105 omittimus,
1814 5046 1871 5089 ut
1900 5036 1949 5089 id
1984 5034 2127 5105 quod

576 5103 756 5177 minus
784 5112 887 5167 est,
908 5103 1256 5177 allirmemus.
1276 5105 1585 5177 Περπερεία
1607 5104 1870 5177 Clementi
1896 5103 2129 5161 Aleian-

579 5168 734 5247 dring
763 5181 847 5228 est
870 5174 1270 5247 gumchbg,
1300 5168 1679 5247 περιττότητος
1710 5175 1803 5247 καὶ
1844 5176 2129 5247 ἀρχαιότη-

576 5252 667 5299 τος
707 5237 841 5314 ἔχων
865 5237 1165 5314 ,ἔμφασινξ
1190 5237 1386 5299 Petrus
1432 5237 1829 5300 Alexandrinus
1876 5237 2124 5313 i'n'episl.

579 5318 701 5358 ean.
736 5306 820 5369 10,
850 5306 1154 5368 ἀεόἰεινὶοὶε
1188 5314 1329 5368 ultro
1356 5316 1422 5369 ad
1459 5317 1771 5371 martvrium
1803 5306 2083 5371 ruentibus
2109 5332 2124 5367 :

582 5374 709 5425 Ὅτε
734 5373 791 5455 ξὲ-
819 5376 1043 5455 ἔπαισαν
1186 5383 1251 5436 ἂν
1282 5373 1796 5455 περπερευσᾶμενοι.
1833 5385 1929 5439 Ubi
1960 5384 2129 5439 Zona-

579 5457 713 5518 Ψξ
746 5443 1075 5518 Περπξρείαν
1113 5443 1156 5504 δ’
1190 5443 1419 5506 ἐνταῦθα
1460 5443 1557 5518 τὴν
1599 5443 1909 5518 ἀλαζονείαν
1953 5455 2123 5508 καλεῖ.

580 5511 1004 5587 νετῡυιπὶιίύιί
1032 5536 1140 5587 quo
1178 5532 1231 5575 et
1278 5511 1599 5577 Sirmondus
1652 5511 2127 5580 et'lihodomanus

583 5580 665 5639 usi
686 5592 851 5661 sunt,
884 5580 1067 5661 futile;
1089 5590 1212 5645 huic
1256 5593 1375 5647 loco
1422 5596 1600 5647 minus
1644 5610 1804 5661 quam
1846 5596 1967 5649 aliis
1997 5611 2127 5649 eon-

620 5652 726 5731 ruit
762 5669 772 5701 :
805 5654 1023 5731 mallent
1052 5656 1291 5711 insolens.
1321 5661 1432 5731 iSed
1460 5665 1633 5730 ipsum
1660 5652 1925 5731 perperam
1960 5666 2123 5718 etiam

627 5723 828 5805 atinum
859 5732 959 5776 est.
987 5723 1211 5805 Benest.
1232 5723 1637 5805 —_llesycliiu_m
1660 5723 1882 5787 consule
1906 5750 1954 5786 v.
1988 5736 2124 5805 Περ-

583 5794 724 5865 περᾷ
754 5804 805 5849 et
839 5794 1259 5865 περπερεύεται,
1304 5794 1480 5870 ibique
1527 5802 1775 5855 adnotata
1810 5805 1873 5857 el.
1921 5794 2123 5861 ΛΠ)ρὲιί

2257 1968 2385 2018 ποτέ
2414 1968 2533 2021 οὔτε
2564 1973 2656 2023 καὶ
2682 1974 3014 2038 ἐλπίσαντος·
3049 1980 3299 2034 τοιούτων
3329 1986 3660 2053 ἐφάπτεσθαι
3693 1990 3821 2059 μέλ-

2253 2056 2378 2122 λων,
2433 2062 2626 2130 μικρὸς
2676 2063 2749 2115 ὣν
2794 2067 2884 2117 καὶ
2916 2068 3072 2131 ἄνους
3119 2073 3409 2140 παντελῶς,
3442 2077 3541 2130 οὐκ
3584 2056 3820 2148 εὐλόγως

2252 2147 2549 2217 ἀναδύομαί
2578 2166 2635 2201 τε
2663 2153 2755 2203 καὶ
2794 2154 2935 2207 ὸκνῶ
2978 2160 3068 2210 καὶ
3112 2161 3250 2215 ἐκὼν
3284 2160 3419 2218 εἶναι
3467 2169 3674 2221 σιωπῶ.
3701 2172 3815 2235 Καὶ

2252 2235 2384 2303 δῆτα
2409 2236 2505 2306 τὴν
2532 2239 2754 2311 ἡσυχίαν
2794 2242 2944 2310 ἄγειν
2984 2247 3217 2315 ἀσφαλές
3266 2270 3353 2320 μοι
3406 2258 3813 2325 καταφαίνεται,

2255 2326 2327 2416 μή
2354 2344 2426 2396 πη
2457 2332 2722 2399 προφάσει
2753 2333 2848 2404 μὲν
2886 2338 3245 2406 εὐχαριστίας,
3278 2342 3381 2397 ὑπὸ
3403 2344 3459 2396 δὲ
3489 2349 3814 2416 προπετείας

2252 2414 2380 2477 ἴσως
2428 2418 2555 2487 περὶ
2602 2422 2812 2490 σεμνῶν
2843 2424 2936 2477 καὶ
2966 2424 3123 2495 ίερῶν
3167 2426 3376 2497 ἄσεμνά
3399 2447 3459 2482 τε
3500 2414 3595 2485 καὶ
3622 2433 3814 2505 εὐτελῆ

2248 2504 2344 2557 καὶ
2381 2523 2736 2583 καταπεπατη
2747 2514 2881 2582 μένα
2917 2515 3125 2581 διεξιὼν
3143 2558 3158 2582 ,
3184 2519 3243 2570 οὐ
3282 2520 3440 2590 μόνον
3461 2523 3559 2577 οὐκ
3580 2525 3815 2594 ἐφικνῶ-

2252 2596 2481 2682 μαιτῆς
2508 2597 2781 2669 ἀληθείας,
2831 2603 2963 2658 ἀλλά
2997 2607 3089 2659 καὶ
3119 2607 3364 2679 καθαιρῶ
3410 2629 3493 2679 τι,
3525 2614 3586 2667 τό
3626 2631 3691 2682 γε
3725 2617 3811 2668 ἐπ’

2247 2679 2386 2755 ἐμοί,
2418 2690 2566 2758 παρά
2594 2694 2707 2754 τοῖς
2746 2692 2916 2757 οὕτως
2964 2695 3104 2765 ἔχειν
3144 2701 3505 2766 πιστεύουσιν,
3538 2704 3615 2765 ὡς
3642 2679 3813 2757 ⁷ἀσθε-

2247 2774 2341 2844 νὴς
2368 2776 2442 2828 ὢν
2472 2779 2500 2829 ὁ
2528 2779 2700 2848 λόγος,
2736 2785 3095 2855 περιυϐρίζων
3130 2789 3343 2858 μᾶλλον,
3368 2792 3511 2862 ἥπερ
3539 2793 3814 2864 ἐξομοιού-

2249 2882 2406 2934 μενος
2433 2872 2542 2932 τοῖς
2566 2870 2743 2939 ἔργοις
2771 2877 2834 2943 τῇ
2867 2876 3117 2944 δυνάμει,
3154 2880 3584 2936 ὑποτυπώσεται.
3618 2884 3813 2940 Καίτοι

2244 2957 2312 3007 τὰ
2367 2958 2466 3025 μὲν
2513 2960 2579 3012 σὰ
2625 2963 2958 3033 ἀκαθαίρετα
3000 2968 3089 3019 καί
3134 2968 3445 3039 ἀνύϐριστα,
3484 2966 3530 3024 ὧ
3561 2974 3685 3046 φίλη
3718 2993 3810 3030 κε-

2247 3043 2409 3132 φαλὴ,
2436 3048 2528 3099 καὶ
2560 3049 2693 3102 πολὺ
2731 3053 2927 3120 μᾶλλον
2962 3056 3029 3108 τὰ
3056 3056 3170 3109 θεῖα
3206 3059 3431 3127 μένοντα
3456 3062 3540 3131 ἐφ’
3575 3043 3805 3132 ἑαυτῶν,

2242 3131 2317 3194 ὠς
2361 3133 2470 3203 ἔχει
2492 3178 2505 3201 ,
2544 3137 2839 3204 ἀσάλευτα,
2883 3143 3044 3197 οὐδὲν
3074 3144 3411 3218 βλαπτόμενα
3446 3152 3549 3205 ὑπὸ
3577 3154 3685 3206 τῶν
3714 3131 3807 3225 μιὲ

2242 3224 2390 3313 κᾲρῶν
2435 3228 2530 3279 καὶ
2572 3230 2799 3294 ἀναξίων
2839 3236 3116 3306 ἡμετέρων
3164 3238 3367 3307 λόγωνο
3414 3245 3574 3313 ἡμεῖς
3610 3246 3667 3298 δὲ
3706 3224 3804 3301 οὐκ

2241 3309 2335 3366 οἷδ’
2367 3316 2513 3380 ὅπως
2542 3320 2640 3391 τὴν
2676 3321 2774 3383 τῆς
2805 3322 3133 3395 θρασύτητος
3162 3329 3255 3381 καὶ
3285 3309 3612 3399 προπετείας
3647 3336 3803 3402 δόξαν

2224 3404 2653 3477 ήδιαφευξόμεθα,
2686 3412 3112 3483 ἐπιπηδήσαντες
3146 3418 3237 3469 ὑπ’
3271 3421 3471 3489 ἀνοίας,
3504 3427 3683 3497 μικρῷ
3710 3431 3798 3481 καὶ

2237 3494 2431 3577 νῷοκαὶ
2458 3504 2798 3571 παρασκευῇ,
2853 3504 3103 3571 μεγάλοις
3167 3510 3261 3560 καὶ
3314 3511 3452 3581 ὑπὲρ
3486 3494 3803 3583 ἡμᾶς-ἴσως

2238 3586 2541 3657 πράγμασι.
2578 3590 2687 3641 Καὶ
2718 3594 2765 3644 εἰ
2813 3593 2908 3661 μὲν
2936 3594 3186 3666 ἀλλαχόθι
3233 3616 3333 3651 που
3378 3603 3470 3655 καὶ
3512 3605 3599 3657 ἐπ’
3628 3606 3799 3660 ἀλλων

2234 3680 2456 3733 τοιαῦτα
2498 3682 2949 3755 προεθυμήθημεν
2982 3689 3407 3756 νεανιεύσασθαι,
3449 3692 3669 3764 θρασεῖς
3700 3697 3800 3765 μὲν

2235 3772 2327 3823 καὶ
2359 3772 2529 3835 οὕτως
2550 3770 2689 3853 ἦμεν
2718 3777 2807 3828 καὶ
2833 3776 3086 3849 τολμηροί
3108 3798 3267 3845 τινες·
3294 3783 3353 3834 οὺ
3385 3784 3491 3854 μὴν
3514 3786 3627 3838 ἀλλ’
3647 3787 3798 3840 ἀναί-

2233 3859 2350 3913 δεια
2378 3863 2475 3932 τῆς
2504 3866 2833 3933 προπετείας
2855 3869 3023 3933 αἰτία,
3056 3871 3130 3940 τῷ
3159 3873 3231 3941 μὴ
3263 3873 3355 3924 ἐπὶ
3388 3874 3469 3925 σοὶ
3496 3874 3605 3944 (51)
3627 3876 3795 3931 ταῦτα

2236 3947 2610 4018 θρασύνεσθαι.
2664 3956 2799 4008 Νυνὶ
2850 3957 2906 4010 δὲ
2964 3960 3073 4011 πᾶν
3110 3960 3169 4011 τὸ
3226 3962 3420 4031 μέτρον
3465 3964 3565 4033 τῆς
3611 3966 3793 4031 ἀνθίας

2233 4040 2635 4114 ἀποπλήσομεν,
2671 4046 2702 4117 ἢ
2736 4050 2828 4100 καὶ
2863 4050 3253 4119 ἀπεπλήσαμεν
3290 4052 3410 4121 ἤδη,
3446 4054 3793 4123 ἐπεμδαίνειν

2232 4129 2591 4200 τολμήσαντες
2623 4138 2865 4202 ἀνίπτοις
2907 4143 3018 4202 τοῖς
3050 4141 3175 4192 ποσὶ
3212 4142 3387 4211 (τοῦτο
3409 4143 3472 4213 δὴ
3500 4145 3559 4197 τὸ
3587 4146 3678 4199 τοῦ
3708 4148 3794 4202 λό-

2233 4222 2350 4291 γου)
2400 4225 2613 4289 ἀκοαῖς,
2648 4223 2734 4291 αἷς
2767 4231 2923 4293 αὐτὸς
2945 4232 2974 4281 ὁ
3002 4231 3143 4293 θεῖος
3180 4232 3345 4300 Λόγος
3388 4234 3536 4287 οὐδὲν
3558 4238 3793 4293 ἐσκεπα-
3893 4254 3896 4255 ⁷

2233 4314 2467 4381 σμένοις,
2499 4317 2572 4379 ὡς
2603 4322 2719 4383 ταῖς
2756 4322 2861 4374 τῶν
2890 4322 3095 4373 πολλῶν
3127 4323 3441 4394 ἀνθρώπιον,
3474 4330 3585 4392 τοῖς
3611 4332 3789 4397 ποσὶν,
3888 4376 3889 4379 η

2230 4402 2419 4474 ὥσπερ
2451 4405 2553 4457 ὑπὸ
2581 4407 2797 4475 παχέων
2840 4410 2996 4462 τινῶν
3024 4410 3301 4481 δερμάτων
3332 4415 3438 4469 τῶν
3466 4420 3790 4489 αἰνιγματω-

2230 4495 2335 4549 δῶν
2384 4496 2475 4548 καὶ
2506 4497 2726 4565 ἀσαφῶν
2758 4500 2863 4569 (59.)
2894 4500 3108 4565 λέξεων,
3158 4503 3291 4558 ἀλλὰ
3313 4509 3538 4576 γυμνοῖς
3720 4512 3785 4564 ἂν

2231 4586 2374 4639 εἴποι
2404 4586 2528 4656 τις),
2564 4588 2739 4657 σαφὴς
2775 4592 2866 4642 καὶ
2903 4591 3161 4662 πρόδηλος
3193 4595 3506 4664 ἐμϐατεύων
3538 4600 3785 4670 ἐνεπιδη-

2231 4682 2337 4749 μεῖ·
2375 4682 2531 4750 ἡμεῖς
2568 4679 2623 4731 δὲ
2653 4680 2839 4751 ὥσπερ
2883 4682 3050 4751 ῥύπον
3081 4685 3113 4755 ἢ
3151 4686 3314 4757 πηλόν
3360 4705 3479 4741 τινα
3528 4691 3652 4753 τοὺς
3691 4693 3785 4745 ἀνα

2230 4770 2532 4840 θρωπίνους
2578 4771 2732 4843 ήμῶν
2795 4772 2983 4841 λόγους
3035 4776 3286 4843 φέροντες
3335 4778 3617 4833 ὲπαντλεῖν
3670 4783 3784 4853 (55}

2226 4913 2371 4957 tom.
2391 4905 2456 4967 ll,
2487 4922 2607 4967 pag.
2645 4907 2769 4961 945.
3368 4925 3373 4931 ‘

2798 4977 3080 5055 Bepgelius
3110 4993 3233 5033 cum
3259 4976 3581 5047 Hreschelio,
3613 4982 3781 5055 προῦ-

2226 5058 2402 5118 arsuro,
2427 5043 2542 5118 ego:
2567 5047 2806 5118 ἡντινοῦν
2838 5043 2981 5118 εἶχεν
3010 5050 3094 5103 ἀν.
3344 5100 3345 5103 η

2298 5111 2410 5179 (50)
2451 5111 2922 5187 Ἐξομοιοῦσθαιῗ
2940 5119 3184 5187 Amplius
3221 5118 3421 5186 aliquid
3461 5134 3657 5175 sonare
3688 5122 3776 5176 vi-

2227 5181 2385 5260 detur
2430 5181 2489 5232 τὸ
2527 5182 2916 5260 ἐξομοιοῦσθαι,
2951 5181 3236 5260 quamne
3273 5181 3573 5260 μὶμεῖσθαι,
3602 5192 3778 5260 inquit

2227 5248 2533 5326 Qatakerus
2552 5248 2641 5326 ad'_
2654 5255 2851 5309 Anton.
2885 5248 3005 5325 pag.
3046 5255 3169 5326 56f).
3197 5248 3397 5326 Nempe
3424 5248 3651 5313 alterum
3676 5248 3775 5315 ’τε-

2227 5318 2396 5373 fertur
2426 5319 2493 5372 ad
2520 5320 2781 5387 habitum,
2806 5318 3030 5378 alterum
3059 5323 3125 5377 ad
3154 5318 3409 5383 actiones.
3436 5328 3663 5383 Βιιςοει..

2297 5390 2408 5457 (51)
2446 5389 2570 5440 Ἐπί
2599 5392 2714 5443 σοί.
2744 5392 2973 5447 Prorsus
3024 5392 3300 5457 legendum
3343 5398 3432 5450 ἐπὶ
3478 5399 3571 5451 σοῦ
3604 5418 3617 5453 :
3646 5414 3773 5454 nam

2226 5462 2387 5512 modo
2419 5458 2469 5510 in
2503 5460 2761 5513 antitheto
2789 5462 2921 5515 dixit
2944 5461 3028 5513 ἐπ’
3056 5458 3245 5518 ἄλλων.
3280 5463 3353 5519 In.

2320 5529 2408 5603 {ig}
2451 5527 2731 5603 ᾈρναφῶν.
2753 5530 2879 5603 _Ger.
2906 5530 3151 5603 Vossius,
3178 5535 3452 5603 ἀσφαλῶν.

2320 5530 2386 5581 52
2451 5530 2731 5595 Ἀσαφῶν.
2756 5530 2879 5584 Ger.
2906 5530 3149 5595 Vossius,
3178 5535 3452 5603 ἀσφαλῶν.

2320 5530 2408 5667 53)
2435 5598 2723 5667 Φέροντες
2740 5598 3072 5653 ἐπαντλεῖν.
3102 5599 3406 5660 Idiotismos
3432 5607 3635 5661 auctori
3666 5619 3772 5659 no-

2227 5666 2354 5746 stro.
2377 5669 2655 5746 frequens.
2683 5666 2793 5746 _Sic
2836 5669 2971 5720 intra
3006 5669 3181 5746 φέρων
3219 5676 3454 5746 ἐπιδοίην
3473 5716 3487 5740 ,
3516 5678 3771 5746 φέροντες

2227 5738 2579 5815 ἀναθήσομεν,
2608 5738 3218 5815 ’φέρων-κατεστήσατο,
3271 5738 3447 5815 φέρων
3475 5738 3479 5740 Ἴ

2228 5825 2373 5873 σατο,
2398 5809 2572 5878 φέρων
2602 5809 2939 5878 ἐμφυτεύσει,
2975 5809 3147 5884 φέρων
3179 5809 3509 5881 ἐγκατέθετο.
3533 5809 3763 5867 Binan.
