4094 6354
367 421 394 475 1
406 422 513 475 057

1367 419 1434 474 IN
1473 372 1824 474 emersum
1852 414 2108 472 ouzmo
2147 381 2604 476 PANEGYRICA.

3465 418 3601 475 £058

281 573 284 576 -
365 513 744 609 ἑτολμήταμεν
791 536 1197 602 ἀκοαῖςθείων
1255 537 1348 589 καὶ
1413 534 1668 605 καθαρῶν
1723 534 1919 588 ἀκούειι

2041 547 2202 587 cuum
2229 534 2486 589 incedens
2507 533 2865 602 obambulat:
2900 543 2953 589 ct
2981 548 3078 588 nos
3115 544 3292 588 autem
3317 534 3461 589 velut
3481 551 3607 592 sor-

367 627 821 700 μιμελετηκυίαις
865 627 1073 697 φωνῶν.
1114 627 1234 701 ’Ἆρ’
1263 623 1354 699 οὖν
1386 627 1599 697 ἀπόχρη
1631 627 1798 696 μέχρι
1815 625 1935 678 τού-

363 734 466 785 του
513 721 806 791 ἁμαρτεῖν⁶
863 719 956 772 καὶ
1011 712 1112 773 νῦν
1159 719 1288 788 γοῦν
1330 720 1622 789 σωφρονεῖν
1668 716 1933 788 ἄρξασθαι

365 811 500 883 χρὴ,
535 811 728 881 μηκέτι
764 811 859 881 μὲν
895 812 1206 882 περαιτέρω
1249 809 1636 878 προϐαίνοντας
1662 809 1739 877 τῷ
1769 808 1929 886 λόγῳ,

364 899 534 952 αὐτοῦ
575 901 631 953 δὲ
672 897 1155 965 καταπαύσαντας,
1209 900 1506 972 ἐϐουλόμην
1540 900 1656 970 μέν.
1704 900 1777 953 Οὐ
1826 901 1931 969 μὴν

364 989 486 1042 ἀλλ’
518 989 662 1053 ἅπαξ
686 1008 774 1060 μοι
795 989 1177 1062 θρασυνομένῳ
1198 996 1199 999 “
1217 989 1414 1054 ἐξέστω
1457 990 1554 1060 τὴν
1583 989 1756 1042 αἰτίαν
1783 989 1930 1060 πρῶ-

361 1097 463 1134 τον
506 1082 713 1143 εἰπεῖν,
768 1081 854 1148 ὐφ’
901 1078 968 1154 ἦς
1013 1081 1268 1152 ἐπαρθεὶς
1315 1081 1406 1132 ἐπὶ
1450 1080 1634 1133 τοῦτον
1683 1074 1793 1152 ἦκα
1843 1079 1931 1132 τὸν

329 1207 340 1215 -
358 1171 574 1239 ἀγῶνα,
607 1169 660 1222 εἴ
690 1189 763 1240 πη
789 1173 880 1224 καὶ
927 1170 1217 1242 συγγνώμη
1243 1172 1448 1240 γένοιτό
1478 1168 1565 1240 μοι
1592 1171 1688 1242 τῆς
1731 1187 1930 1241 προπε-

361 1263 516 1325 τείας
545 1261 762 1334 ταύτης.
1013 1269 1015 1271 ’
1643 1293 1646 1296 ~

437 1446 510 1498 Γ’.
544 1446 722 1499 Δεινόν
771 1462 858 1516 μοι
900 1447 931 1515 ἡ
981 1443 1268 1515 ἀχαριστία
1311 1444 1728 1512 καταφαίνεται,
1762 1441 1928 1494 δεινὸν

359 1537 463 1590 καὶ
485 1537 779 1589 πάνδεινον.
809 1537 1050 1590 Παθόντα
1072 1539 1177 1607 γάρ
1206 1553 1258 1588 τι
1288 1536 1465 1598 καλῶς
1483 1577 1499 1599 ,
1536 1535 1610 1604 μὴ
1645 1535 1737 1586 καὶ
1771 1535 1929 1602 ἀμεί-

359 1627 556 1680 ϐεσθαι
588 1628 894 1698 πειρᾶσθαι,
922 1632 967 1681 εί
1005 1629 1096 1681 καὶ
1131 1628 1204 1699 μὴ
1240 1626 1412 1690 ἄλλως
1439 1626 1683 1690 δυνατὸν,
1715 1627 1929 1696 εὐχαρι-

362 1718 542 1781 στίαις
584 1718 714 1786 γοῦν
755 1720 873 1773 ταῖς
919 1718 1004 1770 διὰ
1039 1717 1232 1784 λόγων,
1276 1718 1307 1787 ἢ
1354 1718 1577 1785 ἀνοήτου
1617 1717 1802 1786 ,πάντη
1833 1715 1928 1767 καὶ

359 1793 690 1878 ἀναισθήτου
729 1809 837 1861 τῶν
867 1807 1211 1880 εὐεργεσιῶν,
1246 1807 1278 1877 ἦ
1316 1808 1642 1878 ἀμνήμονος·
1681 1807 1786 1875 ὅτῳ
1816 1803 1924 1874 (54)

2034 625 2128 678 des
2153 637 2215 677 ac
2252 639 2466 678 caenum
2503 624 2798 692 quoddam,
2829 624 3071 678 mortalia
3095 625 3208 680 haec
3231 625 3394 680 verba
3418 636 3600 682 nostra

2031 713 2263 776 inferre,
2314 722 2478 784 atque
2526 706 2600 770 i‘n‘
2629 731 2789 787 aures
2832 716 3029 770 divinis
3072 716 3331 788 purisque
3365 718 3600 782 vocibus

2032 805 2314 860 audiendis
2353 816 2599 861 assuetas
2635 805 2920 863 infundere
2955 808 3237 864 audemus.
3292 807 3437 865 Satis
3470 824 3600 880 ergo

2031 900 2121 964 sit,
2161 897 2269 953 huc
2309 914 2482 968 usque
2523 914 2802 970 peccasse;
2839 901 2922 955 vel
2963 916 3108 956 nunc
3145 902 3359 956 tandem
3408 917 3598 974 sapere

2030 988 2395 1057 incipiendum
2447 999 2566 1056 est;
2615 1006 2715 1046 nec
2760 993 3005 1047 oratione
3045 994 3257 1064 longius
3297 994 3593 1065 producta",

2031 1082 2119 1137 hic
2147 1082 2524 1146 desinendum.
2572 1084 2771 1140 Vellem
2817 1087 3104 1154 equidem;
3150 1103 3334 1144 verum
3373 1088 3596 1159 pudoris

2029 1175 2164 1229 flues
2187 1175 2354 1229 semel
2383 1190 2603 1246 egresso
2628 1177 2787 1231 liceat
2830 1181 3056 1232 causam
3084 1168 3457 1246 prius-diee're,
3487 1195 3592 1248 qua

2027 1264 2224 1319 ductus
2256 1267 2311 1319 in
2339 1275 2612 1322 certamen
2647 1268 2757 1346 hoc,
2790 1269 2932 1333 veni,
2980 1270 3027 1323 si
3075 1285 3182 1338 qua
3231 1270 3364 1324 mihi
3409 1270 3591 1326 forsan

2028 1357 2346 1410 temeritatis
2381 1358 2540 1427 hujus
2572 1360 2726 1413 venia
2757 1360 3104 1414 concedatur.

2099 1445 2183 1500 ΙΙΙ.
2223 1447 2367 1501 Dura
2418 1450 2550 1504 mihi
2598 1451 2886 1520 gravisque
2927 1467 3045 1517 res,
3095 1454 3337 1524 ingratus
3381 1453 3597 1507 animus

2027 1524 2266 1603 videtur;
2311 1540 2519 1604 gravis,
2553 1539 2812 1608 inquam,
2857 1551 2910 1594 et
2960 1543 3137 1611 gravis
3184 1530 3590 1612 ttsquequaque.

2028 1627 2162 1682 Eum
2194 1630 2340 1682 enim
2384 1629 2475 1697 qui
2525 1629 2786 1683 beneficio
2833 1629 3057 1686 affectus
3108 1634 3198 1699 sit,
3228 1633 3271 1687 si
3301 1633 3457 1686 aliter
3484 1646 3591 1687 non
3629 1678 3631 1680 .
3661 1656 3665 1661 -

2026 1729 2223 1787 potest,
2251 1714 2471 1788 agendis
2515 1712 2902 1775 saltem'verbo
2943 1724 3130 1790 gratiis
3157 1723 3449 1792 rependere
3482 1737 3588 1776 non

2028 1795 2236 1873 conari,
2271 1795 2365 1862 aut
2387 1812 2565 1863 mente
2583 1810 2724 1880 capti
2747 1819 2799 1864 et
2822 1813 3049 1864 sensum"
3069 1794 3453 1866 beneficiorum
3479 1826 3587 1865 non

359 1896 426 1950 δὲ
452 1871 836 1972 καὶίάῖσθησις,
862 1871 1180 1964 καῖ’γνῶσις
1209 1871 1282 1950 ὧν
1316 1871 1481 1948 ἔπαθέ
1520 1895 1696 1948 καλῶν
1727 1871 1919 1965 προσεζ

2027 1898 2275 1953 habentis
2309 1907 2394 1954 est
2426 1895 2687 1964 hominis,
2719 1907 2813 1953 aut
2840 1901 3172 1954 immemoris
3200 1919 3213 1954 :
3243 1901 3329 1956 cui
3370 1909 3499 1956 vero
3537 1913 3592 1956 et
3654 1908 3657 1909 ⁷

359 1988 553 2054 γένετο
574 1988 804 2058 πρῶτον,
835 1991 881 2039 εί
923 1989 997 2058 μὴ
1031 1989 1122 2040 καὶ
1161 1988 1345 2057 μνήμη
1377 1985 1696 2050 διασώζεται
1727 1988 1806 2049 είς
1833 1987 1925 2039 τὸν

361 2079 559 2134 ἔπειτα
589 2079 798 2151 χρόνον,
859 2082 906 2132 εἰ
942 2081 1015 2150 μὴ
1067 2080 1158 2133 καὶ
1205 2079 1460 2150 ἀναφέροι
1504 2079 1621 2130 τινὰ
1667 2079 1823 2149 χάριν
1849 2078 1926 2148 τῷ

360 2170 585 2241 ἄρξαντι
611 2189 716 2243 των
741 2170 976 2238 ἀγαθῶν,
1010 2170 1177 2240 ἀργὸς
1217 2164 1368 2232 οὗτος
1398 2172 1489 2224 καὶ
1517 2171 1804 2240 ἀχάριστος
1833 2172 1926 2224 καὶ

359 2262 586 2332 ὰσεόὴς,
628 2261 1020 2332 ¹ἐξαμαρτάνων
1073 2262 1132 2312 οὐ
1174 2260 1495 2330 συγγνωστά
1535 2260 1656 2312 οὐτε
1706 2261 1924 2331 μεγάλῳ

355 2347 486 2401 οὐτε
519 2348 713 2419 μικρῷ”
743 2349 789 2400 εί
824 2348 920 2418 μὲν
968 2348 1136 2417 μέγας
1168 2348 1247 2410 τίς
1269 2351 1396 2401 ’ἐστι
1437 2351 1528 2402 καὶ
1578 2349 1920 2420 μεγαλόνους,

352 2442 463 2508 ,οὐκ
489 2440 790 2511 ἀνὰ-στόμα
819 2441 994 2510 φέρων
1020 2439 1114 2491 σὺν
1149 2439 1296 2512 πάσῃ
1329 2441 1644 2511 εὐχαριστίᾳ
1671 2442 1764 2494 καὶ
1792 2444 1921 2511 τιμῇ

353 2529 461 2592 τὰς
514 2530 748 2600 μεγάλας
800 2530 962 2582 αὐτοῦ
1011 2532 1344 2600 εὐεργεσίας
1399 2535 1447 2584 εἰ
1492 2532 1565 2587 at,
1597 2531 1786 2604 μικρὸς
1832 2531 1924 2585 καὶ

357 2620 852 2690 εὐκαταφρόνητος,
895 2621 991 2673 οὐκ
1036 2621 1285 2691 ἀνυμνῶν
1333 2622 1426 2673 xui.
1469 2623 1727 2692 εὐφημῶν
1775 2624 1921 2694 πάσῃ

354 2714 428 2782 τῇ
456 2710 621 2764 αὑτοῦ
655 2711 877 2781 δυνάμει
925 2711 1011 2762 τὸν
1050 2713 1109 2763 οὐ
1162 2711 1407 2782 μεγάλων
1445 2711 1624 2780 μόνον,
1669 2713 1802 2766 ἀλλά
1829 2715 1922 2767 καὶ

257 2867 272 2874 χ
361 2802 578 2875 μικρῶν
603 2803 911 2874 εὐεργέτην,
944 2804 1067 2866 Τοῖς
1112 2804 1211 2874 μὲν
1241 2799 1331 2856 οὖν
1368 2801 1571 2874 μείζοσι
1612 2807 1702 2857 καὶ
1747 2806 1923 2859 διαῦε-

357 2893 554 2966 δηκόσι
575 2894 792 2965 δυνάμει
819 2878 1010 2966 ψυχῆς,
1045 2889 1219 2966 οἶαδὴ
1252 2897 1319 2961 ἐκ
1345 2895 1581 2960 πλείονος
1610 2897 1923 2967 περιουσίας

353 2985 457 3038 καὶ
511 2984 743 3055 μεγάλου
791 2983 1053 3049 πλούτους,
1107 2983 1325 3056 μείζους
1370 2987 1465 3039 καὶ
1505 2985 1922 3058 φιλοτιμοτέροις

354 3074 652 3147 ἀναγκαῖον
685 3075 984 3129 ἀποδιδόναι
1030 3080 1142 3141 τοῖς
1188 3078 1498 3148 εὐεργέταις
1529 3078 1629 3141 τὰς
1663 3079 1802 3131 κατά
1833 3079 1921 3130 δύ-

2025 2004 2218 2044 sensus
2247 1998 2302 2044 et
2326 1990 2564 2060 cognitio
2589 2001 2671 2045 est
2703 1991 3111 2057 beneficiorum,
3141 1993 3242 2047 nisi
3267 1992 3587 2072 memoriam
3636 2058 3642 2063 _

2023 2093 2308 2137 conservet
2343 2085 2396 2137 in
2431 2093 2728 2161 posterum,
2777 2087 2877 2140 nisi
2928 2085 3152 2156 gratiam
3203 2087 3363 2142 etiam
3406 2069 3590 2157 aliquo
3657 2154 3662 2161 ι

2023 2174 2183 2227 modo
2219 2163 2420 2236 referat
2456 2153 2720 2228 bonorum
2762 2177 2988 2242 auctori,
3018 2177 3163 2230 iners
3191 2177 3388 2232 ille‘est
3421 2187 3474 2232 et
3507 2178 3592 2242 in-

2024 2269 2209 2334 gratus
2237 2281 2300 2319 ac
2325 2266 2544 2335 impius,
2574 2267 2691 2336 ejus
2717 2268 3145 2334 criminis'reus,
3173 2254 3327 2339 quod~
3347 2285 3445 2324 nec
3472 2284 3592 2324 ma-

2024 2371 2181 2425 gnus,
2230 2372 2336 2411 nec
2370 2371 2568 2426 parvus
2607 2358 2884 2427 ignoscat;
2921 2360 3116 2430 quippe
3147 2363 3262 2430 qui,
3292 2361 3336 2415 si
3369 2358 3586 2431 quidem

2024 2463 2252 2518 magnus
2281 2458 2438 2503 estet
2467 2450 2805 2518 magnificus,
2849 2465 3042 2522 magna
3087 2453 3206 2522 ejus
3241 2453 3499 2508 beneficia
3531 2453 3588 2507 in

2023 2553 2135 2603 ore,
2163 2553 2285 2592 cum
2318 2541 2465 2592 omni
2501 2540 2792 2617 gratiarum
2821 2542 3031 2596 actiOne
3059 2544 3222 2612 atque
3247 2544 3455 2604 honore
3476 2558 3595 2598 non

2022 2639 2201 2700 gerat;
2233 2630 2314 2684 sin
2359 2645 2558 2699 parvus
2601 2639 2673 2684 et,
2696 2632 3059 2702 despicabilis,
3092 2644 3198 2686 non
3225 2635 3370 2687 omni
3404 2640 3588 2686 tamen

2022 2719 2202 2772 studio
2228 2716 2408 2773 laudet
2449 2734 2513 2794 ac
2540 2721 2794 2783 celebret,
2845 2737 2951 2775 non
3002 2735 3320 2790 magnorum
3354 2720 3604 2790 tantum,

2023 2811 2115 2865 sed
2173 2825 2464 2880 parvorum
2512 2813 2675 2865 etiam
2720 2827 3005 2868 munerum
3051 2815 3381 2886 largitorem.
3434 2814 3500 2870 Et
3556 2804 3624 2872 av

2022 2897 2232 2982 magnis
2278 2903 2496 2973 quidem
2548 2905 2822 2975 animique
2871 2904 3123 2960 facultate
3171 2909 3584 2976 praestantibus,

2020 3001 2276 3060 tanquam
2311 3009 2376 3047 ex
2409 2994 2615 3063 majore
2637 3011 2800 3065 opum
2831 2997 3333 3068 copiamagnisque
3357 3000 3583 3069 divitiis,
3623 3045 3626 3048 μ

2020 3083 2256 3151 majores
2321 3074 2485 3154 atque
2537 3087 2860 3142 illustriores
2909 3088 3344 3168 benefactoribus
3396 3092 3621 3149 laudes

353 3183 521 3236 ναμιν
559 3165 850 3238 εὐφημίας·
875 3172 993 3241 ,τοῖς
1023 3168 1078 3221 δὲ
1111 3172 1321 3239 μικροῖς
1364 3171 1456 3222 καὶ
1487 3172 1544 3221 ὲν
1570 3171 1739 3242 στενῷ
1761 3171 1919 3224 καθε-

2021 3190 2119 3243 pro
2156 3175 2361 3229 viribus
2399 3176 2550 3231 reddi
2592 3192 2812 3231 necesse
2841 3186 2950 3243 est;
2997 3193 3193 3248 parvos
3236 3165 3414 3235 autem
3441 3193 3494 3237 et
3529 3184 3586 3239 in

356 3257 578 3319 στῶσιν,
596 3257 700 3308 οὐδ’
726 3258 902 3320 αὐτοῖς
923 3258 1162 3327 ἀμελεῖν,
1181 3258 1299 3309 οὐδὲ
1334 3257 1592 3328 ῥᾳθυμεῖν
1625 3253 1914 3331 προσῆκον,

301 3337 306 3341 ’
352 3347 467 3400 οὐδ’
497 3347 956 3408 ἀναπεπτωκέναι,
976 3347 1048 3408 ὡς
1081 3347 1230 3398 οὐδὲν
1263 3349 1409 3412 ἀξιον
1442 3348 1651 3420 φέρειν,
1681 3350 1800 3403 οὐδὲ
1833 3353 1918 3403 τέ-

353 3441 500 3492 λειον
527 3438 855 3514 δυναμένοις
891 3438 1002 3491 ἀλλ’
1036 3433 1125 3509 οἷα.
1153 3438 1385 3506 πένητας
1417 3440 1512 3508 μὲν
1532 3482 1545 3504 ,
1576 3441 1919 3512 εὐγνώμονας

354 3532 434 3597 δὲ,
463 3530 521 3584 οὐ
547 3530 644 3600 τὴν
665 3529 757 3582 τοῦ
781 3530 1115 3599 τιμωμένου,
1150 3529 1245 3598 τὴν
1281 3529 1324 3580 δ’
1357 3530 1531 3582 αὐτῶν
1563 3531 1788 3601 δύναμιν
1825 3551 1919 3603 με..

356 3627 682 3698 τρήσαντας,
727 3625 790 3674 ὲκ
834 3623 928 3690 τῆς
972 3621 1246 3691 παρούσης
1300 3621 1575 3690 δυνάμεως
1629 3622 1917 3692 ἀναφέρειν

356 3713 457 3774 τὰς
484 3705 664 3781 τιμάς,
699 3710 986 3779 χαριέσσας
1013 3709 1138 3771 ἴσως
1162 3709 1418 3778 ἐσομένας
1443 3711 1532 3761 καὶ
1558 3710 1916 3780 καταθυμίους

354 3801 438 3873 τῷ
465 3803 825 3879 τετιμημένῳ,
860 3803 949 3854 καὶ
981 3803 1079 3853 οὐκ
1102 3804 1158 3853 ἐν
1192 3801 1414 3873 δευτέρα
1441 3802 1590 3872 χώρᾳ
1613 3805 1741 3874 παρ’
1769 3805 1916 3872 αὐτῷ

355 3892 466 3946 τῶν
492 3893 739 3963 μεγάλων
766 3897 856 3946 καὶ
890 3893 1112 3955 πολλῶν,
1147 3897 1194 3945 εἰ
1238 3896 1330 3947 σύν
1371 3912 1471 3946 τινι
1504 3895 1774 3964 προθυμίᾳ
1802 3896 1915 3964 μεί-

355 3980 473 4044 ζονι
501 3984 592 4035 καὶ
616 3982 803 4053 γνώμῃ
836 3982 1186 4052 προσφέροιεν
1221 3983 1408 4053 610x11}
1420 4002 1512 4053 ρῳ.
1544 3983 1725 4046 Οὕτως
1750 3986 1807 4034 ὲν
1842 3985 1907 4034 ἰε-

363 4076 482 4143 ραῖς
527 4073 731 4136 Βίϐλοις
762 4074 999 4144 φέρεται,
1037 4076 1119 4126 ὅτι
1164 4075 1226 4143 δὴ
1280 4075 1449 4144 μικρά
1478 4093 1558 4138 τις
1592 4076 1684 4127 καὶ
1728 4076 1914 4145 πτωχὴ

357 4164 495 4234 γυνὴ
523 4166 642 4234 ἅμα
675 4166 943 4226 πλουσίοις
975 4166 1065 4216 καὶ
1093 4164 1355 4227 δυνατοῖς,
1398 4167 1447 4217 οἳ
1479 4167 1808 4237 προσέφερον
1854 4172 1916 4220 ὲκ

356 4254 450 4307 τοῦ
482 4255 705 4308 πλούτου
739 4257 947 4326 μεγάλα
990 4258 1082 4309 καὶ
1131 4256 1410 4326 πολυτελῆ,
1441 4259 1573 4327 μόνη
1617 4260 1786 4331 μικρὰ
1818 4263 1913 4330 μὲν

359 4345 454 4397 καὶ
476 4345 753 4414 ἐλάχιστα,
786 4349 960 4399 πάντα
996 4347 1050 4398 δὲ
1081 4347 1226 4415 ὅμως
1253 4345 1316 4396 τὰ
1354 4348 1479 4417 ὄντα
1504 4351 1636 4419 αὐτῇ
1674 4351 1913 4419 συμϐαλ-

356 4432 578 4502 λομένη,
604 4435 700 4504 τὴν
725 4435 822 4504 τῆς
857 4436 1095 4496 πλείονος
1119 4435 1312 4496 δόσεως
1347 4438 1644 4506 μαρτυρίαν
1674 4440 1912 4509 ἀπηνέγ-

2021 3275 2248 3339 angusto
2271 3269 2623 3333 constitutos,
2647 3282 2744 3320 nec
2771 3267 2916 3336 ipsos
2942 3268 3228 3338 negligere,
3255 3280 3348 3328 aut
3370 3264 3606 3342 segnio—'

2020 3374 2107 3414 res
2144 3373 2265 3414 esse
2303 3359 2584 3424 convenit,
2626 3373 2725 3412 nec
2758 3360 2958 3412 animis
2996 3359 3211 3424 cadere,
3252 3365 3405 3430 quasi
3450 3364 3586 3418 nihil

2020 3451 2243 3519 dignum
2265 3447 2672 3519 perfectumque
2696 3449 2885 3504 afferre
2909 3451 3148 3518 possint;
3171 3452 3261 3505 sed
3287 3445 3433 3505 velut
3452 3461 3586 3522 pau-

2020 3557 2173 3610 peres
2203 3542 2441 3612 quidem,
2469 3551 2525 3596 at
2551 3553 2730 3595 tamen
2761 3552 2958 3611 gratos,
2991 3556 3098 3599 non
3129 3542 3247 3610 ejus
3272 3528 3431 3612 quem
3477 3546 3581 3599 ho-

2019 3643 2234 3701 norant,
2267 3635 2358 3688 sed
2392 3650 2544 3688 suam
2573 3633 2878 3687 facultatem
2907 3614 3209 3698 metientes,
3239 3651 3303 3687 ex
3332 3637 3581 3708 praesenti

2000 3727 2402 3780 commoditate
2441 3726 2674 3777 honores
2707 3722 2948 3789 deferre;
2983 3735 3165 3793 gratos
3199 3726 3320 3782 illos
3354 3725 3584 3802 fortasse

2015 3802 2070 3871 et
2096 3802 2376 3886 ~iucundos
2403 3817 2450 3869 ei
2483 3817 2588 3883 qui.
2621 3815 2938 3880 honoratur,
2987 3831 3085 3870 nec
3130 3817 3385 3872 inferiore
3441 3820 3607 3882 apud,

2017 3924 2139 3961 eum
2188 3908 2342 3972 loco,
2405 3921 2565 3974 quam
2633 3905 2679 3959 si
2741 3922 2932 3975 magna
2999 3923 3234 3978 quasque
3287 3924 3350 3963 ac
3415 3911 3578 3964 multa

2018 4000 2360 4061 offerrentur,
2399 3998 2640 4064 futuros,
2671 3999 2715 4052 si
2751 4000 2953 4067 majore
2995 4014 3115 4052 cum
3157 4000 3430 4052 alacritate
3469 4001 3580 4054 sin-

1979 4115 1982 4118 ⁴
2019 4107 2249 4159 ccroque
2289 4101 2342 4144 et
2387 4092 2595 4158 integro
2629 4091 2811 4142 animo
2850 4089 3177 4142 deferantur.
3213 4089 3302 4142 Sic
3339 4091 3482 4142 enim
3524 4085 3577 4142 in

2019 4185 2189 4239 sacris
2232 4169 2448 4237 Litteris
2492 4180 2877 4251 lcgercest",
2926 4194 3144 4246 parvam
3191 4180 3476 4248 quamdam
3523 4194 3604 4242 et

2017 4289 2306 4345 pauperem
2345 4275 2627 4339 feminam,
2659 4286 2764 4323 una
2797 4286 2919 4324 cum
2960 4270 3215 4323 divitibus
3255 4279 3309 4325 et
3348 4274 3579 4339 potenti—

2017 4366 2119 4418 bus
2150 4366 2240 4432 qui
2273 4380 2337 4416 ex
2378 4361 2721 4414 facultatibus
2767 4359 2879 4411 suis
2925 4373 3114 4426 magna
3151 4368 3203 4411 et
3237 4361 3415 4427 opima
3447 4362 3579 4415 offe-

2016 4459 2224 4518 rebant,
2262 4457 2429 4508 solam
2474 4453 2689 4522 quidem
2718 4469 2878 4522 parva
2912 4463 2964 4506 et
2997 4454 3239 4516 minima.
3275 4456 3364 4508 sed
3393 4455 3573 4508 omnia

359 4543 514 4580 κατο.
540 4526 611 4577 Οὐ
656 4526 764 4596 γὰρ
807 4524 954 4596 οἶμαι
993 4528 1068 4596 τῷ
1115 4525 1261 4594 ποσῷ
1301 4527 1396 4595 τῆς
1441 4527 1717 4597 διδομένης
1762 4531 1911 4599 ὕλης,

2020 4555 2195 4597 tamen
2221 4560 2342 4612 quae
2369 4545 2617 4610 habebat,
2646 4544 2961 4605 contulisse,
2993 4554 3048 4596 et
3079 4545 3302 4615 majoris
3333 4545 3572 4598 muneris

356 4621 522 4690 οὐσης
555 4617 770 4685 ἔξωθεν,
809 4624 925 4682 ταῖς
955 4621 1011 4673 δὲ
1049 4616 1473 4690 προσφερούσαις
1511 4618 1751 4687 γνώμαις
1784 4623 1918 4688 μᾶλ-

355 4714 448 4766 λον
475 4713 566 4765 καὶ
597 4712 943 4782 προαιρέσεσι
971 4714 1067 4783 τὴν
1100 4711 1403 4780 φιλοτιμίαν
1433 4712 1524 4760 καὶ
1562 4711 1658 4779 τὴν
1691 4713 1916 4780 μεγαλο-

357 4804 657 4876 πρέπειαν,
709 4805 736 4854 ὁ
782 4803 920 4872 ἱερὸς
960 4801 1114 4872 λόγος
1161 4801 1550 4869 ὲσταθμήσατο.
1603 4803 1674 4852 Οὐ
1735 4804 1912 4855 τοίνυν

353 4895 478 4948 οὐδὲ
524 4895 670 4963 ἡμᾶς
717 4896 970 4947 ἀποκνεῖν
1020 4897 1192 4965 πάντη
1240 4893 1512 4963 ’προσῆκον
1555 4893 1659 4944 δέει
1710 4893 1801 4946 τοῦ
1839 4895 1912 4964 μὴ

354 4985 778 5054 ὲξισωθήσεσθαι
827 4985 924 5056 τὴν
968 4986 1311 5057 εὐχαριστίαν
1358 4984 1475 5043 ταῖς
1536 4984 1912 5053 εὐεργεσίαις,

353 5077 491 5131 ἀλλὰ
540 5075 645 5126 πᾶν
682 5074 986 5126 τούναντίον
1031 5076 1230 5145 τολμᾷν
1273 5075 1364 5126 καὶ
1394 5071 1706 5140 πειρᾶσθαι,
1738 5076 1786 5124 εί
1818 5074 1913 5125 xui.

357 5169 436 5240 μὴ
477 5168 574 5229 τὰς
622 5165 759 5229 ίσας,
805 5165 900 5229 τάς
947 5167 1073 5235 γοῦν
1121 5167 1346 5227 δυνατὰς
1390 5164 1711 5233 προσφέρειν
1743 5164 1816 5226 ὡς
1854 5165 1911 5216 ὲν

354 5260 559 5332 ἀμοιϐῇ
585 5258 766 5326 τιμάς·
788 5257 839 5308 εἴ
858 5273 994 5320 πως,
1017 5258 1122 5309 τῶν
1147 5258 1361 5310 τελείων
1387 5253 1782 5324 διαμαρτάνων,
1805 5254 1911 5305 τῶν

355 5355 451 5406 ἐπὶ
477 5353 671 5423 μέρους
706 5348 832 5417 γοῦν
858 5347 1107 5418 τεύξηται
1140 5351 1266 5419 ἡμῖν
1287 5351 1314 5400 ὸ
1345 5349 1518 5414 λόγος,
1547 5346 1639 5415 τὴν
1671 5342 1908 5413 παντελῆ

353 5447 456 5514 τῆς
480 5441 798 5516 ἀχαριστίας
830 5440 984 5506 δόξαν
1025 5441 1259 5510 διαδράς.
1292 5442 1588 5510 Ἀχρηστον
1632 5438 1735 5507 γὰρ
1778 5436 1909 5505 ἀλη-

352 5538 466 5599 θῶς
506 5539 539 5605 ὴ
578 5529 851 5594 παντελῶς
899 5533 1072 5602 σιωπὴ
1106 5534 1208 5582 ὐπὸ
1254 5531 1461 5601 πιθανῷ
1488 5531 1566 5600 τῷ
1592 5530 1686 5582 τοῦ
1729 5529 1800 5598 μὴ
1824 5529 1910 5580 δύ-

431 5669 479 5699 “
513 5668 645 5724 Luc.
677 5682 788 5732 ιιι,
813 5665 868 5718 2.

2017 4635 2381 4700 testimonium
2413 4637 2733 4704 laudemque
2764 4637 3033 4689 retulisse.
3067 4634 3182 4687 Non
3224 4635 3363 4686 enim
3391 4643 3572 4687 exter-

2019 4747 2118 4793 ηαξ,
2156 4729 2366 4799 opinor,
2399 4729 2474 4783 rei
2519 4745 2636 4798 quae
2674 4729 2796 4781 data
2838 4737 2919 4779 est
2962 4725 3276 4793 quantitate,
3320 4725 3411 4777 sed
3454 4723 3570 4793 ipso

2015 4821 2288 4875 offerentis
2312 4821 2494 4874 animo
2525 4835 2587 4872 ac
2615 4818 2894 4887 proposito
2929 4816 3298 4869 aestimandam
3329 4819 3569 4872 muneris

2014 4911 2325 4979 dignitatem
2361 4907 2922 4977 magnificentiamquc
2957 4907 3154 4960 divina:
3193 4895 3402 4960 Litterae
3438 4922 3567 4960 cen-

2016 5008 2260 5054 suerunt.
2300 4997 2414 5050 Non
2460 4997 2619 5064 igitur
2662 4995 2883 5050 omnino
2927 4995 3169 5067 refugere
3209 5012 3306 5050 nos
3338 5005 3565 5065 oportet,

2018 5091 2164 5144 inani
2197 5098 2341 5144 metu
2371 5103 2437 5141 ne
2468 5087 2652 5156 gratiae
2681 5102 2802 5140 cum
2839 5089 3112 5143 beneficiis
3148 5105 3254 5142 non
3284 5088 3569 5156 aquuen-

2017 5192 2144 5235 tur:
2177 5182 2264 5234 sed
2290 5187 2475 5232 contra
2498 5178 2688 5245 potius
2717 5181 2914 5232 audere
2947 5173 3105 5248 atque
3137 5178 3314 5232 omnia
3346 5177 3565 5244 conari;

2019 5280 2077 5322 ut
2110 5272 2152 5326 si
2193 5286 2297 5322 non
2344 5283 2519 5338 pares,
2571 5283 2710 5338 quos
2759 5269 2944 5321 saltem
2994 5281 3282 5336 possumus
3331 5267 3566 5321 boum-es
3652 5256 3665 5274 ’

2017 5361 2392 5431 rependamus.
2421 5357 2572 5424 Quod
2602 5360 2646 5413 si
2685 5359 2827 5412 forte
2859 5375 2963 5411 non
3005 5358 3226 5410 omnino
3267 5373 3377 5412 rem
3419 5375 3566 5413 35se-

2018 5466 2233 5524 quatur,
2259 5461 2461 5520 partem
2486 5462 2626 5506 certe
2646 5439 2877 5520 aliquam
2903 5450 3167 5518 pertingat
3190 5451 3380 5511 oratio,
3405 5446 3566 5515 atque

2020 5542 2384 5599 omnimodam
2408 5543 2599 5613 ingrati
2634 5543 2795 5596 animi
2821 5541 2992 5594 labem
3016 5539 3229 5595 devitet.
3255 5531 3562 5608 Improbum

363 5829 372 5833 υ·
428 5803 544 5872 (54)
570 5805 728 5874 Ὅτῳ.
773 5801 851 5857 Ita
896 5800 1246 5867 llmschclius,
1295 5802 1576 5872 Bengelius
1622 5818 1680 5855 ac
1712 5796 1919 5856 editor]

2020 5798 2247 5854 isiensis.
2281 5796 2524 5862 Vossius,
2547 5795 2648 5848 ὃτι.
