4094 6354
670 419 805 479 1065

1744 426 1802 482 S.
1840 424 2161 482 GREGORII
2215 423 2712 514 TIIALlMATURGl

3735 433 3870 490 1066

663 538 848 625 omnia
882 539 949 594 ad
999 541 1194 596 animae
1239 549 1438 598 nostra
1485 541 1768 597 utilitatem
1823 541 2202 611 prospicienti,

2307 527 2567 610 ἐκτρέφει
2596 559 2655 594 τε
2699 543 2790 594 καὶ
2834 540 3073 595 παιδεύει
3124 545 3216 596 καὶ
3268 550 3624 616 χειραγωγεῖ·
3674 553 3760 604 καὶ
3809 553 3868 625 δὴ

659 619 807 700 qide
829 628 962 683 utile
987 638 1041 684 et
1063 629 1404 696 bonum'est,
1438 632 1621 686 statim
1653 632 1932 701 apparet),
1977 639 2038 684 ut
2082 631 2209 684 olim

662 733 770 783 me,
804 718 878 771 ita
905 729 1049 772 nunc
1083 732 1300 787 quoque
1331 718 1445 782 alit,
1476 727 1529 771 et
1550 718 1726 772 erudit
1749 733 1813 772 ac
1843 733 2004 772 manu
2031 719 2207 773 ducit:

659 817 776 865 tum
806 818 998 878 prater
1032 808 1136 862 alia
1166 809 1368 872 omnia,
1402 809 1654 878 conjungi
1683 823 1768 863 me
1797 824 1918 862 eum
1946 810 2046 864 hoc
2070 810 2208 874 viro,

661 899 807 968 quod
829 898 1071 953 omnium
1094 911 1240 953 certe
1262 912 1533 952 summum
1559 907 1660 964 est,
1688 908 1742 952 et
1766 914 1888 953 eum
1913 914 1980 953 eo
2006 900 2211 954 versari

662 986 822 1053 fecit;
845 989 1062 1058 qui'nec
1085 1004 1298 1064 genere,
1326 1003 1425 1042 nee
1446 989 1704 1055 sanguine
1729 989 1842 1043 ullo
1866 989 2208 1058 coniunctus,

577 1144 582 1149 _
661 1094 761 1133 nec
790 1080 942 1134 aliter
973 1080 1312 1134 necessarius
1343 1087 1436 1132 aut
1466 1079 1677 1134 vicinus
1720 1095 1894 1149 neque
1937 1082 2210 1150 pepularis

658 1171 883 1223 omnino
919 1179 1037 1224 erat
1059 1169 1202 1238 (quae
1249 1168 1456 1223 scilicet
1485 1171 1686 1224 amoris
1726 1179 1780 1225 et
1819 1171 2208 1239 coniunctionis

656 1259 868 1313 vincula
907 1258 1045 1312 inter
1069 1258 1206 1310 alios
1243 1271 1362 1310 esse
1396 1257 1591 1325 solent)
1612 1294 1627 1321 ,
1663 1259 1753 1312 sed
1774 1299 1789 1323 ,
1822 1269 1880 1312 ut
1908 1261 2094 1328 paucis
2129 1263 2210 1315 di-

653 1365 796 1411 cam,
828 1350 1054 1418 ignotos,
1083 1348 1307 1412 alienos,
1332 1348 1663 1418 peregrinos,
1695 1349 1764 1403 ab
1792 1350 2017 1406 invicem
2052 1354 2208 1424 longe

650 1435 972 1500 disjunetos,
1004 1444 1207 1502 quanta
1236 1435 1440 1488 scilicet
1465 1436 1739 1504 regionum
1774 1447 1827 1491 et
1855 1441 2116 1494 montium
2141 1459 2207 1498 ac

649 1521 932 1576 ﬂuminum
957 1524 1129 1591 spatia
1160 1523 1426 1586 dividunt,
1474 1524 1656 1579 divina
1702 1541 1826 1582 vere
1871 1530 2206 1600 sapientique

647 1617 981 1686 providentia
1026 1633 1193 1672 unum
1241 1618 1291 1671 in
1335 1619 1512 1673 locum
1554 1621 1872 1689 perducens,
1915 1625 2200 1681 salutarem

649 1708 782 1762 mihi
833 1723 1179 1777 congressum
1226 1713 1369 1764 hunc
1423 1712 1726 1765 conciliavit
1776 1731 1788 1764 :
1837 1713 1979 1768 hunc
2027 1715 2200 1783 ipsum

648 1795 779 1850 mihi
807 1811 842 1850 a
867 1797 1058 1866 primo,
1087 1807 1147 1851 ut
1176 1813 1316 1862 reor,
1350 1809 1470 1852 ortu
1504 1810 1557 1853 et
1588 1801 1903 1855 educatione
1946 1803 2201 1875 divinitus

647 1881 964 1955 proeurans.
1019 1887 1266 1953 Quonam
1321 1897 1498 1943 autem
1551 1898 1745 1959 pacto,
1797 1892 2013 1960 longum
2059 1903 2203 1949 esset

644 1991 1091 2044 commemorare,
1120 1971 1228 2035 non
1258 1980 1434 2032 solum
1462 1981 1506 2034 si
1533 1972 1781 2035 accurate
1813 1982 1995 2034 omnia
2021 1997 2204 2050 perse-

645 2067 740 2136 qui
770 2066 1014 2136 nihilque
1043 2071 1291 2142 omittere
1314 2070 1596 2136 studeam;
1632 2073 1726 2124 sed
1762 2072 2010 2139 quamvis
2035 2071 2200 2126 multa

647 2156 848 2227 passim
883 2155 1227 2225 praeteriens,
1257 2174 1426 2228 pauca
1456 2162 1766 2215 summatim
1797 2161 1995 2217 referre
2017 2163 2197 2217 velim.

715 2245 781 2301 ν.
819 2246 1002 2302 Prima
1030 2248 1174 2303 enim
1207 2243 1552 2305 educatio'ab
1578 2260 1699 2306 ortu
1731 2252 1847 2320 ipso
1875 2253 1976 2306 sub
2010 2267 2202 2320 paren—

647 2347 762 2392 tum
791 2353 922 2406 cura
953 2338 1060 2392 fuit
1082 2379 1099 2407 ,
1130 2349 1185 2394 et
1214 2340 1374 2409 patrii
1421 2354 1601 2396 mores
1635 2343 1848 2396 erronei
1884 2360 1897 2395 :
1941 2357 1970 2396 a
2002 2343 2201 2412 quibus

646 2421 931 2481 liberatum
962 2425 1030 2481 iri
1056 2441 1174 2491 me,
1224 2440 1397 2495 neque
1425 2426 1599 2490 alius,
1639 2426 1862 2494 opinor,
1913 2427 2200 2494 quisquam

647 2517 952 2587 sperasset,
986 2513 1159 2586 neque
1186 2517 1312 2571 mihi
1341 2531 1464 2586 spes
1495 2515 1599 2571 ulla
1643 2527 1776 2580 erat,
1825 2532 1991 2586 puero
2026 2517 2201 2571 adhuc

645 2615 711 2661 et.
746 2606 973 2662 rationis
1003 2606 1228 2676 experti,
1258 2605 1360 2670 sub
1388 2615 1538 2674 patre
1569 2606 1964 2674 superstitioso.
2001 2606 2198 2660 Secuta

644 2697 838 2752 deinde
859 2705 943 2752 est
968 2697 1137 2767 patris
1163 2697 1406 2761 amissio,
1431 2705 1485 2751 et
1511 2696 1715 2750 orbitas
1750 2714 1766 2751 :
1794 2711 1914 2765 qua:
1932 2695 2065 2750 mihi
2091 2695 2201 2749 {or-

647 2797 796 2842 tasse
827 2786 1186 2856 cognoscendi
1212 2787 1322 2840 veri
1346 2785 1558 2839 initium
1589 2784 1709 2840 fuit.
1737 2785 1889 2847 Tunc
1922 2786 2064 2840 enim
2089 2787 2202 2854 pri-

648 2890 797 2931 mum
828 2876 894 2930 ad
927 2877 1160 2930 salutare
1184 2889 1480 2944 verumque
1504 2873 1737 2929 Verbum
1771 2875 1982 2940 transii,
2017 2877 2199 2929 nescio

648 2981 758 3037 quo
795 2975 984 3036 pacto,
1031 2974 1320 3022 eoaetusne
1347 2965 1547 3036 potius,
1578 2979 1648 3019 an
1678 2964 1882 3020 volens.
1917 2964 2198 3030 Quodnam

647 3056 792 3112 enim
819 3055 1084 3128 judicium
1122 3055 1253 3109 mihi
1280 3064 1420 3119 erat,
1464 3053 1870 3124 quatuordeeim
1900 3068 2070 3109 annos
2101 3071 2197 3107 nn-

646 3147 742 3204 to?
779 3147 1042 3222 Caeterum
1067 3163 1132 3202 ex
1157 3161 1222 3203 eo
1262 3157 1519 3217 tempore,
1544 3146 1797 3201 advenire
1824 3145 1955 3199 mihi
1985 3161 2195 3201 sacrum

648 3237 755 3293 hoc
790 3237 1027 3292 Verbum
1071 3237 1268 3304 cepit,
1311 3238 1465 3306 quasi
1497 3236 1728 3307 perfecta
1773 3237 1885 3306 jam
1925 3238 2198 3292 communi

649 3329 890 3389 omnium
925 3328 1205 3384 hominum
1237 3327 1478 3392 ratione;
1517 3327 1733 3381 advenit
1771 3341 1900 3381 sane
1945 3335 2058 3380 tum
2091 3327 2201 3396 pri-

650 3427 821 3477 mt’tm.
853 3419 1004 3487 Quod
1030 3417 1290 3489 equidem
1320 3431 1703 3487 non‘parvum,
1750 3419 1796 3478 si
1841 3419 2021 3473 minus
2048 3420 2198 3486 olim,

649 3526 796 3567 nunc
820 3519 963 3565 certe
992 3509 1342 3572 ratiocinans,
1360 3522 1527 3561 saerze
1548 3516 1600 3561 et
1624 3507 1948 3562 admirandae
1970 3525 2094 3579 erga
2115 3524 2201 3562 me

648 3600 994 3671 providentia:
1013 3599 1225 3669 signum
1249 3597 1388 3652 duco
1414 3616 1426 3652 :
1449 3597 1594 3651 hune
1614 3612 1790 3650 rerum
1812 3598 2092 3652 decursum
2120 3599 2201 3651 in-

650 3699 827 3756 tuens,
856 3690 1013 3744 annis
1049 3691 1125 3744 ita
1153 3689 1465 3744 distinctum
1492 3725 1510 3753 ,
1557 3697 1618 3742 ut
1666 3689 2022 3756 praecedentia
2062 3689 2200 3742 hanc

647 3787 863 3855 aetatem
888 3781 1089 3845 omnia,
1117 3790 1384 3850 quotquot
1410 3781 1648 3846 fuerunt,
1676 3781 1877 3834 erroris
1905 3795 2089 3848 opera,
2121 3781 2200 3833 in-

652 3868 834 3925 fantiae
861 3879 914 3924 et
942 3870 1169 3924 rationis
1196 3862 1389 3939 inopiae
1423 3872 1823 3932 tribuerentur;
1854 3885 1952 3937 nec
1985 3885 2201 3924 sacrum

654 3960 852 4018 frustra
876 3957 1106 4015 Verbum
1132 3961 1325 4014 animae
1347 3957 1583 4014 nondum
1604 3961 1824 4016 rationis
1851 3961 2082 4029 compoti
2105 3963 2204 4014 da-

653 4062 837 4119 retur;
881 4051 1106 4107 rationis
1136 4065 1265 4106 vero
1288 4051 1398 4121 jam
1441 4051 1624 4120 capaci
1647 4092 1661 4116 ,
1696 4053 1942 4119 quamvis
1976 4069 2082 4106 non
2114 4055 2193 4108 di-

653 4141 792 4195 vinae
813 4131 1066 4212 puraque
1091 4140 1355 4207 rationis,
1399 4149 1454 4194 at
1489 4140 1699 4194 timoris
1731 4143 1874 4193 Certe
1905 4143 2198 4196 secundum

656 4229 797 4284 hanc
833 4232 1114 4296 rationem,
1154 4231 1299 4288 illius
1339 4243 1529 4299 expers
1570 4242 1679 4281 non
1705 4238 1875 4292 esset;
1914 4230 2005 4281 sed
2039 4231 2201 4283 simul

653 4335 778 4376 eum
806 4314 1056 4387 humana,
1086 4321 1265 4376 divina
1288 4336 1503 4390 quoque
1537 4319 1592 4372 in
1623 4334 1710 4372 me
1738 4319 1999 4386 inciperet
2027 4321 2198 4373 ratio:

654 4413 783 4465 dum
830 4411 943 4464 haec
979 4410 1193 4479 quidem
1245 4411 1533 4474 adjuvabat
1579 4419 1844 4479 potestate
1894 4410 2023 4463 mihi
2071 4425 2202 4463 sane

2310 631 2446 700 πρὸς
2483 633 2612 684 πᾶσι
2642 635 2750 694 τοῖς
2777 633 2954 696 ἄλλοις
2993 637 3083 688 καὶ
3123 636 3357 705 συνάψαί
3379 654 3446 707 με
3473 639 3550 708 τῷ
3575 639 3728 712 ἀνδρὶ
3754 645 3874 698 τού-

2308 735 2406 789 τῳ,
2435 719 2589 772 τοῦτο
2611 721 2671 791 δὴ
2697 721 2756 774 τὸ
2781 723 3302 791 κεφαλαιωδέστατον
3331 727 3567 793 πάντων,
3585 728 3871 802 ᾠκονομη-

2311 821 2457 868 σατο,
2476 805 2597 858 οὔτε
2624 809 2765 875 γένει
2786 809 2877 862 καὶ
2906 812 3095 880 αἵματί
3110 824 3196 880 μοι
3216 813 3537 884 ἀνθρωπίνῳ
3562 818 3670 870 τινὶ
3696 835 3869 889 προσ-

2309 896 2539 965 ήκοντα,
2580 896 2702 950 οὔτε
2738 899 2908 963 ἄλλως
2937 902 3322 972 προσοικοῦντα
3343 944 3357 968 ,
3391 907 3423 976 ἢ
3464 907 3594 960 ὅντα
3621 909 3870 964 τινὰτῶν

2309 988 2721 1060 πλησιοχώρων,
2764 991 2886 1044 οὔτε
2929 993 3020 1045 καὶ
3055 994 3284 1064 ὁμοεθνῆ
3322 996 3456 1059 ὅλως
3511 997 3704 1068 (ταῦτα
3740 1001 3803 1070 δὴ
3832 1003 3869 1056 ἃ

2307 1079 2578 1148 πρόφασις
2610 1082 2800 1149 ,φιλίας
2842 1085 2933 1136 καὶ
2979 1085 3220 1148 ἐνώσεως
3249 1090 3359 1150 τοῖς
3391 1089 3604 1152 πολλοῖς
3642 1091 3748 1144 τῶν
3773 1093 3869 1144 ἀν-

2309 1168 2537 1239 θρώπων
2560 1172 2818 1242 γίνεται),
2847 1174 2980 1227 άλλά
3010 1177 3274 1229 συνελόντι
3301 1178 3500 1244 εἰπεῖν,
3533 1180 3868 1248 άγνὼστους.
3939 1179 3942 1181 λ

2305 1259 2629 1330 ἀλλοτρίους,
2679 1263 3113 1334 ἀπεξενωμένους
3137 1306 3150 1328 ,
3205 1267 3441 1337 ἀλλήλων
3493 1270 3868 1338 ἀφεστηκότας

2307 1347 2580 1417 πάμπολυ,
2604 1350 2724 1404 ὅσον
2754 1354 2894 1421 μέσα
2917 1353 3040 1423 ἔθνη
3063 1355 3154 1408 καὶ
3173 1355 3270 1424 ὅρη
3295 1357 3385 1407 καὶ
3407 1359 3682 1426 ποταμοὺς
3705 1357 3868 1423 διείρ-

2304 1455 2390 1506 γει
2423 1441 2586 1508 ήμᾶς,
2620 1441 2724 1494 ὑπὸ
2761 1442 2860 1510 τῆς
2902 1443 3049 1506 θείας
3090 1444 3254 1505 ὅντως
3306 1447 3396 1496 καὶ
3443 1447 3614 1513 σοφῆς
3662 1461 3866 1512 προμη-

2305 1528 2452 1590 θείας
2487 1532 2564 1591 είς
2602 1532 2790 1583 ταυτὸν
2829 1533 3066 1600 ἀγαγών,
3121 1534 3218 1602 τὴν
3275 1535 3535 1601 σωτήριον
3585 1534 3708 1598 ἐμοὶ
3743 1529 3868 1581 σύν-

2302 1619 2419 1670 οδον
2456 1618 2655 1689 ταύτην
2682 1621 3087 1689 ἐμηχανήσατο·
3137 1622 3339 1674 ἄνωθεν
3375 1621 3526 1671 τοῦτο
3555 1618 3868 1689 προμηθού-

2305 1726 2462 1778 μενος
2511 1703 2681 1778 οἶμαι,
2728 1712 2790 1762 ὲκ
2832 1710 3050 1780 πρώτης
3096 1713 3358 1778 γενέσεως
3402 1710 3494 1763 καὶ
3534 1711 3864 1779 ἀνατροφῆς.

2302 1802 2423 1862 Πῶς
2457 1798 2512 1850 δὲ
2534 1838 2547 1858 ,
2581 1800 2784 1869 μακρὸν
2822 1801 2887 1852 ἂν
2920 1804 3001 1871 εῐη
3038 1801 3304 1865 διεξιέναι,
3337 1802 3454 1870 οὐχ).
3483 1801 3866 1870 ἀκριϐολογου-

2233 1871 2274 1924 B
2306 1891 2449 1959 μένῳ
2495 1891 2649 1959 μόνον
2677 1892 2768 1942 καὶ
2799 1889 2961 1959 μηδὲν
2990 1892 3310 1960 παραλιπεῖν
3335 1889 3672 1960 ,πειρωμένῳ
3692 1927 3707 1949 ,
3742 1887 3859 1941 ἀλλ’

2305 1979 2352 2028 εξ
2389 1979 2500 2040 καὶ,
2547 1979 2615 2030 τά
2653 1978 2819 2030 πολλὰ
2852 1979 3061 2052 παρεὶς,
3099 1978 3306 2048 ἀθρόως
3341 1979 3534 2045 ὀλίγων
3562 1978 3668 2031 τῶν
3695 1995 3867 2046 κεφα-

2302 2066 2698 2138 λαιωδεστέρων
2730 2067 3077 2137 μνημονεύειν
3117 2068 3446 2140 ἐθελήσαιμι.

2381 2251 2451 2303 Ε’.
2509 2228 2825 2319 Ἀνατροφαὶ
2855 2249 2963 2320 γὰρ
2993 2250 3046 2302 αἱ
3075 2248 3282 2316 πρῶται
3314 2249 3376 2302 ὲκ
3399 2249 3693 2318 γενέσεως,
3717 2243 3860 2319 ἦσαν

2298 2339 2403 2389 ὑπὸ
2442 2338 2684 2405 γονεῦσι·
2728 2339 2822 2389 καὶ
2868 2337 3068 2406 πάτρια
3100 2336 3193 2407 ἔθη
3217 2336 3285 2390 τὰ
3317 2337 3736 2407 πεπλανημένα*
3780 2331 3861 2389 ὧν

2301 2429 2444 2496 ἡμᾶς
2474 2425 2995 2497 ἑλευθερωθήσεσθαι
3033 2424 3155 2478 οὗτε
3202 2426 3356 2489 ἄλλος
3394 2422 3549 2496 οἶμαι
3603 2427 3861 2496 προσεδό,

2297 2534 2490 2586 κησεν;
2535 2515 2657 2569 οὔτε
2706 2517 2798 2578 καὶ
2843 2517 2963 2587 ἐμοὶ
3010 2516 3160 2580 ἐλπίς
3196 2535 3277 2580 τις
3300 2512 3366 2587 ἦν
3398 2517 3595 2585 παιδίῳ
3628 2518 3724 2587 μὲν
3747 2518 3861 2569 δντι

2298 2608 2390 2662 καὶ
2440 2609 2635 2679 ἀλόγῳ,
2692 2602 2794 2662 ιτξδ
2848 2610 3013 2677 πατρὶ
3047 2608 3102 2663 δὲ
3147 2608 3510 2677 δεισιδαίμονι.
3570 2604 3702 2661 Εἶτα
3749 2624 3862 2660 πα-

2298 2697 2422 2770 τρὸς
2468 2681 2720 2768 ἀποϐολὴ)
2746 2697 2838 2750 καὶ
2875 2699 3102 2766 ὀρφανία
3145 2700 3179 2768 ἢ
3221 2698 3283 2769 δή
3320 2697 3429 2769 (66)
3468 2688 3557 2767 μοι
3593 2700 3730 2768 τάχα
3763 2697 3863 2750 καὶ

2297 2789 2438 2862 ἁρχὴ
2481 2791 2580 2858 τῆς
2625 2789 2719 2842 τοῦ
2762 2788 2991 2859 ἀληθοῦς
3035 2788 3376 2856 ἐπιγνώσεως
3424 2784 3512 2858 ἦν.
3576 2788 3708 2840 Τότε
3749 2787 3862 2857 γάρ

2300 2881 2510 2950 πρῶτον
2543 2880 2633 2933 ἐπὶ
2659 2881 2747 2932 τὸν
2772 2882 3031 2949 σωτήριον
3051 2877 3143 2931 καὶ
3161 2878 3330 2947 ἀληθῆ
3364 2873 3658 2946 μετετέθην
3679 2877 3857 2944 λόγον,

2297 2972 2396 3025 οὐκ
2419 2969 2682 3035 οἷδ’-ὄπως
2702 3011 2716 3035 ,
2744 2962 3253 3042 κατηναγκασμένος
3292 2968 3486 3037 μᾶλλον
3517 2969 3662 3038 ἢπερ
3695 2967 3856 3022 ἑκών.

2297 3063 2392 3126 Τίς
2427 3064 2535 3134 γάρ
2566 3064 2684 3133 ἐμοὶ
2711 3051 2885 3135 κρίσις
2915 3058 3012 3132 ἦν,
3063 3061 3173 3113 δντι
3219 3060 3857 3131 τεσσαρεσκαιδεκαετεῖς
3897 3094 3900 3097 -

2299 3154 2441 3223 Πλὴν
2480 3153 2538 3216 ἐξ
2563 3153 2766 3205 ἐκείνου
2803 3170 2917 3215 πως
2962 3152 3242 3222 ἐπιδημεῖν
3287 3151 3388 3222 μέν
3421 3169 3507 3225 μοι
3531 3153 3559 3205 6
3604 3152 3744 3222 ἱερὸς
3770 3152 3859 3206 ὅδε

2302 3245 2468 3311 Λόγος
2514 3244 2712 3313 ἧρξατο
2758 3243 2915 3306 εὐθὺς
2940 3282 2957 3307 ,
2987 3236 3072 3295 οἷα
3094 3244 3156 3313 δὴ
3200 3243 3320 3311 ἄρτι
3359 3243 3731 3314 πληρουμένου
3760 3241 3858 3295 τοῦ

2300 3333 2476 3388 κοινοῦ
2517 3335 2728 3386 πάντων
2762 3331 3057 3403 ἀνθρώπων
3097 3333 3253 3401 λόγου
3275 3374 3291 3400 ,
3347 3334 3606 3404 ἐπεδήμει
3634 3335 3676 3386 δ’
3707 3334 3859 3404 ὅμως

2299 3427 2416 3479 τότε
2446 3426 2678 3497 πρῶτονᾲ
2731 3427 2793 3479 '0
2828 3425 2890 3495 δὴ
2920 3420 3013 3479 καὶ
3035 3429 3092 3479 οὐ
3121 3429 3337 3497 μικρὸν,
3367 3429 3413 3478 εἰ
3439 3428 3532 3480 καὶ
3565 3426 3638 3497 μὴ
3664 3425 3856 3487 πάλαι,

2299 3515 2392 3569 νῦν
2445 3516 2572 3584 γοῦν
2627 3515 3069 3585 ἀναλογιζόμενος
3107 3519 3266 3587 ξὲγὼ,
3324 3517 3584 3588 σύμϐολον
3639 3517 3858 3587 τίθεμαι

2299 3609 2396 3677 τῆς
2421 3609 2568 3678 ἱερᾶς
2595 3608 2686 3659 καὶ
2709 3606 3020 3676 θαυμαστῆς
3037 3607 3160 3677 περὶ
3180 3608 3277 3676 ἐμὲ
3308 3606 3588 3676 Προνοίας,
3616 3606 3710 3676 τὴν
3727 3622 3856 3656 συν-

2299 3695 2500 3766 δρομὴν
2544 3696 2742 3765 ταύτην
2777 3696 2916 3749 οὕτω
2957 3699 3065 3758 τοῖς
3111 3695 3250 3747 ἔτεσι
3279 3695 3728 3765 διηριθμημένην,
3766 3694 3858 3746 ἴνα

2299 3787 2366 3841 τὰ
2422 3791 2518 3858 μὲν
2576 3788 2844 3855 φθάνοντα
2895 3783 3070 3839 πάντα
3113 3786 3266 3857 τήνδε
3319 3786 3413 3854 τὴν
3460 3786 3692 3854 ἡλικίαν.
3754 3786 3858 3838 ὅσα

2301 3878 2505 3949 πλάνης
2554 3873 2620 3948 ἦν
2667 3879 2828 3948 ἔργα,
2874 3878 3155 3947 νηπιότητι
3203 3877 3291 3928 καὶ
3336 3875 3521 3946 ἀλογίᾳ
3561 3877 3858 3946 παραδεδο-

2303 3970 2440 4038 μένα
2541 3986 2553 3998 ·
2591 3970 2662 4039 μὴ
2705 3971 2874 4039 μάτην
2906 3969 2960 4021 δὲ
2987 3970 3014 4021 6
3049 3968 3186 4038 ἱερὸς
3213 3966 3483 4036 παραδοθῇ
3517 3966 3685 4032 Λόγος
3707 3965 3855 4035 ψυχῇ

2299 4061 2506 4112 οὐδέπω
2549 4061 2776 4130 λογικῇ·
2835 4061 3020 4129 λογικῇ
3067 4057 3124 4110 δὲ
3182 4057 3282 4126 ἤδη
3331 4057 3590 4126 γενομένῃ
3639 4055 3768 4125 (67),
3803 4061 3855 4110 εἰ

2301 4150 2393 4202 καὶ
2437 4151 2509 4220 μὴ
2559 4150 2727 4220 λόγου
2757 4150 2898 4213 θείου
2954 4149 3046 4202 καὶ
3094 4146 3360 4217 καθαροῦ,
3409 4148 3568 4214 φόϐου
3597 4146 3725 4213 γοῦν
3749 4147 3855 4200 τοῦ

2301 4238 2438 4289 κατὰ
2473 4238 2559 4288 τὸν
2607 4237 2759 4303 λόγον
2805 4238 2973 4299 τόνδε,
3027 4240 3098 4309 μὴ
3151 4237 3350 4307 ἕρημος
3503 4236 3614 4289 ἀλλ’
3658 4241 3788 4308 ὁμοῦ
3825 4243 3855 4293 ὅ

2300 4344 2356 4378 τε
2388 4328 2719 4397 ἀνθρώπινος
2745 4330 2836 4380 καὶ
2865 4331 2892 4380 6
2919 4327 3056 4392 θεῖος
3097 4330 3321 4399 ἄρξηται
3355 4330 3408 4379 ἐν
3443 4329 3564 4397 ἐμοὶ
3594 4329 3747 4397 λόγος
3769 4349 3780 4361 ·
3825 4335 3852 4386 ἁ

2305 4418 2399 4485 μὲν
2444 4418 2647 4489 βοηθῶν
2679 4421 2741 4488 τῇ
2785 4417 3025 4488 ὰλέκτρῳ
3062 4419 3157 4488 μὲν
3201 4417 3340 4484 ἐμοὶ,
3393 4417 3563 4487 οἰκείᾳ
3608 4418 3662 4470 δὲ
3705 4421 3856 4489 αὐτῷ

653 4490 1048 4570 inexplicabili,
1089 4498 1183 4554 sed
1212 4499 1383 4575 ipsius
1415 4501 1666 4567 propria;
1704 4501 1792 4553 illa
1823 4517 1949 4554 vero
1979 4503 2201 4566 adjuva-

2301 4507 2549 4577 δυνάμει·
2579 4509 2605 4559 6
2651 4508 2706 4559 δὲ
2743 4504 3111 4577 βοηθούμενοςζ
3158 4508 3222 4555 Ὃ
3272 4505 3334 4572 δὴ
3360 4505 3721 4575 λογιζόμενον,
3761 4511 3857 4561 εὐ-

656 4592 834 4646 batur.
875 4590 1031 4656 Quod
1059 4604 1269 4643 mecum
1309 4589 1437 4641 dum
1473 4602 1680 4656 reputo,
1725 4592 1904 4643 laetitia
1943 4594 2102 4646 simul
2140 4607 2201 4647 ac

659 4685 853 4737 timore
883 4680 1179 4750 perl'undor
1204 4695 1218 4731 :
1247 4680 1400 4734 lzetus
1440 4678 1641 4733 scilicet
1679 4691 1963 4748 provectu;
2010 4683 2202 4736 timens

661 4783 862 4834 autem,
895 4786 963 4824 ne
999 4771 1162 4825 tantis
1189 4770 1461 4824 beneficiis
1496 4769 1738 4829 aﬂ‘ectus.
1793 4784 1822 4822 a
1858 4769 1961 4822 tinc
2001 4771 2200 4822 nihiln-

662 4861 844 4914 minus
873 4859 1133 4911 aberrent.
1165 4858 1270 4912 Sed
1294 4860 1435 4912 enim
1465 4843 1649 4912 neseio
1699 4874 1805 4925 quo
1835 4868 1989 4926 pacto
2017 4858 2068 4909 in
2105 4843 2204 4912 hac

662 4935 842 5019 parte,
886 4949 1016 5003 dum
1065 4949 1429 5002 admirabilem
1483 4957 1679 5002 nostra}
1726 4950 1791 5001 ad
1841 4949 1983 5003 hunc
2029 4951 2201 5003 virum

667 5040 1012 5108 profectionis
1055 5039 1505 5105 dispensationem
1550 5055 1767 5093 narrare
1811 5041 1956 5105 libet,
1998 5042 2205 5109 longio-

667 5147 780 5184 rem
813 5146 1018 5186 moram
1063 5130 1197 5183 mihi
1242 5132 1407 5196 traxit
1441 5136 1611 5189 oratio
1641 5154 1652 5188 :
1686 5149 1806 5204 qua:
1838 5134 1987 5201 prius
2025 5143 2202 5185 tamen

580 5277 584 5280 λ
667 5220 751 5274 vel
792 5215 976 5288 paucis
1019 5221 1197 5284 dictis,
1245 5219 1313 5272 ad
1359 5221 1473 5274 haec
1524 5225 1802 5292 sequentia
1854 5223 2201 5291 properabat;

741 5349 854 5418 (66)
885 5350 1106 5424 ‘_H_6ﬁ_._
1138 5351 1476 5424 Hmschelius
1528 5352 1694 5424 edidit
1745 5356 1779 5424 η
1834 5364 1955 5407 ante
2003 5353 2101 5422 δή.
2134 5362 2204 5424 _et

665 5421 766 5490 ήδη
793 5420 1036 5490 coniecit.
1065 5420 1309 5490 Vossius,
1327 5422 1380 5490 ἡ.
1408 5420 1705 5490 Conjunge,
1731 5420 1782 5476 et
1804 5432 2004 5476 mutata
2029 5420 2203 5474 inedia

668 5488 722 5541 in
749 5488 834 5559 δή,
859 5488 980 5561 lege
1006 5490 1040 5557 ἢ
1064 5491 1191 5561 ἥϐη.
1219 5488 1359 5561 Sane
1389 5490 1496 5559 ἤδη
1525 5488 1711 5558 incipit
1735 5507 1874 5543 anno
1896 5492 2200 5561 aatatisixiv,

671 5573 831 5629 quem
856 5559 1030 5629 ipsum
1065 5559 1260 5629 annum
1283 5559 1572 5629 Gregorius
1607 5576 1731 5614 mox
1769 5562 2028 5614 nominat.
2071 5560 2204 5612 Par--

673 5627 829 5679 tieula
867 5627 972 5695 γάρ
1017 5627 1346 5698 subsequens
1374 5627 1427 5682 et
1471 5645 1591 5698 quae
1636 5629 1887 5697 deinceps
1933 5631 2204 5683 adduntur

674 5694 957 5769 usquead
999 5694 1207 5769 οὐδέπω
1234 5698 1453 5769 λογικῇ,
1485 5694 1716 5768 aliquam
1759 5694 1866 5750 rein
1911 5699 2200 5766 postulant,

673 5774 795 5831 post
821 5765 1198 5834 disjunctivam
1226 5768 1291 5836 ﬁ;
1340 5765 1455 5838 quae
1483 5765 1800 5840 rcs'potius,
1838 5765 1996 5836 quam
2039 5773 2206 5838 ὀρφα-

2307 4601 2571 4666 φροσύνης
2600 4598 2731 4666 ὁμοῦ
2765 4598 2856 4647 καὶ
2884 4597 3030 4658 δέους
3067 4592 3394 4661 άναπίπλησί
3432 4613 3517 4663 με,
3550 4598 3853 4665 μεγαλυνόο

2308 4706 2462 4758 μενον
2492 4689 2584 4755 μὲν
2612 4691 2674 4756 τῇ
2707 4690 3016 4757 προαγωγῇ,
3052 4684 3372 4752 φοϐούμενον
3400 4686 3475 4748 δὲ,
3517 4687 3586 4756 μή
3617 4704 3714 4755 πη,
3755 4691 3854 4740 καὶ

2304 4779 2551 4829 τοιούτων
2593 4777 2837 4839 ἀξιωθεὶς
2870 4777 2964 4829 τοῦ
3008 4775 3188 4834 τέλους
3219 4775 3413 4843 ὁμοίως
3445 4777 3646 4844 σφαλῶ.
3690 4779 3853 4831 Ἀλλά

2305 4868 2410 4935 γάρ
2438 4867 2533 4925 οὐκ
2581 4862 2673 4917 οἷδ’
2707 4868 2849 4928 ὅπως
2889 4864 3200 4935 ὲνεϐράδυνέ
3249 4883 3335 4934 μοι
3360 4866 3492 4935 τῷδε
3516 4867 3593 4936 τῷ
3636 4869 3789 4938 μέρει
3824 4872 3855 4921 ὁ

2305 4956 2475 5022 λόγος,
2524 4955 2617 5023 τὴν
2665 4954 2976 5025 θαυμαστὴν
3027 4955 3327 5024 οἰκονομίαν
3377 4956 3508 5026 πρὸς
3550 4957 3639 5009 τὸν
3681 4959 3855 5028 ἄνδρα

2304 5045 2449 5096 τόνδε
2475 5044 2574 5111 ὁδῷ
2600 5045 2950 5115 διηγήσασθαι
2983 5044 3165 5106 θέλων,
3202 5045 3438 5102 σπεύδων
3464 5046 3520 5099 δὲ
3543 5049 3690 5117 ὅμως
3719 5051 3855 5119 πρό-

2303 5151 2456 5204 τερον
2502 5133 2594 5185 καὶ
2642 5133 3133 5204 βραχυλογούμενος
3163 5135 3252 5185 ἐπὶ
3284 5133 3407 5186 τάδε
3453 5137 3522 5187 τά
3563 5122 3714 5204 ἑξῆς,
3748 5139 3854 5206 οὐχ

2304 5226 2378 5285 ὡς
2419 5224 2687 5292 εὺῳημίαν
2732 5223 3076 5293 ὀφειλομένην
3115 5222 3189 5292 τῷ
3232 5223 3400 5285 οὕτως
3441 5226 3854 5297 οἰκονομήσαντι

2305 5360 2412 5430 για,
2434 5356 2686 5430 Gregorio
2714 5360 2952 5430 videatur
2974 5357 3179 5430 initium
3207 5361 3535 5430 agnoscendi
3569 5361 3681 5414 veri
3705 5371 3853 5430 attue

2304 5427 2430 5480 lisse
2457 5445 2468 5476 :
2513 5428 2686 5498 attulit
2716 5443 2887 5482 autem
2923 5429 3050 5498 ἤδη.
3090 5427 3270 5498 Neque
3309 5431 3463 5483 obest
3494 5431 3670 5498 τάχα,
3702 5429 3850 5498 quod

2305 5499 2352 5547 vi
2381 5496 2538 5562 ριγηιὶ
2572 5496 2813 5564 τάχιστα,
2848 5508 2904 5550 ut
2936 5496 3076 5568 μάλα
3101 5513 3167 5551 ex
3185 5496 3457 5568 μάλιστα,
3479 5496 3662 5567 potius
3699 5496 3848 5551 aﬂir.

2305 5575 2434 5623 mat,
2472 5563 2964 5631 quamaddubitat.
2983 5563 3212 5621 Βειιοειζ

2374 5634 2495 5707 (67)-
2537 5634 2758 5701 Αογυιῇ
2814 5637 3112 5705 γενομένῃ.
3159 5637 3304 5706 Legit
3340 5634 3625 5705 Bengelius
3652 5632 3848 5707 λογικὴ

2291 5704 2586 5773 γενομένη.
