4094 6354
721 428 857 491 ῙθθῚ

1799 446 1855 500 S.
1896 442 2218 501 GREGOBII
2260 442 2754 504 THAUMATURGI

3782 450 3811 505 ί
3820 448 3932 500 068

713 560 822 614 huc
855 558 1099 615 veniendi
1132 568 1184 613 et
1218 576 1339 616 cum
1384 563 1509 637 viro
1536 565 1915 634 congrediendi
1945 580 2107 630 causa
2134 563 2256 619 adec

2370 568 2663 634 ἀναγκαῖον
2688 565 2754 638 ἦν
2786 570 2907 621 ὅσον
2940 567 3050 639 (76‘)
3086 570 3173 622 ἐπὶ
3196 572 3304 635 τοῖς
3342 570 3522 640 νὸμσις
3551 570 3727 640 ἡμῶν,
3761 572 3934 623 aova-

713 654 1019 709 necessaria
1057 664 1194 719 erat,
1231 670 1337 724 qua
1379 671 1591 726 possem
1623 672 1716 726 per
1757 658 1898 728 leges
1936 667 2151 713 nostras
2196 658 2262 711 ad

714 739 1080 802 Romanarum
1099 748 1375 817 gcivitatem
1397 748 1685 818 proﬁcisci.
1729 747 1849 814 Quo
1888 764 2018 819 ergo
2042 748 2258 803 tandem

714 837 875 891 modo
918 834 969 891 id
1006 852 1320 893 concessum
1366 839 1488 894 est?
1536 839 1759 893 Allinem
1820 854 2020 907 meum,
2055 841 2261 895 sororis

713 946 848 985 meae
918 926 1126 995 virum,
1184 930 1481 988 Palmstinaa
1562 932 1674 987 tuin
1723 946 1942 1001 praeses,
1977 940 2261 990 assumens

714 1030 950 1088 repente,
1004 1021 1289 1090 solumque
1320 1030 1377 1076 et
1411 1021 1641 1085 invitum
1674 1036 1703 1075 a
1736 1021 1963 1091 conjuge
2002 1020 2257 1096 avellens,

715 1110 821 1165 huc
859 1112 1100 1177 adduxit,
1142 1112 1343 1167 auxilio
1388 1112 1489 1180 ipsi
1532 1112 1797 1176 futurum,
1832 1112 2258 1167 administratio-

718 1202 915 1271 nisque
964 1204 1083 1273 ejus
1145 1218 1305 1258 curas
1362 1189 1805 1273 participaturum
1859 1220 1870 1254 :
1912 1203 2259 1277 jurisperitus

710 1294 853 1348 enim
881 1302 1014 1359 erat,
1045 1304 1099 1348 et
1124 1293 1355 1348 fortasse
1380 1293 1553 1347 adhuc
1582 1302 1682 1347 est.
1713 1291 1815 1358 Qui
1846 1309 1951 1347 una
1982 1308 2105 1351 cum
2140 1297 2257 1364 ipso

712 1382 1003 1453 profectus,
1039 1380 1325 1438 uxorem'a
1353 1400 1458 1454 qua
1492 1386 1732 1454 separari
1774 1401 1831 1440 se
1861 1402 2001 1457 aegre
2028 1374 2253 1454 ferebat,

712 1475 853 1530 baud
887 1477 1054 1531 multo
1087 1484 1207 1545 post
1238 1486 1513 1530 evocatam
1554 1485 1887 1551 recepturus,
1920 1489 1973 1531 et
2005 1494 2103 1533 nos
2132 1495 2255 1534 cum

708 1567 798 1622 illa
825 1568 985 1622 simul
1010 1568 1637 1631 attracturus,discessit.
1677 1567 1865 1621 Statim
1895 1583 2041 1639 ergo,
2076 1570 2256 1624 nescio

707 1658 981 1728 quomodo
1012 1658 1167 1713 nobis
1201 1660 1527 1730 peregrinari
1556 1658 1795 1727 quidem,
1824 1659 1913 1712 sed
1942 1660 2047 1713 alio
2077 1662 2255 1729 potius

706 1764 869 1819 quam
922 1748 990 1803 ad
1041 1750 1155 1804 haec
1200 1749 1317 1803 loca
1364 1764 1583 1820 pergere
1636 1750 2042 1818 cogitantibus,
2102 1742 2255 1807 miles

707 1840 878 1894 adfuit
906 1854 1029 1894 cum
1062 1839 1350 1906 mandatis,
1381 1847 1439 1893 ut
1465 1854 1705 1893 sororem
1733 1840 1946 1908 quidem
1984 1841 2049 1893 ad
2079 1840 2252 1894 viru‘m

704 1939 990 1986 venturam
1009 1967 1023 1993 ,
1056 1944 1155 1985 nos
1180 1945 1307 1983 vero
1335 1945 1459 1989 cum
1492 1929 1579 1983 illa
1606 1931 1705 1984 via:
1734 1932 1911 1984 socios
1939 1930 2251 1985 deduceret:

705 2022 1100 2090 gratificaturos
1128 2021 1313 2090 utique
1339 2020 1509 2085 afﬁni,
1532 2022 1622 2075 sed
1652 2022 1821 2087 multo
1855 2021 2023 2091 magis
2049 2021 2251 2085 sorori,

706 2128 775 2165 ne
815 2120 908 2166 aut
954 2111 1133 2165 minus
1182 2110 1455 2178 decenter,
1490 2120 1584 2166 aut
1622 2113 1803 2166 minus
1849 2111 2077 2175 libenter
2115 2113 2252 2166 viam

707 2204 866 2258 iniret
896 2220 909 2256 :
948 2202 1259 2281 domesticis
1296 2204 1427 2273 ipsis
1464 2211 1516 2258 et
1542 2204 1785 2275 cognatis
1814 2203 2175 2267 hortantibus,
2202 2212 2255 2257 et

705 2311 812 2349 non
851 2296 1104 2371 eniguum
1146 2296 1289 2349 aliud
1328 2296 1597 2365 quoddam
1642 2311 1819 2365 operat
1860 2297 2092 2363 pretium
2131 2295 2252 2350 fore

703 2387 1192 2451 contendentibus,
1240 2386 1283 2441 si
1320 2385 1779 2458 'adBerytiorum
1832 2387 2017 2440 urbem
2073 2386 2249 2458 legum

703 2477 815 2532 illic
857 2476 1033 2531 studia
1073 2476 1337 2545 peracturi
1385 2476 1705 2531 veniremus.
1760 2474 2119 2546 Omniaergo
2156 2490 2281 2546 nos

702 2568 1024 2633 incitabant,
1061 2578 1172 2621 tum
1206 2582 1330 2638 erga
1362 2583 1604 2622 sororem
1639 2567 1893 2632 oﬂicium,
1923 2575 2036 2620 tum
2069 2576 2252 2622 nostra

704 2661 944 2731 ipsorum
992 2658 1311 2727 disciplina;
1360 2658 1425 2712 ad
1472 2661 1612 2725 haec,
1659 2658 1814 2713 miles
1863 2658 1997 2728 ipse,
2037 2659 2253 2728 quando

702 2752 868 2821 hujus
884 2766 1098 2821 quoque
1114 2751 1355 2805 facienda
1386 2759 1469 2805 est
1498 2751 1720 2814 mentio,
1740 2749 2047 2804 facultatem
2074 2748 2253 2805 ferens

704 2845 936 2912 plurium
964 2858 1124 2912 quam
1154 2857 1286 2910 opus
1315 2851 1459 2907 crat,
1490 2842 1826 2911 publicorum
1860 2841 2249 2904 vehiculorum,

702 2944 757 2987 et
788 2935 1009 3003 majoris
1042 2932 1250 2987 numeri
1292 2932 1531 3003 symbola
1566 2947 1725 3000 quam
1760 2949 1856 3001 pro
1889 2934 2001 2985 sola
2042 2947 2246 2987 sorore.

706 3024 879 3093 Atque
916 3025 1029 3079 [nec
1056 3025 1271 3093 quidem
1314 3026 1366 3077 in
1407 3033 1632 3092 aperto;
1665 3039 1859 3076 arcana
1910 3034 2113 3084 autem.
2158 3022 2250 3077 sed

705 3115 911 3168 veriora
954 3133 967 3168 :
1010 3115 1428 3169 communicatio
1466 3130 1589 3169 cum
1634 3115 1734 3168 hoc
1760 3114 1898 3179 viro,
1930 3129 2056 3169 vera
2089 3112 2250 3167 Verbi

704 3220 799 3273 per
834 3205 1008 3272 ipsum
1049 3204 1281 3272 cognitio
1317 3212 1370 3256 et
1406 3203 1669 3267 doctrina,
1700 3203 2003 3256 animarum
2038 3211 2250 3255 nostra-
2276 3228 2318 3283 ε

704 3308 825 3355 rutn
870 3295 1076 3348 utilitas
1097 3333 1112 3357 ,
1161 3293 1226 3346 ad
1260 3294 1483 3346 salutem
1532 3309 1629 3347 nos
1660 3294 2007 3347 caecutientes
2036 3293 2250 3361 quidem
2284 3324 2287 3328 -

702 3398 756 3440 et
803 3388 1053 3455 ignaros,
1105 3384 1195 3438 sed
1242 3394 1418 3436 tamen
1463 3381 1685 3445 salutari
1727 3382 1955 3435 consilio
2003 3381 2248 3437 ducebat.

703 3481 882 3546 Quare
932 3494 1036 3531 non
1088 3477 1261 3540 miles,
1307 3474 1400 3531 sed
1439 3474 1653 3527 divinus
1683 3472 1902 3542 quidam
1936 3473 2035 3526 via:
2072 3489 2253 3529 comes

702 3582 757 3626 et
799 3574 1055 3626 deductor
1112 3571 1287 3624 bonus
1334 3576 1496 3637 atque
1542 3575 1755 3633 custos,
1808 3566 1899 3636 qui
1948 3582 2042 3637 per
2086 3576 2253 3620 totam

705 3664 845 3715 hanc
882 3663 1065 3725 vitam,
1100 3670 1353 3729 tauquam
1386 3675 1478 3728 per
1514 3658 1727 3729 longam
1766 3644 2250 3728 peregrinationem

709 3767 809 3804 nos
854 3750 1119 3815 custodit;
1173 3762 1284 3803 tum
1333 3750 1432 3803 alia
1478 3749 1809 3818 praeteriens,
1853 3757 1961 3801 tum
2003 3747 2253 3817 Berytum

706 3856 870 3910 quam
909 3849 1094 3909 optare
1154 3839 1387 3893 maxime
1419 3835 1785 3908 ‘putabamur,
1820 3839 1927 3891 huc
1974 3853 2074 3891 nos
2110 3847 2253 3892 recta

702 3934 991 4002 perductos
1036 3931 1123 3985 hic
1167 3930 1492 3984 collocavit:
1531 3930 1708 3982 omnia
1762 3928 1962 3981 faciens
2004 3943 2255 3982 movens-

704 4038 831 4091 que,
862 4021 1036 4091 quoad
1066 4020 1212 4074 omni
1242 4034 1337 4072 nos
1367 4033 1467 4085 ope
1494 4032 1614 4071 cum
1645 4018 1746 4070 hoc
1778 4016 2074 4093 multorum,
2100 4016 2255 4068 nobis

709 4114 971 4166 bonorum
1018 4123 1237 4167 auctore
1285 4112 1580 4181 colligaret.
1639 4107 1703 4161 Et
1746 4107 1832 4160 ille
1881 4106 2120 4175 Quidcm,
2161 4108 2255 4173 qui

707 4207 901 4260 horum
931 4223 1093 4261 causa
1124 4214 1363 4270 venerat,
1402 4219 1587 4258 curam
1628 4201 1753 4255 huic
1793 4198 2011 4252 tradens
2041 4198 2254 4251 divinus

704 4298 967 4367 angelus,
995 4297 1083 4351 hic
1121 4295 1351 4350 fortasse
1391 4292 1728 4362 conquievit,
1772 4306 1877 4344 non
1925 4290 2105 4344 labore
2149 4289 2255 4343 ullo

708 4392 789 4444 vel
821 4388 1064 4443 molestia
1115 4387 1316 4441 fractus
1360 4386 1708 4455 (infatigabile
1734 4393 1816 4439 est
1854 4383 1997 4437 enim
2042 4383 2277 4437 divino—.

674 4484 826 4535 ‘rum
878 4481 1247 4534 ministrorum
1300 4477 1526 4546 genus);
1582 4476 1675 4528 sed
1720 4475 1845 4543 quia
1888 4474 2106 4527 tradidit
2157 4488 2256 4529 nos

2363 659 2453 711 τὸν
2486 658 2543 712 ὃν
2588 663 2681 713 καὶ
2717 662 2808 714 ἐπὶ
2856 662 2954 733 τὴν
3020 661 3298 730 Ῥωμαίων
3343 660 3693 731 ἀποδημῆσαι
3742 660 3931 713 πόλιν.

2364 750 2485 815 Πῶς
2508 748 2715 806 οὖν-καὶ
2744 753 2898 806 τοῦτο
2930 752 3276 824 ὲξεπορίσθη;
3305 753 3587 824 Κηδεστήν
3621 770 3725 823 μου
3749 752 3938 824 ἄνδρα

2361 840 2591 913 ἀδελφῆς
2624 843 2777 913 ὲμῆς,
2811 844 2840 895 ὁ
2876 842 2995 896 τότε
3030 843 3209 913 ἄρχων
3240 842 3347 895 τῶν
3372 842 3761 906 Παλαιστίνων,
3799 840 3935 894 τοῦ-

2360 950 2450 985 τον
2488 933 2812 1004 παραλαϐὼν
2854 933 3109 1004 ἐξαίφνης
3143 934 3339 987 ἄκοντα
3368 935 3539 1004 μόνον
3572 932 3931 1003 κεχωρισμέο

2359 1041 2447 1077 νον
2479 1024 2576 1097 τῆς
2608 1007 2909 1095 ὁμοκοίτου,
2943 1012 3169 1093 λῆγαγεν
3201 1025 3464 1093 ἐνταῦθα,
3525 1023 3931 1092 συνεπιϐοηθή-

2360 1130 2519 1167 σοντα
2575 1114 2666 1167 καὶ
2709 1115 3102 1183 κοινωνήσοντα
3148 1112 3255 1165 τῶν
3289 1113 3381 1166 τοῦ
3427 1114 3611 1177 ἔθνους
3654 1113 3929 1183 ἄρχοντος

2360 1202 2565 1255 πόνων·
2618 1204 2834 1272 νομικὸς
2878 1204 2987 1276 γάρ
3042 1221 3125 1266 τις
3166 1198 3253 1273 ῆν,
3306 1204 3397 1256 καὶ
3448 1204 3589 1257 ἔστιν
3651 1204 3782 1265 ἴσως
3818 1202 3926 1255 ἔτι.

2364 1293 2458 1353 Ὃς
2519 1291 2581 1363 δὴ
2640 1292 2805 1345 ἐλθὼν
2871 1295 2985 1364 ἅμα
3061 1292 3207 1363 αὐτῷ
3265 1293 3451 1363 ἔμελλε
3513 1294 3613 1363 μὲν
3673 1294 3774 1345 οὐκ
3846 1295 3929 1353 είς

2360 1382 2567 1453 μακρὸν
2620 1385 3005 1453 μετάπεμπτον
3064 1383 3431 1453 ἀπολήψεσθαι
3483 1384 3605 1457 τὴν
3646 1386 3925 1451 γυναῖκα,

2357 1471 2607 1541 ἐπαχθῶς
2673 1474 2838 1543 αὐτῆς
2909 1474 3003 1526 καὶ
3076 1466 3227 1527 ἄκων
3305 1474 3741 1545 κεχωρισμένος,
3827 1475 3928 1527 καὶ

2355 1564 2501 1634 ἡμᾶς
2563 1563 2615 1614 δὲ
2676 1565 2788 1634 ἅμα
2847 1566 2985 1636 αὐτῇ
3046 1564 3541 1635 συνεπισπώμενος.
3625 1565 3925 1633 Ἐξαίφνης

2354 1652 2521 1720 γοῦν,
2574 1653 2673 1704 οὐκ
2734 1648 2829 1704 οἷδ’
2880 1655 3056 1716 ὅπως,
3104 1654 3403 1724 ἀποδημεῖν
3451 1653 3570 1723 μὲν,
3622 1653 3735 1705 ἀλλ’
3796 1654 3920 1706 ἑτέ-

2357 1745 2489 1818 ρωθί
2534 1763 2623 1798 ποι
2666 1746 2860 1816 μᾶλλον
2896 1747 3188 1817 ἀποδημεῖν
3235 1749 3376 1819 ἤπερ
3415 1745 3644 1799 ἐνταῦθα
3677 1745 3915 1798 διανοου-

2360 1835 2538 1905 μένοις
2564 1838 2693 1905 ἡμῖν
2716 1836 2920 1905 ἐπέστη
2955 1835 3286 1911 στρατιώτης
3322 1837 3503 1905 φέρων
3531 1834 3771 1905 ἐντολὴν,
3812 1852 3909 1887 πα-

2288 1896 2327 1949 Β
2356 1896 2664 1999 ραπέμπειν
2697 1928 2795 1997 μὲι
2836 1896 2929 1978 καὶ
2961 1896 3313 1991 διασώζεσθαι
3337 1896 3444 1998 ’τῆν
3482 1896 3719 1996 ἀδελφὴν

2353 2017 2871 2087 καταλαμϐάνουσαν
2898 2019 2988 2070 τὸν
3025 2018 3209 2088 ἄνδρα,
3232 2020 3379 2086 ἄγειν
3398 2019 3454 2071 δὲ
3477 2020 3571 2072 καὶ
3594 2020 3741 2088 ἡμᾶς
3768 2034 3919 2069 συνο-

2350 2107 2627 2179 δοιπόρους
2660 2110 2753 2180 ἀμ’
2787 2110 2921 2180 αὐτῇ
2941 2127 2953 2139 ·
2994 2109 3380 2180 χαριουμένους
3408 2110 3627 2179 μὲνικαὶ
3651 2109 3729 2182 τῷ
3757 2109 3919 2178 κηδε-

2355 2198 2497 2271 στῇ,
2527 2201 2621 2253 καὶ⁵
2657 2200 2891 2272 μάλιστα
2918 2204 2983 2273 τῇ
3030 2200 3227 2270 ἀδελφῇ
3272 2203 3437 2269 (ὅπως
3475 2202 3549 2272 μὴ
3584 2202 3684 2254 οὐκ
3715 2200 3916 2269 εὐσχή-

2356 2310 2469 2369 μων
2490 2311 2550 2347 τε
2572 2293 2605 2363 ἢ
2628 2293 2958 2365 ὀκνηροτέρα
2978 2294 3110 2365 πρὸς
3126 2294 3221 2363 τὴν
3236 2293 3538 2364 ὁδοιπορίαν
3564 2290 3645 2365 ᾖ),
3675 2293 3909 2354 οἰκέταις

2324 2387 2533 2448 αὐτοῖς
2579 2386 2672 2445 καὶ
2700 2389 2811 2449 τοῖς
2850 2386 3131 2454 συγγενέσι
3164 2388 3419 2456 τιμήσασι
3440 2404 3451 2415 ·
3493 2387 3588 2438 καὶ
3620 2386 3681 2438 οὐ
3715 2382 3907 2455 μικρὸν

2351 2494 2404 2529 τι
2426 2472 2608 2548 ἕτερον
2644 2477 2750 2529 τῶν
2777 2476 3048 2547 προῦργου
3085 2472 3559 2549 διαπραξαμένοις,
3607 2479 3654 2530 ei
3684 2477 3914 2545 eniti-1v

2354 2564 2629 2641 Βηρυτίων
2670 2560 2914 2639 ἔλθοιμεν
2945 2569 3119 2635 πόλιν,
3142 2570 3266 2622 ἐκεῖ
3288 2569 3348 2621 τὸ
3376 2569 3496 2621 τῶν
3518 2569 3696 2640 νόμων
3736 2567 3917 2638 μάθη-

2356 2676 2432 2729 μα
2493 2661 2889 2729 ἐκπονήσαντες
2946 2661 3079 2731 (77).
3156 2648 3339 2722 Πάντα
3390 2660 3671 2731 τοιγαροῦν
3732 2659 3914 2712 ἐκίνει

2353 2738 2517 2822 findi,
2544 2750 2604 2804 τὸ
2630 2752 2764 2823 πρὸς
2787 2752 2883 2824 τὴν
2916 2753 3149 2825 ἀδελφὴν
3178 2753 3418 2822 εὔλογον,
3440 2752 3502 2806 τὺ
3530 2752 3793 2823 ἡμέτερον
3820 2751 3917 2802 αὑ·

2351 2839 2458 2901 τῶν
2501 2841 2759 2912 μάθημα·
2790 2842 2925 2913 πρὸς
2961 2843 3019 2896 δὲ
3064 2843 3159 2898 καὶ
3193 2845 3221 2896 6
3271 2842 3608 2914 στρατιώτης
3638 2840 3785 2910 (ἐπεὶ
3821 2839 3908 2891 καὶ

2352 2929 2511 2984 τοῦτο
2561 2932 2925 3004 μνημονεῦσαι
2971 2933 3072 3002 δεῖ)
3125 2931 3307 3002 φέρων
3353 2928 3593 2997 ἐξουσίαν
3651 2929 3910 2982 πλειόνων

2351 3022 2457 3087 τῶν
2492 3024 2761 3094 δημοσίων
2797 3023 3083 3093 ὀχημάτων
3108 3022 3207 3091 τῆς
3239 3023 3499 3093 χρήσεως,
3526 3021 3623 3073 καὶ
3670 3018 3909 3090 σύμϐολα
3994 3088 3999 3090 ν

2353 3114 2589 3175 πλείονος
2624 3114 2855 3183 ἀριθμοῦ
2896 3114 3052 3183 ἡμῶν
3089 3114 3346 3184 μᾶλλονῆ
3383 3114 3480 3184 τῆς
3532 3112 3764 3183 ἀδελφῆς
3807 3112 3909 3183 μό-

2353 3222 2448 3275 νης
2495 3205 2669 3257 ἕνεκα.
2701 3204 3002 3275 Φαινόμενα
3041 3206 3138 3276 μὲν
3169 3205 3362 3259 ταῦτα’
3403 3206 3470 3258 τὰ
3522 3205 3581 3259 δὲ
3623 3205 3692 3275 μὴ
3728 3204 3917 3273 φαινό-

2359 3314 2487 3367 μενα
2520 3296 2636 3366 μὲν,
2672 3296 3002 3368 ἀληθέστερα
3042 3297 3130 3362 δὲ,
3164 3300 3197 3368 ἡ
3232 3298 3365 3368 πρὸς
3404 3298 3495 3349 τὸν
3534 3296 3701 3363 ἄνδρα
3720 3294 3920 3347 τοῦτον

2354 3388 2624 3451 κοινωνία,
2657 3389 2751 3460 τὴν
2784 3389 2953 3461 ἀληθῆ
2978 3391 3045 3443 δι’
3067 3390 3229 3443 αὑτοῦ
3255 3389 3363 3460 (78)
3390 3406 3457 3441 πε
3469 3389 3519 3461 pi
3544 3388 3612 3441 τὰ
3642 3386 3915 3453 τοῦλόγου

2359 3480 2675 3550 μαθήματα,
2706 3482 2739 3550 ὴ
2786 3482 2893 3533 τῶν
2929 3481 3115 3552 ψυχῶν
3162 3482 3317 3553 ημῶν
3347 3480 3581 3551 ὠφέλεια
3610 3480 3691 3541 είς

2357 3569 2494 3640 ρίαν,
2544 3564 2675 3640 ἦγεν
2721 3572 2865 3641 ἡμᾶς
2913 3572 3006 3624 ἐπὶ
3036 3572 3182 3644 τάδε,
3237 3571 3637 3639 τυφλώττοντας
3684 3568 3785 3639 μὲν
3820 3564 3918 3618 καὶ

2354 3662 2453 3714 οὐκ
2483 3662 2705 3726 εἰδότας,
2740 3660 3093 3734 σωτηριωδῶς
3133 3661 3189 3714 δὲ
3220 3664 3370 3732 ἡμῖν.
3408 3660 3707 3731 Τοιγαροῦν
3747 3658 3852 3729 οὐχ
3888 3658 3919 3709 6

2356 3744 2711 3824 στρατιώτης,
2750 3755 2889 3817 θεῖος
2933 3754 2989 3805 δέ
3026 3771 3109 3816 τις
3154 3734 3527 3821 συνοδοιπόρος
3565 3751 3658 3804 καὶ
3697 3747 3917 3818 πομπὸς

2356 3845 2557 3912 ἀγαθὸς
2603 3847 2696 3898 καὶ
2746 3846 2935 3914 φύλαξ.
2970 3847 2996 3897 6
3041 3845 3125 3898 διὰ
3161 3847 3359 3908 παντὸς
3399 3845 3489 3897 τοῦ
3525 3844 3639 3913 βίου
3684 3840 3913 3903 τούτου,

2355 3934 2540 4007 ῶσπερ
2591 3940 2806 4007 μακρᾶς
2869 3936 3170 4007 ὁδοιπορίας
3211 3938 3481 4000 διασώζων
3514 3936 3695 4004 ἡμᾶς,
3742 3949 3917 4004 παρα-

2360 4027 2687 4096 μειψάμενος
2713 4028 2780 4079 τά
2802 4044 2860 4079 τε
2883 4027 3034 4091 ἀλλα,
3060 4029 3151 4081 καὶ
3178 4030 3275 4099 τὴν
3299 4027 3555 4099 Βηρυτὸν,
3584 4020 3653 4095 ῆς
3681 4022 3914 4093 μάλιστα

2357 4116 2529 4186 ὁρμᾷν
2579 4117 2808 4169 ἐνταῦθα
2840 4118 3111 4189 ᾠήθημεν,
3170 4118 3401 4173 ἐνταῦθα
3438 4116 3617 4185 φέρων
3651 4114 3914 4182 κατεστή-

2359 4222 2506 4269 σατο,
2543 4208 2718 4260 πάντα
2752 4209 2917 4273 ποιῶν
2945 4212 3037 4264 καὶ
3060 4212 3244 4274 κινῶν,
3278 4210 3380 4270 ἕως
3417 4207 3564 4277 πάτῖὶ
3596 4205 3810 4275 μηχανῇ
3833 4202 3915 4272 τῷ

2357 4296 2463 4350 τῶν
2496 4298 2700 4351 πολλῶν
2743 4302 2871 4371 ἡμῖν
2912 4302 3131 4370 ἀγαθῶν
3172 4301 3324 4369 αἰτίῳ
3357 4298 3531 4368 τούτῳ
3573 4297 3910 4368 συνδήσεται.

2357 4388 2466 4439 Καὶ
2491 4390 2518 4440 6
2552 4388 2647 4458 μὲν
2676 4388 2758 4443 διά
2780 4393 3043 4445 τοσούτων
3068 4391 3231 4445 ἐλθὼν
3260 4389 3353 4459 τὴν
3386 4388 3690 4458 οἰκονομίαν
3728 4402 3915 4457 παρα-

2320 4461 2321 4464 γ
2354 4480 2528 4543 διδοὺς
2560 4481 2730 4555 τούτῳ
2755 4486 2783 4537 6
2810 4484 2949 4548 θεῖος
2977 4484 3221 4553 ἄγγελος,
3251 4481 3482 4535 ἐνταῦθά
3509 4498 3606 4534 που
3638 4481 3735 4534 καὶ
3780 4481 3912 4539 ἴσως

709 4571 934 4636 homini,
982 4570 1075 4641 qui
1116 4584 1327 4624 omnem
1372 4580 1492 4635 qute
1535 4564 1770 4617 adhiberi
1815 4572 2023 4631 poterat
2070 4564 2250 4631 prmi--

2360 4553 2719 4638 ἀνεπαύσατο,
2751 4577 2849 4647 οὐχ
2874 4577 2978 4629 ὑπὸ
3006 4577 3249 4645 καμάτου
3282 4573 3424 4653 τινὸς
3450 4573 3481 4643 ἢ
3520 4572 3720 4642 μόχθου
3754 4568 3912 4638 (ἀχά-

712 4663 947 4735 dentiam
981 4676 1277 4730 curamque
1306 4667 1448 4714 esset
1472 4656 1800 4725 cxplcturus.

2366 4678 2530 4731 ματον
2559 4664 2665 4737 γὰρ
2689 4668 2878 4719 τὸτῶν
2900 4666 3056 4718 θείων
3083 4664 3408 4734 λειτουργῶν
3439 4663 3648 4733 γένος),
3690 4660 3808 4714 ἀλλ’
3831 4659 3914 4712 ὅτι

713 4750 1019 4819 παρέδωκεν
1057 4752 1341 4823 ἀνθρώπῳ,
1394 4751 1589 4809 πᾶσαν,
1633 4746 1679 4796 εἰ
1721 4742 1958 4804 δυνατὸν,
1993 4744 2241 4810 πρόνοιαν
2268 4749 2359 4800 καὶ
2390 4752 2700 4821 ἐπιμέλειαν
2732 4756 3117 4827 ἀποπλήσοντι.

766 4842 871 4911 γι.
919 4843 1009 4897 llle
1050 4859 1177 4897 vero
1220 4851 1497 4911 susceptos
1540 4855 1569 4892 a
1612 4838 1783 4907 prima
1837 4838 1924 4890 die
1970 4848 2089 4903 quae
2128 4848 2250 4887 vere

714 4938 846 4992 mibi
877 4935 1048 5005 prima
1078 4934 1269 4995 illuxit,
1302 4934 1567 4997 omnium,
1601 4932 1645 4986 si
1686 4931 1791 4984 dici
1830 4929 2006 4992 debet,
2046 4924 2254 4991 dierum

715 5029 845 5083 mihi
902 5024 1315 5087 honestissima,
1362 5026 1575 5092 quando
1629 5022 1760 5075 mihi
1818 5021 2051 5089 primum
2097 5029 2257 5069 verus

715 5117 913 5171 exoriri
962 5116 1044 5170 sol
1089 5113 1289 5183 cmpit,
1342 5110 1603 5180 principio
1646 5125 1767 5187 ceu.
1795 5108 1935 5161 feras
1992 5099 2256 5173 quasdam

724 5352 735 5413 γ
773 5342 883 5413 (76)
919 5341 1107 5413 Οὐδὲν
1217 5341 1385 5404 ὅσον.
1409 5340 1571 5413 Ὅσον
1594 5349 1677 5396 est
1698 5341 1983 5413 παρέλκον,
2009 5350 2067 5394 ut
2092 5339 2245 5395 solet.

706 5410 929 5465 Bouaria.
952 5442 1020 5452 -—
1050 5412 1251 5466 Sensus
1277 5420 1388 5482 est,
1410 5410 1463 5462 ni
1489 5411 1658 5482 fallor,
1688 5410 1883 5482 nullam
1914 5415 1959 5465 ei
1989 5412 2142 5482 fuisse
2168 5426 2250 5463 ne-

706 5482 992 5535 cessitatem
1042 5485 1139 5535 huc
1179 5481 1447 5540 veniendi,
1489 5480 1715 5549 discendi
1760 5480 1889 5549 leges
1940 5480 2096 5534 causa
2141 5481 2252 5547 (ἐπὶ

707 5553 818 5668 ἰοῖς
836 5550 1024 5668 ὄόμοις
1054 5550 1249 5620 ἡμῶν),
1280 5552 1531 5620 siquidem
1554 5548 1771 5601 Romam
1792 5548 1953 5618 posset
1978 5551 2246 5619 proﬁcisci.

731 5634 805 5668 λι).
879 5634 991 5668 mi.

710 5620 1415 5755 1Βῃ(’ἵξῧηιέίῐκποναήσαντες(
1427 5728 1439 5740 .
1495 5686 1847 5741 Casaubonus
1862 5727 1876 5751 ,
1938 5690 2248 5760 ὲκποιήσον-

710 5775 891 5893 τεῖἧδ)
928 5824 1041 5891 Τὴν
1068 5825 1289 5893 ἀληθῆ,
1318 5826 1387 5878 δι’
1418 5825 1621 5879 αὐτοῦ.
1651 5824 1893 5891 Ellipsis,
1925 5828 2103 5893 quales
2123 5817 2252 5893 illm,

709 5894 981 5967 τηνάλλως
1011 5895 1115 5967 (cui
1140 5896 1293 5966 plane
1318 5896 1525 5953 videtur
1558 5913 1586 5951 a
1616 5894 1868 5965 Gregorio
1896 5910 2012 5951 esse
2042 5901 2257 5965 Opposi-

2430 4843 2517 4908 ς’.
2569 4845 2627 4896 '0
2665 4845 2708 4897 δ’
2754 4843 3143 4915 ὑποδεξάμενος
3183 4843 3239 4910 ἐξ
3277 4846 3491 4915 ἡμέρας
3525 4839 3628 4911 τῆς
3656 4837 3902 4909 πρώτης.

2363 4936 2481 5006 (τῆς
2512 4938 2676 5000 ὅντως
2712 4938 2831 5007 ἐμοὶ
2869 4935 3107 5007 πρώτης,
3139 4937 3235 5006 τῆς
3263 4936 3595 5007 τιμιωτάτης
3624 4930 3836 4994 πασῶν,
3866 4932 3912 4982 εἱ

2363 5031 2441 5082 δεῖ
2470 5022 2667 5097 λέγειν,
2696 5026 2935 5097 ἡμερῶν,
2964 5027 3049 5078 ὅτε
3088 5043 3175 5095 μοι
3203 5026 3412 5098 πρῶτον
3440 5026 3468 5077 6
3500 5020 3747 5105 ἀληθινὸς
3782 5022 3913 5073 ἀνα-

2365 5123 2565 5175 τέλλειν
2620 5121 2765 5191 ἥλιος
2808 5119 3046 5189 ἤρξατο),
3082 5119 3294 5190 πρῶτον
3353 5116 3449 5188 μὲν
3478 5113 3666 5183 ὥσπερ
3739 5110 3915 5183 θῆράς

2351 5350 2466 5420 tum
2507 5341 2606 5412 τὴν
2650 5342 2875 5420 ἀληθῆ),
2903 5345 3000 5420 τὴν
3030 5349 3220 5402 ἑαυτοῦ
3236 5388 3255 5420 ν,
3287 5348 3389 5420 τὴν
3434 5345 3573 5420 ὲμῂν
3618 5347 3778 5416 μίαν,
3812 5350 3905 5420 τὴν

2354 5412 2607 5489 πρώτην,
2633 5484 2644 5489 _
2658 5414 2761 5489 τῂν
2817 5412 3101 5489 ταχίστην⁸
3157 5419 3246 5489 ubi
3305 5412 3652 5471 subauditur.
3682 5412 3905 5489 μερίδα,

2353 5481 2593 5555 γνώμην,
2624 5481 2781 5555 ὁδόνι
2805 5481 2917 5539 θυι·
2939 5481 3041 5540 tale
3082 5487 3331 5555 quiddam
3356 5502 3375 5551 γε
3408 5499 3635 5555 (morum
3664 5481 3907 5545 omnium

2354 5553 2593 5624 cntempla
2642 5553 2920 5624 continent
2960 5553 3228 5610 Lamberti
3276 5553 3378 5624 Bos
3424 5553 3646 5624 Ellipses
3691 5557 3905 5612 Greca.

2355 5620 2669 5696 Casaubono
2696 5623 2937 5696 placebat
2967 5628 3060 5696 καὶ
3086 5624 3281 5696 ἀληθῆἶ
3308 5622 3366 5696 Si
3405 5620 3611 5680 mutato
3634 5642 3771 5696 opus
3795 5637 3906 5690 est,

2356 5692 2567 5766 mallem
2596 5691 2665 5766 τᾲ
2697 5691 2900 5766 ἀληθῆ,
2945 5695 3155 5766 scilicet
3176 5691 3771 5766 ‘pqdﬂuata,_mpt'r&
3811 5697 3908 5766 τοῦ

2357 5760 2535 5833 λᾴγου.
2582 5762 2753 5814 Αὑτοῦ
2786 5760 3035 5817 ’τοῖοι-ιω
3066 5764 3131 5817 ad
3163 5760 3411 5833 militem,
3441 5764 3543 5833 qui
3573 5760 3776 5821 inscius
3809 5765 3910 5832 τὴν

2359 5830 2549 5906 ἀληθῆ,
2579 5848 2765 5906 verant
2788 5834 3019 5902 (viam),
3051 5832 3229 5897 duxit,
3260 5840 3319 5887 ut
3354 5830 3475 5887 cuni
3514 5831 3745 5906 Origene
3772 5830 3911 5893 coo-

2356 5901 2688 5968 jungcretur.
2730 5902 2951 5966 Benest.
2973 5942 2978 5945 .
3012 5906 3017 5910 '
