4094 6354
736 511 865 565 ίοῖι

1884 502 1939 557 S.
1980 498 2303 556 GREGOl'i'll
2344 494 2524 552 TllAL‘
2536 492 2842 550 MATURO!

3803 491 3828 543 ί
3839 490 3944 546 0Τῖ

732 629 821 690 lis,
860 630 953 683 sed
989 643 1111 683 acer
1146 641 1370 697 prorsus
1412 636 1463 680 et
1494 623 1919 689 efﬁcacissimus,
1963 622 2192 678 solertia:
2237 630 2285 674 et

2390 618 2618 686 γομένου
2668 616 2759 669 καὶ
2796 612 3104 685 ὁμιλοῦντος
3146 608 3479 681 ἐνεφαίνετό-
3538 612 3637 663 οὖκ
3684 612 3948 680 ἐκπεριεῖ-

732 723 1100 791 benignitatis.
1128 719 1636 786 benevolentiaque,
1664 732 1783 785 qua:
1818 717 1874 769 in
1912 717 2043 785 ipsis
2072 730 2172 768 nos
2207 715 2285 767 alo

731 813 1005 882 loquentis
1039 821 1093 865 et
1131 809 1505 865 conversantis
1552 808 1776 862 vocibus
1811 806 2125 876 eﬂ'uigebat,
2179 820 2285 857 non

732 904 1121 959 circumvenire
1159 918 1259 957 nos
1305 900 1460 955 aliter
1507 899 1849 955 sermonibus
1886 897 2161 961 conantis;
2193 895 2285 949 sed

735 997 1002 1066 prudenti,
1038 996 1272 1050 humana
1322 993 1658 1063 benignaque
1691 996 1870 1045 mente
1913 1004 2127 1044 servare
2167 1002 2283 1051 nos,

735 1098 788 1141 et
817 1088 1097 1159 participes
1124 1097 1234 1140 tum
1270 1084 1461 1138 horum
1490 1079 1841 1151 philosophiae
1867 1080 2131 1134 bonorum
2162 1077 2287 1130 red-

735 1180 878 1242 dere,
910 1187 1020 1230 tum
1051 1176 1303 1240 aliorum,
1337 1184 1448 1227 tum
1487 1187 1675 1226 eorum
1704 1171 1955 1234 maxime,
1996 1184 2117 1238 qua:
2148 1170 2287 1222 Dens

734 1269 809 1322 illi
844 1284 1004 1337 supra
1036 1269 1308 1323 multosac
1330 1280 1494 1335 supra
1530 1278 1720 1317 Omnes
1762 1262 1989 1315 fortasse
2011 1260 2103 1330 qui
2147 1276 2290 1313 nunc

735 1369 861 1413 Sunt
903 1360 1173 1422 homines,
1212 1357 1303 1409 uni
1336 1356 1560 1425 largitus
1582 1364 1664 1407 est
1688 1371 1703 1407 :
1729 1353 1943 1423 pietatis
1963 1352 2083 1405 dico
2116 1350 2288 1420 magi-

735 1460 941 1514 strum,
994 1463 1296 1503 sermonem
1355 1448 1678 1510 salutarem,
1714 1446 1779 1499 ad
1830 1444 2031 1498 multos
2071 1442 2289 1512 quidem

735 1559 800 1598 c‘o
826 1550 1148 1606 runcantem,
1175 1555 1363 1594 omnes
1386 1550 1563 1593 autem
1597 1541 1650 1593 in
1685 1554 1824 1614 quos
1872 1538 2141 1601 inciderit,
2186 1535 2289 1589 sibi

735 1632 1134 1701 subjugantem.
1173 1630 1355 1700 Neque
1381 1632 1523 1685 enim
1560 1640 1643 1685 est
1684 1631 1977 1700 quidquam
2019 1627 2163 1697 quod
2200 1642 2289 1680 re-

736 1726 925 1777 sistere
954 1725 1026 1776 illi
1057 1724 1248 1793 possit,
1277 1726 1369 1794 qui
1396 1740 1485 1778 rex
1511 1724 1753 1778 omnium
1788 1733 1841 1776 et
1877 1730 1961 1775 est
1995 1729 2048 1775 et
2077 1722 2290 1772 futurus

695 1814 699 1819 ’
734 1827 847 1880 est;
878 1817 967 1869 sed
1002 1818 1296 1877 occultum,
1324 1825 1379 1869 ct
1415 1817 1506 1887 qui
1549 1824 1647 1869 nec
1692 1814 1847 1867 facile
1880 1827 1978 1867 nec
2017 1810 2227 1865 difﬁcile
2259 1823 2289 1862 a

736 1909 920 1961 multis
947 1908 1109 1976 vulgo
1134 1916 1509 1977 cognoscatur,
1538 1908 1609 1960 ita
1638 1916 1696 1960 ut
1723 1907 1789 1960 de
1832 1906 1923 1959 illo
1952 1903 2287 1975 interrogati,

736 1998 1015 2052 manifeste
1055 2000 1230 2068 cloqui
1273 2000 1498 2067 possint.
1535 1997 1692 2053 Velut
1723 2013 1851 2066 ergo
1886 1996 2113 2051 scintilla
2140 2010 2287 2065 quae-

735 2090 855 2141 dam
891 2089 1117 2142 mediam
1152 2089 1385 2141 animam
1430 2098 1669 2143 nostram
1706 2088 1985 2151 invadens,
2026 2088 2288 2141 accende-

734 2179 895 2232 batur
921 2188 974 2232 et
1003 2179 1467 2241 inflamniabatur,
1491 2191 1601 2233 tum
1642 2194 1766 2248 erga
1806 2178 2003 2247 ipsum,
2034 2176 2285 2230 ineffabili

734 2272 1132 2339 pulchritudine
1153 2287 1339 2327 omnes
1360 2273 1620 2337 alliciens,
1646 2287 1860 2325 sacrum
1885 2268 2116 2323 Verbum
2141 2284 2288 2321 ama-

735 2365 1089 2429 bilissimum;
1121 2374 1232 2417 tum
1256 2378 1381 2432 erga
1411 2364 1585 2416 virum
1618 2365 1780 2426 hunc,
1817 2362 1932 2430 ejus
1971 2361 2201 2412 amicum
2235 2366 2287 2412 et

736 2460 1100 2526 interpretem,
1133 2471 1320 2520 amor;
1368 2472 1476 2524 quo
1506 2454 1977 2508 vehementissime
2012 2452 2169 2512 ictus,
2199 2466 2285 2504 res

735 2556 922 2603 omnes
952 2564 1014 2601 ac
1040 2546 1352 2615 disciplinas
1380 2560 1499 2614 quae
1524 2559 1820 2613 congruere
1851 2543 2003 2597 nobis
2033 2542 2285 2595 videban-

735 2650 843 2705 tur,
886 2649 996 2693 tum
1037 2647 1277 2697 caeteras.
1314 2646 1427 2689 tum
1471 2638 1615 2705 ipsas
1645 2636 1887 2705 egregias
1930 2634 2069 2700 leges
2115 2647 2283 2693 meas,

736 2743 795 2785 ut
829 2744 1161 2799 spernerem,
1196 2726 1325 2781 mihi
1363 2727 1637 2796 persuasi;
1667 2726 1796 2794 quin
1845 2733 1898 2777 et
1944 2725 2194 2792 patriam,
2234 2731 2286 2774 et

735 2822 1089 2891 propinquos,
1118 2827 1228 2871 tum
1264 2827 1555 2886 praesentes
1583 2817 1675 2884 qui
1706 2815 1951 2880 aderant,
1981 2824 2091 2867 tum
2125 2828 2217 2867 cos
2255 2827 2286 2864 a

734 2913 930 2979 quibus
982 2910 1370 2971 discesseram;
1430 2920 1703 2973 unumque
1764 2904 1905 2957 mihi
1948 2902 2181 2971 Optabilc
2235 2911 2286 2954 ct

736 3000 1024 3053 amandum
1052 2998 1349 3061 videbatur,
1392 2996 1753 3065 phiIoSOphia,
1783 2996 2006 3062 ejusque
2032 2995 2286 3062 magister

737 3093 819 3144 vir
866 3090 954 3144 hic
1000 3090 1235 3144 divinus.
1277 3088 1343 3141 Et
1378 3088 1737 3157 conglutinata
1779 3096 1853 3138 cst
1893 3087 2071 3138 anima
2116 3084 2285 3137 Jona-

740 3183 838 3234 tlm:
864 3181 1050 3235 anima:
1083 3180 1247 3233 David
1277 3180 1340 3234 ιτ.
1373 3178 1488 3233 Hoc
1512 3178 1763 3248 equidem
1790 3178 1845 3230 in
1867 3176 2036 3230 sacris
2068 3174 2285 3228 Litteris

738 3279 917 3338 postea
944 3270 1043 3339 legi
1072 3289 1084 3323 ι
1115 3270 1260 3337 prius
1290 3276 1470 3321 autem
1510 3267 1656 3321 sensi
1700 3266 1815 3335 ipse
1859 3279 1968 3317 non
2010 3264 2189 3317 minus
2217 3262 2284 3316 li-

736 3363 922 3430 quido,
959 3375 1118 3435 quam
1150 3360 1349 3412 dictum
1386 3370 1488 3421 est,
1515 3358 1819 3412 clarissimo
1842 3358 2044 3412 scilicet
2068 3357 2288 3411 oraculo

736 3453 1174 3522 pneuuntiatum.
1201 3448 1315 3503 Non
1361 3450 1506 3502 enim
1545 3450 1856 3517 simpliciter
1889 3450 2289 3518 conglutinatus

735 3554 814 3597 est
850 3542 1108 3596 Jonathas
1150 3541 1315 3594 David
1345 3558 1359 3593 :
1395 3541 1486 3593 sed
1527 3539 1631 3593 illa:
1671 3542 1798 3607 ipsae
1830 3557 1951 3607 quae
1992 3541 2285 3610 principem

668 3628 671 3631 ’
738 3638 909 3690 locum
944 3646 1146 3700 tenent,
1192 3638 1419 3700 animai;
1455 3650 1575 3703 qua:
1620 3650 1720 3689 nec
1758 3635 2013 3703 sejunctis
2060 3637 2127 3691 iis
2169 3653 2289 3706 quae

739 3738 994 3795 apparent
1020 3738 1072 3780 et
1111 3729 1516 3797 conspiciuntur
1541 3727 1594 3781 in
1635 3727 1872 3792 homine,
1920 3730 2158 3796 separari
2205 3742 2286 3782 ta-

738 3833 859 3870 men
893 3820 1019 3886 ipsae
1043 3820 1090 3869 vi
1118 3818 1227 3872 ulla
1255 3829 1536 3889 cogantur,
1564 3814 1741 3873 invita:
1768 3829 1910 3873 certe
1933 3821 2079 3874 nullo
2107 3822 2284 3875 modo.

738 3910 929 3964 Libera
979 3907 1244 3977 siqiiidem
1297 3925 1383 3963 res
1427 3902 1511 3964 est
1553 3911 1754 3975 anima,
1800 3919 1855 3964 et
1893 3926 2013 3981 qua
2050 3911 2286 3965 coerceri

738 4004 882 4057 nulla
916 4002 1124 4055 ratione
1147 4000 1345 4070 possit,
1368 4016 1435 4054 ne
1459 4001 1505 4054 si
1532 4002 1585 4053 in
1620 4002 1873 4068 penetrali
1894 4003 2109 4072 quidem
2132 4002 2288 4056 abdi-

738 4103 845 4145 tam
893 4092 1182 4147 custodias.
1228 4090 1438 4145 Etenim
1483 4091 1554 4144 ibi
1599 4106 1717 4145 esse
1756 4094 1927 4160 prima
1968 4096 2177 4148 ratione
2224 4110 2288 4149 ac

740 4193 931 4235 natura
965 4199 1061 4237 sua
1091 4184 1394 4248 consuevit,
1423 4182 1512 4236 ubi
1542 4198 1694 4236 mens
1724 4180 1925 4236 fuerit:
1962 4186 2102 4251 quod
2145 4186 2188 4239 si
2231 4187 2285 4238 in

738 4274 1008 4339 ergastulo
1040 4274 1131 4327 tibi
1177 4290 1295 4329 esse
1326 4276 1599 4339 videatur,
1648 4275 1885 4329 secunda
1921 4276 2151 4344 quadam
2196 4292 2285 4328 ra-

742 4366 887 4417 tione
912 4363 1019 4418 illic
1042 4379 1071 4417 a
1096 4374 1145 4417 te
1166 4364 1405 4435 ﬁngitur,
1429 4366 1687 4435 nulloque
1720 4366 1881 4421 modo
1910 4376 2186 4437 propterea
2213 4366 2287 4420 lbi

738 4470 859 4509 esse
884 4454 1218 4523 prohibetur,
1248 4456 1337 4508 ubi
1372 4472 1490 4510 esse
1526 4458 1783 4522 voluerit;
1809 4458 1938 4528 quin
1966 4458 2074 4513 illic
2108 4458 2283 4513 solum

739 4561 963 4616 prorsus
986 4560 1105 4598 esse
1130 4552 1327 4613 potest,
1352 4553 1404 4597 et
1428 4545 1548 4611 jure
1573 4548 1825 4614 creditur,
1858 4550 1947 4602 ubi
1982 4549 2283 4619 quibusque

2387 730 2474 765 ναι
2505 711 2616 780 (81)
2659 709 2803 778 ἡμᾶς
2840 704 3012 767 ἄλλως
3058 703 3233 770 λόγοις
3272 702 3611 773 πειρωμένου
3638 742 3653 765 ,
3692 701 3839 772 δεξιᾷ
3884 702 3945 757 δὲ

2386 804 2478 857 καὶ
2522 797 2877 871 φιλανθρώπῳ
2921 795 3014 849 καὶ
3046 794 3381 865 χρηστοτάτη
3413 794 3604 866 γνώμῃ
3654 794 3845 857 σώζειν
3882 811 3944 847 τε

2386 895 2479 949 καὶ
2507 892 2788 954 κοινωνοὺς
2815 890 2925 943 τῶν
2966 906 3025 941 τε
3071 890 3134 939 ὲκ
3176 885 3485 954 φιλοσοφίας
3526 885 3744 954 ἀγαθῶν
3772 901 3943 937 κατα-

2387 982 2721 1052 στήσασθαι,
2748 980 2840 1033 καί
2885 977 2990 1030 τῶν
3032 976 3204 1031 ἄλλων
3246 976 3517 1046 μάλιστα,
3545 978 3647 1030 ὅσα
3687 977 3750 1029 τὺ
3787 976 3945 1030 Θεῖον

2387 1073 2537 1144 παρὰ
2574 1076 2697 1134 τοὺς
2730 1069 2953 1131 πολλοὺς
2982 1065 3017 1138 ἦ
3049 1067 3096 1118 εἰ
3126 1067 3216 1118 καὶ
3244 1066 3353 1136 (82)
3382 1067 3532 1139 παρὰ
3566 1067 3771 1131 πάντας
3815 1068 3945 1130 ἴσως

2387 1170 2511 1231 τοὺς
2539 1166 2630 1219 νῦν
2656 1158 2968 1238 ἀνθρώπους
2990 1204 3002 1226 ,
3029 1162 3174 1231 αὑτῷ
3203 1161 3347 1233 μόνῳ
3375 1163 3683 1234 ἐδωρήσατο
3705 1180 3719 1191 ·
3749 1163 3843 1215 τὸν
3866 1163 3943 1214 δι-

2387 1258 2647 1327 δάσκαλον
2680 1258 2953 1318 εὐσεϐείας
2969 1294 2982 1317 ,
3000 1253 3092 1306 τὸν
3129 1256 3388 1323 σωτήριον
3410 1254 3584 1321 λόγον,
3606 1254 3822 1317 πολλοῖς
3849 1254 3944 1324 μὲν

2388 1350 2744 1419 ἐπιφοιτῶντα
2765 1390 2779 1413 ,
2809 1350 2902 1402 καὶ
2949 1348 3150 1408 πάντας
3193 1347 3654 1416 κατεργαζόμενον
3683 1348 3833 1409 ὅσοις
3882 1347 3944 1399 ἂν

2390 1442 2668 1515 προσεύχῃ
2725 1442 2818 1511 (οὐ
2865 1426 2983 1513 γάρ’
3024 1446 3167 1496 ἐστιν
3231 1442 3259 1495 ὃ
3300 1457 3351 1491 τι
3413 1438 3559 1509 αὑτῷ
3594 1440 3943 1509 ἐνστήσεται,

2389 1535 2603 1588 πάντων
2631 1534 2721 1586 καὶ
2750 1532 2860 1585 ὄντι
2893 1535 2986 1585 καὶ
3016 1516 3254 1603 ἐσομένῳ
3284 1530 3529 1600 βασιλεῖ)·
3569 1530 3947 1600 κρυπτόμενον

2388 1628 2465 1691 δὲ,
2494 1626 2584 1680 καὶ
2606 1627 2665 1679 οὐ
2694 1626 3088 1696 γινωσκόμενον
3114 1620 3233 1677 οὕτε
3274 1622 3466 1693 ῥᾳδίως
3492 1620 3613 1673 οὔτε
3635 1623 3731 1673 καὶ
3752 1621 3942 1689 δυσχε-

2393 1718 2499 1789 ρῶς
2524 1719 2635 1778 τοῖς
2666 1715 2873 1777 πολλοῖς
2892 1754 2906 1777 ,
2947 1715 3021 1777 ὼς
3045 1712 3407 1785 ὲρωτηθέντας
3451 1712 3592 1781 ἔχειν
3624 1714 3753 1781 περὶ
3780 1713 3939 1765 αὑτοῦ

2373 1810 2558 1879 ισαφὲς
2601 1812 2792 1863 εἰπεῖν.
2834 1803 2955 1872 Οἷος
2988 1803 3079 1861 οὖν
3106 1824 3188 1868 τις
3224 1805 3453 1877 σπινθὴρ
3495 1806 3771 1875 ἐνσκήψας
3808 1807 3940 1876 μέσῃ

2389 1905 2455 1973 τῇ
2480 1901 2622 1970 ψυχῇ
2651 1901 2826 1970 ἡμῶν,
2856 1898 3125 1969 ἀνήπτετό
3149 1913 3207 1948 τε
3238 1897 3324 1949 καὶ
3352 1895 3646 1959 ἐξεκαίετο,
3667 1898 3696 1948 ὃ
3725 1913 3783 1947 τε
3810 1899 3939 1965 πρὸς

2390 1993 2480 2045 τὸν
2511 1992 2760 2045 ἁπάντων
2808 1991 2908 2043 ὑπὸ
2957 1988 3179 2050 κάλλους
3227 1988 3458 2057 ἀρρήτου
3505 1986 3936 2039 ὲπακτικώτατον

2391 2083 2550 2136 αὑτὸν
2578 2083 2745 2151 Λόγον
2768 2082 2855 2134 τὸν
2890 2081 3029 2152 ἱερὸν
3062 2083 3151 2134 τὸν
3182 2080 3610 2153 ἐρασμιώτατον,
3631 2080 3725 2132 καὶ
3751 2082 3778 2132 6
3808 2080 3944 2149 πρὸς

2389 2175 2478 2228 τὸν
2519 2174 2684 2244 ἄνδρα
2726 2174 2903 2236 τόνδε,
2951 2173 3040 2224 τὸν
3100 2174 3260 2225 αὑτοῦ
3312 2172 3461 2242 φίλον
3500 2172 3595 2225 καὶ
3644 2173 3950 2242 προηγορον

2390 2266 2525 2337 ἔρως
2543 2285 2556 2297 ·
2589 2262 2633 2333 ᾧ
2665 2264 2891 2337 μάλιστα
2914 2266 3247 2335 τετρωμένος
3270 2306 3283 2328 ,
3309 2266 3561 2318 ἀπάντων
3591 2263 3701 2316 τῶν
3723 2263 3938 2316 δοκούν-

2387 2375 2493 2412 των
2524 2361 2653 2430 ήμῖν
2680 2361 2974 2431 προσήκειν
3002 2359 3337 2428 πραγμάτων
3360 2358 3392 2427 ἦ
3432 2357 3761 2427 μαθημάτων
3779 2396 3793 2419 ,
3824 2355 3938 2406 τῶν

2387 2469 2445 2505 τε
2478 2454 2649 2507 ἄλλων
2681 2453 2771 2505 καὶ
2803 2451 2977 2504 αὐτῶν
3006 2451 3109 2503 τῶν
3142 2450 3316 2503 καλῶν
3354 2469 3454 2520 μου
3488 2451 3685 2520 νόμων,
3721 2449 3941 2520 ἀμελεῖν

2388 2544 2679 2612 ἐπειθόμην
2703 2560 2716 2572 ·
2751 2542 3001 2611 πατρίδος
3028 2558 3085 2593 τε
3114 2543 3204 2594 καὶ
3230 2542 3463 2607 οἰκείων,
3510 2542 3617 2593 τῶν
3648 2558 3704 2593 τε
3740 2541 3943 2609 παρόν-ι

2387 2651 2493 2686 των
2541 2626 2806 2694 ἐνταῦθα,
2844 2634 2944 2685 ήκαί
2987 2628 3067 2697 οἷς
3116 2633 3542 2703 ἀπεδημήσαμεν
3569 2649 3581 2662 ο
3643 2633 3700 2685 ἒν
3743 2632 3803 2685 δέ
3859 2650 3941 2701 μοι

2390 2724 2538 2793 φίλον
2562 2720 2629 2794 ἦν
2656 2725 2746 2776 καὶ
2776 2723 3151 2795 ἀγαπώμενον,
3177 2724 3459 2793 φιλοσοφία
3485 2741 3541 2775 τε
3564 2723 3655 2776 καὶ
3680 2724 3707 2775 6
3736 2723 3940 2791 ταύτης

2389 2813 2713 2885 καθηγεμὼν
2746 2810 2894 2878 οὗτος
2924 2818 2950 2868 6
2981 2815 3117 2879 θεῖος
3164 2815 3465 2885 ἄνθρωπος.
3509 2815 3614 2869 Kal
3644 2814 3941 2881 συνεδέθη

2389 2908 2426 2973 ἡ
2454 2907 2621 2975 ψυχὴ
2648 2904 2923 2960 Ἰωνάθαν
2956 2906 3149 2959 Δαϐίδ.
3194 2907 3365 2958 Τοῦτο
3396 2906 3632 2973 ἀνέγνων
3663 2908 3760 2976 μὲν
3792 2904 3943 2956 ὔστε-

2391 3012 2481 3065 ρον
2523 2996 2578 3047 ἐν
2611 2998 2720 3058 τοῖς
2767 2998 2927 3065 ἱεροῖς
2972 2995 3324 3065 Γράμμασιν’
3364 2994 3565 3047 ἔπαθον
3592 2994 3652 3045 δὲ
3684 2994 3944 3063 πρότερον

2389 3089 2484 3158 οὐχ
2501 3084 2658 3159 ἦττον
2676 3089 2938 3157 ἐναργῶς,
2961 3088 2996 3157 ἢ
3026 3087 3260 3157 εἴρηται,
3298 3086 3534 3152 καίτοιγε
3577 3087 3937 3156 ἐναργέστατα

2390 3183 2928 3253 κεχρησμῳδημένον,
2951 3180 3026 3233 Οὐ
3048 3181 3156 3251 γὰρ
3190 3179 3437 3249 συνεδὲθη
3464 3179 3652 3242 ἀπλῶς
3694 3179 3943 3233 ἰωνάθαν

2389 3274 2547 3325 Δαὸὶδ
2567 3316 2580 3338 ,
2629 3272 2765 3325 αὗτά
2797 3272 2853 3325 δὲ
2883 3271 2951 3324 τὰ
3001 3271 3305 3341 κυριώτατα
3330 3311 3345 3333 ,
3374 3271 3515 3341 ψυχὴ
3536 3311 3550 3332 ,
3586 3270 3737 3323 ταῦθ’
3767 3270 3941 3340 ἅπερ,

2389 3366 2507 3417 οὐδὲ
2539 3364 2906 3433 χωρισθέντων
2954 3364 3063 3416 τῶν
3095 3365 3427 3433 φαινομένων
3462 3364 3549 3415 καὶ
3597 3362 3941 3432 βλεπομένων

2390 3456 2686 3525 ἀνθρώπῳ,
2732 3453 3058 3525 χωρισθῆναι
3092 3456 3186 3507 καὶ
3217 3456 3354 3508 αὑτά
3388 3457 3595 3525 μηχανῇ
3627 3471 3736 3506 τινι
3762 3470 3935 3507 κατα-

2387 3545 2853 3615 ναγκασθήσεται,
2906 3546 3103 3599 ἄκοντα
3157 3547 3255 3617 μὲν
3306 3547 3575 3616 οὐδαμῶς.
3628 3547 3789 3617 ιΓυχὴ
3840 3546 3941 3615 γὰρ

2386 3637 2660 3707 ἐλεύθερον
2711 3638 2803 3690 καί
2860 3639 2957 3690 οὐκ
3005 3637 3447 3704 ὲγκατάκλειστον
3497 3639 3673 3690 οὐδενὶ
3723 3639 3941 3707 τῴπῳ,

2387 3729 2490 3781 οὐδ’
2516 3728 2577 3781 ἂν
2616 3732 2671 3782 ὲν
2710 3732 2934 3797 οἰκίσκῳ
2980 3728 3269 3798 καθείρξας
3300 3731 3488 3798 τηρῇς.
3540 3730 3651 3781 Καὶ
3675 3730 3774 3799 γὰρ
3800 3724 3947 3780 εἶναι

2387 3821 2592 3890 πέφυκε
2618 3823 2706 3874 τόν
2739 3839 2800 3889 γε
2830 3821 3040 3891 πρῶτον
3069 3820 3243 3886 λόγον,
3278 3817 3445 3890 οὗπερ
3480 3821 3545 3874 ἂν
3569 3822 3597 3872 6
3629 3821 3744 3883 νοῦς
3892 3821 3944 3871 εἰ

2386 3912 2441 3965 δὲ
2470 3914 2562 3965 καὶ
2589 3916 2644 3965 ὲν
2666 3913 2742 3983 τῷ
2768 3914 2994 3982 οἰκίσκῳ
3026 3928 3105 3964 σοι
3140 3906 3275 3963 εἶναι
3306 3912 3478 3975 δοκεῖ,
3518 3913 3657 3965 κατὰ
3693 3912 3944 3981 δεύτερόν

2384 4019 2503 4055 τινα
2547 4003 2698 4071 λόγον
2732 4001 2963 4054 ὲνταῦθά
3003 4018 3082 4054 σοι
3116 4000 3471 4069 φαντάζεταιο
3508 4003 3759 4071 οὐδαμῶς
3804 3996 3938 4053 εἶναι

2385 4096 2497 4146 ἐκεῖ
2518 4094 2604 4147 διὰ
2626 4094 2780 4147 τοῦτο
2806 4094 3180 4164 κεκωλυμένη,
3212 4087 3381 4162 οὗπερ
3405 4092 3468 4144 ἂν
3495 4088 3626 4145 εἶναι
3662 4091 3896 4160 βουληθῇ
3922 4108 3934 4119 '

2389 4185 2581 4254 μᾶλλον
2622 4185 2677 4237 δὲ
2706 4186 2876 4254 πάντη
2908 4184 3122 4247 πάντως
3160 4185 3273 4234 ἐκεῖ
3307 4184 3463 4251 μόνον
3494 4179 3628 4235 εἶναι
3658 4182 3754 4234 καὶ
3785 4182 3942 4232 6w;-

2385 4278 2521 4345 μένη
2550 4275 2639 4329 καὶ
2671 4279 3012 4329 πιπευθεῖσα
3031 4276 3094 4330 ἂν
3116 4275 3335 4336 εἰκότως
3355 4312 3371 4337 ,
3401 4267 3571 4343 οὗπερ
3602 4274 3666 4327 ἀν
3686 4276 3775 4327 καὶ
3800 4274 3937 4341 πρὸς

2384 4364 2411 4417 ὃ
2435 4364 2498 4421 ἂν
2529 4366 2595 4418 τὰ
2621 4366 2785 4437 μόνης
2812 4367 2978 4436 αὐτῆς
3011 4369 3113 4422 ίδια
3145 4366 3261 4419 κατ’
3288 4364 3454 4434 αὐτὴν
3486 4364 3621 4435 ἔργα
3730 4362 3936 4417 Οὐκοῦν

2387 4457 2836 4527 περιφανέστατον
2867 4459 3006 4512 τοῦδ’
3040 4461 3181 4529 ὅπερ
3211 4455 3405 4508 ἔπαθον
3453 4455 3807 4527 βραχυτάταις
3855 4455 3943 4507 λέ·

2386 4546 2527 4611 ξεσιν
2558 4546 2819 4617 ἐδήλωσε,
2856 4550 2953 4623 την
2984 4549 3159 4619 ψυχὴν
3194 4546 3455 4601 Ἶωνάθαν
3505 4547 3829 4601 συνδεδέσθαι
3866 4549 3943 4613 τῇ

739 4638 795 4689 in
834 4637 995 4689 rebus
1020 4635 1235 4705 propria
1260 4634 1378 4703 ejus
1404 4635 1562 4689 unius
1584 4650 1746 4704 opera
1768 4649 2082 4694 cernuntur.
2105 4640 2281 4707 Quare

2386 4638 2522 4710 ψυχῇ
2564 4640 2756 4693 Δαϐιδ·
2793 4642 2939 4694 ταῦθ’
2974 4644 3115 4711 ἅπερ
3159 4639 3357 4692 ἄκοντα
3390 4640 3487 4709 μὲν
3538 4638 3808 4708 οὐδαμῶς,
3860 4636 3938 4697 Cu;

741 4726 1036 4780 clarissime
1064 4726 1165 4779 hoc
1193 4724 1366 4794 ipsum
1393 4725 1535 4794 quod
1568 4727 1696 4778 mihi
1742 4728 1985 4797 contigit,
2028 4732 2288 4798 paucissi-

742 4814 845 4865 mis
868 4814 1039 4868 verbis
1075 4815 1384 4877 declaravit,
1405 4815 1641 4869 animam
1671 4812 1911 4871 Jonathae
1951 4820 2286 4886 conglutinau

742 4915 851 4981 tam
884 4902 1048 4958 fuisse
1081 4908 1271 4961 animae
1312 4906 1505 4973 David;
1533 4910 1665 4976 haec,
1698 4900 1939 4978 inquam,
1970 4926 2088 4979 qum
2118 4911 2282 4968 invita

740 4994 1136 5080 quidemnullo
1168 4999 1328 5051 modo
1371 4999 1579 5067 sejungi
1628 5008 1861 5069 queant,
1912 5011 2100 5071 sponte
2134 5019 2279 5069 vero,

742 5098 848 5137 non
892 5083 1049 5139 facile
1088 5090 1467 5143 assentiamur.
1519 5088 1636 5145 Non
1688 5095 1830 5146 enim
1884 5096 1936 5147 in
1983 5095 2280 5160 deteriore,

736 5177 954 5260 Opinor,
999 5176 1093 5244 qui
1131 5179 1375 5237 moribus
1412 5182 1595 5238 varius
1612 5192 1755 5247 erat,
1773 5195 1827 5239 et
1858 5186 1923 5239 ad
1966 5186 2279 5240 mutandum

743 5268 1050 5333 proclivior,
1073 5282 1351 5324 sacrorum
1386 5275 1587 5329 amoris
1619 5275 1781 5343 hujus
1816 5276 2153 5335 vinculorum
2195 5293 2283 5331 so~

743 5353 959 5410 lutionis
1004 5370 1268 5427 potestas;
1319 5360 1371 5413 in
1420 5375 1528 5429 quo
1573 5366 1691 5419 solo
1732 5381 1831 5421 nec
1878 5369 2163 5439 colligandi
2203 5371 2280 5423 vis

744 5444 894 5499 initio
930 5447 1135 5504 fuerat:
1173 5452 1266 5506 sed
1299 5453 1352 5505 in
1389 5454 1627 5523 meliore,
1661 5461 1752 5528 qui
1787 5472 2039 5517 constans
2070 5471 2184 5516 erat
2217 5478 2281 5517 ac

810 5555 853 5587 "
895 5558 914 5609 ι
943 5557 1071 5629 Reg.
1100 5576 1263 5627 xvut,
1298 5564 1347 5617 l.

935 5672 1226 5755 ῥιπαῖς...
1244 5675 1612 5755 ἐκπεριεῖναι.
1635 5680 1785 5755 Saepe
1811 5686 1986 5749 αὑτός,
2010 5686 2109 5740 hoc
2125 5703 2276 5754 casu,

740 5737 1141 5827 subauditaﬁv
1174 5737 1548 5827 prmpo‘sitione
1581 5737 1813 5827 ponit-ur.
1846 5737 2109 5820 Quod—hie
2131 5737 2277 5827 H.161

741 5813 1041 5893 queruli-agis
1064 5813 1432 5893 placet,quam
1462 5813 1661 5893 φωναῖς
1679 5838 1798 5874 eum
1832 5813 2135 5893 ἐνεφαίνετο
2152 5813 2281 5882 con-

742 5876 898 5931 ιιι-υἱ.
917 5875 1037 5930 Mox
1061 5875 1601 5953 Rhodam-annalium
1612 5875 1821 5962 ρὶιέναι.
1838 5875 2134 5966 εἶναι,

2384 4730 2539 4801 ἔφην,
2564 4734 2885 4803 χωρισθῆναι
2908 4732 3341 4802 ἐκνικηθήσεται,
3362 4734 3554 4785 ἑκόντα
3574 4734 3629 4785 δὲ
3654 4732 3709 4783 οὑ
3738 4729 3931 4799 ῥᾳδίως

2384 4825 2616 4895 θελήσει.
2646 4826 2719 4877 Οὐ
2748 4826 2855 4896 γάρ
2895 4825 2987 4877 ἐπὶ
3027 4823 3103 4893 τῷ
3136 4823 3367 4893 χείρονι,
3402 4822 3584 4895 οἶμαι,
3631 4826 3739 4876 ὖντι
3771 4820 3935 4871 πολυ-

2383 4919 2566 4990 τρόπῳ
2597 4920 2689 4971 καί
2721 4917 3065 4985 εὐκολωτέρῳ
3098 4915 3577 4985 μεταϐουλεύεσθαι
3605 4918 3639 4985 ὴ
3675 4914 3770 4983 τῆς
3803 4914 3937 4969 ἀνει-

2384 5008 2585 5073 λύσεως
2605 5010 2711 5063 τῶν
2740 5009 2897 5079 ἱερῶν
2923 5007 3028 5058 τῶν
3049 5007 3236 5074 φιλίων
3255 5008 3455 5061 τούτων
3470 5006 3679 5076 δεσμῶν
3696 5004 3937 5067 ἐξουσία,

2384 5102 2466 5170 ἐφ’
2507 5094 2657 5171 ᾧπερ
2687 5101 2807 5153 οὐδὲ
2836 5100 2897 5151 τὸ
2928 5098 3322 5169 καταδήσασθαι
3365 5100 3589 5167 ἐγένετο
3628 5096 3722 5165 τὴν
3754 5095 3937 5164 ἀρχὴν

2387 5194 2558 5262 μόναν
2591 5192 2703 5246 ἀλλ’
2736 5192 2828 5244 ἐπὶ
2855 5191 2932 5259 τῷ
2975 5190 3235 5260 κρείττονι
3278 5192 3388 5243 ὄντι
3440 5188 3673 5259 μονίμῳ,
3705 5186 3797 5238 καὶ
3834 5190 3936 5241 οὐκ

2383 5285 2658 5355 εὐσείστῳ,
2684 5284 2767 5352 ἐφ’
2798 5276 2947 5352 ᾧπερ
2970 5284 3061 5335 καὶ
3092 5282 3526 5355 κατεργάσασθαι
3552 5280 3672 5342 τοὺς
3702 5278 3931 5348 δεσμοὺς

2384 5377 2474 5430 καὶ
2499 5377 2561 5428 τὸ
2606 5376 2746 5445 ἱερὸν
2784 5373 2939 5426 τοῦτο
2970 5376 3127 5445 ἆμμα
3180 5376 3371 5446 μᾶλλον
3402 5369 3489 5443 ἦν.
3523 5370 3772 5438 Συνεδὲθη
3801 5373 3961 5440 γοῦν·

2386 5468 2477 5519 καὶ
2504 5468 2606 5519 ὑπὸ
2630 5466 2722 5518 τοῦ
2762 5465 2904 5518 θείου
2933 5466 3087 5535 λόγου
3120 5468 3216 5536 οὐχ
3248 5469 3281 5536 ἡ
3305 5464 3451 5535 ψυχὴ
3497 5459 3653 5514 Δαειδ
3680 5465 3742 5531 τῇ
3784 5464 3933 5535 ψυχῇ

2384 5692 2696 5757 compositis
2719 5734 2732 5755 ,
2762 5691 3015 5762 frequens
3049 5708 3150 5763 pro
3182 5691 3333 5763 ἰέναι.
3377 5687 3467 5744 Sic
3507 5690 3641 5745 infra
3681 5691 3937 5749 invenias

2385 5765 2635 5834 συνεῖναι,
2664 5760 2898 5827 ἀπεῖναι,
2932 5760 3226 5834 προσεῖναι.
3251 5760 3493 5834 lit-most"

2440 5832 2564 5911 ’(Βᾷ)
2695 5836 2913 5911 δίκαι’.-
2936 5830 3009 5886 T6
3046 5836 3093 5911 εἰ
3127 5830 3713 5911 inutile-acceleiidum
3748 5845 3768 5882 :
3823 5832 3935 5889 nisi

2383 5897 2668 5970 peculiaris
2698 5904 2876 5973 aliqua
2900 5904 3099 5967 locutio
3122 5897 3385 5971 Gregorii.
3418 5898 3647 5955 Cultus.
