4094 6354
186 417 336 474 1073

1176 421 1244 476 IN
1291 420 1642 480 ontcsNEu
1683 423 1939 482 ORATIO
1978 412 2426 482 PANEGYRICA.

3271 419 3403 474 Hm

199 531 485 588 Ἶωνάθανο
530 535 758 606 ἔμπαλιν
796 535 852 589 δὲ
890 538 922 606 ή
971 535 1064 588 τοῦ
1105 537 1346 608 χείρονος
1374 539 1519 611 ψυχὴ
1563 540 1750 594 τούτου

1861 542 2078 596 minime
2120 543 2432 609 mutabilis;
2477 557 2573 612 per
2617 555 2776 610 quem
2807 546 2862 593 et
2899 535 3109 591 vincula
3147 549 3404 602 sacerque
3471 565 3476 567 >

183 623 440 678 ’παθοῦσα
467 623 1030 694 συνδεομένηλέγεται
1061 628 1126 696 τῇ
1157 625 1301 698 ψυχῇ
1332 629 1510 682 Δαδίδ.
1545 631 1619 682 Οὺ
1643 631 1749 702 γὰρ

183 713 252 766 τὸ
285 717 561 785 κρεῖττον,
605 714 871 785 αύταρκες
897 714 990 781 ὃν,
1019 717 1189 770 ἐλοιτο
1222 718 1286 770 ἂν
1318 719 1396 788 τῷ
1427 718 1589 773 αὑτοῦ
1625 737 1749 774 συν-

183 803 436 860 δεδέσθαι
467 807 665 876 χείρονι
683 824 697 836 ·
727 807 860 858 ἀλλά
880 807 942 858 τὸ
962 811 1140 877 χεῖρον
1165 810 1483 880 ἐπικουρίας
1505 810 1752 880 δεόμενον

183 898 290 968 τῆς
317 897 467 968 παρά
485 895 579 949 τοῦ
610 897 898 966 βελτίονος,
931 897 1178 951 συνδεθέν
1198 898 1275 969 τῷ
1296 902 1562 971 κρείττονι
1595 921 1755 975 προσ-

185 988 462 1058 ηρτῆσθαι
488 989 685 1060 ἐχρῆν
721 991 808 1041 ἵνα
841 990 901 1042 τὸ
933 990 1059 1060 μὲν,
1092 989 1250 1059 μένον
1279 993 1362 1059 ἐφ’
1392 993 1581 1047 ἐαυτοῦ
1601 1037 1616 1060 ,
1652 1012 1756 1067 μη-

107 1150 113 1154 ,
188 1079 382 1149 δεμίας
415 1079 659 1150 ἀπολά6ῃ
695 1077 895 1149 βλάϐης
925 1082 989 1133 ἐκ
1027 1079 1126 1147 τῆς
1159 1079 1294 1150 πρὸς
1329 1080 1391 1133 τὸ
1429 1084 1757 1152 χεῖρονκοιο

190 1171 426 1234 νωνίας·
481 1171 541 1224 τὸ
584 1171 627 1224 δ’
672 1171 902 1226 ἄτακτον
954 1169 1014 1236 ἐξ
1059 1172 1220 1224 αύτοῦ
1246 1213 1262 1237 ,
1307 1173 1596 1227 καταδεθὲν
1659 1177 1755 1228 καὶ⁹

192 1259 564 1331 συναρμοσθέν
583 1259 665 1332 τῷ
685 1261 968 1333 κρείττονι,
1001 1262 1165 1331 μηδὲν
1195 1262 1398 1334 βλάψαν
1432 1266 1552 1326 ταῖς
1588 1264 1756 1334 ἀνάγ-

191 1367 317 1414 καις
350 1350 455 1403 τῶν
479 1350 692 1423 δεσμῶν
731 1353 866 1423 πρὸς
889 1353 950 1406 τὸ
970 1356 1213 1424 κρεῖττον
1237 1353 1518 1425 ἐκνικηθῇ.
1541 1356 1632 1408 Διὸ
1665 1359 1757 1409 καὶ

193 1436 631 1510 κατεργάζεσθαι
664 1441 759 1510 μὲν
787 1441 916 1504 τοὺς
957 1441 1186 1511 δεσμοὺς
1234 1442 1327 1495 τοῦ
1365 1443 1716 1514 διαφέροντος
1739 1482 1756 1508 ,

191 1530 311 1585 ἀλλ’
346 1531 405 1583 ού
435 1529 530 1582 τοῦ
562 1531 784 1600 ἥττονος
813 1527 911 1602 ἦν’
948 1533 1249 1585 συνδείσθαι
1276 1534 1334 1587 δὲ
1359 1534 1452 1587 τοῦ
1483 1535 1723 1606 χείρονος
1741 1576 1758 1600 ,

193 1623 272 1686 ὡς
298 1622 421 1693 μηδ’
444 1622 691 1687 ἐξουσίαν
719 1622 862 1692 ἔχειν
887 1641 1001 1686 πως
1020 1612 1380 1686 ἀπολελύσθαι
1400 1626 1508 1679 τῶν
1525 1626 1757 1697 δεσμῶν.

193 1713 486 1778 Τοιαύταις
516 1714 653 1766 τισὶν
683 1713 946 1781 ἀνάγκαις
969 1714 1132 1767 Δαῦὶδ
1159 1711 1308 1778 οὗτος
1338 1716 1762 1787 συσφιγξάμενος

195 1803 351 1872 ἡμᾶς
382 1802 515 1873 ἔχει,
547 1801 642 1855 νῦν
671 1819 729 1854 τε
761 1804 855 1857 καὶ
885 1803 942 1871 ἐξ
972 1805 1321 1868 ἐκείνου,ούδ’
1342 1809 1390 1860 εἰ
1417 1807 1757 1878 βουλοίμεθα,

1857 631 1943 683 hic
1969 646 2140 687 nexus
2167 632 2362 686 conﬁci
2383 631 2734 700 copularique
2778 629 2977 683 rectius
3004 634 3231 694 poterat.
3260 623 3403 679 Con-
3455 671 3457 675 ,

1855 721 2118 791 glutinata
2153 731 2237 777 est
2281 722 2447 791 igitur
2485 738 2514 775 a
2567 721 2752 774 divino
2799 733 3048 774 sermone
3088 717 3404 771 non-anima

1859 813 2021 867 David
2053 813 2247 867 anima:
2276 812 2556 878 Jonathaa;
2599 812 2689 866 sed
2716 820 2926 872 contra,
2970 808 3251 863 deterioris
3283 807 3404 860 ani-

1853 918 1943 956 ma
1981 903 2061 956 sic
2096 901 2305 965 affecta,
2343 901 2709 971 conglutinata
2752 899 2947 954 dicitur
2986 897 3177 950 anima:
3216 894 3402 956 David.

1854 992 1963 1048 Nec
1986 993 2132 1046 enim
2163 1008 2290 1062 pars
2311 994 2506 1061 potior,
2531 1008 2654 1047 cum
2683 992 2783 1044 sibi
2810 1005 2906 1059 per
2931 1005 2986 1044 se
3013 990 3126 1058 ipsa
3155 987 3404 1048 sntliciat,

1855 1082 2110 1138 deteriori
2135 1098 2194 1138 se
2215 1083 2807 1154 agglutinariycuperet;
2832 1080 2924 1135 sed
2944 1079 3257 1132 deteriorem
3284 1092 3406 1145 quae

1854 1189 1958 1242 ope
1987 1174 2187 1243 indiget
2225 1173 2486 1238 melioris,
2533 1189 2561 1228 a
2608 1173 2816 1242 potiore
2858 1169 3274 1239 mnglutinatam
3312 1168 3407 1220 de:-
3472 1236 3475 1238 Ι

1860 1261 2094 1330 pendere
2121 1264 2390 1332 oportuit:
2411 1273 2470 1319 ut
2495 1264 2606 1317 haec
2629 1249 2844 1331 quidem
2872 1261 2926 1314 in
2948 1276 3006 1314 se
3029 1260 3141 1329 ipsa
3161 1273 3404 1322 manens,

1855 1356 2120 1409 damnum
2155 1356 2363 1409 nullum
2404 1371 2468 1409 ex
2515 1354 2802 1410 deterioris
2843 1353 3222 1407 communione
3248 1365 3407 1421 cape-

1858 1456 1967 1498 ret:
2005 1461 2128 1514 quze
2161 1445 2340 1500 autem
2367 1462 2432 1500 ex
2461 1430 2520 1501 se
2543 1444 2896 1513 incomposita
2922 1451 3060 1504 erat.
3081 1441 3327 1509 colligata
3354 1449 3408 1493 et

1858 1536 2150 1604 conjuncta
2175 1546 2298 1592 cum
2339 1537 2569 1606 potiore,
2595 1535 2726 1588 nihil
2761 1535 2893 1602 ipsa.
2922 1532 3179 1592 obiciens,
3216 1530 3408 1584 vincu-

1859 1623 2032 1677 lorum
2064 1641 2187 1679 eum
2212 1640 2276 1680 ea
2311 1629 2450 1680 nexu
2471 1634 2526 1679 et
2557 1624 2875 1685 necessitate
2894 1622 3216 1676 vinceretur.
3253 1608 3424 1674 Unde-

1862 1715 2074 1769 vincula
2104 1714 2325 1782 inferre,
2362 1715 2750 1790 pmstantioris
2773 1723 2911 1780 erat,
2950 1726 3058 1776 non
3105 1709 3402 1775 inferioris;

1862 1804 2186 1874 agglutinari
2217 1813 2418 1870 autem,
2450 1803 2766 1870 deterioris;
2799 1803 2872 1858 ita
2899 1801 3140 1872 quidem,
3183 1809 3243 1854 ut
3284 1800 3406 1851 vin-

181 1892 307 1945 ’τῶν
337 1892 548 1962 δεσμῶν
580 1892 743 1946 αὐτοῦ
786 1893 1035 1948 λελύσθαι
1068 1894 1412 1966 δυναμένους.
1455 1898 1530 1950 Ού
1560 1897 1756 1959 τοίνυν,

1861 1897 1999 1951 culis
2044 1897 2294 1966 expedire
2323 1912 2399 1952 se
2441 1897 2840 1966 quodammodo
2879 1911 2987 1949 non
3037 1903 3241 1963 posset.
3291 1890 3408 1945 Tali

201 1983 298 2034 καὶ
328 1982 378 2034 εί
399 1981 867 2052 ἀποδημήσαιμεν,
897 1983 1086 2054 ἀνήσει
1108 1985 1202 2047 τὰς
1228 1985 1400 2054 ψυχὰς
1428 1984 1600 2056 ἡμῶν,
1618 1987 1757 2047 κατά

197 2073 258 2126 τι
282 2073 428 2126 θεῖον
458 2073 687 2143 γράμμα
716 2072 856 2143 ἔχων
885 2073 1030 2130 οὕτω
1060 2075 1457 2146 συνδεδεμένας.

1808 2005 1818 2019 ν
1859 1988 2094 2058 quodam
2125 1987 2462 2044 necessitatis
2488 2003 2626 2041 nexu
2649 1985 2815 2041 David
2849 1986 2936 2039 hic
2961 2001 3060 2040 nos
3084 1985 3410 2054 astringens,

1857 2093 1923 2132 ex
1961 2093 2026 2132 eo
2067 2087 2307 2147 tempore
2343 2087 2528 2147 captos
2573 2087 2738 2143 tenet,
2762 2093 2880 2132 nec
2921 2077 2969 2130 si
3010 2077 3257 2140 velimus,
3285 2075 3407 2142 ejus

188 2166 431 2220 vinculis
469 2165 703 2219 eximere
741 2182 842 2222 nos
871 2168 1128 2225 valentes.
1159 2168 1267 2224 Nec
1291 2169 1453 2239 igitur
1490 2170 1535 2226 si
1560 2169 1839 2236 abeamus,
1867 2173 2130 2231 relaxabit
2153 2174 2616 2244 anignasnmstras.
2640 2190 2797 2243 quas,
2817 2161 2969 2242 juxta
3002 2171 3237 2226 divinam
3262 2168 3410 2223 Scri~

194 2268 436 2334 pturam,
459 2260 852 2328 conglutinatas
884 2262 963 2317 sic
985 2272 1145 2317 tenet.

271 2355 345 2406 Z'.
384 2354 526 2423 Πλὴν
554 2351 725 2418 οὕτως
756 2356 901 2426 ἡμᾶς
944 2357 1004 2423 ἐξ
1034 2359 1206 2428 ἀρχῆς
1241 2357 1372 2410 ἐλὼν
1395 2399 1410 2424 ,
1444 2358 1538 2413 καὶ
1584 2358 1762 2415 πάντα
1805 2347 1813 2356 ’

199 2445 400 2515 τρόπον
429 2445 788 2516 ἐκπεριελθὼν
807 2485 824 2510 ,
848 2449 1032 2518 ἐπειδὴ
1063 2451 1260 2519 ῆνυστο
1288 2450 1437 2520 αὐτῷ
1467 2451 1526 2504 τὸ
1558 2452 1758 2516 πλεῖόν,

205 2536 302 2588 καὶ
336 2535 504 2605 μένειν
532 2537 736 2602 ἐδόκει,
769 2536 1079 2594 τούντεῦθεν
1098 2579 1112 2602 ,
1145 2541 1330 2611 ὥσπερ
1367 2543 1421 2594 εί
1447 2560 1530 2606 τις
1560 2543 1780 2612 ἀγαθὸς

202 2626 444 2696 γεωργὸς
468 2627 569 2697 γῆν
595 2630 773 2700 ἀργήν
803 2647 954 2695 τινα,
988 2632 1083 2683 καὶ
1114 2631 1230 2701 Ιίιτοι
1271 2632 1388 2684 οὐδὲ
1419 2631 1628 2700 εὔγειον
1671 2635 1761 2687 ού-

196 2717 387 2787 ᾶαμῶς
405 2757 422 2783 ,
452 2718 585 2774 ἀλλά
614 2719 1007 2791 τινα-ἁλμυρὰν
1034 2722 1127 2773 καὶ
1159 2722 1523 2794 κεκαυμένην,
1556 2715 1760 2776 ὑπόπε-

198 2809 333 2882 τρόν
362 2825 420 2862 τε
450 2811 543 2864 καὶ
583 2809 863 2882 ψαφαράν,
888 2811 921 2882 ἢ
950 2812 1010 2864 οὐ
1041 2811 1214 2882 πάντη
1247 2812 1346 2883 μὲν
1376 2813 1574 2884 ἄφορον
1592 2851 1608 2876 ,
1639 2812 1759 2866 οὺδέ

198 2917 264 2968 γε
298 2900 481 2971 ἀφυῆ,
526 2902 659 2956 ἀλλά
687 2903 779 2956 καὶ
820 2898 1062 2975 πολυφυῆ
1111 2903 1240 2974 μὲν,
1286 2903 1477 2975 χέρσον
1511 2903 1567 2956 δὲ
1611 2905 1760 2974 ὅμως

199 2991 299 3046 καὶ
351 2992 732 3064 ἠμελημένην,
791 2995 1051 3058 ἀκάνθαις
1118 2996 1211 3048 καὶ
1274 2995 1498 3066 θάμνοις
1549 2996 1759 3064 ἀγρίοις

197 3082 657 3154 ἐστρυφνωμένην
705 3086 796 3137 καὶ
834 3085 1101 3156 δυσεργῆο
1144 3087 1177 3157 ἢ
1220 3081 1308 3144 οἷά
1346 3105 1430 3151 τις
1461 3087 1760 3159 φυτουργὸς

198 3174 338 3245 ἀνὴρ
364 3175 548 3243 φυτὸν,
577 3164 690 3245 ἦτοι
715 3176 922 3248 ἄγριον,
952 3179 1048 3230 καὶ
1075 3179 1299 3249 καρπῶν
1321 3181 1540 3252 ἡμέρων
1561 3181 1759 3252 ἀφορον
1789 3206 1829 3263 C

201 3267 324 3343 μὲν,
341 3267 404 3319 ού
427 3266 534 3337 μὴν
553 3267 728 3338 πάντη
751 3270 1019 3340 ἄχρηστον
1039 3286 1050 3300 ⁸
1079 3270 1133 3322 ετ
1152 3288 1236 3333 τις
1256 3272 1418 3346 τέχνῃ
1435 3276 1501 3344 τῇ
1525 3291 1757 3345 φυτουρ-

197 3359 331 3428 γικῇ
362 3357 540 3426 φέρων
578 3357 802 3427 βλαστὸν
833 3360 1037 3433 ἥμερον
1068 3362 1418 3431 ἐμφυτεύσει,
1449 3366 1609 3435 μέσον
1647 3366 1761 3436 σχίη

203 3466 306 3512 σας
324 3489 340 3512 ,
358 3444 476 3503 εἶτα
505 3466 570 3502 συ
578 3450 794 3520 μόαλὼν
822 3454 916 3506 καὶ
944 3454 1240 3524 συνδήσαςζ
1261 3452 1419 3526 ἄχρις
1439 3455 1504 3508 ἂν
1526 3456 1760 3526 συμωύ-

213 3552 383 3606 σαντα
419 3537 493 3600 ὡς
538 3537 648 3608 (85)
684 3539 850 3610 ἄμφω
891 3542 1153 3614 τρέφηται
1186 3539 1344 3608 (οὕτω
1387 3541 1496 3614 γὰρ
1534 3544 1598 3597 ἂν
1630 3544 1758 3606 ἴδοις

210 3624 421 3698 δένδρον
456 3646 511 3680 τι
557 3631 858 3698 συμμιγὲς,
903 3634 992 3692 καὶ
1038 3632 1188 3686 νόθον
1233 3634 1361 3704 μὲν,
1395 3634 1662 3705 εὔκαρπον
1701 3635 1756 3688 δὲ

125 3789 127 3791 _
208 3717 271 3784 ἐξ
285 3719 552 3806 ἀκάρπου,
569 3722 811 3791 καρποὺς
835 3722 1014 3786 ἐλαίας
1039 3724 1137 3794 τῆς
1152 3725 1319 3795 καλῆς
1347 3726 1436 3778 ἐπὶ
1459 3724 1618 3793 ῥιζῶν
1640 3727 1758 3778 ἀνα-

203 3811 376 3881 φέρον
410 3812 644 3883 ἀγρίων·
686 3812 720 3884 ἢ
759 3813 943 3883 ἄγριον
986 3815 1102 3884 μὲν,
1132 3817 1195 3869 οὐ
1227 3809 1330 3889 μὴν
1367 3817 1631 3888 ἄχρηστον
1663 3818 1757 3870 ἀν-

196 3903 288 3972 δρὶ
315 3903 527 3975 τεχνίτῃ
554 3905 838 3975 φυτουργῷ
856 3921 869 3933 ·
897 3903 930 3974 ἢ
958 3905 1051 3957 καὶ
1079 3907 1282 3976 ἥμερον
1326 3908 1446 3978 μὲν,
1489 3907 1757 3980 εὔκαρπον

194 3991 259 4045 δὲ
301 3992 574 4070 ἄλλως,ιῆ
617 3995 819 4066 ἀπορίᾳ
862 3994 1054 4065 τέχνης
1101 3997 1258 4050 πάλιν
1298 3998 1619 4052 ἀκλάδευτον
1665 4000 1758 4052 καὶ

196 4083 492 4139 ἀπύτιστον
511 4085 603 4138 καὶ
623 4086 921 4158 αὐχμηρὸν,
938 4086 1254 4156 πνιγόμενον
1275 4089 1378 4141 ὑπὸ
1396 4089 1502 4143 τῶν
1514 4093 1635 4159 ,ἐκεῖ
1649 4090 1755 4162 (84)

197 4174 419 4229 πολλῶν
441 4176 532 4230 καὶ
565 4178 828 4249 περιττῶν
855 4178 1198 4248 ἐκφυομένων
1227 4179 1497 4248 βλαστῶν·
1531 4183 1759 4237 τελειοῦν

199 4267 334 4321 σθαι
363 4264 422 4318 δὲ
444 4269 511 4335 τῇ
540 4266 758 4340 βλάστῃ,
785 4271 877 4323 ml.
910 4270 1089 4338 φέρειν
1125 4269 1214 4322 τὸν
1246 4272 1451 4341 καρπὸν
1479 4275 1568 4326 ὑπ’
1602 4275 1760 4345 ἀλλή-

205 4361 312 4412 λων
369 4356 829 4429 ἐμποδιζόμενον)·
879 4359 1145 4424 τοιούτους
1202 4360 1350 4424 τινάς
1413 4366 1757 4434 παραλαϐὼν,

207 4449 302 4503 καὶ
327 4448 491 4522 τέχνῃ
515 4448 707 4502 ἐαυτοῦ
740 4452 805 4520 τῇ
834 4453 1109 4522 γεωργικῇ
1153 4450 1442 4522 ἐκπεριιὼν
1465 4454 1557 4507 καὶ
1590 4471 1758 4508 κατα-

1936 2359 2046 2415 νη.
2100 2361 2362 2418 Caeterum
2415 2378 2539 2419 cum
2588 2363 2663 2416 ita
2716 2377 2815 2416 nos
2862 2360 2931 2415 ab
2988 2359 3143 2413 initio
3181 2357 3410 2439 cepisset
3516 2403 3518 2405 .

1864 2453 2121 2523 omnique
2159 2467 2223 2507 ex
2269 2462 2418 2523 parte
2450 2452 2932 2513 circumvallasset,
2973 2447 3405 2518 quandoquidem

1865 2545 2009 2612 quod
2044 2543 2223 2613 potius
2249 2553 2382 2608 erat,
2403 2544 2516 2612 jam
2538 2541 2832 2611 perfectum
2854 2549 2991 2602 erat,
3023 2549 3076 2594 et.
3101 2540 3258 2594 nobis
3289 2553 3409 2597 nia-2

1864 2647 1995 2687 nere
2018 2632 2328 2698 collibebat;
2362 2631 2638 2700 deinceps,
2678 2637 2934 2699 tanquam
2979 2628 3024 2681 si
3058 2627 3234 2683 bonus
3254 2624 3400 2691 quis-

1871 2719 2015 2790 piam
2054 2721 2292 2794 agricola
2321 2731 2516 2776 terram
2541 2730 2948 2792 vacuamatqne
2987 2720 3239 2776 otiosam.
3259 2729 3407 2767 cam-

1864 2826 1971 2880 que
2007 2825 2108 2865 nec
2136 2809 2364 2867 fertilem
2391 2828 2636 2882 prorsus,
2663 2812 2754 2867 sed
2779 2811 3166 2880 salsuginosam
3192 2815 3246 2860 et
3273 2806 3407 2858 adu-

1865 2911 2026 2970 stam,
2057 2904 2312 2974 saxisque
2331 2913 2386 2959 et
2405 2921 2568 2960 arena
2588 2905 2816 2959 obsitam
2832 2910 2963 2968 ;.aut
2985 2915 3091 2954 non
3111 2900 3267 2969 plane
3287 2899 3410 2966 qui-

1863 2995 1984 3048 dem
2012 2995 2273 3062 sterilem,
2313 3010 2413 3050 nec
2458 2996 2700 3058 inertem,
2739 2994 2842 3047 sed,
2869 2982 3068 3047 natura
3109 2990 3406 3060 praestanti,

1867 3099 2051 3139 verum
2082 3085 2338 3140 incultam
2370 3093 2528 3154 atque
2555 3084 2873 3154 neglectam,
2913 3084 3084 3154 spinis
3118 3085 3413 3137 hazrenteln

1864 3176 2304 3246 silvestribusque
2353 3175 2606 3239 dumetis,
2659 3190 2724 3229 ac
2774 3175 2992 3229 minime
3034 3173 3436 3234 tractabilem;

1865 3269 1957 3315 aut
1976 3257 2445 3328 quemadmodum,
2473 3257 2517 3312 si
2543 3269 2692 3314 sator
2715 3258 2912 3327 aliquis
2933 3258 3171 3329 plantam
3195 3258 3308 3311 sive
3326 3270 3410 3307 aro

1864 3351 2047 3406 borem
2076 3356 2362 3416 agrestem,
2380 3361 2441 3406 ac
2463 3345 2670 3401 fructus
2693 3348 2897 3402 scilicet
2921 3361 3114 3399 suaves
3146 3359 3254 3397 non
3281 3359 3407 3412 pro-

1863 3439 2140 3503 ferentem,
2169 3452 2265 3492 nec
2297 3449 2471 3492 tamen
2501 3453 2722 3508 prorsus
2751 3435 2989 3488 inutilem
3031 3441 3240 3496 nactus,
3269 3431 3403 3483 sati-

1863 3544 1941 3582 va:
1972 3543 2179 3580 ramum
2215 3537 2329 3581 arte
2376 3542 2472 3581 sua
2510 3528 2729 3586 inserat,
2772 3523 2998 3576 mediam
3045 3521 3186 3575 illam
3221 3519 3430 3580 .dillins

1861 3620 2023 3686 dens,
2065 3635 2129 3672 ac
2165 3618 2355 3672 deinde
2395 3616 2734 3674 committens
2786 3622 2840 3666 et
2891 3612 3166 3682 colligatis,
3225 3608 3406 3678 quoad

1863 3710 2089 3766 humore
2107 3712 2439 3766 coalescente
2460 3707 2631 3761 amba:
2649 3705 2807 3759 simul
2824 3705 3130 3759 adolescant
3143 3701 3242 3773 (sic
3259 3701 3404 3756 enim

1863 3805 2080 3862 mistam
2110 3804 2353 3858 arborem
2381 3814 2519 3867 saepe
2550 3798 2752 3860 videas,
2781 3805 2874 3850 aut
2899 3796 3136 3866 spuriam
3162 3794 3409 3862 quidem,

1862 3905 1916 3949 at
1959 3895 2187 3949 fertilem
2233 3909 2299 3948 ex
2344 3889 2677 3948 infructuosa
2718 3889 2957 3957 factam,
2999 3887 3234 3958 pulchrae
3276 3886 3408 3940 olea:

1863 3983 2070 4038 fructus
2099 3985 2150 4036 in
2178 3980 2476 4051 agrestibus
2505 3980 2772 4033 radicibus
2805 3979 3072 4043 alentem;
3120 3985 3212 4029 aut
3249 3988 3403 4042 agter
3515 4006 3518 4009 λ

1863 4086 1996 4131 stem
2025 4088 2238 4144 quoque
2263 4086 2370 4124 non
2399 4069 2637 4124 inutilem
2666 4063 2930 4122 redditam
2957 4064 3219 4118 industrio
3252 4062 3403 4114 coloq

1863 4183 1934 4221 no
1959 4182 1974 4231 ;
2007 4173 2099 4217 aut
2121 4162 2344 4216 sativam
2371 4161 2622 4231 denique,
2654 4167 2708 4214 et
2734 4157 2956 4212 fertilem
2989 4153 3140 4223 alias,
3166 4150 3257 4202 sed
3282 4162 3402 4216 quae

1863 4257 1992 4311 artis
2031 4254 2240 4314 delectu
2283 4268 2390 4309 non
2432 4261 2636 4323 putata,
2663 4262 2888 4304 exsucca
2917 4259 2980 4298 ac
3009 4240 3272 4311 squalida,
3294 4253 3402 4307 pra:

1862 4347 2045 4400 multis
2078 4346 2131 4398 in
2166 4359 2228 4399 ea
2257 4343 2539 4413 superﬂuis
2571 4340 2777 4394 adnatis
2799 4334 3030 4390 surculis
3055 4329 3407 4402 praefocetur;

1861 4435 2326 4491 deacuminatione
2348 4450 2412 4488 ac
2433 4428 2816 4502 germinatione
2837 4441 2960 4480 mox
2988 4424 3188 4494 perlici,
3217 4432 3270 4475 et
3300 4420 3406 4490 l'ru—

184 4542 341 4599 ,νοῶν
382 4513 556 4593 ’.τά
600 4513 1052 4613 πᾶσινννὸρώμενα
1083 4513 1239 4614 μόνον
1271 4513 1366 4594 καὶ
1391 4545 1448 4596 ἐν
1476 4546 1760 4618 ἐπιφανείᾳ

1862 4537 1981 4582 ctus
2018 4528 2167 4593 dare,
2201 4527 2291 4596 qui
2326 4541 2357 4578 a
2402 4519 2711 4575 redundanti
2738 4517 2890 4587 copia
2924 4513 3400 4585 impediebantur};

202 4631 546 4702 βλεπόμενα·
589 4629 894 4701 ἀνορύττων
932 4633 988 4685 δὲ
1026 4635 1117 4687 καὶ
1158 4635 1264 4688 τῶν
1296 4633 1584 4691 ὲνδοτάτων
1628 4638 1760 4690 ἁπο-

1861 4619 1994 4673 tales
2026 4618 2114 4674 ille
2167 4631 2264 4669 nos
2292 4626 2599 4672 assumens,
2635 4617 2690 4662 et
2729 4608 2884 4678 quasi
2927 4604 3129 4661 rustica
3171 4604 3402 4673 quadam

196 4721 562 4795 πειρώμενος,
589 4720 806 4792 ἐρωτῶν
824 4724 922 4775 καὶ
949 4725 1242 4795 προτείνων
1272 4724 1363 4797 καὶ
1383 4726 1760 4797 ἀποκριναμέ-

196 4831 312 4866 νων
356 4813 589 4876 ἀκούων,
617 4808 802 4880 ἐπειδὴ
845 4814 1135 4884 κατενόησέ
1165 4833 1215 4868 τι
1247 4815 1344 4867 οὐκ
1369 4813 1634 4884 ἄχρηστον
1666 4816 1758 4868 καὶ

198 4902 480 4972 ἀνωφελὲς
520 4902 611 4956 καὶ
643 4901 898 4971 ἀνήνυτον
926 4902 982 4953 ἐν
1015 4904 1164 4973 ἡμῖν,
1208 4903 1476 4969 ἐσκαλλεν,
1505 4905 1759 4976 ἀνέστρε-

197 5012 329 5063 φεν,
368 4993 634 5059 ἐπότιζεν,
672 4993 838 5047 ἐκίνει
881 4980 1073 5055 πάντα,
1122 4995 1335 5050 ἃπασαν
1377 4996 1616 5066 προσῆγε
1663 4995 1759 5067 τὴν

194 5087 341 5157 παρ’
373 5087 537 5141 αὑτοῦ
562 5086 754 5158 τέχνην
785 5085 878 5138 καὶ
901 5084 1230 5154 ἐπιμέλειαν,
1256 5088 1348 5145 καὶ
1374 5088 1761 5160 κατειργάζετο

196 5177 390 5249 ἡμᾶς·
426 5178 662 5243 ἀκάνθας
707 5177 804 5248 μὲν
848 5175 941 5228 καὶ
971 5175 1246 5245 τριόόλους
1284 5179 1377 5232 καὶ
1419 5180 1524 5232 πᾶν
1562 5171 1758 5232 τὸτῶν

198 5266 418 5337 ἀγρίων
459 5268 613 5336 γένος
655 5267 885 5339 βοτανῶν
933 5266 966 5337 ἢ
1010 5267 1208 5336 φυτῶν,
1252 5271 1378 5324 ὅσον
1426 5270 1760 5340 ὑλομανοὼα

196 5358 495 5426 ἀνέπεμπε
517 5349 610 5413 καὶ
630 5361 865 5415 ἀνεδίδου
888 5357 1075 5428 σεσοὸη
1085 5357 1216 5429 μένη
1245 5361 1278 5430 ἡ
1307 5361 1450 5434 ψυχὴ
1473 5360 1626 5433 ἡμῶν
1653 5354 1760 5433 (οἷα

285 5483 402 5573 (ξό)
415 5487 847 5573 ξύμβλιξσαζτα
866 5491 946 5556 ὡς
963 5489 1038 5543 ἄν
1053 5489 1197 5573 ρετ).
1217 5488 1392 5573 Malim
1413 5486 1762 5573 συμφύσαντα

197 5560 290 5620 είς
314 5557 394 5618 ἐν,
423 5556 504 5608 vel
519 5556 594 5619 ὡς
624 5559 700 5611 ἐν.
725 5556 1257 5628 missum—Optime
1286 5559 1428 5622 ὼςὲν
1447 5577 1460 5613 :
1479 5556 1578 5626 sic,
1602 5570 1660 5614 ut
1687 5562 1761 5624 ὼς

201 5629 292 5685 vel
326 5639 426 5698 pro
462 5634 730 5693 tanquam,
755 5630 840 5682 vel
873 5647 967 5698 pro
986 5632 1064 5693 εἰς
1089 5633 1142 5682 in
1173 5629 1337 5696 accipi
1366 5632 1551 5696 possit.
1579 5629 1761 5696 Neque

203 5693 604 5768 “Miconas
635 5711 741 5749 non
784 5693 1099 5754 mutandum
1134 5693 1341 5768 videtur
1366 5693 1388 5751 “;
1426 5715 1547 5751 nam
1586 5693 1759 5767 βλύζω

203 5764 330 5832 sive
360 5764 507 5841 βλύω
537 5764 773 5823 alienum
806 5779 906 5824 cst.
961 5770 1066 5824 Sed
1114 5765 1461 5833 συιιφύσαντα
1487 5764 1609 5840 plus
1641 5785 1757 5825 mu-

1857 4718 1971 4762 arte
2003 4724 2122 4773 sua,
2155 4707 2392 4760 lustrans
2429 4716 2490 4753 ac
2516 4701 2731 4769 penitus
2772 4698 3164 4765 introspiciens,
3196 4710 3299 4746 non
3339 4708 3402 4743 ea

1857 4802 2028 4856 solum
2047 4816 2166 4870 qua:
2187 4797 2425 4851 omnium
2457 4794 2630 4847 oculis
2661 4801 2839 4861 patent
2858 4799 3017 4858 atque
3044 4789 3095 4839 in
3124 4783 3402 4852 superﬁcie

1855 4901 2164 4952 cernuntur,
2195 4884 2286 4939 sed
2308 4883 2468 4937 altius
2501 4882 2754 4938 ell‘odiens
2781 4889 2832 4933 et
2853 4879 3040 4932 intima
3061 4878 3399 4944 pertentans;

1859 4985 2191 5049 interrogans
2211 4984 2262 5030 et
2283 4990 2608 5045 proponens,
2636 4970 3118 5041 respondentesque
3147 4961 3396 5049 audiens;

1862 5082 1920 5126 ut
1948 5047 2196 5137 cognovit
2222 5064 2423 5132 aliquid
2451 5077 2557 5116 non
2585 5057 2952 5128 inlrugil‘erum
2977 5065 3073 5108 nec
3099 5047 3284 5099 inutile
3309 5052 3402 5137 aut

1863 5163 2070 5215 irritum
2101 5158 2153 5210 in
2178 5156 2332 5210 nobis
2361 5169 2481 5208 esse
2501 5194 2515 5216 ,
2555 5161 2668 5208 tum
2703 5150 2966 5217 subigere,
3002 5144 3260 5195 invertere
3281 5177 3295 5200 ,
3338 5135 3402 5187 ir-

1863 5255 2067 5322 rigare,
2109 5249 2301 5314 omnia
2339 5260 2590 5309 movere,
2642 5255 2853 5295 omnem
2899 5235 3202 5325 admovere.
3229 5235 3400 5323 artem

1862 5357 2012 5396 suam
2031 5354 2093 5392 ac
2110 5353 2314 5401 curam,
2354 5334 2647 5401 seduloque
2672 5339 2918 5382 exercere
2943 5335 3040 5373 nos
3070 5325 3259 5383 cmptt;
3295 5329 3399 5382 spi-

1871 5499 1976 5551 tat,
2011 5501 2172 5556 quam
2207 5486 2251 5540 si
2290 5487 2434 5556 legas
2456 5474 2980 5556 procupﬂécavea,
3005 5465 3402 5556 permutata

1867 5531 2614 5627 ἷιᾟίίιέ’ἑῦμῐρξάδοῖνέἆζίιι
2651 5531 2977 5627 iiuadrabi't‘,
3008 5531 3073 5591 'si
3111 5538 3216 5588 vim
3258 5531 3404 5587 verbi

1869 5611 2014 5698 βρύω
2046 5611 2513 5698 'cum'compusitis
2540 5611 2870 5698 expeittleris.
2913 5611 3150 5698 Benace:

1936 5669 2964 5766 (gdf’EiceviTDengelius,stchclium
2999 5687 3230 5738 secutus,
3261 5669 3409 5743 εικῆ.
