4094 6354
205 415 353 474 1077

1213 418 1278 475 ΙΝ
1316 418 1672 489 ΟΒΙΕΕΝΕΜ⁴
1703 416 1959 477 ORATIO
1997 419 2449 477 PANEGYRICA.

3290 415 3423 479 i078

199 550 356 589 mv.
389 534 569 599 οὕτω,
599 536 696 606 μὲν
735 534 794 587 τὸ
826 504 951 606 περὶ
982 535 1080 597 τὰς
1103 534 1275 599 λέξεις
1304 524 1544 599 καὶτοὺς
1572 535 1729 604 λόγου

1834 593 1836 598 _
1866 544 1975 598 net,
1993 550 2069 616 ac
2102 534 2169 591 de
2211 535 2294 587 his
2327 533 2575 609 primum
2601 529 2772 584 tidem
2786 528 2941 584 nobis
2997 529 3131 599 ipsis
3157 527 3424 598 faciendo,

194 625 447 697 κριτικὸν
492 625 647 698 ήμῶν
688 615 1012 697 ἧς”ψυχῆς
1072 624 1233 697 μέρος
1268 626 1501 694 λογικῶς
1544 623 1761 690 ἐξεπαι-

191 716 386 779 δεύετο
408 735 421 749 ο
453 719 514 772 οὐ
560 717 701 771 κατά
743 716 840 782 τὰς
874 717 1050 771 καλῶν
1083 718 1327 790 ρητόρων
1357 717 1587 790 κρίσεις,
1620 718 1673 770 εί
1708 734 1763 770 τι

202 808 520 880 Ἑλληνικὸν
565 808 599 880 ἢ
639 808 907 881 βάρὸαρόν
953 812 1068 862 ἐστι
1108 812 1174 881 τῇ
1227 812 1376 880 φωνῇ
1437 807 1519 879 (τὸ
1571 809 1762 879 μικρὸν

188 899 358 954 τοῦτο
378 900 474 953 καὶ
502 901 603 954 οὐκ
624 903 921 971 ἀναγκαῖον
957 902 1231 974 μάθημα),
1264 901 1399 956 ἀλλά
1420 900 1577 955 τοῦτο
1600 904 1763 955 πᾶσιν

192 991 619 1059 ἀναγκαιότατον
652 993 873 1064 Ἕλλησί
907 1011 968 1047 τε
998 995 1095 1047 καὶ
1137 994 1432 1067 βαρϐάροις
1464 994 1557 1047 καὶ
1582 996 1762 1061 σοφοῖς

192 1082 285 1135 καὶ
312 1080 565 1149 ἰδιώταις,
588 1086 681 1137 καὶ
709 1084 844 1147 ὅλως
871 1084 979 1154 (ἵνα
1014 1084 1087 1154 μὴ
1124 1086 1332 1155 μακρὰς
1354 1085 1437 1156 εῐη
1469 1102 1557 1155 μοι
1572 1084 1756 1152 λόγος,

188 1175 428 1239 ἑκάστας
469 1170 661 1247 τέχνας
705 1178 798 1231 καὶ
849 1177 1253 1247 ἐπιτηδεύματα
1299 1175 1548 1248 ἐπεξιὼν)
1594 1178 1758 1230 πᾶσιν

187 1266 502 1338 ἀνθρώποις
531 1272 644 1331 τοῖς
682 1268 919 1322 ὁντινοῦν
969 1269 1078 1337 βίον
1114 1268 1413 1338 ἐλομένοιςσ
1449 1269 1501 1321 εί
1526 1270 1755 1337 γεπᾶσι

184 1358 302 1424 τοῖς
346 1361 475 1431 περὶ
501 1362 821 1433 ὁτουδήποτε
856 1359 1347 1431 κοινολογουμένοις
1389 1358 1540 1430 μέλει
1574 1376 1633 1411 τε
1663 1360 1754 1413 καὶ

184 1452 607 1509 διεσπούδασται
662 1452 736 1524 μὴ
762 1451 1094 1521 ἠπατῆσθαι.

1862 626 1936 680 ita
1964 625 2183 680 demum
2210 622 2567 678 cxteriovibus
2593 622 2842 677 assentiri
2871 631 2925 677 et
2957 622 3023 677 de
3056 622 3280 693 singulis
3306 639 3422 692 pro-

1863 716 2112 769 nuntiare
2132 714 2373 769 docebat.
2400 712 2555 767 Hunc
2579 713 2741 781 igitur
2764 714 2816 767 in
2843 713 3063 779 modum
3090 729 3212 783 pars
3233 704 3426 770 animae

1864 816 2099 869 nostrae,
2146 820 2267 874 qua:
2309 804 2451 859 circa
2500 818 2660 857 voces
2707 818 3119 873 sermonemque
3159 804 3423 875 judicium

1863 907 2097 963 exercet,
2121 897 2417 952 secundum
2446 897 2707 950 rationem
2738 896 3110 961 erudiebatur;
3139 914 3243 952 non
3270 900 3426 968 juxta

1864 990 2201 1059 egregiorum
2236 988 2511 1042 rhetorum
2538 987 2739 1055 judicia
2764 1025 2778 1047 ,
2816 987 2860 1039 si
2890 988 3019 1056 quid
3050 989 3421 1056 Gmcanicum

1864 1092 1959 1135 aut
1986 1079 2274 1135 barbarum
2304 1080 2419 1135 voci
2446 1079 2591 1145 insit,
2625 1078 2818 1134 exilem
2854 1080 2997 1134 illam
3028 1090 3081 1137 et
3105 1097 3212 1135 non
3241 1097 3421 1136 neces-

1863 1172 2063 1227 sariam
2088 1170 2445 1239 discipliuam,
2487 1171 2579 1225 sed
2617 1170 2755 1224 hanc
2777 1170 3027 1225 omnibus
3050 1180 3103 1226 et
3135 1170 3333 1226 Graecis
3365 1181 3419 1226 et

1863 1261 2129 1327 barbaris,
2155 1270 2209 1315 et
2247 1262 2581 1330 sapientibus
2627 1270 2681 1315 et
2708 1261 2907 1323 idiotis,
2949 1271 3001 1317 et
3022 1261 3111 1327 (ne
3138 1270 3279 1316 artes
3303 1263 3415 1341 sin-

1859 1355 2013 1424 gulas
2050 1368 2115 1408 ac
2156 1353 2332 1407 studia
2363 1353 2731 1408 enumerando
2770 1352 2871 1406 sim
2902 1353 3131 1424 longior)
3165 1355 3415 1409 omnibus

1858 1445 2205 1510 hominibus,
2261 1445 2622 1514 quodcunque
2666 1446 2789 1498 vitae
2844 1461 3014 1512 genus
3074 1448 3410 1518 delegerint,

182 1544 431 1615 apprime
488 1545 889 1609 necessariam;
944 1543 1209 1617 siquidem
1258 1539 1510 1619 omnibus
1563 1538 1631 1594 de
1669 1550 1992 1608 quacunque
2042 1548 2100 1590 re
2145 1550 2324 1592 sermo
2385 1538 2715 1605 instituatur,
2793 1555 2935 1595 curae
2979 1550 3061 1596 est
3108 1558 3172 1600 ac
3209 1544 3410 1609 studio,

188 1652 300 1691 non
333 1636 527 1707 decipi.
1206 1636 1215 1647 “
1275 1672 1280 1681 -

254 1731 340 1787 H’.
372 1731 481 1786 Καὶ
516 1730 756 1802 μὴ,τοῦθ’
789 1731 925 1804 ὅπερ
953 1726 1091 1813 εἶδος
1114 1728 1422 1800 διαλεκτικὴ
1450 1726 1743 1798 κατορθοῦν

1919 1722 2052 1780 Vlll.
2090 1725 2279 1796 Neque
2317 1726 2456 1781 hanc
2483 1727 2650 1783 solam
2676 1735 2902 1797 partem,
2942 1698 3102 1797 quam
3128 1729 3405 1793 dialectica

178 1827 324 1911 μόνη
364 1823 581 1895 εῐληχε·
618 1823 679 1876 τὸ
716 1822 774 1876 δέ
822 1839 885 1890 γε
929 1822 1087 1876 πάλιν
1137 1820 1387 1911 ταπεινὸν
1418 1819 1531 1911 ¹τῆς
1573 1817 1734 1911 ψυχῆς

1848 1817 2219 1888 corrigendam
2265 1819 2379 1873 sola
2429 1819 2617 1873 sortita
2650 1828 2767 1885 est,
2827 1819 2919 1875 sed
2968 1820 3222 1875 humilem
3275 1837 3406 1878 sane

182 1903 341 1988 ἧμῶν
366 1913 855 1985 ἐκτεθαμσημένων
888 1912 987 1983 μὲν
1014 1914 1079 1982 τῇ
1114 1903 1480 1982 μεγαλουργία
1508 1909 1602 1963 καὶ
1624 1906 1743 1960 θαυ-

188 2007 493 2079 ματουργία
523 2006 617 2059 καὶ
659 2003 876 2075 ποικίλῃ
922 2006 1015 2058 καὶ
1050 2004 1305 2071 πανσόφιῤ
1328 1999 1649 2071 δημιουργίᾳ
1676 2000 1740 2069 τῇ

187 2100 273 2156 τοῦ
310 2099 538 2169 κόσμου.
594 2098 686 2150 καὶ
735 2094 1153 2165 τεθαυμακότων
1208 2094 1302 2163 μὲν
1345 2091 1741 2159 ἀλόγωςηύπε-

184 2190 465 2261 πτηχότων
496 2190 555 2242 δέ
586 2188 687 2242 ὑπὸ
720 2185 1063 2258 ἐκπλήξεως·
1098 2180 1312 2239 εἰδότων
1343 2182 1398 2237 δὲ
1431 2180 1542 2234 οὔθ’
1566 2180 1740 2233 ὁτιοῦν

179 2280 610 2351 ἐπιλογίσασθαι,
659 2281 815 2351 δίκην
847 2279 1053 2346 ἀλόγων
1094 2276 1269 2340 ζώων·
1317 2273 1599 2344 ἐξεγείρων
1647 2276 1739 2325 καὶ

179 2372 421 2445 ἀνορθῶν
444 2371 754 2443 μαθήμασιν
779 2370 982 2441 ἑτέροις
1002 2374 1113 2431 τοῖς
1140 2370 1380 2436 φυσικοῖς
1396 2384 1407 2395 ·
1433 2362 1736 2433 σαφηνίζων

181 2467 389 2520 ἕκαστα
415 2458 517 2517 τῶν
562 2463 731 2516 όντων
774 2462 872 2529 καὶ,
896 2462 1202 2530 διακρίνων,
1232 2460 1325 2513 καὶ
1372 2457 1513 2528 μάλα
1554 2456 1735 2523 σαφῶς

182 2560 267 2623 είς
297 2557 365 2611 τά
408 2555 682 2629 πρώτιστα
722 2558 976 2624 στοιχεῖα,
1008 2552 1418 2631 κατεπιπλέκων
1450 2549 1526 2620 τῷ
1572 2548 1732 2618 λόγῳ,

176 2650 274 2703 καὶ
319 2647 769 2719 ἐπιπορευόμενος
818 2646 917 2716 τήν
956 2662 1014 2697 τε
1057 2643 1164 2697 τῶν
1204 2644 1338 2697 ὅλων
1385 2644 1476 2695 καὶ
1516 2642 1613 2711 τὴν
1645 2642 1735 2692 ἐπὶ

178 2740 376 2812 μέρους
403 2737 629 2791 ἑκάστου
656 2728 859 2804 φύσιν·
889 2736 1096 2806 τροπήν
1124 2749 1182 2785 τε
1213 2734 1309 2803 τὴν
1344 2730 1611 2800 πολυειδῆ,
1643 2730 1735 2782 καὶ

176 2829 478 2901 μετασολὴν
502 2828 612 2881 τῶν
638 2829 695 2882 ἐν
729 2826 812 2897 τῷ
836 2826 1022 2896 κόσμῳ
1044 2841 1056 2853 ο
1110 2824 1215 2887 ἐως
1264 2823 1443 2893 φέρων
1494 2821 1598 2875 ὑπὸ
1639 2838 1731 2873 σα-

173 2919 309 2988 φοῦς
337 2920 437 2991 τῆς
475 2919 605 2991 παρ’
641 2917 804 2973 αὑτοῦ
832 2915 1175 2979 διδασκαλίας
1206 2914 1299 2968 καὶ
1335 2914 1506 2981 λόγων
1551 2906 1625 2967 ὧν
1674 2928 1732 2963 τε

170 3012 375 3083 ἔμαθεν
406 3003 482 3066 ὧν
506 3029 565 3064 τε
595 3012 862 3083 ἐξεύρετο,
894 3011 1020 3081 περὶ
1056 3009 1156 3079 τῆς
1200 3008 1307 3061 τῶν
1351 3007 1486 3061 ὅλων
1534 3007 1733 3058 οἰκονο-

178 3104 304 3175 μίας
351 3102 452 3171 τῆς
502 3104 670 3171 ἱερᾶς,
704 3103 795 3155 καὶ
846 3100 1058 3169 φύσεως
1102 3099 1199 3173 τῆς
1243 3100 1561 3169 ἀμωμήτου,
1612 3098 1729 3150 ἀντὶ

1846 1910 1991 1964 illam
2040 1910 2280 1964 vicissim
2318 1912 2485 1965 animi
2513 1911 2681 1966 nostri
2717 1924 2940 1981 partem,
2966 1928 3072 1981 qua
3106 1914 3171 1968 ad
3200 1916 3405 1983 magni-

1844 2001 2111 2058 ﬁcentiam
2136 2012 2191 2057 et
2220 2003 2518 2058 mirabilem
2550 2012 2899 2069 structuram,
2932 2006 3140 2061 varium
3185 2008 3399 2077 sapicn~

1844 2095 2217 2164 tissimumque
2253 2096 2439 2149 mundi
2480 2096 2755 2166 opiﬁcium
2793 2096 3248 2167 obstupescimus,
3296 2100 3393 2153 atl—

1841 2183 2207 2252 miramurque
2239 2185 2357 2238 sine
2385 2186 2613 2249 ratione,
2645 2201 2707 2241 ac
2737 2202 2844 2255 pra:
2869 2183 3063 2241 timore
3086 2198 3400 2247 consterna-
3459 2193 3467 2200 '

1839 2290 1982 2339 ninr,
2024 2284 2078 2329 et
2111 2276 2202 2343 qui
2253 2275 2554 2331 belluarum
2602 2293 2749 2331 more
2776 2293 2895 2346 qua:
2934 2280 3137 2334 ratione
3166 2288 3351 2334 carent
3378 2316 3397 2343 ,

1837 2365 2149 2419 ratiocinari
2180 2366 2313 2420 nihil
2343 2369 2611 2433 novimus,
2642 2370 2911 2423 excitabat
2936 2371 3280 2440 erigebatque
3308 2389 3399 2425 na-

1836 2454 2103 2509 turalibus
2138 2457 2261 2511 aliis
2301 2456 2641 2526 disciplinis;
2689 2460 2899 2528 singula
2923 2500 2938 2523 ,
2970 2476 3089 2530 qua:
3118 2461 3170 2515 in
3213 2478 3393 2516 rerum

1835 2553 1960 2599 sunt
1997 2553 2186 2599 natura
2218 2546 2499 2602 declarans
2528 2562 2592 2602 ac
2624 2548 2982 2614 distinguens,
3014 2560 3067 2604 ct
3109 2553 3393 2620 perspicua

1834 2638 2074 2694 oratione
2097 2639 2151 2694 in
2174 2640 2346 2709 prima
2370 2656 2468 2695 sua
2502 2642 2770 2697 elementa
2791 2641 3083 2705 resolvens,
3119 2651 3395 2701 naturam-

1832 2743 1937 2799 que
1974 2738 2088 2784 tum
2139 2744 2487 2785 communem
2515 2733 2892 2786 universOrum
2914 2772 2929 2796 ,
2960 2740 3087 2784 tum:
3119 2733 3390 2806 propriam

1832 2820 2123 2890 cujusque;
2153 2822 2534 2877 conversiones
2572 2837 2786 2892 quoque
2833 2838 3010 2878 rerum
3040 2821 3392 2879 multiformes

1833 2922 1992 2981 atque
2030 2914 2354 2969 mutationes
2394 2913 2727 2977 edisset-ens,
2764 2914 2941 2983 quoad
2984 2913 3240 2968 doctrinae
3279 2929 3393 2970 ειη

1831 3004 2210 3074 rationumque
2250 3021 2385 3075 quas
2428 3006 2619 3073 partim
2659 3004 2865 3068 didicit,
2910 3006 3105 3074 partim
3150 3005 3264 3073 ipse
3290 3021 3389 3059 ex-

1832 3095 2114 3165 c0gitavit,
2165 3095 2544 3165 perspicuitate
2588 3111 2685 3165 pro
2727 3095 3387 3155 irrationali-ratlonalem

173 3193 367 3262 ἀλόγου
393 3192 612 3260 λογικὺν
631 3195 749 3254 ταῖς
778 3191 977 3261 ψυχαῖς
1000 3193 1031 3260 ἡ
1040 3190 1154 3261 μῶν
1179 3189 1496 3258 ἐγκατέθετο
1527 3188 1727 3260 θαῦμα.

1834 3187 2030 3242 animis
2058 3187 2259 3241 nostris
2284 3202 2453 3241 sacra:
2489 3189 2654 3242 totius
2689 3188 2928 3243 universi
2949 3186 3388 3259 dispensationis,

170 3285 330 3340 Τοῦθ⁹
376 3285 406 3338 ό
451 3285 515 3355 δὴ
567 3282 791 3353 μάθημα
824 3282 1022 3352 ὑψηλὸν
1056 3283 1148 3334 καὶ
1178 3281 1356 3336 ἔνθεον
1393 3283 1471 3346 ὃν,
1501 3283 1533 3351 ἡ
1573 3284 1733 3353 ὲρασ-

172 3378 413 3449 μιωτάτη
451 3378 615 3430 πᾶσιν
640 3375 941 3429 ἐκδιδάσκει
972 3373 1302 3442 φυσιολογία.
1350 3376 1413 3427 Τί
1450 3376 1529 3427 δεῖ
1556 3375 1729 3443 λέγειν

169 3470 243 3521 τὰ
264 3468 369 3524 τῶν
395 3467 554 3539 ίερῶν
588 3466 938 3545 μαθημάτων,
964 3463 1304 3534 γεωμετρίαν
1346 3464 1443 3534 μὲν
1470 3467 1566 3534 τὴν
1597 3468 1727 3547 πᾶσι

170 3552 333 3623 φίλην
381 3554 471 3607 καὶ
520 3542 1022 3623 ἀναμφισϐήτητον,
1074 3551 1167 3603 καὶ
1220 3551 1579 3621 ἀστρονομίαν
1628 3542 1726 3622 τῆν

170 3644 607 3716 μετεωροπόρονς
638 3645 675 3699 ἀ
700 3642 764 3715 δὴ
798 3641 1002 3696 ἐκαστα
1028 3646 1146 3705 ταῖς
1175 3642 1370 3712 ψυχαῖς
1414 3646 1446 3712 η
1457 3641 1569 3711 μῶν
1611 3644 1725 3693 ἐνε-

161 3732 420 3797 τυποῦτο,
464 3731 749 3795 διδάσκων,
790 3732 823 3801 ἢ
872 3732 1380 3803 ἀναμιμνήσκων,ἢ
1430 3732 1529 3783 οὐκ
1573 3725 1668 3782 οἷδ’
1695 3729 1723 3782 ὃ

159 3843 216 3880 τι
271 3825 378 3897 χρὴ
424 3817 633 3894 λέγειν·
686 3823 784 3895 τὴν
830 3823 927 3893 μὲν
950 3864 964 3888 ,
1014 3822 1089 3886 ὡς
1141 3822 1452 3894 ὑποσάθραν
1509 3822 1721 3875 πάντων

161 3918 355 3981 ἁπλῶς
384 3918 741 3989 ποιησάμενος
762 3911 925 3969 οὖσαν
956 3918 1220 3979 ἄσειστον,
1240 3916 1339 3985 τὴν
1361 3916 1717 3991 γεωμετρίαν,

160 4004 260 4056 καὶ
288 4002 529 4073 κρηπῖδά
552 4020 673 4059 τινα
701 4002 947 4073 ἀσφαλῆ·
982 4004 1197 4072 ἀνάγων
1228 4002 1284 4055 δὲ
1309 4004 1401 4056 καὶ
1432 4004 1591 4075 μέχρι
1614 4002 1721 4056 τῶν

161 4093 426 4150 ἀνωτάτω
448 4094 533 4148 διά
575 4096 673 4165 τῆς
701 4095 1082 4166 ἀστρονομίας,
1116 4094 1303 4167 ῶσπερ
1344 4095 1431 4148 διὰ
1462 4096 1723 4166 κλίμακός

158 4201 308 4243 τινος
339 4184 765 4257 οὐρανομήκους,
792 4188 1053 4257 ἐκατέρου
1071 4185 1163 4239 τοῦ
1193 4187 1526 4257 μαθήματος,
1562 4188 1718 4242 Barbe

160 4278 293 4345 ἡμῖν
318 4273 415 4327 τὸν
437 4275 657 4344 οὐρανὸν
683 4278 1118 4348 παρασκευάσας.

1833 3277 2351 3346 absolutissimzeque
2376 3287 2581 3334 natura:
2603 3278 3010 3336 admirationem
3034 3281 3237 3351 injecit.
3266 3281 3391 3338 llaec
3472 3277 3477 3282 ’

1833 3369 2084 3422 nimirum
2109 3368 2197 3422 illa
2226 3378 2307 3423 est
2330 3370 2580 3426 sublimis
2608 3386 2672 3426 ac
2692 3372 2871 3426 divina
2892 3372 3193 3441 disciplina,
3225 3387 3387 3442 quam

1830 3463 2083 3517 omnibus
2105 3462 2674 3519 amabilissima-docet
2694 3462 3043 3533 physiologia.
3071 3463 3210 3527 Quid
3240 3478 3386 3516 nunc

1828 3565 1963 3629 opus
1997 3561 2080 3606 est
2107 3568 2291 3609 sacras
2324 3554 2730 3609 mathematicas
2767 3551 3228 3607 commemorare?
3254 3566 3382 3621 geo-

1824 3644 2069 3698 metriam
2120 3646 2372 3699 omnibus
2418 3646 2634 3699 charam
2681 3651 2843 3711 atque
2889 3642 3282 3709 indubitatam,
3326 3652 3381 3697 et

1824 3737 2210 3791 astronomiam
2244 3752 2473 3807 superna
2516 3735 2929 3804 pervagantem?
2973 3749 3110 3805 quas
3141 3736 3384 3807 singulas

1823 3827 2027 3883 animis
2047 3829 2265 3893 nostris,
2311 3828 2510 3882 docens
2541 3826 2908 3895 insculpebat;
2955 3836 3048 3882 aut
3094 3828 3147 3899 in
3179 3844 3383 3884 memo—

1825 3918 1963 3972 riam
1989 3934 2268 3981 revocans,
2296 3929 2390 3971 aut
2430 3919 2613 3972 nescio
2638 3918 2764 3988 quid
2794 3920 2899 3975 dici
2936 3922 3118 3991 potius
3152 3922 3340 3978 debeat
3365 3943 3377 3976 :

1825 4008 1986 4062 illam,
2019 4008 2235 4076 quidem
2288 4008 2433 4060 velut
2479 4010 2722 4063 omnium
2772 4011 2928 4078 plane
2972 4011 3379 4067 fundamentum

1828 4107 2085 4162 statuens,
2133 4107 2185 4151 et
2228 4098 2380 4167 quasi
2425 4099 2577 4155 basin
2612 4103 2966 4166 tutissimam,
3001 4104 3374 4157 inconcussam

1822 4190 2208 4259 geometriam;
2257 4205 2349 4259 per
2392 4195 2775 4247 astronomiam
2832 4205 3010 4251 autem
3055 4192 3122 4245 ad
3164 4208 3373 4247 summa

1822 4280 2139 4348 perducens,
2175 4290 2429 4351 tanquam
2458 4300 2552 4353 per
2581 4287 2777 4338 scalam
2810 4284 3095 4350 quamdam
3119 4282 3182 4336 ad
3205 4284 3373 4339 caelos

1821 4372 2228 4442 pertingentem,
2252 4376 2489 4443 pervium
2516 4377 2670 4430 nobis
2692 4375 2883 4427 coelum
2911 4376 3190 4445 utriusque
3209 4375 3373 4432 disci—

1826 4461 1983 4529 plina:
2011 4475 2173 4532 Opera
2197 4463 2451 4518 ellicieus.

227 4549 306 4605 9'.
342 4550 410 4600 Ἀ
435 4547 491 4600 δὲ
517 4549 767 4603 ἁπάντων
796 4554 912 4605 ἐστὶ
935 4554 1351 4624 κορυφαιότατα,
1386 4558 1478 4609 καί
1507 4548 1583 4608 ὧν
1614 4556 1714 4625 μά⁶

1891 4552 1978 4607 ΙΧ.
2020 4552 2174 4618 Quod
2202 4568 2329 4607 vero
2355 4553 2593 4606 omnium
2621 4559 2703 4605 est
2731 4542 2903 4607 multo
2926 4557 3240 4623 maximum,
3274 4574 3371 4613 cu-

155 4644 318 4694 λιστα
348 4640 505 4694 ἑνεκα
533 4641 639 4693 πᾶν
656 4641 765 4713 (86)
793 4645 854 4697 τὸ
879 4646 1162 4716 φιλόσοφον
1192 4646 1518 4699 διαπονεῖται
1540 4648 1715 4715 γένος,

152 4732 347 4803 ῶσπερ
376 4732 441 4785 ἐκ
461 4730 684 4799 φυτείας
722 4736 970 4806 ποικίλης
993 4737 1099 4790 τῶν
1125 4735 1297 4790 ἀλλων
1329 4738 1580 4791 ἀπάντων
1613 4756 1716 4808 μα-

148 4818 438 4893 θημάτων,
468 4822 561 4876 καὶ
590 4822 901 4893 φιλοσοφίας
946 4831 1179 4900 μακρᾶς.
1210 4830 1451 4900 καρποὺς
1480 4829 1714 4895 ἀγαθοὺς

153 4913 531 4985 ἐκδεχόμενον,
583 4914 681 4978 τὰς
721 4913 869 4980 θείας
911 4920 1112 4989 ἀρετὰς
1153 4921 1249 4983 τὰς
1293 4921 1417 4991 περὶ
1462 4916 1610 4989 ἦθος,
1654 4922 1711 4988 ἐξ

149 4996 226 5055 ῶν
256 5006 295 5075 ή
336 5005 605 5077 ἀτάραχος
633 5005 725 5057 καὶ
757 5006 1021 5079 εὐσταθὴς
1049 5010 1156 5063 τῶν
1197 5010 1382 5080 ὁρμῶν
1407 5010 1505 5079 τῆς
1536 5010 1709 5081 ψυχῆς

150 5094 489 5159 κατάστασις
531 5095 761 5164 γίνεται·
799 5098 891 5148 καὶ
931 5098 1166 5164 ἀλύπους
1212 5102 1308 5171 μὲν
1359 5102 1449 5153 καὶ
1482 5102 1711 5165 ἀπαθεῖς

149 5189 413 5244 ἀπάντων
432 5189 635 5254 κακῶν,
652 5190 943 5253 εὐτάκτους
957 5192 1012 5245 δὲ
1033 5198 1126 5247 καὶ
1139 5195 1415 5257 εὐσταθεῖς
1430 5197 1523 5247 καὶ
1544 5195 1710 5248 θεοει-

145 5280 262 5343 δεῖς
294 5280 524 5352 ἦμελλεν
553 5285 698 5354 ἡμᾶς
728 5283 894 5345 ὅντως
920 5285 1012 5335 καὶ
1058 5288 1355 5358 μακαρίους
1379 5289 1709 5358 καταστήσε-

149 5368 314 5425 σθαι·
380 5373 473 5423 καὶ
530 5373 698 5427 ταῦτα
752 5373 807 5425 δὲ
860 5372 1159 5437 ἐξεπονεῖτο
1215 5380 1391 5446 λόγοις
1449 5396 1507 5430 τε
1561 5377 1707 5441 ἰδίοις

146 5458 454 5527 πραΰνουσι
477 5466 570 5517 καὶ
595 5470 794 5534 σοφοῖς,
811 5466 907 5535 οὐχ
926 5464 1124 5535 ἥκιστα
1150 5470 1240 5519 καὶ
1266 5469 1708 5537 ἀναγκαιοτάτοις

1814 4648 2010 4717 jusque
2029 4648 2199 4717 gratia
2221 4647 2425 4702 laborat
2444 4658 2572 4712 gens
2596 4652 2710 4697 tota
2728 4644 3191 4717 philosophorum,
3213 4651 3367 4719 quasi

1817 4756 1881 4792 ex
1915 4741 2060 4793 varia
2102 4740 2428 4806 reliquarum
2460 4736 2717 4790 omnium.
2743 4738 3147 4808 disciplinarum
3187 4742 3367 4794 consi-

1818 4832 1984 4892 tione,
2013 4830 2385 4896 diuturnzeque
2412 4827 2765 4899 philosophiae
2809 4832 3007 4896 studio,
3054 4830 3224 4885 bonos
3251 4832 3366 4883 l'ru-

1817 4934 1947 4977 ctus.
1973 4922 2251 4991 colligens,
2293 4919 2505 4977 divinas
2551 4937 2763 4977 morum
2799 4924 3042 4984 virtutes,
3074 4937 3139 4975 ex
3168 4921 3365 4989 quibus

1818 5011 2137 5082 tranquillus
2162 5020 2217 5064 et
2238 5020 2492 5069 constans
2520 5016 2684 5070 animi
2708 5016 3004 5071 motionum
3021 5022 3192 5069 status
3222 5016 3366 5069 exsi-

1818 5106 1942 5167 stit;
1986 5111 2040 5159 et
2068 5106 2318 5159 maeroris
2356 5107 2573 5175 quidem
2604 5097 2870 5178 expertes,
2906 5117 3067 5175 atque
3105 5113 3165 5159 ut
3204 5107 3368 5161 nullis

1816 5195 1972 5249 malis
1995 5194 2369 5251 vehementius
2392 5213 2870 5260 commoveremur,
2902 5195 2993 5251 sed
3016 5196 3275 5253 moderati
3302 5214 3369 5257 ac.

1817 5284 2007 5349 sedati,
2042 5284 2243 5355 Deique
2264 5289 2465 5342 similes
2488 5305 2607 5343 vere
2637 5304 2699 5342 ac
2724 5288 2883 5349 beati,
2912 5288 3030 5354 ejus
3053 5301 3213 5355 opera
3245 5293 3366 5345 red.

1815 5379 2065 5432 deremur
2085 5421 2098 5445 ,
2144 5384 2501 5438 annitebatur.
2552 5383 2723 5450 Atque
2762 5382 2873 5434 haec
2905 5381 3125 5436 curabat
3156 5393 3207 5437 et
3238 5401 3364 5455 age-

1815 5469 1905 5523 bat
1936 5469 2043 5532 ille,
2074 5479 2187 5525 tum
2216 5475 2558 5528 sermonibus
2584 5472 2847 5539 propriis,
2894 5474 3368 5532 mansuefacienti—

145 5550 282 5618 περὶ
305 5548 412 5601 τῶν
445 5552 590 5620 ἠθῶν
619 5557 713 5610 καὶ
733 5554 839 5609 τῶν
866 5556 1077 5628 τρόπων
1108 5558 1261 5626 ἡμῶν
1285 5578 1297 5590 ·
1331 5561 1425 5613 καὶ
1448 5562 1507 5613 οὐ
1531 5560 1705 5627 λόγοις

1834 5576 1910 5613 ms
1939 5575 2002 5613 ac
2028 5560 2222 5629 doctis,
2256 5581 2353 5620 nec
2396 5566 2573 5617 minus
2607 5564 2945 5629 necessariis,
2977 5581 3115 5635 quos
3149 5570 3215 5623 de
3246 5584 3364 5625 mo-

148 5640 336 5708 μόνονν
364 5638 478 5691 ἀλλ’
503 5644 603 5714 ἤδη
633 5649 724 5699 καὶ
750 5648 924 5717 ἔργοις
953 5649 1149 5718 τρόπον
1180 5649 1297 5700 τινὰ
1331 5649 1704 5717 διεκυϐερνᾶτο

1834 5652 1959 5709 ibus
1987 5652 2213 5725 vitazque
2244 5666 2437 5712 nostra:
2472 5646 2643 5712 modis
2676 5656 2931 5723 habebat;
2966 5668 3230 5715 tutrr'rero
3254 5676 3362 5717 nou

218 5824 330 5897 (86)
362 5825 587 5890 Ἕνεκαε
616 5830 751 5889 πᾶν.
787 5835 1065 5907 Bengelius
1098 5855 1157 5894 cx
1194 5838 1512 5908 llmschclio,
1542 5840 1701 5895 ἕνεκά
1735 5859 1861 5903 πως.
