4094 6354
711 442 846 535 uno

1825 444 1881 499 s.
1926 426 2248 500 caecout:
2287 390 2789 496 Trutinarum!

3777 439 3925 496 ιωο

703 536 880 641 verbis
908 567 1104 631 solum,
1134 568 1225 624 sed
1247 570 1359 638 jam
1390 569 1548 623 etiam
1576 566 1731 624 factis
1751 564 2150 637 quodammodo
2178 577 2242 616 re

2358 562 2487 631 παρ’
2521 560 2675 632 ἡμῶν
2701 561 2799 625 τάς
2828 559 3023 631 ὁρμὰς,
3055 562 3193 631 αὐτῇ
3220 562 3283 631 τῇ
3314 560 3421 613 τῶν
3452 558 3640 632 ὁρμῶν
3684 559 3782 613 καὶ
3815 574 3931 614 παρ

703 657 860 726 gebat
876 658 1108 728 impetus
1130 668 1379 719 nostros;
1404 658 1517 727 ipsa
1542 658 1745 713 scilicet
1769 654 2067 711 motionum
2092 652 2259 708 animi

702 750 1267 818 perturbationumqne
1281 747 1727 819 contemplatione
1737 756 1898 817 atque
1915 746 2221 816 cognitione
2236 784 2251 809 ,

699 853 768 893 ex
801 856 907 910 qua
938 839 1275 910 potissimum
1315 840 1564 909 componi
1596 855 1749 895 mens
1790 849 1972 893 nostra
2005 838 2168 902 solet,
2203 843 2257 890 et

699 929 769 987 ad
795 941 996 987 rectum
1030 933 1472 1003 moderatumque
1510 942 1706 987 statum
1726 948 1800 1003 ex
1830 927 2056 983 confuso
2086 938 2258 981 trans-

699 1018 828 1073 ferri
852 1038 868 1091 b:
896 1030 953 1076 ut
985 1022 1318 1091 tanquamgin
1345 1023 1563 1091 speculo
1590 1022 1850 1091 seipsam
1881 1020 2098 1073 intuens
2125 1018 2255 1088 (ini-

698 1108 771 1162 tia
798 1109 910 1178 ipsa
934 1110 1202 1180 ﬁbrasque
1229 1098 1492 1165 malorum
1511 1151 1527 1175 ,
1564 1121 1617 1165 et
1643 1110 1785 1180 quod
1812 1126 1843 1164 a
1888 1109 2096 1175 ratione
2124 1109 2257 1163 alie-

694 1214 824 1253 num
858 1202 911 1261 in
940 1217 1002 1257 ea
1028 1194 1133 1269 est,
1160 1204 1302 1256 unde
1326 1204 1572 1258 absurdae
1601 1203 1655 1256 in
1684 1202 1839 1257 nobis
1863 1202 2171 1256 affectiones
2191 1216 2255 1255 ac

694 1291 1127 1360 perturbationes
1157 1303 1486 1363 exsurgunt;
1515 1303 1566 1348 et
1606 1309 1845 1356 rursum,
1878 1309 1999 1363 quae
2031 1292 2252 1346 rationis

693 1398 915 1452 compos
937 1378 1063 1453 pars
1090 1385 1207 1455 ejus
1234 1395 1313 1440 est
1344 1388 1567 1455 optima,
1597 1403 1701 1455 qua
1724 1382 2059 1449 dominante,
2086 1385 2249 1439 illaesa

692 1483 745 1528 et
770 1476 1187 1544 perturbationis
1215 1486 1405 1546 expers
1427 1478 1539 1546 ipsa
1568 1481 1865 1547 permanet)
1884 1496 1900 1545 ;
1918 1478 2113 1533 deinde
2138 1478 2252 1533 haec

691 1562 751 1641 in
778 1578 843 1617 se
862 1575 1112 1621 accurate
1149 1566 1525 1634 considerans,
1558 1568 1738 1622 omnia
1768 1569 1983 1637 quidem
2018 1568 2107 1624 illa
2131 1557 2253 1639 quae

685 1660 757 1715 et
801 1654 1066 1711 deteriore
1108 1667 1428 1721 nascuntur,
1474 1668 1528 1713 et
1571 1662 1669 1713 nos
1700 1660 1785 1713 vel
1834 1659 2109 1715 oliendunt
2156 1674 2277 1728 per,

686 1742 1190 1815 intemperantiam,
1233 1749 1318 1803 vel
1363 1750 1691 1805 contrahunt
1740 1757 1793 1804 et
1839 1759 2119 1805 coarctant
2156 1764 2255 1817 per

2358 650 2466 705 Θῶν
2504 652 2613 704 τῶν
2652 651 2750 721 τῆς
2785 652 2959 721 ψυχῆς
2998 643 3219 724 θεωρία
3240 651 3334 704 καὶ
3368 652 3722 723 ηκατανοήσει,
3754 650 3825 717 ἐξ
3856 641 3929 722 ἧς

2362 745 2593 815 μάλιστα
2635 744 3084 814 κατεγνωσμένης
3131 743 3527 815 κατορθοῦσθαι
3568 743 3627 807 ἐξ
3669 744 3932 814 ἀναρμο-

2360 832 2511 895 στίας
2555 832 2795 900 πέφυκεν
2825 831 2979 902 ήμῶν
3011 835 3044 902 ἡ
3068 832 3232 903 ψυχὴ,
3257 833 3351 885 καὶ
3375 833 3466 885 ἐπὶ
3490 832 3554 885 τὸ
3592 832 3932 904 κεκριμένον
3963 862 3969 869 ~

2358 924 2451 989 καὶ
2494 922 2751 976 εῠτακτον
2799 926 2861 977 ἐκ
2916 925 3357 994 συγκεχυσμένης
3400 921 3820 994 μετατίθεσθαιο
3858 920 3928 975 ἶν’

2357 1016 2543 1086 ὥσπερ
2570 1018 2627 1068 ἐν
2669 1008 2957 1088 κατόπτρῳ
2998 1016 3192 1087 ἑαυτὴν
3228 1015 3551 1087 θεωρήσασα
3581 1015 3784 1086 (αὑτὰς
3822 1013 3931 1079 τὰς

2355 1105 2527 1177 ἀρχὰς
2556 1108 2659 1169 ¹καὶ
2694 1108 2859 1178 ῥίζας·
2875 1107 2984 1160 τῶν
3028 1107 3230 1172 κακῶν,
3260 1109 3319 1161 τὸ
3358 1108 3545 1175 ἄλογον
3581 1108 3749 1179 αὐτῆς
3786 1107 3929 1173 πᾶν,

2355 1199 2413 1264 ἐξ
2448 1194 2509 1254 οὗ
2540 1200 2608 1254 τά
2647 1201 2819 1255 ἄτοπα
2856 1188 2995 1273 ἡμῖν
3020 1202 3366 1255 ἐπανίσταται
3396 1201 3576 1283 ςπάθη·
3617 1203 3709 1255 καὶ
3750 1200 3931 1255 πάλιν

2354 1292 2475 1344 ὅσον
2502 1291 2719 1363 ἄριστον
2744 1292 2913 1362 αὐτῆς
2945 1294 3128 1364 μέρος,
3148 1292 3361 1361 λογικὸν
3388 1294 3476 1361 ὑφ’
3502 1286 3562 1346 οὗ
3589 1291 3929 1363 κρατοῦντος

2356 1382 2505 1453 μένει
2532 1400 2593 1452 γε
2621 1384 2710 1453 ὑφ’
2737 1384 2938 1455 ἑαυτῆς
2964 1384 3074 1456 (87)
3100 1383 3338 1452 ἀϐλαϐὴς
3376 1383 3469 1436 καὶ
3495 1382 3765 1454 ἀπαθής)⁶
3804 1379 3931 1435 εἶτα

2352 1476 2521 1531 ταῦτα
2560 1478 2617 1529 ἐν
2648 1477 2784 1547 αὐτῇ
2814 1479 3188 1548 κατανοήσασα
3227 1473 3485 1546 ἀκριϐῶς,
3516 1472 3690 1526 πάντα
3722 1472 3832 1543 μὲν
3860 1472 3931 1526 τά

2351 1572 2415 1622 ἐκ
2448 1569 2540 1622 τοῦ
2570 1568 2808 1641 χείρονος
2827 1567 3158 1640 ’ἐκφυόμενα,
3188 1567 3446 1638 ἐκχέοντα
3475 1566 3618 1636 ἡμᾶς
3643 1564 3752 1617 ὑπὸ
3782 1565 3924 1618 ἀκο-

2349 1662 2557 1725 λασίας,
2588 1662 2620 1733 ή
2663 1661 3011 1714 συστέλλοντα
3043 1660 3137 1715 καὶ
3177 1660 3540 1730 συμπνίγοντα
3580 1656 3686 1711 ὑπο
3722 1674 3922 1711 ταπειτ

2349 1753 2569 1821 νότητος
2588 1790 2602 1814 ,
2652 1744 2766 1804 οἷον
2800 1751 2990 1822 ήδονὰς
3029 1753 3122 1805 καὶ
3164 1751 3474 1821 ἐπιθυμίας,
3512 1750 3547 1821 ἢ
3592 1748 3778 1811 λύπας
3826 1748 3913 1801 καὶ

687 1834 853 1888 animi
874 1834 1258 1904 dejectionem;
1286 1847 1342 1891 ut
1374 1838 1674 1908 voluptates
1708 1847 1763 1893 et
1787 1840 2130 1909 cupiditates,
2153 1846 2242 1894 aut

2351 1842 2563 1911 φόϐους,
2593 1842 2700 1912 ⁴καὶ
2733 1843 2854 1905 ὅσος
2893 1844 3005 1905 τοῖς
3043 1843 3223 1911 γένεσι
3253 1841 3427 1897 τοῖσδε
3464 1840 3656 1895 ἕπεται
3701 1841 3915 1907 στοῖχος

687 1939 949 1981 ηιωτοιεε
977 1940 1041 1982 ae
1076 1928 1321 1993 timores,
1353 1941 1405 1984 et
1447 1945 1568 1999 quae
1598 1931 1667 1985 ab
1697 1930 1782 1986 bis
1813 1931 2099 2001 generibus
2130 1947 2245 1986 ma-

684 2016 862 2071 lorum
905 2017 1059 2073 turba
1106 2010 1415 2096 suboritur;
1451 2023 1584 2090 haec,
1630 2022 1876 2092 inquam,
1924 2022 2149 2092 rejiciat'
2180 2037 2245 2078 ac

684 2106 949 2177 proﬂiget,
973 2110 1355 2186 incipientibus
1384 2112 1563 2168 adlmc
1579 2115 2041 2185 nascentibusque
2061 2131 2246 2169 occur-

684 2213 831 2264 rens,
854 2212 919 2255 ac
949 2216 1015 2259 ne
1041 2190 1327 2258 minimum
1356 2207 1574 2277 quidem
1624 2222 1868 2262 crescere
1906 2208 2113 2273 sinens,
2149 2206 2244 2264 sed

682 2294 957 2365 perimens
984 2310 1050 2355 ac
1074 2296 1258 2352 delens
1286 2314 1317 2352 e
1343 2301 1600 2368 vestigio;
1629 2315 1750 2369 quae
1778 2315 1906 2354 vero
1931 2315 1997 2355 ex
2023 2301 2245 2355 meliore

681 2382 825 2439 bona
864 2386 1022 2439 nobis
1068 2387 1403 2453 exeriuntur,
1440 2390 1553 2444 haec
1596 2392 1704 2445 alat
1747 2406 1810 2445 ac
1862 2390 2063 2456 foveat,
2110 2392 2245 2445 inci-

682 2474 884 2546 pientia
910 2475 1136 2549 lactans,
1172 2492 1610 2551 conservansque
1652 2481 1827 2549 quoad
1870 2482 2239 2549 perﬁciantur.

683 2564 777 2622 Sic
807 2570 950 2633 enim
982 2571 1177 2627 anima:
1222 2573 1439 2641 tandem
1482 2575 1689 2630 innasci
1733 2575 1945 2641 divinas
1979 2579 2273 2633 virtutesz~

678 2660 1043 2729 prudentiam,
1070 2678 1192 2733 qua:
1220 2663 1325 2719 hos
1350 2665 1498 2735 ipsos
1526 2665 1693 2720 animi
1727 2676 1904 2721 motus
1931 2667 2241 2723 discernere

678 2752 856 2822 prima
878 2760 1056 2821 potest
1086 2767 1151 2809 ex
1184 2752 1338 2823 ipsis,
1372 2764 1424 2810 et
1467 2770 1533 2809 ex
1581 2756 1848 2811 bonorum
1892 2767 2240 2814 externorum

676 2846 1075 2915 malorumque,
1125 2848 1168 2902 si
1213 2864 1321 2917 qua
1367 2850 1422 2902 in
1464 2849 1623 2905 nobis
1671 2859 1833 2915 sunt,
1878 2852 2139 2919 scientia;
2180 2856 2243 2919 ct

677 2939 1257 3009 temperantiamque
1300 2941 1353 2995 in
1398 2943 1707 2997 eorumdem
1749 2943 1917 2998 initiis
1960 2954 2101 2999 recte
2144 2946 2241 2999 eli.

676 3028 836 3097 gendi
869 3029 975 3082 vim
1008 3030 1199 3099 habet;
1225 3044 1278 3087 et
1298 3033 1591 3102 justitiam,
1615 3014 1736 3104 qua:
1768 3046 1891 3105 apta
1922 3046 1974 3091 et
2000 3054 2238 3109 congrua

676 3114 874 3185 cuique
905 3117 1123 3182 tribuit;
1158 3128 1212 3174 et
1251 3121 1441 3176 horum
1485 3127 1725 3178 omnium
1758 3130 2233 3192 conservatricem,

2348 1932 2562 1985 mw.th
2607 1931 2779 1985 ταῦτα
2816 1933 2919 2003 ¹μὲν
2955 1931 3202 1991 ἐκδάλλοι
3246 1931 3340 1985 καί
3375 1932 3441 1984 ἐκ
3470 1926 3644 1982 ποδῶν
3683 1929 3910 1989 ποιοῖτο,

2344 2023 2423 2077 ἔτι
2474 2024 2794 2097 ἀρχομένοις
2839 2024 2932 2078 καὶ
2976 2025 3099 2095 ἄρτι
3143 2024 3427 2093 φυομένοις
3465 2019 3914 2090 ἐπανισταμένη,

2345 2118 2438 2169 καὶ
2464 2117 2565 2168 οὐκ
2613 2114 2757 2169 ἐῶσα
2786 2115 2907 2168 οὐδὲ
2946 2116 3144 2186 μικρὸν
3186 2114 3388 2180 αὔξειν,
3425 2113 3541 2168 ἀλλ’
3568 2111 3917 2167 ἀπολλύουσα

2344 2208 2441 2262 καὶ
2464 2206 2857 2276 ὲξαςρανίζουσα
2882 2224 2896 2238 ’
2920 2208 3023 2261 ὅσα
3048 2207 3103 2259 δὲ
3138 2209 3200 2261 ἐκ
3233 2207 3325 2260 τοῦ
3351 2206 3654 2279 κρείττονος
3680 2196 3915 2259 ἀνατέλ-

2343 2300 2422 2353 λει
2460 2302 2590 2371 ήμῖν
2633 2299 2813 2367 ἀγαθὰ
2839 2297 2987 2362 ὄντα,
3020 2297 3189 2352 ταῦτα
3217 2297 3467 2367 ἐκτρέφοι
3500 2313 3559 2349 τε
3596 2295 3685 2349 καὶ
3708 2293 3917 2365 διασώ-

2342 2389 2446 2455 (et,
2470 2392 2562 2444 καὶ
2584 2391 2858 2462 ἀρχόμενα
2883 2388 3174 2461 τιθηνοῦσα
3196 2388 3290 2442 καὶ
3314 2386 3755 2459 συμφυλάττουσα
3776 2386 3917 2457 ἄχρι
4018 2416 4023 2425 ι

2341 2484 2691 2555 τελειότητος.
2735 2482 2890 2547 Οὕτω
2920 2481 3029 2552 γὰρ
3069 2480 3134 2535 ἀν
3166 2495 3295 2533 ποτε
3326 2477 3727 2551 παραγενέσθαι
3759 2476 3917 2547 ψυχῇ

2341 2580 2439 2642 τὰς
2465 2578 2613 2640 Θείας
2638 2575 2837 2651 ἀρετάς
2857 2591 2869 2605 ·
2903 2573 3162 2646 φρόνησίν
3195 2589 3255 2626 τε
3292 2572 3392 2644 τὴν
3431 2571 3568 2626 αὐτὰ
3593 2571 3774 2624 ταῦτα
3806 2566 3919 2638 τῆς

2338 2667 2512 2738 ψυχῆς
2537 2667 2607 2720 τὰ
2629 2668 2899 2737 κινήματα
2923 2666 3127 2736 κρίνειν
3154 2662 3374 2735 πρῶτον,
3394 2662 3691 2733 δυναμένην
3719 2660 3787 2727 ἐξ
3818 2661 3922 2715 αὐ-

2340 2756 2465 2821 τῶν,
2488 2759 2582 2812 καὶ
2608 2758 2705 2828 τῆς
2725 2761 2854 2831 περὶ
2872 2757 2939 2817 τά
2962 2757 3065 2823 ἔξω
3086 2756 3261 2836 μῶν,
3285 2755 3338 2809 εἴ
3354 2755 3477 2808 τινά
3497 2756 3657 2818 ἐστιν,
3680 2750 3918 2819 ἀγαθῶν

2339 2851 2433 2904 καὶ
2479 2850 2658 2904 κακῶν
2701 2851 3009 2921 ἐπιστήμης
3049 2848 3372 2918 γενομένης·
3409 2846 3513 2900 -καὶ
3556 2843 3920 2916 σωφρστύνην

2337 2940 2434 3009 τὴν
2458 2939 2626 2994 ταῦτα
2651 2943 2708 2994 ἐν
2741 2942 2935 3012 ἀρχαῖς
2968 2938 3141 3009 ὀρθῶς
3167 2936 3490 3009 αἱρουμένην
3516 2925 3749 3005 δύναμιν
3769 2951 3786 2966 ’
3819 2936 3917 2989 καὶ

2335 3031 2694 3101 δικαιοσύνην,
2724 3032 2757 3101 ἢ
2798 3031 2867 3083 τὰ
2904 3029 3029 3094 ἀξια
3055 3029 3303 3091 ἑκάστοις
3346 3028 3603 3099 ἀπονέμει
3632 3027 3747 3099 (88)
3770 3044 3784 3059 ⁸
3815 3027 3920 3082 καὶ

2335 3123 2433 3194 τὴν
2466 3122 2681 3176 πάντων
2716 3119 3218 3191 τούτων’σωτηρίαν
3242 3117 3353 3190 (89)
3389 3118 3658 3190 ἀνδρείαν.
3696 3120 3773 3172 υύ
3818 3121 3915 3173 λό-

675 3204 1069 3263 Ῑυηίιιιόὶηειη.
1112 3204 1228 3263 Non
1264 3212 1437 3267 verbis
1478 3214 1638 3285 igitur
1666 3217 2079 3285 assuefaciebat,
2120 3235 2240 3293 quae

2341 3210 2676 3279 γοις,τοίνυν
2715 3209 3207 3279 ἀπαγγελλομένοις
3254 3208 3547 3274 συνείθιζεν
3586 3209 3663 3291 ᾡς
3709 3208 3776 3281 δὴ
3824 3209 3915 3280 εἴη

677 3297 1062 3358 denuntiarent
1104 3307 1266 3367 atque
1305 3301 1703 3372 proﬁterentur,
1745 3308 2026 3361 scientiam
2067 3311 2221 3365 bono

678 3403 801 3443 tum
830 3397 885 3442 et
909 3389 1197 3453 malorum,
1227 3391 1310 3445 vel
1341 3392 1709 3448 faciendorum
1742 3406 1793 3450 et
1822 3415 1928 3453 non
1966 3402 2242 3455 faciendo-

675 3493 822 3546 rum,
845 3494 965 3535 esse
993 3481 1363 3549 prudentiam;
1391 3483 1573 3543 inania
1616 3488 1800 3555 utique
1843 3499 2002 3559 atque
2034 3494 2242 3553 inutilis

677 3566 797 3623 haec
812 3569 1124 3640 disciplina,
1157 3572 1201 3626 si
1230 3574 1389 3628 verba
1433 3572 1592 3629 factis
1621 3587 1869 3643 careant;
1905 3597 2145 3653 vanaque
2177 3600 2239 3640 ea

676 3660 987 3728 prudentia,
1034 3678 1155 3732 qua:
1202 3678 1306 3718 non
1351 3680 1411 3719 ea
1462 3665 1624 3720 faciat
1668 3685 1787 3736 qua:
1830 3669 2067 3733 facienda
2109 3678 2235 3739 sint,

678 3767 781 3807 nec
812 3752 881 3808 ab
910 3753 977 3809 iis
1002 3769 1123 3824 qua:
1147 3770 1251 3809 non
1286 3766 1412 3811 sunt
1436 3760 1661 3828 agenda,
1689 3760 1987 3826 deterreat,
2018 3767 2109 3818 sed
2150 3783 2238 3820 so-
2286 3766 2287 3769 “

677 3842 791 3897 lum
840 3846 1206 3915 cognitionem
1250 3848 1443 3902 horum
1494 3851 1797 3920 suppeditet
1853 3852 1919 3904 iis
1980 3855 2071 3926 qui
2118 3872 2237 3912 eam

678 3935 989 4003 possident.
1024 3938 1212 4005 quales
1244 3942 1516 3997 cernimus
1550 3943 1867 4013 permultos.
1896 3930 2017 3999 Nec.
2038 3954 2238 4017 tempe-

674 4027 911 4080 rantiam
929 4032 1542 4106 rursum,eligendorum
1564 4037 2046 4107 fugiendorumque
2070 4042 2237 4096 scien-

679 4117 809 4173 tiam
835 4120 1123 4186 quamdam
1158 4138 1311 4193 esse;
1336 4142 1500 4196 quam
1530 4130 1775 4184 videlicet
1804 4145 1909 4183 non
1946 4132 2233 4189 admodum

678 4208 909 4263 doceant
941 4212 1115 4265 caeteri
1143 4214 1479 4287 philosophi,
1515 4234 1577 4273 ac
1622 4221 1890 4291 praecipue
1936 4223 2231 4289 neoterici;

678 4296 772 4366 qui
800 4296 977 4353 verbis
1017 4301 1231 4369 quidem
1276 4294 1483 4361 strenui
1526 4306 1816 4379 fortesque'
1845 4319 1973 4366 sunt
2026 4310 2233 4381 (quales

677 4400 779 4456 ego
796 4400 1030 4455 persaepe
1052 4390 1277 4447 miratus
1300 4410 1441 4461 sum,
1456 4414 1577 4453 cum
1597 4402 1839 4457 eamdem
1864 4405 2113 4457 virtutem
2140 4402 2231 4459 Dei

676 4488 733 4531 et
766 4478 1064 4544 hominum,
1090 4488 1142 4545 et
1168 4480 1274 4536 Deo
1301 4484 1353 4538 in
1388 4490 1571 4556 primis
1598 4494 1828 4548 similem
1859 4498 1911 4552 in
1948 4507 2089 4548 terra
2111 4511 2231 4551 esse

2340 3302 2613 3372 ἐπιστήμη
2654 3300 2878 3369 ’ἀγαθῶν
2923 3302 3016 3354 καὶ
3062 3300 3265 3364 κακῶν,
3311 3300 3344 3371 ἢ
3388 3290 3648 3372 ποιητέων
3702 3302 3803 3356 καὶ
3849 3303 3912 3355 οὐ

2340 3396 2605 3466 ποιητέων
2639 3397 2671 3466 ἡ
2706 3395 2961 3464 φρόνησις
2983 3410 2997 3425 ’
3031 3393 3189 3446 τοῦτο
3207 3394 3270 3464 δὴ
3304 3394 3364 3447 τὸ
3391 3396 3543 3448 κενὸν
3570 3396 3665 3448 καὶ
3697 3396 3907 3464 ἀνωφε-

2339 3488 2428 3550 λὲς
2469 3486 2714 3559 μάθημα,
2760 3488 2807 3539 εί
2850 3488 2877 3539 ό
2918 3485 3072 3553 λόγος
3110 3486 3194 3557 εἱή
3243 3486 3351 3539 τῶν
3395 3487 3568 3558 ἔργων
3613 3487 3769 3557 δίχα,
3817 3488 3910 3541 καὶ

2340 3578 2595 3650 φρόνησις
2631 3576 2749 3646 οὐχὶ
2791 3575 3017 3630 ποιοῦσα
3046 3576 3362 3650 τάήποιητὰ,
3397 3578 3489 3631 καὶ
3519 3578 3917 3648 ἀποτρέπουσα

2338 3670 2442 3725 τῶν
2480 3669 2539 3723 οὐ
2583 3669 2818 3740 ποιητῶν
2846 3666 2991 3739 (90),
3025 3666 3309 3733 γινώσκειν
3350 3668 3407 3721 δὲ
3450 3667 3620 3721 ταῦτα
3648 3684 3920 3739 παρεχο-

2341 3763 2472 3835 μένη
2506 3766 2617 3839 τοῖς
2658 3762 2873 3833 ἔχουσιν
2900 3760 3089 3830 αὐτὴν,
3121 3760 3263 3824 οἴους
3294 3759 3521 3824 πολλοὺς
3556 3759 3790 3831 ὁρῶμεν.
3838 3760 3917 3813 Ἡ

2335 3854 2393 3908 δὲ
2416 3853 2731 3925 σωφροσύνη
2762 3852 2919 3906 πάλιν
2943 3852 3023 3904 ὅτι
3047 3851 3109 3923 δὴ
3144 3851 3229 3922 εἴη
3251 3870 3334 3915 τις
3366 3852 3635 3921 ἐπιστήμη
3665 3849 3920 3906 αωτῶν

2336 3945 2429 3997 καὶ
2454 3946 2549 4014 οὐχ
2583 3942 2831 4014 αἱρετῶν,
2862 3944 2922 3996 οὐ
2954 3942 3093 3995 πάνυ
3116 3959 3171 3995 τι
3202 3939 3547 3995 διδασκόντων
3586 3937 3772 4007 αὐτὴν
3800 3940 3920 3992 τῶν

2336 4037 2506 4090 ἄλλων
2545 4036 2865 4105 φιλοσόφων,
2912 4037 3007 4088 καὶ
3054 4031 3290 4105 μάλιστά
3321 4044 3385 4099 γε
3435 4028 3539 4081 τῶν
3584 4029 3915 4099 νεωτέρων,

2334 4130 2498 4182 ὄντων
2523 4130 2617 4200 μὲν
2641 4128 2869 4181 εὑτόνων
2894 4117 2985 4182 καὶ
3008 4126 3332 4198 ἐρρωμένων
3355 4124 3462 4185 τοῖς
3502 4119 3681 4188 λόγοις
3737 4121 3919 4191 (οἴους

2333 4220 2442 4288 ἐγὼ
2468 4221 2722 4283 πολλάκις
2748 4218 3047 4291 ἐθαύμασα.
3076 4219 3203 4270 ὅταν
3223 4214 3319 4285 τὴν
3345 4213 3510 4285 αὐτὴν
3532 4212 3742 4283 ἀρετὴν
3767 4214 3914 4266 Θεοῦ

2334 4308 2426 4361 καὶ⁸
2451 4308 2769 4379 ἀνθρώπων,
2798 4310 2891 4361 καὶ
2915 4308 3006 4361 ἐπὶ
3030 4307 3134 4377 γῆς
3157 4305 3225 4358 τὰ
3248 4302 3439 4374 πρῶτα
3467 4302 3583 4373 Θεῷ
3608 4298 3731 4356 ἴσον
3756 4301 3913 4357 εἶναι

2331 4398 2422 4450 τὸν
2456 4399 2618 4466 σοφὸν
2653 4399 2932 4469 ἄνθρωπον
2954 4394 3323 4463 ἀποδείξωσιν)
3343 4412 3357 4424 ο
3388 4393 3507 4447 οὔτε
3544 4388 3600 4447 δὲ
3632 4394 3736 4465 τὴν
3766 4396 3918 4468 φρό-

2330 4506 2485 4558 νησιν
2511 4489 2585 4551 ὡς
2628 4492 2719 4543 καὶ
2746 4491 2889 4542 ποιεῖ
2916 4489 3022 4555 (91)
3045 4504 3131 4549 τις
3156 4486 3223 4539 τὰ
3262 4486 3602 4555 φρονήσεως·
3637 4485 3775 4538 οὔτε

675 4571 973 4640 sapientem
1007 4572 1482 4654 demonstrarent);
1517 4600 1614 4639 nec
1652 4588 2016 4656 prudentiam,
2055 4597 2113 4641 ut
2146 4589 2227 4645 fa—

2341 4579 2682 4650 σωφροσύνην
2723 4581 2798 4641 ὡς
2837 4580 2929 4632 καὶ
2966 4576 3167 4650 αἱρεῖτό
3202 4594 3283 4640 τις
3318 4577 3469 4630 ταῦθ’
3511 4578 3650 4647 ἅπερ
3695 4575 3917 4648 ἔμαθε,

674 4666 787 4719 eiat
809 4665 1077 4748 quispiam
1107 4682 1228 4737 quae
1267 4681 1393 4725 sunt
1424 4676 1746 4745 prudentiae;
1783 4696 1881 4735 nec
1927 4690 2227 4749 temperan—

674 4759 829 4823 tiam,
862 4752 1002 4812 utea
1034 4759 1196 4829 eligat
1236 4776 1356 4830 quae
1396 4764 1598 4834 didicit,
1644 4770 1876 4827 tribuere
1916 4773 2123 4838 valent;
2164 4772 2230 4826 de

676 4848 940 4919 injustitia
971 4850 1155 4907 itidem
1194 4868 1259 4918 ac
1304 4852 1616 4914 fortitudine
1658 4863 1889 4919 inaniter
1932 4866 2225 4934 diSputant.

675 4938 792 4995 Non
827 4944 905 4998 sic
929 4946 1029 5001 iste
1050 4945 1207 5001 nobis
1229 4947 1296 5001 de
1322 4948 1606 5006 virtutibus
1636 4957 1813 5011 verbis
1847 4958 2021 5013 solum
2056 4958 2229 5013 disse-

676 5033 845 5098 rebat,
872 5036 964 5090 sed
1012 5036 1078 5090 ad
1127 5051 1288 5107 opera
1333 5038 1511 5107 potius
1554 5040 1836 5112 incitabat;
1866 5057 1928 5101 et
1972 5048 2229 5107 incitabat

677 5125 927 5191 operibus
956 5129 1128 5197 magis
1155 5126 1419 5196 factisque
1442 5143 1602 5195 qnam
1630 5134 1822 5190 verbis.

748 5212 813 5267 X.
854 5216 1006 5287 Rogo
1031 5222 1213 5273 autem
1240 5219 1593 5288 philosophos
1618 5222 1707 5289 qui
1736 5230 1878 5281 nunc
1904 5238 2225 5300 sunt,quot-

678 5312 805 5369 quot
843 5309 968 5361 novi
1008 5308 1142 5378 ipse,
1193 5321 1248 5364 et
1278 5325 1413 5380 quos
1449 5310 1571 5364 aliis
1615 5317 1959 5372 narrantibus
2010 5322 2189 5375 audivi
2209 5339 2224 5381 τ,

902 5486 1026 5572 Ὑφ’
1056 5489 1600 5572 ἐᾳυτῆςλβερξζρηιιε
1623 5491 1871 5572 rescribit
1898 5495 1978 5572 eo:
2007 5499 2221 5572 ἑαυτῆς.

752 5552 1363 5627 (8_81ltkoré;wc."5ic
1406 5552 1632 5615 Vossius
1676 5570 1728 5615 et
1789 5577 1889 5616 ms.
1934 5552 2225 5627 Vaticanus

674 5620 1399 5708 apult‘InPel‘arue.'pengelius
1430 5630 1905 5708 cum_Hmse_helio,
1942 5620 2221 5708 statim;

751 5688 1528 5771 (89)“sznplqrfztb‘cstpav
1560 5702 1844 5771 legendum
1883 5688 2226 5763 existimabat

676 5756 998 5843 Bengel-ius,'
1032 5756 1097 5817 οἱ
1144 5766 1208 5843 iis
1255 5785 1374 5837 quae
1418 5756 1555 5843 infra
1590 5756 1903 5841 occurrunt

674 5843 797 5903 gap.
830 5830 911 5895 ll,
937 5830 1192 5907 σώτειράν
1212 5830 1333 5895 τινα
1363 5842 1454 5894 καὶ
1485 5844 1716 5913 φύλακα.

2331 4668 2661 4740 παραδοῦναι
2692 4669 3000 4738 δυναμένων
3020 4686 3032 4699 ⁸
3073 4668 3266 4738 ὁμοίως
3303 4668 3359 4721 δὲ
3400 4670 3536 4723 κάπὶ
3565 4668 3667 4737 τῆς
3692 4669 3917 4723 δικαιο-

2331 4756 2515 4826 σύνης,
2564 4758 2656 4809 καὶ
2688 4757 2779 4809 ἐπὶ
2828 4757 2923 4826 τῆς
2956 4756 3221 4827 ἀνδρείας.
3269 4759 3379 4829 Οὐχ
3416 4757 3587 4819 οὕτως
3625 4753 3803 4822 οὗτος
3841 4760 3910 4811 τὰ

2329 4849 2455 4923 περὶ
2496 4849 2702 4919 ἀρετῶν
2747 4852 2877 4921 ἡμῖν
2919 4850 3115 4921 διεξῄει
3159 4850 3355 4919 λόγοις,
3399 4852 3490 4905 ἐπὶ
3533 4850 3593 4903 δὲ
3636 4850 3715 4905 τὰ
3772 4853 3911 4925 ἔργα

2332 4941 2528 5013 μᾶλλον
2558 4943 2850 5013 παρεκάλει
2873 4960 2885 4972 ·
2915 4943 3008 4996 καὶ
3040 4944 3330 5015 παρεκάλει
3356 4943 3517 4997 πλέον
3542 4944 3657 5006 τοῖς
3690 4944 3915 5018 ἔργοις,

2330 5033 2361 5104 ἢ
2387 5025 2475 5095 οἷς
2506 5032 2622 5101 ἕλεγ
2631 5050 2707 5085 εν.

2397 5214 2454 5265 l'.
2501 5210 2843 5282 Ἐξαιτοῦμαι
2886 5214 2943 5267 δὲ
2988 5215 3137 5287 παρά
3180 5232 3239 5267 τε
3287 5212 3589 5282 φιλοσόφων
3636 5215 3763 5271 τῶν
3816 5220 3921 5275 νῦν

2326 5305 2512 5368 ὄντων,
2547 5304 2703 5365 ὅσους
2734 5304 2893 5367 αὐτὸς
2918 5305 3105 5374 ἔγνων,
3141 5305 3235 5358 καὶ
3272 5304 3428 5366 ὅσους
3462 5302 3639 5360 ἄλλων
3667 5306 3921 5382 διηγου-

2398 5502 2509 5575 (90)
2549 5500 2833 5587 Ποιηῖὰ...
2877 5501 3152 5587 ποιηςῶν.
3193 5500 3359 5587 li‘orte
3401 5503 3701 5576 legendum
3748 5528 3925 5587 ποιη-

2326 5572 2491 5632 τέα...
2523 5572 2810 5643 ποιητέων,
2838 5583 2893 5626 ιιι
2927 5576 3088 5643 paulo
3117 5582 3259 5628 ante.

2399 5646 2509 5715 (91)
2545 5630 2720 5725 Ποὶεξ.
2757 5630 3039 5725 Βεηςοᾙυε
3067 5645 3195 5711 legit
3224 5644 3382 5725 ποιοί.
3409 5642 3475 5698 Et
3502 5662 3627 5725 mox
3656 5651 3924 5725 αἰροῖτα,

2326 5713 2477 5790 Hanc
2500 5713 2851 5790 posteriorem
2881 5714 3161 5790 lectionem
3192 5714 3437 5790 sequitur
3452 5718 3616 5790 etiam
3646 5713 3929 5790 nu'perus
3964 5742 3967 5743 '

2327 5782 2513 5859 editor
2530 5782 2871 5849 Parisiensis,
2907 5784 3000 5852 qui
3042 5793 3222 5841 tamen
3254 5786 3450 5841 retinet
3478 5782 3928 5859 priorem-Voss

2334 5857 2561 5923 sianam.
