4094 6354
728 384 862 457 tum

1841 387 1897 441 s.
1942 371 2264 444 cneconn
2304 335 2804 440 'IttAuMA'runct

3802 386 3938 442 £080

721 509 895 563 verbis
925 510 1120 573 solum,
1150 511 1240 565 sed
1263 512 1374 580 jam
1406 512 1563 566 etiam
1593 509 1746 565 factis
1767 508 2166 580 quodammodo
2196 521 2252 560 re

2374 506 2503 574 παρ’
2537 505 2691 576 ἡμῶν
2717 506 2814 568 τὰς
2845 504 3040 575 ὁρμὰς,
3071 507 3207 576 αὐτῇ
3231 508 3300 591 ,τῇ
3331 506 3436 557 τῶν
3468 504 3655 576 ὁρμῶν
3703 505 3806 559 καὶ
3839 522 3943 591 τᾳ»-

719 599 1124 670 gcbatimpetus
1147 611 1394 661 nostros;
1421 602 1532 670 ipsa
1558 602 1760 655 scilicet
1786 601 2082 654 motionum
2109 597 2275 651 animi

719 693 1282 760 perturbationumque
1297 690 1742 759 contemplatione
1753 700 1913 759 atque
1932 690 2236 759 cognitione
2253 728 2268 752 ,

715 796 783 835 ex
817 799 922 852 qua
954 783 1289 851 potissimum
1331 784 1579 851 componi
1613 799 1763 836 mens
1807 793 1987 836 nostra
2022 782 2184 845 solet,
2220 788 2273 834 et

716 872 785 928 ad
810 883 1012 928 rectum
1047 877 1487 944 moderatumque
1525 885 1722 930 statum
1742 892 1814 947 ex
1845 872 2070 926 confuso
2101 882 2273 924 trans-

715 960 844 1015 ferri
871 980 883 1014 :
912 972 968 1017 ιιι
1002 971 1251 1033 tanquam
1281 966 1332 1018 in
1361 966 1578 1033 speculo
1607 983 1662 1019 se
1694 967 1865 1034 ipsam
1897 964 2113 1016 intuens
2141 963 2270 1030 (ini-

713 1050 786 1103 tia
814 1051 925 1119 ipsa
950 1052 1216 1122 ﬁbrasque
1245 1055 1506 1108 malorum
1527 1094 1542 1117 ,
1579 1065 1632 1108 et
1659 1055 1799 1122 quod
1828 1070 1856 1106 a
1904 1053 2111 1118 ratione
2140 1053 2272 1106 alie-

711 1157 839 1195 num
874 1144 926 1197 in
956 1159 1017 1198 ea
1044 1153 1148 1211 est,
1175 1147 1316 1198 unde
1341 1147 1586 1200 absurda:
1617 1147 1668 1198 in
1699 1146 1854 1200 nobis
1879 1146 2186 1200 all‘ectiones
2207 1160 2270 1198 ac

709 1234 1141 1301 perturbationes
1173 1247 1500 1306 exsurgunt;
1530 1247 1580 1290 et
1622 1252 1860 1299 rursum,
1893 1253 2014 1306 qua!
2046 1237 2266 1290 rationis

707 1341 930 1394 compos
953 1343 1077 1394 pars
1106 1327 1222 1398 ejus
1249 1338 1327 1382 est
1359 1331 1582 1398 Optima,
1612 1347 1714 1398 qua
1743 1330 2073 1390 dominante,
2101 1330 2263 1382 illa-sa

706 1426 759 1470 et
785 1418 1202 1485 perturbationis
1231 1436 1420 1488 expers
1441 1421 1553 1489 ipsa
1583 1426 1880 1490 permanet)
1899 1439 1914 1488 ;
1933 1422 2127 1476 deinde
2153 1423 2266 1476 lucc

705 1505 762 1558 in
793 1521 853 1560 se
877 1519 1127 1562 accurate
1165 1510 1539 1576 considerans,
1573 1512 1751 1565 omnia
1782 1512 1998 1580 quidem
2033 1512 2121 1566 illa
2147 1528 2267 1582 quae

698 1609 770 1657 ex
816 1597 1080 1654 deteriore
1125 1611 1442 1664 nascuntur,
1489 1612 1541 1656 et
1586 1619 1682 1656 nos
1715 1603 1799 1656 vel
1848 1603 2123 1658 offendunt
2172 1618 2292 1671 per,

700 1685 1203 1757 intemperantiam,
1247 1691 1332 1744 vei
1377 1693 1704 1748 contrahunt
1755 1702 1806 1746 et
1853 1703 2133 1748 coarctant
2170 1707 2268 1760 per

700 1777 866 1829 animi
888 1777 1272 1846 dejectionem;
1301 1790 1356 1834 ut
1388 1781 1687 1850 voluptates
1723 1791 1776 1836 et
1801 1783 2143 1852 cupiditates,
2167 1790 2261 1837 aut

700 1881 962 1923 mmrores
992 1883 1054 1924 ac
1091 1871 1334 1936 timores,
1367 1884 1419 1927 et
1461 1889 1581 1942 qua:
1612 1874 1679 1927 ab
1712 1874 1795 1928 liis
1826 1875 2112 1944 generibus
2145 1891 2259 1929 ma-

698 1958 875 2012 lorum
919 1961 1073 2015 turba
1119 1963 1425 2029 suboritur;
1466 1965 1597 2032 haec,
1645 1965 1888 2034 inquam,
1938 1966 2149 2036 rejieiat
2194 1981 2259 2022 ac

697 2048 963 2119 proﬂiget,
988 2053 1367 2128 incipientibus
1398 2057 1576 2110 adhuc
1593 2059 2054 2128 nascentibusque
2075 2075 2260 2112 oecur-

697 2156 844 2206 rens,
867 2158 931 2197 ac
963 2160 1028 2200 ne
1055 2147 1339 2200 minimum
1370 2150 1587 2220 quidem
1638 2166 1881 2205 crescere
1920 2153 2126 2216 sinens,
2163 2150 2257 2205 sed

696 2237 969 2306 perimens
998 2253 1062 2296 ac
1088 2239 1270 2294 delcns
1300 2257 1329 2294 e
1356 2245 1613 2310 vestigio;
1643 2259 1763 2311 quae
1792 2259 1918 2297 vero
1945 2259 2010 2298 ex
2036 2245 2258 2299 meliore

694 2325 837 2380 bana
879 2329 1035 2381 nobis
1082 2331 1416 2395 exoriuntur,
1453 2333 1565 2386 ltaac
1610 2335 1717 2387 alat
1761 2351 1822 2387 ac
1875 2334 2075 2399 foveat,
2124 2336 2258 2389 inci-

695 2416 898 2486 pientia
925 2418 1150 2482 lactans,
1187 2435 1623 2493 conservansque
1665 2425 1840 2492 quoad
1884 2426 2252 2492 perﬁciantur.

696 2505 790 2563 Sic
821 2512 963 2565 enim
996 2513 1190 2568 anima:
1236 2516 1452 2570 tandem
1496 2518 1701 2572 innasci
1747 2519 1958 2574 divinas
1993 2523 2251 2576 virtutes:

693 2601 1056 2670 prudentiam,
1085 2621 1205 2674 qua:
1234 2606 1337 2661 hos
1363 2608 1510 2676 ipsos
1539 2608 1705 2662 animi
1740 2621 1917 2664 motus
1945 2611 2253 2667 discernere

691 2694 869 2763 prima
893 2702 1069 2762 potest
1101 2709 1164 2750 ex
1198 2696 1352 2764 ipsis,
1385 2707 1436 2752 et
1480 2714 1545 2752 ex
1594 2699 1860 2754 bonorum
1905 2712 2252 2757 externorum

691 2787 1088 2856 malorumque,
1140 2790 1182 2844 si
1227 2806 1334 2858 qua
1381 2792 1434 2845 in
1477 2792 1635 2847 nobis
1684 2803 1844 2858 sunt,
1891 2796 2151 2862 scientia;
2202 2806 2255 2851 et

691 2882 1270 2951 tcmperantiam,qua3
1313 2884 1366 2937 in
1411 2886 1719 2939 eorumdem
1762 2887 1929 2941 initiis
1973 2899 2114 2943 recte
2156 2890 2252 2942 eli-

691 2970 849 3038 gendi
883 2970 988 3023 vim
1022 2972 1211 3040 habet;
1239 2987 1290 3029 et
1311 2976 1602 3044 justitiam,
1628 2957 1748 3046 quae
1781 2990 1900 3049 apta
1934 2990 1985 3034 et
2012 2999 2250 3053 congrua

690 3057 886 3126 cuique
919 3059 1135 3123 tribuit;
1171 3071 1224 3115 et
1263 3064 1454 3119 horum
1498 3069 1737 3121 omnium
1770 3074 2245 3136 conservatricem,

2375 595 2482 649 θῶν
2521 596 2628 648 τῶν
2668 596 2766 664 τῆς
2802 597 2975 666 ψυχῆς
3015 589 3233 668 θεωρίᾳ
3257 597 3350 648 καὶ
3393 598 3742 668 κατανοήσει,
3779 596 3846 662 ἐξ
3875 589 3940 668 ἧς

2379 689 2607 759 μάλιστα
2651 689 3100 758 κατεγνωσμένης
3148 688 3541 760 κατορθοῦσθαι
3584 689 3643 753 ἐξ
3689 691 3943 760 ἀναρμο-

2376 777 2527 839 στίας
2571 777 2810 844 πέφυκεν
2841 776 2994 847 ἡμῶν
3027 780 3060 846 ἡ
3085 777 3248 847 ψυχὴ,
3274 779 3367 830 καὶ
3390 779 3480 831 ἐπὶ
3507 778 3569 830 τὸ
3609 778 3942 849 κεκριμένον
3973 808 3979 815 -

2374 869 2466 935 καὶ
2510 867 2766 921 εῠτακτον
2815 872 2877 922 ἐκ
2932 871 3372 939 συγκεχυσμένης
3416 867 3843 939 μετατίθεσθαι·
3877 867 3938 921 ἵν’

2373 959 2558 1030 ῶσπερ
2587 963 2642 1013 ἐν
2685 962 2972 1032 κατόπτρῳ
3014 961 3208 1032 ἑαυτὴν
3245 961 3565 1032 θεωρήσασα
3597 961 3812 1031 (αὑτὰς
3846 960 3940 1024 τὰς

2371 1050 2542 1121 ἀρχὰς
2584 1053 2674 1104 καὶ
2709 1053 2872 1122 ρίζας-
2890 1053 2998 1105 τῶν
3044 1053 3245 1117 κακῶν,
3277 1055 3334 1106 τὸ
3373 1053 3559 1120 ἄλογον
3598 1055 3774 1124 αὐτῆς
3814 1054 3938 1119 πᾶν,

2370 1143 2428 1208 ἐξ
2464 1140 2524 1198 οὗ
2556 1145 2623 1198 τὰ
2663 1146 2834 1199 ἄτοπα
2871 1149 3001 1218 ἡμῖν
3035 1148 3381 1200 ἐπανίσταται
3413 1147 3556 1222 πάθη
3577 1164 3591 1177 ·
3634 1149 3730 1201 καὶ
3777 1147 3940 1200 πάλιν

2369 1237 2490 1287 ὅσον
2517 1235 2734 1307 ἄριστον
2760 1237 2928 1306 αὐτῆς
2961 1239 3142 1309 μέρος,
3165 1237 3375 1306 λογικὸν
3404 1239 3490 1306 ὑφ’
3517 1232 3576 1292 οὗ
3606 1237 3937 1308 κρατοῦντος

2371 1327 2520 1397 μένει
2547 1345 2607 1396 γε
2637 1329 2725 1397 ὑφ’
2753 1330 2952 1399 ἑαυτῆς
2980 1330 3089 1400 (87)
3116 1329 3354 1398 ἀϐλαϐὴς
3391 1329 3483 1381 καὶ
3511 1329 3790 1400 ἀπαθής)·
3828 1326 3938 1382 εἶτα

2367 1422 2536 1475 ταῦτα
2576 1423 2632 1474 ἐν
2663 1422 2799 1491 αὑτῇ
2830 1425 3202 1492 κατανοήσασα
3242 1420 3500 1491 ἀκριϐῶς,
3531 1418 3711 1472 πάντα
3745 1419 3850 1488 μὲν
3874 1419 3937 1471 τὰ

2367 1516 2429 1566 ἐκ
2463 1513 2555 1566 τοῦ
2586 1513 2822 1585 χείρονος
2848 1512 3172 1584 ἐκφυόμενα,
3203 1513 3460 1582 ἐκχέοντα
3490 1513 3634 1580 ἡμᾶς
3663 1511 3776 1563 ὑπὸ
3807 1513 3931 1563 ἀκο-

2365 1607 2572 1669 λασίας,
2603 1607 2635 1676 ἢ
2678 1606 3025 1659 συστέλλονται
3057 1606 3151 1660 καὶ
3192 1606 3554 1676 συμπνίγοντα
3595 1603 3706 1656 ύπδ
3745 1621 3928 1657 ταπειτ

2365 1698 2616 1764 νότητος,
2667 1690 2779 1748 οἷον
2815 1696 3004 1766 ἡδονὰς
3043 1699 3136 1750 καὶ
3179 1696 3488 1766 ἐπιθυμίας,
3527 1696 3560 1766 ἢ
3609 1693 3800 1757 λύπας
3843 1695 3918 1746 ut

2366 1787 2577 1855 φόϐους,
2623 1787 2714 1839 καὶ
2748 1788 2869 1849 ὅσος
2907 1789 3019 1850 τοῖς
3057 1789 3235 1856 γένεσι
3268 1788 3440 1842 τοῖσδε
3479 1786 3675 1841 ἕπεται
3724 1787 3920 1853 στοῖχος

2362 1877 2575 1929 κακῶν·
2622 1875 2793 1929 ταῦτα
2837 1878 2932 1947 μὲν
2969 1876 3215 1937 ἐκϐάλλοι
3260 1877 3354 1930 καὶ
3389 1877 3454 1929 ἐκ
3484 1873 3662 1927 ποδῶν
3705 1876 3916 1935 ποιοῖτο,

2359 1968 2437 2020 ἐτι
2489 1969 2808 2040 ἀρχομένοις
2853 1969 2946 2022 καὶ
2991 1971 3113 2040 ἄρτι
3156 1969 3440 2038 φυομένοις
3480 1965 3921 2036 ἐπανισταμένη,

2359 2062 2451 2113 καὶ
2479 2062 2578 2112 οὑκ
2627 2059 2771 2113 ἐῶσα
2800 2060 2920 2112 οὐδὲ
2965 2061 3157 2130 μικρὸν
3199 2059 3401 2126 αὕξειν,
3440 2059 3554 2113 ἀλλ’
3584 2058 3924 2113 amissam

2358 2153 2450 2206 καὶ
2479 2151 2870 2220 ἐξαφανίζουσα
2896 2170 2909 2183 ·
2934 2153 3036 2205 ὅσα
3062 2152 3116 2204 δὲ
3151 2154 3213 2205 ἐκ
3246 2152 3338 2204 τοῦ
3364 2152 3668 2223 κρείττονος
3696 2151 3922 2204 ἀνατέλ-

2357 2245 2435 2297 λει
2475 2246 2603 2314 ἡμῖν
2647 2243 2826 2312 ἀγαθὰ
2853 2242 3000 2306 ὄντα,
3034 2243 3202 2296 ταῦτα
3231 2243 3480 2312 ἐκτρέφοι
3515 2259 3574 2294 τε
3609 2241 3696 2294 καὶ
3724 2240 3922 2294 διασώ-

2356 2334 2460 2398 ζοι,
2485 2337 2575 2388 καὶ
2597 2336 2870 2407 ἀρχόμενα
2896 2334 3186 2405 τιθηνοῢσα
3209 2334 3302 2387 καὶ
3328 2333 3772 2404 συμφυλάττουσα
3793 2333 3921 2402 ἄχρι

2355 2429 2704 2499 τελειότητος.
2749 2427 2903 2480 Οὕτω
2933 2426 3041 2496 γὰρ
3083 2425 3147 2479 ἄν
3180 2441 3308 2478 ποτε
3339 2424 3742 2497 παραγενέσθαι
3776 2423 3918 2493 ψειχῇ

2354 2524 2451 2586 τὰς
2478 2522 2626 2583 Θείας
2651 2520 2850 2591 ἀρετάς
2870 2536 2882 2550 ο
2916 2518 3174 2590 φρόνησίν
3209 2535 3268 2571 τε
3307 2518 3404 2590 τὴν
3444 2518 3583 2572 αὐτὰ
3611 2518 3789 2570 ταῦτα
3822 2514 3920 2584 τῆς

2351 2611 2524 2682 ψυχῆς
2551 2612 2619 2664 τὰ
2642 2613 2911 2682 κινήματα
2936 2612 3139 2680 κρίνειν
3166 2608 3387 2679 πρῶτον.
3407 2608 3712 2679 δυναμένην
3742 2607 3802 2673 ἐξ
3828 2609 3920 2660 αὑ-

2353 2700 2478 2764 τῶν,
2502 2704 2594 2756 καὶ
2621 2703 2717 2772 τῆς
2738 2702 2951 2774 περὶτὰ
2975 2702 3077 2768 ἔξω
3099 2702 3274 2774 ἡμῶν,
3298 2702 3351 2754 ετ
3368 2702 3488 2754 τινά
3509 2702 3678 2765 ἐστιν,
3702 2698 3916 2766 ἀγαθῶν

2352 2795 2444 2847 καὶ
2491 2796 2670 2847 κακῶν
2713 2797 3020 2865 ἐπιστήμης
3062 2794 3385 2864 γενομένης·
3422 2794 3525 2845 καὶ
3570 2791 3914 2862 σωφροσύνην

2350 2884 2446 2953 τὴν
2471 2885 2638 2938 ταῦτα
2663 2887 2719 2938 ἐν
2754 2887 2947 2956 ἀρχαῖς
2981 2884 3152 2954 ὀρθῶς
3180 2883 3501 2954 αἱρουμένην
3529 2872 3765 2952 δύναμιν
3785 2899 3800 2912 ο
3831 2883 3913 2934 καὶ

2348 2976 2706 3045 δικαιοσύνην,
2737 2977 2769 3046 ἢ
2811 2975 2879 3028 τὰ
2917 2975 3041 3039 ἀξια
3068 2975 3316 3037 ἑκάστοις
3359 2973 3619 3044 ἀπονέμει
3649 2974 3798 3044 (88)·
3827 2975 3918 3029 καὶ

2347 3068 2444 3138 τὴν
2478 3067 2693 3120 πάντων
2729 3065 3230 3135 τούτων’σωτηρίαν
3255 3063 3364 3136 (89)
3402 3065 3673 3137 ἀνδρείαν.
3711 3068 3787 3119 υύ
3831 3068 3912 3119 λό-

688 3146 1081 3206 ευνιίιυόίηειη.
1125 3151 1240 3205 Non
1277 3155 1449 3210 verbis
1491 3158 1650 3228 igitur
1679 3162 2091 3228 assueiaciebat,
2133 3180 2252 3235 quae

2354 3173 2471 3224 γοις
2514 3155 2688 3207 τοίνυν
2727 3155 3218 3223 ἀπαγγελλομένοις
3267 3154 3560 3220 συνείθιζεν
3601 3156 3679 3218 ῶς
3725 3157 3789 3228 δὴ
3833 3158 3909 3226 εἴη

690 3240 1073 3294 denuntiarent
1115 3250 1278 3310 atque
1317 3245 1714 3316 proﬁterentur,
1757 3252 2037 3305 scientiam
2078 3255 2232 3308 bono-

691 3345 813 3384 rum
843 3340 896 3384 et
921 3333 1207 3396 malorum,
1240 3335 1322 3388 vel
1354 3336 1720 3391 faciendorum
1754 3351 1804 3393 et
1834 3359 1939 3396 non
1979 3345 2254 3398 faciendo-

688 3436 834 3488 rum,
857 3438 976 3478 esse
1004 3425 1374 3492 prudentiam;
1403 3427 1583 3483 inanis
1628 3431 1812 3498 utique
1855 3444 2012 3502 atque
2046 3438 2253 3492 inutilis

691 3511 806 3564 haec
831 3513 1134 3582 disciplina,
1168 3517 1211 3570 si
1241 3517 1400 3571 verba
1445 3516 1602 3573 factis
1633 3532 1880 3587 careant;
1917 3541 2156 3597 vanaque
2188 3545 2249 3584 ea

689 3603 997 3670 prudentia,
1045 3623 1164 3675 qua:
1213 3623 1317 3661 non
1362 3625 1422 3662 ea
1473 3610 1634 3663 iaciat
1679 3629 1798 3680 qum
1842 3613 2078 3669 iacienda
2121 3624 2246 3682 sint,

690 3710 791 3749 nec
823 3695 890 3750 ab
922 3696 988 3751 iis
1013 3712 1132 3766 qua:
1159 3714 1261 3752 non
1297 3710 1422 3754 sunt
1447 3703 1671 3768 agenda,
1700 3704 1997 3770 deterreat,
2029 3712 2120 3762 sed
2161 3728 2248 3764 so-

688 3784 800 3839 lum
851 3790 1215 3858 cognitionem
1261 3791 1453 3845 borum
1505 3795 1808 3863 suppeditet
1864 3796 1929 3848 iis
1991 3799 2082 3868 qui
2129 3817 2247 3855 eam

689 3879 999 3945 possident,
1034 3882 1222 3948 quales
1255 3886 1526 3940 cernimus
1561 3887 1877 3956 permultos.
1907 3887 2014 3942 Nec
2049 3899 2248 3960 tempe-

684 3970 920 4022 rantiam
940 3975 1552 4048 rursum,eligendorum
1575 3981 2056 4051 fugiendorumque
2081 3987 2248 4039 scien-

690 4060 818 4115 tiam
845 4063 1133 4128 quamdam
1169 4081 1321 4134 esse;
1347 4086 1510 4139 quam
1541 4074 1785 4128 videlicet
1813 4090 1919 4127 non
1957 4075 2244 4132 admodum

688 4151 917 4205 doceant
951 4155 1124 4207 caateri
1154 4157 1489 4229 philosophi,
1526 4179 1587 4216 ac
1633 4165 1899 4234 przecipue
1946 4168 2242 4233 neoterici;

688 4240 780 4308 qui
811 4240 986 4294 verbis
1027 4245 1241 4311 quidem
1287 4251 1493 4303 strenui
1538 4250 1825 4322 fortesque'
1855 4263 1983 4310 sunt
2037 4255 2243 4324 (quales

687 4344 788 4398 ego
806 4344 1039 4397 persatpe
1063 4333 1287 4389 miratus
1311 4353 1450 4404 sum,
1467 4356 1587 4396 cum
1608 4346 1848 4399 eamdem
1875 4349 2122 4400 virtutem
2150 4347 2240 4403 Dei

685 4431 742 4474 et
775 4421 1073 4486 hominum,
1100 4429 1151 4487 et
1179 4423 1285 4478 Deo
1312 4427 1364 4480 in
1399 4433 1580 4498 primis
1609 4438 1837 4490 similem
1869 4442 1921 4494 in
1958 4451 2097 4492 terra
2121 4456 2240 4496 esse

2353 3249 2624 3316 ἐπιστήμη
2673 3246 2890 3313 ἀγαθῶν
2936 3247 3027 3299 καὶ
3074 3246 3277 3309 κακῶν,
3324 3246 3357 3317 ἢ
3401 3248 3666 3318 ποιητέων
3719 3251 3811 3303 καὶ
3853 3250 3904 3300 οὐ

2352 3341 2617 3410 ποιητέων
2651 3341 2682 3410 ἡ
2718 3340 2972 3408 φρόνησις
2995 3356 3008 3369 ·
3043 3339 3198 3391 τοῦτο
3220 3340 3283 3410 δὴ
3317 3341 3376 3392 τὸ
3403 3343 3556 3394 κενὸν
3585 3344 3682 3395 καὶ
3714 3345 3899 3410 ἀνωσε-

2351 3433 2439 3494 λές
2481 3431 2726 3503 μάθημα,
2772 3433 2818 3484 εί
2861 3433 2888 3483 ὁ
2929 3430 3083 3498 λόγος
3123 3433 3206 3502 εἰή
3257 3433 3362 3485 τῶν
3407 3433 3582 3504 ἔργων
3630 3434 3781 3502 δίχα,
3824 3435 3902 3486 καὶ

2351 3523 2606 3594 φρόνησις
2643 3522 2760 3591 οὐχὶ
2803 3520 3028 3574 ποιοῦσα
3058 3521 3374 3597 τάλποιητά,
3409 3525 3500 3576 καὶ
3531 3525 3909 3594 ἀποτρέπουσα

2349 3615 2453 3668 τῶν
2491 3615 2549 3667 ού
2595 3614 2829 3684 ποιητῶν
2859 3612 3003 3682 (90),
3037 3613 3320 3678 γινώσκειν
3362 3615 3419 3668 δὲ
3462 3613 3634 3667 ταῦτα
3682 3633 3912 3686 παρεχο-

2352 3707 2483 3779 μένη
2517 3711 2628 3771 τοῖς
2671 3707 2884 3778 ἔχουσιν
2913 3706 3100 3775 αὐτὴν,
3133 3706 3274 3769 οἴους
3305 3706 3531 3769 πολλοὺς
3567 3707 3809 3777 ὁρῶμεν.
3853 3707 3911 3758 Ἦ

2346 3799 2404 3852 δὲ
2428 3799 2742 3869 σωφροσύνη
2773 3798 2930 3851 πάλιν
2955 3798 3034 3849 ὅτι
3059 3797 3120 3868 δὴ
3156 3797 3239 3868 εἴη
3263 3816 3345 3861 τις
3377 3798 3649 3866 ἐπιστήμη
3681 3797 3911 3853 αἱρετῶν

2347 3890 2440 3941 καὶ
2465 3890 2559 3959 οὐχ
2595 3888 2842 3959 αἱρετῶν,
2874 3890 2933 3941 οὐ
2966 3887 3104 3940 πάνυ
3129 3905 3182 3940 τι
3213 3885 3558 3940 διδασκόντων
3599 3885 3780 3954 αὐτὴν
3808 3887 3910 3938 τῶν

2347 3982 2517 4034 ἄλλων
2557 3981 2875 4050 φιλοσόφων,
2923 3983 3017 4033 καὶ
3065 3978 3300 4050 μάλιστά
3332 3991 3394 4044 γε
3448 3974 3551 4027 τῶν
3598 3975 3906 4045 νεωτέρων,

2345 4075 2509 4125 ὄντων
2534 4075 2627 4144 μὲν
2652 4074 2880 4126 εύτόνων
2905 4074 2995 4126 καὶ
3020 4072 3341 4143 ἐρρωμένων
3365 4071 3473 4130 τοῖς
3515 4065 3692 4134 λόγοις
3745 4067 3909 4137 (οἴους

2345 4165 2452 4232 ἐγὼ
2479 4166 2733 4228 πολλάκις
2759 4165 3058 4235 ἐθαύμασα,
3088 4165 3213 4216 ὅταν
3233 4161 3329 4230 τὴν
3355 4160 3521 4230 αὐτὴν
3544 4158 3748 4229 ἀρετὴν
3772 4160 3903 4211 Θεοῦ

2345 4253 2436 4305 καὶ
2462 4253 2555 4306 ἀνθ
2566 4254 2778 4323 ρώπων,
2809 4255 2900 4306 καὶ
2926 4255 3016 4306 ἐπὶ
3041 4253 3144 4322 γῆς
3167 4251 3234 4303 τά
3258 4248 3448 4319 πρῶτα
3477 4249 3595 4320 Θεῷ
3622 4245 3736 4301 ἴσον
3760 4247 3902 4302 εἶναι

2342 4343 2432 4394 τὸν
2467 4345 2628 4410 σοφὸν
2664 4344 2942 4413 ἄνθρωπον
2964 4341 3333 4408 ἀποδείξωσιν)
3353 4358 3366 4369 ·
3398 4339 3518 4393 οὔτε
3556 4339 3611 4393 δὲ
3643 4341 3740 4410 τὴν
3769 4342 3904 4412 φρό-

2341 4451 2494 4502 νησιν
2522 4435 2596 4496 ὡς
2639 4437 2730 4487 καὶ
2757 4437 2898 4487 ποιεῖ
2926 4435 3032 4499 (9|)
3055 4449 3139 4494 τις
3166 4432 3233 4484 τὰ
3273 4432 3613 4501 φρονήσεως·
3649 4431 3772 4483 οὗτε
3805 4433 3901 4501 τὴν

685 4515 981 4582 sapientem
1017 4515 1491 4592 demonstrarent);
1528 4543 1623 4581 nec
1663 4531 2026 4599 prudentiam,
2066 4542 2122 4584 ut
2157 4533 2236 4586 fa-

2354 4525 2692 4594 σωιρροσύνην
2734 4526 2808 4585 ῶς
2847 4525 2939 4577 καὶ
2977 4523 3177 4595 αἱρεῖτό
3213 4540 3294 4586 τις
3329 4523 3479 4577 ταῦθ’
3521 4525 3659 4593 ἀπερ
3704 4521 3899 4593 ἔμαθε,

684 4609 795 4661 ciat
819 4607 1086 4676 quispiam
1117 4625 1237 4678 quae
1277 4623 1403 4667 sunt
1436 4619 1756 4688 prudentia;
1793 4639 1890 4678 nec
1938 4634 2237 4692 temperan-

684 4702 838 4765 tiam,
872 4710 1010 4755 utea
1045 4702 1205 4772 eligat
1247 4719 1365 4772 quae
1407 4707 1608 4776 didicit,
1655 4715 1885 4770 tribuere
1926 4718 2132 4781 valent;
2174 4717 2238 4769 de

686 4792 949 4861 injustitia
983 4794 1164 4848 itidem
1204 4811 1268 4849 ac
1314 4795 1626 4856 fortitudine
1669 4807 1898 4862 inaniter
1941 4809 2234 4877 disputant.

683 4881 800 4937 Non
836 4887 914 4941 sic
939 4889 1039 4942 iste
1061 4889 1215 4943 nobis
1239 4891 1304 4943 de
1333 4891 1616 4949 virtutibus
1646 4901 1822 4953 verbis
1857 4903 2030 4955 solum
2065 4902 2238 4955 disse-

684 4976 854 5040 rebat,
882 4979 974 5032 sed
1023 4979 1087 5032 ad
1138 4994 1296 5049 Opera
1343 4981 1521 5049 potius
1564 4984 1845 5055 incitabat;
1887 5002 1937 5044 et
1982 4992 2237 5046 incitabat

685 5069 936 5134 operibus
967 5073 1137 5140 magis
1165 5071 1428 5139 factisque
1452 5087 1611 5138 quam
1638 5077 1830 5133 verbis.

757 5156 820 5211 X.
864 5159 1015 5229 ROgo
1041 5171 1221 5215 autem
1249 5163 1602 5231 philosophos
1628 5167 1715 5232 qui
1746 5183 1886 5223 nunc
1913 5184 2055 5239 sunt,
2074 5185 2234 5243 quot-

687 5256 813 5311 quot
852 5252 976 5304 novi
1017 5251 1150 5320 ipse,
1202 5263 1255 5307 et
1286 5269 1421 5322 quos
1459 5254 1579 5306 aliis
1625 5261 1967 5315 narrantibus
2019 5267 2228 5318 audivi-

909 5430 1033 5515 Ὑφ’
1065 5432 1608 5515 ἐᾳιντῆςλβεηξζθιίιιε
1633 5435 1878 5515 rescribit
2017 5443 2228 5515 ἑαυτῆς.

761 5497 884 5570 (διδλ
914 5497 1370 5570 ᾎπονέμειξδίο
1415 5497 1640 5558 Vossius
1685 5514 1736 5557 et
1799 5521 1896 5558 nis.
1944 5497 2233 5570 Vaticanus

684 5563 1407 5642 aptt‘i‘i‘pelaruc.'Bengelius
1439 5591 1563 5628 cum
1589 5574 1913 5642 Hoesehelio,
1951 5563 2228 5642 ἀπονέμοῖ

759 5632 1536 5713 (δῶ-,ΣωτηρίᾳνῘΣώτειραν
1570 5645 1852 5713 legendum
1892 5632 2233 5707 existii'iiabat

685 5699 1005 5786 Betigel'ius,'
1039 5699 1104 5758 εὶ
1151 5710 1216 5786 iis
1264 5728 1381 5779 quae
1426 5699 1563 5786 infra
1611 5699 1905 5772 occurrunt

683 5786 804 5845 cap.
839 5773 919 5836 ll,
947 5773 1200 5848 σώτειράν
1221 5773 1340 5836 τινα
1371 5784 1461 5836 καὶ
1493 5786 1723 5854 φύλακα.

2341 4613 2671 4684 παραδοῦναι
2703 4614 3009 4684 δυναμένων
3031 4632 3042 4643 ·
3084 4614 3275 4684 ὁμοίως
3313 4615 3368 4666 δὲ
3411 4616 3545 4668 κάπὶ
3577 4615 3676 4682 τῆς
3701 4615 3899 4667 δικαιο-

2341 4701 2524 4771 σύνης,
2575 4704 2666 4753 καὶ
2698 4703 2788 4753 ἐπὶ⁵
2838 4703 2933 4771 τῆς
2966 4702 3229 4772 ἀνδρείας.
3279 4705 3387 4775 Ούχ
3426 4704 3596 4766 οὕτως
3637 4701 3791 4765 οὗτος
3828 4703 3892 4754 τὰ

2339 4794 2463 4864 περὶ
2507 4794 2712 4863 ἀρετῶν
2756 4797 2886 4865 ἡμῖν
2929 4795 3124 4866 διεξῄει
3169 4795 3364 4864 λόγοις,
3408 4799 3499 4851 ἐπὶ
3543 4797 3602 4849 δέ
3647 4797 3717 4850 τὰ
3764 4797 3893 4868 ἔργα

2341 4886 2538 4956 μᾶλλον
2567 4889 2894 4955 παρεκάλει·
2925 4890 3016 4940 καὶ
3049 4890 3338 4960 παρεκάλει
3364 4890 3525 4943 πλέον
3552 4891 3664 4952 τοῖς
3696 4889 3893 4962 ἔργοις,

2339 4977 2370 5048 ἢ
2404 4971 2482 5039 οἷς
2516 4977 2716 5045 ἔλεγεν.

2407 5160 2462 5210 l'.
2511 5156 2851 5227 Ἐξαιτοῦμαι
2896 5159 2951 5212 δὲ
2998 5162 3146 5232 παρά
3190 5179 3247 5213 τε
3296 5159 3596 5227 φιλοσόφων
3644 5161 3754 5214 τῶν
3801 5163 3897 5217 νῦν

2335 5251 2520 5312 ὄντων,
2556 5250 2711 5309 ὅσους
2743 5249 2902 5312 αὐτὸς
2927 5251 3114 5320 ἔγνων,
3151 5251 3242 5304 καὶ
3281 5251 3437 5312 ὅσους
3471 5250 3644 5305 ἀλλων
3675 5253 3896 5325 διηγου-

2407 5447 2517 5514 (90)
2558 5445 2841 5527 Ποιητὰ...
2888 5447 3160 5527 ποιητῶν.
3205 5447 3367 5503 Forte
3411 5450 3697 5522 legendum
3737 5471 3897 5527 ποιη-

2334 5523 2498 5576 τέα...
2533 5517 2819 5588 ποιητέων,
2847 5529 2902 5571 ιιι
2936 5523 3096 5588 paulo
3126 5529 3268 5573 ante.

2408 5591 2517 5658 (9i)
2554 5575 2729 5666 Ποὶεξ.
2766 5575 3047 5666 Bengeiius
3077 5591 3202 5656 legit
3233 5591 3390 5666 ποιοῖ.
3418 5589 3482 5644 Et
3509 5609 3632 5666 mox
3663 5595 3894 5666 αἱροῖτο.

2335 5663 2484 5715 lianc
2508 5658 2860 5733 posteriorem
2890 5660 3170 5733 lectionem
3201 5662 3446 5733 sequitur
3461 5665 3619 5717 etiam
3654 5658 3898 5733 Impetus

2336 5733 2510 5804 editor
2539 5727 2879 5795 Parisiensis,
2916 5730 3008 5798 qui
3051 5739 3230 5786 tamen
3263 5727 3457 5787 retinet
3486 5727 3895 5804 priorem-Vos-

2343 5814 2568 5864 sianam.
