4094 6354
221 469 378 528 1081

1221 472 1290 528 ΙΝ
1331 469 1692 528 ORIGENEM
1731 469 1986 528 ORATIO
2022 467 2477 528 PANEGYRICA.

3315 464 3456 521 £08!

221 589 418 659 μένων
450 590 655 661 ἥκουσα
680 607 694 619 ·
730 591 822 644 καὶ
855 591 1001 660 παρὰ
1033 591 1139 645 τῶν
1169 591 1339 646 ἄλλων
1383 592 1438 646 δὲ
1474 591 1788 664 ἀνθρώπιον,

1900 591 2147 644 homines
2177 592 2302 644 item
2335 600 2583 655 caeteros,
2614 597 2674 643 ut
2705 603 2827 658 qua:
2852 602 2882 644 a
2910 569 3067 643 nobis
3093 600 3238 642 nunc
3262 576 3460 646 dicun¥

217 681 589 751 ἀνεμεσήτως
618 680 758 749 ἔχειν
783 679 916 750 πρὸς
937 679 1003 732 τὰ
1028 679 1122 732 νῦν
1153 681 1284 750 ἡμῖν
1308 680 1593 750 λεγόμενα.
1623 679 1714 750 Μὴ
1740 679 1796 732 δέ

221 771 300 840 μέ
339 788 424 835 τις
456 773 486 841 ἢ
523 770 670 841 φιλίᾳ
699 773 762 841 τῇ
799 769 935 841 πρὸς
957 770 1047 824 τὸν
1077 771 1263 842 ἄνδρα,
1299 771 1331 841 ἢ
1365 773 1458 824 καὶ
1498 769 1798 840 ἀπεχθανό-

219 878 400 931 μενον
426 861 504 914 ἔτι
527 864 634 923 τοῖς
658 860 860 924 λοιποῖς
894 859 1197 929 φιλοσόφοις
1225 854 1318 930 (ὧν
1350 862 1506 932 εἴπερ
1532 879 1614 924 τις
1641 860 1795 924 ἄλλος

215 953 330 1006 καὶ
365 954 528 1021 αὐτὸς
570 953 802 1023 ἐραστής
843 969 900 1004 τε
931 950 1020 1004 διὰ
1061 953 1186 1015 τοὺς
1225 939 1418 1020 λόγους
1456 947 1594 1004 εἶναι
1634 951 1794 1015 θέλω,

215 1046 324 1098 καὶ
357 1045 622 1116 εὐφημεῖν
652 1045 846 1109 αὐτοὺς
892 1043 1167 1115 βούλομαι,
1196 1044 1356 1108 αὑτός
1390 1061 1448 1096 τε
1479 1045 1570 1098 καὶ
1599 1044 1797 1112 ἐτέρων

187 1137 294 1189 -τὰ
332 1136 592 1189 κάλλιστα
616 1135 875 1204 λεγόντων
901 1137 1025 1208 περὶ
1051 1136 1230 1189 αὐτῶν
1255 1137 1469 1188 ἀκούειν
1489 1154 1502 1166 ο
1531 1134 1666 1188 ἀλλὰ
1690 1135 1796 1205 γὰρ

213 1227 456 1280 τοιαῦτα
496 1227 661 1288 ἐστιν,
701 1225 776 1290 ὡς
820 1229 900 1289 είς
941 1227 1162 1296 ἔσχατον
1214 1225 1650 1298 περιυϐρίζεσθαι
1699 1226 1798 1296 μὲν

216 1315 337 1369 ὑπὸ
366 1316 581 1369 πάντων
611 1316 792 1385 σχεδὸν
826 1317 920 1370 κει)⁵
945 1315 1176 1387 τοῦνομα
1201 1316 1298 1386 τῆς
1327 1317 1641 1386 φιλοσοφίας
1659 1333 1672 1346 ·
1697 1316 1796 1386 ἐμὲ

211 1407 277 1460 δὲ
335 1407 532 1478 μικροῦ
579 1407 687 1459 δεῖν
729 1407 1018 1460 ἰδιωτεύειν
1067 1407 1277 1461 ἑλέσθαι
1319 1408 1515 1476 πάντη,
1559 1407 1700 1478 ἥπερ
1742 1423 1794 1459 τι

220 1497 429 1568 μαθεῖν
476 1491 550 1551 ῶν
585 1493 724 1551 οὗτοι
759 1497 1212 1566 ἀπαγγέλλουσιν,
1240 1495 1320 1562 οἷς
1361 1497 1447 1552 διὰ
1480 1499 1569 1552 τὸν
1609 1499 1795 1550 λοιπὸν

219 1586 346 1657 βίον
377 1586 500 1639 οὐδὲ
525 1587 800 1653 προσιέναι
824 1585 971 1652 ἀξιον
1002 1582 1140 1640 εἶναι
1166 1587 1397 1652 ἐδόκουν,
1425 1587 1553 1652 ἴσως
1584 1583 1683 1640 οὐκ
1707 1590 1798 1658 ὀρ-

217 1677 339 1742 θῶς
370 1677 529 1731 τοῦτο
559 1677 809 1748 φρονῶν).
840 1678 986 1748 Πλὴν
1028 1679 1100 1750 μή
1137 1679 1205 1750 μέ
1237 1697 1320 1743 τις
1363 1680 1638 1751 φιλοτιμίᾳ
1665 1680 1795 1743 τινὶ,

216 1769 348 1840 ἦτοι
382 1769 491 1822 τῶν
521 1771 600 1832 είς
632 1769 722 1822 τὸν
752 1771 918 1842 ἄνδρα
944 1771 1195 1834 ἐπαίνων,
1222 1772 1254 1842 ἢ
1281 1774 1358 1841 τῇ
1379 1773 1664 1843 πρδςτοὺς
1694 1771 1797 1836 ἔξω

217 1859 552 1928 φιλοσόφους
580 1860 713 1932 ἄλλῃ
747 1861 918 1934 ταύτῃ
961 1861 1237 1934 φιλοτιμίᾳ
1269 1862 1376 1932 (91)
1415 1863 1589 1917 ταῦτα
1621 1863 1797 1931 λέγειν

219 1950 622 2022 ὕπονοησάτωο
665 1952 800 2006 ἀλλὰ
825 1953 920 2005 καὶ
959 1953 1256 2025 μικρότερα
1295 1955 1444 2024 ἡμᾶς
1488 1953 1595 2016 τῶν
1630 1953 1795 2007 αὐτοῦ
1825 1997 1868 2051 Β

218 2041 428 2114 ἔργων,
480 2043 554 2114 μὴ
593 2044 905 2099 κολακεύειν
938 2045 1240 2114 δοκοίημεν,
1284 2045 1459 2123 λέγειν
1498 2047 1794 2109 πεπείσθω,

221 2127 352 2196 οὐχὶ
397 2128 617 2198 ῥήματα
659 2128 754 2180 xa‘t
800 2129 1066 2199 ὀνόματα,
1099 2129 1193 2182 καὶ
1233 2127 1486 2200 ἀφορμὰς
1515 2125 1790 2194 ἐντέχνους

221 2217 523 2287 ἐγκωμίων
557 2218 770 2282 ἑαυτοῖς
807 2219 1257 2292 ἐκποριζομένους
1298 2220 1408 2287 (95)
1431 2259 1447 2281 ,
1474 2220 1534 2282 ὃς
1567 2218 1671 2271 οὐδ’
1702 2219 1792 2271 ὅτε

227 2307 517 2375 μειράκιον
540 2305 636 2369 ῶν,
666 2309 764 2379 τὴν
785 2309 1004 2381 δημώδη
1036 2312 1326 2382 ῥητορικὴν
1351 2312 1415 2363 ἐκ
1438 2311 1659 2382 ῥήτορος
1687 2311 1796 2364 ἐδι·

226 2395 546 2466 δασκόμην,
588 2398 860 2461 ἐπαινεῖν,
894 2399 986 2452 καὶ
1012 2399 1188 2466 λέγειν
1219 2399 1344 2469 περί
1378 2415 1468 2452 του
1498 2397 1790 2468 ἐγκώμιον,

233 2487 268 2539 ὃ
296 2503 350 2538 τι
395 2486 466 2556 μὴ
495 2485 694 2556 ἀληθὲς
728 2483 826 2558 ἦν,
871 2489 1009 2542 ἐκὼν
1042 2490 1325 2559 ὑπέμενον.
1367 2491 1442 2542 οὐ
1473 2491 1651 2543 τοίνυν
1675 2490 1792 2543 οὐδὲ

231 2573 354 2637 νῦν,
382 2577 618 2628 ἐπαινεῖν
645 2576 977 2647 προθέμενος
1002 2577 1185 2640 ἁπλῶς
1203 2617 1217 2640 ,
1243 2582 1354 2642 τοῖς
1389 2580 1584 2650 ἑτέρων
1607 2579 1792 2648 ψόγοις

230 2665 422 2718 τοῦτον
468 2665 701 2738 ἐξαίρειν
744 2662 896 2744 οἶμαι
929 2667 1068 2719 δεῖν·
1100 2668 1132 2738 ἢ
1171 2669 1355 2731 κακῶς
1375 2669 1440 2722 ἂν
1468 2671 1576 2739 (94)
1608 2671 1792 2740 ἔλεγον

223 2757 322 2809 τὸν
352 2757 536 2828 ἄνδρα,
568 2760 680 2821 τοῖς
709 2757 880 2812 ἄλλων
912 2758 1262 2828 πταίσμασιν,
1290 2760 1375 2811 ἵνα
1398 2777 1449 2813 τι
1473 2761 1600 2831 περὶ
1624 2761 1789 2816 αὑτοῦ

228 2849 415 2919 μεῖζον
460 2849 523 2920 δὴ
570 2848 746 2918 λέγειν
789 2850 1000 2921 ἔχοιμι,
1039 2839 1366 2922 παραϐαλὼν
1406 2852 1496 2904 τὸν
1523 2854 1790 2924 μακάριον

228 2939 396 2994 αὑτοῦ
429 2941 542 3010 βίον
560 2958 574 2971 ’
605 2942 702 3012 οὐχ
732 2940 903 3005 οὕτως
935 2943 1263 3012 ἀφραίνομεν
1282 2960 1296 2973 ·
1335 2941 1450 2997 ἀλλ’
1479 2944 1606 2996 αὐτὸ
1632 2945 1661 2996 δ
1688 2944 1788 2997 πέ-

219 3034 416 3097 πονθα,
447 3034 572 3104 δίχα
610 3034 750 3098 τινὸς
779 3035 1088 3106 παραϐολῆς
1123 3035 1213 3087 καὶ
1245 3034 1573 3106 πανουργίας
1601 3036 1697 3106 τῆς
1728 3039 1786 3090 ἐν

215 3121 425 3189 λόγοις,
449 3122 777 3192 ὁμολογήσω.

291 3214 398 3265 IA'.
427 3209 594 3277 Οὗτός
625 3235 694 3286 με
721 3218 934 3290 πρῶτος
965 3220 1060 3274 καὶ
1093 3221 1252 3292 μόνος
1272 3223 1366 3276 καὶ
1397 3224 1493 3296 τὴν
1525 3225 1790 3298 Ἐλλήνων

1895 690 2004 745 tur,
2028 695 2184 750 aaquo
2219 682 2403 734 animo
2429 679 2716 749 accipiant.
2747 677 2857 734 Nec
2884 691 3012 733 vero
3051 693 3141 735 me
3168 677 3459 748 quisquam

1896 774 2010 826 haec
2054 773 2235 826 dicere
2277 772 2569 825 arbitretur
2608 781 2702 831 aut
2741 784 2925 823 amore
2967 783 3100 839 erga
3136 759 3332 833 virum,
3365 781 3463 835 aut

1897 861 2225 930 reliquorum
2254 860 2702 930 philosppborum
2721 861 2847 915 odio
2871 860 3056 928 (quos,
3077 859 3125 919 si
3150 859 3272 928 quis
3297 859 3460 922 alius,

1896 961 1951 1006 et
1975 968 2160 1006 amare
2189 961 2407 1021 propter
2443 965 2744 1013 sermones,
2790 961 2844 1006 et
2886 951 3107 1011 laudare
3155 950 3270 1020 ipse
3313 950 3467 1020 volo,

1897 1053 1954 1100 et
1986 1045 2122 1099 alios
2155 1046 2516 1114 pulcherrima
2555 1046 2622 1100 de
2659 1045 2792 1116 ipsis
2833 1045 3075 1103 dicentes
3108 1045 3295 1102 audire
3323 1065 3336 1102 :
3365 1032 3462 1100 ve-

1897 1155 2019 1192 rum
2043 1140 2158 1192 haec
2191 1139 2407 1192 illorum
2449 1139 2576 1193 talia
2621 1147 2771 1206 sunt,
2803 1148 2864 1194 ut
2913 1155 3126 1194 summa
3166 1140 3289 1194 inde
3327 1154 3470 1195 con-.

1898 1229 2119 1282 tumelia
2151 1229 2218 1283 ab
2257 1229 2515 1284 omnibus
2546 1230 2936 1299 propemodum
2967 1229 3230 1284 adiciatur
3263 1243 3463 1283 nomen

1898 1320 2075 1389 ipsum
2122 1321 2512 1390 philosophiae;
2560 1330 2613 1376 et
2649 1337 2750 1392 ego
2795 1322 3015 1386 malim,
3063 1335 3214 1389 parne
3259 1314 3501 1385 dicam,‘

1896 1411 2182 1479 imperitus
2207 1413 2368 1481 plane
2394 1428 2538 1480 esse,
2572 1429 2734 1483 quam
2786 1415 2991 1484 aliquid
3021 1428 3208 1468 eorum
3251 1411 3463 1468 discere

1895 1519 2018 1572 quae
2059 1503 2161 1572 ipsi
2194 1500 2548 1574 proﬁtentur;
2588 1505 2652 1558 ad
2687 1521 2826 1575 quos
2863 1505 2980 1575 ipse
3013 1504 3231 1575 reliqua
3266 1505 3319 1558 in
3348 1505 3462 1561 vita

1896 1593 2173 1659 accedere,
2205 1593 2484 1664 indignum
2515 1595 2808 1661 ducebam;
2841 1609 3122 1664 perperam
3153 1593 3384 1649 lortasse
3407 1593 3462 1648 id
3529 1621 3532 1624 ~

1848 1735 1849 1738 η
1897 1683 2181 1754 sentiens).
2231 1683 2342 1740 Nec
2398 1701 2551 1752 vero,
2608 1686 2851 1755 inquam,
2906 1700 2993 1740 me
3045 1686 3333 1756 quisquam
3375 1683 3463 1740 vel

1897 1778 2080 1832 studio
2118 1778 2302 1848 aliquo
2339 1778 2594 1833 laudandi
2626 1778 2768 1844 viri,
2801 1778 2885 1832 vel
2931 1778 3040 1837 ullo
3080 1778 3136 1832 in
3175 1787 3466 1834 extraneos

1897 1870 2253 1939 phil050phos
2285 1872 2430 1938 odio,
2465 1871 2581 1926 haec
2610 1871 2791 1928 dicere
2839 1871 3177 1941 suspicetur;
3221 1870 3316 1926 sed
3361 1871 3469 1924 mi-

1897 1980 2030 2020 nora
2081 1968 2244 2020 etiam
2280 1967 2424 2022 illius
2469 1967 2647 2033 laetis,
2690 1982 2761 2021 ne
2806 1966 3012 2021 adulari
3052 1967 3253 2031 videar,
3283 1965 3468 2022 dicere

1896 2057 2114 2122 credat;
2163 2071 2273 2111 non
2301 2059 2465 2112 verba
2511 2067 2567 2112 et
2609 2057 2851 2120 nomina,
2884 2057 3316 2127 artiﬁciosasque
3345 2056 3466 2111 lau-

1895 2145 2023 2198 dum
2055 2145 2371 2200 occasiones
2400 2146 2812 2216 exquirentem;
2846 2145 2939 2215 qui
2985 2160 3052 2199 ne
3089 2145 3465 2206 adolescentu-

1895 2234 1982 2290 lus
2005 2235 2245 2304 quidem,
2275 2241 2398 2290 cu‘m
2443 2237 2758 2306 popularem
2789 2235 3150 2306 eloquentiam
3177 2250 3209 2290 a
3247 2237 3462 2291 rhetore

1894 2327 2137 2392 doci'rer,
2193 2327 2381 2383 laudes
2430 2328 2736 2398 cuiuspiam
2778 2338 2969 2398 sponte
3014 2328 3264 2398 persequi
3305 2335 3463 2398 pote-

1897 2435 2035 2481 ram,
2069 2435 2190 2488 qua:
2216 2436 2354 2474 vera:
2388 2436 2494 2473 non
2522 2431 2725 2475 essent.
2757 2419 2936 2486 Quare
2966 2435 3141 2489 neque
3161 2434 3305 2474 nunc
3329 2419 3464 2474 sim-

1894 2511 2106 2580 pliciter
2129 2511 2350 2564 laudare
2380 2511 2692 2574 instituens,
2716 2494 2946 2565 aliorum
2973 2511 3465 2579 vituperationibus

1893 2601 2092 2655 extolli
2109 2602 2252 2654 hunc
2276 2613 2524 2670 oportere
2545 2603 2797 2655 arbitror.
2832 2600 2898 2653 Et
2920 2603 3038 2654 viro
3062 2601 3195 2655 sane
3223 2602 3461 2671 injurius

1893 2708 2091 2757 essem,
2119 2693 2164 2745 si
2191 2692 2422 2745 aliorum
2461 2692 2631 2756 vitiis,
2664 2701 2722 2744 ut
2763 2691 2940 2758 majus
2983 2690 3184 2758 aliquid
3234 2690 3300 2744 de
3339 2692 3462 2760 ipso

1892 2781 2072 2835 dicere
2105 2780 2353 2843 habeam,
2388 2781 2598 2833 beatam
2623 2780 2744 2848 ejus
2774 2780 2938 2832 vitam
2971 2775 3408 2835 conferre'velim
3438 2798 3456 2838 :

1893 2889 1999 2926 non
2033 2872 2168 2926 adeo
2193 2888 2314 2926 sum
2342 2887 2564 2936 amens;
2608 2872 2700 2926 sed
2736 2872 2881 2942 quod
2913 2871 3046 2926 mihi
3081 2872 3296 2939 accidit,
3339 2873 3459 2928 sine

1892 2964 1999 3026 ulla
2048 2966 2394 3023 contentione
2437 2965 2694 3034 nulloque
2737 2963 3001 3018 orationis
3055 2962 3182 3018 fuco
3233 2965 3460 3026 confite-

1889 3054 2010 3108 hor.

1958 3211 2049 3277 XI.
2093 3214 2190 3269 llic
2227 3229 2312 3268 me
2349 3215 2556 3283 primus
2596 3229 2661 3268 ac
2693 3213 2865 3279 solus,
2901 3223 2960 3270 ut
2990 3215 3300 3271 Gracorum
3334 3217 3458 3287 phk

219 3303 540 3374 φιλοσοφίαν
572 3307 877 3376 φιλοσοφεῖν
919 3311 1316 3382 προύτρέψατο,
1345 3317 1456 3378 τοῖς
1491 3316 1645 3387 ἤθεσι
1674 3319 1787 3380 τοῖς

1889 3301 2150 3373 losophiae
2182 3319 2400 3372 operam
2433 3305 2642 3368 darem,
2686 3304 2938 3360 hortatus
2971 3315 3087 3374 est;
3126 3308 3242 3362 suis
3283 3308 3454 3377 ipsius

223 3394 376 3459 ἰδίοις
405 3395 589 3460 αὐτοῦ,
629 3399 724 3450 καὶ
767 3399 861 3476 τοῦ
903 3402 1031 3473 περὶ
1071 3403 1218 3471 ἠθῶν
1247 3404 1477 3459 ἀκοῦσαι
1523 3408 1614 3460 καὶ
1654 3409 1784 3462 ἀνα-

227 3484 445 3553 σχέσθαι
492 3486 654 3556 λόγου
700 3491 911 3554 πείσας,
956 3493 1054 3545 οὐκ
1098 3493 1164 3546 ἂν
1205 3495 1494 3550 πεισθέντα
1531 3499 1654 3552 ὅσον
1695 3502 1787 3554 ἐπὶ

221 3579 337 3640 τοῖς
366 3577 541 3644 ἄλλοις
577 3580 886 3653 φιλοσόφοις
915 3581 1108 3664 (πάλιν
1143 3586 1442 3658 ὁμολογῶ),
1477 3590 1576 3644 οὐκ
1612 3592 1788 3664 ὀρθῶς

224 3666 346 3736 μὲν,
367 3667 641 3741 δυστυχῶς
656 3671 734 3736 δὲ,
761 3672 954 3743 μικροῦ
975 3674 1104 3737 δεῖν,
1134 3677 1264 3745 ἡμῖν
1287 3715 1302 3730 .
1326 3679 1400 3729 Οὐ
1430 3680 1620 3748 μενοῦν
1672 3683 1784 3754 (95)

206 3756 341 3809 οὐδὲ
385 3758 623 3815 πλείοσιν
666 3761 914 3833 ἐνέτυχον
953 3763 1016 3816 τὸ
1069 3763 1300 3834 πρῶτον,
1339 3763 1538 3833 ὀλίγοις
1576 3766 1634 3820 δέ
1677 3786 1785 3822 τισι

215 3849 332 3910 τοῖς
359 3848 628 3905 διδάσκειν
659 3852 1162 3925 ἐπαγγελλομένοις,
1199 3855 1330 3909 ἀλλὰ
1372 3855 1478 3928 γὰρ
1512 3859 1642 3911 πᾶσι
1691 3861 1786 3930 μέ-

215 3956 310 4010 χρι
359 3941 614 4012 ῥημάτων
653 3945 713 3998 τὸ
759 3946 1060 4016 φιλοσοφεῖν
1103 3949 1380 4018 στήσασιν.
1415 3944 1578 4012 Οὗτος
1623 3950 1680 4003 δέ
1716 3971 1783 4021 με

215 4029 436 4100 πρῶτος
459 4035 551 4088 καὶ
576 4039 689 4100 τοῖς
718 4037 894 4107 λόγοις
921 4038 1224 4108 φιλοσοφεῖν
1256 4041 1646 4112 προύτρὰᾦατο,
1672 4045 1783 4107 τοῖς

213 4123 402 4209 ἔργοις
429 4125 638 4194 φθάσας
667 4129 764 4201 τὴν
787 4131 876 4185 διὰ
905 4130 1073 4200 λόγων
1106 4120 1440 4205 προτροπὴν,
1469 4135 1567 4188 οὐκ
1597 4136 1782 4204 ἀπαγ-

213 4215 424 4284 γέλλων
462 4217 618 4286 μόνον
662 4224 878 4294 ῥήματα
920 4224 1347 4295 μεμελετημένα,
1383 4227 1499 4281 ἀλλ’
1531 4230 1650 4281 οὐδὲ
1699 4227 1782 4281 λέ-

213 4323 336 4375 γειν
357 4305 544 4374 ἀξιῶν,
567 4312 614 4363 εί
638 4312 712 4384 μὴ
739 4315 834 4367 σὺν
855 4315 1132 4387 εἰλικρινεῖ
1157 4319 1222 4387 τῇ
1246 4317 1439 4391 γνώμῃ
1463 4320 1556 4374 καὶ
1579 4319 1779 4391 πρᾶξαι

215 4397 286 4450 τὰ
309 4399 574 4470 εἰρημένα
605 4403 978 4480 ἀγωνιουμένῃ
1005 4406 1157 4460 τοῦτο
1193 4412 1336 4461 ποιοῖ
1367 4411 1506 4480 (96)·
1543 4413 1574 4482 ἢ
1611 4411 1781 4464 τοιοῦ-

214 4504 307 4541 τον
334 4489 524 4543 ἑαυτὸν
555 4497 930 4566 παρασχέσθαι
957 4499 1306 4571 πειρώμενος,
1341 4497 1450 4554 οἷον
1471 4507 1580 4565 τοῖς
1607 4503 1779 4571 λόγοις

212 4578 434 4644 διέξεισι
459 4580 552 4634 τὸν
575 4584 754 4649 καλῶς
788 4588 1132 4661 βιωσόμενον,
1159 4593 1250 4645 καὶ
1277 4595 1620 4665 παράδειγμα
1656 4597 1773 4666 μὲν,

1890 3398 2134 3450 moribus
2161 3405 2218 3450 ut
2245 3411 2457 3449 morum
2502 3397 2805 3451 doctrinam
2850 3406 2905 3452 et
2942 3398 3204 3453 discerem
3242 3407 3297 3451 et
3332 3414 3453 3452 am-

1887 3489 2148 3557 plecterer
2177 3488 2530 3556 persuadens,
2560 3488 2980 3557 haudquaquam
3013 3489 3190 3542 adhuc
3225 3489 3296 3542 ab
3329 3489 3452 3544 aliis

1886 3579 2222 3650 philosophis
2280 3595 2600 3649 persuasum
2664 3583 2900 3649 (rursus
2955 3578 3285 3648 conﬁteor),
3339 3595 3450 3635 non
3519 3593 3522 3596 '

1887 3678 2033 3723 recte
2080 3669 2132 3722 id
2177 3671 2430 3739 quidem,
2475 3670 2567 3724 sed
2616 3669 2759 3722 malo
2807 3668 3194 3736 propemodum
3237 3678 3445 3724 nostro.

1884 3757 1999 3814 lmo
2033 3773 2160 3813 vero
2204 3775 2311 3813 non
2362 3760 2418 3814 in
2461 3759 2659 3814 multos
2699 3757 2963 3826 principio
3007 3757 3206 3825 incidi;
3254 3759 3346 3812 sed
3389 3760 3471 3814 in‘

1886 3868 2088 3922 paucos
2112 3854 2376 3922 quosdam
2398 3893 2413 3916 ,
2454 3853 2546 3921 qui
2590 3851 2844 3906 doctores
2887 3865 3006 3904 sese
3037 3851 3444 3920 proﬁterentur;

1885 3943 1977 3996 sed
2029 3957 2221 3997 omnes
2267 3943 2552 3997 verborum
2601 3951 2758 3998 tenus
2806 3943 3202 4014 philosuphiam
3241 3946 3448 3999 consti-

1884 4044 2117 4089 tuerent.
2165 4034 2262 4092 Hic
2298 4049 2424 4087 vero
2471 4049 2558 4087 me
2601 4036 2811 4104 primus
2854 4039 3016 4093 etiam
3052 4035 3230 4092 verbis
3273 4037 3446 4104 philo-

1883 4127 2100 4192 sophari
2135 4128 2383 4180 hortatus
2424 4110 2541 4190 est,
2577 4143 2700 4182 cum
2745 4128 2900 4184 factis
2939 4129 3224 4183 verborum
3251 4129 3447 4184 cohor-

1881 4220 2140 4272 tationem
2169 4217 2558 4286 praevertisset,
2590 4235 2700 4272 non
2724 4223 2882 4275 verba
2912 4219 3283 4273 tantummodo
3309 4235 3446 4288 prte-

1881 4311 2136 4364 meditata
2182 4309 2580 4378 pronuntians;
2624 4312 2755 4381 quin
2791 4327 2858 4365 ne
2893 4297 3069 4379 eloqui
3105 4311 3320 4380 quidem
3360 4313 3442 4366 di-

1880 4417 2046 4470 gnum
2093 4411 2328 4470 putans,
2379 4403 2482 4458 nisi
2529 4419 2665 4474 puro
2716 4413 2876 4471 atque
2926 4402 3139 4457 sincero
3191 4413 3246 4458 et
3298 4405 3438 4458 dicta

1880 4493 1996 4564 ipsa
2027 4495 2250 4564 exsequi
2290 4496 2538 4550 studente
2582 4496 2764 4547 animo
2800 4493 2852 4546 id
2894 4492 3126 4563 faceret;
3170 4497 3464 4564 talemque

1881 4602 1938 4641 se
1985 4587 2158 4656 ipsum
2199 4588 2439 4657 praebere
2485 4593 2790 4647 conaretur,
2838 4587 3054 4653 qualem
3092 4587 3270 4641 verbis
3311 4601 3434 4640 eum

212 4669 514 4742 ἐϐουλόμην
551 4675 742 4738 εἰπεῖν,
779 4681 1066 4751 ἐκθέμενος
1099 4683 1279 4751 σοφοῦ.
1325 4684 1460 4736 Ἀλλ’
1493 4686 1612 4738 ἐπεὶ
1643 4687 1774 4758 ἀλή-

1885 4680 1969 4750 qui
1996 4690 2138 4734 recte
2164 4683 2404 4736 victurus
2439 4680 2526 4739 sit,
2559 4677 2920 4743 describebat;
2953 4681 3254 4749 exemplum
3283 4695 3432 4744 sane,

210 4760 369 4816 θειαν
393 4763 543 4833 ⁴ἡμῖν,
570 4767 629 4817 οὺ
654 4768 913 4837 κομψείαν
941 4775 1299 4845 ἐπηγγείλατο
1324 4776 1351 4827 ό
1374 4774 1528 4844 λόγος
1555 4777 1774 4842 ἄνωθεν,

209 4853 559 4925 παράδειγμα
593 4855 690 4925 μὲν
732 4859 894 4913 αὑτὸν
928 4865 1089 4933 σοφοῦ
1133 4865 1340 4918 οὐδέπω
1383 4867 1555 4936 λέγωο
1602 4872 1776 4923 καίτοι

199 4957 273 5016 ’γε
294 4947 480 5018 ἐἰπεῖν
514 4946 710 5000 ἐθέλων
738 4944 877 5003 εἷναί
911 4970 968 5006 τε
1010 4957 1206 5026 ἀληθές
1241 4957 1382 5028 (97)·
1418 4959 1552 5012 ἀλλὰ
1579 4961 1652 5013 ὲῶ
1683 4961 1777 5015 νῦν

283 5055 399 5126 (92)
439 5058 766 5140 Φιςᾶοζιμίςι.
803 5059 894 5140 _Bis
935 5064 1036 5140 hoc
1081 5067 1440 5140 librariusiut
1475 5071 1550 5130 lit,
1578 5087 1774 5140 prope-

210 5125 344 5180 rans
376 5127 576 5207 posuit.
602 5125 911 5207 Legendum
940 5135 1284 5207 φιλονεικεία.
1321 5137 1409 5190 Sic
1436 5125 1777 5207 enim'poseit

205 5197 466 5276 superius
505 5194 980 5276 ἀπεχθανόμενονἱ
1013 5209 1178 5270 quod,
1223 5194 1428 5275 {manu
1457 5212 1528 5262 nsi
1566 5194 1771 5276 clama,

209 5265 265 5344 in
291 5278 607 5344 synonme
631 5265 860 5344 ,γοερὶηὶ
897 5265 1100 5330 debuit.
1141 5265 1279 5332 Bene
1331 5278 1651 5335 Sirmondus
1677 5320 1690 5344 ,
1719 5265 1772 5334 in

203 5334 544 5406 philosophos
575 5334 714 5406 odio.
743 5337 972 5391 BE‘SGEL.

237 5475 250 5493 ε
442 5405 973 5493 Ἐξθξ-τξξᾲιζρμένευς.
1003 5409 1106 5493 _Sic_
1130 5430 1370 5493 nupellus
1421 5419 1594 5493 editor
1620 5421 1770 5472 Pari-

202 5475 430 5558 siensi's.
462 5475 529 5527 At
559 5471 806 5542 Vossius,
839 5471 1180 5537 Hmschelius
1201 5471 1255 5539 et
1278 5471 1582 5557 Bengelius,
1609 5471 1771 5543 ἐκπο-

200 5542 532 5617 ριζομένοις.
1392 5542 1420 5557 υ
1570 5542 1582 5553 ’

244 5612 408 5694 ..(94).
429 5614 688 5694 "Hadr.
715 5613 788 5694 Et.
809 5615 930 5694 hoc,
951 5626 1001 5694 et
1033 5617 1281 5676 Latinum
1305 5635 1415 5687 aut,
1453 5628 1567 5694 pari
1598 5630 1643 5678 vi
1673 5642 1770 5692 pro

199 5680 412 5764 unoqgg
447 5684 700 5764 ponitur.-
725 5682 848 5764 yid.
887 5687 1207 5764 Schwartz"
1260 5695 1334 5747 De
1377 5680 1567 5764 ῥαὶιεε.
1596 5680 1763 5755 L.'L.,
1805 5733 1815 5744 .

196 5767 324 5820 cap.
350 5753 440 5815 51,
470 5770 526 5806 n.
557 5754 613 5819 ι,
647 5754 738 5835 υρὶ
761 5763 1063 5876 (“portum
1096 5753 1493 5826 observatfaut
1524 5767 1603 5818 sic
1639 5753 1763 5834 poni

197 5823 260 5894 ἐκ
312 5821 463 5875 rebus
489 5825 740 5894 ingratis.
823 5841 890 5877 ος
923 5826 1017 5894 οὐχ
1058 5826 1230 5892 οὕτως
1264 5834 1616 5894 ἀφραίνομεν,
1649 5851 1763 5886 νεῖν

199 5845 260 5873 ιιι
312 5845 463 5875 τευκδ
488 5845 740 5902 _mgr¢ms.
771 5845 890 5877 MOX
923 5845 1026 5904 OUX-
1058 5845 1230 5892 ουτως
1264 5845 1616 5905 αφραένομεν,
1649 5851 1763 5886 νεΐσ·

199 5891 332 5958 bum
357 5903 649 5968 poeticum.
681 5898 754 5949 In.
776 5894 1143 5961 —Exisumat
1180 5901 1352 5957 editor
1378 5901 1548 5958 Paris.
1580 5905 1761 5977 legen-

1855 4775 2057 4828 'divere
2097 4774 2275 4838 volui,
2309 4785 2612 4840 proponens
2657 4771 2934 4838 sapientis.
2985 4771 3088 4825 Sed
3136 4773 3260 4843 quia
3297 4773 3434 4826 VCI'i‘.

1869 4873 2041 4919 tatem
2096 4863 2285 4923 nobis,
2335 4876 2443 4913 non
2491 4876 2744 4930 pompam
2795 4873 2848 4917 et
2890 4872 3141 4917 ornatum
3188 4862 3433 4932 promisit

1875 4957 2050 5010 oratio
2101 4955 2152 5006 in
2210 4952 2463 5018 exordio,
2519 4955 2823 5026 exemplum
2871 4957 3088 5028 quidem
3133 4957 3282 5010 illum
3337 4969 3427 5008 sa-

1875 5069 2000 5122 dum
2037 5063 2283 5134 ἀφραίνω
2320 5064 2437 5134 μέν.

1945 5134 2054 5208 (95)
2098 5133 2284 5208 ᾙμῖνυ
2316 5137 2385 5187 οὐ
2403 5137 2646 5204 μενοῦν.
2691 5138 2850 5208 Ἡμῖν
2877 5148 3127 5190 construe
3149 5148 3269 5186 eum
3303 5133 3428 5208 δμσ-

1871 5204 2067 5274 τυχῶς.
2104 5203 2192 5257 Sic
2224 5203 2472 5275 superius
2495 5224 2612 5274 cap.
2643 5225 2692 5268 ν,
2731 5203 2832 5261 sub
2863 5208 3043 5266 linem,
3074 5205 3427 5275 σωτηριωδὼς

1871 5273 2034 5344 ἡμῖν·
2076 5283 2129 5324 ιιι
2175 5273 2303 5342 cap.
2337 5275 2396 5340 7,
2445 5273 2589 5333 circa
2627 5279 2898 5339 medium,
2949 5273 3229 5344 δυσχερῶνςν
3269 5276 3422 5343 ἡμῖνο

1878 5343 2092 5397 Veteres
2114 5345 2400 5408 editiones,
2429 5363 2560 5400 eum
2581 5363 2779 5414 nupera
2808 5344 3117 5405 Parisieusi,
3141 5343 3422 5413 οὓμενουν,

1871 5425 1929 5487 ut
1956 5414 2108 5487 multi
2138 5415 2375 5487 scribere
2412 5419 2586 5487 solent
2614 5435 2626 5469 :
2666 5418 2823 5487 idque
2844 5429 2990 5487 _cum
3022 5415 3299 5487 superiore
3331 5433 3425 5487 pe-

1871 5485 2023 5557 riodo
2063 5486 2441 5557 _conjungunt.
2504 5486 2606 5557 Sed
2663 5484 3051 5557 Casaubonus,
3084 5485 3166 5557 _0Li
3231 5484 3427 5557 μενοῦν

1868 5553 1988 5605 οὐδὲ
2023 5552 2136 5614 πλ.,
2165 5552 2323 5622 cujus
2350 5556 2666 5609 sententiam
2704 5555 3044 5622 conﬁrmabit
3081 5552 3340 5610 Devai-ius
3367 5557 3423 5610 in

1871 5624 2136 5690 particula
2172 5621 2288 5693 μέν,
2317 5642 2436 5693 pag.
2472 5624 2571 5678 127
2597 5623 2724 5675 edit.
2767 5621 2922 5674 Rom.
2960 5621 3147 5693 Itaque
3183 5627 3242 5678 οὐ
3270 5629 3427 5749 §anto

1871 5693 2082 5749 μενοῧν)
2129 5710 2250 5746 cum
2310 5697 2668 5749 subsequente
2700 5692 2818 5744 οὐδέ
2864 5693 3236 5749 pleonasmum
3293 5695 3420 5749 aeit.

1870 5693 2082 5763 μενοῧν)
2129 5692 2250 5746 cum
2310 5692 2818 5763 Subsequenleoﬁﬁié
2864 5692 3236 5759 pleonasmum
3270 5692 3420 5755 facit.

1869 5772 1926 5816 ut
1965 5762 2126 5830 paulo
2157 5773 2280 5817 ante
2304 5766 2363 5816 οὐ
2400 5765 2576 5815 τοίνυν
2601 5762 2740 5813 οὐδέ.
2773 5762 3001 5816 BENGEL.

1935 5834 2048 5904 (96)
2090 5835 2272 5887 Ποιοῖ.
2305 5834 2456 5902 Legit
2485 5833 2766 5902 Bengelius
2803 5833 2990 5904 ποιῶν.

1935 5905 2049 5978 (97)
2088 5908 2281 5962 Καίτοι
2313 5921 2440 5974 γε...
2476 5905 2628 5958 εἶναί
2664 5922 2721 5958 τε
2753 5903 2989 5974 ἀληθές.
3025 5907 3098 5961 Te
3145 5921 3240 5972 per
3265 5905 3417 5980 plet)”
