4094 6354
701 366 836 444 ιιοτ

1350 385 1408 444 s.
1449 388 1776 446 cusaonn
1815 389 2169 449 τιιΑυΜΑτ.
2211 366 2581 477 ΟΡΡ.⁸ΡᾼΒΒ
2620 352 2920 447 ALTERA.
2956 374 3026 431 —'
3062 376 3287 475 ouem;

3789 391 3820 445 1
3838 389 3948 445 108

700 506 773 560 tia
799 506 917 574 ejus
945 520 1272 576 cognoscere
1316 518 1408 564 aut
1437 510 1626 567 audire
1662 512 1728 568 de
1754 522 1821 567 eo
1844 524 2035 583 potest.
2068 514 2133 569 Et
2156 531 2225 585 qu

2349 512 2443 566 τοῦ
2472 490 2672 581 γνῶναι
2696 511 2727 583 ἢ
2757 511 2981 566 ἀκοῦσαι
3014 514 3141 582 περὶ
3159 510 3321 564 αὑτοῦ
3350 510 3601 564 δύναται·
3629 509 3727 562 καὶ
3757 510 3793 561 ὀ
3819 509 3949 559 ἐπι-

699 603 844 648 recte
890 596 1102 652 invocat
1146 598 1336 663 Deum,
1387 616 1484 669 per
1534 602 1732 657 Filium
1788 605 2123 670 invocat;et
2155 612 2248 675 qui

685 685 914 752 .proprie
955 688 1196 751 accedit,
1237 704 1333 758 per
1380 690 1659 746 Christum
1704 693 1930 748 accedit.
1980 692 2252 751 Accedere

693 784 874 828 autem
906 776 979 833 ad
1005 776 1200 833 Filium
1242 796 1351 834 non
1383 787 1562 851 potest
1618 782 1737 837 sine
1786 782 1989 853 Spiritu
2040 794 2246 840 sancto.

679 863 929 935 Spiritus
957 869 1099 922 enim
1140 880 1223 925 est
1263 872 1395 934 vita,
1425 882 1479 925 et
1510 881 1697 927 sancta
1748 873 2002 927 formatio
2031 877 2249 929 univer-

643 956 645 963 ⁴
691 958 899 1013 eorum.
931 956 1087 1017 Hunc
1123 959 1265 1015 Deus
1294 977 1390 1030 per
1422 961 1618 1021 Filium
1643 965 1915 1029 emittens,
1944 976 2247 1024 creaturam

689 1045 791 1099 sibi
825 1048 1113 1107 assimilat.
1588 1042 1589 1051 ‘
1646 1110 1649 1111 ν

762 1136 914 1192 Unus
946 1138 1110 1207 igitur
1149 1136 1311 1196 Pater
1365 1140 1528 1207 Deus,
1579 1159 1722 1201 unus
1780 1146 1952 1203 Filius
1984 1147 2242 1212 Verbum,

686 1243 830 1283 unus
886 1230 1121 1299 Spiritus
1175 1232 1310 1295 vita,
1345 1234 1702 1292 sanctiﬁcatio
1749 1240 2150 1295 universorum.
2179 1240 2246 1293 Et

684 1334 863 1387 neque
919 1321 1062 1375 Deus
1113 1322 1272 1389 alius,
1316 1334 1384 1399 ut
1424 1324 1615 1393 Pater;
1649 1343 1825 1397 neque
1880 1329 2051 1395 Filius
2081 1333 2241 1399 alius,

684 1421 747 1462 ut
784 1409 1016 1476 Verbum
1054 1412 1170 1479 Dei,
1207 1430 1383 1485 neque
1416 1414 1651 1487 Spiritus
1676 1420 1833 1501 alius,
1861 1432 1921 1475 ut
1960 1423 2241 1480 viviﬁcans

2323 603 2683 676 (καλούμενος
2726 602 2900 674 ὀρθῶς
2937 603 3026 656 τὸν
3079 602 3231 667 Θεὸν,
3277 601 3612 655 ἐπικαλεῖται
3653 600 3722 654 δι’
3755 598 3939 651 Tia-3'

2350 690 2495 744 καὶὸ
2533 691 2959 762 προσερχόμενος
2989 691 3231 755 οἰκείως,
3263 690 3350 744 διὰ
3386 690 3619 770 Χριστοῦ
3665 690 3938 761 ἔρχει-ξαν

2349 781 2661 853 προσελθεῖν
2686 782 2742 837 δὲ
2771 782 3023 836 ἀδύνατον
3042 783 3119 853 τῷ
3138 783 3251 852 Υίῷ
3272 782 3437 853 χωρὶς
3456 782 3547 835 τοῦ
3564 780 3902 849 Πνεύματος
3921 796 3934 807 ·

2348 872 2408 926 τὸ
2440 872 2663 944 Πνεῦμα
2692 874 2803 946 γὰρ
2828 873 2922 928 καὶ
3020 874 3132 945 ζωὴ
3159 876 3253 928 καὶ
3280 875 3314 944 ἡ
3344 873 3472 941 ἁγία
3495 873 3786 947 μόρφᾳκςις
3825 870 3938 921 τῶν

2346 964 2481 1018 ὅλων
2500 982 2513 995 ο
2551 965 2643 1018 καὶ¹
2671 966 2827 1035 τοῦτο
2860 966 3158 1037 ἐκπέμπων
3177 967 3205 1019 6
3235 963 3366 1028 Θεὸς
3382 963 3448 1018 δι’
3478 963 3632 1029 Υἱοῦ,
3667 962 3771 1035 τὴν
3810 961 3936 1014 κτί-

2348 1071 2430 1107 σιν
2460 1056 2639 1125 ὁμοιοῖ⁵
2658 1056 2795 1128 πρὸς
2816 1056 3021 1110 ἑαυτόν.

2415 1140 2508 1207 Εἷς
2546 1128 2637 1199 οῦν
2680 1147 2709 1197 6
2740 1147 2924 1220 Πατὴρ
2955 1150 2984 1200 ό
3014 1142 3278 1225 Θεὸςμιξ
3310 1148 3337 1200 6
3362 1147 3550 1216 Λόγος,
3592 1148 3653 1200 ἓν
3689 1148 3934 1216 Πνεῦμα

2346 1232 2480 1305 ζωὴ,
2512 1236 2557 1305 ἡκ
2585 1235 2857 1307 ἀγιωσύνη
2890 1238 2923 1308 ὴ
2956 1236 3063 1289 τῶν
3093 1236 3259 1289 ὅλων·
3296 1238 3389 1290 καὶ
3419 1236 3539 1290 οὔτε
3570 1237 3707 1299 Θεὸς
3729 1237 3933 1307 ἕτερος
3970 1235 3973 1239 ⁴

2330 1324 2418 1387 ’ὡς
2467 1327 2689 1399 Πατὴρ,
2724 1327 2846 1383 οὔτε
2879 1328 3006 1392 Υἱὸς
3054 1329 3238 1400 ἕτερος
3275 1330 3350 1393 ὡς
3381 1330 3551 1398 Λόγος
3592 1329 3756 1394 Θεοῦ,
3798 1330 3932 1383 οὔτε

2344 1417 2567 1489 Πνεῦμα
2594 1419 2776 1490 ἕτερον
2806 1420 2881 1483 ὡς
2913 1420 3169 1492 ζωοποιὸν
3200 1422 3293 1476 καὶ
3332 1423 3647 1490 ἁγιαστικόν
3673 1440 3687 1452 ’
3725 1422 3854 1476 ἀλλ’
3879 1423 3930 1472 εἰ

684 1502 1115 1559 etsanctiﬁcans.
1140 1504 1254 1562 lmo
1280 1508 1381 1562 etsi
1417 1512 1588 1565 sancti
1620 1523 1883 1570 vocantur
1911 1516 2008 1579 dii,
2039 1527 2094 1581 et
2121 1518 2227 1583 ﬁlii1

2344 1511 2439 1564 καὶ
2471 1512 2583 1565 θεοὶ
2615 1514 2710 1566 καὶ
2752 1513 2856 1566 υἱοὶ
2896 1516 2990 1567 καὶ
3022 1514 3303 1585 πνεύματα
3330 1515 3613 1569 καλοῦνται
3648 1517 3702 1569 οἱ
3745 1516 3928 1581 ἅγιοι,

658 1599 738 1650 ,ει
773 1593 1043 1659 spiritus,
1073 1611 1185 1651 non
1236 1606 1416 1655 tamen
1456 1600 1749 1669 implentur
1806 1604 2034 1673 Spiritu,
2065 1622 2227 1676 nequ:

2340 1605 2462 1659 οὔτε
2506 1605 2818 1677 Πνεῦματος
2866 1607 3210 1679 πληροῦνται,
3261 1608 3384 1670 οῦτε
3431 1608 3743 1678 ὁμοιοῦνται
3780 1608 3929 1677 πρὸς

684 1679 889 1757 similes
922 1691 1049 1735 sunt
1076 1681 1213 1737 Filio
1267 1697 1321 1739 et
1372 1685 1501 1740 Deo.
1535 1687 1590 1740 Si
1627 1690 1753 1758 quis
1798 1706 1925 1746 vero
1980 1692 2060 1747 sic
2107 1692 2227 1753 dicit

2339 1697 2428 1752 τὸν
2464 1699 2588 1751 Υἱὸν
2619 1700 2713 1752 καὶ
2744 1696 2876 1750 Θεόν
2896 1715 2910 1729 ο
2958 1699 3050 1751 ὲάν
3084 1698 3141 1752 δέ
3172 1717 3252 1764 τις
3294 1699 3461 1762 οὕτως
3493 1700 3638 1766 λέγει
3668 1699 3759 1749 τὸν
3790 1697 3928 1749 Υἱὸν

682 1755 879 1825 Filium
924 1788 1045 1827 esse
1072 1772 1263 1834 Deum,
1304 1786 1562 1846 tanquam
1597 1755 1775 1849 ipsum
1817 1783 1979 1836 etiam
2012 1785 2227 1853 plenum

2339 1787 2476 1843 εἶναι
2510 1790 2640 1843 Θεὸν
2679 1790 2755 1854 ὡς
2788 1789 3139 1862 πληρωθέντα
3172 1755 3420 1863 θεότητος
3452 1792 3546 1847 καὶ
3580 1790 3779 1852 αὐτὸν,
3824 1787 3927 1855 καὶ

683 1862 986 1926 divinitate,
1017 1875 1068 1917 et
1098 1880 1204 1919 non
1254 1876 1512 1938 tanquam
1547 1872 1787 1940 genitum
1824 1887 1888 1927 ex
1920 1874 2227 1942 divinitate;

2335 1884 2433 1951 οὐχ
2466 1882 2541 1946 ὡς
2585 1882 2911 1952 γεννηθέντα
2961 1883 3025 1933 ἐκ
3056 1880 3305 1952 θεότητος
3326 1922 3341 1945 ,
3374 1882 3647 1951 ἠρνήσατο
3681 1879 3774 1931 τὸν
3813 1878 3927 1932 A6-

685 1950 899 2018 negavit
930 1951 1189 2016 Verbum,
1224 1957 1443 2026 negavit
1464 1960 1807 2029 sapientiam,
1842 1964 2027 2019 amisit
2054 1968 2227 2036 cogni-

2341 1950 2467 2037 γον,
2501 1950 2771 2041 ἠρνήσατο
2801 1968 2896 2039 τὴν
2931 1969 3144 2036 σοφίαν,
3182 1950 3426 2023 ἀπώλεσε
3452 1970 3549 2039 τὴν
3582 1968 3786 2034 γνῶσιν
3818 1966 3925 2036 τὴν

682 2040 885 2092 tionem
938 2040 1053 2107 Dei,
1089 2046 1282 2099 cecidit
1328 2047 1381 2101 in
1434 2051 1701 2105 culturam
1734 2064 2015 2120 creaturae,
2049 2073 2227 2126 appre-

2339 2060 2465 2129 περὶ
2493 2060 2646 2125 Θεοῦ,
2681 2059 3076 2123 κατέπεσενείς
3110 2061 3169 2112 τὸ
3202 2060 3376 2120 σέϐειν
3405 2061 3499 2129 τὴν
3536 2060 3734 2121 κτίσιν,
3765 2075 3919 2110 κατ-

682 2129 869 2183 bendit
904 2132 1229 2201 impietatem
1264 2139 1567 2206 gentilium,
1612 2151 1665 2196 et
1708 2145 1775 2197 ad
1802 2138 1962 2200 banc
1988 2162 2227 2205 reversus

2337 2148 2525 2207 ἐλαϐεν
2568 2150 2827 2218 Ἐλλήνων
2869 2149 3140 2213 ἀσέϐειαν,
3185 2151 3276 2202 ἐπὶ
3308 2149 3507 2217 ταύτην
3540 2148 3920 2219 ὑπέστρεψεν,

676 2230 796 2285 cst;
853 2220 1162 2278 Judzeorum
1215 2218 1651 2286 incredulitatem
1712 2235 1955 2291 imitatus
1985 2248 2087 2305 est,
2142 2243 2227 2309 qui

2335 2239 2431 2310 τὴν
2477 2230 2742 2308 Ἰουδαίων
2780 2240 3035 2295 ἀπιστίαν
3070 2242 3406 2311 ἐμιμήσατο,
3444 2241 3495 2293 οἳ
3539 2240 3626 2293 τὸν
3677 2238 3921 2292 ἐκθεοῦ

678 2327 805 2365 cum
854 2316 1227 2373 existimarent
1268 2318 1497 2377 Verbum
1535 2324 1629 2379 Dei
1667 2341 1788 2382 esse
1829 2328 1997 2387 ﬁlium
2053 2333 2236 2391 Imma-

679 2419 809 2470 num
841 2406 937 2476 (l),
967 2424 1071 2461 non
1107 2412 1445 2470 crediderunt
1469 2415 1635 2493 Deum
1662 2428 1802 2484 esse,
1838 2422 2011 2492 neque
2037 2424 2231 2481 Filium

677 2492 773 2548 Dei
810 2498 1044 2554 confessi
1072 2513 1218 2557 sunt.
1252 2504 1348 2561 Est
1375 2492 1555 2569 autem
1587 2510 1812 2581 impium
1837 2518 2076 2585 cogitare
2103 2517 2234 2577 Ver-

679 2588 805 2641 bum
858 2589 951 2644 Dei
1000 2596 1251 2663 tanquam
1289 2598 1582 2654 humanum
1600 2619 1637 2669 ;,
1663 2613 1718 2656 et
1758 2619 1919 2672 opera
1966 2623 2061 2675 per
2105 2626 2230 2664 eum

675 2678 818 2733 facta
857 2698 1102 2748 manere,
1138 2702 1244 2741 non
1270 2700 1521 2743 manente
1553 2692 1691 2760 ipso.
1723 2692 1907 2764 Siquis
1936 2713 2063 2755 vero
2091 2701 2235 2754 dicat

674 2774 887 2839 operari
917 2775 1189 2831 Christum
1227 2781 1408 2833 omnia
1439 2781 1597 2849 jussu
1627 2784 1824 2851 Verbi,
1867 2786 2097 2847 Verbum
2137 2790 2231 2849 Dei

678 2863 911 2919 otiosum
945 2866 1124 2933 faciet,
1157 2880 1212 2924 et
1261 2872 1507 2927 ordinem
1554 2874 1766 2931 Domini
1811 2879 1865 2941 in
1918 2882 2231 2946 servitutem

678 2956 925 3008 mutabit.
990 2958 1189 3015 Servus
1252 2964 1396 3017 enim
1453 2975 1555 3029 est,
1589 2969 1678 3022 cui
1726 2969 1969 3038 jubetur,
2002 2982 2056 3027 et
2087 2977 2233 3044 quod

677 3053 919 3104 creatum
957 3059 1059 3111 est,
1113 3052 1179 3105 ad
1232 3056 1528 3110 creandum
1567 3060 1789 3115 minime
1836 3044 2097 3138 idoneum.
2127 3078 2229 3120 est.

676 3132 967 3190 Nonenim
1014 3141 1126 3192 ullo
1171 3144 1331 3196 modo
1376 3158 1638 3203 creatura:
1679 3154 1951 3222 exaequari
1996 3136 2225 3222 desinet,

674 3236 735 3291 ut
763 3229 904 3282 sicut
930 3230 999 3284 ab
1026 3230 1118 3284 illo
1144 3241 1383 3288 creatum
1417 3246 1518 3303 est,
1547 3239 1625 3293 sic
1656 3241 1831 3310 ipsum
1862 3245 1969 3301 alia
1992 3257 2154 3309 creet.

746 3408 975 3479 Rursus,
1016 3429 1137 3468 cum
1160 3416 1283 3485 quis
1299 3416 1495 3474 dixerit
1520 3433 1641 3475 esse
1675 3422 1933 3491 Spiritum
1966 3440 2213 3485 sanetum

673 3517 811 3567 opus
847 3506 1268 3572 sanctificatum,
1309 3526 1414 3563 non
1458 3512 1690 3581 amplius
1716 3518 1911 3583 poterit
1935 3519 2229 3590 intelligere

674 3594 853 3645 omnia
884 3595 936 3646 in
973 3594 1173 3663 Spiritu
1204 3602 1570 3669 sanctiﬁcata;
1600 3605 1690 3671 qui
1724 3606 1865 3657 enim
1901 3623 2065 3663 unum
2099 3629 2227 3675 san-

674 3683 929 3735 ctiticavit
976 3688 1277 3743 sanctilicat
1303 3690 1464 3744 etiam
1498 3694 1699 3749 omnia.
1727 3692 1895 3765 Negat
1926 3698 2087 3767 igitur
2111 3702 2226 3756 l‘on-

674 3780 781 3821 tem
835 3776 1271 3832 sanctiﬁcationis
1328 3780 1583 3848 Spiritum
1628 3795 1900 3849 sanctum,
1953 3790 2043 3856 qui
2104 3806 2227 3845 eum

674 3865 852 3930 privat
902 3876 1163 3930 potestate
1230 3873 1630 3944 sanctiﬁcandi;
1687 3889 1740 3932 et
1794 3880 2129 3949 prohibetur,
2163 3897 2227 3935 ne

673 3971 797 4005 eum
834 3954 977 4009 Patri
1004 3967 1055 4010 et
1088 3957 1224 4012 Filio
1280 3975 1632 4034 annumeret;
1665 3986 1728 4025 ae
1768 3982 2013 4027 sanctum
2049 3974 2223 4041 bapti-

674 4062 790 4099 sma
843 4048 1046 4116 rcjicit;
1101 4062 1154 4103 et
1192 4052 1424 4120 amplius
1473 4069 1712 4113 sanctam
1761 4074 1815 4115 et
1868 4067 2225 4119 venerandam

673 4136 989 4193 Trinitatem
1052 4156 1155 4195 non
1210 4144 1573 4198 conﬁtebitur.
1600 4150 1705 4203 Aut
1733 4156 1875 4207 enim
1908 4157 1962 4209 in
1995 4157 2225 4210 naturali

671 4236 728 4278 et
754 4244 878 4281 vera
917 4232 1086 4300 gloria
1150 4242 1260 4286 tota
1306 4232 1544 4290 Trinitas
1589 4236 1927 4310 intelligenda
1975 4258 2090 4313 est;
2132 4257 2226 4302 aut

669 4317 953 4385 unitatem,
995 4330 1049 4375 et
1084 4338 1190 4375 non
1243 4324 1477 4393 amplius
1500 4324 1815 4388 Trinitatem
1841 4332 2017 4388 dicere
2066 4354 2224 4407 coge-

669 4420 823 4469 mur;
852 4418 943 4459 aut
968 4424 1222 4478 cogemur
1251 4432 1357 4468 non
1388 4431 1747 4471 annumerare
1780 4419 2022 4491 Creatori
2045 4422 2224 4484 creata

668 4509 835 4561 Opera
870 4537 884 4560 ,
965 4514 1139 4567 neque
1202 4503 1430 4565 Domino
1491 4509 1868 4564 universorum
1908 4506 2219 4585 ‘creaturas,

668 4599 845 4650 neque
889 4588 1242 4643 sanctiﬁcami
1273 4597 1624 4665 sanctiﬁcata,
1677 4600 1817 4653 sicut
1864 4616 2037 4669 neque
2096 4604 2217 4660 Tri-

668 4674 825 4727 nitati
872 4675 1041 4728 ullum
1105 4693 1240 4746 opus
1298 4696 1537 4757 creatum
1569 4700 1988 4757 annumeratur;
2057 4702 2113 4746 at
2162 4697 2217 4752 in

666 4765 891 4822 nomine
945 4779 1146 4820 sanctae
1215 4769 1495 4831 Trinitatis
1538 4780 1806 4849 baptisma
1861 4784 1962 4849 ﬁt,
2022 4796 2076 4839 et
2134 4785 2218 4839 in-

664 4857 878 4910 vocatio
923 4871 976 4910 et
1027 4860 1220 4913 cultus.
1280 4860 1338 4914 Si
1377 4868 1517 4919 enim
1547 4880 1655 4939 tres
1687 4882 1814 4927 sunt
1848 4876 2054 4945 gloriae,
2085 4876 2217 4931 ﬁant

665 4958 774 5005 tres
798 4951 973 5004 cultus
1006 4951 1146 5019 apud
1177 4966 1271 5007 eos
1302 4956 1395 5022 qui
1424 4957 1585 5025 impie
1608 4954 1883 5034 creaturas
1916 4970 2119 5023 colunt.
2157 4968 2214 5023 Si

666 5050 855 5094 natura
887 5058 1006 5108 quae
1032 5043 1286 5102 adorator
1314 5045 1485 5100 divisa
1525 5059 1639 5118 est;
1678 5054 1746 5123 sit
1777 5059 1936 5128 etiam
1963 5059 2105 5131 apud
2119 5075 2215 5114 eos

666 5128 837 5184 divisa
892 5134 1154 5188 adoratio.
1206 5134 1311 5191 Sed
1366 5154 1539 5206 neque
1574 5154 1696 5195 cum
1728 5156 1927 5204 :eterno
1976 5128 2212 5208 recentia

670 5218 1069 5293 adorabuntur;
1104 5226 1295 5282 recens
1322 5230 1467 5282 enim
1496 5238 1577 5284 est
1606 5246 1767 5297 omne
1813 5238 1865 5292 id
1890 5244 2034 5311 quod
2064 5245 2214 5314 prin-

666 5308 865 5371 cipium
908 5318 1100 5383 coepit;
1133 5319 1261 5385 quia
1315 5321 1518 5375 multus
1571 5330 1624 5375 et
1668 5308 1971 5399 immensus,
1994 5308 2096 5399 est,
2122 5336 2215 5405 qui

666 5402 748 5444 cst
783 5408 903 5451 ante
956 5408 1171 5459 srecula.
1241 5408 1343 5475 Qui
1404 5410 1566 5480 igitur
1621 5414 1836 5483 aliquod
1889 5402 2210 5491 principium

667 5490 963 5551 temporum
997 5498 1111 5550 vita:
1144 5499 1261 5553 l’ilii
1293 5514 1345 5555 et
1370 5502 1603 5572 Spiritus
1640 5509 1813 5573 sancti
1846 5511 2016 5577 ponit,
2052 5490 2211 5568 simul

2336 2331 2505 2399 Λόγον
2540 2320 2653 2387 υἱὸν
2671 2329 3020 2402 ’ἀνθρώπινον
3052 2330 3516 2401 ὑπολαμϐάνοντες
3540 2373 3556 2396 ,
3604 2332 3738 2384 Θεὸν
3768 2327 3920 2383 εἶναι

2332 2422 2517 2477 τοῦτον
2548 2423 2645 2485 οὐκ
2672 2423 3014 2487 ἐπίστευσαν,
3033 2422 3167 2476 οὐδὲ
3193 2423 3328 2475 Θεοῦ
3363 2423 3488 2476 Υἱὸν
3520 2422 3915 2493 ὡμολόγησαν⁹

2334 2514 2523 2577 ἀσεϐὲς
2556 2513 2614 2566 δὲ
2651 2514 2739 2567 τὸν
2778 2513 2869 2567 τοῦ
2903 2515 3037 2568 Θεοῦ
3069 2515 3239 2583 Λόγον
3269 2514 3343 2579 ὼς
3377 2513 3712 2585 ἀνθρώπινον
3738 2517 3917 2576 νοεῖν,

2334 2606 2426 2657 καὶ
2459 2606 2526 2659 τά
2552 2604 2687 2677 ἔργα
2719 2605 2786 2659 τὰ
2824 2602 2891 2659 δι’
2932 2606 3094 2661 αὑτοῦ
3129 2607 3359 2677 μένοντα
3385 2607 3461 2677 ,μὴ
3508 2607 3760 2676 μένοντος
3812 2605 3918 2657 αὑ-

2332 2696 2453 2750 τοῦ·
2486 2698 2577 2751 ἐὰν
2608 2699 2666 2750 δέ
2694 2717 2775 2764 τις
2808 2698 2938 2773 εἴπῃ
2980 2699 3329 2770 κελευόμενον
3360 2700 3446 2752 διὰ
3475 2697 3565 2757 τοῦ
3600 2698 3778 2765 Λόγου
3820 2698 3917 2749 τὸν

2332 2788 2559 2860 Χριστὸν
2588 2790 2914 2863 ἐργάζεσθαι
2939 2791 3005 2844 τά
3032 2792 3231 2861 πάντα,
3268 2791 3358 2853 καί
3390 2788 3479 2841 τὸν
3508 2787 3599 2841 τοῦ
3631 2788 3771 2840 Θεοῦ
3800 2789 3913 2841 Λό-

2332 2896 2426 2947 γον
2458 2881 2624 2951 ἀργὸν
2668 2883 2902 2952 ποιήσει,
2956 2883 3050 2933 καὶ
3086 2882 3183 2952 τὴν
3203 2881 3305 2955 τοῦ
3329 2880 3595 2933 Δεσπότου
3624 2878 3782 2942 τάξιν
3829 2883 3914 2941 εἰς

2331 2974 2570 3026 δουλείαν
2613 2975 2931 3045 μεταθήσει’
2979 2972 3158 3025 δοῦλον
3198 2974 3307 3044 γὰρ
3339 2972 3482 3026 ἅπαν
3518 2970 3578 3025 τὸ
3609 2970 3937 3057 κελευόμεον

2330 3082 2438 3127 νον,
2491 3067 2583 3120 καὶ
2627 3065 2685 3117 τὸ
2718 3065 2929 3125 κτιστὸν
2978 3066 3075 3134 οὐχ
3125 3064 3305 3118 ἰκανὸν
3337 3065 3414 3127 είς
3460 3063 3519 3116 τὸ
3562 3063 3806 3128 κτίζειν⁸
3845 3063 3911 3114 οῦ

2330 3158 2436 3227 γὰρ
2483 3157 2899 3227 ἐξισωσθήσεται
2934 3158 3010 3228 τῷ
3055 3144 3311 3229 κτίσματι
3358 3160 3489 3212 αὐτὸ
3539 3162 3660 3212 κατ’
3710 3158 3911 3211 οὐδένα

2328 3249 2560 3319 τρόπον,
2597 3249 2661 3301 ἶν’
2697 3251 2771 3314 ὡς
2806 3251 2896 3304 ὑπ’
2938 3250 3144 3308 ἐκείνου
3185 3251 3442 3316 ἔκτισται,
3477 3250 3617 3305 οῦτω
3636 3251 3737 3305 καὶ
3768 3249 3911 3304 αὐτὸ

2282 3408 2291 3409 7
2330 3339 2490 3421 κτίσῃ
2513 3339 2581 3392 τὰ
2612 3339 2762 3394 ἄλλα.

2399 3432 2565 3483 Πάλιν
2614 3431 2667 3484 δὲ
2721 3433 2854 3485 ὅταν
2882 3434 2975 3486 καὶ
3012 3432 3074 3486 τὸ
3105 3432 3323 3503 Πνεῦμα
3354 3432 3414 3485 τὸ
3444 3432 3595 3501 ἆγιον
3632 3432 3769 3505 εἴπῃ
3819 3430 3909 3492 τίς

2329 3522 2654 3594 ἡγιασμένον
2678 3518 2814 3576 εἶναι
2834 3522 3062 3595 ποίημα,
3098 3522 3281 3576 οὐκέτι
3307 3523 3373 3577 τὰ
3407 3524 3579 3577 πάντα
3602 3523 3907 3593 δυνήσεται

2326 3618 2465 3666 νοεῖν
2514 3616 2571 3667 ὲν
2621 3615 2895 3686 Πνεύματι
2928 3616 3287 3686 άγιαζόμενα⁸
3322 3620 3350 3669 ό
3399 3616 3506 3688 γὰρ
3548 3617 3602 3670 ἒν
3632 3618 3906 3685 ἁγιάσας,

2326 3704 2540 3773 ἁγιάζει
2585 3709 2679 3761 καὶ
2709 3707 2778 3760 τὰ
2810 3708 2984 3759 πάντα
3010 3722 3024 3736 ⁸
3081 3707 3319 3775 ἀρνεῖται
3352 3704 3443 3761 οὖν
3476 3708 3570 3778 τὴν
3600 3708 3702 3776 τῆς
3745 3710 3907 3774 ἀγιο-

2326 3798 2489 3869 σῦνης
2514 3799 2713 3870 πηγὴν,
2748 3798 2808 3851 τὸ
2846 3795 3067 3866 Πνεῦμα
3086 3797 3146 3849 τὸ
3178 3798 3327 3864 ἆγιον
3347 3837 3361 3861 ,
3394 3800 3424 3849 6
3456 3798 3702 3868 ἀταιρῶν
3727 3798 3904 3851 αὐτοῦ

2325 3889 2385 3941 τὸ
2430 3888 2693 3957 ἁγιάζειν,
2728 3889 2821 3946 καὶ
2854 3885 3198 3958 συναριθμεῖν
3241 3888 3370 3939 αὐτὸ
3422 3887 3589 3959 Πατρὶ
3625 3889 3727 3943 καὶ⁹
3784 3888 3904 3958 Υὶῷ

2327 3978 2695 4049 κωλυθήσεται
2715 3998 2728 4010 ’
2765 3980 2859 4037 καὶ
2887 3981 2948 4033 τὸ
2980 3981 3131 4047 ἆγιον
3158 3978 3216 4031 δὲ
3249 3977 3524 4048 βάπτισμα
3556 3978 3765 4044 ἀθετεῖ,
3802 3984 3905 4035 καὶ

2326 4070 2505 4121 οὐκέτι
2538 4071 2739 4141 Τριάδα
2775 4072 3094 4141 ὁμολογήσει
3125 4070 3223 4140 τὴν
3247 4071 3403 4138 ἁγίαν
3435 4072 3525 4124 καὶ
3560 4072 3901 4143 σεϐάσμιον·

2325 4159 2358 4228 ἢ
2391 4160 2496 4229 γὰρ
2530 4162 2586 4212 ὲν
2621 4164 2817 4231 φυσικῇ
2860 4161 2985 4233 δόξῃ
3018 4162 3114 4221 καὶ
3140 4160 3362 4232 ἀληθινῇ
3395 4163 3492 4234 τὴν
3519 4163 3644 4233 ὅλην
3683 4165 3902 4234 Τριάδα

2325 4242 2561 4323 νοητέον,
2594 4251 2626 4321 ἢ
2667 4248 2866 4321 μονάδα
2898 4255 2994 4307 καὶ
3014 4254 3193 4307 οὐκέτι
3220 4255 3419 4325 Τριάδα
3444 4255 3617 4324 λέγειν
3645 4259 3903 4325 ἀναγκαο

2326 4343 2667 4414 σθησόμεθα,
2704 4345 2736 4413 ἢ
2775 4344 2848 4414 μὴ
2885 4344 3231 4414 σπιναριθμεῖν
3266 4346 3343 4416 τῷ
3376 4348 3563 4418 κτίστῃ
3591 4348 3659 4400 τὰ
3696 4351 3902 4402 κτιστά

2326 4435 2623 4505 ποιήματα,
2656 4434 2789 4505 μηδὲ
2820 4435 2897 4505 τῷ
2926 4435 3161 4506 δεσπότῃ
3190 4437 3296 4491 τῶν
3327 4439 3460 4492 ὅλων
3490 4439 3558 4492 τὰ
3588 4434 3898 4508 κτίσματα,

2250 4565 2295 4619 D
2326 4528 2462 4597 μηδὲ
2502 4526 2577 4597 τῷ
2626 4526 2898 4594 ἀγιάζοντι
2927 4528 2995 4581 τὰ
3042 4531 3401 4602 ἁγιαζόμεναο
3448 4532 3629 4599 ὥσπερ
3667 4531 3794 4582 οὐδὲ
3828 4536 3897 4602 τῇ

2324 4618 2509 4687 Τριάδι
2545 4617 2951 4688 συναριθμεῖταί
2995 4638 3048 4673 τι
3093 4622 3199 4675 τῶν
3256 4624 3586 4692 ποιημάτων,
3639 4622 3762 4676 ἀλλ’
3807 4624 3897 4673 ἐπ’

2320 4708 2540 4776 ὀνόματι
2578 4709 2674 4779 τῆς
2705 4710 2868 4777 ἁγίας
2898 4709 3123 4781 Τριάδος
3154 4713 3213 4767 τὸ
3246 4713 3523 4785 βάπτισμα
3552 4712 3644 4763 καὶ
3683 4714 3718 4782 η
3767 4714 3896 4765 ἐπί-

2323 4796 2511 4865 κλησις
2540 4800 2633 4851 καὶ
2660 4802 2692 4869 ἡ
2731 4799 2982 4871 λατρεία·
3028 4804 3076 4855 εί
3108 4803 3214 4876 γὰρ
3254 4804 3400 4875 τρεῖς
3424 4804 3480 4855 αἱ
3510 4800 3676 4879 δόξαι,
3738 4807 3895 4873 τρεῖς

2320 4888 2377 4939 αἱ
2411 4886 2648 4959 λατρείαι
2684 4892 3019 4959 γινέσθωσαν
3066 4895 3215 4966 παρά
3246 4897 3354 4955 τοῖς
3398 4892 3600 4954 ἀσεϐῶς
3651 4892 3725 4945 τὰ
3774 4899 3897 4947 κτίο

2321 4994 2502 5047 σματα
2536 4980 2779 5035 σέϐουσι·
2820 4986 2867 5035 εὶ
2903 4984 3203 5056 διῃρημένα
3243 4986 3311 5041 τὰ
3345 4983 3442 5053 τῆς
3475 4989 3899 5057 προσκυνουμέ-

2318 5084 2415 5137 νης
2436 5068 2663 5135 φύσεως,
2677 5068 2831 5144 διῃρη
2840 5076 2972 5143 μένα
2985 5078 3081 5131 καὶ
3103 5077 3171 5130 τὰ
3188 5075 3285 5145 τῆς
3305 5076 3722 5146 προσκυνήσεως
3743 5079 3897 5133 ἔστω

2319 5159 2447 5226 παρ’
2486 5157 2665 5219 αὐτοῖς
2686 5172 2700 5186 ο
2752 5159 2865 5212 ἀλλ’
2904 5164 3025 5216 οὐδὲ
3060 5162 3197 5233 μετά
3236 5159 3331 5212 τοῦ
3366 5161 3580 5213 αἰωνίου
3609 5162 3681 5215 τὰ
3705 5165 3893 5235 πρόσ-

2320 5261 2460 5314 φατα
2493 5247 3015 5321 προσκυνηθήσεται·
3044 5250 3352 5322 πρόσφατον
3384 5249 3492 5320 γὰρ
3513 5250 3655 5302 ἅπαν
3688 5251 3894 5322 τὸὶάρ-

2320 5336 2419 5407 χὴν
2448 5336 2685 5406 εἰληφὸς,
2734 5341 2918 5411 ἐπειδὴ
2964 5341 3128 5403 πολὺς
3174 5340 3268 5391 καὶ
3314 5340 3549 5413 ἄμετρος
3578 5344 3606 5395 ὁ
3637 5344 3747 5412 πρὸ
3775 5346 3892 5413 τῶν

2317 5426 2543 5495 αἰώνων.
2612 5428 2668 5479 ’0
2699 5430 2874 5482 τοίνυν
2900 5432 3070 5501 ἀρχήν
3105 5447 3225 5483 τινα
3262 5431 3465 5499 χρόνων
3492 5434 3589 5503 τῆς
3620 5434 3717 5486 τοῦ
3745 5434 3890 5502 Tia-3

2318 5517 2457 5590 ζωῆς
2502 5518 2732 5590 καὶτῆς
2774 5521 2863 5573 τοῦ
2909 5522 3061 5589 ἁγίου
3109 5520 3419 5593 Πνεύματος
3468 5522 3888 5594 ὑποτιθέμενος,

731 5702 806 5780 (ί)
842 5703 1031 5764 Filium
1070 5711 1363 5771 humanum
1387 5759 1399 5783 ,
1437 5733 1593 5789 vocat
1646 5724 1811 5795 filium
1860 5739 2009 5781 more
2055 5726 2281 5798 aliorum
2310 5724 2567 5796 genitum.
