4094 6354
271 482 416 540 1109

1514 492 1699 545 ΚΑΤΑ
1732 493 1960 547 ΜΕΡΟΣ
1992 494 2234 546 ΠΙΣἸΊΣ.

3345 493 3491 547 ΗΝ)

264 598 493 671 χωρίζει
535 601 672 654 κατά
724 601 1049 677 ταυτὸντῆς
1080 602 1310 658 ἀπὸτοῦ
1344 605 1554 675 Πατρὸς
1600 582 1830 680 συναριθ·

1952 608 2167 679 separa’t
2190 609 2384 663 Filium
2407 618 2460 664 et
2489 596 2745 679 Spiritum
2774 615 3020 674 sanctum
3066 608 3136 679 ab
3172 622 3492 663 annumera-

267 689 494 760 μήπως
530 690 620 744 τὸν
653 691 779 744 Υἱὸν
826 692 921 744 καὶ
964 692 1024 744 τὸ
1068 689 1288 763 Πνεῦμα
1313 710 1326 724 ·
1384 696 1473 769 δεῖ,
1505 696 1612 766 γὰρ
1656 698 1839 770 ῶσπερ

267 778 408 849 μίαν
432 780 529 851 τὴν
549 780 704 846 δόξαν
735 782 1124 851 ὁμολογοῦμεν,
1160 783 1332 847 οὕτως
1356 786 1449 838 καὶ
1479 786 1605 855 μίαν
1632 788 1729 858 τὴν
1759 791 1842 841 οὐ⁴

265 870 394 923 σίαν
447 872 563 941 ἦτοι
615 871 862 942 Θεότητα,
921 874 1015 926 καὶ
1066 874 1195 946 μίαν
1242 875 1341 948 τὴν
1383 876 1684 949 ἀειδιότητα
1744 880 1841 949 τῆς

195 957 199 963 ’
263 962 502 1032 Τριάδος
525 961 824 1033 ὁμολογεῖν.
1206 956 1211 960 ’
1366 972 1367 975 ‘

340 1055 644 1123 Κεφάλαιον
679 1056 735 1109 δὲ
782 1059 878 1127 τῆς
929 1059 1202 1130 σωτηρίας
1250 1060 1408 1133 ἡμῶν
1458 1063 1491 1132 ἠ
1544 1060 1633 1115 τοῦ
1668 1062 1839 1129 Λόγου

267 1144 567 1215 σάρκωσις·
587 1147 907 1219 πιστεύομεν
934 1146 1044 1214 οῦν,
1089 1140 1715 1225 ἀναλλοιώτουμενούσης
1740 1154 1839 1222 τῆς

265 1234 525 1304 θεότητος
556 1237 651 1307 τὴν
685 1237 957 1309 σάρκωσιν
990 1241 1081 1294 τοῦ
1127 1244 1301 1309 Λόγου
1343 1244 1666 1314 γεγενῆσθαι
1705 1246 1838 1314 πρὸς

263 1327 632 1381 ἀνακαίνωσιν
664 1328 762 1397 τῆς
815 1329 1257 1401 ἀνθρωπότητος·
1307 1317 1433 1384 οὔτε
1461 1333 1568 1404 γὰρ
1600 1332 1836 1397 ἄλλαξις,

265 1417 396 1471 οὔτε
434 1419 802 1490 μετακίνησις,
839 1418 959 1472 οῦτε
992 1421 1374 1496 περικλεισμὸς
1409 1424 1465 1474 ὲν
1502 1423 1725 1491 νεύματι
1747 1423 1838 1491 γέ-

264 1526 429 1578 γονεν
466 1510 591 1581 περὶ
628 1512 726 1581 τὴν
763 1510 922 1579 ἁγίαν
965 1510 1056 1563 τοῦ
1083 1511 1217 1564 Θεοῦ
1251 1513 1496 1582 δύναμιν,
1524 1514 1634 1566 ἀλλ’
1676 1516 1709 1584 ἡ
1743 1515 1839 1568 αῦ-

262 1602 336 1670 τὴ
368 1601 714 1671 διαμένουσα,
770 1602 862 1655 καὶ
893 1603 953 1655 τὸ
983 1603 1088 1677 τῆς
1114 1603 1437 1675 σαρκώσεως
1471 1605 1623 1677 ἔργον
1669 1606 1835 1677 ἐπλή-

266 1708 445 1762 ρωσεν
483 1694 560 1753 είς
589 1693 687 1763 τὴν
714 1692 803 1745 τοῦ
831 1694 1033 1763 κόσμου
1063 1696 1354 1765 σωτηρίαν,
1390 1700 1481 1749 καὶ
1502 1696 1639 1751 κατά
1666 1697 1723 1749 τὸ
1751 1697 1838 1747 άν-

263 1780 537 1853 θρώπινον
552 1783 640 1835 ἐπὶ
656 1783 756 1852 γῆς
769 1784 1218 1856 πολιτευσάμενος
1232 1789 1258 1838 ὁ
1275 1785 1365 1839 τοῦ
1390 1786 1522 1840 Θεοῦ
1548 1788 1719 1855 Λόγος
1739 1788 1837 1858 τὴν

265 1872 459 1943 θεζκὴν
497 1875 587 1925 ἐπὶ
608 1876 784 1927 πάντα
803 1877 1100 1947 παρουσίαν
1125 1878 1321 1947 ὁμοίως
1333 1877 1646 1947 διεφύλαξεν
1663 1881 1833 1932 πάντα

1942 702 2090 757 tione
2108 698 2305 777 Patris.
2334 700 2555 768 Oportet
2571 700 2716 753 enim
2748 700 2889 754 sicut
2909 714 3071 753 unam
3099 700 3323 780 gloriam
3356 715 3486 754 con—

1937 792 2174 859 ﬁtemur,
2228 794 2309 848 sic
2357 808 2519 847 unam
2574 792 2950 854 substantiam,
3002 785 3208 847 scilicet
3240 791 3489 845 divinita-

1946 892 2079 950 tem,
2109 895 2163 939 et
2205 898 2367 938 unam
2399 881 2873 954 sempiternitatem
2912 880 3189 937 Trinitatis
3221 881 3485 937 conﬁteri.

2009 1067 2182 1136 Caput
2198 1081 2325 1120 vero
2337 1066 2525 1121 salutis
2538 1074 2753 1129 nostrae,
2778 1063 3069 1119 incarnatio
3084 1059 3240 1117 Verbi
3254 1061 3488 1116 est.Cre—
3548 1082 3549 1085 η

1938 1158 2118 1213 dimus
2156 1158 2339 1227 igitur,
2374 1164 2618 1211 manente
2648 1153 2965 1208 immutabili
2990 1151 3263 1205 divinitate
3291 1148 3485 1202 factam

1937 1264 2057 1303 esse
2078 1248 2234 1303 Verbi
2261 1232 2705 1319 incarnationem,
2725 1246 2787 1298 ad
2809 1243 3204 1299 renovationem
3236 1242 3487 1319 humanie

1936 1339 2081 1393 tatis.
2105 1337 2214 1393 Nec
2234 1339 2379 1391 enim
2398 1338 2640 1401 mutatio,
2661 1316 2832 1405 neque
2854 1332 3192 1398 transmotio,
3210 1346 3381 1401 neque
3404 1316 3489 1383 in-V

1936 1429 2109 1482 clusio
2134 1428 2187 1480 in
2212 1437 2361 1482 motu
2392 1443 2454 1481 ac
2484 1427 2754 1497 voluntate
2784 1424 2923 1479 facta
2950 1430 3033 1478 est
3066 1422 3208 1477 circa
3247 1429 3498 1493 sanctam

1936 1518 2029 1571 Dei
2050 1518 2338 1583 virtutem;
2369 1518 2461 1572 sed
2489 1517 2674 1571 eadem
2703 1529 3045 1584 permanens,
3080 1529 3217 1583 opus
3243 1514 3494 1573 incarna:

1936 1608 2099 1662 tionis
2125 1609 2189 1674 ad
2212 1609 2437 1679 salutem
2464 1607 2649 1662 mundi
2675 1606 2914 1675 implevit
2934 1624 2958 1679 ;_
2983 1618 3038 1659 et.
3060 1604 3290 1659 Verbum
3311 1605 3403 1659 Dei
3433 1606 3488 1659 in
3514 1622 3523 1626 ‘

1936 1709 2081 1755 terra
2129 1701 2426 1755 secundum
2462 1698 2849 1774 humanitatem
2876 1711 3223 1761 conversans,
3248 1696 3484 1759 divinam

1936 1792 2275 1859 prasentiam
2313 1790 2559 1857 similiter
2587 1788 2833 1850 retinuit,
2884 1787 3065 1841 omnia
3096 1785 3344 1855 impletis,
3375 1778 3487 1839 sin-

1938 1881 2199 1951 gulariter
2241 1882 2392 1936 carni
2439 1881 2689 1945 unitum;
2719 1886 2774 1933 et
2802 1878 3147 1949 passionibus
3198 1877 3343 1932 circa
3367 1892 3484 1930 car-

262 1964 666 2036 πεπληρωκὼς,
687 1967 829 2029 ίδίως
846 1985 901 2019 τε
926 1969 1088 2038 σαρκὶ
1110 1971 1551 2041 συγκεκραμένος
1576 1988 1587 2000 ο
1619 1971 1712 2023 καὶ
1732 1972 1830 2023 τῶν

1940 1989 2059 2025 nem
2091 1972 2271 2035 factis,
2305 1972 2487 2026 divina
2517 1972 2688 2024 virtus
2718 1985 2874 2023 suam
2914 1970 3147 2025 habebat
3170 1968 3474 2036 impassibi-

263 2054 400 2125 περὶ
432 2057 612 2121 σάρκα
636 2058 819 2111 παθῶν
854 2059 1169 2129 γινομένων,
1196 2060 1290 2130 τὴν
1326 2060 1590 2113 ἀπάθειαν
1620 2063 1650 2129 ἠ
1684 2061 1839 2113 δόνα-

263 2164 363 2216 μις
386 2142 528 2217 εἶχεν
560 2149 656 2219 τὴν
682 2149 876 2217 ἑαυτῆς
900 2166 913 2178 ·
955 2151 1154 2218 ἀσεϐὴς
1182 2148 1272 2203 οὖν
1291 2154 1319 2204 ὁ
1339 2151 1400 2203 τὸ
1432 2150 1599 2213 πάθος
1626 2152 1839 2217 ἀνάγων

258 2240 346 2301 είς
378 2239 478 2309 τὴν
510 2238 734 2310 δύναμιν
753 2258 765 2271 ·
803 2244 830 2294 ὁ
863 2240 969 2312 γὰρ
1014 2243 1109 2311 τῆς
1134 2242 1290 2310 δόξης
1319 2242 1519 2311 Κύριος
1549 2244 1604 2293 ὲν
1633 2242 1839 2311 ἀνθρω-

259 2321 696 2400 πίνῳβχήματι
731 2331 939 2402 πέφηνε
985 2332 1081 2401 τὴν
1139 2332 1483 2402 ἀνθρωπίνην
1530 2331 1837 2400 οἰκονομίαν

248 2420 658 2491 ἀναδεξάμενος
692 2423 781 2474 ἐπὶ
808 2424 910 2491 γῆς
932 2440 944 2453 ⁸
982 2424 1073 2475 καὶ
1105 2418 1223 2485 ταῖς
1252 2423 1348 2492 μὲν
1380 2420 1606 2491 πράξεσι
1632 2422 1721 2473 τὸν
1750 2422 1826 2473 νό-

262 2526 369 2581 μον
414 2510 705 2582 πληρώσας
753 2513 889 2581 ὑπὲρ
934 2513 1253 2584 ἀνθρώπων,
1301 2516 1409 2573 τοῖς
1445 2512 1501 2565 δὲ
1545 2512 1735 2565 πάθεσι
1766 2511 1833 2564 τά

255 2601 565 2671 παθήματα
604 2601 877 2667 διαλύσας,
931 2606 1023 2657 καὶ
1079 2604 1155 2674 τῷ
1204 2603 1413 2671 θανάτῳ
1469 2603 1556 2655 τὸν
1610 2603 1831 2656 θάνατον

258 2692 492 2758 ἀνελὼν,
524 2695 590 2763 τῇ
613 2692 682 2758 δὲ,
695 2693 985 2759 ἀναστάσει
1012 2694 1108 2764 τὴν
1137 2694 1279 2764 ζωὴν
1301 2693 1581 2757 ἀνατείλας
1603 2710 1615 2724 ⁸
1654 2688 1714 2747 οῦ
1740 2693 1832 2747 καὶ

259 2784 366 2855 τὴν
387 2784 686 2858 παρουσίαν
707 2781 911 2849 ἔνδοξον
934 2784 1025 2837 ἀπ’
1051 2784 1277 2855 οὐρανοῦ
1320 2783 1701 2855 προσδοκῶμεν
1736 2785 1833 2836 ἐπὶ

258 2879 333 2947 τῇ
368 2875 474 2930 τῶν
517 2876 653 2945 ὅλων
695 2875 805 2947 ζωῇ
840 2875 934 2929 καὶ⁵
971 2876 1179 2948 κρίσει,
1236 2876 1578 2939 ἀναστάσεως
1626 2876 1833 2946 νεκρῶν

259 2967 549 3039 ισομένης,
592 2970 672 3031 είς
719 2968 780 3022 τὸ
822 2969 985 3023 πᾶσιν
1034 2968 1454 3038 ἀπαποδοϋῆναι
1499 2969 1617 3020 κατ’
1651 2967 1826 3032 ἀξίαν.

1940 2065 2161 2119 litatem.
2198 2061 2398 2132 Impius
2420 2078 2549 2132 ergo
2570 2071 2671 2125 est,
2703 2063 2793 2131 qui
2824 2062 3130 2130 passionem
3158 2061 3209 2113 in
3232 2061 3481 2114 virtutem

1939 2157 2173 2209 divinam
2208 2156 2432 2210 reducit.
2460 2154 2730 2209 Dominus
2759 2154 2902 2207 enim
2930 2154 3111 2222 gloria:
3146 2153 3199 2205 in
3245 2152 3483 2205 humano

1940 2249 2126 2308 habitu
2165 2246 2447 2317 apparuit;
2487 2254 2738 2313 suscepta
2769 2244 3070 2300 meonomia
3109 2245 3160 2297 in
3217 2252 3358 2297 terra
3384 2243 3483 2314 (ε).

1938 2340 2031 2405 qui
2051 2337 2303 2405 operibus
2331 2333 2730 2405 quidemlegem
2756 2348 2853 2403 pro
2878 2332 3187 2386 hominibus
3223 2332 3484 2400 implevit,

1937 2426 2284 2496 passionibus
2308 2441 2434 2484 vero
2460 2425 2740 2492 passiones
2770 2423 3034 2495 dissolvit,
3062 2432 3114 2475 et
3138 2433 3308 2476 morte
3336 2438 3483 2475 mor-

1938 2527 2046 2571 tem
2082 2516 2328 2580 sustulit;
2363 2514 2755 2569 resurrectione
2790 2529 2920 2567 vero
2957 2513 3119 2565 vitam
3156 2514 3287 2566 oriri
3314 2512 3482 2566 fecit:

1937 2606 2097 2676 cujus
2138 2606 2436 2675 gloriosum
2465 2619 2496 2658 e
2526 2604 2664 2658 coelo
2694 2604 2983 2656 adventum
3014 2612 3390 2669 exspectamus
3418 2604 3485 2656 ad

1940 2699 2102 2751 vitam
2131 2695 2531 2760 universorum,
2558 2693 2919 2762 etjudicium,
2956 2708 3081 2746 cum
3125 2691 3303 2747 futura
3338 2708 3487 2751 mor-

1939 2798 2158 2863 tuorum
2211 2786 2626 2851 resurrectione,
2659 2782 2727 2839 ad
2778 2783 3182 2840 retribuendum
3233 2778 3485 2841 Omnibus

1940 2894 2037 2949 pro
2066 2878 2328 2947 cujusque
2354 2875 2583 2931 meritis.

331 3060 513 3114 Δεινδν
532 3060 589 3114 δι
618 3059 895 3132 μελέτημα
916 3062 1057 3125 τινὲς
1083 3062 1221 3116 κατά
1249 3063 1344 3133 τῆς
1378 3063 1536 3130 ἁγίας
1567 3062 1830 3131 μελετῶσι

2006 3056 2334 3113 Sceleratum
2365 3070 2492 3109 vero
2521 3070 2658 3124 Opus
2684 3053 2849 3123 aliqui
2878 3060 3342 3118 contrasanctam,
3360 3050 3483 3108 ‘l‘rle

258 3148 513 3219 Τριάδος,
546 3150 597 3202 οἱ
617 3150 741 3221 τρία
767 3151 1038 3222 Πρόσωπα
1062 3152 1161 3204 οὐκ
1193 3147 1331 3207 εἶναι
1360 3152 1830 3224 διῖσχυριζόμενοι,

261 3240 455 3309 ὥσπερ
502 3240 866 3293 ἀνυπόστατον
920 3242 1228 3309 εἰσάγοντες
1285 3245 1603 3315 πρόσωπον·
1649 3244 1717 3297 δι’
1766 3241 1833 3316 ἧς

259 3328 647 3397 ἁποφεύγομεν
696 3327 787 3381 τὸν
832 3329 1113 3383 Σαϐέλλιον
1157 3331 1379 3398 λέγοντα
1406 3334 1495 3385 τὸν
1530 3334 1689 3388 αὑτὸν
1722 3335 1833 3388 Πα-

150 3452 154 3457 ‹
256 3420 431 3491 τέρα,
469 3420 559 3473 τὸν
602 3419 762 3472 αὐτὸν
800 3417 957 3473 Υῐόν·
1005 3421 1221 3493 Πατέρα
1254 3423 1350 3491 μὲν
1377 3425 1487 3495 γὰρ
1518 3426 1662 3495 λέγει
1696 3422 1831 3481 εἶναι

256 3512 354 3566 τὸν
386 3511 664 3573 λαλοῦντα.
688 3512 812 3565 Υίόν
833 3512 887 3567 δὲ
910 3511 1000 3565 τὸν
1034 3514 1203 3582 Λόγον
1229 3516 1289 3568 ὲν
1313 3514 1390 3585 τῷ
1406 3517 1577 3587 Πατρλ¹
1604 3517 1831 3585 μένοντα

259 3604 359 3666 καὶ
380 3602 518 3655 κατά
544 3600 731 3672 καιρὸν
759 3602 857 3670 τῆς
878 3602 1237 3673 δημιουργίας
1265 3604 1584 3674 φαινόμενον
1604 3621 1617 3643 ε
1644 3604 1830 3657 ἔπειτα

262 3693 407 3763 μετά
436 3692 533 3764 τὴν
574 3693 826 3745 ἁπάντων
865 3692 1143 3764 πλήρωσιν
1190 3693 1299 3749 τῶν
1345 3696 1701 3767 πραγμάτων,
1751 3698 1829 3759 εἰς

196 3788 210 3798 ⁵
256 3783 397 3837 Θεὸν
445 3782 840 3853 ἀνατρέχοντα·
880 3782 941 3837 τὸ
972 3784 1101 3837 αὐτὸ
1142 3784 1198 3837 δὲ
1231 3786 1325 3837 καὶ
1370 3786 1616 3855 περὶτοῦ
1662 3786 1829 3837 Πνεῦ-

260 3890 434 3945 ματος
470 3872 636 3942 λέγει.
676 3874 1006 3944 Πιστεύομεν
1036 3874 1142 3947 γὰρ
1163 3878 1321 3945 ἡμεῖς
1351 3878 1429 3929 ὅτι
1471 3876 1589 3947 τρία
1616 3875 1831 3946 Πρόσω-

256 3982 339 4017 πα
374 3962 733 4035 μίαννέχοντα
761 3964 859 4036 τὴν
898 3964 1125 4038 θεότητα
1170 3965 1468 4034 δηλοῦνται,
1515 3967 1698 4037 Πατὴρ
1738 3966 1827 4019 καὶ

256 4054 391 4117 Υἱὸς
421 4054 513 4107 καὶ
545 4053 697 4123 ἅγιον
721 4056 945 4126 Πνεῦμα
967 4073 981 4088 ο
1014 4060 1047 4128 ἡ
1086 4057 1189 4127 γάρ
1218 4056 1404 4126 Θεότης
1435 4057 1551 4127 μία,
1587 4059 1827 4129 φυσικῶς

255 4147 318 4220 ἦν
350 4144 539 4212 Τριάδι
586 4146 1001 4216 μαρτυρουμένη
1031 4186 1046 4209 ,
1088 4146 1189 4216 τὴν
1226 4146 1447 4216 ἑνότητα
1473 4148 1571 4216 τῆς
1618 4148 1827 4216 φύσεως

258 4232 496 4303 βεϐαιιοῦ
534 4236 614 4288 ὅτι
644 4252 752 4306 περ
780 4224 874 4290 καὶ
905 4238 1034 4291 ἴδιον
1069 4237 1165 4307 μὲν
1194 4238 1405 4309 Πατρὸς
1434 4241 1573 4294 κατά
1605 4242 1683 4305 τὸ,
1725 4239 1827 4307 Εἷς

256 4323 406 4407 Θεὸς
430 4327 464 4377 ό
490 4324 689 4394 Πατήρ
710 4342 722 4356 ο
744 4327 1004 4399 Πατρῷον
1032 4328 1087 4381 δὲ
1115 4326 1192 4398 τῷ
1221 4328 1359 4399 Υίῷ,
1392 4330 1531 4383 κατά
1561 4330 1644 4405 τό,
1681 4309 1825 4395 Θεὸς

252 4404 391 4484 ἧνό
420 4417 629 4484 λόγος·
666 4415 761 4470 καὶ⁵
790 4416 869 4487 τῷ
902 4418 1175 4488 Πνεῦματι
1201 4418 1256 4470 δὲ
1283 4420 1454 4489 παρὸν
1479 4400 1735 4487 φυσικῶς.
1767 4420 1826 4480 τὸ

252 4501 486 4573 Πνεῦμα
514 4502 647 4556 Θεοῦ
677 4503 961 4576 ὑπάρχειν,
1003 4508 1124 4561 καθ’
1147 4506 1176 4558 ὁ
1212 4506 1356 4573 λέγει
1388 4508 1625 4571 Παῦλος·
1666 4508 1823 4573 Nam;

255 4596 411 4651 Θεοῦ
434 4588 590 4659 ἐστε,
619 4595 804 4651 καὶτὸ
828 4599 1069 4667 Πνεῦμα
1101 4597 1204 4651 τοῦ
1234 4596 1377 4651 Θεοῦ
1404 4598 1552 4651 οἰκεῖ
1572 4599 1639 4655 ἐν
1660 4598 1817 4671 ὑμῖν.

329 4686 621 4758 Πρόσωπον
680 4686 775 4757 μὲν
824 4686 934 4759 γάρ
984 4689 1234 4752 ἑκάστου,
1277 4686 1338 4739 τὸ
1373 4684 1511 4740 εἶναι
1554 4688 1685 4740 αὐτὸ
1730 4689 1821 4741 καὶ

253 4777 555 4849 ὑφεστάναι
583 4766 755 4849 δηλοτο
792 4777 979 4847 θεότης
1011 4779 1069 4832 δὲ
1110 4779 1319 4849 Πατρὸς
1349 4779 1473 4831 ἴδιον
1492 4795 1505 4807 ·
1542 4779 1633 4850 καὶ
1660 4777 1819 4829 ὁπότε

254 4858 371 4941 μίαν
386 4870 493 4923 τῶν
511 4868 673 4942 τριῶν
696 4871 729 4939 ἡ
757 4867 945 4938 Θεότης
976 4869 1201 4937 λέγοιτο,
1235 4870 1331 4938 τὴν
1355 4868 1562 4938 Πατρὸς
1585 4868 1818 4942 ἰδιότητα

251 4940 556 5029 παροῦσαν
584 4959 698 5030 Tit?)
726 4976 787 5013 τε
820 4959 919 5011 καὶ
946 4960 1222 5029 Πνεόματι
1253 4962 1547 5029 μαρτυρεῖ·
1596 4940 1821 5020 ὥστε-εί

254 5050 361 5120 μὲν
389 5049 446 5100 ὲν
468 5052 612 5121 τρισὶ
637 5048 949 5124 Προσώποις
976 5050 1072 5121 μία
1114 5050 1404 5121 ῥηθήσεται
1427 5052 1459 5121 ἡ
1500 5050 1703 5120 θεότης,
1726 5056 1819 5108 καὶ

251 5141 289 5209 ἡ
319 5137 491 5209 Τριάς
516 5139 908 5195 διαϐεϐαιοῦται
939 5139 1029 5193 καὶ
1057 5140 1117 5192 τὸ
1149 5139 1206 5192 ἓν
1244 5139 1302 5191 οὐ
1332 5124 1698 5211 διακόπτεται,
1729 5143 1818 5195 καὶ

250 5229 289 5297 ἠ
334 5226 470 5298 πρὸς
502 5229 591 5280 τὸν
622 5231 837 5303 Πατέρα
878 5229 1077 5300 φυσικὴ
1109 5227 1238 5281 Υἱοῦ
1269 5246 1329 5281 τε
1372 5231 1464 5283 καὶ
1508 5231 1818 5302 Πνεύματος

250 5317 450 5387 ινότης
474 5302 809 5388 ὁμολογεῖται
833 5340 846 5353 ·
875 5324 921 5374 εί
944 5321 999 5374 δὲ
1028 5320 1119 5373 καὶ
1143 5319 1437 5390 Πρόσωπον
1459 5324 1516 5374 ἐν
1542 5302 1686 5389 λέγει
1714 5338 1814 5383 τις,

333 5512 352 5543 ⁸
386 5511 406 5565 1
435 5510 561 5567 Cor.
589 5530 706 5582 vm,
742 5519 793 5571 6.
871 5524 892 5557 ³
918 5521 1074 5593 Ιοαη.
1108 5540 1146 5589 ι,
1186 5524 1233 5577 ί.
1311 5524 1330 5553 ³
1364 5523 1383 5577 ι
1418 5525 1543 5580 Cor.
1578 5540 1659 5591 ιιι,

329 5687 813 5767 (ἓμΕεοηοιῃίοεη
858 5694 947 5750 hic
988 5706 1138 5752 vocat
1170 5707 1341 5752 totum
1382 5712 1519 5766 opus
1556 5707 1607 5751 et
1654 5710 1848 5767 aegon

248 5762 396 5837 tium
430 5760 814 5818 incarnationis
842 5772 893 5818 et
912 5767 1288 5841 redemptionis
1315 5760 1678 5837 per'carnem.

1935 3150 2157 3203 nitatem
2205 3145 2555 3210 meditantur,
2605 3146 2696 3214 qui
2740 3143 3005 3198 allirmant
3050 3158 3156 3205 non
3205 3160 3339 3200 esse.
3373 3153 3484 3199 tres

1932 3237 2221 3299 Personas,
2248 3246 2306 3289 ut
2334 3235 2427 3304 qui
2451 3248 2737 3303 personam
2771 3248 2878 3286 non
2903 3231 3284 3301 subsistentem
3315 3233 3485 3287 intro-

1932 3330 2155 3384 ducunt.
2185 3326 2451 3392 Quocirca
2468 3326 2761 3381 Sabellium
2793 3324 3050 3397 fugimus,
3074 3326 3163 3394 qui
3189 3326 3314 3378 dicit
3337 3339 3482 3378 eum-

1932 3422 2053 3475 dem
2094 3433 2216 3473 esse
2256 3418 2468 3472 Patrem
2510 3426 2563 3473 et
2592 3416 2827 3472 Filium:
2864 3417 3072 3470 Patrem
3095 3418 3309 3484 quidem
3349 3416 3481 3468 dicit

1930 3528 2054 3567 eum
2103 3511 2195 3580 qui
2230 3510 2490 3579 loquitur,
2527 3508 2720 3563 Filium
2768 3522 2895 3570 vero
2936 3503 3167 3558 Verbum
3223 3505 3273 3556 in
3320 3504 3478 3557 Patre

1932 3618 2177 3666 manens,
2206 3611 2259 3654 et
2281 3610 2521 3669 tempore
2546 3594 2836 3666 creationjs
2864 3594 3209 3664 patefactum,
3238 3594 3476 3661 comple-

1930 3697 1999 3749 tis
2031 3682 2155 3747 veru
2185 3694 2347 3747 rebus
2372 3693 2424 3745 in
2457 3691 2619 3744 Deum
2646 3700 2909 3752 remeans.
2939 3684 3078 3737 Idem
3104 3684 3237 3737 dicit
3262 3685 3327 3737 de
3359 3684 3483 3757 Spi-q
3537 3744 3543 3761 ‘

1925 3784 2034 3837 ritu
2059 3792 2265 3838 sancto.
2296 3782 2404 3835 Nos
2426 3781 2565 3833 enim
2591 3775 2863 3837 credimus
2881 3784 2991 3830 tres
3018 3774 3281 3830 Personas
3309 3790 3475 3829 unam

1929 3876 2186 3930 trahentes
2212 3872 2541 3929 divinitatem
2575 3868 2834 3928 declarari
2864 3867 3173 3921 nominibus
3200 3867 3395 3933 Patris,
3421 3876 3481 3923 et

1927 3964 2071 4029 Filii,
2104 3974 2158 4019 et
2188 3964 2418 4032 Spiritus
2447 3958 2651 4033 sancti:
2682 3973 2789 4012 una
2818 3958 3082 4027 siquidem
3111 3958 3359 4013 divinitas
3387 3974 3489 4027 ιιετΔ

1929 4058 2174 4112 turaliter
2204 4055 2257 4107 in
2281 4050 2541 4113 Trinitate
2571 4057 2785 4113 testata,
2816 4050 3073 4109 unitatem
3107 4058 3312 4119 natura:
3344 4065 3475 4103 eou-

1927 4147 2122 4199 ﬁrmat.
2159 4142 2252 4194 Est
2284 4140 2426 4193 enim
2453 4138 2727 4209 proprium
2752 4138 2967 4208 quidem
2999 4137 3195 4197 Patris,
3228 4138 3380 4207 juxta
3409 4138 3473 4189 il-

1927 4237 2015 4293 lud
2047 4254 2058 4287 :
2090 4233 2231 4288 Unus
2270 4230 2404 4295 Deus
2446 4230 2673 4309 Pater‘;
2704 4230 2975 4300 preprium
3017 4242 3142 4279 vero
3179 4225 3318 4291 Filii,
3350 4242 3470 4280 esse

1927 4326 2161 4379 Verbum
2198 4322 2395 4389 Patris,
2437 4324 2590 4394 juxta
2625 4321 2756 4375 illud
2793 4339 2807 4374 ε
2844 4318 2981 4372 Deus
3013 4328 3123 4369 erat
3172 4316 3391 4387 Verbum
3414 4320 3465 4382 ’ς

1854 4385 1901 4444 D
1925 4428 1977 4469 et
2008 4414 2239 4482 Spiritus
2272 4385 2455 4490 sancti
2472 4413 2747 4482 proprium
2788 4416 2841 4462 et
2880 4408 3124 4483 naturale
3154 4423 3273 4475 esse
3301 4385 3473 4477 Spiri-

1926 4514 2037 4558 tum
2077 4504 2191 4568 Dei,
2240 4508 2379 4561 sicut
2407 4505 2483 4558 ait
2513 4501 2711 4558 Paulus
2742 4517 2754 4550 :
2787 4496 3053 4571 Templum
3098 4497 3192 4565 Dei
3233 4501 3380 4568 estis,
3420 4509 3471 4555 et

1925 4594 2159 4664 Spiritus
2191 4590 2288 4652 Dei
2315 4596 2515 4665 habitat
2538 4594 2591 4645 in
2621 4589 2760 4643 vobis
2784 4588 2820 4643 ⁸.

1991 4682 2227 4750 Persona
2247 4684 2388 4757 enim
2413 4678 2837 4747 uniuscujusque
2876 4679 3251 4759 bderlaratesse
3270 4672 3475 4752 ipsum,‘

1920 4786 1975 4831 et
1992 4792 2084 4847 per
2099 4792 2157 4831 se
2174 4772 2450 4849 eisistere.
2472 4770 2735 4829 Divinitas
2758 4781 2934 4826 autem
2952 4771 3150 4836 Patris,
3170 4775 3468 4843 proprium.

1923 4878 1977 4921 et
2004 4866 2220 4937 quando
2248 4879 2353 4918 una
2379 4862 2635 4917 divinitas
2657 4862 2821 4917 trium
2849 4863 3067 4937 dieitur,
3098 4864 3463 4918 testimonium

1922 4959 2103 5023 datur,
2143 4970 2260 5010 esse
2295 4953 2677 5024 proprietatem
2724 4953 2902 5032 Patris
2932 4955 2984 5008 in
3018 4954 3154 5009 Filio
3181 4963 3234 5007 et
3262 4953 3465 5021 Spiritu

1922 5045 2221 5115 sancto(3).
2251 5044 2499 5117 Quaresi
2519 5062 2625 5099 una
2657 5046 2909 5100 divinitas
2939 5046 2991 5099 in
3021 5046 3189 5099 tribus
3214 5042 3465 5097 Personis

1923 5141 2140 5203 dicitur,
2164 5136 2401 5190 Trinitas
2420 5137 2733 5200 afﬁrmatur,
2764 5148 2817 5192 et
2838 5139 3016 5192 unitas
3040 5150 3141 5188 non
3166 5133 3462 5198 scinditur;

1919 5228 1974 5283 et
2004 5228 2184 5282 unitas
2216 5228 2477 5297 naturalis
2511 5229 2629 5282 Filii
2655 5238 2706 5283 et
2735 5228 2969 5305 Spiritus
3004 5226 3174 5299 sancti
3205 5240 3328 5277 cum
3354 5223 3461 5277 Pa-

1922 5330 1998 5373 tre
2030 5318 2373 5388 praedicatur.
2411 5321 2466 5375 Si
2489 5322 2612 5391 quis
2643 5336 2768 5374 vero
2796 5320 2939 5373 dicat
2962 5330 3120 5369 unam
3149 5313 3460 5381 Personam,

1988 5696 2065 5763 (ὅ)
2110 5695 2499 5767 Proprietatem
2538 5692 2734 5767 Patris,
2783 5700 2935 5767 vocat
2970 5691 3298 5747 divinitatem
3329 5708 3448 5763 μιν

1917 5761 2085 5834 priam
2127 5761 2322 5833 Patris,
2345 5776 2404 5818 ut
2436 5762 2593 5833 paulo
2628 5772 2751 5817 ante
2776 5761 2973 5819 dictum
2998 5772 3096 5817 est.
