4094 6354
2211 347 2217 393 ί
2282 348 2285 356 .

1307 450 1365 505 3.
1405 449 1730 506 GBEGORII
1772 449 2127 506 THAUMAT.
2166 448 2316 505 OPP.
2357 434 2535 505 PARS
2567 447 2859 508 ALTERA.
2898 482 2968 492 —
2996 452 3219 508 DUBlA.

682 433 815 513 iiii

3772 452 3935 508 HIS

677 551 823 620 sicut
848 580 1008 618 unam
1041 564 1398 628 divinitatem,
1439 580 1549 619 non
1592 577 1718 620 sunt
1746 577 2001 635 tanquam
2035 581 2225 628 unum,

2331 566 2517 636 ὥσπερ
2547 567 2639 619 καὶ
2659 566 2756 637 τὴν
2786 566 3010 638 Θεότητα
3046 566 3172 638 μίαν
3190 607 3205 633 ,
3231 568 3330 620 οὐκ
3357 559 3502 620 ἐστιν
3521 567 3599 630 ὡς
3623 567 3694 619 ἐν·
3717 567 3797 620 τὰ
3828 568 3934 620 δύο

676 656 788 710 duo
825 656 882 710 in
918 669 1046 709 uno.
1078 653 1278 710 Paulus
1307 655 1450 711 enim
1483 671 1652 710 unum
1690 657 1908 726 quidem
1947 656 2228 711 divinitate

674 743 890 813 Patrem
931 744 1151 811 clamat,
1171 761 1354 811 unum
1387 758 1512 800 vero
1546 745 1600 800 in
1629 745 1999 810 dominatione
2030 744 2226 799 Filium

675 835 852 899 dicit:
884 832 1028 898 Unus
1064 835 1204 890 Deus
1253 834 1421 890 Pater
1460 851 1526 888 ea:
1565 851 1668 905 quo
1719 837 1918 900 omnia,
1964 846 2014 888 st
2053 851 2144 888 nos
2172 837 2227 888 in

671 925 878 986 ipsum;
916 917 1138 979 et'nnus
1181 924 1435 978 Dominus
1468 925 1623 978 Jesus
1664 925 1925 991 Christus,
1967 942 2057 994 per
2078 943 2227 995 quem

639 1021 644 1027 “
673 1016 873 1082 omnia,
922 1026 971 1071 et
1007 1032 1104 1071 nos
1138 1029 1230 1084 per
1274 1014 1445 1083 ipsum
1465 1014 1507 1083 ⁵,
1550 1014 1716 1086 Igitur
1759 1016 1808 1070 si
1838 1032 1980 1071 unus
2011 1017 2227 1085 quidem

674 1103 836 1169 Deus,
888 1106 1153 1162 Dominus
1209 1121 1338 1160 vero
1385 1095 1721 1172 unus,‘.una
1763 1115 1943 1160 autem
1969 1104 2226 1173 Persona,

674 1198 818 1252 sicut
844 1196 1121 1260 divinitas,
1151 1183 1314 1250 unius
1352 1194 1766 1259 dominationis;
1801 1195 2078 1264 quomodo
2111 1211 2228 1253 cre-

675 1289 822 1341 ditur
849 1285 1004 1357 illud,
1025 1300 1090 1339 ea:
1115 1301 1237 1355 quo,
1259 1295 1313 1340 et
1343 1279 1437 1353 per
1467 1301 1639 1355 quam,
1679 1285 1820 1339 sicut
1842 1287 1994 1355 prius
2019 1287 2226 1347 dictum

676 1375 794 1432 est?
826 1377 894 1431 At
921 1392 1024 1431 nos
1053 1377 1387 1432 divinitatem
1410 1375 1643 1433 dicimus
1673 1387 1782 1430 nan
1818 1386 2133 1450 separantes
2160 1377 2228 1430 ab

675 1481 738 1520 ea
765 1464 1207 1532 dominationem,
1239 1479 1340 1520 nec
1363 1454 1592 1520 alterum
1623 1463 1691 1518 ab
1715 1464 1885 1523 altero
1907 1464 2226 1528 alienantes,

677 1555 772 1612 sed
804 1556 884 1611 sic
903 1555 1278 1626 intelligentes,
1306 1563 1366 1610 ut
1395 1569 1484 1610 res
1506 1555 1668 1608 habet
1687 1563 1740 1608 et
1762 1555 1962 1609 veritas
1993 1574 2006 1607 :
2033 1555 2227 1608 Filium

659 1645 896 1715 ,quidem
927 1661 1186 1700 vocamus
1213 1644 1382 1699 Deum
1425 1644 1751 1722 proprietate
1777 1643 1954 1698 Patris
1980 1645 2082 1713 (4),
2111 1655 2229 1698 tau-

677 1750 841 1806 quam
890 1736 1183 1804 imaginem
1231 1742 1285 1789 et
1334 1749 1587 1802 germen;
1639 1733 1853 1790 Patrem
1887 1750 2016 1790 vero
2048 1735 2229 1791 Domi-

640 1860 646 1866 -
678 1841 833 1890 num,
872 1826 1099 1882 nomine
1137 1825 1299 1879 unius
1335 1824 1549 1882 Domini
1580 1825 1931 1896 appellamus,
1970 1835 2225 1898 tanquam

681 1913 849 1982 hujus
874 1903 1202 1982 principium
1233 1920 1285 1967 et
1310 1912 1626 1982 genitorem.

751 2045 949 2100 Eadem
975 2055 1153 2102 autem
1179 2056 1232 2101 et
1255 2047 1321 2101 de
1343 2047 1553 2121 Spiritu
1583 2059 1771 2104 sancto
1805 2053 2066 2127 unitatem
2105 2069 2228 2108 cum

680 2137 820 2193 I-‘ilio
848 2139 1095 2202 habente,
1123 2155 1283 2208 quam
1307 2140 1475 2194 Filius
1499 2142 1800 2198 habetcum
1821 2143 1998 2197 Patre.
2030 2144 2230 2209 Quam-

680 2235 868 2286 obrem
927 2231 1184 2286 noscatur
1233 2233 1542 2300 bypostasis
1603 2232 1815 2297 Patris,
1877 2236 2232 2303 appellatione

610 2380 612 2383 l
682 2320 809 2377 Dei:
841 2336 913 2375 ne
935 2331 1211 2388 separetur
1238 2320 1308 2374 ab
1331 2320 1442 2374 bac'
1464 2322 1817 2390 appellatioiie
1843 2321 2032 2388 Filius,
2058 2336 2114 2377 ut
2137 2325 2232 2392 qui

680 2426 747 2464 ex
788 2409 896 2464 Deo
925 2421 1024 2464 est.
1065 2409 1330 2466 Noscatur
1357 2413 1520 2466 etiam
1549 2412 1782 2468 Persona
1815 2413 1966 2477 Filii,
1998 2417 2231 2484 appella-

685 2496 830 2553 tiOne
874 2498 1116 2566 Domini;
1155 2517 1225 2556 ne
1265 2510 1544 2571 separetur
1574 2504 1642 2557 ab
1679 2504 1780 2558 hac
1809 2503 1972 2570 Deus,
2010 2505 2102 2573 qui
2135 2504 2233 2558 Du-

685 2591 864 2646 minus
885 2601 968 2646 est
999 2602 1057 2647 ut
1089 2592 1242 2649 Pater
1267 2592 1480 2649 Domini
1514 2613 1534 2649 :-
1559 2597 1699 2650 sicut
1727 2595 1850 2662 Filii
1872 2599 2087 2666 quidem
2109 2612 2232 2666 pro-

683 2685 860 2754 prium
898 2691 983 2739 est
1021 2683 1320 2751 dominari;
1370 2687 1465 2755 qui
1517 2701 1610 2754 per
1658 2688 1895 2756 seipsum
1926 2690 2147 2754 creavit,
2180 2699 2234 2743 et

681 2777 877 2833 creatis
920 2777 1260 2843 dominatur;
1312 2776 1456 2836 Patri
1490 2793 1619 2833 vero
1663 2780 1812 2847 prius
1857 2781 1998 2834 inest
2045 2782 2147 2834 hoc
2177 2791 2235 2834 ut

682 2869 830 2936 Patri
863 2869 1230 2926 dominantis:
1262 2871 1345 2927 sic
1374 2871 1691 2928 Trinitatem
1720 2887 1887 2926 unum
1910 2871 2077 2925 Deum
2102 2872 2236 2926 dici-

685 2976 830 3026 mus,
857 2969 910 3016 et
936 2977 1044 3016 non
1070 2971 1323 3033 tanquam
1353 2964 1842 3034 ex',compositione
1873 2964 2034 3020 trium
2066 2979 2233 3017 unum

682 3051 875 3119 damus
911 3069 924 3104 :
964 3065 1125 3107 omne
1159 3053 1496 3126 enim,quod
1540 3071 1664 3125 pars
1704 3064 1809 3120 est,
1859 3054 2234 3123 imperfectum

683 3159 696 3186 ι
716 3138 944 3207 st“,quod
972 3155 1040 3195 ex
1069 3144 1454 3211 compositione
1484 3145 1755 3212 subsistit;
1776 3143 1866 3199 sed
1879 3144 2021 3214 quod
2040 3154 2120 3198 est
2133 3142 2232 3196 Pa-

2331 657 2387 708 ὲν
2416 655 2494 725 τῷ
2523 658 2634 708 ένί·
2671 657 2699 706 6
2734 655 2841 726 γὰρ
2874 657 3082 720 Παῦλος
3120 658 3216 710 ἕνα
3245 657 3341 728 μὲν
3379 658 3470 708 ἐπὶ
3505 657 3603 726 τῆς
3643 639 3932 724 Θεότητος

2329 747 2417 798 τὸν
2445 747 2660 816 Πατέρα
2698 746 2794 816 βοᾷ
2815 787 2830 810 ,
2860 746 2954 799 ἕνα
2975 748 3031 800 δὲ
3059 749 3150 799 ἐπὶ
3173 749 3269 818 τῆς
3297 749 3611 818 κυριότητος
3646 747 3748 800 τὸν
3785 747 3932 799 Υἱὸν

2316 838 2473 906 ⁵λέγει
2497 856 2511 868 ·
2563 834 2667 903 Εἷς
2700 839 2842 904 Θεὸς
2882 841 2915 891 ό
2947 839 3145 906 Πατὴρ
3184 840 3252 903 ἐξ
3285 836 3356 895 οὗ
3401 838 3475 892 τὰ
3523 838 3752 904 πάντα,
3815 838 3928 888 καὶ

2329 925 2496 996 ἡμεῖς
2529 931 2614 993 εις
2635 929 2844 982 αὐτόν·
2881 925 2978 980 καὶ
2998 923 3084 993 εἷς
3107 929 3319 995 Κύριος
3359 929 3592 996 Ἰησοῦς
3611 927 3926 995 Χριστὸς,

2327 1018 2402 1071 δι’
2439 1015 2508 1073 οὗ
2542 1019 2614 1071 τὰ
2645 1017 2870 1080 πάντα,
2920 1018 3017 1070 καὶ
3050 1018 3220 1086 ἡμεῖς
3258 1019 3332 1071 δι’
3360 1017 3569 1072 αὐτοῦ·
3598 1015 3928 1086 τοιγαροῦν

2333 1102 2423 1178 [εὶ]
2451 1104 2528 1170 εἷς
2556 1108 2651 1177 μὲν
2677 1106 2827 1182 θεὸς,
2853 1108 3056 1176 Κύριος
3076 1106 3131 1158 δὲ
3152 1103 3250 1170 εἷς,
3282 1106 3338 1159 ἓν
3363 1107 3419 1160 δὲ
3442 1108 3754 1179 Πρόσωπον
3783 1097 3924 1158 καθ’

2326 1197 2354 1249 ὃ
2382 1197 2567 1267 θεότης
2600 1200 2724 1266 μιᾶς
2749 1197 3084 1269 κυριότητος,
3132 1198 3224 1251 καὶ
3247 1196 3363 1266 πῶς
3387 1197 3699 1250 πιστεύεται
3724 1199 3800 1249 τὸ
3835 1196 3917 1259 ἐξ

2327 1284 2398 1342 οὗ
2431 1291 2523 1342 καὶ
2546 1289 2619 1341 δι’
2655 1286 2725 1343 οὗ
2753 1290 2827 1357 ὡς
2862 1286 3211 1360 προείρηται;
3263 1289 3370 1342 Καὶ
3411 1291 3471 1341 οὐ
3513 1289 3929 1349 διακόπτοντες

2326 1380 2486 1446 ἡμεῖς
2531 1379 2629 1447 τῆς
2679 1378 2926 1448 θεότητος
2972 1379 3069 1449 τὴν
3123 1378 3414 1448 κυριότητα
3459 1368 3754 1448 λέγομεν,¹
3803 1369 3928 1429 οὐδ’

2329 1467 2808 1537 ἀπαλλοτριοῦντες
2842 1469 3070 1538 θατέρου
3100 1467 3343 1538 θάτερον,
3374 1467 3484 1520 ἀλλ’
3514 1467 3686 1530 οὕτως
3717 1467 3928 1520 ἑνοῦν-

2327 1573 2416 1618 τες
2449 1555 2522 1618 ὡς
2544 1555 2654 1626 ἔχει
2689 1556 2750 1608 τὸ
2778 1558 3006 1627 πρᾶγμα
3037 1558 3128 1610 καὶ
3163 1559 3195 1627 ἠ
3221 1557 3475 1626 ἁλήθεια’
3505 1557 3595 1610 καὶ
3621 1557 3774 1610 Θεὸν
3815 1559 3930 1628 μὲν

2328 1646 2417 1698 τὸν
2453 1645 2578 1698 Υἱὸν
2609 1647 2685 1716 τῷ
2727 1646 2972 1717 ἰδιώματι
3008 1646 3102 1700 τοῦ
3148 1648 3359 1719 Πατρὸς
3394 1647 3683 1711 καλοῦντες
3721 1647 3816 1710 ὡς
3849 1649 3930 1698 εὶ-

2290 1737 2459 1796 ¹κύνα
2490 1738 2582 1790 καὶ
2619 1737 2881 1807 γέννημα,
2929 1737 3128 1806 Κύριον
3164 1737 3221 1789 δὲ
3271 1737 3361 1789 τὸν
3412 1737 3624 1807 Πατέρα
3670 1737 3760 1804 τῷ
3817 1737 3926 1788 τοῦ

2331 1824 2447 1886 ἐνὸς
2479 1825 2680 1894 Κυρίου
2707 1826 3195 1896 προσαγορεύοντες
3220 1825 3458 1896 ὀνόματι,
3482 1827 3555 1888 ὡς
3573 1824 3781 1877 τούτου
3817 1826 3929 1894 ἀρ-

2327 1907 2425 1974 χὴν
2461 1907 2552 1958 καὶ
2584 1909 2894 1978 γεννήτειρα.
3463 1920 3465 1922 ·
3839 1903 3870 1912 ’

2399 2059 2478 2112 Τὰ
2505 2059 2641 2111 αὐτὰ
2670 2060 2724 2111 δὲ
2754 2061 2847 2111 καὶ
2879 2060 3004 2130 περὶ
3040 2058 3133 2110 τοῦ
3163 2059 3470 2128 Πνεύματος
3502 2054 3735 2124 ἑνότητα
3769 2055 3927 2124 πρὸς

2327 2148 2416 2199 τὸν
2442 2147 2566 2198 Υἱὸν
2600 2148 2829 2214 ἔχοντος,
2869 2147 2934 2216 ἢν
2967 2151 2994 2200 6
3023 2147 3149 2208 Υἱὸς
3180 2148 3315 2216 πρὸς
3350 2147 3442 2198 τὸν
3470 2145 3727 2215 Πατέρα·
3758 2144 3927 2196 ὥστε

2326 2236 2668 2306 γνωριζέσθω
2699 2237 2794 2305 μὲν
2819 2239 2850 2308 ἡ
2879 2237 3172 2298 ὑπόστασις
3197 2236 3289 2287 τοῦ
3311 2235 3518 2305 Πατρὸς
3540 2237 3603 2304 τῇ
3625 2234 3729 2286 τοῦ
3764 2233 3926 2286 Θεοῦ

2327 2327 2694 2397 προσηγορίᾳ·
2745 2327 2817 2396 μὴ
2862 2325 3233 2397 διατετμήσθω
3275 2326 3333 2378 δὲ
3363 2324 3559 2396 ταύτης
3592 2327 3620 2378 6
3662 2325 3805 2387 Υἱὸς
3840 2326 3928 2386 ὡς

2326 2415 2402 2467 ὢν
2444 2417 2507 2468 ὲκ
2541 2415 2672 2467 Θεοῦ
2699 2432 2712 2445 ο
2747 2415 3089 2487 γνωριζέσθω
3128 2416 3186 2468 δὲ
3228 2415 3409 2468 καὶτὸ
3452 2415 3756 2486 Πρόσωπον
3813 2414 3928 2466 τοῦ

2326 2505 2455 2558 Υἱοῦ
2489 2509 2557 2577 τῇ
2613 2506 2706 2558 τοῦ
2757 2507 2960 2577 Κυρίου
3021 2506 3390 2578 προσηγορία·
3421 2507 3513 2575 ’μὴ
3573 2503 3933 2575 χωριζέσθω

2325 2597 2380 2650 δὲ
2422 2597 2625 2666 ταύτης
2675 2599 2703 2650 ὁ
2743 2597 2893 2659 Θεὸς,
2942 2593 3140 2668 Κύριος
3179 2595 3253 2648 ὢν
3295 2597 3370 2658 ὡς
3421 2595 3624 2667 Κυρίου
3669 2595 3928 2664 Πατήρ’

2326 2687 2579 2758 καθ’ὂτῷ
2614 2688 2711 2757 μὲν
2745 2688 2856 2757 Υἱῷ
2881 2687 2949 2740 τὸ
2984 2687 3253 2757 κυριεύειν
3285 2686 3410 2739 ἴδιον
3429 2724 3443 2747 ,
3485 2683 3631 2751 αὐτῷ
3659 2682 3720 2735 δὲ
3749 2682 3935 2752 δεδη-

2329 2778 2678 2849 μιουργηκότι
2720 2777 2786 2828 δι’
2828 2777 3018 2828 ἑαυτοῦ
3062 2777 3154 2828 καὶ
3199 2763 3497 2846 κυριεύοντι
3527 2772 3634 2824 τῶν
3663 2788 3930 2841 πεποιη-

2331 2870 2504 2938 μένων
2526 2887 2539 2900 ·
2571 2869 2650 2939 τῷ
2697 2869 2753 2921 δὲ
2789 2869 2963 2938 Πατρὶ
3017 2867 3278 2935 ἀνωτέρω
3318 2865 3583 2934 ὑπάρχον,
3615 2861 3698 2923 ὡς
3723 2863 3933 2932 Harp!

2325 2959 2420 3012 τοῦ
2459 2959 2802 3030 κυριεύοντος
2838 2958 2950 3008 ὗντι
2971 2973 2984 2986 °
3041 2953 3180 3007 οὕτω
3214 2954 3277 3022 δὴ
3314 2954 3407 3005 καὶ
3435 2951 3564 3004 Θεὸν
3587 2950 3693 3002 ἕνα
3719 2951 3934 3018 φαμὲν

2326 3049 2424 3118 τὴν
2454 3047 2658 3117 Τριάδα
2685 3085 2700 3108 ,
2748 3045 2862 3097 ἀλλ’
2907 3046 3005 3113 οὐχ
3054 3044 3130 3105 ὡς
3173 3044 3238 3094 ὲκ
3275 3041 3568 3103 συνθέσεως
3598 3038 3780 3109 τριῶν
3819 3040 3936 3092 ἕνα.

2327 3139 2508 3201 δόντες
2529 3155 2542 3168 ο
2577 3136 2737 3206 μέρος
2759 3132 2865 3205 γὰρ
2887 3134 3028 3187 ἆπαν
3055 3133 3239 3196 ἀτελὲς
3262 3132 3323 3184 τὸ
3349 3129 3642 3193 συνθέσεως
3672 3129 3937 3196 ὑφιστά-

685 3242 767 3287 tcr
788 3233 999 3289 ratione
1027 3235 1341 3306 principiiet
1351 3239 1729 3306 generationis,
1748 3239 1849 3293 hoc
1870 3238 2099 3292 dicimus
2111 3253 2232 3292 esse

2331 3244 2520 3298 μενων
2566 3227 2678 3279 ἀλλ’
2721 3227 2795 3288 ὼς
2819 3226 2955 3296 ὅπερ
2981 3225 3126 3276 ἐστὶν
3166 3224 3194 3276 6
3227 3221 3416 3293 Πατὴρ
3446 3220 3688 3292 ἀρχικῶς
3717 3237 3782 3272 τε
3820 3222 3934 3272 καὶ

682 3321 878 3378 Filium
891 3324 1178 3396 imaginem
1189 3333 1244 3379 et
1253 3340 1470 3396 germen
1483 3325 1858 3393 Patris.Quare
1869 3329 1912 3384 si
1928 3330 2050 3398 quis
2063 3330 2227 3383 dicat:

682 3414 969 3482 Quomodo
985 3431 1126 3473 unus
1138 3415 1280 3472 Deus
1294 3425 1400 3484 est,
1421 3417 1687 3487 siquidem
1716 3418 1888 3474 Filius
1911 3429 1994 3475 est
2009 3419 2150 3477 Deus
2165 3438 2232 3476 ex

683 3506 1307 3586 lleuhespondebimus,
1336 3510 1440 3564 hoc
1477 3509 1701 3575 intelligi
1725 3511 1935 3565 ratione
1958 3513 2230 3582 principii,

681 3589 1017 3670 in‘quantum
1040 3615 1209 3657 unum
1232 3600 1553 3672 principium
1569 3597 1745 3654 Pater.
1770 3598 1835 3654 Et
1851 3601 2027 3670 siquis
2043 3618 2234 3657 rursus

685 3692 978 3761 interroget
996 3711 1008 3745 :
1025 3689 1307 3757 Quomodo
1333 3707 1474 3746 unus
1493 3689 1754 3745 Dominus
1776 3689 1933 3744 Jcsus
1965 3691 2233 3756 Christus,

653 3820 659 3826 -
685 3783 948 3851 siquidem
965 3782 1126 3837 Pater
1145 3785 1238 3839 est
1258 3783 1752 3861 Dominus?rurs_us
1771 3776 2234 3850 respondebimus,

688 3873 902 3930 Patrem
923 3889 1045 3930 esse
1068 3874 1350 3929 Dominum
1373 3876 1427 3930 in
1450 3885 1710 3945 quantum
1729 3874 1885 3930 Pater
1906 3882 1989 3928 est
2002 3871 2234 3940 Domini,

689 3972 744 4018 et
765 3979 872 4017 non
903 3974 1146 4018 occurret
1175 3965 1404 4033 amplius
1433 3969 1588 4021 nobis
1617 3969 1731 4022 hac
1760 3964 2045 4019 dubitatio.

763 4054 827 4108 Et
854 4069 1045 4111 rursus
1069 4052 1252 4110 dicent
1279 4056 1428 4124 impii
1454 4075 1466 4110 ;
1491 4056 1773 4121 Quomodo
1800 4074 1906 4113 non
1945 4065 2105 4112 erunt
2130 4064 2238 4108 tres

691 4145 799 4204 Dii,
831 4151 941 4198 tres
984 4143 1252 4208 Personae,
1299 4144 1344 4198 si
1396 4160 1558 4204 uuam
1607 4149 1838 4205 habeant
1871 4146 2243 4201 divinitatem?-

695 4236 965 4297 Dicemus,
991 4235 1117 4303 quia
1143 4244 1226 4291 est
1250 4233 1593 4304 principium,
1625 4249 1676 4292 et
1700 4239 1859 4293 Pater
1889 4239 2044 4304 Filii;
2075 4248 2127 4292 et
2154 4238 2240 4290 hic

693 4329 872 4394 imago
892 4333 976 4379 est
1001 4335 1054 4378 et
1080 4340 1294 4395 germen
1321 4323 1514 4390 Patris,
1545 4337 1600 4381 et
1642 4329 1749 4382 non
1781 4339 1864 4384 est
1889 4331 2056 4384 frater
2084 4331 2236 4398 ejus;

691 4427 749 4474 et
776 4415 1011 4485 Spiritus
1038 4414 1097 4471 S.
1135 4417 1388 4471 similiter
1418 4417 1641 4486 spiritus
1671 4419 1762 4472 Dei
1792 4429 1894 4485 est,
1935 4421 2074 4474 sicut
2102 4422 2239 4474 scri—

2328 3316 2680 3386 γεννητικῶς,
2721 3314 2876 3368 τοῦτο
2915 3314 3040 3367 ὅντα
3064 3312 3152 3365 τὸν
3177 3311 3303 3365 Υἱὸν
3330 3310 3512 3364 εἰκόνα
3538 3309 3630 3362 καὶ
3652 3309 3934 3377 γέννημα

2281 3454 2288 3458 .
2329 3407 2423 3462 τοῦ
2466 3409 2676 3478 Πατρός
2699 3424 2711 3437 ·
2757 3408 2895 3462 ὥστε
2928 3405 2982 3458 et
2998 3422 3077 3467 τις
3102 3405 3296 3475 ἔροιτο,
3316 3402 3442 3466 Πῶς
3461 3396 3538 3463 εἷς
3561 3401 3722 3465 Θεὸς,
3741 3399 3934 3466 εἴπερ

2332 3503 2396 3553 ὲκ
2419 3499 2553 3553 Θεοῦ
2581 3501 2744 3563 Θεόςς
2780 3499 3007 3569 ἐροῦμεν
3038 3497 3120 3548 ὅτι
3146 3495 3223 3565 τῷ
3253 3495 3352 3565 τῆς
3377 3494 3549 3565 ἀρχῆς
3578 3492 3747 3561 λόγῳ,
3781 3478 3936 3543 καθ’

2332 3590 2390 3642 6v
2427 3590 2522 3660 μία
2549 3588 2688 3658 ἀρχὴ
2712 3591 2740 3641 6
2773 3580 2959 3656 Πατήρ
2977 3603 2991 3616 ·
3010 3586 3103 3637 καὶ
3137 3584 3191 3636 εἴ
3218 3601 3302 3646 τις
3341 3582 3518 3637 αὐτῶν
3552 3579 3930 3640 πυνθάνοιτο,

2333 3679 2457 3741 Πῶς
2484 3673 2564 3740 εἷς
2587 3676 2788 3747 Κύριος
2823 3675 2976 3744 εἴπερ
3008 3672 3206 3740 Κύριος
3242 3673 3270 3722 6
3298 3672 3511 3738 Πατήρς
3540 3667 3700 3719 τοῦτο
3737 3666 3936 3719 πάλιν

2333 3769 2772 3840 ἀποκρινώμεθα,
2823 3766 2942 3819 καθ’
2972 3763 3108 3816 ὅτοῦ
3141 3763 3345 3831 Κυρίου
3379 3761 3495 3812 ἐστὶ
3527 3758 3750 3827 Πατήρ·
3819 3757 3940 3808 καὶ

2335 3861 2516 3917 οὐκέτι
2538 3862 2669 3930 ἡμῖν
2693 3858 3057 3927 ἀπαντήσεται
3086 3853 3140 3905 τὸ
3163 3853 3363 3921 ἄπορον
3389 3849 3561 3904 τοῦτο.

2413 4069 2522 4122 Καὶ
2572 4068 2730 4120 πάλιν
2782 4065 2876 4118 ἐὰν
2905 4061 3128 4115 εἴπωσιν
3154 4057 3204 4109 οἱ
3246 4053 3488 4117 ἁσεῦεῖςο
3525 4049 3646 4112 Πῶς
3695 4050 3809 4101 οὐκ
3863 4049 3946 4103 ἂν

2343 4158 2450 4213 εἶεν
2480 4162 2626 4229 τρεῖς
2655 4159 2776 4210 Θεοὶ
2802 4197 2815 4220 ,
2844 4156 2969 4226 τρία
3009 4150 3304 4220 Πρὸσωπα,
3349 4149 3395 4199 εἰ
3445 4145 3566 4214 μίαν
3599 4141 3786 4211 ἔχοιεν
3824 4143 3946 4210 τὴν

2346 4248 2600 4316 θεότητα;
2660 4246 2915 4317 Ἐροῦμεν
2935 4282 2948 4307 ,
2985 4238 3167 4308 ἐπειδὴ
3200 4239 3228 4288 6
3258 4237 3387 4300 Θεὸς
3413 4233 3551 4305 ἁρχὴ
3583 4232 3681 4284 καὶ
3715 4231 3946 4303 Πατήρ

2346 4342 2490 4406 ἐστιν
2514 4335 2606 4405 τοῦ
2636 4337 2785 4400 Υἱοῦ,
2810 4336 2902 4389 καὶ
2931 4325 3081 4393 οὗτος
3105 4326 3264 4382 εἰκών
3287 4329 3398 4380 ἐστι
3424 4327 3513 4378 καὶ
3538 4323 3799 4392 γέννημα.
3828 4322 3946 4374 τσῦ

2345 4428 2556 4498 Πατρὸς
2576 4429 2667 4482 καὶ
2694 4429 2792 4480 οὑκ
2814 4423 3038 4492 ἀδελφὸς
3076 4419 3257 4482 αὑτοῦ,
3280 4418 3373 4472 καὶ
3398 4414 3618 4484 Πνεῦμα
3641 4413 3949 4476 ὡσαύτως

694 4520 844 4580 ptum
867 4516 952 4563 est
982 4525 998 4561 :
1027 4499 1166 4561 Deus
1186 4518 1264 4561 est
1288 4509 1506 4576 spiritus
1521 4509 1563 4560 ⁸.
1594 4507 1660 4561 Ει
1685 4509 1853 4561 multo
1873 4518 1996 4563 ante
2018 4525 2049 4563 a
2076 4510 2234 4567 David

2348 4519 2560 4590 πνεῦμα
2581 4517 2712 4571 Θεοῦ
2738 4521 2902 4579 ἐστιν,
2922 4515 2996 4575 ὡς
3017 4510 3321 4581 γέγραπται
3340 4525 3355 4540 '
3395 4505 3636 4603 Πνεῦμα
3659 4504 3898 4603 ό-ῥετξς
3930 4521 3943 4532 '

694 4597 1024 4653 declaratum
1045 4604 1148 4662 est,
1176 4597 1330 4660 cistas
1359 4614 1467 4652 esse
1490 4600 1638 4652 verbo
1662 4597 1756 4654 Dei
1776 4597 2032 4665 ﬁrmatos,
2059 4611 2106 4652 et
2135 4603 2244 4669 spi-

695 4686 804 4742 ritu"
829 4690 936 4758 oris
960 4689 1073 4758 ejus
1091 4704 1293 4743 omnem
1308 4690 1550 4743 virtutem
1565 4705 1743 4742 eorum
1761 4689 1799 4739 ⁸.
1831 4689 1896 4742 Et
1918 4689 1969 4742 in
1985 4691 2246 4759 principio

694 4780 921 4838 Genesis
955 4783 1036 4836 sic
1059 4781 1317 4851 scriptum
1351 4791 1432 4836 est
1462 4801 1474 4835 :
1502 4780 1571 4834 Et
1602 4779 1830 4850 Spiritus
1865 4779 1955 4834 Dei
1985 4780 2244 4848 ferebatur

696 4887 849 4938 super
885 4887 1076 4940 aquam
1096 4873 1137 4926 ⁷.
1181 4871 1247 4926 Et
1276 4869 1480 4929 Paulus
1517 4873 1760 4928 scribens
1796 4870 2056 4926 Romanis
2089 4891 2101 4925 :
2146 4870 2243 4925 Vos

697 4969 891 5024 autem,
926 4961 1120 5030 inquit,
1159 4976 1262 5014 nou
1295 4963 1420 5015 estis
1460 4963 1516 5014 in
1553 4977 1729 5025 carne,
1758 4961 1846 5014 sed
1875 4963 1930 5014 in
1951 4962 2170 5028 spiritu;
2200 4962 2244 5013 si

694 5058 870 5104 tamen
899 5050 1129 5118 Spiritus
1148 5051 1241 5106 Dei
1269 5053 1467 5106 habitat
1496 5054 1548 5105 in
1583 5054 1722 5107 vobis
1749 5053 1790 5107 ⁸.
1820 5051 1885 5108 Et
1907 5068 2096 5108 rursus
2127 5053 2201 5106 ait
2230 5071 2243 5106 :

701 5135 761 5192 Si
793 5150 966 5194 autem
995 5139 1222 5209 Spiritus
1253 5142 1364 5209 ejus
1388 5142 1476 5211 qui
1505 5144 1776 5198 suscitavit
1801 5143 1983 5198 Iesum
2017 5159 2082 5197 ea:
2110 5159 2246 5196 mor-

705 5229 828 5294 tuis,
873 5231 1076 5286 habitat
1120 5233 1178 5286 in
1212 5233 1374 5298 vobis,
1416 5235 1505 5303 qui
1557 5236 1824 5288 suscitavit
1870 5234 2144 5289 Christum
2185 5251 2247 5286 ea:

704 5321 941 5385 mortuis,
988 5323 1266 5392 viviﬁcabit
1305 5333 1354 5376 et
1403 5324 1651 5377 mortalia
1699 5307 1917 5392 carpam
1960 5337 2126 5379 vestra
2159 5343 2247 5395 per

705 5406 1076 5467 inliabitantem
1113 5412 1369 5484 Spiritum
1415 5415 1527 5482 ejus
1567 5415 1620 5468 in
1646 5414 1848 5468 vobis’.
1895 5415 1960 5469 Et
2007 5419 2245 5472 iterum:

2347 4613 2548 4668 ἄνωθεν
2578 4612 2633 4664 δὲ
2661 4611 2724 4663 ὲκ
2751 4607 2844 4660 τοῦ
2873 4603 3146 4676 προφήτου
3172 4601 3356 4654 Δαϐίδ·
3405 4599 3490 4663 Τῷ
3507 4595 3663 4664 λόγῳ
3681 4595 3950 4661 Κυρίου

2345 4704 2634 4772 δεδήλωται
2683 4699 2821 4763 τοὺς
2859 4692 3149 4761 οὐρανοὺς
3215 4689 3598 4758 ἑπερεῶσθαι
3618 4723 3635 4745 ,
3678 4685 3793 4736 καὶ
3853 4686 3952 4750 τῷ

2348 4796 2631 4860 πνεύματι
2675 4790 2780 4842 τοῦ
2815 4786 3116 4852 ’στόματος
3138 4783 3318 4837 αὑτοῦ
3357 4779 3558 4835 πᾶσαν
3581 4775 3695 4842 τὴν
3723 4773 3950 4829 δύνει-ν

2343 4899 2448 4948 μιν
2492 4880 2706 4934 αὐτῶν.
2749 4877 2856 4930 Καὶ
2888 4876 2946 4926 ὲν
2975 4875 3112 4944 ἀρχῇ
3152 4873 3246 4942 τῆς
3284 4867 3651 4939 Κοσμοποιΐας
3699 4864 3949 4936 γέγρα-

2343 4980 2468 5023 πται
2512 4971 2682 5030 οὕτως
2700 4985 2711 4997 ·
2755 4966 2861 5019 Καὶ
2891 4963 2976 5016 ,τὸ
3021 4963 3260 5032 Πνεῦμα
3288 4959 3392 5015 τοῦ
3415 4956 3559 5011 Θεοῦ
3587 4954 3956 5022 ἐπεφέρετο

2343 5060 2540 5116 ἐπάνω
2587 5057 2691 5111 τοῦ
2724 5055 2949 5118 ὓδατος.
2988 5055 3096 5108 Καὶ
3146 5054 3354 5113 Παῦλος
3390 5050 3446 5102 δὲ
3484 5046 3710 5119 γράφων
3790 5047 3957 5100 Ῥω-

2349 5148 2524 5215 μαίοις
2567 5144 2726 5213 φησιν
2748 5160 2760 5172 ³
2805 5143 2995 5211 ’Υμεῖς
3038 5143 3105 5195 δὲ
3148 5145 3258 5196 οὐκ
3282 5136 3420 5192 ἐστὲ
3446 5135 3514 5189 ἐν
3538 5132 3745 5202 σαρκὶ,
3782 5137 3955 5191 ἀλλ’

2345 5238 2415 5288 ἐν
2441 5238 2757 5303 πνεύμων
2800 5233 2963 5302 ειπερ
3006 5235 3245 5303 Πνεῦμα
3282 5227 3430 5283 Θεοῦ
3467 5225 3614 5279 οἰκεῖ
3640 5226 3709 5279 ἐν
3749 5231 3954 5299 ὑμῖν.

2353 5328 2461 5380 Καὶ
2495 5326 2652 5378 πάλιν
2677 5325 2850 5392 λέγει·
2884 5327 2950 5380 Et
2980 5327 3044 5378 δὲ
3075 5327 3139 5378 τὸ
3172 5321 3413 5388 Πνεῦμα
3439 5318 3542 5372 τοῦ
3571 5318 3957 5387 ἐγείραντος

2369 5417 2610 5483 Ἰησοῦν
2639 5415 2707 5467 ἐκ
2751 5415 2973 5482 νεκρῶν
3000 5413 3150 5468 οἰκεῖ
3176 5413 3245 5465 ὲν
3273 5408 3427 5478 ὑμῖν,
3462 5411 3495 5462 ό
3512 5409 3745 5476 ἐγείρας
3793 5412 3958 5478 Χρι-

705 5494 1006 5568 Quicunque
1031 5503 1230 5571 Spiritu
1259 5505 1349 5559 Dei
1375 5515 1621 5575 aguntur,
1655 5507 1707 5558 lii
1737 5507 1836 5574 ﬁlii
1862 5506 1958 5560 Dei
1983 5518 2123 5570 sunt,
2151 5524 2234 5562 nor

2359 5510 2506 5564 στὸν
2545 5509 2613 5562 ἐκ
2644 5507 2866 5576 νεκρῶν
2906 5505 3246 5570 ζωοποιήσει
3287 5501 3383 5554 καὶ
3415 5502 3489 5572 τὰ
3521 5500 3702 5569 θνητὰ
3750 5503 3960 5571 ὑμῶν

781 5677 800 5706 ⁸
827 5673 843 5731 l
873 5677 997 5733 Cor.
1025 5695 1141 5745 vm,
1169 5684 1221 5738 6.
1297 5689 1317 5718 '
1353 5685 1508 5743 Joan.
1547 5705 1618 5752 tv,
1654 5688 1740 5745 Ἡ.
1820 5690 1839 5719 ⁸
1881 5687 2022 5744 Psal.
2061 5706 2229 5754 xxx",
2268 5689 2319 5742 6.
2345 5689 2579 5744 ’Gcnes.
2617 5706 2652 5750 ι,
2681 5689 2731 5739 2.
2807 5690 2827 5720 ⁸
2858 5668 3012 5743 Rom.
3051 5700 3169 5750 VIII,
3199 5683 3251 5737 9.
3324 5679 3497 5736 ’lbid.
3533 5682 3617 5756 li.

776 5772 852 5827 (ti
893 5771 944 5822 ll!
981 5782 1081 5856 est,
1112 5778 1236 5843 quia
1262 5790 1341 5845 cst
1393 5794 1673 5856 generatus
1713 5798 1741 5836 a
1779 5782 1884 5838 Deo
1933 5783 2108 5851 Patro,
2175 5799 2428 5839 vocamus
2477 5785 2692 5848 Filium,
2746 5785 2834 5852 qui
2882 5789 2963 5836 es:
3009 5781 3182 5850 imago
3221 5776 3382 5847 rius,
3425 5775 3614 5840 Deum,
3645 5775 3750 5829 hoc
3830 5786 3954 5844 cst,

707 5839 875 5908 Deum
911 5858 975 5906 ex
1008 5839 1136 5899 Deo.
