4094 6354
193 408 329 464 ΗΠ

1399 418 1404 423 ’
1444 420 1629 472 ΚΑΤΑ
1664 420 1889 474 ΜΕΡΟΣ
1922 421 2160 480 ΠιΣΤιΣ.

3267 418 3402 474 M18

194 522 436 595 Ρηίιένης
474 498 727 589 πίστεως,
770 524 1116 589 ἐκϐάλλοντες
1152 526 1251 597 τὴν
1282 527 1505 581 ἄπιστον
1548 529 1751 582 ἀντιλο-

1857 531 2151 585 dicentium
2183 531 2482 600 perﬁdiam.
2521 529 2663 586 Deus
2688 531 2832 586 enim
2860 531 3095 585 humana
3127 544 3289 585 carne
3312 532 3400 586 iu-

192 614 353 679 γίσ.ν⁸
395 611 525 676 Θεὸς
556 612 664 680 γάρ
695 612 994 683 σαρκωθεὶς
1023 613 1332 686 ἀνθρωπίνῃ
1373 617 1556 685 σαρκὶ,
1584 614 1751 667 καθα-

194 704 297 775 ραν
340 703 452 774 ἔχει
477 704 573 774 τὴν
607 703 739 757 ίδίαν
772 704 1070 773 ἐνέργειαν,
1107 703 1228 767 νοῦς
1260 706 1520 775 ἀήττητος
1547 706 1620 759 ῶν
1645 705 1751 757 τῶν

186 786 437 867 ψυχικῶν
448 795 536 847 καὶ
554 780 825 865 σαρκικῶν
840 794 1185 865 παθημάτων·
1205 798 1296 847 καὶ
1310 797 1453 863 ἄγων
1466 796 1561 866 τὴν
1577 797 1751 866 σάρκα

190 886 287 940 καὶ
316 884 414 948 τάς
442 885 701 956 σαρκικάς
727 887 966 953 κινήσεις
996 882 1186 948 θεῐκῶς
1227 903 1286 938 τε
1319 888 1409 938 καὶ
1440 888 1751 956 ἀναμαρτή-

190 993 302 1039 τως
319 995 332 1007 ·
358 977 451 1029 καὶ
481 976 540 1028 οὑ
570 974 726 1047 μόνον
755 976 1058 1046 άκράτητος
1090 977 1317 1045 Θανάτῳ,
1341 978 1473 1029 ἀλλὰ
1499 978 1587 1029 καί⁵
1611 976 1750 1031 λύων

192 1066 448 1122 θάνατον·
486 1068 578 1120 καὶ
602 1067 716 1119 ἔστι
746 1066 875 1129 Θεὸς
904 1067 1151 1137 ἀληθινὸς
1179 1070 1207 1119 ό
1230 1068 1467 1137 ἄσαρκος
1500 1071 1558 1121 ἐν
1587 1069 1750 1138 σαρκὶ

192 1158 547 1228 φανερωθεὶς,
568 1158 770 1222 τέλειος
798 1162 863 1229 τῇ
900 1158 1124 1229 ἀληθινῇ
1159 1158 1251 1211 καὶ
1285 1158 1403 1229 θεία
1430 1158 1746 1229 τελειότητι,

190 1250 252 1303 οὐ
286 1250 380 1303 δύο
413 1249 696 1320 πρόσωπα,
724 1249 841 1303 οὐδὲ
871 1248 978 1321 γὰρ
1017 1250 1252 1319 τέσσαρα
1296 1252 1614 1318 προσκυνεῖν
1656 1250 1747 1300 λέ-

191 1357 385 1411 γομεν,
430 1340 562 1393 Θεὸν
616 1342 708 1393 καὶ
765 1340 891 1393 Υἱὸν
947 1338 1102 1404 Θεοῦ,
1153 1341 1247 1392 καὶ
1304 1341 1603 1409 ἄνθρωπον,
1656 1341 1748 1392 καὶ

193 1432 422 1502 Πνεῦμα
461 1433 631 1500 ἅγιον.
662 1432 753 1484 Διὸ
796 1432 887 1484 καὶ
924 1431 1382 1502 ἀναθεματίζομεν
1408 1433 1533 1493 τοὺς
1580 1430 1749 1492 οὕτως

191 1520 539 1584 ἀσεϐοῦντας,
572 1523 693 1581 τοὺς
718 1520 999 1591 ἄνθρωπον
1031 1524 1086 1573 ὲν
1115 1524 1179 1591 τῇ
1214 1520 1332 1591 θείᾳ
1361 1520 1632 1589 δοξολογία
1671 1538 1751 1572 τι-

192 1607 419 1671 θέντας·
452 1610 611 1679 ημεῖς
652 1608 761 1677 γὰρ
791 1608 966 1676 φαμὲν
994 1608 1271 1678 ἄνθρωπον
1304 1610 1626 1679 γεγενῆσθαι
1661 1610 1750 1663 τὸν

188 1706 287 1760 τοῦ
346 1706 495 1759 Θεοῦ
527 1706 694 1773 Λόγον
751 1706 885 1775 πρὸς
942 1706 1210 1775 σωτηρίαν
1257 1706 1451 1776 ἡμῶν,
1508 1708 1593 1760 ἵνα
1652 1708 1750 1777 τὴν

190 1799 449 1871 ὁμοίωσιν
480 1798 571 1851 τοῦ
614 1798 933 1869 ἐπουρανίου
982 1796 1251 1867 λάϐωμεν,
1283 1799 1374 1851 καὶ
1420 1799 1747 1869 θεοποιηθῶ-

192 1867 300 1958 μεν
329 1888 462 1961 πρὸς
488 1867 775 1959 ὁμοιότητα
804 1888 895 1941 τοῦ
946 1889 1083 1943 κατά
1130 1889 1289 1957 φύσιν
1334 1889 1583 1959 ἀληθινοῦ
1618 1867 1747 1943 Ῠίοῦ
1778 1867 1819 1921 Β

189 1980 287 2033 τοῦ
329 1979 483 2043 Θεοῦ,
513 1980 653 2034 κατά
693 1980 871 2051 σάρκα
921 1980 975 2034 δὲ
1026 1979 1154 2033 Υίοῦ
1200 1979 1506 2051 ἀνθρώπου,
1545 1982 1748 2051 Κυρίου

189 2072 351 2142 ἡμῶν
386 2071 559 2141 Ἰησοῦ
590 2071 846 2143 Χριστοῦ.

261 2161 592 2232 Πιστεύομεν
619 2163 796 2216 τοίνυν
828 2165 907 2227 είς
935 2165 1029 2218 ἕνα
1047 2165 1198 2229 Θεὸν,
1221 2166 1497 2219 τουτέστιν
1522 2164 1599 2225 εἰς
1624 2164 1751 2234 μίαν
1799 2179 1802 2182 ί

187 2253 384 2326 ἀρχὴν,
407 2252 498 2305 τὸν
530 2249 661 2326 Θεὸν
701 2254 793 2308 τοῦ
817 2256 996 2325 Νόμου
1040 2256 1131 2309 καὶ⁵
1162 2255 1253 2309 τοῦ
1290 2255 1639 2322 Εὐαγγελίου,
1674 2254 1752 2305 δίτ

188 2322 345 2397 καιον
370 2344 462 2396 καί
491 2322 722 2412 ἀγαθόν’
762 2346 853 2401 καὶ
884 2322 964 2409 είς
1005 2347 1102 2401 ἕνα
1134 2346 1332 2416 Κύριον
1376 2345 1577 2415 Ἰησοῦν
1617 2347 1749 2415 Χρι-

189 2435 338 2498 στὸν,
362 2434 493 2488 Θεὸν
518 2436 785 2507 ἀληθινὸν,
812 2437 1087 2491 τουτέστιν
1114 2439 1295 2490 είκόνα
1322 2435 1573 2506 ἀληθινοῦ
1594 2436 1747 2498 Θεοῦ,

186 2525 519 2596 δημιουργὸν
566 2532 780 2579 πάντων
826 2524 1035 2596 ὁρατῶν
1080 2542 1137 2577 τε
1186 2527 1279 2577 καὶ
1320 2524 1587 2593 ἀοράτων,
1623 2524 1748 2577 Υἱὸν

190 2616 330 2670 Θεοῦ
381 2615 474 2685 καὶ
521 2614 780 2686 γέννημα.
816 2616 1094 2685 μονογενὲς
1120 2656 1133 2681 ,
1193 2616 1288 2669 καὶ
1342 2614 1507 2667 ἀΐδιον
1560 2615 1748 2682 Λόγον,

188 2706 370 2771 ζῶντα
384 2708 473 2760 καὶ
490 2707 769 2776 ὑφεστῶτα
780 2709 873 2760 καὶ
888 2707 1121 2777 ἐνεργὸν,
1136 2707 1221 2760 ἀεὶ
1236 2707 1457 2759 συνόντα
1470 2706 1543 2776 τῷ
1558 2703 1747 2776 Πατρί·

188 2802 286 2852 καὶ
319 2801 399 2863 είς
421 2798 477 2851 ἓν
498 2780 650 2867 ἅγιον
674 2798 924 2868 Πνεῦμα·
974 2799 1067 2851 καὶ
1100 2800 1177 2861 είς
1212 2799 1511 2868 παρουσίαν
1547 2796 1752 2861 ἔνδοξον

186 2890 285 2942 τοῦ
302 2890 433 2943 Υίοῦ
464 2889 558 2943 τοῦ
575 2889 707 2943 Θεοῦ
744 2890 921 2961 σάρκα
956 2888 1206 2952 λαϐόντος
1226 2889 1322 2958 τὴν
1358 2892 1419 2941 ὲκ
1454 2887 1748 2956 Παρθένου,

185 2982 285 3032 τοῦ
319 2981 434 3034 ἀνθ’
466 2980 621 3050 ἡμῶν
653 2981 1038 3051 ὑπομείναντος
1080 2978 1227 3051 πάθη
1257 2982 1349 3033 καὶ
1382 2980 1626 3042 θάνατον,
1663 2982 1754 3033 καὶ

186 3070 435 3134 ἐλθόντος
461 3074 539 3134 είς
567 3072 857 3125 ἀνάστασιν
882 3074 946 3142 τῇ
976 3072 1135 3144 τρίτῃ
1160 3072 1359 3143 ἡμέρα,
1409 3072 1503 3123 καὶ
1553 3069 1750 3137 ἀναλη-

1852 631 2106 675 carnatus
2137 636 2327 690 puram
2359 621 2519 675 habet
2540 621 2813 690 propriam
2850 620 3239 693 operationem,
3264 634 3388 674 cum

1852 710 1924 763 sit
1965 726 2117 764 mens
2158 711 2507 779 passionibus
2545 712 2741 764 anima:
2775 718 2830 764 et
2872 710 3051 765 carnis
3093 709 3315 775 invicta,
3343 720 3402 764 et

1850 816 2068 853 carnem
2119 816 2183 855 ac
2237 802 2417 855 carnis
2464 811 2649 855 motus
2694 801 2878 854 divine
2917 816 2981 854 ac
3029 800 3146 855 sine
3182 810 3404 870 peccato

1851 892 2159 945 moderans.
2188 890 2292 956 Qui
2325 908 2433 945 non
2478 892 2653 946 solum
2688 907 2717 944 a
2759 900 2932 945 morte
2961 893 3129 944 teneri
3164 907 3272 946 non
3306 907 3404 960 po-

1851 982 1974 1046 tuit,
2011 981 2104 1035 sed
2136 982 2299 1034 etiam
2330 990 2555 1035 mortem
2588 980 2817 1044 delevit;
2847 988 2901 1033 et
2933 989 3014 1033 est
3042 978 3185 1033 Deus
3222 995 3410 1050 verus,

1852 1073 1944 1140 qui
1978 1072 2157 1126 carnis
2182 1087 2401 1142 expers,
2430 1072 2483 1124 in
2509 1087 2672 1126 carne
2700 1071 2964 1139 apparuit,
2991 1069 3257 1139 perfectus
3278 1084 3402 1123 vera

1850 1174 1904 1216 et
1955 1164 2135 1217 divina
2190 1164 2544 1233 perfectione.
2594 1161 2711 1215 Non
2750 1164 2868 1233 dua:
2920 1176 3183 1231 personae,
3230 1176 3404 1229 neque

1850 1252 1975 1309 dua:
2016 1264 2241 1315 naturae.
2284 1270 2382 1309 nec
2426 1255 2570 1311 enim
2618 1264 2853 1324 quatuor
2884 1253 3100 1307 adorari
3147 1240 3423 1317 dicimus,‘

1850 1344 2043 1408 Deum,
2096 1354 2151 1400 et
2194 1345 2391 1399 Filium
2445 1345 2561 1412 Dei,
2613 1356 2667 1401 et
2716 1346 3012 1413 hominem,
3041 1355 3095 1399 et
3144 1343 3404 1414 Spiritum

1851 1446 2120 1490 sanctum.
2161 1435 2366 1492 Idcirco
2389 1452 2483 1490 eos
2513 1437 3178 1503 anathematizamus,qui
3203 1436 3283 1490 sic
3313 1436 3408 1488 im-

1848 1527 1921 1595 pii
1956 1538 2101 1589 sunt.
2138 1528 2232 1597 qui
2279 1528 2555 1581 hominem
2610 1527 2663 1579 in
2720 1528 2902 1581 divina
2952 1528 3262 1581 laudatione
3311 1542 3415 1595 pov.
3454 1546 3457 1549 '

1849 1626 2005 1669 nunt.
2030 1616 2138 1671 Nos
2171 1619 2313 1671 enim
2358 1618 2592 1675 dicimus
2626 1616 2862 1670 Verbum
2901 1616 2995 1671 Dei
3032 1616 3231 1671 factum
3287 1631 3409 1670 esse

1850 1708 2130 1761 hominem
2170 1706 2234 1759 ad
2280 1717 2523 1760 nostraet
2585 1707 2835 1771 salutem,
2890 1716 2951 1760 ut
2998 1701 3408 1761 similitudinem

1852 1796 2092 1852 caalesﬁs
2140 1796 2439 1865 capiamus,
2467 1805 2522 1851 et
2553 1796 2873 1853 deiﬁcemur
2894 1796 2961 1849 ad
2993 1795 3408 1857 similitudinem

1850 1889 1957 1941 veri
1986 1889 2282 1942 secundum
2331 1898 2578 1941 naturam
2620 1885 2739 1939 Filii
2772 1884 2887 1948 Dei,
2941 1885 3237 1939 secundum
3278 1898 3407 1941 vero

1849 1994 2067 2034 carnem
2110 1978 2233 2033 Filii
2283 1978 2545 2045 hominis,
2582 1976 2795 2031 Domini
2828 1977 2998 2031 nostri
3026 1974 3153 2030 Jesu
3180 1974 3402 2032 Christi.

1918 2158 2205 2213 Credimus
2232 2156 2398 2226 igitur
2428 2157 2481 2210 in
2512 2172 2678 2217 unum
2713 2156 2904 2223 Deum,
2932 2156 2985 2211 id
3019 2164 3121 2222 est,
3157 2155 3211 2209 in
3239 2171 3405 2209 unum

1849 2250 2203 2320 principium,
2250 2247 2419 2301 Deum
2477 2245 2635 2317 Legis
2678 2259 2731 2301 et
2778 2246 3077 2316 Evangelii,
3118 2247 3325 2316 justum
3354 2255 3413 2300 et

1849 2343 2170 2405 bonum;et
2230 2340 2283 2391 in
2333 2352 2500 2411 unum
2541 2336 2830 2390 Dominum
2883 2333 3067 2402 Jesum
3127 2335 3407 2390 Christum

1852 2432 2019 2485 Deum
2056 2445 2275 2503 verum,
2310 2429 2362 2482 id
2411 2438 2513 2493 est,
2545 2428 2832 2496 imaginem
2868 2418 3051 2480 veram
3082 2426 3253 2481 solius
3290 2429 3412 2482 veri.

1851 2520 1983 2585 Dei;
2017 2529 2313 2573 creatorem
2355 2518 2597 2570 nninium
2628 2516 2919 2569 visibilium
2944 2523 2998 2567 et
3024 2516 3399 2577 invisibilium,

1851 2612 2049 2667 Filium
2085 2609 2200 2674 Dei,
2232 2618 2286 2664 et
2313 2609 2480 2663 fetum
2512 2607 2870 2677 unigenitum,
2908 2614 2959 2658 et
2980 2614 3239 2659 aternum
3277 2604 3407 2659 Ver-

1851 2706 1980 2760 bum
2012 2705 2223 2765 vivens,
2280 2710 2333 2755 et
2369 2716 2462 2771 per
2510 2716 2568 2754 se
2621 2699 2887 2753 exsistens
2933 2706 3096 2766 atque
3152 2711 3405 2765 operans,

1855 2813 2070 2867 semper
2110 2811 2233 2851 cum
2294 2793 2449 2847 Patre
2490 2807 2749 2856 manens;
2776 2802 2828 2846 et
2862 2792 2917 2845 in
2947 2806 3114 2844 unum
3158 2799 3416 2853 sanctum

1856 2889 2151 2959 Spiritum;
2181 2897 2235 2941 et
2265 2887 2318 2940 in
2347 2885 2633 2939 adventum
2686 2884 2984 2955 gloriosum
3014 2881 3134 2935 Filii
3167 2880 3283 2945 Dei,
3311 2881 3407 2951 qui

1855 2996 2075 3037 carnem
2125 2977 2330 3047 accepit
2354 2992 2417 3030 ex
2452 2974 2692 3044 Virgine,
2722 2984 2775 3028 et
2808 2990 2904 3042 pro
2930 2974 3090 3028 nobis
3117 2974 3406 3043 passiones

1852 3082 1905 3127 et
1932 3080 2158 3125 mortem
2184 3068 2462 3136 sustinuit,
2495 3074 2548 3119 et
2576 3066 2735 3118 tertia
2782 3064 2868 3118 die
2894 3065 3209 3127 resurrexit,
3240 3075 3291 3125 et
3316 3079 3405 3119 as-

186 3161 393 3230 φθέντα
435 3164 515 3225 είς
550 3163 834 3233 οὐρανούς*
870 3166 963 3216 καὶ
994 3166 1071 3226 εἰς
1102 3164 1197 3233 τὴν
1228 3164 1520 3232 μέλλουσαν
1549 3161 1751 3225 ἔνδοξον

1857 3173 2107 3232 sumptus
2128 3172 2209 3214 est
2231 3159 2285 3212 in
2317 3158 2516 3223 C(BIOI;
2538 3168 2591 3210 et
2617 3155 2669 3209 in
2688 3154 2931 3209 futurum
2972 3154 3260 3209 adventum
3294 3155 3409 3225 glo-

185 3253 354 3307 αὑτοῦ
396 3253 689 3323 παρουσίαν
716 3271 729 3284 ·
780 3254 871 3307 καὶ
912 3256 991 3319 είς
1037 3255 1161 3323 μίαν
1206 3256 1365 3322 ἁγίαν
1404 3255 1745 3325 Ἐκκλησίαν,

186 3346 385 3413 ἄφεσιν
426 3344 728 3415 ἁμαρτιῶν,
755 3346 953 3415 σαρκὸς
990 3346 1302 3409 ἀνάστασιν,
1328 3346 1470 3419 ζωὴν
1512 3347 1745 3400 αίώνιον.

273 3436 672 3506 Ὀμολογοῦμεν
697 3436 980 3505 όμοούσιον
1015 3433 1152 3490 εἶναι
1186 3437 1263 3507 τῷ
1290 3439 1462 3508 Πατρὶ
1488 3440 1579 3491 τὸν
1625 3440 1750 3493 Υίὸν

185 3531 286 3581 καὶ⁵
324 3529 387 3581 τὸ
432 3528 683 3599 Πνεῦμα·
720 3531 813 3582 καὶ
859 3530 984 3599 μίαν
1015 3530 1112 3599 τὴν
1152 3530 1334 3583 οὐσίαν
1360 3531 1458 3599 τῆς
1502 3530 1746 3599 Τριάδος,

184 3619 466 3675 τουτέστιν
501 3620 624 3691 μίαν
652 3620 877 3690 θεότητα
911 3624 1168 3691 φυσικῶς,
1188 3623 1475 3691 ἁγεννήτου
1505 3622 1750 3689 μένοντος

146 3716 157 3725 ’
182 3720 283 3773 τοῦ
319 3720 551 3790 Πατρὸς,
580 3720 929 3790 γεννηθέντος
952 3721 1005 3773 δὲ
1027 3719 1117 3773 τοῦ
1141 3719 1271 3771 Υίοῦ
1301 3721 1364 3770 ἐκ
1387 3719 1593 3789 Πατρὸς
1620 3720 1747 3789 ἁλη-

183 3812 309 3883 θινῇ
337 3812 580 3880 γεννήσει
603 3812 662 3864 οὑ
692 3812 902 3882 ποιήσει
928 3815 991 3881 τῇ
1017 3812 1079 3863 ὲκ
1116 3810 1443 3879 βουλήσεως·
1473 3807 1565 3860 τοῦ
1591 3811 1750 3861 Πνεῦ-

184 3919 363 3973 ματος
391 3905 454 3955 ἐκ
480 3904 578 3974 τῆς
607 3902 792 3965 οὐσίας
831 3901 923 3954 τοῦ
951 3903 1157 3972 Πατρὸς
1186 3901 1251 3952 δι’
1280 3900 1407 3951 Υἰοῦ
1443 3900 1623 3962 ἀϊδίως
1656 3904 1748 3952 ὲκ-

180 4001 551 4071 πεμφθέντος,
578 4000 892 4069 ἀγιαστικοῦ
934 4001 1031 4070 τῆς
1073 3997 1197 4067 ὅλης
1242 3998 1485 4061 κτίσεως.
1533 3998 1749 4067 Ὀμολος

179 4102 284 4171 γοῦ
293 4120 393 4173 μεν
417 4103 473 4155 δὲ
498 4103 591 4155 καὶ
616 4102 961 4173 σαρκωθέντα
975 4102 1060 4154 τὸν
1076 4100 1242 4165 Λόγον
1264 4101 1356 4151 καὶ
1380 4100 1749 4169 φανερωθέντα

179 4197 241 4247 ὲν
273 4198 509 4265 σαρκικῇ
538 4196 746 4265 κινήσει
779 4196 842 4263 τῇ
871 4195 931 4245 ὲκ
960 4190 1250 4262 Παρθένου,
1278 4192 1375 4242 οὐκ
1401 4193 1455 4243 ὲν
1486 4190 1748 4259 ἀνθρώπῳ

179 4287 577 4357 ὲνεργήσαντα.
610 4288 748 4348 Τοὺς
787 4285 842 4338 δὲ
873 4282 1254 4345 κοινωνοῦντας
1285 4286 1394 4345 τοῖς
1438 4283 1748 4335 ἐκϐάλλουσι

177 4385 247 4437 τὸ
274 4383 555 4453 ὁμοούσιον
592 4383 667 4446 ὡς
698 4382 974 4455 ἀλλότριον
1016 4382 1122 4434 τῶν
1161 4380 1410 4450 Γραφῶν,
1456 4383 1545 4433 καὶ
1586 4383 1639 4433 τὶ
1688 4382 1750 4431 ὲκ

182 4484 291 4553 τῆς
320 4480 551 4553 Τριάδος
583 4481 795 4533 κτιστὸν
822 4482 1036 4548 λέγουσι
1070 4481 1161 4532 καὶ
1186 4480 1471 4548 χωρίζουσι
1500 4482 1597 4549 τῆς
1624 4482 1749 4549 μιᾶς

177 4583 424 4652 φυσικῆς
461 4582 729 4652 θεότητος,
760 4583 1073 4655 ἀλλοτρίους
1112 4580 1409 4652 ἡγούμεθα,
1449 4584 1542 4633 καὶ
1578 4584 1749 4635 οὐδενὶ

175 4676 295 4729 τῶν
332 4676 587 4728 τοιούτων
615 4676 972 4746 κοινωνοῦμεν
990 4694 1003 4706 ·
1032 4671 1109 4737 εἷς
1134 4673 1261 4735 Θεὸς
1285 4675 1313 4725 ό
1336 4674 1543 4743 Πατὴρ,
1575 4678 1607 4744 ή
1635 4674 1749 4725 θεό-

180 4784 293 4839 της
323 4769 360 4837 ἡ
399 4767 535 4836 μόνη
558 4783 571 4796 ·
600 4766 729 4829 Θεὸς
757 4765 813 4817 δὲ
838 4770 929 4820 καὶ
956 4771 984 4820 ὁ
1017 4768 1163 4831 Υἱὸς,
1197 4762 1355 4816 εἰκὼν
1378 4765 1473 4832 τῆς
1499 4768 1623 4833 μιᾶς
1654 4763 1748 4815 καὶ

164 4868 365 4939 μόνης
391 4865 641 4934 θεότητος
664 4862 739 4918 ῶν
763 4862 986 4941 ἀληθὴς,
1018 4864 1157 4941 κατὰ
1184 4863 1430 4931 γέννησιν
1466 4863 1557 4911 καὶ
1591 4860 1747 4928 φύσιν

182 4956 257 5028 ἢν
282 4959 352 5008 ὲκ
381 4955 474 5008 τοῦ
503 4955 712 5026 Πατρὸς
740 4954 880 5023 ἔχει’
911 4940 1111 5027 Κύριος
1138 4949 1216 5018 εἷς
1242 4956 1269 5005 ὁ
1296 4953 1425 5014 Υἱός
1443 4968 1455 4981 ·
1492 4953 1747 5013 ὡσαύτως

175 5063 241 5117 δὲ
276 5057 375 5112 καὶ
404 5057 461 5108 τὸ
500 5056 723 5126 Πνεῦμα
761 5054 858 5125 τὴν
890 5055 981 5107 τοῦ
1018 5056 1145 5109 Υἱοῦ
1194 5056 1488 5126 κυριότητα
1524 5051 1748 5120 διαπέμ-

177 5141 291 5207 πον
339 5149 417 5211 εἰς
466 5148 565 5215 τὴν
606 5146 963 5215 ἀγιαζομένην
1014 5148 1219 5199 κτίσιν·
1272 5146 1395 5207 Υίὸς
1442 5144 1747 5212 ἐπεδήμησε

177 5246 402 5313 κόσμῳ,
442 5237 619 5308 σάρκα
664 5242 726 5291 ὲκ
771 5239 1042 5310 Παρθένου
1084 5240 1279 5303 λαϐὼν,
1324 5241 1387 5308 ἣν
1440 5235 1748 5303 ἐπλήρωσεν

176 5342 350 5410 ἁγίου
390 5333 700 5403 Πνεῦματος
750 5337 827 5396 είς
866 5335 955 5385 τὸν
990 5334 1201 5387 πάντων
1248 5334 1403 5403 ἡμῶν
1450 5330 1746 5398 ἁγιασμόν·

179 5441 409 5508 θανάτῳ
452 5435 508 5488 δὲ
556 5434 825 5503 παραδοὺς
858 5433 954 5501 τὴν
1002 5434 1193 5502 σάρκα,
1226 5434 1312 5486 τὸν
1346 5434 1566 5486 θάνατον
1600 5430 1752 5483 ἔλυσε

177 5534 279 5586 διὰ
305 5531 409 5599 τῆς
439 5526 780 5586 ἀναστάσεως
824 5526 902 5585 είς
934 5524 1029 5591 τὴν
1078 5527 1289 5578 πάντων
1334 5524 1483 5595 ἡμῶν
1526 5523 1752 5575 ἀνάςτα-

183 5640 312 5677 σιν-
360 5619 589 5690 ἀνῆλθεν
615 5615 671 5668 δὲ
710 5614 788 5676 εἰς
816 5613 1039 5683 οὐρανὸν
1079 5614 1225 5680 ὑψῶν
1261 5619 1352 5669 καὶ
1393 5616 1625 5679 δοξάζων
1664 5620 1788 5669 ἀνυ

183 5711 448 5782 θρώπους
490 5711 547 5761 ὲν
576 5704 777 5775 ἐαυτῷ·
810 5704 1021 5773 ἔρχεται
1062 5703 1115 5754 δὲ
1149 5705 1205 5755 τὸ
1240 5706 1484 5774 δεύτερον
1513 5707 1749 5758 ἀποκαθ-

183 5804 360 5862 ιστῶν
386 5804 517 5880 ημῖν
545 5800 639 5872 τὴν
665 5796 873 5851 αἰώνιον
900 5794 1057 5865 ζωήν.

1854 3256 2093 3318 riosum;
2120 3260 2172 3304 et
2188 3250 2241 3302 in
2263 3264 2425 3302 unam
2444 3255 2682 3306 sanctam
2700 3244 3014 3311 Ecclesiam,
3035 3246 3411 3300 remissionem

1855 3352 2221 3415 peccatorum,
2252 3340 2432 3394 carnis
2450 3338 2923 3401 resurrectionem,
2942 3338 3104 3390 vitam
3130 3346 3403 3391 ater-nam.

1923 3434 2254 3489 Conlitemur
2296 3429 2814 3485 consubstantialem
2845 3442 2965 3480 esse
2999 3427 3143 3481 Patri
3174 3425 3393 3489 Filium,

1855 3536 1908 3583 et
1943 3525 2204 3594 Spiritum
2239 3531 2508 3583 sanctum,
2543 3528 2596 3573 et
2631 3533 2791 3570 unam
2830 3516 3185 3571 substantiam
3218 3514 3401 3567 Trini-

1854 3620 2001 3682 tatis,
2028 3606 2078 3670 id
2112 3626 2215 3683 est,
2247 3629 2408 3669 unam
2441 3611 2776 3666 divinitatem
2810 3608 3146 3673 naturaliter,
3180 3622 3409 3659 manen-

1856 3722 1909 3765 te
1937 3709 2096 3763 Patre
2123 3706 2382 3774 ingenito,
2413 3702 2593 3771 genito
2621 3711 2801 3753 autem
2840 3698 2978 3755 Filio
3004 3714 3070 3752 ex
3094 3697 3251 3752 Patre
3279 3713 3408 3754 vera

1855 3801 2221 3871 generatione,
2259 3808 2365 3849 non
2408 3792 2643 3845 factione
2677 3807 2743 3845 ex
2770 3790 3082 3855 voluntate;
3115 3797 3168 3842 et
3202 3788 3411 3857 Spiritu

1855 3900 2046 3946 sancto
2093 3904 2159 3942 ex
2214 3882 2513 3940 substantia
2570 3882 2745 3936 Patris
2802 3897 2895 3948 per
2950 3880 3145 3934 Filium
3208 3890 3409 3933 aeterne

1853 3984 2075 4046 emisso,
2109 3980 2338 4033 habente
2366 3979 2619 4032 virtutem
2646 3975 3015 4031 sanctificandi
3052 3983 3217 4026 totam
3256 3987 3405 4026 crea-

1857 4083 2052 4127 turam.
2081 4071 2415 4127 Conﬁtemur
2466 4068 2629 4139 etiam
2686 4069 3026 4120 incarnatum
3067 4064 3321 4126 Verbum,
3353 4073 3406 4119 et

1854 4162 2257 4217 manifestatum
2310 4162 2363 4213 in
2416 4156 2726 4226 operatione
2758 4176 2772 4201 ιι
2805 4154 2987 4207 carnis
3059 4167 3127 4205 ex
3189 4148 3404 4217 Virgine

1854 4261 2167 4322 assumpta,
2202 4265 2310 4303 non
2343 4248 2396 4300 in
2441 4244 2657 4299 homine
2682 4250 2982 4309 operatum.
3016 4238 3119 4293 Eos
3153 4253 3278 4292 vero
3307 4240 3399 4305 qui

1856 4345 2261 4400 communicant
2285 4354 2406 4393 cum
2438 4337 2525 4401 iis,
2561 4334 2654 4404 qui
2680 4334 2931 4402 rejiciunt
2958 4332 3258 4403 ὁμοούσιον,
3285 4340 3403 4383 tan-

1854 4452 2015 4506 quam
2061 4435 2292 4487 alienum
2340 4444 2368 4483 τι
2411 4426 2729 4495 Scripturis,
2760 4435 2814 4478 et
2851 4425 2944 4493 qui
2978 4424 3177 4477 dicunt
3202 4421 3404 4491 aliquid

1858 4544 1925 4581 ex
1952 4525 2217 4579 Trinitate
2247 4529 2489 4575 creatum
2523 4533 2664 4582 esse,
2686 4524 2737 4569 et
2773 4516 2840 4569 ab
2869 4530 2975 4577 una
3005 4515 3236 4570 naturali
3265 4513 3405 4567 divi-

1780 4640 1823 4694 ι)
1853 4618 2019 4683 nitate
2052 4621 2325 4683 separant,
2353 4612 2559 4665 alienos
2597 4606 2995 4672 existimamus,
3018 4616 3071 4661 et
3100 4622 3223 4660 cum
3254 4605 3405 4659 nullo

1852 4722 1919 4760 ex
1953 4706 2073 4759 istis
2094 4704 2529 4761 communionem
2557 4702 2835 4755 habemus.
2869 4698 3019 4754 Unus
3045 4696 3185 4749 Deus
3226 4694 3401 4759 Pater,

1853 4814 1963 4853 una
2004 4798 2283 4852 divinitas.
2328 4795 2469 4849 Deus
2513 4795 2672 4848 etiam
2704 4791 2871 4843 Filius
2896 4790 3071 4857 imago
3092 4800 3214 4839 vera
3244 4786 3403 4837 unius

1852 4898 1907 4942 et
1931 4890 2104 4943 solius
2139 4888 2435 4941 divinitatis
2465 4882 2758 4947 secundum
2796 4878 3190 4947 generationem
3226 4886 3279 4927 et
3308 4890 3405 4927 na-

1854 4987 2028 5031 turam
2056 4995 2219 5047 quam
2261 4978 2421 5031 habet
2451 4991 2478 5028 a
2508 4974 2698 5038 Patre;
2734 4968 2996 5024 Dominus
3023 4984 3165 5022 unus
3199 4965 3400 5029 Filius;

1855 5071 2104 5123 similiter
2160 5078 2338 5122 autem
2393 5074 2446 5119 et
2501 5063 2735 5132 Spiritus
2766 5070 3005 5123 sanctus,
3044 5058 3137 5127 qui
3165 5055 3404 5107 domina-

1856 5163 2055 5216 tionem
2086 5159 2207 5213 Filii
2232 5160 2282 5210 in
2312 5166 2615 5211 creaturam
2644 5154 3029 5209 sanctilicatam
3064 5146 3397 5201 transmittit.

1861 5254 2035 5307 Filius
2072 5250 2216 5303 venit
2247 5250 2301 5300 in
2343 5247 2602 5300 mundum
2655 5254 2933 5311 assumpta
2979 5250 3140 5293 carne
3182 5250 3248 5288 ex
3284 5235 3401 5287 Vir-

1857 5345 1997 5412 gine,
2020 5354 2182 5409 quam
2208 5338 2443 5405 implevit
2479 5335 2679 5406 Spiritu
2709 5344 2893 5387 sancto
2921 5331 2985 5383 ad
3014 5335 3251 5379 nostram
3280 5341 3400 5377 om—

1857 5438 2007 5487 nium
2048 5428 2561 5483 sanctiticationem.
2599 5427 2734 5480 Cum
2775 5435 2951 5479 autem
2985 5433 3199 5473 carnem
3242 5416 3398 5469 morti

1852 5522 2175 5583 tradidisset,
2193 5530 2420 5573 mortem
2438 5519 2629 5573 delevit
2643 5512 2966 5583 resurgendo
2982 5520 3197 5579 propter
3219 5524 3397 5561 resur-

1850 5612 2140 5666 rectionem
2161 5618 2398 5661 nostrain
2424 5627 2439 5673 ;
2462 5607 2698 5662 ascendit
2714 5616 2889 5657 autem
2912 5601 2976 5652 ad
3000 5600 3217 5657 ccelum,
3248 5596 3397 5647 exal-

1861 5716 1982 5755 tans
2010 5710 2064 5752 et
2096 5700 2403 5769 glorificans
2429 5697 2672 5749 homines
2705 5694 2754 5743 in
2782 5693 2991 5760 seipso;
3017 5690 3191 5742 veniet
3221 5698 3394 5739 autem

1864 5796 2053 5847 iterum
2079 5792 2141 5846 ad
2168 5786 2575 5849 instaurandum
2603 5782 2755 5840 nobis
2778 5782 2939 5839 \itam
2974 5790 3246 5836 ateruam.
