4094 6354
103 472 223 526 “25

996 474 1472 535 rnacmuruu
1512 474 1855 535 SERMONIS
1890 475 1977 530 ne
2014 426 2404 531 rerum“.

3165 469 3302 529 1138

99 591 227 645 mina
265 604 395 645 vero
446 600 573 647 sunt
615 592 784 646 Adam
809 632 824 656 ,
873 591 1146 647 Abraham
1172 633 1189 659 ,
1216 591 1367 648 Isaac
1391 634 1407 659 ,
1433 591 1637 660 Jacob;
1665 595 1717 655 Δ
1744 600 1851 645 tem
1876 599 2116 659 superat,
2141 586 2543 659 intelligamus?
2571 586 2729 642 Certe
2756 587 2803 641 si
2830 584 3031 640 homini
3061 588 3301 656 pervium

99 683 199 736 hazc
221 724 235 748 ,
263 683 485 753 inquam
510 724 525 750 ,
554 685 774 759 nomina
816 691 961 739 sunt.
1023 682 1128 740 Sed
1159 674 1359 741 divina:
1390 676 1641 740 Personae

97 779 209 825 sunt
235 772 450 841 quidem
474 772 722 837 nomina;
756 772 976 826 nomina
1000 780 1177 828 tamen
1205 782 1333 829 sunt
1358 772 1637 841 Persona};

98 862 328 917 Persona
360 861 577 916 demum
610 860 915 929 signiﬁcant
963 860 1018 915 id
1063 862 1209 931 quod
1250 868 1336 916 est
1374 869 1429 917 et
1461 861 1642 917 subsi-

98 954 205 1017 stit,
238 966 355 1021 quae
379 960 461 1005 est
484 951 717 1004 essentia
755 949 872 1005 Dei.
936 947 1143 1005 Nomen
1179 954 1397 1020 queque
1428 961 1641 1005 naturae

97 1042 348 1111 signiﬁcat
391 1041 795 1096 subsistentiam
824 1078 839 1105 ,
888 1041 1053 1095 veluti
1104 1040 1427 1096 si-dicanius
1457 1032 1647 1095 homi-f

96 1150 224 1187 netu.
278 1132 500 1187 Cuncta;
526 1129 816 1200 (Persona?)
849 1128 955 1184 una
1002 1140 1196 1187 natura
1231 1141 1378 1198 sunt,
1413 1148 1520 1186 una
1553 1148 1641 1187 es-
1670 1142 1675 1149 ‘

96 1223 269 1289 sentia,
320 1236 431 1275 una
455 1221 728 1283 voluntas,
768 1220 1215 1291 appellanturque
1246 1219 1488 1277 Trinitas
1515 1238 1640 1277 sano

94 1322 187 1376 cta,
229 1319 508 1380 qumsunt
538 1309 757 1363 nomina
802 1298 1171 1375 subsistentia,
1218 1326 1326 1364 una
1356 1320 1549 1365 natura
1582 1312 1639 1366 in

94 1404 251 1456 tribus
278 1401 557 1465 Personis,
586 1416 649 1454 ac
675 1397 845 1470 genus
874 1410 1062 1454 unum.
1088 1398 1210 1454 Filii
1237 1416 1365 1455 vero
1393 1400 1633 1457 Persona

94 1495 226 1548 unita
253 1502 357 1559 est,
394 1508 585 1562 nempe
609 1507 777 1546 unum
808 1506 874 1545 ex
903 1492 1139 1555 duobus,
1174 1492 1227 1545 id
1253 1501 1337 1547 est
1355 1492 1639 1548 divinitate

93 1585 241 1641 simul
270 1593 324 1639 et
349 1582 703 1646 humanitate,
752 1596 875 1651 qua:
906 1580 1027 1635 dua:
1061 1596 1230 1636 unum
1277 1582 1634 1636 constituunt.

90 1674 261 1745 Neque
284 1684 466 1728 tamen
496 1674 622 1728 hinc
644 1672 897 1727 divinitas
924 1671 1095 1727 ullum
1116 1671 1313 1742 accipit
1335 1671 1639 1727 incremen-

90 1776 228 1832 tum,
262 1766 358 1820 sed
387 1762 625 1819 Trinitas
671 1772 853 1817 manet
894 1771 1059 1832 prout
1081 1774 1218 1817 erat.
1268 1761 1345 1817 Ne
1384 1762 1645 1840 Personis‘

92 1857 319 1927 quidem,
352 1872 448 1912 seu
476 1855 806 1920 nominibus,
841 1869 1040 1908 novum
1073 1853 1277 1924 aliquid
1302 1855 1518 1919 accidit,
1542 1854 1636 1910 sed

89 1966 157 2015 ea:
178 1959 391 2004 aeterne
419 1956 564 2013 sunt,
585 1954 639 1999 et
666 1946 783 2000 sine
805 1954 1063 2015 tempore.
1100 1943 1271 2000 Nemo
1290 1955 1470 2001 tamen
1496 1946 1640 2016 ipsas

88 2042 203 2094 ante
232 2053 560 2109 cognoscere
593 2037 761 2091 valuit
800 2052 964 2107 quam
996 2035 1167 2091 Filius
1196 2051 1326 2092 caro
1349 2034 1525 2091 factus
1544 2050 1640 2091 eas

88 2129 445 2185 manifestavit
472 2128 657 2181 dicens
681 2144 695 2181 :
728 2126 911 2191 Pater,
929 2128 1263 2197 ntauifestavt'
1283 2143 1469 2180 nomen
1491 2136 1639 2180 luunt

86 2221 405 2283 hominibus;
444 2218 683 2288 clari/ica
704 2234 785 2272 me
807 2228 863 2271 tu
892 2233 1111 2290 quoque,
1138 2228 1194 2271 ut
1224 2227 1536 2288 (agnoscant
1560 2233 1640 2271 me

86 2312 283 2373 Filium
334 2321 481 2364 tuum
511 2310 577 2364 ³⁷.
639 2308 697 2363 ln
742 2319 926 2365 monte
966 2318 1147 2365 autem
1183 2308 1344 2363 Pater
1387 2308 1642 2362 clamavit

84 2407 263 2459 dicens
296 2422 311 2459 :
344 2403 448 2477 Hic
487 2410 564 2457 est
598 2401 773 2458 Filius
818 2416 962 2457 metu
1011 2400 1234 2455 dilatus
1267 2400 1331 2455 ³⁸.
1385 2399 1639 2468 Idemque

84 2512 239 2565 super
283 2493 575 2548 Jordancm
626 2493 884 2563 Spiritum
946 2502 1192 2547 sanctum
1250 2504 1412 2544 suum
1466 2490 1635 2543 misit.

84 2590 253 2657 Atque
285 2588 361 2641 ita
389 2586 549 2642 nobis
591 2586 1019 2641 demonstratum
1054 2584 1158 2637 fuit
1179 2622 1195 2647 ,
1230 2581 1550 2635 Trinitatem
1582 2581 1638 2635 in

83 2680 191 2750 pari
223 2680 437 2734 honore
461 2693 582 2734 esse
609 2678 1012 2747 sempiternam.
1036 2675 1206 2730 Porro
1234 2673 1354 2729 Filii
1390 2689 1457 2727 ex
1480 2673 1640 2728 Patre

82 2772 355 2843 generatio
399 2768 961 2838 incomprehensibilis
998 2775 1082 2822 est
1117 2775 1277 2837 atque
1310 2764 1637 2832 iuell'abilis;

80 2872 127 2916 et
174 2864 307 2933 quia
354 2861 613 2931 spiritalis
644 2853 761 2926 est,
795 2858 1057 2915 scrutinio
1102 2857 1161 2912 lit
1210 2856 1503 2927 impervia;
1552 2870 1639 2909 res

80 2954 220 3007 enim
255 2953 524 3024 spiritalis
566 2968 741 3022 neque
769 2951 989 3021 intelligi
1021 2958 1199 3021 potest
1222 2965 1254 3004 a
1288 2963 1347 3004 re
1371 2946 1639 3017 corporali

80 3056 255 3109 neque
310 3041 571 3111 vestigari
605 3060 618 3096 :
648 3042 806 3113 longe
848 3041 995 3095 enim
1041 3041 1092 3095 id
1134 3041 1285 3095 abest
1310 3038 1379 3093 ab
1403 3037 1643 3093 humana

78 3143 293 3188 natura.
322 3131 437 3187 Nos
459 3133 679 3203 quidem
706 3133 953 3188 hemines
973 3131 1372 3204 generationem
1400 3138 1642 3185 nostram

1742 690 1888 736 esset
1916 682 2230 751 mysterium
2264 679 2389 743 hoc,
2424 693 2770 748 nequaquam
2802 677 2961 732 divus
2983 678 3306 732 allirmasset

1741 769 1977 824 Joannes
2007 789 2019 823 :
2054 769 2220 822 Deum
2253 785 2401 822 nemo
2446 769 2578 823 vidit
2612 784 2842 835 unquam
2868 769 2933 819 ”.
2993 764 3175 842 Quem
3196 783 3299 839 igt-

1740 868 1832 914 tur
1860 860 2019 913 nemo
2052 875 2293 928 unquam
2332 858 2499 923 vidit,
2550 859 2597 912 is
2639 858 2856 912 cuinam
2902 856 3096 912 similis
3138 874 3299 928 repu-

1741 951 1941 1005 tandus
1967 960 2071 1012 est,
2091 960 2153 1003 ut
2173 951 2295 1005 inde
2319 949 2716 1021 generationem
2739 948 2859 1015 ejus
2873 950 3304 1017 cognoscamus?

1741 1038 1808 1094 Et
1837 1056 1939 1096 nos
1966 1041 2185 1110 quidem
2232 1042 2351 1097 sine
2394 1039 2741 1109 ambiguitate
2764 1038 3143 1108 cognoscimus
3178 1041 3302 1093 ani-

1739 1147 1886 1186 mam
1932 1124 2174 1187 nostram
2223 1133 2278 1203 in
2312 1131 2471 1186 nobis
2515 1131 2764 1185 habitare
2796 1130 3009 1198 corpori
3055 1131 3302 1198 unitam;

1740 1223 1835 1277 sed
1869 1232 2048 1277 tamen
2076 1224 2199 1293 quis
2227 1226 2464 1277 animam
2498 1236 2653 1275 suam
2685 1237 2923 1291 unquam
2955 1220 3125 1275 vidit?
3178 1223 3303 1292 quis

1739 1313 1859 1382 ejus
1884 1329 2009 1368 cum
2039 1326 2267 1383 corpore
2296 1314 2738 1382 conjunctionem
2776 1313 3045 1381 dispicere
3088 1314 3303 1382 potuit?

1739 1402 1794 1457 Id
1832 1419 2000 1457 unum
2033 1418 2227 1473 nempe
2257 1404 2677 1474 cognoscimus,
2726 1403 2961 1456 animam
3011 1403 3150 1457 intra
3203 1388 3303 1461 nos

1738 1510 1857 1549 esse
1888 1494 2101 1563 corpori
2130 1494 2459 1563 copulatam.
2524 1493 2621 1548 Sic
2639 1508 2768 1563 ergo
2794 1493 3072 1564 arguimus
3098 1502 3152 1548 et
3183 1510 3305 1549 cre-

1738 1585 1918 1639 dimus
1939 1583 2177 1639 Verbum
2208 1600 2239 1639 a
2262 1582 2421 1640 Patre
2452 1600 2574 1641 esse
2599 1594 2939 1656 generatum,
2965 1586 3094 1655 quin
3122 1587 3198 1640 rei
3224 1598 3307 1650 ta-

1743 1690 1869 1730 men
1912 1676 2182 1729 rationem
2213 1662 2545 1744 exploratam
2593 1668 2889 1733 habeamus
2920 1676 3003 1730 vel
3044 1676 3326 1731 sciamus.‘

1742 1764 1922 1837 lpsum
1954 1777 2035 1822 est
2058 1776 2183 1822 ante
2210 1782 2428 1823 omnem
2454 1776 2786 1834 creaturam,
2819 1767 3207 1836 sempiternum
3237 1770 3305 1822 de
3390 1834 3397 1840 _

1741 1858 2095 1929 sempiterno,
2143 1873 2240 1913 ceu
2272 1857 2474 1913 fontem
2498 1874 2528 1913 a
2557 1858 2733 1931 fonte,
2765 1867 2820 1913 et
2847 1858 3030 1913 lumen
3053 1859 3120 1913 de
3142 1860 3305 1914 lumi-

1740 1964 1829 2004 nc.
1884 1948 2147 2018 Equidem
2178 1950 2502 2004 vocabulum
2548 1939 2759 2028 τετιηρπ
2795 1948 2862 2003 ad
2903 1948 2995 2003 illa
3021 1948 3124 2003 tria
3146 1952 3308 2019 perti-

1739 2048 1833 2094 net
1869 2040 2159 2094 verborum
2192 2055 2388 2109 geneia
2429 2054 2550 2109 quae
2589 2039 2645 2092 in
2689 2026 2987 2108 Scripturis
3022 2040 3307 2095 nominan-
3336 2026 3338 2029 V

1744 2138 1855 2194 tur,
1910 2144 2086 2199 neque
2126 2130 2506 2186 substantialia
2540 2124 2919 2199 sunt,‘nempe
2947 2130 3027 2194 (τὸ
3053 2131 3171 2184 κατ’
3222 2132 3307 2184 ἔν-

1737 2218 1930 2289 νοιαν),
1966 2225 2320 2292 προφορικδν,
2341 2230 2504 2292 atque
2519 2219 2795 2292 ἀρθρικὸν.
2817 2220 2911 2291 (Τὸ
2939 2221 3058 2273 κατ’
3077 2221 3303 2291 ἔννοιαν)

1738 2317 1884 2361 εει-ιε
1927 2322 2038 2361 non
2084 2318 2170 2363 est
2210 2310 2587 2365 substantiale.
2628 2310 2963 2383 Προφορικδν
2995 2300 3175 2367 autem
3221 2322 3307 2368 εει

1739 2395 1831 2449 illa
1860 2404 1963 2451 νισι
1994 2412 2157 2467 quam
2184 2408 2212 2452 a
2243 2399 2351 2454 Deo
2375 2399 2604 2455 audiunt
2630 2404 2923 2471 prephetaa,
2946 2418 3040 2457 seu
3070 2405 3304 2473 prOplie-

1738 2485 1881 2542 ticus
1912 2488 2026 2558 ipse
2048 2504 2268 2555 sermo;
2309 2505 2373 2545 ac
2402 2508 2469 2547 ne
2502 2494 2835 2563 hic'quidem
2864 2502 2948 2548 est
2970 2495 3305 2550 substantia—

1737 2576 1824 2630 lis.
1882 2576 2121 2647 Denique
2152 2579 2439 2650 ἀρθρικὸν,
2477 2591 2563 2636 εει
2590 2570 2771 2637 sermo
2799 2584 3073 2639 humanus
3099 2584 3151 2637 in
3180 2600 3325 2639 aere.

1737 2665 2074 2730 eﬂ‘ormatus,
2122 2668 2305 2724 verbis
2350 2678 2631 2738 constans,
2674 2672 2767 2739 qui
2812 2672 3013 2740 pariter
3042 2671 3184 2726 baud
3219 2684 3305 2727 est

1738 2754 2112 2811 substantialis
2136 2756 2235 2827 (8).
2260 2755 2644 2815 Verumtamen
2671 2758 2765 2813 Dei
2789 2758 3303 2816 Verbumisubstan-

1738 2844 1867 2900 tiale
1914 2855 2032 2914 est,
2073 2847 2288 2902 excelsa
2320 2846 2606 2917 validaque
2653 2857 2847 2903 natura
2876 2850 3197 2919 praeditum,
3249 2863 3305 2905 et

1740 2952 1865 2992 cum
1903 2939 2020 3009 ipso
2043 2948 2301 2995 aeternum
2332 2948 2414 2993 est
2437 2979 2452 3003 ,
2499 2948 2661 3008 atque
2686 2939 2769 3007 ab
2808 2941 2997 2995 eodem
3028 2940 3305 3010 insepara-

1743 3027 1871 3095 bile,
1897 3044 2070 3099 neque
2095 3030 2417 3099 periturum,
2446 3030 2540 3085 sed
2564 3031 2892 3099 sempiterna
2916 3030 3306 3100 conjunctione

1746 3107 2087 3175 mansurum.
2149 3119 2383 3175 Verbum
2420 3118 2750 3193 hoccoelum
2775 3121 2978 3177 creavit
3002 3131 3056 3176 ct
3082 3131 3303 3184 terram,

78 3221 483 3293 cognoscimus,
518 3223 661 3278 sicut
686 3223 917 3277 aliarum
946 3237 1165 3293 quoque
1193 3226 1412 3289 rerum;
1443 3236 1532 3275 res
1560 3229 1640 3276 ta-
1665 3236 1708 3294 ο
1743 3222 1800 3267 ει
1825 3214 1879 3287 in
1907 3213 2025 3283 ipso
2050 3212 2190 3267 facta
2218 3222 2346 3266 sunt
2372 3213 2579 3267 Omnia.
2631 3212 2723 3266 Est
2750 3213 2851 3268 hoc
2883 3213 3170 3273 brachium
3204 3217 3308 3269 vir-

78 3327 197 3365 men
232 3311 499 3380 spiritalis
528 3325 693 3379 supra
723 3314 1015 3366 humanam
1036 3311 1395 3367 conditionem
1419 3320 1522 3379 est,
1545 3326 1640 3365 ne-

78 3418 179 3471 que
209 3402 327 3455 ullo
356 3402 517 3456 modo
543 3401 617 3455 ab
641 3402 923 3455 hominum
970 3403 1244 3459 mentibus
1272 3412 1451 3473 potest
1483 3397 1641 3458 intel-

76 3494 187 3558 ligi.
255 3491 533 3562 Spiritalis
580 3492 881 3545 substantia
909 3488 1086 3560 perire
1112 3488 1300 3561 nequit
1326 3508 1501 3562 neque
1526 3494 1642 3550 dis-
1679 3546 1681 3549 ,

78 3582 247 3647 solvi;
280 3590 473 3635 nostra
498 3589 699 3646 autem,
731 3588 917 3651 utpote
947 3580 1122 3636 facilis
1151 3583 1449 3648 intellectu,
1498 3585 1640 3653 perit

73 3683 236 3741 atque
284 3671 622 3727 dissolvitur.
665 3665 776 3737 Qui
806 3671 953 3725 enim
977 3669 1112 3726 ﬁeri
1151 3679 1356 3741 potest,
1388 3681 1447 3727 ut
1476 3674 1639 3730 homo

74 3759 163 3825 qui
195 3774 292 3812 sex
322 3757 585 3813 lateribus
630 3754 1355 3825 circumcluditur,orientc,
1388 3760 1639 3814 occiden-

36 3896 45 3902 .
74 3861 157 3914 te,
190 3850 362 3906 borea
384 3890 400 3913 ,
432 3859 650 3915 austro,
683 3850 913 3919 abysso,
958 3859 1013 3905 et
1038 3850 1348 3913 cmlotrem
1376 3850 1640 3920 intelligat

73 3957 189 4009 qua:
216 3955 391 4010 supra
422 3940 590 3996 caelos
620 3948 735 4005 est,
771 3938 911 3994 infra
961 3940 1182 4011 abyssos
1202 3979 1217 4004 ,
1248 3938 1388 3993 ultra
1416 3938 1637 3993 boream

72 4041 122 4086 et
151 4041 417 4087 austrum
457 4030 829 4101 protenditur,
861 4044 1088 4099 qumque
1120 4029 1270 4084 omni
1316 4030 1433 4083 loco
1463 4028 1634 4091 adest,

70 4134 121 4177 et
151 4137 384 4177 omnem
430 4120 662 4189 complet
692 4117 1053 4174 vacuitatem?
1094 4117 1248 4184 Quod
1275 4134 1319 4173 ει
1350 4133 1449 4173 nos
1480 4117 1640 4187 spiri-

73 4219 234 4272 talem
270 4212 637 4271 substantiam
664 4220 896 4269 scrutari
925 4210 1261 4274 valeremus,
1294 4210 1413 4279 ejus
1454 4211 1640 4277 utique

68 4307 398 4364 excellentia
432 4304 721 4373 deperiret.
747 4302 1166 4358 Consideremus
1188 4318 1311 4371 quae
1335 4307 1388 4372 in
1415 4318 1639 4372 corpore

70 4413 262 4457 nostro
287 4400 448 4458 lium.
474 4413 537 4452 ac
562 4412 725 4467 porro
750 4398 1030 4469 videamus
1053 4405 1235 4449 utrum
1261 4396 1417 4451 nobis
1438 4412 1640 4467 cogno-

68 4510 220 4547 scere
256 4491 425 4543 liceat
458 4490 734 4558 quomodo
766 4505 833 4543 ex
858 4488 1022 4543 corde
1046 4486 1339 4556 gignantur
1364 4489 1642 4556 cegitatio-

1744 3312 1940 3372 tusque
1967 3302 2099 3366 Dei,
2145 3318 2173 3356 a
2205 3301 2364 3355 Patre
2398 3311 2615 3372 propter
2641 3299 3023 3356 indivisibilem
3054 3310 3304 3356 naturam

1742 3409 2017 3463 nunquam
2066 3393 2450 3461 separandum,
2499 3400 2555 3462 ει
2598 3407 2722 3446 cum
2752 3392 2871 3461 ipso
2914 3390 3074 3447 Patre
3111 3407 3304 3447 carens

1739 3484 2030 3555 principio.
2082 3483 2195 3537 Hoc
2238 3493 2485 3538 nostram
2533 3482 2601 3537 de
2624 3480 2792 3535 Maria
2818 3479 3039 3549 Virgine
3070 3485 3304 3549 sumpsit

1741 3576 2132 3642 substantiam;
2164 3583 2219 3629 ει
2248 3584 2517 3645 quatenus
2542 3571 2755 3641 quidem
2789 3569 3030 3638 Spiritale
3059 3580 3161 3635 est,
3192 3568 3297 3622 Pa-

1742 3667 1812 3719 tri
1852 3673 1934 3720 est
1956 3664 2356 3720 indivisibilitcr
2390 3662 2628 3732 aequale;
2659 3669 2926 3739 quatenus
2950 3673 3080 3713 vero
3105 3674 3300 3728 corpo—
3351 3650 3355 3654 ’

1742 3768 1953 3820 reum,‘
1992 3756 2149 3811 nobis
2210 3756 2407 3824 pariter
2459 3749 2665 3819 aequale
2715 3757 2800 3803 εει
2845 3748 3310 3830 inseparabiliter.‘

1742 3844 2059 3915 Rursusque
2105 3854 2370 3913 quatenus
2401 3840 2642 3909 spiritale
2665 3848 2781 3903 est,
2832 3840 3130 3909 aequiparat
3170 3855 3304 3894 san-

1741 3947 1888 3991 ctum
1921 3938 2181 4008 Spiritum
2218 3932 2651 4001 inseparabiliter
2678 3939 2732 3986 et
2768 3932 2887 3987 sine
2914 3932 3164 3987 termino.
3196 3930 3307 3986 Neo

1739 4039 1847 4092 que
1871 4026 1991 4079 duze
2015 4030 2167 4076 erant
2185 4060 2200 4084 ,
2250 4020 2345 4075 sed
2381 4018 2539 4074 unica
2566 4017 2851 4076 Trinitatis
2875 4033 3077 4078 sanctze
3104 4033 3319 4097 natura,

1739 4124 1867 4170 ante
1902 4116 2022 4169 Filii
2059 4114 2217 4167 Verbi
2250 4098 2712 4181 incarnationem;
2766 4121 2933 4184 atque
2961 4114 3119 4171 unica
3145 4132 3304 4173 man-

1740 4206 1813 4260 sit
1838 4214 2030 4259 natura
2061 4202 2342 4258 Trinitatis
2367 4204 2529 4259 etiam
2560 4213 2686 4275 post
2706 4202 2828 4260 Filii
2850 4206 3301 4264 incarnationem.

1743 4296 1937 4366 Siquis
1954 4311 2082 4350 vero
2111 4296 2408 4352 accessisse
2438 4298 2830 4353 incrementum
2859 4296 3107 4361 Trinitati
3133 4299 3305 4353 credit

1740 4399 1960 4461 propter
1986 4397 2327 4457 assumptum
2356 4404 2385 4443 a
2422 4388 2603 4443 Verbo
2630 4389 3046 4455 humanitatem,
3078 4391 3123 4445 is
3149 4406 3179 4443 a
3205 4404 3304 4443 no-

1745 4482 1828 4538 bis
1858 4482 2067 4536 alienus
2106 4489 2209 4543 est,
2238 4489 2292 4535 ει
2316 4481 2385 4534 ah
2428 4479 2683 4534 Ecclesia:
2712 4479 2988 4534 catholicae
3006 4488 3059 4533 ει
3082 4484 3300 4549 aposto-
3374 4520 3385 4529 ..
3440 4473 3443 4477 ’

68 4604 185 4653 ηεε,
219 4584 401 4639 verba
432 4555 497 4635 de
528 4582 745 4651 lingua,
769 4592 823 4636 et
847 4555 1069 4637 similia.
1119 4576 1237 4629 Jam
1266 4578 1310 4630 si
1338 4555 1486 4641 tunc,
1521 4595 1641 4647 qua:
1673 4555 1716 4609 θ
1744 4575 1858 4629 licae
1881 4572 2202 4627 ministerio.
2269 4570 2394 4625 Hac
2414 4580 2498 4625 est
2520 4572 2653 4624 fides
2680 4571 2908 4640 integra,
2938 4578 3145 4635 sancta,
3177 4584 3305 4637 apt»
3348 4582 3353 4585 ν

66 4682 116 4734 in
150 4678 320 4733 nobis
359 4674 517 4737 fiunt,
549 4674 773 4729 minime
802 4670 1167 4743 agnoscimus,
1196 4672 1290 4735 qui
1317 4669 1430 4721 lieri
1466 4680 1642 4738 potest

64 4780 122 4825 ut
151 4766 398 4825 increati
414 4764 695 4821 Creatoris
718 4763 1063 4836 mysterium,
1083 4757 1227 4830 quod
1252 4772 1469 4813 omnem
1494 4776 1641 4814 inen-

132 4946 174 4978 ⁸⁷
210 4942 387 5001 Joan.
435 4955 567 4995 xvn.
619 4899 622 4902 ἢ
676 4938 722 4970 ⁸⁸
761 4937 947 4994 Matth.
988 4952 1079 4999 ιιι,
1111 4935 1209 4997 l7;
1246 4932 1377 4988 Luc.
1414 4950 1463 4986 ix
1490 4975 1502 4996 ,
1549 4936 1637 4989 55.

1743 4668 1931 4723 stolica
1956 4665 2049 4721 Dei
2072 4666 2265 4721 sancti.
2286 4664 2435 4718 Laus
2459 4663 2709 4716 Trinitati
2738 4662 2936 4717 sancta
2958 4662 3011 4715 in
3036 4671 3298 4715 aeternum

1744 4776 1838 4831 per
1866 4759 2187 4813 szeculorum
2217 4756 2443 4812 sarcula!
2484 4754 2675 4807 Amen.

1750 4936 1791 4967 ³³
1831 4934 1986 4988 Joan.
2026 4949 2063 4998 ι,
2103 4932 2187 4985 l8.

127 5100 208 5172 (8)
254 5096 335 5150 De
368 5096 454 5177 his
479 5094 673 5163 lcgesis
704 5092 921 5150 Graecos
946 5093 1133 5149 Patres
1158 5089 1296 5159 apud
1328 5086 1623 5153 Pctavium,
1669 5088 1744 5142 De
1779 5086 1947 5149 Trim,
1976 5086 2066 5138 lib.
2101 5051 2176 5138 vi.
