4094 6354
689 560 845 629 ttae

1312 573 1392 643 ts.
1431 571 1758 632 cannon“
1794 571 2152 630 'l‘llAUMAT.‘
2187 570 2336 627 ore.
2374 540 2553 629 ritis
2591 552 2882 631 ALTERA.
2922 606 2991 617 —
3029 565 3257 633 nonis.

3763 578 3899 633 mo

688 701 778 740 ma
803 682 1123 743 naturaliter
1146 688 1531 756 comprehendi
1561 698 1758 759 quoat;
1789 687 2014 753 deinde,
2050 686 2241 756 quibus

2353 684 2451 757 ρίῳ
2475 662 2716 756 πέφυκεν
2746 688 2784 769 ,ἡ
2821 686 2964 757 ψυχὴ
3002 687 3524 760 καταλαμϐάνεσθαιο
3579 690 3793 753 ἔπειτα,
3832 692 3895 744 δι’

688 776 996 833 rationibus
1023 793 1147 834 esse
1179 779 1527 845 ostendatur;
1551 789 1663 834 tum
1690 778 1962 849 deinceps,
1990 776 2245 833 substan-

689 868 836 923 tiane
886 868 959 924 sit
996 862 1067 923 an
1099 869 1382 937 accidens;
1432 871 1627 928 deinde
1654 860 2045 941 consequenter
2068 909 2084 938 ,
2120 885 2245 925 cor-

688 970 860 1025 pusne
884 957 955 1012 sit
989 970 1058 1019 an
1090 958 1446 1029 incorporea;
1486 968 1746 1029 praeterea
1771 999 1786 1023 ,
1848 960 2146 1030 simplexne
2175 973 2244 1014 an

686 1047 1021 1117 composita;
1055 1056 1168 1103 tum
1195 1064 1406 1114 rursus,
1452 1049 1774 1104 mortalisne
1797 1064 1866 1104 an
1889 1048 2242 1115 immortalis;

657 1146 960 1208 _postremo
990 1148 1201 1207 autem,
1233 1140 1459 1195 rationis
1490 1141 1833 1210 particepsne
1883 1141 1957 1195 sit
1993 1155 2060 1194 an
2098 1140 2247 1196 illius

685 1244 900 1301 expers.
1411 1243 1423 1251 '
1704 1292 1707 1293 γ

756 1317 881 1374 Ηωο
905 1320 1050 1375 enim
1076 1320 1131 1374 in
1167 1320 1530 1390 disputatione
1558 1321 1625 1375 de
1648 1322 1826 1376 anima
1850 1363 1864 1384 ,
1917 1332 1976 1374 ut
2010 1321 2246 1377 maxime

628 1401 637 1409 “
685 1410 904 1480 propria
923 1448 939 1473 ,
968 1416 1029 1487 et
1056 1410 1168 1463 vim
1196 1420 1360 1489 atque
1404 1419 1650 1467 naturam
1698 1412 1815 1481 ejus
1845 1412 2037 1468 melius
2064 1413 2244 1484 expri-

684 1499 909 1565 mentia,
934 1499 1142 1569 inquiri
1166 1501 1363 1557 solent.
1412 1502 1491 1556 Ad
1517 1517 1579 1556 ea
1610 1516 1791 1572 porro,
1832 1502 1900 1557 de
1924 1502 2123 1575 quibus
2154 1503 2245 1560 bic

682 1590 1063 1646 disserendum
1116 1591 1257 1658 erit,
1307 1592 1583 1662 probanda
1624 1608 1689 1648 ac
1716 1593 2117 1659 contirmanda,
2146 1608 2244 1663 pro

690 1680 1283 1748 demonstrationibus,
1324 1672 1646 1737 ‘notionibus
1693 1678 2045 1737 illis'ntemur
2084 1696 2243 1737 com-

685 1772 944 1841 munibus
969 1814 985 1840 ,
1018 1788 1117 1844 per
1144 1788 1282 1844 quas
1309 1773 1473 1829 rebus
1509 1788 1634 1843 qua:
1672 1773 1923 1828 manibus
1947 1780 2245 1828 tractantur

684 1878 947 1919 assensus
976 1860 1284 1936 comparari
1308 1864 1461 1919 solet.
1504 1862 1786 1919 Brevitatis
1817 1878 1943 1918 vero
1969 1862 2246 1919 utilitatis-
2295 1909 2299 1914 .

683 1971 791 2027 que
819 1971 1006 2022 causa,
1044 1955 1111 2012 iis
1142 1956 1407 2011 duntaxat
1428 1971 1575 2011 nunc
1600 1955 2104 2012 ratiocinationibus
2127 1964 2244 2011 ute-

2345 770 2419 831 ὧν
2449 777 2716 832 δείκνυται
2742 778 3077 850 ὑπάρχουσα·
3109 775 3208 832 εἷθ’
3228 779 3372 852 ἑξῆς,
3399 784 3449 835 εί
3469 780 3627 853 οὐσίᾳ
3644 784 3897 853 τυγχάνει

2344 864 2506 932 οὖσα,
2552 869 2586 938 ἢ
2643 868 3016 940 συμϐεϐηκόςο
3075 865 3192 924 εἶτα
3233 870 3441 935 τούτοις
3480 872 3809 937 ἀκολούθως,
3850 877 3894 926 εἰ

2345 958 2689 1031 σῶμάἐστιν,
2717 960 2750 1032 ἢ
2774 962 3083 1032 ἀξιώματος⁹
3132 962 3357 1028 ἔπειτα,
3405 965 3455 1017 εί
3484 948 3674 1036 ἀπλῆ,
3698 966 3734 1035 ἢ
3776 964 3895 1019 σύνο

2344 1048 2515 1113 θετος·
2545 1045 2643 1103 εἴτ’
2677 1047 2848 1117 αὖθις,
2897 1053 2944 1104 εί
2999 1051 3185 1123 θνητὴ,
3223 1053 3256 1123 ἢ
3285 1054 3566 1120 ἀθάνατος·
3595 1054 3892 1109 τελευταῖον

2340 1139 2418 1206 δὲ,
2443 1142 2490 1194 εί
2514 1141 2721 1213 λογικὴ,
2756 1141 2791 1213 ἢ
2818 1142 3025 1211 ἄλογος.

2413 1322 2591 1379 Ταῦτα
2616 1327 2722 1398 γάρ
2768 1324 2996 1397 μάλιστα
3030 1326 3087 1377 ἐν
3128 1323 3206 1394 τῷ
3249 1326 3377 1396 περὶ
3420 1324 3597 1396 ψυχῆς
3623 1318 3900 1396 ζητεῖσθαι

2340 1416 2496 1472 εἴωθε
2526 1417 2689 1487 λόγῳ,
2721 1416 2795 1480 ὡς
2822 1414 3131 1487 κυριώτατα
3168 1415 3260 1467 καὶ
3304 1414 3571 1486 δυνάμενα
3596 1416 3767 1486 αὐτῆς
3797 1418 3891 1487 τὴν

2345 1502 2576 1576 ίδιὸτητα
2620 1505 3058 1576 χαρακτηρίζειν.
3124 1504 3574 1581 Ἀποδείξεσιςδέ
3618 1506 3755 1579 πρὸς
3796 1507 3890 1578 τὴν

2339 1598 2448 1652 τῶν
2483 1597 2986 1668 ἐξετασθησομένων
3035 1596 3338 1666 βεϐαίωσιν,
3385 1600 3503 1662 ταῖς
3525 1602 3728 1665 κοιναῖς
3752 1616 3889 1671 χρη..

2344 1689 2545 1760 σόμεθα
2568 1688 2813 1751 ἐννοίαις,
2840 1683 2929 1750 αἷς
2949 1688 3008 1741 τὸ
3022 1687 3326 1754 ἀξιόπιστον
3353 1687 3419 1741 τὰ
3447 1690 3504 1742 ἐν
3530 1690 3686 1761 χερσὶ
3713 1689 3888 1762 πρά-γ-

2345 1798 2490 1852 ματα
2517 1782 2807 1853 μαρτυρεῖν
2838 1778 3064 1848 πέφυκε.
3095 1779 3388 1851 Συντομίας
3426 1779 3482 1835 δὲ
3504 1783 3663 1854 χάριν
3687 1784 3777 1835 καὶ
3801 1782 3890 1834 τοῦ

2342 1871 2633 1943 χρησίμου,
2664 1870 2841 1941 μόνοις
2866 1872 2977 1931 τοῖς
3000 1871 3133 1941 πρὸς
3156 1870 3216 1924 τὸ
3251 1873 3545 1939 ἀναγκαῖον
3594 1870 3688 1925 τοῦ
3712 1872 3890 1942 ζητου-

2347 1961 2505 2033 μένου
2532 1961 2709 2032 ἐχουσι
2729 1963 2828 2032 τὴν
2859 1961 3149 2029 ἀπόδειξιν,
3172 1962 3241 2015 τὰ
3283 1961 3379 2015 νῦν
3420 1962 3734 2034 χρησόμεθα
3778 1961 3901 2021 Gul:

681 2021 827 2115 mur,
877 2065 1000 2119 quae
1025 2051 1092 2105 ad
1121 2049 1539 2105 demonstranda
1572 2049 1682 2116 illa,
1738 2064 1971 2119 quorum
2003 2048 2061 2103 tit
2089 2048 2239 2103 inve-

2339 2021 2631 2125 λογισμοῖς·
2650 2021 2795 2118 ὅπως
2816 2055 2959 2125 σαφῆ
2979 2072 3036 2107 τε
3059 2021 3156 2107 καλ.
3177 2021 3551 2127 εύπαράδέκτα
3567 2021 3634 2107 {at
3648 2052 3890 2123 νοήματα

681 2140 931 2212 stigatio,
990 2141 1333 2211 potissimum
1377 2142 1584 2209 valent;
1634 2153 1696 2197 ut
1730 2140 2029 2197 manifestis
2053 2155 2237 2211 perce-

681 2240 886 2301 ptuque
923 2230 1263 2292 facilioribus
1305 2248 1488 2288 earum
1516 2234 1830 2289 notionibus
1857 2242 2019 2301 atque
2044 2232 2243 2302 proba-

681 2322 921 2377 tionibus
963 2322 1255 2389 instructi,
1283 2325 1643 2393 promptiores
1683 2322 2037 2379 occurramus
2082 2338 2255 2395 repu-~

681 2412 992 2483 gnantibus.
1020 2410 1157 2468 Hinc
1182 2412 1353 2483 igitur
1384 2414 1653 2470 sermonis
1676 2413 1846 2468 nostri
1871 2416 2032 2482 atque
2052 2412 2240 2480 dispu-

682 2505 907 2561 tationis
930 2505 1159 2562 ducatur
1186 2504 1531 2575 principium.

926 2595 1043 2662 Quo
1066 2597 1274 2667 judicio
1305 2596 1771 2666 comprehendatur
1797 2595 1993 2650 anima.
2064 2608 2068 2609 ’

754 2686 795 2741 l.
838 2686 944 2743 Res
971 2702 1329 2757 quaecunque,
1365 2698 1459 2742 aut
1483 2676 1646 2756 sensu
1695 2694 2113 2756 cognoscuntur,
2148 2696 2241 2741 aut

680 2777 1031 2849 intelligentia
1053 2781 1603 2851 Comprehenduntur.
1671 2778 1749 2856 Ex
1775 2777 1974 2846 quibus
1995 2776 2235 2847 quidem,

680 2888 804 2942 quae
832 2872 935 2928 sub
961 2887 1180 2927 sensum
1212 2872 1411 2927 cadunt
1434 2912 1451 2937 ,
1480 2872 1597 2941 ipso
1642 2885 1807 2926 sensu
1849 2869 1983 2925 satis
2014 2870 2238 2925 demon-

680 2973 962 3030 strantur;
994 2978 1121 3017 nam
1152 2962 1313 3017 simul
1331 2963 1598 3031 atqueille
1619 2964 1868 3019 admotus
1894 2964 2076 3029 fuerit,
2106 2964 2238 3018 sub-

675 3058 833 3126 iectas
866 3054 943 3110 rei
976 3054 1266 3123 imaginem
1297 3070 1361 3109 ac
1384 3055 1620 3125 speciem
1664 3054 1823 3110 nobis
1869 3065 2234 3125 repraesentat.

680 3148 812 3214 Quae
838 3163 963 3203 vero
987 3146 1341 3217 intelligentia
1372 3146 1903 3217 comprehenduntur
1924 3188 1938 3213 ,
1990 3161 2096 3201 non
2123 3148 2239 3217 ipsa

677 3254 747 3291 ex
777 3254 855 3304 se,
886 3238 979 3293 sed
1008 3253 1073 3292 ex
1099 3238 1338 3308 ipsarum
1366 3236 1672 3292 actionibus
1702 3245 1861 3306 atque
1887 3235 2093 3291 eﬂ‘ectis
2122 3250 2239 3303 per-

2338 2145 2618 2217 γενόμενα,
2646 2147 2966 2218 ἑτοιμότητα
2999 2164 3120 2200 τινα
3153 2148 3283 2216 ἡμῖν
3326 2145 3603 2216 ἐμποιήσῃ
3636 2144 3771 2215 πρὸς
3793 2144 3889 2223 τὴν

2338 2233 2445 2286 τῶν
2489 2233 2892 2303 ἀνθισταμένων
2949 2233 3267 2303 ἀπάντησιν.
3334 2231 3633 2303 Ἀρξὸμεθα
3674 2226 3767 2286 οὖν
3797 2230 3889 2284 τοῦ

2338 2322 2493 2393 λόγου
2515 2323 2778 2377 ἐντεῦθεν.

2415 2601 2532 2656 Τίνι
2578 2600 2644 2657 τὸ
2677 2598 3117 2666 καταληπτικὴ
3147 2596 3445 2667 κριτήριον
3466 2596 3575 2665 τῆς
3595 2593 3820 2667 ψυχῆς.

2407 2692 2483 2745 A'.
2530 2690 2716 2744 Πάντα
2758 2688 2825 2742 τὰ
2872 2688 3034 2756 ὅντα,
3078 2688 3112 2759 ἢ
3158 2686 3402 2759 αἰσθήσει
3461 2684 3801 2758 γνωρίζεται,
3852 2683 3886 2753 ἢ

2338 2784 2517 2855 νοήσει
2545 2780 3031 2857 καταλαμϐάνεται.
3056 2780 3163 2834 Kal.
3186 2778 3247 2833 τὺ
3274 2780 3374 2850 μὲν
3419 2778 3663 2848 αίσθήσει
3692 2774 3888 2830 ὑποπί-

2330 2894 2489 2941 πτον,
2516 2874 2704 2947 ἱκανὴν
2748 2874 3017 2940 ἀπόδειξιν
3057 2874 3169 2947 ἔχει
3211 2874 3310 2944 τὴν
3350 2870 3616 2957 αἴσθησιν·
3647 2869 3765 2940 ἅμα
3784 2868 3890 2937 γὰρ

2334 2970 2401 3039 τῇ
2425 2966 2714 3040 προσϐολῇ,
2767 2967 2861 3020 καὶ
2899 2966 2996 3038 τὴν
3025 2966 3322 3037 φαντασίαν
3370 2964 3498 3034 ἡμῖν
3535 2961 3751 3031 ἐμποιεῖ
3794 2960 3887 3013 τοῦ

2337 3057 2711 3127 ὑποκειμένου.
2740 3057 2811 3110 Τὸ
2858 3056 2913 3109 δὲ
2952 3057 3134 3127 νοήσει
3179 3052 3743 3123 καταλαμϐανόμενον,
3791 3050 3888 3104 οὐκ

2337 3146 2394 3212 ἐξ
2436 3146 2648 3211 ἐαυτοῦ,
2697 3147 2807 3200 ἀλλ’
2840 3149 2904 3200 ἐκ
2952 3146 3059 3199 τῶν
3103 3143 3391 3215 ἐνεργειῶν
3446 3143 3783 3216 γνωρίζεται.
3822 3141 3887 3196 Ἠ

2335 3231 2509 3285 τοίνυν
2532 3232 2676 3305 ψυχὴ
2721 3234 3000 3301 ἄγνωστος
3027 3227 3164 3287 οὖσα
3184 3232 3245 3297 ἐξ
3274 3232 3489 3304 ἑαυτῆς,
3519 3233 3585 3287 ἐκ
3625 3232 3733 3287 τῶν
3756 3232 3889 3287 ἀπο-

678 3329 975 3397 cipiuntur.
1012 3318 1347 3397 Quapropter
1378 3342 1499 3383 cum
1532 3328 1713 3383 anima
1741 3345 1805 3384 ex
1838 3328 2015 3397 seipsa
2043 3341 2235 3395 cogno-

2339 3324 2675 3396 τελεσμάτων
2708 3324 2931 3392 είκότως
2960 3312 3350 3396 γνωσθήσεται.

679 3418 760 3474 sci
791 3426 1048 3488 nequeat,
1083 3432 1148 3471 ex
1176 3417 1346 3487 ipsius
1373 3417 1577 3473 eﬂ‘ectis
1613 3420 1808 3475 merito
1840 3418 2095 3491 cognosci
2132 3433 2232 3488 po-

678 3513 829 3568 tet-it.
1305 3567 1308 3571 .

1251 3602 1332 3656 An
1370 3600 1442 3653 sit
1466 3600 1662 3655 anima.

750 3694 818 3748 li.
857 3693 1071 3764 Corpus
1105 3700 1349 3751 nostrum
1378 3704 1501 3747 cum
1535 3700 1812 3757 movetur,
1852 3702 1943 3747 aut
1969 3691 2235 3747 extrinse—

676 3802 815 3852 cus,
864 3794 959 3841 aut
987 3785 1315 3839 intrinsecus
1348 3789 1616 3859 movetur.
1680 3776 1797 3833 Non
1842 3782 2045 3835 moveri
2104 3781 2234 3835 illud

622 3938 623 3941 η
677 3878 1017 3932 extrinsecus
1040 3916 1055 3939 .
1088 3890 1153 3928 ex
1180 3890 1245 3931 eo
1274 3882 1455 3943 patet,
1491 3872 1635 3944 quod
1683 3885 1857 3941 neque
1888 3872 2232 3940 impulsione,

680 3983 856 4039 neque
886 3967 1152 4023 tractione
1180 3974 1448 4032 movetur,
1479 3966 1621 4020 sicut
1646 3978 1709 4019 ea
1739 3976 1861 4032 qure
1890 3970 2017 4015 sunt
2061 3960 2237 4013 inani—

677 4069 846 4116 ntata.
877 4059 1012 4113 Cum
1041 4068 1219 4113 autem
1246 4066 1525 4111 moveatur
1551 4056 1901 4116 intrinsecus,
1924 4067 2032 4106 non
2057 4059 2236 4105 tamen

676 4148 1001 4205 naturaliter
1032 4159 1281 4202 movetur
1323 4156 1381 4201 ut
1420 4148 1580 4217 ignis.
1634 4145 1769 4201 Nam
1807 4144 1947 4217 ignis
1995 4141 2236 4213 quandiu

676 4249 803 4306 est,
860 4254 1135 4310 nunquam
1170 4248 1376 4291 motum
1421 4238 1764 4304 intermittit;
1820 4245 1875 4291 at
1903 4250 2100 4306 corpus
2144 4228 2237 4289 ubi

679 4340 959 4390 mortuum
1010 4328 1191 4394 fuerit,
1245 4328 1453 4399 moveri
1498 4328 1716 4394 desinit,
1772 4329 1897 4383 licet
1940 4337 2119 4382 tamen
2167 4325 2238 4382 sit

679 4406 899 4495 cci-pus.
932 4421 1115 4490 Quare
1149 4421 1195 4475 si
1230 4434 1405 4489 neque
1433 4419 1786 4475 extrinsecus
1803 4429 2069 4487 movetur,
2097 4410 2263 4475 sicuti

676 4517 1010 4582 inanimata;
1044 4522 1222 4581 neque
1249 4509 1593 4574 naturaliter,
1626 4509 1771 4562 velut
1793 4511 1966 4579 ignis;
2003 4508 2234 4565 maniie-

679 4617 820 4661 stum
864 4613 950 4661 est
986 4602 1192 4659 moveri
1233 4600 1301 4655 ab
1329 4600 1540 4665 anima,
1590 4613 1711 4667 quae
1740 4599 1901 4651 etiam
1940 4599 2102 4653 vitam
2134 4600 2236 4669 ipsi

2338 3664 2339 3667 γ
2818 3605 2889 3659 El
2926 3603 3104 3659 ’ἐστιν
3142 3603 3181 3671 ἡ
3213 3599 3402 3671 ψυχή.

2403 3694 2476 3748 B’.
2508 3695 2580 3748 Τὸ
2626 3695 2783 3766 σῶμα
2834 3694 2992 3765 ἡμῶν
3024 3691 3356 3765 κινούμενον,
3382 3692 3414 3763 ἢ
3444 3691 3660 3758 ἔξωθεν,
3686 3691 3720 3764 ἢ
3749 3690 3893 3745 ἐνδο-

2336 3788 2425 3843 θεν
2450 3789 2698 3841 κινεῖται.
2725 3785 2835 3840 Καὶ
2859 3786 2941 3839 ὅτι
2996 3784 3094 3855 μὲν
3127 3783 3323 3851 ἔξωθεν
3349 3784 3410 3838 ού
3458 3784 3704 3846 κινεῖται,
3732 3781 3890 3853 δῆλον

2335 3882 2401 3933 ἐκ
2432 3880 2524 3934 τοῦ
2557 3880 2691 3950 μήτε
2723 3875 3052 3947 ὠθούμενον,
3100 3875 3235 3946 μήτε
3277 3875 3562 3946 ἑλκόμενον
3598 3873 3886 3935 κινεῖσθαι,

2336 3971 2412 4033 ὡς
2434 3969 2503 4022 τά
2529 3968 2729 4041 ἀψυχα.
2774 3966 2887 4021 Καὶ
2937 3964 3145 4017 ἔνδοθεν
3167 3964 3224 4017 δέ
3253 3964 3412 4018 πάλιν
3443 3965 3776 4035 κινούμενον,
3827 3962 3889 4017 ού

2338 4056 2579 4126 φυσικῶς
2606 4056 2855 4118 κινεῖται,
2900 4053 2975 4117 ὡς
2993 4050 3055 4105 τδ
3074 4050 3204 4123 πῦρ.
3257 4052 3467 4115 Ἐκεῖνο,
3510 4051 3615 4124 γὰρ
3655 4050 3721 4103 ού
3751 4048 3889 4103 παύ-

2337 4151 2453 4201 εται
2498 4144 2592 4201 τοῦ
2636 4142 2920 4209 κινεῖσθαι,
2962 4144 3044 4206 είς
3089 4140 3211 4194 ὅσον
3262 4140 3381 4195 ἐστὶ
3432 4139 3561 4212 πῦρ·
3602 4139 3796 4210 ὥσπερ
3826 4138 3889 4191 τὸ

2339 4240 2498 4311 σῶμα
2523 4238 2713 4310 νεκρὸν
2742 4233 3123 4308 γεγενημένον,
3155 4233 3400 4302 ἀκινητεϊ
3444 4230 3599 4302 σῶμα
3627 4230 3707 4285 δν.
3741 4229 3887 4284 Οὐκ-

2336 4330 2430 4384 οῦν
2464 4330 2513 4382 εί
2567 4329 2703 4400 μήτε
2743 4327 2938 4395 ἔξωθεν
2977 4327 3226 4388 κινεῖται,
3282 4323 3357 4387 ὥς
3396 4322 3489 4376 καὶ
3512 4320 3711 4391 ἀψυχα,
3749 4318 3888 4389 μήτε

2337 4420 2680 4492 φυσικῶςὼς
2704 4421 2763 4475 τὸ
2794 4420 2922 4492 πῦρ,
2964 4418 3122 4489 δῆλον
3171 4418 3253 4471 ὅτι
3290 4414 3395 4470 ὑπὸ
3437 4412 3610 4485 ψυχῆς
3653 4412 3889 4465 κινεῖται

2334 4515 2433 4586 τῆς
2459 4512 2551 4567 καὶ
2576 4512 2645 4571 to
2675 4510 2771 4583 ζῇν
2797 4496 2944 4582 αὐτῷ
2973 4510 3334 4583 παρεχούσης.
3366 4507 3429 4561 Εἰ
3477 4505 3649 4559 τοίνυν
3678 4502 3765 4574 τῷ
3796 4500 3893 4555 σώ-

2340 4623 2467 4679 ματι
2495 4602 2652 4675 ἡμῶν
2702 4604 2735 4672 ἡ
2787 4601 2933 4672 ψυχὴ
2983 4599 3254 4653 δείκνυται
3302 4597 3363 4650 τὸ
3403 4596 3501 4667 ζῇν
3556 4593 3889 4665 παρέχουσα,

681 4696 1076 4751 subministrat.
1137 4692 1195 4748 Si
1244 4693 1409 4763 igitur
1456 4689 1670 4760 corpori
1726 4697 1913 4743 nostro
1958 4690 2123 4744 vitam
2168 4693 2240 4747 ab

2340 4696 2491 4751 ἔσται
2529 4695 2624 4748 καὶ
2674 4693 2793 4748 καθ’
2826 4693 3023 4764 ἐαυτὴν
3050 4694 3084 4760 ἡ
3133 4688 3279 4773 ψυχὴ
3329 4691 3392 4742 ἐκ
3446 4687 3552 4742 τῶν
3586 4686 3892 4757 ἐνεργειῶν

680 4784 867 4845 anima
883 4787 1105 4857 praeberi
1132 4780 1373 4851 cnnstet,
1400 4784 1581 4838 anima
1607 4781 1769 4837 etiam
1794 4796 1860 4835 ex
1888 4780 2003 4835 suis
2032 4781 2236 4838 eﬂ'ectis

684 4876 1052 4947 cognoscitur.

1098 4970 1179 5022 An
1209 4970 1384 5022 anima
1410 4970 1479 5022 sit
1500 4964 1814 5021 substantia.

754 5060 839 5115 lll.
880 5056 1035 5125 Quod
1062 5072 1227 5127 porro
1260 5060 1441 5114 anima
1476 5061 1548 5115 sit
1577 5058 1879 5113 substantia
1900 5099 1914 5120 ,
1950 5056 2028 5109 sic
2053 5064 2236 5109 osten-

682 5153 824 5206 ditur
857 5171 870 5205 :
897 5149 1079 5204 Primo
1101 5148 1341 5217 quidem,
1362 5151 1616 5217 quoniam
1650 5150 1725 5203 illi
1754 5150 1969 5219 quoque
1998 5145 2237 5201 deﬁnitio

685 5238 1002 5293 substantiae
1031 5236 1155 5307 jure
1188 5236 1458 5298 convenit,
1491 5251 1611 5305 qua:
1638 5239 1851 5309 quidem
1883 5250 1965 5293 cst
1999 5238 2235 5307 ejusmo-

685 5330 738 5383 di
764 5347 778 5383 :
818 5328 1246 5386 Substantiarest
1277 5325 1362 5389 id,
1398 5325 1541 5395 quod
1571 5342 1693 5381 cum
1722 5345 1887 5383 unum
1916 5340 1966 5382 et
1995 5329 2135 5384 idem
2166 5327 2237 5382 sit

688 5434 933 5489 numero,
960 5418 1233 5477 contraria
1259 5417 1496 5472 vicissim
1520 5418 1763 5484 suscipit.
1794 5415 1958 5484 Quod
1978 5436 2103 5475 vero
2127 5419 2237 5473 ani-
2266 5464 2273 5470 .

688 5526 773 5564 ma
804 5527 834 5566 a
862 5525 1061 5571 natura
1087 5510 1304 5585 propria
1332 5525 1441 5563 non
1477 5507 1755 5572 recedens,
1781 5514 2048 5581 contraria
2076 5514 2237 5568 vicis-

686 5603 787 5657 sim
824 5606 1102 5677 suscipiat,
1134 5602 1406 5662 omnibus,
1431 5595 1611 5662 credo,
1637 5608 1717 5651 est
1748 5602 2107 5669 perspicuum.
2142 5603 2237 5659 Ju-

687 5695 833 5748 stitia
866 5696 1007 5749 enim
1036 5706 1090 5750 et
1114 5694 1401 5764 iniustitia,
1430 5689 1693 5746 lortitudo
1721 5698 1775 5743 et
1800 5691 2078 5758 timiditas,
2104 5704 2237 5750 tem-

690 5783 931 5853 perantia
966 5794 1018 5835 et
1046 5784 1477 5853 intemperantia,
1511 5782 1564 5836 in
1595 5781 1709 5851 ipsa
1738 5781 1976 5836 vicissim
2007 5796 2237 5837 cernun-

690 5885 800 5939 tur,
828 5874 1093 5927 cum'sint
1118 5876 1406 5929 contraria.
1472 5874 1831 5941 Quamobrem
1861 5891 1982 5929 cum
2021 5891 2083 5931 ea
2105 5877 2237 5929 snh-

688 5964 901 6033 stantia:
950 5962 1398 6035 sit,proprietas,
1450 5978 1508 6023 ut
1557 5968 1949 6029 contrariorum
2001 5965 2234 6022 vicissim

2338 4784 2729 4859 γνωριζομένη.

2723 4970 2789 5022 El
2824 4968 3003 5021 οὐσία
3040 4966 3210 5019 ἐστὶν
3247 4965 3286 5031 ἡ
3313 4960 3503 5033 ψυχή.

2409 5060 2483 5112 1".
2512 5062 2632 5131 Ὅτι
2669 5060 2765 5129 μὲν
2794 5060 2950 5112 οὐσία
2979 5059 3124 5111 ἐστὶν
3162 5058 3195 5125 ἡ
3222 5055 3389 5125 ψυχὴ,
3416 5053 3678 5110 δείκνυται
3698 5052 3893 5111 οὕτως’

2341 5148 2564 5220 Πρῶτον
2599 5151 2719 5217 μὲν,
2774 5151 2855 5201 ὅτι
2884 5149 2983 5217 τῆς
3018 5146 3207 5208 οὐσίας
3252 5145 3395 5213 ὅρος,
3457 5139 3552 5207 καὶ
3596 5136 3683 5190 ἐπ’
3729 5139 3898 5206 αὐτῆς

2343 5242 2410 5295 ἂν
2438 5239 2659 5301 εἰκότως
2681 5222 2913 5308 λεχθείή.
2966 5240 3121 5291 Ἔστι
3167 5237 3223 5290 δέ
3272 5227 3444 5297 οὗτος
3478 5229 3641 5284 Ούσία
3667 5231 3797 5282 ἐστὶ
3843 5228 3900 5280 τὸ

2340 5329 2557 5390 ταυτὸν,
2588 5329 2681 5381 καὶ
2735 5328 2791 5379 ἐν
2843 5328 3078 5398 ἀριθμῷ,
3125 5328 3232 5379 τῶν
3282 5321 3539 5377 ἐναντίων
3576 5319 3902 5389 παραμέρος

2341 5418 2480 5476 εἶναι
2512 5419 2776 5473 δεκτικόν.
2831 5420 2951 5471 Ὅτι
3083 5422 3116 5488 ἡ
3148 5415 3292 5487 ψυχὴ
3321 5413 3461 5483 αὕτη
3510 5411 3606 5481 τῆς
3638 5406 3787 5475 ίδίας

2342 5534 2479 5581 σεως
2522 5512 2596 5584 μὴ
2636 5512 2976 5580 ἐξισταμένη,
3020 5511 3088 5564 τά
3134 5506 3346 5562 ἐναντία
3390 5506 3601 5576 δέχεται
3644 5504 3901 5575 παραμέ-

2344 5625 2455 5679 ρος,
2482 5603 2641 5659 παντί
2673 5619 2773 5655 που
2822 5602 2995 5672 δῆλον·
3048 5599 3358 5668 δικαιοσύνη
3402 5597 3511 5670 γὰρ
3554 5598 3643 5651 καὶ
3694 5597 3899 5662 ἀδικία,

2343 5696 2533 5769 ἀνδρία
2554 5714 2613 5749 τε
2650 5694 2740 5747 καὶ
2782 5693 2970 5757 δειλία,
3017 5690 3334 5761 σωφροσύνη
3367 5708 3426 5743 τε
3470 5692 3561 5744 καὶ
3610 5690 3899 5749 ἀκολασία,

2342 5788 2399 5838 ἐν
2422 5788 2556 5856 αὐτῇ
2599 5782 2921 5855 θεωροῦνται
2972 5780 3185 5835 ἐναντία
3206 5779 3350 5832 ὄντα.
3396 5780 3459 5833 Ei
3500 5780 3680 5837 τοίνυν
3706 5779 3902 5849 ἰδίωμα

2343 5878 2547 5941 οὐσίας,
2584 5876 2644 5928 τὸ
2673 5861 2779 5928 τῶν
2822 5872 3075 5925 ἐναντίων
3117 5867 3251 5924 εἶναι
3294 5870 3608 5943 ωραμὲρος
3630 5869 3899 5933 δεκτικὸν,

2342 5968 2612 6023 δείκνυται
2645 5967 2701 6021 δέ
2733 5969 2764 6036 ἠ
2802 5964 2945 6035 ψυχὴ
2974 5962 3173 6016 τούτων
3220 5963 3570 6035 ἐπιδεχομένη
3612 5962 3704 6015 τὸν
3754 5962 3898 6033 ὅρον,
