4094 6354
322 516 458 573 illi

1508 514 1919 574 DISPUTATIO
1956 515 2043 570 DE
2076 515 2311 582 ANIMA.

3388 516 3411 575 1
3423 506 3523 579 133

313 629 479 686 οὐσία
508 629 668 703 ἄραἰί
701 629 863 702 ψυχή.
903 632 1132 685 Ἔπειτα
1164 634 1257 685 καὶ
1287 633 1381 687 τοῦ
1415 634 1663 707 σώματος
1684 635 1856 689 οὐσίαι

1981 634 2281 717 susceptrix
2304 633 2392 697 sit,
2417 633 2713 705 eademque
2744 632 2937 694 anima:
2954 632 3253 699 conveniat,
3277 632 3524 687 substan-

317 722 495 787 ὄντος,
544 723 637 775 καὶ⁴
683 720 780 792 τὴν
836 717 1011 794 ψυχὴν
1056 722 1240 777 οὐσίαν
1284 719 1423 778 εἶναι
1468 726 1678 798 ἀνάγκη
1702 745 1715 759 ι
1757 727 1875 780 οὐδὲ

318 808 569 885 γὰροοῖόν
594 830 673 878 τε,
698 812 759 864 τὸ
781 811 1204 884 ζωοποιούμενον
1219 814 1401 869 οὐσίαν
1434 814 1597 888 [ἄλλ.
1619 816 1874 887 ὲνούσιον]

318 902 481 957 εἶναι·
510 903 571 957 τὸ
605 902 662 955 δὲ
703 901 1018 969 ζωοποιοῦν,
1058 900 1195 959 εἶναι
1234 906 1501 961 ἀνούσιον.
1548 908 1610 960 Ei
1645 909 1717 978 μή
1771 924 1873 971 τις,

314 995 418 1049 καὶ
442 994 504 1047 τὸ
531 993 606 1065 μὴ
633 992 715 1060 ὃν,
744 993 839 1046 τοῦ
880 994 1031 1058 δντος
1084 995 1251 1049 αἴτιον
1292 998 1511 1065 φήσειεν
1534 994 1689 1051 εἶναι·
1714 997 1747 1067 ἢ
1776 998 1877 1051 πά-

313 1082 424 1149 λιν,
448 1084 508 1137 τὺ
535 1085 591 1137 ὲν
622 1077 667 1152 ᾧ
691 1084 788 1156 τὴν
821 1085 1053 1157 ὓπαρξιν
1083 1086 1224 1157 ἔχον,
1266 1082 1361 1140 και
1387 1081 1447 1141 οὗ
1478 1089 1604 1143 ἀνευ
1636 1085 1773 1143 εἶναι
1801 1088 1879 1159 μὴ

311 1173 611 1244 δυνάμενον
638 1172 764 1249 [ἄλη.
813 1175 908 1228 καὶ
940 1178 968 1229 ό
1009 1176 1135 1230 ἀνευ
1185 1176 1279 1231 τοῦ
1333 1173 1470 1232 εἶναι
1525 1177 1595 1250 μὴ
1646 1180 1876 1249 δυνάμε-

314 1262 452 1335 νον],
476 1264 646 1327 αἴτιον
696 1266 907 1320 ἐκείνου
958 1262 1097 1321 εἶναι
1144 1268 1237 1323 τοῦ
1270 1270 1327 1322 ὲν
1366 1262 1410 1336 ᾧ
1442 1273 1577 1335 ἐστι,
1604 1270 1790 1339 μανείς
1820 1288 1871 1323 τι

311 1353 479 1408 εἴποι.

732 1538 801 1592 El
835 1538 1146 1609 ἀσώματος
1182 1542 1222 1610 ἡ
1262 1540 1451 1610 ψυχή.

335 1649 338 1657 ι
378 1624 454 1676 Δ’.
494 1623 615 1678 Ὅτι
651 1625 750 1696 μὲν
778 1627 836 1681 ἐν
865 1629 943 1699 τῷ
990 1629 1201 1701 σώματι
1233 1632 1391 1702 ἡμῶν
1448 1634 1479 1703 ἡ
1526 1632 1669 1703 ψυχή
1701 1634 1867 1698 ἐστιν,

308 1713 568 1786 ἀνωτέρω
593 1715 827 1788 ἐδείχθη·
886 1718 967 1773 δεῖ
986 1721 1161 1775 τοίνυν
1188 1722 1382 1777 εἰδέναι
1414 1723 1530 1787 πῶς
1555 1726 1614 1777 ὲν
1651 1724 1727 1795 τῷ
1760 1723 1868 1778 σώ-

310 1822 463 1874 ματν
492 1808 587 1862 καὶ
616 1809 664 1860 εί
700 1808 797 1879 μὲν
832 1812 1155 1881 παράκειται
1192 1815 1338 1885 αὑτῷ
1356 1816 1432 1879 ὠς
1456 1804 1629 1885 ψηφὶς
1653 1816 1863 1887 ψηφίδι,

244 1968 257 1983 τ
306 1893 471 1965 σῶμα
510 1897 607 1967 μὲν
634 1894 785 1949 ἔσται
835 1898 868 1969 ὴ
896 1898 1061 1971 ψυχὴ,
1094 1899 1212 1953 ὅλον
1239 1902 1295 1954 δὲ
1318 1902 1378 1954 τὸ
1416 1903 1575 1972 σῶμα
1595 1904 1693 1957 οὐκ
1713 1904 1863 1959 ἔσται

1981 725 2053 778 tia
2080 724 2245 795 igitur
2275 724 2457 779 anima
2483 726 2603 781 erit.
2660 724 2923 781 Praeterea
2947 766 2961 791 ,
2990 739 3113 779 cum
3149 732 3201 789 et
3226 736 3420 793 corpus
3450 724 3523 778 sit

1980 808 2319 879 substantia,"
2363 814 2599 868 animam
2634 807 2849 884 quoque
2881 808 3238 869 substantiam
3272 828 3391 869 esse
3432 823 3523 866 ne-

1978 920 2128 960 cesse
2170 914 2253 959 est
2296 924 2308 958 :
2352 920 2525 974 neque
2553 907 2697 961 enim
2730 906 2842 960 ﬁeri
2868 913 3062 977 potest,
3097 893 3155 960 ut
3193 905 3336 976 quod
3358 906 3521 967 vitam

1977 997 2195 1066 accipit,
2222 997 2524 1051 substantia
2555 998 2655 1064 sit;
2692 997 2820 1051 illud
2844 1006 3020 1052 autem
3047 996 3191 1069 quod
3213 996 3376 1051 vitam
3400 1011 3523 1065 prae-

1977 1089 2088 1152 bet,
2121 1104 2229 1142 non
2259 1089 2331 1143 sit
2364 1089 2688 1143 substantia.
2724 1088 2837 1143 Nisi
2869 1086 3007 1142 forte
3027 1088 3149 1157 quis
3170 1086 3517 1147 itaiusaniat,

1978 1188 2037 1233 ut
2064 1178 2116 1233 id
2147 1180 2291 1247 quod
2328 1194 2436 1233 non
2460 1188 2560 1244 est,
2592 1178 2711 1246 ejus
2739 1180 2877 1246 quod
2912 1185 3015 1246 est,
3043 1172 3261 1232 causam
3289 1190 3414 1231 esse
3439 1177 3520 1233 af-

1975 1271 2185 1337 ﬁrmet;
2242 1282 2338 1326 aut
2374 1286 2563 1326 rursus
2592 1271 2665 1337 id,
2710 1271 2867 1339 cujus
2894 1269 3024 1324 illud
3049 1269 3221 1338 ipsum
3247 1268 3388 1337 quod
3414 1276 3515 1333 est,

1919 1424 1921 1427 η
1971 1378 2033 1415 ex
2062 1362 2169 1416 alio
2197 1363 2275 1417 sic
2300 1363 2514 1431 pendet,
2537 1370 2595 1415 ut
2626 1363 2828 1431 absque
2848 1362 2939 1437 illo
2957 1375 3077 1419 esse
3127 1367 3375 1429 nequeat,
3400 1358 3516 1438 ejus

1972 1457 2163 1524 ipsius,
2197 1471 2260 1510 ex
2285 1472 2393 1525 quo
2422 1456 2636 1524 pendet,
2667 1471 2885 1513 causam
2908 1472 3027 1517 esse
3048 1456 3194 1511 velit.

2373 1548 2455 1598 An
2487 1548 2790 1614 incorporea
2818 1546 2889 1601 sit
2913 1548 3111 1601 anima.
3224 1536 3225 1539 “

2042 1636 2129 1691 ιν.
2174 1637 2228 1691 in
2272 1638 2736 1706 corporequidem
2784 1644 2969 1690 nostro
3000 1637 3235 1690 animam
3276 1650 3395 1691 esse
3423 1652 3516 1694 stt-

1969 1728 2154 1796 pcrius
2180 1737 2484 1783 ostensum
2537 1737 2620 1781 est
2649 1746 2661 1783 :
2691 1727 2964 1796 quomodo
2995 1736 3173 1781 autem
3218 1725 3287 1779 sit
3316 1725 3515 1779 ineor-i

1969 1834 2118 1889 pore,
2150 1834 2479 1889 cognoscere
2502 1826 2728 1887 oportet.
2776 1817 2911 1871 Nam
2942 1817 2986 1872 si
3016 1816 3091 1870 illi
3119 1817 3192 1871 ita
3222 1815 3514 1885 adjacetut

1969 1910 2106 1980 lapis
2152 1910 2336 1979 lapidi,
2384 1911 2649 1979 sequitur,
2679 1909 2821 1977 quod
2859 1922 3058 1977 corpus
3088 1894 3160 1962 Sit
3184 1906 3383 1972 anima,
3411 1921 3513 1960 nec

305 1982 571 2075 ῑμψυχονθ
626 1988 778 2059 μέρει
806 1991 910 2061 γάρ
940 2009 1043 2045 τινι
1077 1992 1466 2063 παρακείσεται
1491 1992 1652 2063 [ἀλλ.
1681 1996 1856 2067 παρά-

1963 2006 2135 2051 totum
2162 2012 2360 2065 corpus
2385 1998 2685 2050 animatum
2708 2012 2846 2061 esse,
2879 2012 3001 2050 cum
3021 1996 3164 2064 parti
3191 1994 3403 2050 cuidam
3428 2008 3517 2075 so-p

304 2074 527 2146 κειται].
580 2077 721 2129 Είδὲ
748 2078 1099 2149 ἐμμέμικται,
1151 2081 1573 2152 ἢὲγκέκραται,
1627 2084 1859 2154 πολυμε-

306 2164 408 2235 ρὴς
431 2165 498 2220 ἂν
531 2169 739 2236 γένοιτο
766 2172 798 2240 ἠ
836 2170 1002 2242 ψυχὴ,
1026 2173 1243 2244 καὶούχ
1294 2176 1459 2246 ἁπλῆ,
1484 2174 1581 2229 τοῦ
1615 2177 1742 2231 ἰδίου
1760 2179 1859 2249 τῆς

300 2256 481 2332 ψυχῆς
509 2258 667 2330 λόγου
698 2262 1090 2336 ὲκὸεὸλημένη.
1142 2266 1214 2319 Τὸ
1246 2266 1355 2339 γὰρ
1376 2269 1718 2340 πολυμερὲς,
1766 2270 1860 2326 καὶ

240 2357 245 2360 ‘
297 2346 587 2418 διαιρετὸν,
614 2347 705 2407 καὶ
722 2353 987 2408 διαλυτόν·
1021 2357 1079 2409 τὸ
1115 2357 1170 2410 δὲ
1202 2358 1466 2423 διαλυτὸν,
1498 2360 1766 2415 σύνθετον·
1800 2360 1861 2414 τὸ

295 2436 357 2490 δὲ
383 2438 651 2507 σύνθετον,
699 2447 858 2517 τριχῆ
910 2446 1209 2506 διαστατόν.
1268 2449 1340 2502 Τὸ
1371 2449 1427 2502 δὲ
1462 2450 1617 2521 σῶμα
1648 2450 1857 2522 σώματι

297 2532 737 2602 προστιθέμενον,
772 2537 933 2604 ὄγκον
959 2542 1115 2591 ποιεῖ·
1152 2541 1185 2607 ἡ
1213 2540 1269 2592 δὲ
1299 2539 1441 2611 ψυχὴ
1468 2543 1526 2594 ὲν
1546 2541 1623 2611 τῷ
1649 2541 1856 2612 σώματι

294 2619 454 2684 οὖσα,
487 2622 646 2690 ὄγκον
696 2627 757 2678 οὐ
791 2630 952 2691 ποιεῖ,
999 2628 1158 2693 ἀλλὰ,
1192 2629 1388 2698 μᾶλλον
1437 2631 1703 2694 ζωοποιεῖ.
1742 2632 1855 2685 Οὐκ

294 2710 408 2781 ᾇρα
439 2708 647 2783 ἔσταιή
680 2711 824 2786 ψυχὴ
848 2714 1021 2787 σῶμα,
1058 2716 1170 2770 ἀλλ’
1196 2717 1503 2787 ἀσώματος.
1578 2726 1587 2735 ”
1756 2717 1760 2719 ”

374 2982 491 3036 Ἔτι
517 2986 568 3038 ει
598 2984 757 3055 σῶμα
789 2984 982 3058 [ἐστιν]
1014 2989 1046 3057 ὴ
1084 2987 1248 3059 ψυχὴ,
1277 2989 1309 3059 ἢ
1340 2987 1536 3053 ἔξωθεν
1584 2991 1616 3061 ἢ
1646 2990 1851 3045 ἔνδοθεν
1938 3054 1941 3055 ν

292 3075 542 3127 κινεῖται.
588 3075 723 3129 Οὔτε
763 3076 819 3130 δὲ
844 3076 1037 3144 ἔξωθεν
1063 3083 1306 3134 κινεῖται·
1336 3082 1396 3133 οὐ
1422 3081 1528 3154 γὰρ
1553 3082 1792 3147 ὠθεῖται,
1818 3085 1851 3156 ἢ

288 3160 532 3228 Ξλκεται,
555 3166 630 3228 ὼς
652 3167 720 3219 τὰ
744 3166 940 3237 ἀψυχα·
974 3169 1095 3222 οὔτε
1120 3170 1176 3223 δὲ
1199 3170 1398 3225 ἔσωθεν
1430 3176 1676 3239 κινεῖται,
1694 3176 1770 3239 ὡς
1786 3176 1854 3228 τὰ

287 3249 533 3321 ἔμψυχα*
568 3254 767 3308 ἄτοπον
801 3258 907 3326 γὰρ
947 3259 1125 3330 ψυχῆς
1147 3261 1321 3333 ψυχὴν
1344 3263 1537 3331 λέγειν·
1569 3265 1670 3320 οὐκ
1702 3265 1850 3321 ἔσται

287 3336 387 3397 οὖν
423 3341 599 3414 σῶμα·
624 3344 910 3415 ἀσώματος
937 3348 1061 3417 ἄρα.
1087 3339 1093 3342 ’

361 3607 471 3662 Καὶ
502 3610 680 3674 πάλιν,
710 3613 760 3666 εί
794 3612 951 3684 σῶμά
979 3618 1123 3669 ἐστιν
1150 3619 1180 3687 ἡ
1205 3617 1369 3690 ψυχὴ,
1397 3619 1489 3672 καὶ
1512 3619 1608 3686 τὰς
1638 3623 1854 3694 ποιότη-

282 3716 387 3762 τας
412 3698 673 3770 αἰσθητὰς
704 3700 835 3771 ἔχει,
865 3704 960 3756 καὶ
990 3706 1243 3775 τρέφεται
1262 3725 1274 3737 ⁸
1316 3708 1427 3760 ἀλλ’
1461 3710 1521 3761 οὐ
1568 3711 1844 3781 τρέφεται.

281 3786 400 3839 Καὶ
418 3787 466 3838 εί
494 3788 769 3859 τρέφεται,
789 3790 853 3842 οὐ
885 3796 1204 3862 σωματικῶς
1230 3797 1570 3867 τρέζνεταιώς
1587 3800 1645 3853 τὸ
1668 3800 1845 3872 σῶμα,

277 3874 403 3937 ἀλλ’
430 3876 733 3947 ἀσωμάτως
754 3894 766 3908 ·
802 3878 945 3949 λόγῳ
976 3882 1083 3953 γὰρ
1105 3884 1390 3954 τρέφεται·
1420 3888 1479 3938 οὐ
1503 3888 1679 3941 τοίνυν
1701 3892 1847 3943 ποιό-

279 3981 455 4033 τητας
492 3964 755 4036 αἰσθητὰς
798 3967 943 4037 ἔχει·
987 3969 1106 4023 οὔτε
1134 3972 1239 4042 γὰρ
1288 3975 1475 4043 ὁρᾶται
1517 3974 1843 4047 δικαιοσύνη,

278 4050 411 4105 οὔτε
430 4053 638 4125 ἀνδρία,
674 4055 797 4113 οὕτε
820 4058 927 4119 τῶν
948 4061 1199 4119 τοιούτων
1220 4063 1369 4125 οὐδέν
1389 4081 1401 4092 ·
1445 4065 1543 4134 τῆς
1576 4066 1631 4117 δὲ
1671 4067 1844 4139 ψυχῆς

277 4142 344 4194 αἱ
372 4143 651 4214 ποιότητες
678 4139 837 4211 αὗται
858 4166 871 4178 ·
903 4150 1001 4202 οὐκ
1033 4149 1176 4202 ἔστιν
1207 4146 1298 4203 οὖν
1327 4152 1484 4222 σῶμα
1512 4171 1523 4183 ’
1562 4154 1845 4227 ἀσώματος

276 4230 411 4301 ἄρα.

198 4468 201 4471 Α
356 4411 495 4473 Ἔτι,
550 4414 727 4483 πάσης
763 4415 857 4485 τῆ,⁵
902 4419 1213 4500 σωματικῆς
1260 4423 1440 4486 οὐσίας
1482 4428 1560 4489 εἰς
1605 4426 1841 4498 ἔμψυχον

274 4502 376 4555 καὶ
397 4501 599 4573 ἄψυχον
637 4504 1047 4579 διαιρουμένης,
1103 4513 1409 4568 εἰπάτωσαν
1452 4518 1499 4568 οἱ
1534 4518 1688 4588 σῶμα

1958 2088 2069 2141 lum
2099 2088 2393 2160 adhaereat.
2446 2086 2538 2139 Sin
2570 2095 2749 2141 autem
2775 2080 2899 2140 eum
2929 2101 3154 2155 corpore
3180 2086 3363 2151 mista,
3389 2100 3511 2140 con-

1958 2175 2191 2244 fusaque
2215 2176 2321 2242 sit,
2356 2191 2385 2229 e
2411 2176 2627 2244 propria
2661 2175 2856 2230 anima:
2882 2174 3089 2229 ratione
3115 2173 3342 2243 dejecta,
3366 2173 3511 2247 Amul-

1958 2271 2028 2324 tis
2065 2270 2311 2339 partibus
2338 2267 2628 2331 constabit,
2656 2283 2757 2322 nec
2787 2265 3154 2335 simplex‘erit.
3189 2263 3339 2343 Quod
3364 2264 3507 2319 enim

1957 2353 2251 2416 multarum
2287 2366 2370 2413 est
2397 2357 2634 2427 partium
2661 2397 2699 2421 ,ν
2728 2356 2993 2411 divisibile
3022 2364 3104 2411 est
3128 2370 3191 2409 ac
3220 2353 3509 2412 dissolubi-

1958 2452 2035 2516 le;
2065 2451 2209 2520 quod
2232 2460 2410 2504 autem
2435 2458 2611 2520 potest
2630 2449 2817 2513 dividi,
2849 2446 3206 2516 compositum
3226 2453 3336 2510 est;
3366 2459 3508 2501 com—

1957 2542 2194 2609 positum
2224 2555 2353 2595 vero
2384 2540 2664 2609 tripliciter
2681 2538 2844 2593 dividi
2868 2546 3063 2608 potest.
3097 2536 3306 2605 Corpus
3325 2544 3504 2590 autem

1954 2627 2268 2697 adjunctum
2318 2628 2567 2697 corpori,
2618 2628 2810 2694 molem
2856 2635 3043 2695 auget;
3084 2624 3263 2679 anima
3288 2638 3416 2681 vero
3447 2624 3503 2678 in

1950 2736 2178 2791 corpore
2194 2718 2627 2786 exsistens,illud
2648 2734 2755 2773 non
2777 2718 3063 2783 tumidum,
3082 2716 3175 2772 sed
3198 2715 3377 2779 vivum
3408 2730 3503 2785 po-

1955 2812 2063 2867 tius
2088 2812 2285 2875 reddit.
2338 2811 2453 2867 Non
2483 2813 2642 2883 igitur
2680 2826 2909 2881 corpus,
2945 2808 3038 2865 sed
3076 2808 3503 2890 incorporeas.“

1953 2901 2154 2957 anima.
2580 2962 2583 2963 ν
2920 2942 2921 2945 η
3254 2958 3257 2961 .

2024 2991 2106 3047 Ad
2130 2992 2263 3057 haec,
2310 2993 2355 3046 si
2398 3008 2594 3062 corpus
2627 3000 2771 3047 esset
2806 2986 3493 3055 anima,.autextrinsecuﬁ.

1953 3086 2049 3143 aut
2076 3080 2402 3135 intrinsecus
2436 3087 2761 3134 moveretur.
2818 3075 2935 3130 Non
2963 3084 3142 3131 autem
3167 3076 3499 3131 extrinsecus

1955 3177 2247 3225 movetur:
2285 3186 2391 3222 nou
2438 3168 2583 3222 enim
2630 3167 2983 3237 impulsione,
3028 3179 3203 3237 neque
3240 3165 3497 3231 tractionr.

1954 3265 2220 3323 movetur,
2253 3264 2305 3308 ut
2331 3242 2656 3320 inanimata;
2689 3268 2863 3324 neque
2887 3242 3210 3319 intrinsecus
3234 3260 3496 3321 movetur,

1954 3349 2094 3402 sicut
2111 3346 2345 3402 animata
2373 3362 2385 3396 :
2432 3346 2723 3401 absurdum
2749 3346 2892 3401 enim
2921 3354 3023 3409 est,
3040 3347 3285 3411 animam
3310 3345 3501 3399 animae

1950 3439 2130 3493 dicere
2174 3455 2190 3491 :
2228 3450 2339 3490 non
2384 3450 2514 3504 ergo
2560 3436 2738 3510 anima
2782 3443 2866 3497 est
2897 3434 3153 3504 corpus:
3188 3433 3497 3503 incorporea

1949 3529 2131 3598 igitur.
2447 3582 2453 3587 .
2522 3582 2527 3587 .
2672 3570 2675 3573 ν
2899 3590 2902 3593 Α
3278 3587 3280 3590 τ
3426 3600 3429 3603 .

2018 3617 2085 3671 Et
2117 3632 2342 3683 rursus,
2378 3618 2421 3672 si
2454 3633 2652 3689 corpus
2676 3614 2984 3680 estanima,
3019 3615 3180 3669 etiam
3209 3614 3496 3681 qualitates

1950 3707 2110 3779 habet
2150 3722 2271 3774 qua:
2310 3709 2676 3778 percipiuntur
2708 3705 2985 3771 sensibus;
3012 3713 3064 3759 et
3094 3704 3366 3768 nutritur;
3400 3706 3492 3757 sed

1946 3815 2058 3854 non
2102 3801 2363 3854 nutritur.
2413 3801 2565 3867 Quod
2600 3802 2645 3855 si
2680 3800 2935 3861 nutritur,
2970 3814 3077 3853 non
3112 3813 3366 3876 corporeo
3394 3815 3496 3869 nu-

1946 3893 2141 3956 tritur,
2185 3902 2246 3947 ut
2286 3907 2504 3960 corpus,
2549 3889 2641 3943 sed
2675 3890 3024 3958 incorporeo;
3054 3903 3177 3942 nam
3212 3888 3416 3942 ratione
3440 3897 3496 3943 et

1946 3974 2112 4037 verbo
2145 3983 2379 4036 nutritur
2410 4000 2423 4032 :
2457 3994 2562 4051 non
2588 3979 2750 4049 igitur
2775 3979 3055 4033 sensibiles
3076 3979 3362 4048 qualitates
3393 3979 3492 4033 ha-

1946 4074 2063 4140 bet;
2093 4089 2266 4141 ncque
2292 4072 2434 4125 enim
2468 4070 2638 4124 oculis
2670 4070 2909 4141 cernitur
2937 4055 3169 4140 justiti‘a,
3195 4085 3366 4139 neque
3386 4070 3496 4137 for-

1945 4164 2149 4228 titudo,
2196 4177 2369 4229 neque
2416 4161 2519 4236 alia
2562 4162 2680 4231 ejus
2724 4164 2967 4233 generis,
3000 4178 3119 4231 quae
3150 4172 3275 4237 sunt
3302 4163 3495 4218 anima

1943 4253 2230 4323 qualitates
2260 4269 2272 4304 :
2310 4260 2638 4322 quapropter
2669 4244 2867 4323 corpus
2902 4268 3012 4307 non
3041 4261 3123 4308 est
3153 4253 3332 4307 anima
3365 4272 3378 4306 :
3412 4255 3492 4307 iu-

1943 4356 2198 4411 corporea
2235 4338 2417 4412 igitur.

2009 4430 2313 4498 Praeterea,
2372 4449 2495 4487 cum
2542 4433 2721 4487 omnis
2766 4431 3068 4500 substantia
3141 4444 3392 4503 corporea
3433 4428 3488 4482 in

1940 4526 2234 4579 animatam
2290 4525 2371 4579 vel
2422 4525 2773 4591 inanimatam
2817 4522 3120 4589 dividatur;
3177 4521 3355 4573 dicant
3394 4519 3487 4587 qui
3558 4552 3561 4557 -

273 4594 627 4702 σωματικηνι]
660 4595 758 4702 τὴν
789 4596 964 4669 ψυχὴν
1002 4599 1245 4667 λέγοντες
1275 4646 1288 4668 ,
1338 4608 1385 4657 εἰ
1428 4606 1629 4676 ἄψυχον
1670 4607 1836 4677 αὐτὴν

1953 4618 2175 4671 animam
2197 4632 2395 4686 corpus
2424 4614 2523 4687 [αἱ.
2547 4612 2883 4685 corpoream]
2910 4623 3027 4667 esse
3055 4610 3339 4675 aﬂlrmant,
3369 4611 3487 4663 ani-

270 4681 514 4747 λεκτέον,
543 4684 576 4754 ἦ
599 4682 855 4755 ἔμψυχον.
1033 4746 1042 4753 ,

354 4772 493 4835 Ἔτι,
528 4774 577 4840 εί
629 4775 734 4827 πᾶν
775 4773 932 4844 σῶμα
966 4778 1057 4830 καὶ
1105 4779 1429 4850 κέχρωσται,
1478 4782 1569 4833 καὶ
1598 4783 1837 4837 πεπόσω-

266 4879 387 4925 ται,
423 4864 516 4916 καὶ
537 4865 956 4934 ἐσχημάτισται*
992 4867 1142 4920 οὐδὲν
1168 4870 1223 4920 δὲ
1250 4868 1452 4921 τούτων
1496 4870 1554 4921 ὲν
1593 4874 1655 4942 τῇ
1690 4872 1834 4945 ψυχῇ

268 4952 578 5024 θεωρεῖται,
611 4954 710 5007 οὐκ
732 4955 839 5027 ἀρα
867 4954 1022 5024 σῶμα
1047 4958 1079 5026 ἡ
1101 4957 1264 5027 ψυχή.

579 5070 646 5123 El
672 5065 832 5135 ἁπλῆ
926 5068 1094 5135 ψυχὴ
1117 5108 1130 5132 ,
1157 5070 1194 5137 ἣ
1220 5071 1527 5139 σύνθετος.

344 5156 421 5210 Ε’.
452 5160 734 5212 Δείκνυται
786 5159 959 5213 τοίνυν
983 5197 998 5222 ,
1040 5160 1120 5227 ὅτι
1152 5162 1375 5234 εζσάπλῆ
1399 5166 1431 5236 ἡ
1457 5166 1633 5238 ψυχὴ,
1678 5168 1735 5233 ἐξ
1760 5164 1832 5223 ὧν

268 5248 511 5331 μάλιστα
540 5250 823 5321 ἀσώματος
845 5249 1152 5321 ἀπεδείχθη.
1186 5239 1546 5327 Εἰγὰρσῶμα
1578 5259 1676 5311 οὐκ
1697 5260 1828 5319 ἔστι,

269 5334 436 5405 σῶμα
462 5337 519 5389 δὲ
555 5340 660 5391 πᾶν
710 5339 955 5393 σύνθετόν
996 5342 1142 5394 ἐστι·
1172 5344 1233 5396 τὸ
1276 5344 1334 5396 δὲ
1374 5347 1722 5416 συγκείμενον
1768 5347 1831 5397 ἐκ

264 5425 457 5499 μερῶν
481 5428 774 5497 σύγκειται,
804 5430 994 5483 οὑκοῦν
1017 5432 1107 5485 καὶ
1131 5433 1439 5507 πολυμερὴς
1460 5434 1627 5489 ἔσται.
1667 5432 1830 5485 Ἀσώ-

267 5529 443 5582 ματος
466 5516 522 5567 δὲ
549 5515 704 5583 οὖσα,
731 5520 875 5591 ἀπλῆ
897 5524 1040 5575 ἐστιν
1058 5538 1070 5552 ’
1116 5524 1329 5577 emtam
1381 5526 1472 5578 καὶ
1522 5524 1825 5585 ἀσύνθετος,

265 5601 367 5655 καὶ
394 5602 622 5677 ἀμερής.
808 5621 812 5627 ‘

450 5788 481 5835 ς’
515 5751 517 5753 ι
606 5774 674 5833 El
710 5781 1001 5851 ἀθάνατος
1040 5786 1204 5854 ἡμῶν
1232 5788 1270 5854 ἡ
1302 5788 1487 5858 ψυχή.

338 5869 429 5933 ς.
483 5866 789 5951 ’Δκόλουθον
812 5866 962 5942 οἶμαι
995 5875 1101 5936 δεῖν
1127 5877 1202 5947 τῷ
1237 5879 1387 5949 ἀπλῷ
1407 5920 1420 5943 ,
1451 5882 1509 5933 τὸ
1542 5880 1818 5935 ἀθάνατον.

1942 4718 2211 4763 matamne
2237 4709 2339 4762 dici
2370 4723 2489 4761 eam
2518 4707 2680 4761 velint
2711 4721 2779 4759 an
2812 4705 3181 4758 inanimatam.

2008 4796 2273 4867 Denique,
2302 4799 2347 4867 si
2372 4812 2572 4865 corpus
2598 4809 2755 4849 omne
2778 4795 3030 4857 colorem,
3055 4790 3403 4860 quantitatem
3434 4803 3484 4845 et

1938 4890 2165 4958 ﬁguram
2193 4888 2353 4942 habet
2376 4905 2391 4951 ;
2428 4887 2559 4940 nihil
2586 4894 2762 4938 autem
2786 4881 3053 4951 ejusmodi
3081 4882 3134 4936 in
3158 4884 3335 4937 anima
3357 4897 3480 4936 con-

1940 4983 2201 5063 spicitur:
2236 4995 2342 5033 non
2374 4978 2543 5046 igitur
2562 4976 2737 5028 anima
2762 4984 2843 5027 est
2868 4987 3085 5042 corpus.

2187 5072 2268 5121 An
2295 5067 2515 5136 simplex
2542 5068 2611 5119 sit
2645 5066 2824 5118 animo
2872 5082 2939 5118 an
2966 5067 3270 5135 composita.
3304 5074 3307 5075 '

2006 5161 2069 5215 V.
2115 5159 2194 5214 Ex
2218 5159 2417 5228 quibus
2438 5160 2573 5228 ergo
2602 5157 2781 5212 anima
2807 5158 3267 5239 corporischpers
3294 5160 3475 5205 osten-

1931 5252 2098 5312 ditur,
2132 5263 2198 5304 ex
2237 5250 2305 5304 iis
2335 5249 2674 5318 potissimum
2702 5250 2865 5305 etiam
2886 5248 3109 5316 simplex
3139 5244 3474 5297 demonstra-

1930 5350 2039 5395 tur.
2071 5338 2204 5394 Nam
2232 5341 2277 5393 si
2302 5356 2499 5410 corpus
2520 5354 2627 5393 non
2654 5350 2755 5407 est,
2776 5350 2830 5395 et
2854 5328 3011 5394 omne
3036 5348 3231 5401 corpus
3258 5347 3472 5401 compo-

1931 5432 2091 5485 situm
2136 5440 2256 5493 est;
2291 5431 2647 5500 compositum
2676 5439 2851 5483 autem
2881 5443 2946 5481 ex
2972 5424 3214 5493 partibus
3244 5434 3473 5490 constet,

1928 5537 2027 5577 nec
2066 5522 2298 5591 plurium
2344 5524 2559 5593 quidem
2601 5520 2831 5590 partium
2860 5518 2979 5571 erit.
3010 5515 3142 5571 Cum
3170 5523 3347 5574 autem
3387 5517 3472 5570 in-

1927 5626 2184 5679 corporea
2218 5614 2321 5678 sit,
2364 5613 2587 5683 simplex
2630 5612 2765 5672 erit;
2798 5607 3056 5683 quoniam
3085 5620 3191 5659 non
3224 5617 3305 5663 est
3328 5624 3471 5663 com-

1927 5702 2119 5769 posita,
2152 5718 2328 5775 neque
2356 5706 2411 5757 in
2440 5682 2616 5772 partes
2652 5682 2921 5752 secabilis.

2230 5798 2308 5867 Att
2340 5793 2651 5846 inmortalis
2686 5800 2862 5845 nostra
2890 5791 2957 5841 sit
2989 5789 3185 5841 anima.

2009 5880 2087 5938 Vl.
2143 5882 2842 5977 Consequens/Teio‘mihi
2874 5882 3119 5945 videtur,
3141 5879 3365 5947 urquod
3393 5892 3471 5933 est
