4094 6354
683 423 819 480 1145

1323 419 1380 473 S.
1428 413 1756 473 GREGORII
1788 411 2141 470 THAUMAT.
2181 411 2329 466 OPP.
2382 411 2562 466 PARS
2595 406 2884 464 ALTERA.
2925 438 2986 448 --
3023 404 3247 461 DUBIA.

3735 403 3856 457 ΜΗ

676 535 922 602 simplex,
963 529 1120 586 etiam
1171 531 1241 586 sit
1282 530 1603 583 immortale.
1656 527 1718 580 Et
1749 534 1856 595 qdo
1885 535 2039 595 pacto
2068 525 2217 587 illud,

2326 522 2436 574 Καὶ
2467 524 2629 584 ὅπως,
2665 521 2890 574 ἄκουσον
2909 538 2921 550 ·
2950 519 3112 572 Οὐδὲν
3137 516 3243 569 τῶν
3274 515 3467 576 ὄντων,
3497 514 3631 568 αὐτὸ
3679 516 3853 572 ἑαυτοῦ

679 627 918 681 ausculta
949 621 1125 678 τΝἱὴίΙ
1156 611 1341 675 eorum
1369 635 1490 689 qua!
1527 628 1674 681 sunt,
1706 618 1940 686 seipsum
1975 632 2218 669 corrum-

678 714 792 778 pit;
845 712 1079 780 alioquin
1113 709 1258 764 enim
1297 724 1363 762 ne
1400 708 1555 761 initio
1599 707 1812 776 quidem
1868 706 2213 759 constitisset.

661 795 807 862 Quae
843 798 1018 864 autem
1065 803 1517 862 corrumpuntur,
1550 809 1616 846 ex
1656 793 1942 846 contrariis
1975 805 2221 844 corrum-

676 893 892 950 puntur.
923 881 1055 937 Nam
1089 893 1249 937 Omne
1275 883 1416 951 quod
1453 881 1841 948 corrumpitur,
1871 880 2216 943 dissolvitur;

675 969 817 1041 quod
845 970 1173 1035 dissolvitur,
1216 970 1574 1037 compositum
1623 977 1735 1030 est;
1767 977 1822 1020 at
1845 967 2220 1033 compositum,

677 1059 961 1114 multarum
995 1070 1077 1115 est
1106 1061 1338 1128 partium
1363 1075 1378 1120 ;
1401 1058 1619 1126 quodex
1641 1057 1883 1125 partibus
1912 1065 2139 1120 constat,
2157 1071 2220 1108 ex

673 1151 746 1206 lis
779 1151 987 1206 scilicet
1025 1157 1237 1206 constat
1280 1147 1688 1211 diﬂ’er‘entibus;
1730 1147 1873 1215 quod
1919 1161 2047 1200 vero
2074 1143 2224 1199 diﬂ‘e-

671 1254 802 1296 rens
843 1247 957 1304 est,
997 1239 1138 1293 idem
1167 1254 1274 1293 non
1306 1248 1387 1292 est
1421 1238 1806 1306 :quamobrcm
1843 1252 1964 1290 eum
1997 1236 2221 1304 simplex

667 1333 745 1388 sit
765 1331 980 1392 anima,
1037 1314 1209 1398 neque
1255 1345 1320 1382 ex
1372 1330 1616 1398 pluribus
1672 1328 1913 1396 partibus
1975 1335 2218 1388 constet,

674 1420 804 1489 quia
850 1435 951 1474 nec
980 1420 1274 1488 composita
1309 1430 1409 1482 est,
1432 1435 1530 1473 nec
1556 1417 1776 1471 dissolvi
1808 1427 2016 1486 potest,
2045 1416 2222 1484 sequia

677 1523 764 1566 tur
793 1523 910 1562 eam
944 1509 1404 1577 incorruptibilem
1429 1519 1482 1562 et
1511 1508 1868 1561 immortalem
1899 1521 2041 1560 esse.

751 1595 1032 1662 Praeterea,
1079 1598 1336 1667 quidquid
1377 1598 1550 1651 alieno
1605 1598 1774 1652 cietur
1814 1603 1982 1656 motu,
2033 1609 2130 1649 nec
2158 1609 2224 1648 ex

675 1688 896 1756 aeipso,
943 1689 1037 1742 sed
1079 1702 1144 1741 ex
1191 1703 1288 1751 eo,
1327 1703 1357 1740 a
1390 1703 1498 1756 quo
1528 1695 1793 1749 movetur,
1824 1685 2033 1738 vivendi
2066 1685 2226 1737 habet

679 1775 1020 1842 facultatem;
1070 1778 1198 1832 illud
1226 1777 1410 1831 tandiu
1441 1787 1733 1847 permanet,
1767 1777 2006 1843 Quandiu
2039 1775 2106 1828 ab
2135 1775 2222 1835 illa

2321 611 2607 680 φθαρτικόν
2639 611 2801 668 ἐστιν,
2840 608 2958 661 ἐπεὶ
2987 608 3082 658 ούκ
3107 607 3170 659 ἂν
3190 604 3298 657 οὒτ’
3322 603 3378 670 ἐξ
3409 601 3582 676 ἀρχῆς
3614 604 3850 674 συνέστη.

2320 698 2398 750 Τὰ
2426 699 2531 767 γὰρ
2562 698 2906 768 φθειρόμενα,
2929 700 2993 749 ἐκ
3023 693 3126 748 τῶν
3150 698 3400 761 ἐναντίων
3426 694 3764 764 φθείρονται·
3785 693 3853 745 διὸ

2319 790 2426 840 πᾶν
2458 787 2819 857 φθειρόμενον,
2854 787 3094 839 διαλυτόν
3117 789 3228 839 ἐστι
3250 804 3262 816 ·
3292 787 3352 840 τὺ
3374 785 3431 838 δὲ
3461 783 3722 846 διαλυτὸν,
3744 784 3854 836 σύν-

2321 876 2503 928 θετον·
2533 876 2592 928 τὸ
2622 876 2677 928 δὲ
2708 877 2980 937 σύνθετον,
3022 875 3351 946 πολυμεράς·
3394 874 3454 927 τὸ
3493 872 3552 926 δὲ
3589 875 3654 926 ἐκ
3688 873 3855 944 μερῶν

2324 967 2686 1036 συγκείμενον,
2726 968 2880 1036 δῆλον
2910 969 2990 1020 ὅτι.
3035 966 3173 1037 [ἀλ.
3208 964 3466 1037 δηλονότι]
3506 967 3570 1017 ἐκ
3599 964 3855 1034 διαφόρων

2325 1059 2598 1126 σύγκειται
2635 1056 2838 1128 μερῶν·
2876 1059 2935 1111 τὸ
2961 1061 3017 1112 δὲ
3038 1059 3304 1129 διάφορον,
3332 1058 3392 1110 οὐ
3419 1056 3648 1110 ταυτόν·
3676 1053 3857 1108 οὐκοῦν

2324 1153 2356 1218 ἡ
2383 1151 2524 1221 ψυχὴ
2558 1151 2695 1221 ἁπλῆ
2723 1147 2874 1215 οὖσα,
2900 1150 2992 1204 καὶ
3034 1152 3107 1222 μὴ
3136 1154 3199 1204 ἐκ
3234 1152 3498 1219 διαφόρων
3537 1145 3854 1215 συγκειμένη

2329 1242 2527 1308 μερῶν,
2580 1242 2862 1304 ἀσύνθετος
2919 1245 3007 1294 καὶ
3039 1243 3314 1305 ἀδιάλυτος
3365 1239 3526 1306 οὖσα,
3580 1238 3670 1292 διὰ
3715 1237 3856 1290 τοῦτο

2324 1333 2590 1402 ἄφθαρτος
2619 1334 2709 1385 καὶ
2742 1334 3001 1397 ἀθάνατος
3028 1333 3195 1386 ἔσται.

2400 1602 2538 1660 Ἔτι,
2569 1604 2671 1653 πᾶν
2701 1605 2762 1655 ea
2799 1603 2860 1655 εκ
2896 1618 3036 1666 τινος
3071 1603 3378 1673 κινούμενον
3401 1644 3414 1666 ,
3447 1603 3544 1655 οὐκ
3576 1602 3635 1666 ἐξ
3679 1603 3854 1655 ἑαυτοῦ

2325 1694 2444 1763 ἕχον
2477 1690 2534 1745 τὸ
2557 1691 2796 1754 ζωτικὸν,
2823 1692 2933 1744 ἀλλ’
2966 1696 3028 1746 ὲκ
3053 1694 3148 1747 τοῦ
3171 1695 3457 1757 κινοῦντος,
3487 1692 3737 1746 τοσοῦτον
3755 1695 3857 1746 δια-

2330 1782 2497 1851 μένει,
2524 1783 2643 1832 ὅσον
2669 1780 2771 1832 ὑπὸ
2793 1781 2889 1848 τῆς
2910 1782 3226 1850 ἐνεργούσης
3251 1784 3306 1833 ἐν
3332 1782 3478 1851 αὐτῷ
3502 1782 3858 1851 δωκρατείται

679 1865 1005 1920 intrinsecus
1039 1876 1288 1935 operante
1327 1869 1379 1920 vi
1409 1876 1793 1928 conservatur;
1827 1875 1881 1918 et
1908 1867 1995 1919 ubi
2025 1881 2086 1918 ea
2107 1880 2225 1919 ces-

2325 1872 2598 1940 δυνάμεως
2616 1886 2629 1900 ·
2667 1868 2882 1920 ἐπειδὰν
2900 1869 2954 1920 δὲ
2986 1868 3247 1938 παύσηται
3268 1871 3324 1921 τὸ
3358 1868 3610 1939 ἐνεργοῦν
3628 1909 3644 1932 ,
3673 1868 3860 1926 διαλεί-

678 1955 916 2020 saverit,
959 1963 1010 2008 et
1056 1955 1227 2024 ipsum
1272 1957 1414 2024 quod
1455 1955 1524 2009 ab
1561 1970 1622 2008 ea
1651 1955 1987 2015 movebatur,
2013 1954 2224 2008 desinat

681 2059 905 2100 necesse
942 2055 1041 2100 est.
1072 2045 1247 2111 Quare
1285 2060 1409 2100 cum
1447 2046 1626 2098 anima
1658 2061 1686 2097 a
1718 2046 1894 2113 seipsa
1922 2051 2219 2107 moveatur,

682 2147 957 2202 nunquam
985 2149 1105 2188 esse
1123 2137 1341 2189 desinit.
1370 2135 1493 2188 Haec
1524 2136 1668 2189 enim
1700 2137 1770 2189 ita
1799 2151 1856 2188 se
1885 2149 2224 2201 consequun-

680 2231 791 2290 tur,
833 2229 891 2276 ut
927 2226 1069 2293 quod
1099 2242 1128 2278 a
1164 2228 1342 2293 seipse
1377 2234 1639 2289 movetur,
1679 2239 1887 2292 semper
1912 2233 2220 2287 moveatur;

683 2316 826 2384 quod
892 2332 1103 2384 semper
1153 2326 1437 2382 movetur,
1489 2332 1761 2385 nunquam
1814 2317 2032 2381 deticit;
2082 2316 2224 2383 quod

683 2422 956 2476 nunquam
1005 2407 1204 2472 deﬁcit,
1255 2408 1360 2459 ﬁne
1384 2415 1561 2471 taret;
1590 2409 1729 2474 quod
1763 2407 1882 2458 linis
1905 2415 1986 2459 est
2013 2420 2222 2473 expers,

586 2525 588 2528 -
683 2513 787 2550 non
837 2499 1226 2566 corrumpitur;
1278 2497 1421 2565 quod
1461 2511 1568 2549 non
1596 2496 1981 2563 corrumpi-tur,
2011 2503 2092 2548 est
2123 2497 2224 2548 im-

682 2591 928 2643 mortale.
967 2589 1109 2657 Ergo
1143 2589 1187 2640 si
1236 2589 1413 2640 anima
1459 2602 1491 2642 a
1531 2587 1706 2654 scipsa
1739 2595 2001 2645 movetur,
2039 2595 2095 2637 ut
2133 2600 2225 2638 su-

681 2676 860 2742 perius
883 2675 1310 2729 demonstratum
1333 2683 1415 2728 est
1434 2714 1449 2739 ,
1479 2675 1582 2728 erit
1616 2674 1776 2743 igitur
1798 2691 1862 2726 ex
1889 2676 1938 2725 vi
1965 2675 2072 2741 jam
2102 2687 2226 2741 pro-

682 2765 872 2832 posita:
918 2763 1370 2828 ratiocinationis,
1419 2755 1840 2831 incorruptibilis
1882 2771 1934 2814 ct
2007 2763 2227 2814 immor-

681 2856 826 2909 talis.

758 2939 1020 3002 Praeterea
1043 2988 1056 3010 ,
1109 2949 1468 3017 quodcunque
1495 2962 1526 3000 a
1565 2946 1779 3016 proprio
1799 2945 1942 3004 malo
1972 2958 2078 2998 non
2110 2959 2228 2998 cor-

685 3037 972 3103 rumpitur,
1000 3039 1267 3104 corrumpi
1298 3050 1404 3088 non
1425 3043 1630 3104 potest;
1657 3034 1857 3088 malum
1886 3043 2062 3086 autem
2089 3032 2230 3086 bono

687 3127 1014 3178 contrarium
1059 3136 1170 3190 est;
1203 3127 1321 3179 ideo
1350 3135 1403 3181 et
1431 3127 1573 3182 illius
1593 3126 1970 3195 corrumpendi
1994 3127 2099 3178 vim
2130 3125 2229 3178 ha-

689 3215 798 3266 bet.
847 3211 966 3266 Non
1016 3215 1157 3266 enim
1188 3214 1332 3266 aliud
1372 3223 1454 3267 est
1499 3220 1738 3284 corporis
1784 3220 2017 3282 malum,
2068 3229 2229 3285 quam
2257 3197 2301 3256 (ἶ

690 3303 892 3371 passio,
927 3303 1147 3358 morbus
1179 3315 1232 3357 et
1261 3318 1434 3367 mors;
1468 3305 1607 3358 sicut
1635 3321 1664 3358 c
1692 3317 1876 3360 contra
1916 3309 2082 3360 virtus
2116 3307 2232 3373 ejus

690 3400 802 3458 est,
850 3394 1224 3463 pulchritudo,
1271 3397 1408 3456 vita,
1452 3396 1656 3449 sanitas
1701 3404 1753 3448 et
1780 3398 1928 3449 lirma
1975 3397 2238 3450 constitu-

691 3489 786 3539 tio.
827 3485 881 3539 Si
926 3487 1086 3556 igitur
1130 3487 1308 3540 anima
1340 3501 1371 3540 ι
1405 3501 1503 3540 suo
1533 3487 1673 3538 malo
1705 3499 1813 3538 non
1837 3487 2232 3555 corrumpitur;

689 3576 891 3630 n‘ialum
935 3584 1112 3630 autem
1163 3578 1375 3639 animae,
1418 3583 1502 3629 est
1546 3583 1756 3638 metus,
1805 3575 2232 3643 intemperantia,

689 3667 891 3721 invidia
947 3675 996 3720 et
1037 3668 1263 3731 similia,
1301 3682 1420 3736 qua:
1475 3665 1652 3720 tamen
1700 3665 1881 3720 omnia
1935 3667 2145 3719 vivendi
2174 3681 2236 3719 ac

691 3757 939 3808 movendi
972 3755 1278 3809 facultatem
1309 3757 1550 3826 ipsi‘non
1587 3753 1837 3808 auferunt
1870 3770 1880 3803 :
1912 3753 2089 3806 anima
2111 3768 2237 3824 ergo

688 3851 772 3896 est
805 3845 1146 3897 immortalis.

888 3936 969 3987 An
1009 3937 1228 3988 rationis
1259 3938 1515 4004 particeps
1543 3944 1722 3988 nostra
1747 3935 1816 3986 sit
1839 3935 2034 3986 anima.

765 4045 873 4099 Vll.
914 4047 1064 4112 Quod
1095 4063 1252 4116 porro
1287 4051 1467 4102 anima
1502 4057 1682 4103 nostra
1709 4048 1938 4101 rationis
1971 4047 2038 4100 sit
2075 4049 2239 4114 parti-

695 4131 843 4207 ceps,
867 4139 1048 4192 multis
1075 4143 1405 4208 argumentis
1433 4140 1642 4194 ostendi
1674 4147 1848 4208 potest
1881 4156 1893 4190 :
1920 4152 1984 4190 ac
2007 4139 2236 4205 primum

695 4228 909 4295 quidem
958 4242 1020 4279 ex
1067 4244 1130 4278 eo
1179 4230 1321 4296 quod
1351 4237 1495 4284 artes
1548 4230 1671 4282 vitae
1723 4237 1921 4282 nostrae
1948 4227 2101 4280 utiles
2126 4227 2238 4296 ipsa

697 4318 1051 4372 adinvenerit.
1097 4317 1279 4386 Neque
1325 4319 1466 4372 enim
1493 4334 1587 4373 eas
1619 4331 1838 4381 temere,
1868 4328 1960 4373 aut
1988 4332 2117 4370 casu
2145 4319 2239 4372 ali-

698 4423 806 4474 quo
856 4415 1092 4473 repertas
1129 4422 1271 4466 esse,
1311 4409 1432 4474 quis
1462 4409 1689 4474 dixerit;
1731 4425 1853 4463 cum
1883 4421 1979 4461 nec
2012 4409 2233 4473 otiosas,

2322 1977 2411 2013 πει
2439 1962 2529 2012 καί
2562 1957 2723 2020 αὐτὸ,
2771 1956 2830 2008 τὸ
2873 1957 2930 2021 ἐξ
2963 1957 3121 2009 αὑτοῦ
3148 1959 3244 2029 τὴν
3273 1959 3479 2028 κίνησιν
3515 1959 3668 2028 ἔχον.
3723 1959 3783 2010 Ἥ
3807 1958 3858 2010 δὲ

2320 2045 2462 2116 ψυχὴ
2488 2043 2829 2112 αὐτοκίνητος
2855 2040 3006 2106 οὖσα,
3031 2044 3275 2097 οὐδέποτε
3296 2047 3386 2099 τοῦ
3416 2043 3553 2100 εἶναι
3585 2047 3857 2100 διαλείπει.

2335 2137 2634 2188 Ἀκολουθεῖ
2664 2135 2768 2204 γὰρ
2796 2133 2872 2202 τῷ
2903 2136 3249 2204 αὐτοκινήτῳ,
3273 2136 3331 2188 τὸ
3360 2139 3444 2190 ἀεὶ
3464 2132 3681 2207 κινητὸν
3707 2133 3860 2190 εἶναι·

2320 2227 2380 2279 τὸ
2423 2227 2478 2279 δὲ
2520 2227 2842 2296 ἀεικίνητον,
2889 2225 3158 2278 ἄπαυστόν
3187 2228 3329 2278 ἐστι·
3370 2228 3429 2280 τὺ
3471 2229 3528 2280 δὲ
3563 2229 3860 2296 ἄπαυστον,

2323 2317 2702 2386 ἀτελεύτητον*
2756 2317 2816 2368 τὸ
2862 2315 2915 2367 δὲ
2949 2315 3324 2385 ἀτελεύτητον,
3373 2317 3671 2388 ἄφθαρτον·
3712 2320 3772 2372 τὺ
3809 2319 3864 2372 δι

2283 2401 2286 2403 λ
2323 2405 2607 2477 ἄφθαρτον,
2641 2405 2918 2458 ἀθάνατον.
2959 2404 3214 2457 Είτοίνυν
3335 2404 3477 2475 ψυχὴ
3524 2408 3864 2481 αὐτοκίνητός

2325 2497 2468 2546 ἐστιν
2492 2535 2505 2556 ,
2537 2497 2610 2557 ὠς
2655 2496 2906 2566 ἀνωτέρω
2935 2495 3226 2564 ἀπεδείχθη
3250 2512 3262 2524 ·
3296 2494 3446 2547 ἔσται
3477 2496 3748 2568 ἄφθαρτος
3779 2500 3866 2551 καὶ

2325 2583 2582 2649 ἀθάνατος
2635 2587 2778 2640 κατά
2815 2586 2905 2640 τὸν
2943 2587 3299 2657 προλεχθῶθτα
3507 2587 3865 2662 προτεθέντα]

2329 2676 2688 2745 συλλογισμόν.

2401 2945 2537 3008 Ἔτι,
2561 2949 2666 3001 πᾶν
2696 2948 2798 3001 ὑπὸ
2836 2947 2935 3016 τῆς
2973 2946 3106 3009 ἰδίας
3148 2945 3339 3010 κακίας
3389 2946 3462 3016 μὴ
3505 2946 3868 3017 φθειρόμενον,

2329 3035 2593 3106 ἄφθαρτον
2629 3041 2774 3091 ἐστι·
2808 3039 2866 3092 τὸ
2894 3039 2950 3091 δὲ
2995 3038 3158 3092 κακὸν
3198 3038 3275 3106 τῷ
3318 3039 3464 3108 καλῷ
3495 3039 3765 3102 ἐναντίον,
3795 3038 3870 3090 διὸ
3931 3024 3937 3033 ’

2331 3127 2422 3179 καὶ
2449 3128 2733 3199 φθαρτικόν
2774 3132 2917 3182 ἐστιν
2956 3126 3138 3181 αὐτοῦ.
3180 3126 3341 3179 Οὐδὲν
3363 3128 3469 3196 γάρ
3507 3127 3657 3178 ἐστιν
3693 3126 3870 3196 ἕτερον

2337 3215 2578 3286 σώματος
2622 3220 2786 3272 κακία
2813 3259 2825 3279 ,
2866 3218 2897 3287 ἢ
2930 3217 3116 3280 πάθος,
3147 3220 3238 3270 καὶ
3278 3218 3457 3280 νόσος,
3493 3219 3585 3271 καὶ
3614 3218 3864 3281 θάνατος·

2335 3305 2518 3376 ὥσπερ
2555 3311 2720 3380 ἀρετὴ
2747 3350 2760 3368 ,
2796 3309 3020 3370 κάλλος,
3057 3308 3166 3378 ζωὴ
3193 3347 3207 3367 ,
3248 3310 3422 3375 ὑγεία,
3451 3311 3544 3363 καὶ
3575 3309 3776 3374 εὐεξία.
3810 3310 3868 3362 El

2335 3395 2508 3450 τοίνυν
2545 3399 2576 3466 ἡ
2622 3398 2766 3468 ψυχὴ
2812 3397 2915 3448 ὑπὸ
2957 3397 3056 3466 τῆς
3085 3397 3215 3460 ἰδίας
3256 3400 3450 3462 κακίας
3484 3401 3542 3452 οὐ
3575 3399 3864 3471 φθείρεται,

2336 3486 2498 3538 κακία
2520 3488 2572 3540 δὲ
2596 3489 2772 3558 ψυχῆς
2797 3488 2986 3550 δειλία,
3011 3489 3286 3552 ἀκολασία,
3323 3489 3528 3558 φθόνος,
3559 3492 3654 3544 καὶ
3676 3493 3742 3544 τὰ
3767 3507 3866 3542 πα-

2340 3574 2604 3646 ραπλήσια
2622 3617 2636 3638 ,
2672 3579 2840 3632 ταῦτα
2863 3578 2919 3630 δὲ
2947 3577 3120 3630 πάντα
3152 3579 3246 3630 οὐκ
3274 3581 3577 3649 ἀφαιρεῖται
3618 3581 3782 3650 αὐτῆς
3812 3579 3868 3630 τὸ

2338 3668 2434 3737 ζῇν
2464 3687 2520 3720 τε
2547 3672 2637 3723 καὶ
2665 3670 2724 3723 τὸ
2751 3669 3036 3722 κινεῖσθαι·
3076 3668 3332 3732 ἀθάνατος
3357 3670 3461 3739 ἄρα
3481 3671 3644 3723 ἐστίν.

2702 3945 2767 3996 El
2813 3938 3021 4009 λογικὴ
3062 3937 3227 4005 ἡμῶν
3256 3939 3293 4004 ἠ
3327 3936 3513 4005 ψυχή.

2407 4053 2478 4103 Z'.
2514 4053 2630 4103 ’Ὁτι
2654 4053 2708 4106 δὲ
2741 4053 2927 4120 λογικὴ
2948 4049 3099 4118 ἡμῶν
3124 4048 3156 4115 ἡ
3184 4048 3345 4116 ψυχὴ,
3381 4047 3680 4105 ἐκίπολλῶν
3711 4049 3772 4102 ἀν
3795 4065 3869 4110 τις

2337 4138 2522 4201 δείξειε
2545 4155 2557 4167 ·
2597 4142 2686 4192 καὶ
2725 4140 2935 4208 πρῶτον
2967 4136 3062 4205 μὲν
3083 4175 3096 4198 ,
3128 4136 3190 4186 ἐκ
3222 4133 3311 4185 τοῦ
3344 4133 3439 4195 τὰς
3462 4134 3654 4203 τέχνας
3695 4137 3871 4206 χρησί-

2342 4244 2469 4296 μους
2493 4226 2651 4289 θύσας
2671 4227 2744 4297 τῷ
2767 4229 2864 4296 βίῳ
2886 4225 3049 4294 αὐτὴν
3075 4222 3376 4291 εὑρηκέναι.
3398 4221 3530 4272 Οὐδὲ
3552 4223 3658 4292 γὰρ
3678 4223 3868 4286 dum,

2341 4318 2434 4368 καὶ
2459 4315 2532 4378 ὡς
2561 4317 2735 4388 ἔτυχε,
2765 4319 2904 4370 εἴποι
2932 4333 3013 4377 τις
3043 4314 3352 4365 συνεστάναι
3386 4310 3481 4374 τὰς
3507 4313 3722 4382 τέχνας·
3760 4315 3872 4365 ἐπεὶ

2273 4435 2278 4440 ι
2316 4406 2476 4475 ,μήτε
2509 4406 2821 4480 ἀργὰςἸκαι
2853 4403 3141 4473 ἀνωφελεῖς
3173 4401 3339 4462 αὑτὰς
3359 4399 3436 4470 τῷ
3469 4401 3564 4471 βίῳ
3591 4403 3872 4468 ἀποδείξει.

633 4568 640 4574 .
700 4511 798 4548 nec
844 4496 963 4548 vitm
1000 4495 1215 4548 inutiles
1261 4496 1470 4549 easdem
1509 4513 1627 4552 esse
1659 4489 1820 4567 queat
1845 4499 2231 4568 demonstrare.

2341 4495 2404 4547 Εἰ
2455 4493 2628 4547 τοίνυν
2653 4498 2705 4548 αἱ
2732 4495 2916 4565 τέχναι
2947 4489 3246 4558 συντελοῦσι
3272 4490 3404 4556 πρὸς
3433 4490 3490 4541 τὸ
3522 4494 3786 4563 χρήσιμον
3802 4492 3876 4562 τῷ

702 4591 755 4643 Si
790 4589 950 4658 igitur
974 4595 1116 4641 artes
1147 4587 1214 4639 ad
1247 4587 1368 4640 vita:
1397 4588 1675 4642 utilitatem
1706 4589 2011 4650 conferunt,
2043 4598 2096 4642 et
2121 4603 2241 4655 qua

699 4688 825 4736 sunt
872 4677 1049 4742 utilia,
1098 4678 1258 4729 etiam
1296 4676 1578 4730 laudabilia
1607 4689 1766 4743 sunt;
1808 4679 2092 4733 laudabilia
2119 4693 2241 4731 vero

700 4774 908 4827 ratione
954 4781 1362 4837 comparentur;
1415 4763 1604 4822 anima:
1650 4785 1774 4824 vero
1822 4771 2065 4831 inventa,
2115 4768 2243 4836 ipsa:

701 4866 811 4918 sint
838 4873 978 4915 artes
1008 4880 1020 4914 :
1055 4862 1232 4914 anima
1276 4861 1438 4928 igitur
1469 4870 1650 4914 nostra
1709 4864 1928 4916 rationis
1961 4873 2041 4915 est
2079 4857 2243 4928 parti-

699 4969 844 5022 ceps.

773 5063 988 5122 Deinde.
1020 5074 1084 5113 ex
1111 5076 1176 5115 eo
1203 5065 1344 5131 quod
1375 5077 1567 5116 sensus
1598 5065 1758 5116 nostri
1793 5065 1856 5116 ad
1880 5078 1966 5117 res
1998 5076 2243 5130 compre-

705 5151 1013 5205 bendcndas
1039 5166 1147 5204 non
1169 5165 1293 5207 sunt
1326 5153 1666 5213 sullicientes,
1697 5155 1855 5206 etiam
1885 5154 2119 5207 animam
2144 5165 2245 5204 no-

706 5251 870 5296 stram
915 5243 1131 5297 ratione
1162 5246 1431 5310 praeditam
1462 5258 1580 5298 esse
1611 5243 2027 5297 demonstratur.
2062 5243 2243 5310 Neque

706 5333 846 5385 enim
891 5335 1003 5388 sola
1040 5349 1241 5388 sensus-
1269 5335 1617 5404 applicatione
1663 5332 1899 5386 valemus
1945 5334 2012 5386 ad
2038 5349 2122 5386 res
2151 5346 2245 5384 co-

708 5423 1037 5484 gnoscendas
1076 5424 1368 5491 pervenire.
1414 5425 1479 5477 At
1526 5423 1649 5490 quia
1688 5435 1784 5474 nec
1825 5423 1876 5473 in
1918 5422 2064 5475 hisce
2091 5421 2243 5472 volu-

710 5525 829 5561 mus
881 5512 1160 5577 inliaerere,
1198 5513 1246 5564 id
1273 5514 1514 5580 protinus
1545 5513 1666 5565 inde
1695 5518 1922 5574 constat,
1951 5509 2092 5579 quod
2119 5524 2243 5563 sen-

710 5617 822 5657 sus.
868 5602 969 5653 nisi
1021 5604 1225 5656 ratione
1281 5603 1616 5669 adiuventur.
1664 5617 1745 5664 ea,
1777 5615 1894 5667 qua:
1923 5601 2089 5667 figura
2118 5607 2243 5652 sunt

709 5690 952 5756 mqttalia,
978 5700 1027 5742 et
1049 5693 1224 5744 colore
1255 5693 1471 5752 similia,
1500 5703 1688 5744 natura
1711 5699 1884 5742 tamen
1904 5688 1996 5758 [αί.
2027 5698 2242 5758 aspectu

709 5777 913 5853 tamen]
950 5783 1275 5848 diﬂerentia,
1330 5784 1684 5837 internoscere
1735 5788 1890 5847 atque
1941 5781 2243 5835 discernere

2344 4585 2474 4654 βίῳ·
2527 4584 2584 4637 τὸ
2617 4584 2672 4636 δὲ
2718 4587 3012 4655 χρήσιμον,
3045 4580 3347 4631 ἐπαινετόν·
3398 4580 3535 4631 τὸδὲ
3581 4583 3873 4643 ἐπαινετὸν,

2341 4671 2479 4738 λόγῳ
2501 4673 2948 4733 κατασκευαστὸν,
2969 4669 3139 4738 ψυχῆς
3167 4666 3222 4718 δὲ
3250 4666 3461 4737 εὕρημα
3490 4662 3666 4723 αὗται·
3700 4668 3877 4738 λογικὴ

2342 4762 2446 4830 ἄρα
2470 4763 2674 4836 ήμῶνή
2702 4765 2866 4834 ψυχή-

2415 5056 2636 5108 Ἔπειτα
2663 5095 2676 5119 ,
2711 5058 2774 5108 ὲκ
2815 5055 2908 5107 τοῦ
2957 5054 3053 5114 τὰς
3084 5051 3358 5119 αἰσθήσεις
3393 5053 3547 5122 ἡμῶν
3592 5054 3667 5123 μὴ
3700 5050 3878 5112 ίκανάς

2342 5140 2479 5197 εἶναι
2509 5146 2641 5213 πρὸς
2670 5145 2769 5214 τὴν
2800 5143 2906 5196 τῶν
2936 5139 3304 5213 παραγμάτων
3325 5141 3654 5210 κατάληψιν,
3700 5138 3880 5208 λογικὴ

2343 5234 2495 5303 ἡμῶν
2517 5239 2548 5305 ἡ
2576 5235 2718 5304 ψυχὴ
2736 5233 3128 5287 ἀποδείκνυται.
3151 5228 3280 5281 Οὐδὲ
3300 5230 3403 5300 γὰρ
3423 5230 3734 5300 ἀρκούμεθα
3755 5230 3879 5297 πρὸς

2343 5325 2544 5394 εἴδησιν
2592 5325 2698 5377 τῶν
2749 5323 2948 5382 ὄντων,
2995 5321 3061 5388 τῇ
3117 5318 3212 5386 τῆς
3249 5319 3542 5388 αἰσθήσεως
3593 5317 3874 5389 προσδολῇ.

2355 5417 2503 5468 Ἐπεὶ
2540 5415 2668 5486 μηδὲ
2706 5415 2892 5481 στῆναι
2941 5409 3066 5478 περὶ
3100 5407 3232 5459 αὐτὰ
3259 5408 3499 5477 θέλομεν,
3539 5406 3732 5458 αὐτίκα
3759 5404 3878 5471 γοῦν

2342 5496 2507 5573 τίτῷ
2535 5506 2766 5574 σχήματι
2791 5500 2902 5564 ἶσα,
2934 5501 3025 5552 καὶ
3072 5501 3134 5567 τῇ
3178 5501 3330 5568 Χροιᾷ
3358 5500 3513 5568 ὃμοια
3555 5496 3648 5548 καὶ
3695 5495 3873 5564 δίῃρψ

2349 5598 2484 5664 μένα
2507 5600 2626 5656 ταῖς
2654 5595 2872 5662 φύσεσιν
3090 5589 3321 5661 ὄψεσιν],
3361 5592 3394 5658 ἡ
3426 5588 3668 5656 αἴσθησις
3697 5585 3873 5649 ἄλογος

2344 5685 2471 5740 οὖσα
2496 5689 2761 5755 διακρῖναι
2782 5685 3012 5735 ἀσθενεῖ.
3041 5683 3101 5733 Εἰ
3121 5682 3292 5734 τοίνυν
3321 5683 3379 5733 αἱ
3405 5679 3683 5746 αἰσθήσεις
3704 5676 3875 5741 ἄλογοι

2346 5770 2516 5833 οὖσαι,
2548 5772 2711 5840 ψευδῆ
2740 5773 2864 5839 ἡμῖν
2897 5769 3187 5838 φαντασίαν
3222 5769 3328 5823 τῶν
3358 5769 3521 5820 ὖντων
3552 5765 3857 5836 ἐμποιοῦσιν
