  <div class='ocr_page' id='page_1' title='image "/cluster/home/n/w/nwhite01/storage/ocr_20150623/10/pst.000005711901/605.png"; bbox 0 0 4094 6354; ppageno 0'>
   <div class='ocr_carea' id='block_1_1' title="bbox 664 410 800 506">
    <p class='ocr_par' dir='ltr' id='par_1_1' title="bbox 664 410 800 506">
     <span class='ocr_line' id='line_1_1' title="bbox 664 410 800 506; baseline -0.007 -1"><span class='ocrx_word' id='word_1_1' title='bbox 664 410 800 506; x_wconf 77' lang='lat' dir='ltr'><strong>tios</strong></span> 
     </span>
    </p>
   </div>
   <div class='ocr_carea' id='block_1_2' title="bbox 1289 406 2204 506">
    <p class='ocr_par' dir='ltr' id='par_1_2' title="bbox 1289 446 2204 506">
     <span class='ocr_line' id='line_1_2' title="bbox 1289 446 2204 506; baseline -0.007 -1"><span class='ocrx_word' id='word_1_2' title='bbox 1289 452 1346 505; x_wconf 90' lang='lat' dir='ltr'><strong>S.</strong></span> <span class='ocrx_word' id='word_1_3' title='bbox 1386 449 1709 506; x_wconf 74' lang='lat' dir='ltr'><strong>GREGORII</strong></span> <span class='ocrx_word' id='word_1_4' title='bbox 1746 447 2098 504; x_wconf 77' lang='lat' dir='ltr'><strong>TilAUMAT.</strong></span> <span class='ocrx_word' id='word_1_5' title='bbox 2142 446 2204 501; x_wconf 85' lang='lat' dir='ltr'><strong>Ol</strong></span> 
     </span>
    </p>
   </div>
   <div class='ocr_carea' id='block_1_3' title="bbox 2305 406 3230 506">
    <p class='ocr_par' dir='ltr' id='par_1_3' title="bbox 2333 406 3230 506">
     <span class='ocr_line' id='line_1_3' title="bbox 2333 406 3230 506; baseline 0.006 -7"><span class='ocrx_word' id='word_1_6' title='bbox 2333 445 2513 501; x_wconf 71' lang='lat' dir='ltr'><strong>mas</strong></span> <span class='ocrx_word' id='word_1_7' title='bbox 2561 450 2862 504; x_wconf 61' lang='lat' dir='ltr'><strong>suam.</strong></span> <span class='ocrx_word' id='word_1_8' title='bbox 2895 477 2968 488; x_wconf 87' lang='grc'><strong><em>-</em></strong></span> <span class='ocrx_word' id='word_1_9' title='bbox 3004 406 3230 506; x_wconf 55' lang='lat' dir='ltr'><strong>nonis.</strong></span> 
     </span>
    </p>
   </div>
   <div class='ocr_carea' id='block_1_4' title="bbox 3739 453 3880 508">
    <p class='ocr_par' dir='ltr' id='par_1_4' title="bbox 3739 453 3880 508">
     <span class='ocr_line' id='line_1_4' title="bbox 3739 453 3880 508; baseline 0.014 -2"><span class='ocrx_word' id='word_1_10' title='bbox 3739 453 3880 508; x_wconf 65' lang='lat'><em>“66</em></span> 
     </span>
    </p>
   </div>
   <div class='ocr_carea' id='block_1_5' title="bbox 660 546 2204 641">
    <p class='ocr_par' dir='ltr' id='par_1_5' title="bbox 660 568 2204 639">
     <span class='ocr_line' id='line_1_5' title="bbox 660 568 2204 639; baseline -0.001 -17"><span class='ocrx_word' id='word_1_11' title='bbox 660 569 908 624; x_wconf 72' lang='lat' dir='ltr'><strong>libertate</strong></span> <span class='ocrx_word' id='word_1_12' title='bbox 953 571 1181 636; x_wconf 89' lang='lat' dir='ltr'><strong>donans,</strong></span> <span class='ocrx_word' id='word_1_13' title='bbox 1234 571 1471 639; x_wconf 84' lang='lat' dir='ltr'><strong>captivos</strong></span> <span class='ocrx_word' id='word_1_14' title='bbox 1523 571 1810 633; x_wconf 85' lang='lat' dir='ltr'><strong>redimens,</strong></span> <span class='ocrx_word' id='word_1_15' title='bbox 1856 579 1909 624; x_wconf 92' lang='lat' dir='ltr'><strong>et</strong></span> <span class='ocrx_word' id='word_1_16' title='bbox 1963 568 2204 623; x_wconf 81' lang='lat' dir='ltr'><strong>omnibus</strong></span> 
     </span>
    </p>
   </div>
   <div class='ocr_carea' id='block_1_6' title="bbox 2305 546 3882 641">
    <p class='ocr_par' dir='ltr' id='par_1_6' title="bbox 2318 566 3882 641">
     <span class='ocr_line' id='line_1_6' title="bbox 2318 566 3882 641; baseline 0.003 -22"><span class='ocrx_word' id='word_1_17' title='bbox 2318 566 2493 636; x_wconf 79' lang='grc' dir='ltr'>ἐαυτῷ</span> <span class='ocrx_word' id='word_1_18' title='bbox 2532 567 2731 638; x_wconf 76' lang='grc' dir='ltr'>ἀρετὴν</span> <span class='ocrx_word' id='word_1_19' title='bbox 2765 568 3268 641; x_wconf 83' lang='grc' dir='ltr'>πραγματεύσηται,</span> <span class='ocrx_word' id='word_1_20' title='bbox 3301 569 3413 637; x_wconf 80' lang='grc' dir='ltr'>ἀλλ’</span> <span class='ocrx_word' id='word_1_21' title='bbox 3449 569 3534 622; x_wconf 80' lang='grc' dir='ltr'><strong>ἵνα</strong></span> <span class='ocrx_word' id='word_1_22' title='bbox 3568 570 3700 640; x_wconf 73' lang='grc' dir='ltr'>ἡμῖν</span> <span class='ocrx_word' id='word_1_23' title='bbox 3728 587 3882 639; x_wconf 83' lang='grc' dir='ltr'>περι-</span> 
     </span>
    </p>
   </div>
   <div class='ocr_carea' id='block_1_7' title="bbox 659 653 2211 731">
    <p class='ocr_par' dir='ltr' id='par_1_7' title="bbox 659 653 2211 731">
     <span class='ocr_line' id='line_1_7' title="bbox 659 653 2211 731; baseline 0.001 -18"><span class='ocrx_word' id='word_1_24' title='bbox 659 660 818 713; x_wconf 80' lang='lat' dir='ltr'><strong>nobis</strong></span> <span class='ocrx_word' id='word_1_25' title='bbox 868 653 1049 714; x_wconf 84' lang='lat' dir='ltr'><strong>omnia</strong></span> <span class='ocrx_word' id='word_1_26' title='bbox 1085 660 1278 722; x_wconf 78' lang='lat' dir='ltr'><strong>factus,</strong></span> <span class='ocrx_word' id='word_1_27' title='bbox 1302 660 1372 713; x_wconf 80' lang='lat' dir='ltr'><strong>‘in</strong></span> <span class='ocrx_word' id='word_1_28' title='bbox 1405 660 1542 714; x_wconf 78' lang='lat' dir='ltr'><strong>viam</strong></span> <span class='ocrx_word' id='word_1_29' title='bbox 1574 663 1764 716; x_wconf 87' lang='lat' dir='ltr'><strong>salutis</strong></span> <span class='ocrx_word' id='word_1_30' title='bbox 1801 683 1811 715; x_wconf 96' lang='lat'>:</span> <span class='ocrx_word' id='word_1_31' title='bbox 1857 678 1961 715; x_wconf 93' lang='lat' dir='ltr'><strong>non</strong></span> <span class='ocrx_word' id='word_1_32' title='bbox 1995 675 2211 731; x_wconf 92' lang='lat' dir='ltr'><strong>propter</strong></span> 
     </span>
    </p>
   </div>
   <div class='ocr_carea' id='block_1_8' title="bbox 629 745 2209 824">
    <p class='ocr_par' dir='ltr' id='par_1_8' title="bbox 629 745 2209 824">
     <span class='ocr_line' id='line_1_8' title="bbox 629 745 2209 824; baseline 0.003 -20"><span class='ocrx_word' id='word_1_33' title='bbox 629 745 635 751; x_wconf 71' lang='grc'><em>’</em></span> <span class='ocrx_word' id='word_1_34' title='bbox 661 762 900 807; x_wconf 87' lang='lat' dir='ltr'><strong>nostram</strong></span> <span class='ocrx_word' id='word_1_35' title='bbox 930 754 1095 806; x_wconf 87' lang='lat' dir='ltr'><strong>animi</strong></span> <span class='ocrx_word' id='word_1_36' title='bbox 1126 755 1529 824; x_wconf 87' lang='lat' dir='ltr'><strong>gratitudinem.</strong></span> <span class='ocrx_word' id='word_1_37' title='bbox 1557 757 1650 809; x_wconf 84' lang='lat' dir='ltr'><strong>sed</strong></span> <span class='ocrx_word' id='word_1_38' title='bbox 1678 755 1750 808; x_wconf 92' lang='lat' dir='ltr'><strong>ob</strong></span> <span class='ocrx_word' id='word_1_39' title='bbox 1782 755 2072 808; x_wconf 74' lang='lat' dir='ltr'><strong>bonitatem</strong></span> <span class='ocrx_word' id='word_1_40' title='bbox 2106 757 2209 824; x_wconf 83' lang='lat' dir='ltr'><strong>ipsi</strong></span> 
     </span>
    </p>
   </div>
   <div class='ocr_carea' id='block_1_9' title="bbox 663 842 2208 901">
    <p class='ocr_par' dir='ltr' id='par_1_9' title="bbox 663 842 2208 901">
     <span class='ocr_line' id='line_1_9' title="bbox 663 842 2208 901; baseline 0.004 -6"><span class='ocrx_word' id='word_1_41' title='bbox 663 842 927 898; x_wconf 81' lang='lat' dir='ltr'><strong>Salvatori</strong></span> <span class='ocrx_word' id='word_1_42' title='bbox 973 846 1423 899; x_wconf 74' lang='lat' dir='ltr'><strong>convenientem.</strong></span> <span class='ocrx_word' id='word_1_43' title='bbox 1454 844 1647 900; x_wconf 86' lang='lat' dir='ltr'><strong>Omnia</strong></span> <span class='ocrx_word' id='word_1_44' title='bbox 1695 848 1837 900; x_wconf 91' lang='lat' dir='ltr'><strong>enim</strong></span> <span class='ocrx_word' id='word_1_45' title='bbox 1863 845 1989 901; x_wconf 79' lang='lat' dir='ltr'><strong>fecit</strong></span> <span class='ocrx_word' id='word_1_46' title='bbox 2017 846 2208 901; x_wconf 78' lang='lat' dir='ltr'><strong>Salva-</strong></span> 
     </span>
    </p>
   </div>
   <div class='ocr_carea' id='block_1_10' title="bbox 661 937 2211 1005">
    <p class='ocr_par' dir='ltr' id='par_1_10' title="bbox 661 937 2211 1005">
     <span class='ocr_line' id='line_1_10' title="bbox 661 937 2211 1005; baseline 0.004 -19"><span class='ocrx_word' id='word_1_47' title='bbox 661 945 914 998; x_wconf 85' lang='lat' dir='ltr'><strong>tor,-non</strong></span> <span class='ocrx_word' id='word_1_48' title='bbox 955 945 1015 989; x_wconf 91' lang='lat' dir='ltr'><strong>ut</strong></span> <span class='ocrx_word' id='word_1_49' title='bbox 1046 937 1148 990; x_wconf 88' lang='lat' dir='ltr'><strong>sibi</strong></span> <span class='ocrx_word' id='word_1_50' title='bbox 1190 937 1291 1005; x_wconf 83' lang='lat' dir='ltr'><strong>ipsi</strong></span> <span class='ocrx_word' id='word_1_51' title='bbox 1335 937 1584 992; x_wconf 79' lang='lat' dir='ltr'><strong>virtutem</strong></span> <span class='ocrx_word' id='word_1_52' title='bbox 1617 949 1975 1005; x_wconf 69' lang='lat' dir='ltr'><strong>compararet,</strong></span> <span class='ocrx_word' id='word_1_53' title='bbox 2020 939 2115 993; x_wconf 89' lang='lat' dir='ltr'><strong>sed</strong></span> <span class='ocrx_word' id='word_1_54' title='bbox 2153 949 2211 992; x_wconf 87' lang='lat' dir='ltr'><strong>ut</strong></span> 
     </span>
    </p>
   </div>
   <div class='ocr_carea' id='block_1_11' title="bbox 661 1027 2210 1095">
    <p class='ocr_par' dir='ltr' id='par_1_11' title="bbox 661 1027 2210 1095">
     <span class='ocr_line' id='line_1_11' title="bbox 661 1027 2210 1095; baseline 0.001 -17"><span class='ocrx_word' id='word_1_55' title='bbox 661 1027 816 1081; x_wconf 85' lang='lat' dir='ltr'><strong>nobis</strong></span> <span class='ocrx_word' id='word_1_56' title='bbox 882 1027 1044 1081; x_wconf 87' lang='lat' dir='ltr'><strong>vitam</strong></span> <span class='ocrx_word' id='word_1_57' title='bbox 1097 1027 1409 1081; x_wconf 78' lang='lat' dir='ltr'><strong>conciliaret</strong></span> <span class='ocrx_word' id='word_1_58' title='bbox 1456 1038 1731 1081; x_wconf 63' lang='lat' dir='ltr'><strong>aeternam.</strong></span> <span class='ocrx_word' id='word_1_59' title='bbox 1786 1028 1867 1080; x_wconf 84' lang='lat' dir='ltr'><strong>Ad</strong></span> <span class='ocrx_word' id='word_1_60' title='bbox 1919 1027 2210 1095; x_wconf 84' lang='lat' dir='ltr'><strong>imaginem</strong></span> 
     </span>
    </p>
   </div>
   <div class='ocr_carea' id='block_1_12' title="bbox 659 1116 2206 1187">
    <p class='ocr_par' dir='ltr' id='par_1_12' title="bbox 659 1116 2206 1187">
     <span class='ocr_line' id='line_1_12' title="bbox 659 1116 2206 1187; baseline 0.001 -17"><span class='ocrx_word' id='word_1_61' title='bbox 659 1119 854 1187; x_wconf 85' lang='lat' dir='ltr'><strong>quippe</strong></span> <span class='ocrx_word' id='word_1_62' title='bbox 882 1116 975 1171; x_wconf 86' lang='lat' dir='ltr'><strong>Dei</strong></span> <span class='ocrx_word' id='word_1_63' title='bbox 1015 1119 1289 1173; x_wconf 87' lang='lat' dir='ltr'><strong>hominem</strong></span> <span class='ocrx_word' id='word_1_64' title='bbox 1322 1119 1582 1181; x_wconf 80' lang='lat' dir='ltr'><strong>formans,</strong></span> <span class='ocrx_word' id='word_1_65' title='bbox 1617 1119 1958 1187; x_wconf 79' lang='lat' dir='ltr'><strong>in&#39;paradiso</strong></span> <span class='ocrx_word' id='word_1_66' title='bbox 1988 1119 2206 1172; x_wconf 83' lang='lat' dir='ltr'><strong>delicia-</strong></span> 
     </span>
    </p>
   </div>
   <div class='ocr_carea' id='block_1_13' title="bbox 658 1211 2211 1279">
    <p class='ocr_par' dir='ltr' id='par_1_13' title="bbox 658 1211 2211 1279">
     <span class='ocr_line' id='line_1_13' title="bbox 658 1211 2211 1279; baseline 0.001 -16"><span class='ocrx_word' id='word_1_67' title='bbox 658 1226 778 1264; x_wconf 92' lang='lat' dir='ltr'><strong>rum</strong></span> <span class='ocrx_word' id='word_1_68' title='bbox 802 1211 963 1279; x_wconf 78' lang='lat' dir='ltr'><strong>jussit</strong></span> <span class='ocrx_word' id='word_1_69' title='bbox 990 1227 1112 1266; x_wconf 90' lang='lat' dir='ltr'><strong>eum</strong></span> <span class='ocrx_word' id='word_1_70' title='bbox 1148 1212 1340 1278; x_wconf 77' lang='lat' dir='ltr'><strong>degere</strong></span> <span class='ocrx_word' id='word_1_71' title='bbox 1367 1232 1378 1265; x_wconf 95' lang='lat'>:</span> <span class='ocrx_word' id='word_1_72' title='bbox 1413 1225 1664 1266; x_wconf 66' lang='lat' dir='ltr'><strong>caeterum</strong></span> <span class='ocrx_word' id='word_1_73' title='bbox 1696 1211 1896 1266; x_wconf 88' lang='lat' dir='ltr'><strong>diaboli</strong></span> <span class='ocrx_word' id='word_1_74' title='bbox 1933 1211 2132 1264; x_wconf 85' lang='lat' dir='ltr'><strong>invidia</strong></span> <span class='ocrx_word' id='word_1_75' title='bbox 2164 1211 2211 1264; x_wconf 79' lang='lat' dir='ltr'><strong>is</strong></span> 
     </span>
    </p>
   </div>
   <div class='ocr_carea' id='block_1_14' title="bbox 658 1301 2230 1371">
    <p class='ocr_par' dir='ltr' id='par_1_14' title="bbox 658 1301 2230 1371">
     <span class='ocr_line' id='line_1_14' title="bbox 658 1301 2230 1371; baseline 0.001 -17"><span class='ocrx_word' id='word_1_76' title='bbox 658 1301 941 1370; x_wconf 88' lang='lat' dir='ltr'><strong>deceptus,</strong></span> <span class='ocrx_word' id='word_1_77' title='bbox 984 1312 1036 1357; x_wconf 90' lang='lat' dir='ltr'><strong>et</strong></span> <span class='ocrx_word' id='word_1_78' title='bbox 1083 1304 1248 1357; x_wconf 80' lang='lat' dir='ltr'><strong>divini</strong></span> <span class='ocrx_word' id='word_1_79' title='bbox 1292 1303 1540 1371; x_wconf 73' lang='lat' dir='ltr'><strong>prazcepti</strong></span> <span class='ocrx_word' id='word_1_80' title='bbox 1583 1312 1949 1369; x_wconf 84' lang='lat' dir='ltr'><strong>transgressor</strong></span> <span class='ocrx_word' id='word_1_81' title='bbox 1999 1301 2230 1363; x_wconf 80' lang='lat' dir='ltr'><strong>factus,-</strong></span> 
     </span>
    </p>
   </div>
   <div class='ocr_carea' id='block_1_15' title="bbox 658 1394 2205 1464">
    <p class='ocr_par' dir='ltr' id='par_1_15' title="bbox 658 1394 2205 1464">
     <span class='ocr_line' id='line_1_15' title="bbox 658 1394 2205 1464; baseline 0 -17"><span class='ocrx_word' id='word_1_82' title='bbox 658 1395 820 1449; x_wconf 83' lang='lat' dir='ltr'><strong>morti</strong></span> <span class='ocrx_word' id='word_1_83' title='bbox 861 1411 919 1450; x_wconf 89' lang='lat' dir='ltr'><strong>se</strong></span> <span class='ocrx_word' id='word_1_84' title='bbox 959 1396 1250 1451; x_wconf 83' lang='lat' dir='ltr'><strong>obnoxium</strong></span> <span class='ocrx_word' id='word_1_85' title='bbox 1297 1397 1543 1450; x_wconf 84' lang='lat' dir='ltr'><strong>reddidit.</strong></span> <span class='ocrx_word' id='word_1_86' title='bbox 1573 1395 1913 1464; x_wconf 83' lang='lat' dir='ltr'><strong>Quapropter</strong></span> <span class='ocrx_word' id='word_1_87' title='bbox 1934 1404 1990 1448; x_wconf 90' lang='lat' dir='ltr'><strong>et</strong></span> <span class='ocrx_word' id='word_1_88' title='bbox 2014 1394 2109 1462; x_wconf 91' lang='lat' dir='ltr'><strong>qui</strong></span> <span class='ocrx_word' id='word_1_89' title='bbox 2139 1408 2205 1447; x_wconf 76' lang='lat' dir='ltr'><strong>ex</strong></span> 
     </span>
    </p>
   </div>
   <div class='ocr_carea' id='block_1_16' title="bbox 658 1485 2234 1558">
    <p class='ocr_par' dir='ltr' id='par_1_16' title="bbox 658 1485 2234 1558">
     <span class='ocr_line' id='line_1_16' title="bbox 658 1485 2234 1558; baseline 0.002 -21"><span class='ocrx_word' id='word_1_90' title='bbox 658 1487 774 1558; x_wconf 71' lang='lat' dir='ltr'><strong>ipso</strong></span> <span class='ocrx_word' id='word_1_91' title='bbox 814 1487 972 1556; x_wconf 78' lang='lat' dir='ltr'><strong>geniti</strong></span> <span class='ocrx_word' id='word_1_92' title='bbox 1015 1497 1160 1550; x_wconf 90' lang='lat' dir='ltr'><strong>sunt,</strong></span> <span class='ocrx_word' id='word_1_93' title='bbox 1199 1503 1293 1556; x_wconf 88' lang='lat' dir='ltr'><strong>per</strong></span> <span class='ocrx_word' id='word_1_94' title='bbox 1313 1488 1714 1542; x_wconf 84' lang='lat' dir='ltr'><strong>successionem</strong></span> <span class='ocrx_word' id='word_1_95' title='bbox 1749 1487 2089 1541; x_wconf 79' lang='lat' dir='ltr'><strong>haereditario</strong></span> <span class='ocrx_word' id='word_1_96' title='bbox 2114 1485 2234 1542; x_wconf 75' lang='lat' dir='ltr'><strong>de-.</strong></span> 
     </span>
    </p>
   </div>
   <div class='ocr_carea' id='block_1_17' title="bbox 658 1567 2206 1643">
    <p class='ocr_par' dir='ltr' id='par_1_17' title="bbox 658 1567 2206 1643">
     <span class='ocr_line' id='line_1_17' title="bbox 658 1567 2206 1643; baseline 0.004 -16"><span class='ocrx_word' id='word_1_97' title='bbox 658 1567 768 1630; x_wconf 75' lang='lat' dir='ltr'><strong>bito</strong></span> <span class='ocrx_word' id='word_1_98' title='bbox 796 1577 1061 1643; x_wconf 83' lang='lat' dir='ltr'><strong>obstricti,</strong></span> <span class='ocrx_word' id='word_1_99' title='bbox 1100 1579 1462 1634; x_wconf 85' lang='lat' dir='ltr'><strong>damnationis</strong></span> <span class='ocrx_word' id='word_1_100' title='bbox 1501 1579 1765 1634; x_wconf 87' lang='lat' dir='ltr'><strong>sententia</strong></span> <span class='ocrx_word' id='word_1_101' title='bbox 1791 1578 2005 1632; x_wconf 80' lang='lat' dir='ltr'><strong>multati</strong></span> <span class='ocrx_word' id='word_1_102' title='bbox 2055 1588 2206 1633; x_wconf 88' lang='lat' dir='ltr'><strong>sunt.</strong></span> 
     </span>
    </p>
   </div>
   <div class='ocr_carea' id='block_1_18' title="bbox 655 1663 2203 1736">
    <p class='ocr_par' dir='ltr' id='par_1_18' title="bbox 655 1663 2203 1736">
     <span class='ocr_line' id='line_1_18' title="bbox 655 1663 2203 1736; baseline 0.002 -20"><span class='ocrx_word' id='word_1_103' title='bbox 655 1663 902 1733; x_wconf 75' lang='lat' dir='ltr'><strong>Regnavit</strong></span> <span class='ocrx_word' id='word_1_104' title='bbox 930 1666 1073 1719; x_wconf 89' lang='lat' dir='ltr'><strong>enim</strong></span> <span class='ocrx_word' id='word_1_105' title='bbox 1107 1682 1242 1718; x_wconf 83' lang='lat' dir='ltr'><strong>mors</strong></span> <span class='ocrx_word' id='word_1_106' title='bbox 1289 1667 1351 1718; x_wconf 85' lang='lat' dir='ltr'><strong>ab</strong></span> <span class='ocrx_word' id='word_1_107' title='bbox 1399 1668 1566 1719; x_wconf 78' lang='lat' dir='ltr'><strong>Adam</strong></span> <span class='ocrx_word' id='word_1_108' title='bbox 1595 1683 1755 1736; x_wconf 81' lang='lat' dir='ltr'><strong>usque</strong></span> <span class='ocrx_word' id='word_1_109' title='bbox 1799 1666 1866 1718; x_wconf 84' lang='lat' dir='ltr'><strong>ad</strong></span> <span class='ocrx_word' id='word_1_110' title='bbox 1897 1665 2132 1736; x_wconf 74' lang='lat' dir='ltr'><strong>Hoysem</strong></span> <span class='ocrx_word' id='word_1_111' title='bbox 2162 1667 2203 1696; x_wconf 83' lang='grc'>¹¹</span> 
     </span>
    </p>
   </div>
   <div class='ocr_carea' id='block_1_19' title="bbox 658 1753 2208 1829">
    <p class='ocr_par' dir='ltr' id='par_1_19' title="bbox 658 1753 2208 1829">
     <span class='ocr_line' id='line_1_19' title="bbox 658 1753 2208 1829; baseline 0.003 -21"><span class='ocrx_word' id='word_1_112' title='bbox 658 1753 757 1825; x_wconf 79' lang='grc' dir='ltr'>[αι.</span> <span class='ocrx_word' id='word_1_113' title='bbox 773 1757 1137 1811; x_wconf 81' lang='lat' dir='ltr'><strong>damnationis</strong></span> <span class='ocrx_word' id='word_1_114' title='bbox 1154 1759 1220 1811; x_wconf 89' lang='lat' dir='ltr'><strong>ab</strong></span> <span class='ocrx_word' id='word_1_115' title='bbox 1238 1757 1302 1811; x_wconf 87' lang='lat' dir='ltr'><strong>iis</strong></span> <span class='ocrx_word' id='word_1_116' title='bbox 1325 1759 1464 1811; x_wconf 88' lang='lat' dir='ltr'><strong>ratio</strong></span> <span class='ocrx_word' id='word_1_117' title='bbox 1490 1757 1763 1828; x_wconf 80' lang='lat' dir='ltr'><strong>exigitur].</strong></span> <span class='ocrx_word' id='word_1_118' title='bbox 1781 1758 2208 1829; x_wconf 87' lang='lat' dir='ltr'><strong>Benignissimus</strong></span> 
     </span>
    </p>
   </div>
   <div class='ocr_carea' id='block_1_20' title="bbox 654 1848 2209 1918">
    <p class='ocr_par' dir='ltr' id='par_1_20' title="bbox 654 1848 2209 1918">
     <span class='ocr_line' id='line_1_20' title="bbox 654 1848 2209 1918; baseline 0.003 -18"><span class='ocrx_word' id='word_1_119' title='bbox 654 1855 833 1901; x_wconf 89' lang='lat' dir='ltr'><strong>autem</strong></span> <span class='ocrx_word' id='word_1_120' title='bbox 870 1848 1128 1902; x_wconf 87' lang='lat' dir='ltr'><strong>Dominus</strong></span> <span class='ocrx_word' id='word_1_121' title='bbox 1161 1863 1387 1903; x_wconf 85' lang='lat' dir='ltr'><strong>cernens</strong></span> <span class='ocrx_word' id='word_1_122' title='bbox 1422 1851 1628 1917; x_wconf 85' lang='lat' dir='ltr'><strong>plasma</strong></span> <span class='ocrx_word' id='word_1_123' title='bbox 1661 1851 1934 1918; x_wconf 88' lang='lat' dir='ltr'><strong>proprium</strong></span> <span class='ocrx_word' id='word_1_124' title='bbox 1981 1865 2012 1904; x_wconf 90' lang='lat' dir='ltr'><strong>a</strong></span> <span class='ocrx_word' id='word_1_125' title='bbox 2036 1860 2209 1904; x_wconf 87' lang='lat' dir='ltr'><strong>morte</strong></span> 
     </span>
    </p>
   </div>
   <div class='ocr_carea' id='block_1_21' title="bbox 655 1936 2208 2008">
    <p class='ocr_par' dir='ltr' id='par_1_21' title="bbox 655 1936 2208 2008">
     <span class='ocr_line' id='line_1_21' title="bbox 655 1936 2208 2008; baseline 0.003 -19"><span class='ocrx_word' id='word_1_126' title='bbox 655 1936 901 2003; x_wconf 89' lang='lat' dir='ltr'><strong>detineri,</strong></span> <span class='ocrx_word' id='word_1_127' title='bbox 945 1951 1053 1991; x_wconf 92' lang='lat' dir='ltr'><strong>non</strong></span> <span class='ocrx_word' id='word_1_128' title='bbox 1088 1938 1140 1991; x_wconf 92' lang='lat' dir='ltr'><strong>in</strong></span> <span class='ocrx_word' id='word_1_129' title='bbox 1171 1941 1331 1992; x_wconf 88' lang='lat' dir='ltr'><strong>linem</strong></span> <span class='ocrx_word' id='word_1_130' title='bbox 1373 1954 1547 2008; x_wconf 88' lang='lat' dir='ltr'><strong>usque</strong></span> <span class='ocrx_word' id='word_1_131' title='bbox 1609 1951 1890 1994; x_wconf 86' lang='lat' dir='ltr'><strong>aversatus</strong></span> <span class='ocrx_word' id='word_1_132' title='bbox 1925 1950 2010 1995; x_wconf 89' lang='lat' dir='ltr'><strong>est</strong></span> <span class='ocrx_word' id='word_1_133' title='bbox 2031 1941 2208 1994; x_wconf 85' lang='lat' dir='ltr'><strong>homi-</strong></span> 
     </span>
    </p>
   </div>
   <div class='ocr_carea' id='block_1_22' title="bbox 655 2029 2209 2100">
    <p class='ocr_par' dir='ltr' id='par_1_22' title="bbox 655 2029 2209 2100">
     <span class='ocr_line' id='line_1_22' title="bbox 655 2029 2209 2100; baseline 0.002 -20"><span class='ocrx_word' id='word_1_134' title='bbox 655 2042 798 2090; x_wconf 88' lang='lat' dir='ltr'><strong>nem,</strong></span> <span class='ocrx_word' id='word_1_135' title='bbox 834 2043 992 2098; x_wconf 89' lang='lat' dir='ltr'><strong>quem</strong></span> <span class='ocrx_word' id='word_1_136' title='bbox 1025 2031 1090 2084; x_wconf 91' lang='lat' dir='ltr'><strong>ad</strong></span> <span class='ocrx_word' id='word_1_137' title='bbox 1119 2029 1404 2100; x_wconf 83' lang='lat' dir='ltr'><strong>imaginem</strong></span> <span class='ocrx_word' id='word_1_138' title='bbox 1429 2047 1583 2086; x_wconf 91' lang='lat' dir='ltr'><strong>suam</strong></span> <span class='ocrx_word' id='word_1_139' title='bbox 1613 2030 1840 2097; x_wconf 80' lang='lat' dir='ltr'><strong>iecerat;</strong></span> <span class='ocrx_word' id='word_1_140' title='bbox 1865 2032 1957 2086; x_wconf 89' lang='lat' dir='ltr'><strong>sed</strong></span> <span class='ocrx_word' id='word_1_141' title='bbox 1986 2046 2077 2100; x_wconf 91' lang='lat' dir='ltr'><strong>per</strong></span> <span class='ocrx_word' id='word_1_142' title='bbox 2099 2031 2209 2085; x_wconf 89' lang='lat' dir='ltr'><strong>sin-</strong></span> 
     </span>
    </p>
   </div>
   <div class='ocr_carea' id='block_1_23' title="bbox 659 2119 2210 2191">
    <p class='ocr_par' dir='ltr' id='par_1_23' title="bbox 659 2119 2210 2191">
     <span class='ocr_line' id='line_1_23' title="bbox 659 2119 2210 2191; baseline 0.001 -19"><span class='ocrx_word' id='word_1_143' title='bbox 659 2119 816 2188; x_wconf 88' lang='lat' dir='ltr'><strong>gulas</strong></span> <span class='ocrx_word' id='word_1_144' title='bbox 855 2136 976 2174; x_wconf 91' lang='lat' dir='ltr'><strong>eum</strong></span> <span class='ocrx_word' id='word_1_145' title='bbox 1023 2124 1405 2189; x_wconf 76' lang='lat' dir='ltr'><strong>generationes</strong></span> <span class='ocrx_word' id='word_1_146' title='bbox 1437 2124 1688 2187; x_wconf 88' lang='lat' dir='ltr'><strong>visitans,</strong></span> <span class='ocrx_word' id='word_1_147' title='bbox 1731 2139 1840 2177; x_wconf 92' lang='lat' dir='ltr'><strong>non</strong></span> <span class='ocrx_word' id='word_1_148' title='bbox 1879 2123 2123 2191; x_wconf 87' lang='lat' dir='ltr'><strong>reliquit,</strong></span> <span class='ocrx_word' id='word_1_149' title='bbox 2156 2131 2210 2175; x_wconf 89' lang='lat' dir='ltr'><strong>et</strong></span> 
     </span>
    </p>
   </div>
   <div class='ocr_carea' id='block_1_24' title="bbox 654 2208 2210 2278">
    <p class='ocr_par' dir='ltr' id='par_1_24' title="bbox 654 2208 2210 2278">
     <span class='ocr_line' id='line_1_24' title="bbox 654 2208 2210 2278; baseline 0.001 -19"><span class='ocrx_word' id='word_1_150' title='bbox 654 2218 810 2264; x_wconf 80' lang='lat' dir='ltr'><strong>antea</strong></span> <span class='ocrx_word' id='word_1_151' title='bbox 853 2209 1068 2278; x_wconf 87' lang='lat' dir='ltr'><strong>quidem</strong></span> <span class='ocrx_word' id='word_1_152' title='bbox 1102 2209 1355 2264; x_wconf 82' lang='lat' dir='ltr'><strong>Patribus</strong></span> <span class='ocrx_word' id='word_1_153' title='bbox 1393 2221 1665 2272; x_wconf 87' lang='lat' dir='ltr'><strong>ostensus,</strong></span> <span class='ocrx_word' id='word_1_154' title='bbox 1696 2219 1750 2264; x_wconf 91' lang='lat' dir='ltr'><strong>et</strong></span> <span class='ocrx_word' id='word_1_155' title='bbox 1785 2211 1840 2263; x_wconf 91' lang='lat' dir='ltr'><strong>in</strong></span> <span class='ocrx_word' id='word_1_156' title='bbox 1878 2210 1993 2278; x_wconf 86' lang='lat' dir='ltr'><strong>lege</strong></span> <span class='ocrx_word' id='word_1_157' title='bbox 2019 2208 2210 2278; x_wconf 71' lang='lat' dir='ltr'><strong>praedi-</strong></span> 
     </span>
    </p>
   </div>
   <div class='ocr_carea' id='block_1_25' title="bbox 654 2295 2208 2364">
    <p class='ocr_par' dir='ltr' id='par_1_25' title="bbox 654 2295 2208 2364">
     <span class='ocr_line' id='line_1_25' title="bbox 654 2295 2208 2364; baseline 0.001 -17"><span class='ocrx_word' id='word_1_158' title='bbox 654 2303 828 2358; x_wconf 73' lang='lat' dir='ltr'><strong>catus,</strong></span> <span class='ocrx_word' id='word_1_159' title='bbox 872 2310 933 2349; x_wconf 88' lang='lat' dir='ltr'><strong>ac</strong></span> <span class='ocrx_word' id='word_1_160' title='bbox 981 2296 1036 2349; x_wconf 92' lang='lat' dir='ltr'><strong>in</strong></span> <span class='ocrx_word' id='word_1_161' title='bbox 1069 2296 1347 2364; x_wconf 81' lang='lat' dir='ltr'><strong>prOphetis</strong></span> <span class='ocrx_word' id='word_1_162' title='bbox 1387 2296 1739 2359; x_wconf 83' lang='lat' dir='ltr'><strong>assimilatus,</strong></span> <span class='ocrx_word' id='word_1_163' title='bbox 1782 2295 2072 2350; x_wconf 86' lang='lat' dir='ltr'><strong>salutarem</strong></span> <span class='ocrx_word' id='word_1_164' title='bbox 2098 2296 2208 2350; x_wconf 92' lang='lat' dir='ltr'><strong>dis-</strong></span> 
     </span>
    </p>
   </div>
   <div class='ocr_carea' id='block_1_26' title="bbox 657 2374 2208 2458">
    <p class='ocr_par' dir='ltr' id='par_1_26' title="bbox 657 2374 2208 2458">
     <span class='ocr_line' id='line_1_26' title="bbox 657 2374 2208 2458; baseline 0.003 -19"><span class='ocrx_word' id='word_1_165' title='bbox 657 2387 1019 2454; x_wconf 83' lang='lat' dir='ltr'><strong>pensationem</strong></span> <span class='ocrx_word' id='word_1_166' title='bbox 1045 2403 1196 2442; x_wconf 83' lang='lat' dir='ltr'><strong>suam</strong></span> <span class='ocrx_word' id='word_1_167' title='bbox 1221 2389 1668 2458; x_wconf 69' lang='lat' dir='ltr'><strong>praesigniﬁcavit.</strong></span> <span class='ocrx_word' id='word_1_168' title='bbox 1688 2387 1913 2454; x_wconf 87' lang='lat' dir='ltr'><strong>Quando</strong></span> <span class='ocrx_word' id='word_1_169' title='bbox 1927 2374 2088 2458; x_wconf 90' lang='lat' dir='ltr'><strong>porro</strong></span> <span class='ocrx_word' id='word_1_170' title='bbox 2119 2405 2208 2444; x_wconf 83' lang='lat' dir='ltr'><strong>ve-</strong></span> 
     </span>
    </p>
   </div>
   <div class='ocr_carea' id='block_1_27' title="bbox 639 2465 2208 2550">
    <p class='ocr_par' dir='ltr' id='par_1_27' title="bbox 639 2465 2208 2550">
     <span class='ocr_line' id='line_1_27' title="bbox 639 2465 2208 2550; baseline 0.001 -18"><span class='ocrx_word' id='word_1_171' title='bbox 639 2465 734 2532; x_wconf 85' lang='lat' dir='ltr'><strong>nit</strong></span> <span class='ocrx_word' id='word_1_172' title='bbox 779 2479 1056 2547; x_wconf 86' lang='lat' dir='ltr'><strong>plenitudo</strong></span> <span class='ocrx_word' id='word_1_173' title='bbox 1096 2489 1397 2550; x_wconf 87' lang='lat' dir='ltr'><strong>temporum</strong></span> <span class='ocrx_word' id='word_1_174' title='bbox 1434 2481 1651 2549; x_wconf 83' lang='lat' dir='ltr'><strong>gloriosi</strong></span> <span class='ocrx_word' id='word_1_175' title='bbox 1697 2482 1958 2535; x_wconf 82' lang='lat' dir='ltr'><strong>adventus</strong></span> <span class='ocrx_word' id='word_1_176' title='bbox 1981 2481 2096 2544; x_wconf 90' lang='lat' dir='ltr'><strong>sui,</strong></span> <span class='ocrx_word' id='word_1_177' title='bbox 2123 2495 2208 2534; x_wconf 86' lang='lat' dir='ltr'><strong>ar-</strong></span> 
     </span>
    </p>
   </div>
   <div class='ocr_carea' id='block_1_28' title="bbox 652 2556 2207 2637">
    <p class='ocr_par' dir='ltr' id='par_1_28' title="bbox 652 2556 2207 2637">
     <span class='ocr_line' id='line_1_28' title="bbox 652 2556 2207 2637; baseline 0 -17"><span class='ocrx_word' id='word_1_178' title='bbox 652 2556 966 2636; x_wconf 71' lang='lat' dir='ltr'><strong>changelum</strong></span> <span class='ocrx_word' id='word_1_179' title='bbox 1009 2559 1267 2635; x_wconf 72' lang='lat' dir='ltr'><strong>przeittisit</strong></span> <span class='ocrx_word' id='word_1_180' title='bbox 1314 2567 1617 2623; x_wconf 86' lang='lat' dir='ltr'><strong>Gabrielem</strong></span> <span class='ocrx_word' id='word_1_181' title='bbox 1662 2570 1726 2621; x_wconf 91' lang='lat' dir='ltr'><strong>ad</strong></span> <span class='ocrx_word' id='word_1_182' title='bbox 1777 2567 2001 2622; x_wconf 81' lang='lat' dir='ltr'><strong>Mariam</strong></span> <span class='ocrx_word' id='word_1_183' title='bbox 2034 2567 2207 2637; x_wconf 83' lang='lat' dir='ltr'><strong>Virgi-</strong></span> 
     </span>
    </p>
   </div>
   <div class='ocr_carea' id='block_1_29' title="bbox 654 2659 2207 2730">
    <p class='ocr_par' dir='ltr' id='par_1_29' title="bbox 654 2659 2207 2730">
     <span class='ocr_line' id='line_1_29' title="bbox 654 2659 2207 2730; baseline 0.001 -19"><span class='ocrx_word' id='word_1_184' title='bbox 654 2673 796 2720; x_wconf 82' lang='lat' dir='ltr'><strong>nem.</strong></span> <span class='ocrx_word' id='word_1_185' title='bbox 821 2660 914 2727; x_wconf 87' lang='lat' dir='ltr'><strong>qui</strong></span> <span class='ocrx_word' id='word_1_186' title='bbox 951 2659 1131 2712; x_wconf 75' lang='lat' dir='ltr'><strong>laetum</strong></span> <span class='ocrx_word' id='word_1_187' title='bbox 1168 2661 1268 2730; x_wconf 90' lang='lat' dir='ltr'><strong>ipsi</strong></span> <span class='ocrx_word' id='word_1_188' title='bbox 1290 2661 1540 2713; x_wconf 89' lang='lat' dir='ltr'><strong>nuntium</strong></span> <span class='ocrx_word' id='word_1_189' title='bbox 1564 2659 1796 2714; x_wconf 74' lang='lat' dir='ltr'><strong>deferret</strong></span> <span class='ocrx_word' id='word_1_190' title='bbox 1819 2662 1882 2712; x_wconf 78' lang='lat'><strong>&quot;.</strong></span> <span class='ocrx_word' id='word_1_191' title='bbox 1908 2659 2004 2713; x_wconf 85' lang='lat' dir='ltr'><strong>Hic</strong></span> <span class='ocrx_word' id='word_1_192' title='bbox 2028 2671 2207 2713; x_wconf 90' lang='lat' dir='ltr'><strong>autem</strong></span> 
     </span>
    </p>
   </div>
   <div class='ocr_carea' id='block_1_30' title="bbox 657 2747 2209 2817">
    <p class='ocr_par' dir='ltr' id='par_1_30' title="bbox 657 2747 2209 2817">
     <span class='ocr_line' id='line_1_30' title="bbox 657 2747 2209 2817; baseline 0.001 -19"><span class='ocrx_word' id='word_1_193' title='bbox 657 2747 724 2801; x_wconf 89' lang='lat' dir='ltr'><strong>ab</strong></span> <span class='ocrx_word' id='word_1_194' title='bbox 769 2747 1130 2802; x_wconf 84' lang='lat' dir='ltr'><strong>ineﬂ&#39;abilibus</strong></span> <span class='ocrx_word' id='word_1_195' title='bbox 1164 2748 1412 2817; x_wconf 86' lang='lat' dir='ltr'><strong>supernis</strong></span> <span class='ocrx_word' id='word_1_196' title='bbox 1438 2749 1794 2817; x_wconf 79' lang='lat' dir='ltr'><strong>patestatibus</strong></span> <span class='ocrx_word' id='word_1_197' title='bbox 1832 2748 1897 2800; x_wconf 89' lang='lat' dir='ltr'><strong>ad</strong></span> <span class='ocrx_word' id='word_1_198' title='bbox 1930 2747 2209 2802; x_wconf 75' lang='lat' dir='ltr'><strong>sanctissi~</strong></span> 
     </span>
    </p>
   </div>
   <div class='ocr_carea' id='block_1_31' title="bbox 655 2836 2206 2906">
    <p class='ocr_par' dir='ltr' id='par_1_31' title="bbox 655 2836 2206 2906">
     <span class='ocr_line' id='line_1_31' title="bbox 655 2836 2206 2906; baseline -0.001 -17"><span class='ocrx_word' id='word_1_199' title='bbox 655 2852 800 2891; x_wconf 88' lang='lat' dir='ltr'><strong>mam</strong></span> <span class='ocrx_word' id='word_1_200' title='bbox 835 2836 1106 2906; x_wconf 85' lang='lat' dir='ltr'><strong>Virginem</strong></span> <span class='ocrx_word' id='word_1_201' title='bbox 1132 2838 1440 2898; x_wconf 87' lang='lat' dir='ltr'><strong>deveniens.</strong></span> <span class='ocrx_word' id='word_1_202' title='bbox 1467 2838 1694 2906; x_wconf 91' lang='lat' dir='ltr'><strong>primum</strong></span> <span class='ocrx_word' id='word_1_203' title='bbox 1725 2837 1829 2891; x_wconf 88' lang='lat' dir='ltr'><strong>illis</strong></span> <span class='ocrx_word' id='word_1_204' title='bbox 1846 2837 2022 2891; x_wconf 86' lang='lat' dir='ltr'><strong>verbis</strong></span> <span class='ocrx_word' id='word_1_205' title='bbox 2045 2854 2059 2891; x_wconf 93' lang='lat'>:</span> <span class='ocrx_word' id='word_1_206' title='bbox 2085 2836 2206 2900; x_wconf 72' lang='lat' dir='ltr'><strong>Ave,</strong></span> 
     </span>
    </p>
   </div>
   <div class='ocr_carea' id='block_1_32' title="bbox 653 2928 2208 2996">
    <p class='ocr_par' dir='ltr' id='par_1_32' title="bbox 653 2928 2208 2996">
     <span class='ocr_line' id='line_1_32' title="bbox 653 2928 2208 2996; baseline 0.001 -17"><span class='ocrx_word' id='word_1_207' title='bbox 653 2929 825 2996; x_wconf 80' lang='lat' dir='ltr'><strong>gratia</strong></span> <span class='ocrx_word' id='word_1_208' title='bbox 865 2928 1016 2996; x_wconf 79' lang='lat' dir='ltr'><strong>plena</strong></span> <span class='ocrx_word' id='word_1_209' title='bbox 1038 2967 1053 2992; x_wconf 89' lang='lat'><strong>,</strong></span> <span class='ocrx_word' id='word_1_210' title='bbox 1105 2928 1276 2996; x_wconf 89' lang='lat' dir='ltr'><strong>ipsam</strong></span> <span class='ocrx_word' id='word_1_211' title='bbox 1319 2929 1662 2996; x_wconf 88' lang='lat' dir='ltr'><strong>compellavit</strong></span> <span class='ocrx_word' id='word_1_212' title='bbox 1685 2942 1748 2981; x_wconf 89' lang='lat' dir='ltr'><strong>ac</strong></span> <span class='ocrx_word' id='word_1_213' title='bbox 1771 2928 2024 2982; x_wconf 80' lang='lat' dir='ltr'><strong>salutavit</strong></span> <span class='ocrx_word' id='word_1_214' title='bbox 2060 2945 2072 2980; x_wconf 89' lang='lat'><strong>:</strong></span> <span class='ocrx_word' id='word_1_215' title='bbox 2102 2942 2208 2996; x_wconf 90' lang='lat' dir='ltr'><strong>qua</strong></span> 
     </span>
    </p>
   </div>
   <div class='ocr_carea' id='block_1_33' title="bbox 654 3014 2204 3084">
    <p class='ocr_par' dir='ltr' id='par_1_33' title="bbox 654 3014 2204 3084">
     <span class='ocr_line' id='line_1_33' title="bbox 654 3014 2204 3084; baseline 0 -16"><span class='ocrx_word' id='word_1_216' title='bbox 654 3018 869 3084; x_wconf 82' lang='lat' dir='ltr'><strong>quidem</strong></span> <span class='ocrx_word' id='word_1_217' title='bbox 922 3018 1208 3072; x_wconf 87' lang='lat' dir='ltr'><strong>verborum</strong></span> <span class='ocrx_word' id='word_1_218' title='bbox 1247 3032 1376 3070; x_wconf 77' lang='lat' dir='ltr'><strong>Voce</strong></span> <span class='ocrx_word' id='word_1_219' title='bbox 1417 3017 1480 3070; x_wconf 88' lang='lat' dir='ltr'><strong>ad</strong></span> <span class='ocrx_word' id='word_1_220' title='bbox 1507 3031 1624 3069; x_wconf 89' lang='lat' dir='ltr'><strong>eam</strong></span> <span class='ocrx_word' id='word_1_221' title='bbox 1652 3014 1817 3078; x_wconf 80' lang='lat' dir='ltr'><strong>facta,</strong></span> <span class='ocrx_word' id='word_1_222' title='bbox 1854 3016 1908 3068; x_wconf 92' lang='lat' dir='ltr'><strong>in</strong></span> <span class='ocrx_word' id='word_1_223' title='bbox 1934 3015 2048 3084; x_wconf 88' lang='lat' dir='ltr'><strong>ipsa</strong></span> <span class='ocrx_word' id='word_1_224' title='bbox 2083 3029 2204 3068; x_wconf 80' lang='lat' dir='ltr'><strong>mox</strong></span> 
     </span>
    </p>
   </div>
   <div class='ocr_carea' id='block_1_34' title="bbox 655 3104 2208 3176">
    <p class='ocr_par' dir='ltr' id='par_1_34' title="bbox 655 3104 2208 3176">
     <span class='ocr_line' id='line_1_34' title="bbox 655 3104 2208 3176; baseline -0.001 -17"><span class='ocrx_word' id='word_1_225' title='bbox 655 3107 927 3161; x_wconf 82' lang='lat' dir='ltr'><strong>auditione</strong></span> <span class='ocrx_word' id='word_1_226' title='bbox 959 3105 1194 3176; x_wconf 88' lang='lat' dir='ltr'><strong>Splritus</strong></span> <span class='ocrx_word' id='word_1_227' title='bbox 1216 3117 1436 3160; x_wconf 87' lang='lat' dir='ltr'><strong>sanctus</strong></span> <span class='ocrx_word' id='word_1_228' title='bbox 1463 3106 1515 3159; x_wconf 92' lang='lat' dir='ltr'><strong>in</strong></span> <span class='ocrx_word' id='word_1_229' title='bbox 1535 3106 1940 3160; x_wconf 87' lang='lat' dir='ltr'><strong>immaculatum</strong></span> <span class='ocrx_word' id='word_1_230' title='bbox 1969 3104 2208 3175; x_wconf 84' lang='lat' dir='ltr'><strong>Virginis</strong></span> 
     </span>
    </p>
   </div>
   <div class='ocr_carea' id='block_1_35' title="bbox 657 3197 2204 3266">
    <p class='ocr_par' dir='ltr' id='par_1_35' title="bbox 657 3197 2204 3266">
     <span class='ocr_line' id='line_1_35' title="bbox 657 3197 2204 3266; baseline 0 -16"><span class='ocrx_word' id='word_1_231' title='bbox 657 3199 908 3266; x_wconf 89' lang='lat' dir='ltr'><strong>templum</strong></span> <span class='ocrx_word' id='word_1_232' title='bbox 937 3198 1207 3265; x_wconf 87' lang='lat' dir='ltr'><strong>ingressus</strong></span> <span class='ocrx_word' id='word_1_233' title='bbox 1232 3207 1341 3262; x_wconf 87' lang='lat' dir='ltr'><strong>est;</strong></span> <span class='ocrx_word' id='word_1_234' title='bbox 1377 3208 1424 3251; x_wconf 90' lang='lat' dir='ltr'><strong>et</strong></span> <span class='ocrx_word' id='word_1_235' title='bbox 1449 3198 1780 3252; x_wconf 82' lang='lat' dir='ltr'><strong>sanctiﬁcata</strong></span> <span class='ocrx_word' id='word_1_236' title='bbox 1801 3206 1884 3250; x_wconf 90' lang='lat' dir='ltr'><strong>est</strong></span> <span class='ocrx_word' id='word_1_237' title='bbox 1913 3211 2066 3251; x_wconf 92' lang='lat' dir='ltr'><strong>mens</strong></span> <span class='ocrx_word' id='word_1_238' title='bbox 2086 3197 2204 3264; x_wconf 80' lang='lat' dir='ltr'><strong>ejus</strong></span> 
     </span>
    </p>
   </div>
   <div class='ocr_carea' id='block_1_36' title="bbox 651 3285 2204 3353">
    <p class='ocr_par' dir='ltr' id='par_1_36' title="bbox 651 3285 2204 3353">
     <span class='ocr_line' id='line_1_36' title="bbox 651 3285 2204 3353; baseline -0.002 -14"><span class='ocrx_word' id='word_1_239' title='bbox 651 3286 814 3340; x_wconf 78' lang='lat' dir='ltr'><strong>simul</strong></span> <span class='ocrx_word' id='word_1_240' title='bbox 838 3301 960 3338; x_wconf 90' lang='lat' dir='ltr'><strong>cum</strong></span> <span class='ocrx_word' id='word_1_241' title='bbox 990 3285 1245 3339; x_wconf 87' lang='lat' dir='ltr'><strong>membris</strong></span> <span class='ocrx_word' id='word_1_242' title='bbox 1277 3303 1290 3337; x_wconf 92' lang='lat'><strong>:</strong></span> <span class='ocrx_word' id='word_1_243' title='bbox 1315 3287 1568 3353; x_wconf 90' lang='lat' dir='ltr'><strong>stetitque</strong></span> <span class='ocrx_word' id='word_1_244' title='bbox 1591 3295 1781 3339; x_wconf 87' lang='lat' dir='ltr'><strong>natura</strong></span> <span class='ocrx_word' id='word_1_245' title='bbox 1803 3301 1868 3338; x_wconf 76' lang='lat' dir='ltr'><strong>ex</strong></span> <span class='ocrx_word' id='word_1_246' title='bbox 1886 3285 2204 3348; x_wconf 84' lang='lat' dir='ltr'><strong>adverso,et</strong></span> 
     </span>
    </p>
   </div>
   <div class='ocr_carea' id='block_1_37' title="bbox 652 3372 2207 3442">
    <p class='ocr_par' dir='ltr' id='par_1_37' title="bbox 652 3372 2207 3442">
     <span class='ocr_line' id='line_1_37' title="bbox 652 3372 2207 3442; baseline -0.002 -15"><span class='ocrx_word' id='word_1_247' title='bbox 652 3373 974 3429; x_wconf 74' lang='lat' dir='ltr'><strong>concubitus</strong></span> <span class='ocrx_word' id='word_1_248' title='bbox 1017 3372 1235 3442; x_wconf 87' lang='lat' dir='ltr'><strong>procul,</strong></span> <span class='ocrx_word' id='word_1_249' title='bbox 1264 3387 1386 3425; x_wconf 87' lang='lat' dir='ltr'><strong>cum</strong></span> <span class='ocrx_word' id='word_1_250' title='bbox 1411 3382 1632 3442; x_wconf 89' lang='lat' dir='ltr'><strong>stupore</strong></span> <span class='ocrx_word' id='word_1_251' title='bbox 1661 3381 1967 3441; x_wconf 88' lang='lat' dir='ltr'><strong>spectantes</strong></span> <span class='ocrx_word' id='word_1_252' title='bbox 1996 3380 2207 3425; x_wconf 76' lang='lat' dir='ltr'><strong>natura:</strong></span> 
     </span>
    </p>
   </div>
   <div class='ocr_carea' id='block_1_38' title="bbox 655 3461 2192 3532">
    <p class='ocr_par' dir='ltr' id='par_1_38' title="bbox 655 3461 2192 3532">
     <span class='ocr_line' id='line_1_38' title="bbox 655 3461 2192 3532; baseline -0.001 -19"><span class='ocrx_word' id='word_1_253' title='bbox 655 3461 938 3517; x_wconf 87' lang='lat' dir='ltr'><strong>Dominum</strong></span> <span class='ocrx_word' id='word_1_254' title='bbox 965 3470 1158 3532; x_wconf 67' lang='lat' dir='ltr'><strong>praeter</strong></span> <span class='ocrx_word' id='word_1_255' title='bbox 1185 3473 1458 3523; x_wconf 89' lang='lat' dir='ltr'><strong>naturam,</strong></span> <span class='ocrx_word' id='word_1_256' title='bbox 1493 3469 1654 3529; x_wconf 87' lang='lat' dir='ltr'><strong>atque</strong></span> <span class='ocrx_word' id='word_1_257' title='bbox 1679 3461 1816 3516; x_wconf 88' lang='lat' dir='ltr'><strong>adeo</strong></span> <span class='ocrx_word' id='word_1_258' title='bbox 1838 3475 2002 3529; x_wconf 87' lang='lat' dir='ltr'><strong>supra</strong></span> <span class='ocrx_word' id='word_1_259' title='bbox 2032 3464 2192 3513; x_wconf 85' lang='lat' dir='ltr'><strong>natu-</strong></span> 
     </span>
    </p>
   </div>
   <div class='ocr_carea' id='block_1_39' title="bbox 652 3552 2198 3620">
    <p class='ocr_par' dir='ltr' id='par_1_39' title="bbox 652 3552 2198 3620">
     <span class='ocr_line' id='line_1_39' title="bbox 652 3552 2198 3620; baseline -0.004 -12"><span class='ocrx_word' id='word_1_260' title='bbox 652 3571 793 3620; x_wconf 84' lang='lat' dir='ltr'><strong>ram,</strong></span> <span class='ocrx_word' id='word_1_261' title='bbox 836 3570 949 3608; x_wconf 89' lang='lat' dir='ltr'><strong>rem</strong></span> <span class='ocrx_word' id='word_1_262' title='bbox 979 3552 1352 3611; x_wconf 85' lang='lat' dir='ltr'><strong>admirabilem</strong></span> <span class='ocrx_word' id='word_1_263' title='bbox 1397 3553 1450 3604; x_wconf 91' lang='lat' dir='ltr'><strong>in</strong></span> <span class='ocrx_word' id='word_1_264' title='bbox 1497 3565 1722 3620; x_wconf 89' lang='lat' dir='ltr'><strong>corpore</strong></span> <span class='ocrx_word' id='word_1_265' title='bbox 1768 3558 2198 3620; x_wconf 89' lang='lat' dir='ltr'><strong>perpetrantem;</strong></span> 
     </span>
    </p>
   </div>
   <div class='ocr_carea' id='block_1_40' title="bbox 650 3641 2199 3713">
    <p class='ocr_par' dir='ltr' id='par_1_40' title="bbox 650 3641 2199 3713">
     <span class='ocr_line' id='line_1_40' title="bbox 650 3641 2199 3713; baseline -0.003 -17"><span class='ocrx_word' id='word_1_266' title='bbox 650 3656 705 3698; x_wconf 76' lang='lat' dir='ltr'><strong>et</strong></span> <span class='ocrx_word' id='word_1_267' title='bbox 744 3660 838 3713; x_wconf 88' lang='lat' dir='ltr'><strong>per</strong></span> <span class='ocrx_word' id='word_1_268' title='bbox 869 3660 990 3713; x_wconf 80' lang='lat' dir='ltr'><strong>quae</strong></span> <span class='ocrx_word' id='word_1_269' title='bbox 1031 3644 1280 3698; x_wconf 84' lang='lat' dir='ltr'><strong>diabolus</strong></span> <span class='ocrx_word' id='word_1_270' title='bbox 1327 3659 1479 3696; x_wconf 86' lang='lat' dir='ltr'><strong>arma</strong></span> <span class='ocrx_word' id='word_1_271' title='bbox 1524 3641 1909 3704; x_wconf 70' lang='lat' dir='ltr'><strong>decet-laverat,</strong></span> <span class='ocrx_word' id='word_1_272' title='bbox 1939 3655 2036 3710; x_wconf 90' lang='lat' dir='ltr'><strong>per</strong></span> <span class='ocrx_word' id='word_1_273' title='bbox 2068 3655 2199 3704; x_wconf 17' lang='lat' dir='ltr'><strong>con,—</strong></span> 
     </span>
    </p>
   </div>
   <div class='ocr_carea' id='block_1_41' title="bbox 655 3717 2203 3802">
    <p class='ocr_par' dir='ltr' id='par_1_41' title="bbox 655 3717 2203 3802">
     <span class='ocr_line' id='line_1_41' title="bbox 655 3717 2203 3802; baseline -0.001 -16"><span class='ocrx_word' id='word_1_274' title='bbox 655 3735 820 3787; x_wconf 88' lang='lat' dir='ltr'><strong>traria</strong></span> <span class='ocrx_word' id='word_1_275' title='bbox 876 3749 973 3787; x_wconf 88' lang='lat' dir='ltr'><strong>nos</strong></span> <span class='ocrx_word' id='word_1_276' title='bbox 1019 3717 1269 3788; x_wconf 73' lang='lat' dir='ltr'><strong>Christus</strong></span> <span class='ocrx_word' id='word_1_277' title='bbox 1309 3734 1578 3798; x_wconf 62' lang='lat' dir='ltr'><strong>liberavit,</strong></span> <span class='ocrx_word' id='word_1_278' title='bbox 1630 3743 1913 3802; x_wconf 85' lang='lat' dir='ltr'><strong>assumpto</strong></span> <span class='ocrx_word' id='word_1_279' title='bbox 1976 3747 2203 3800; x_wconf 89' lang='lat' dir='ltr'><strong>corpore</strong></span> 
     </span>
    </p>
   </div>
   <div class='ocr_carea' id='block_1_42' title="bbox 2317 656 3881 731">
    <p class='ocr_par' dir='ltr' id='par_1_42' title="bbox 2317 656 3881 731">
     <span class='ocr_line' id='line_1_42' title="bbox 2317 656 3881 731; baseline 0.004 -22"><span class='ocrx_word' id='word_1_280' title='bbox 2317 660 2604 728; x_wconf 78' lang='grc' dir='ltr'>ποιήσηται</span> <span class='ocrx_word' id='word_1_281' title='bbox 2645 656 2789 730; x_wconf 77' lang='grc' dir='ltr'>ζωὴν</span> <span class='ocrx_word' id='word_1_282' title='bbox 2828 659 2928 730; x_wconf 82' lang='grc' dir='ltr'>τὴν</span> <span class='ocrx_word' id='word_1_283' title='bbox 2965 659 3197 714; x_wconf 76' lang='grc' dir='ltr'>αἰώνιον.</span> <span class='ocrx_word' id='word_1_284' title='bbox 3255 661 3341 712; x_wconf 88' lang='grc' dir='ltr'><strong>Ἐν</strong></span> <span class='ocrx_word' id='word_1_285' title='bbox 3386 661 3553 715; x_wconf 78' lang='grc' dir='ltr'>εἰκόνι</span> <span class='ocrx_word' id='word_1_286' title='bbox 3595 660 3706 731; x_wconf 81' lang='grc' dir='ltr'>γὰρ</span> <span class='ocrx_word' id='word_1_287' title='bbox 3745 659 3881 715; x_wconf 80' lang='grc' dir='ltr'>Θεοῦ</span> 
     </span>
    </p>
   </div>
   <div class='ocr_carea' id='block_1_43' title="bbox 2310 749 3881 824">
    <p class='ocr_par' dir='ltr' id='par_1_43' title="bbox 2310 749 3881 824">
     <span class='ocr_line' id='line_1_43' title="bbox 2310 749 3881 824; baseline 0.002 -23"><span class='ocrx_word' id='word_1_288' title='bbox 2310 749 2609 812; x_wconf 82' lang='grc' dir='ltr'><strong>διαπλάσας</strong></span> <span class='ocrx_word' id='word_1_289' title='bbox 2629 750 2719 804; x_wconf 84' lang='grc' dir='ltr'>τὸν</span> <span class='ocrx_word' id='word_1_290' title='bbox 2747 749 3050 821; x_wconf 77' lang='grc' dir='ltr'>ἄνθρωπον,</span> <span class='ocrx_word' id='word_1_291' title='bbox 3074 753 3131 805; x_wconf 86' lang='grc' dir='ltr'>ὲν</span> <span class='ocrx_word' id='word_1_292' title='bbox 3157 751 3464 822; x_wconf 74' lang='grc' dir='ltr'><strong>παραδείσῳ</strong></span> <span class='ocrx_word' id='word_1_293' title='bbox 3486 752 3697 823; x_wconf 71' lang='grc' dir='ltr'>τρυφῆς</span> <span class='ocrx_word' id='word_1_294' title='bbox 3718 768 3881 824; x_wconf 81' lang='grc' dir='ltr'>προα-</span> 
     </span>
    </p>
   </div>
   <div class='ocr_carea' id='block_1_44' title="bbox 2310 836 3878 916">
    <p class='ocr_par' dir='ltr' id='par_1_44' title="bbox 2310 836 3878 916">
     <span class='ocr_line' id='line_1_44' title="bbox 2310 836 3878 916; baseline 0.003 -22"><span class='ocrx_word' id='word_1_295' title='bbox 2310 843 2496 908; x_wconf 77' lang='grc' dir='ltr'>έταξεν</span> <span class='ocrx_word' id='word_1_296' title='bbox 2527 842 2733 911; x_wconf 83' lang='grc' dir='ltr'><strong>διάγειν</strong></span> <span class='ocrx_word' id='word_1_297' title='bbox 2752 858 2764 871; x_wconf 93' lang='grc'><strong>·</strong></span> <span class='ocrx_word' id='word_1_298' title='bbox 2812 837 2965 906; x_wconf 77' lang='grc' dir='ltr'>οὗτος</span> <span class='ocrx_word' id='word_1_299' title='bbox 2994 843 3049 896; x_wconf 85' lang='grc' dir='ltr'>δὲ</span> <span class='ocrx_word' id='word_1_300' title='bbox 3076 836 3263 913; x_wconf 82' lang='grc' dir='ltr'>’φθόνῴ</span> <span class='ocrx_word' id='word_1_301' title='bbox 3287 843 3878 916; x_wconf 69' lang='grc' dir='ltr'>διαϐόλουιάπατηθεὶς,</span> 
     </span>
    </p>
   </div>
   <div class='ocr_carea' id='block_1_45' title="bbox 2311 934 3881 1006">
    <p class='ocr_par' dir='ltr' id='par_1_45' title="bbox 2311 934 3881 1006">
     <span class='ocr_line' id='line_1_45' title="bbox 2311 934 3881 1006; baseline 0.003 -19"><span class='ocrx_word' id='word_1_302' title='bbox 2311 937 2403 987; x_wconf 74' lang='grc' dir='ltr'><strong>καὶ</strong></span> <span class='ocrx_word' id='word_1_303' title='bbox 2445 936 2544 1006; x_wconf 84' lang='grc' dir='ltr'>τῆς</span> <span class='ocrx_word' id='word_1_304' title='bbox 2587 934 2734 999; x_wconf 85' lang='grc' dir='ltr'>θείας</span> <span class='ocrx_word' id='word_1_305' title='bbox 2776 936 2996 1006; x_wconf 79' lang='grc' dir='ltr'><strong>ἐντολῆς</strong></span> <span class='ocrx_word' id='word_1_306' title='bbox 3038 953 3113 988; x_wconf 90' lang='grc' dir='ltr'><strong>πα</strong></span> <span class='ocrx_word' id='word_1_307' title='bbox 3126 935 3360 1006; x_wconf 80' lang='grc' dir='ltr'>ραόάτης</span> <span class='ocrx_word' id='word_1_308' title='bbox 3397 937 3704 1006; x_wconf 88' lang='grc' dir='ltr'>γενόμενος,</span> <span class='ocrx_word' id='word_1_309' title='bbox 3748 937 3881 990; x_wconf 69' lang='grc' dir='ltr'>ὑπέν-</span> 
     </span>
    </p>
   </div>
   <div class='ocr_carea' id='block_1_46' title="bbox 2309 1024 3880 1096">
    <p class='ocr_par' dir='ltr' id='par_1_46' title="bbox 2309 1024 3880 1096">
     <span class='ocr_line' id='line_1_46' title="bbox 2309 1024 3880 1096; baseline 0.002 -20"><span class='ocrx_word' id='word_1_310' title='bbox 2309 1024 2454 1087; x_wconf 88' lang='grc' dir='ltr'>δικος</span> <span class='ocrx_word' id='word_1_311' title='bbox 2486 1025 2673 1092; x_wconf 86' lang='grc' dir='ltr'>γέγονε</span> <span class='ocrx_word' id='word_1_312' title='bbox 2721 1024 2972 1096; x_wconf 81' lang='grc' dir='ltr'>θανάτου.</span> <span class='ocrx_word' id='word_1_313' title='bbox 3016 1025 3174 1078; x_wconf 83' lang='grc' dir='ltr'>Ὅθεν</span> <span class='ocrx_word' id='word_1_314' title='bbox 3205 1026 3296 1078; x_wconf 73' lang='grc' dir='ltr'>καὶ</span> <span class='ocrx_word' id='word_1_315' title='bbox 3323 1027 3372 1076; x_wconf 87' lang='grc' dir='ltr'>οἱ</span> <span class='ocrx_word' id='word_1_316' title='bbox 3401 1026 3459 1090; x_wconf 75' lang='grc' dir='ltr'>ἐξ</span> <span class='ocrx_word' id='word_1_317' title='bbox 3499 1024 3664 1078; x_wconf 80' lang='grc' dir='ltr'>αὑτοῦ</span> <span class='ocrx_word' id='word_1_318' title='bbox 3701 1025 3880 1094; x_wconf 78' lang='grc' dir='ltr'>τικτό-</span> 
     </span>
    </p>
   </div>
   <div class='ocr_carea' id='block_1_47' title="bbox 2312 1102 3930 1184">
    <p class='ocr_par' dir='ltr' id='par_1_47' title="bbox 2312 1102 3930 1184">
     <span class='ocr_line' id='line_1_47' title="bbox 2312 1102 3930 1184; baseline 0.001 -20"><span class='ocrx_word' id='word_1_319' title='bbox 2312 1130 2484 1183; x_wconf 88' lang='grc' dir='ltr'>μενοι,</span> <span class='ocrx_word' id='word_1_320' title='bbox 2535 1112 2674 1166; x_wconf 86' lang='grc' dir='ltr'><strong>κατά</strong></span> <span class='ocrx_word' id='word_1_321' title='bbox 2707 1113 2953 1184; x_wconf 82' lang='grc' dir='ltr'>διαδοχὴν</span> <span class='ocrx_word' id='word_1_322' title='bbox 2996 1111 3074 1182; x_wconf 83' lang='grc' dir='ltr'>τῷ</span> <span class='ocrx_word' id='word_1_323' title='bbox 3103 1102 3351 1182; x_wconf 79' lang='grc' dir='ltr'>πατρικῷ</span> <span class='ocrx_word' id='word_1_324' title='bbox 3377 1111 3526 1183; x_wconf 82' lang='grc' dir='ltr'>χρέει</span> <span class='ocrx_word' id='word_1_325' title='bbox 3571 1113 3880 1177; x_wconf 70' lang='grc' dir='ltr'><strong>ὑπέκειντο,</strong></span> <span class='ocrx_word' id='word_1_326' title='bbox 3927 1141 3930 1144; x_wconf 93' lang='grc'><strong><em>-</em></strong></span> 
     </span>
    </p>
   </div>
   <div class='ocr_carea' id='block_1_48' title="bbox 2307 1201 3879 1274">
    <p class='ocr_par' dir='ltr' id='par_1_48' title="bbox 2307 1201 3879 1274">
     <span class='ocr_line' id='line_1_48' title="bbox 2307 1201 3879 1274; baseline 0.003 -20"><span class='ocrx_word' id='word_1_327' title='bbox 2307 1203 2407 1272; x_wconf 82' lang='grc' dir='ltr'>τῆς</span> <span class='ocrx_word' id='word_1_328' title='bbox 2446 1203 2736 1273; x_wconf 80' lang='grc' dir='ltr'>καταδίκης</span> <span class='ocrx_word' id='word_1_329' title='bbox 2765 1205 2826 1256; x_wconf 83' lang='grc' dir='ltr'>τὸ</span> <span class='ocrx_word' id='word_1_330' title='bbox 2856 1203 3158 1271; x_wconf 83' lang='grc' dir='ltr'>λογοθέσιον</span> <span class='ocrx_word' id='word_1_331' title='bbox 3189 1202 3521 1273; x_wconf 77' lang='grc' dir='ltr'>άπῃτημένοι</span> <span class='ocrx_word' id='word_1_332' title='bbox 3711 1205 3879 1257; x_wconf 76' lang='grc' dir='ltr'>ἀπαι-</span> 
     </span>
    </p>
   </div>
   <div class='ocr_carea' id='block_1_49' title="bbox 2307 1293 3879 1373">
    <p class='ocr_par' dir='ltr' id='par_1_49' title="bbox 2307 1293 3879 1373">
     <span class='ocr_line' id='line_1_49' title="bbox 2307 1293 3879 1373; baseline 0.002 -29"><span class='ocrx_word' id='word_1_333' title='bbox 2307 1293 2597 1365; x_wconf 73' lang='grc' dir='ltr'>τούμενοιι.</span> <span class='ocrx_word' id='word_1_334' title='bbox 2645 1295 3028 1373; x_wconf 63' lang='grc' dir='ltr'>ξΕόασίλευσε</span> <span class='ocrx_word' id='word_1_335' title='bbox 3057 1294 3164 1365; x_wconf 83' lang='grc' dir='ltr'><strong>γάρ</strong></span> <span class='ocrx_word' id='word_1_336' title='bbox 3192 1298 3224 1348; x_wconf 85' lang='grc' dir='ltr'><strong>ό</strong></span> <span class='ocrx_word' id='word_1_337' title='bbox 3263 1293 3513 1360; x_wconf 80' lang='grc' dir='ltr'>θάνατος</span> <span class='ocrx_word' id='word_1_338' title='bbox 3543 1295 3664 1348; x_wconf 80' lang='grc' dir='ltr'>ἀπὸ</span> <span class='ocrx_word' id='word_1_339' title='bbox 3703 1295 3879 1364; x_wconf 76' lang='grc' dir='ltr'>Ἀδὰμ</span> 
     </span>
    </p>
   </div>
   <div class='ocr_carea' id='block_1_50' title="bbox 2305 1385 3879 1461">
    <p class='ocr_par' dir='ltr' id='par_1_50' title="bbox 2305 1385 3879 1461">
     <span class='ocr_line' id='line_1_50' title="bbox 2305 1385 3879 1461; baseline 0.001 -23"><span class='ocrx_word' id='word_1_340' title='bbox 2305 1385 2480 1454; x_wconf 81' lang='grc' dir='ltr'>μέχρι</span> <span class='ocrx_word' id='word_1_341' title='bbox 2520 1386 2833 1453; x_wconf 74' lang='grc' dir='ltr'>Μωῢσέως.</span> <span class='ocrx_word' id='word_1_342' title='bbox 2881 1391 2938 1442; x_wconf 89' lang='lat'><strong>&#39;0</strong></span> <span class='ocrx_word' id='word_1_343' title='bbox 2978 1389 3035 1441; x_wconf 84' lang='grc' dir='ltr'>δὲ</span> <span class='ocrx_word' id='word_1_344' title='bbox 3079 1389 3451 1460; x_wconf 82' lang='grc' dir='ltr'>φιλάνθρωπος</span> <span class='ocrx_word' id='word_1_345' title='bbox 3495 1390 3714 1461; x_wconf 79' lang='grc' dir='ltr'><strong>Κύριος⁹</strong></span> <span class='ocrx_word' id='word_1_346' title='bbox 3752 1387 3879 1443; x_wconf 73' lang='grc' dir='ltr'>ἰδὼν</span> 
     </span>
    </p>
   </div>
   <div class='ocr_carea' id='block_1_51' title="bbox 2309 1478 3875 1552">
    <p class='ocr_par' dir='ltr' id='par_1_51' title="bbox 2309 1478 3875 1552">
     <span class='ocr_line' id='line_1_51' title="bbox 2309 1478 3875 1552; baseline 0.002 -22"><span class='ocrx_word' id='word_1_347' title='bbox 2309 1479 2368 1530; x_wconf 82' lang='grc' dir='ltr'><strong>τὸ</strong></span> <span class='ocrx_word' id='word_1_348' title='bbox 2401 1478 2622 1549; x_wconf 79' lang='grc' dir='ltr'><strong>πλάσμα</strong></span> <span class='ocrx_word' id='word_1_349' title='bbox 2657 1480 2719 1532; x_wconf 82' lang='grc' dir='ltr'>τὸ</span> <span class='ocrx_word' id='word_1_350' title='bbox 2761 1479 2889 1532; x_wconf 88' lang='grc' dir='ltr'>ίδιον</span> <span class='ocrx_word' id='word_1_351' title='bbox 2927 1481 3030 1552; x_wconf 74' lang='grc' dir='ltr'><strong>ὑπὸ</strong></span> <span class='ocrx_word' id='word_1_352' title='bbox 3068 1480 3161 1534; x_wconf 82' lang='grc' dir='ltr'>τοῦ</span> <span class='ocrx_word' id='word_1_353' title='bbox 3200 1479 3436 1533; x_wconf 80' lang='grc' dir='ltr'><strong>’Θανάτου</strong></span> <span class='ocrx_word' id='word_1_354' title='bbox 3480 1480 3875 1550; x_wconf 88' lang='grc' dir='ltr'>κρατούμενον,</span> 
     </span>
    </p>
   </div>
   <div class='ocr_carea' id='block_1_52' title="bbox 2308 1570 3872 1642">
    <p class='ocr_par' dir='ltr' id='par_1_52' title="bbox 2308 1570 3872 1642">
     <span class='ocr_line' id='line_1_52' title="bbox 2308 1570 3872 1642; baseline 0.002 -22"><span class='ocrx_word' id='word_1_355' title='bbox 2308 1570 2522 1631; x_wconf 79' lang='grc' dir='ltr'>ούκέίς</span> <span class='ocrx_word' id='word_1_356' title='bbox 2566 1571 2716 1633; x_wconf 88' lang='grc' dir='ltr'>τέλος</span> <span class='ocrx_word' id='word_1_357' title='bbox 2751 1571 3103 1642; x_wconf 71' lang='grc' dir='ltr'>ἀπεστράφη,</span> <span class='ocrx_word' id='word_1_358' title='bbox 3125 1572 3183 1625; x_wconf 82' lang='grc' dir='ltr'><strong>ὃν</strong></span> <span class='ocrx_word' id='word_1_359' title='bbox 3215 1573 3334 1625; x_wconf 89' lang='grc' dir='ltr'>κατ’</span> <span class='ocrx_word' id='word_1_360' title='bbox 3367 1570 3550 1624; x_wconf 88' lang='grc' dir='ltr'>είκόνα</span> <span class='ocrx_word' id='word_1_361' title='bbox 3581 1572 3872 1642; x_wconf 77' lang='grc' dir='ltr'>ἐποίησεν·</span> 
     </span>
    </p>
   </div>
   <div class='ocr_carea' id='block_1_53' title="bbox 2310 1659 3877 1731">
    <p class='ocr_par' dir='ltr' id='par_1_53' title="bbox 2310 1659 3877 1731">
     <span class='ocr_line' id='line_1_53' title="bbox 2310 1659 3877 1731; baseline 0.001 -19"><span class='ocrx_word' id='word_1_362' title='bbox 2310 1659 2442 1713; x_wconf 90' lang='grc' dir='ltr'><strong>ἀλλά</strong></span> <span class='ocrx_word' id='word_1_363' title='bbox 2472 1660 2593 1713; x_wconf 86' lang='grc' dir='ltr'>καθ’</span> <span class='ocrx_word' id='word_1_364' title='bbox 2615 1662 2851 1731; x_wconf 77' lang='grc' dir='ltr'>ἑκάστην</span> <span class='ocrx_word' id='word_1_365' title='bbox 2879 1662 3068 1729; x_wconf 85' lang='grc' dir='ltr'>γενεὰν</span> <span class='ocrx_word' id='word_1_366' title='bbox 3090 1661 3567 1731; x_wconf 76' lang='grc' dir='ltr'>ἐπισκεπτόμενος,</span> <span class='ocrx_word' id='word_1_367' title='bbox 3597 1661 3657 1713; x_wconf 83' lang='grc' dir='ltr'><strong>ού</strong></span> <span class='ocrx_word' id='word_1_368' title='bbox 3686 1660 3877 1714; x_wconf 86' lang='grc' dir='ltr'>διέλει-</span> 
     </span>
    </p>
   </div>
   <div class='ocr_carea' id='block_1_54' title="bbox 2311 1754 3876 1832">
    <p class='ocr_par' dir='ltr' id='par_1_54' title="bbox 2311 1754 3876 1832">
     <span class='ocr_line' id='line_1_54' title="bbox 2311 1754 3876 1832; baseline 0.002 -25"><span class='ocrx_word' id='word_1_369' title='bbox 2311 1770 2442 1809; x_wconf 84' lang='grc' dir='ltr'>πεν·</span> <span class='ocrx_word' id='word_1_370' title='bbox 2473 1757 2565 1809; x_wconf 75' lang='grc' dir='ltr'><strong>καὶ</strong></span> <span class='ocrx_word' id='word_1_371' title='bbox 2596 1755 2785 1827; x_wconf 86' lang='grc' dir='ltr'><strong>πρώην</strong></span> <span class='ocrx_word' id='word_1_372' title='bbox 2817 1756 2913 1825; x_wconf 85' lang='grc' dir='ltr'>μὲν</span> <span class='ocrx_word' id='word_1_373' title='bbox 2946 1759 3002 1810; x_wconf 82' lang='grc' dir='ltr'><strong>ὲν</strong></span> <span class='ocrx_word' id='word_1_374' title='bbox 3039 1760 3151 1820; x_wconf 87' lang='grc' dir='ltr'>τοῖς</span> <span class='ocrx_word' id='word_1_375' title='bbox 3184 1756 3459 1827; x_wconf 85' lang='grc' dir='ltr'>Πατράσιν</span> <span class='ocrx_word' id='word_1_376' title='bbox 3490 1754 3876 1832; x_wconf 68' lang='grc' dir='ltr'><strong>ὀπτανόμενος,</strong></span> 
     </span>
    </p>
   </div>
   <div class='ocr_carea' id='block_1_55' title="bbox 2311 1845 3878 1917">
    <p class='ocr_par' dir='ltr' id='par_1_55' title="bbox 2311 1845 3878 1917">
     <span class='ocr_line' id='line_1_55' title="bbox 2311 1845 3878 1917; baseline 0.002 -21"><span class='ocrx_word' id='word_1_377' title='bbox 2311 1845 2401 1896; x_wconf 80' lang='grc' dir='ltr'><strong>καὶ</strong></span> <span class='ocrx_word' id='word_1_378' title='bbox 2438 1848 2494 1897; x_wconf 81' lang='grc' dir='ltr'>ὲν</span> <span class='ocrx_word' id='word_1_379' title='bbox 2523 1845 2669 1916; x_wconf 85' lang='grc' dir='ltr'>νόμῳ</span> <span class='ocrx_word' id='word_1_380' title='bbox 2705 1846 3124 1916; x_wconf 81' lang='grc' dir='ltr'><strong>κηρυττόμενος,</strong></span> <span class='ocrx_word' id='word_1_381' title='bbox 3165 1848 3258 1900; x_wconf 75' lang='grc' dir='ltr'>καὶ</span> <span class='ocrx_word' id='word_1_382' title='bbox 3290 1849 3346 1899; x_wconf 80' lang='grc' dir='ltr'><strong>ὲν</strong></span> <span class='ocrx_word' id='word_1_383' title='bbox 3386 1847 3690 1917; x_wconf 80' lang='grc' dir='ltr'><strong>προφήταις</strong></span> <span class='ocrx_word' id='word_1_384' title='bbox 3727 1849 3878 1917; x_wconf 77' lang='grc' dir='ltr'>ὁμοι-</span> 
     </span>
    </p>
   </div>
   <div class='ocr_carea' id='block_1_56' title="bbox 2241 1905 3877 2009">
    <p class='ocr_par' dir='ltr' id='par_1_56' title="bbox 2241 1905 3877 2009">
     <span class='ocr_line' id='line_1_56' title="bbox 2241 1905 3877 2009; baseline 0.001 -21"><span class='ocrx_word' id='word_1_385' title='bbox 2241 1905 2285 1959; x_wconf 73' lang='lat' dir='ltr'><strong>B</strong></span> <span class='ocrx_word' id='word_1_386' title='bbox 2310 1937 2554 2006; x_wconf 85' lang='grc' dir='ltr'>ούμενος,</span> <span class='ocrx_word' id='word_1_387' title='bbox 2585 1905 2691 2008; x_wconf 46' lang='grc' dir='ltr'>’την</span> <span class='ocrx_word' id='word_1_388' title='bbox 2729 1905 2990 2008; x_wconf 67' lang='grc' dir='ltr'>σωτήριον</span> <span class='ocrx_word' id='word_1_389' title='bbox 3025 1905 3332 2008; x_wconf 73' lang='grc' dir='ltr'>οἰκονομίαν</span> <span class='ocrx_word' id='word_1_390' title='bbox 3360 1905 3717 2009; x_wconf 54' lang='grc' dir='ltr'>προεμήνυεν.</span> <span class='ocrx_word' id='word_1_391' title='bbox 3749 1905 3877 1990; x_wconf 48' lang='grc' dir='ltr'>’τοτε</span> 
     </span>
    </p>
   </div>
   <div class='ocr_carea' id='block_1_57' title="bbox 2309 2024 3870 2099">
    <p class='ocr_par' dir='ltr' id='par_1_57' title="bbox 2309 2024 3870 2099">
     <span class='ocr_line' id='line_1_57' title="bbox 2309 2024 3870 2099; baseline -0.001 -18"><span class='ocrx_word' id='word_1_392' title='bbox 2309 2027 2365 2081; x_wconf 81' lang='grc' dir='ltr'>δὲ</span> <span class='ocrx_word' id='word_1_393' title='bbox 2391 2024 2552 2097; x_wconf 80' lang='grc' dir='ltr'>ἦλθεν</span> <span class='ocrx_word' id='word_1_394' title='bbox 2584 2027 2645 2080; x_wconf 89' lang='grc' dir='ltr'>τὸ</span> <span class='ocrx_word' id='word_1_395' title='bbox 2690 2025 2957 2097; x_wconf 82' lang='grc' dir='ltr'>πλήρωμα</span> <span class='ocrx_word' id='word_1_396' title='bbox 2986 2027 3094 2079; x_wconf 82' lang='grc' dir='ltr'>τῶν</span> <span class='ocrx_word' id='word_1_397' title='bbox 3126 2027 3328 2099; x_wconf 85' lang='grc' dir='ltr'>καιρῶν</span> <span class='ocrx_word' id='word_1_398' title='bbox 3360 2029 3458 2098; x_wconf 82' lang='grc' dir='ltr'>τῆς</span> <span class='ocrx_word' id='word_1_399' title='bbox 3491 2027 3702 2093; x_wconf 75' lang='grc' dir='ltr'><strong>ἐνδόξου</strong></span> <span class='ocrx_word' id='word_1_400' title='bbox 3735 2044 3870 2097; x_wconf 67' lang='grc' dir='ltr'><strong>παρ</strong></span> 
     </span>
    </p>
   </div>
   <div class='ocr_carea' id='block_1_58' title="bbox 2308 2117 3878 2190">
    <p class='ocr_par' dir='ltr' id='par_1_58' title="bbox 2308 2117 3878 2190">
     <span class='ocr_line' id='line_1_58' title="bbox 2308 2117 3878 2190; baseline -0.001 -21"><span class='ocrx_word' id='word_1_401' title='bbox 2308 2117 2491 2180; x_wconf 88' lang='grc' dir='ltr'>ουσίας</span> <span class='ocrx_word' id='word_1_402' title='bbox 2535 2118 2718 2182; x_wconf 73' lang='grc' dir='ltr'>αὐτοῦ,</span> <span class='ocrx_word' id='word_1_403' title='bbox 2764 2118 2856 2170; x_wconf 84' lang='grc' dir='ltr'>τὸν</span> <span class='ocrx_word' id='word_1_404' title='bbox 2898 2117 3232 2188; x_wconf 88' lang='grc' dir='ltr'>ἀρχάγγελον</span> <span class='ocrx_word' id='word_1_405' title='bbox 3286 2117 3524 2190; x_wconf 78' lang='grc' dir='ltr'>Γαϐριὴλ</span> <span class='ocrx_word' id='word_1_406' title='bbox 3581 2117 3718 2189; x_wconf 72' lang='grc' dir='ltr'>πρὸς</span> <span class='ocrx_word' id='word_1_407' title='bbox 3775 2118 3878 2187; x_wconf 78' lang='grc' dir='ltr'>τὴν</span> 
     </span>
    </p>
   </div>
   <div class='ocr_carea' id='block_1_59' title="bbox 2308 2206 3874 2280">
    <p class='ocr_par' dir='ltr' id='par_1_59' title="bbox 2308 2206 3874 2280">
     <span class='ocr_line' id='line_1_59' title="bbox 2308 2206 3874 2280; baseline -0.001 -20"><span class='ocrx_word' id='word_1_408' title='bbox 2308 2207 2576 2280; x_wconf 81' lang='grc' dir='ltr'>Παρθένον</span> <span class='ocrx_word' id='word_1_409' title='bbox 2624 2209 2856 2280; x_wconf 83' lang='grc' dir='ltr'>Μαριάμ</span> <span class='ocrx_word' id='word_1_410' title='bbox 2881 2206 3356 2278; x_wconf 77' lang='grc' dir='ltr'>εὐαγγελιζόμενον</span> <span class='ocrx_word' id='word_1_411' title='bbox 3409 2207 3874 2280; x_wconf 76' lang='grc' dir='ltr'>προαπέσταλκεν.</span> 
     </span>
    </p>
   </div>
   <div class='ocr_carea' id='block_1_60' title="bbox 2320 2298 3877 2369">
    <p class='ocr_par' dir='ltr' id='par_1_60' title="bbox 2320 2298 3877 2369">
     <span class='ocr_line' id='line_1_60' title="bbox 2320 2298 3877 2369; baseline -0.001 -18"><span class='ocrx_word' id='word_1_412' title='bbox 2320 2300 2374 2351; x_wconf 82' lang='grc' dir='ltr'>ὐ</span> <span class='ocrx_word' id='word_1_413' title='bbox 2403 2299 2480 2364; x_wconf 83' lang='grc' dir='ltr'>δὲ,</span> <span class='ocrx_word' id='word_1_414' title='bbox 2517 2300 2622 2353; x_wconf 80' lang='grc' dir='ltr'>ἀπὸ</span> <span class='ocrx_word' id='word_1_415' title='bbox 2665 2298 2771 2352; x_wconf 87' lang='grc' dir='ltr'><strong>τῶν</strong></span> <span class='ocrx_word' id='word_1_416' title='bbox 2802 2299 3094 2369; x_wconf 81' lang='grc' dir='ltr'>ἀφράστων</span> <span class='ocrx_word' id='word_1_417' title='bbox 3123 2300 3235 2358; x_wconf 80' lang='grc' dir='ltr'>ἄνω</span> <span class='ocrx_word' id='word_1_418' title='bbox 3279 2299 3564 2368; x_wconf 83' lang='grc' dir='ltr'>δυνάμεων</span> <span class='ocrx_word' id='word_1_419' title='bbox 3603 2298 3740 2369; x_wconf 77' lang='grc' dir='ltr'>πρὸς</span> <span class='ocrx_word' id='word_1_420' title='bbox 3778 2298 3877 2368; x_wconf 71' lang='grc' dir='ltr'><strong>τὴν</strong></span> 
     </span>
    </p>
   </div>
   <div class='ocr_carea' id='block_1_61' title="bbox 2304 2389 3874 2462">
    <p class='ocr_par' dir='ltr' id='par_1_61' title="bbox 2304 2389 3874 2462">
     <span class='ocr_line' id='line_1_61' title="bbox 2304 2389 3874 2462; baseline 0 -20"><span class='ocrx_word' id='word_1_421' title='bbox 2304 2390 2465 2458; x_wconf 84' lang='grc' dir='ltr'>ἁγίαν</span> <span class='ocrx_word' id='word_1_422' title='bbox 2501 2390 2770 2462; x_wconf 79' lang='grc' dir='ltr'>Παρθένον</span> <span class='ocrx_word' id='word_1_423' title='bbox 2810 2390 3267 2460; x_wconf 86' lang='grc' dir='ltr'>παραγενόμενος,</span> <span class='ocrx_word' id='word_1_424' title='bbox 3304 2390 3534 2461; x_wconf 86' lang='grc' dir='ltr'>πρῶτον,</span> <span class='ocrx_word' id='word_1_425' title='bbox 3561 2389 3642 2453; x_wconf 80' lang='grc' dir='ltr'>τὸ,</span> <span class='ocrx_word' id='word_1_426' title='bbox 3675 2389 3874 2457; x_wconf 76' lang='grc' dir='ltr'>Χαῖρε,</span> 
     </span>
    </p>
   </div>
   <div class='ocr_carea' id='block_1_62' title="bbox 2266 2479 3879 2551">
    <p class='ocr_par' dir='ltr' id='par_1_62' title="bbox 2266 2479 3879 2551">
     <span class='ocr_line' id='line_1_62' title="bbox 2266 2479 3879 2551; baseline 0 -18"><span class='ocrx_word' id='word_1_427' title='bbox 2266 2484 2268 2487; x_wconf 83' lang='grc'><em>’</em></span> <span class='ocrx_word' id='word_1_428' title='bbox 2306 2479 2773 2549; x_wconf 58' lang='grc' dir='ltr'>κεχαριτωμένη,</span> <span class='ocrx_word' id='word_1_429' title='bbox 2818 2481 2953 2550; x_wconf 83' lang='grc' dir='ltr'>αὐτῇ</span> <span class='ocrx_word' id='word_1_430' title='bbox 3002 2480 3451 2551; x_wconf 67' lang='grc' dir='ltr'>προσεφώνησεν·</span> <span class='ocrx_word' id='word_1_431' title='bbox 3503 2481 3602 2551; x_wconf 78' lang='grc' dir='ltr'>τῆς</span> <span class='ocrx_word' id='word_1_432' title='bbox 3657 2481 3714 2534; x_wconf 80' lang='grc' dir='ltr'>δὲ</span> <span class='ocrx_word' id='word_1_433' title='bbox 3765 2498 3879 2548; x_wconf 67' lang='lat' dir='ltr'><strong>(pw-</strong></span> 
     </span>
    </p>
   </div>
   <div class='ocr_carea' id='block_1_63' title="bbox 2307 2569 3878 2648">
    <p class='ocr_par' dir='ltr' id='par_1_63' title="bbox 2307 2569 3878 2648">
     <span class='ocr_line' id='line_1_63' title="bbox 2307 2569 3878 2648; baseline -0.001 -25"><span class='ocrx_word' id='word_1_434' title='bbox 2307 2571 2426 2639; x_wconf 77' lang='grc' dir='ltr'>νῆς,</span> <span class='ocrx_word' id='word_1_435' title='bbox 2446 2569 2539 2622; x_wconf 73' lang='grc' dir='ltr'>τοῦ</span> <span class='ocrx_word' id='word_1_436' title='bbox 2567 2569 2762 2636; x_wconf 84' lang='grc' dir='ltr'>Χαῖρε,</span> <span class='ocrx_word' id='word_1_437' title='bbox 2784 2570 3258 2648; x_wconf 37' lang='grc' dir='ltr'>νκεχαριτωμένη,</span> <span class='ocrx_word' id='word_1_438' title='bbox 3288 2571 3422 2642; x_wconf 84' lang='grc' dir='ltr'>πρὸς</span> <span class='ocrx_word' id='word_1_439' title='bbox 3456 2570 3878 2640; x_wconf 58' lang='grc' dir='ltr'>αὑτὴίγενομό-</span> 
     </span>
    </p>
   </div>
   <div class='ocr_carea' id='block_1_64' title="bbox 2307 2660 3878 2733">
    <p class='ocr_par' dir='ltr' id='par_1_64' title="bbox 2307 2660 3878 2733">
     <span class='ocr_line' id='line_1_64' title="bbox 2307 2660 3878 2733; baseline 0.001 -19"><span class='ocrx_word' id='word_1_440' title='bbox 2307 2678 2403 2731; x_wconf 87' lang='grc' dir='ltr'><strong>νης</strong></span> <span class='ocrx_word' id='word_1_441' title='bbox 2443 2660 2531 2714; x_wconf 79' lang='grc' dir='ltr'><strong>διὰ</strong></span> <span class='ocrx_word' id='word_1_442' title='bbox 2557 2661 2656 2730; x_wconf 81' lang='grc' dir='ltr'>τῆς</span> <span class='ocrx_word' id='word_1_443' title='bbox 2671 2661 2840 2732; x_wconf 82' lang='grc' dir='ltr'>ἀκοῆς</span> <span class='ocrx_word' id='word_1_444' title='bbox 2855 2663 3100 2731; x_wconf 77' lang='grc' dir='ltr'>εἰσῆλθεν</span> <span class='ocrx_word' id='word_1_445' title='bbox 3119 2663 3178 2714; x_wconf 86' lang='grc' dir='ltr'>τὸ</span> <span class='ocrx_word' id='word_1_446' title='bbox 3206 2662 3426 2733; x_wconf 84' lang='grc' dir='ltr'>Πνεῦμα</span> <span class='ocrx_word' id='word_1_447' title='bbox 3440 2663 3500 2716; x_wconf 84' lang='grc' dir='ltr'>τὸ</span> <span class='ocrx_word' id='word_1_448' title='bbox 3515 2663 3664 2732; x_wconf 76' lang='grc' dir='ltr'>ᾶγιον</span> <span class='ocrx_word' id='word_1_449' title='bbox 3684 2665 3766 2728; x_wconf 84' lang='grc' dir='ltr'><strong>είς</strong></span> <span class='ocrx_word' id='word_1_450' title='bbox 3785 2662 3878 2716; x_wconf 80' lang='grc' dir='ltr'>τὸν</span> 
     </span>
    </p>
   </div>
   <div class='ocr_carea' id='block_1_65' title="bbox 2308 2750 3877 2824">
    <p class='ocr_par' dir='ltr' id='par_1_65' title="bbox 2308 2750 3877 2824">
     <span class='ocr_line' id='line_1_65' title="bbox 2308 2750 3877 2824; baseline 0.004 -21"><span class='ocrx_word' id='word_1_451' title='bbox 2308 2750 2565 2820; x_wconf 87' lang='grc' dir='ltr'>ἀμίαντον</span> <span class='ocrx_word' id='word_1_452' title='bbox 2594 2752 2718 2805; x_wconf 85' lang='grc' dir='ltr'>ναὸν</span> <span class='ocrx_word' id='word_1_453' title='bbox 2740 2752 2835 2822; x_wconf 85' lang='grc' dir='ltr'>τῆς</span> <span class='ocrx_word' id='word_1_454' title='bbox 2859 2752 3156 2824; x_wconf 82' lang='grc' dir='ltr'>Παρθένου·</span> <span class='ocrx_word' id='word_1_455' title='bbox 3169 2753 3272 2822; x_wconf 59' lang='grc' dir='ltr'>,καὶ</span> <span class='ocrx_word' id='word_1_456' title='bbox 3289 2753 3519 2822; x_wconf 78' lang='grc' dir='ltr'>ἡγιάσθη</span> <span class='ocrx_word' id='word_1_457' title='bbox 3536 2755 3569 2824; x_wconf 77' lang='grc' dir='ltr'><strong>ἡ</strong></span> <span class='ocrx_word' id='word_1_458' title='bbox 3585 2752 3762 2808; x_wconf 74' lang='grc' dir='ltr'>ἔννοια</span> <span class='ocrx_word' id='word_1_459' title='bbox 3780 2755 3877 2809; x_wconf 80' lang='grc' dir='ltr'>σὺν</span> 
     </span>
    </p>
   </div>
   <div class='ocr_carea' id='block_1_66' title="bbox 2307 2839 3878 2911">
    <p class='ocr_par' dir='ltr' id='par_1_66' title="bbox 2307 2839 3878 2911">
     <span class='ocr_line' id='line_1_66' title="bbox 2307 2839 3878 2911; baseline -0.001 -19"><span class='ocrx_word' id='word_1_460' title='bbox 2307 2843 2416 2903; x_wconf 81' lang='grc' dir='ltr'>τοῖς</span> <span class='ocrx_word' id='word_1_461' title='bbox 2438 2839 2625 2910; x_wconf 83' lang='grc' dir='ltr'>μέλεσι</span> <span class='ocrx_word' id='word_1_462' title='bbox 2643 2858 2655 2870; x_wconf 96' lang='grc'><strong>·</strong></span> <span class='ocrx_word' id='word_1_463' title='bbox 2690 2840 2783 2893; x_wconf 77' lang='grc' dir='ltr'><strong>καὶ</strong></span> <span class='ocrx_word' id='word_1_464' title='bbox 2812 2841 2938 2911; x_wconf 74' lang='grc' dir='ltr'>ἔστη</span> <span class='ocrx_word' id='word_1_465' title='bbox 2967 2844 3000 2911; x_wconf 81' lang='grc' dir='ltr'><strong>ἡ</strong></span> <span class='ocrx_word' id='word_1_466' title='bbox 3024 2841 3183 2909; x_wconf 82' lang='grc' dir='ltr'>φύσις</span> <span class='ocrx_word' id='word_1_467' title='bbox 3204 2841 3477 2911; x_wconf 75' lang='grc' dir='ltr'>ἄντικρυς,</span> <span class='ocrx_word' id='word_1_468' title='bbox 3509 2843 3604 2894; x_wconf 82' lang='grc' dir='ltr'>καὶ</span> <span class='ocrx_word' id='word_1_469' title='bbox 3623 2844 3658 2910; x_wconf 89' lang='grc' dir='ltr'>ή</span> <span class='ocrx_word' id='word_1_470' title='bbox 3698 2858 3878 2892; x_wconf 87' lang='grc' dir='ltr'>συνου-</span> 
     </span>
    </p>
   </div>
   <div class='ocr_carea' id='block_1_67' title="bbox 2312 2929 3878 3002">
    <p class='ocr_par' dir='ltr' id='par_1_67' title="bbox 2312 2929 3878 3002">
     <span class='ocr_line' id='line_1_67' title="bbox 2312 2929 3878 3002; baseline 0 -19"><span class='ocrx_word' id='word_1_471' title='bbox 2312 2929 2400 2983; x_wconf 90' lang='grc' dir='ltr'><strong>σία</strong></span> <span class='ocrx_word' id='word_1_472' title='bbox 2422 2929 2722 3002; x_wconf 66' lang='grc' dir='ltr'>πόρρωθεν,</span> <span class='ocrx_word' id='word_1_473' title='bbox 2750 2931 2886 3001; x_wconf 84' lang='grc' dir='ltr'>μετά</span> <span class='ocrx_word' id='word_1_474' title='bbox 2904 2930 3142 3000; x_wconf 78' lang='grc' dir='ltr'>θάμϐους</span> <span class='ocrx_word' id='word_1_475' title='bbox 3164 2931 3461 3001; x_wconf 83' lang='grc' dir='ltr'>θεωροῦσαι</span> <span class='ocrx_word' id='word_1_476' title='bbox 3489 2932 3580 2983; x_wconf 81' lang='grc' dir='ltr'>τὸν</span> <span class='ocrx_word' id='word_1_477' title='bbox 3599 2931 3878 3000; x_wconf 78' lang='grc' dir='ltr'>Δεσπότην</span> 
     </span>
    </p>
   </div>
   <div class='ocr_carea' id='block_1_68' title="bbox 2306 3017 3876 3090">
    <p class='ocr_par' dir='ltr' id='par_1_68' title="bbox 2306 3017 3876 3090">
     <span class='ocr_line' id='line_1_68' title="bbox 2306 3017 3876 3090; baseline -0.001 -19"><span class='ocrx_word' id='word_1_478' title='bbox 2306 3019 2406 3089; x_wconf 82' lang='grc' dir='ltr'>τῆς</span> <span class='ocrx_word' id='word_1_479' title='bbox 2456 3019 2666 3088; x_wconf 82' lang='grc' dir='ltr'>φύσεως</span> <span class='ocrx_word' id='word_1_480' title='bbox 2717 3019 2868 3090; x_wconf 79' lang='grc' dir='ltr'>παρὰ</span> <span class='ocrx_word' id='word_1_481' title='bbox 2915 3017 3094 3086; x_wconf 80' lang='grc' dir='ltr'>φύσιν,</span> <span class='ocrx_word' id='word_1_482' title='bbox 3153 3017 3350 3088; x_wconf 79' lang='grc' dir='ltr'>μᾶλλον</span> <span class='ocrx_word' id='word_1_483' title='bbox 3401 3018 3458 3070; x_wconf 85' lang='grc' dir='ltr'>δὲ</span> <span class='ocrx_word' id='word_1_484' title='bbox 3519 3018 3661 3087; x_wconf 77' lang='grc' dir='ltr'>ὑπὲρ</span> <span class='ocrx_word' id='word_1_485' title='bbox 3713 3017 3876 3086; x_wconf 76' lang='grc' dir='ltr'>φύσιν</span> 
     </span>
    </p>
   </div>
   <div class='ocr_carea' id='block_1_69' title="bbox 2308 3097 3943 3179">
    <p class='ocr_par' dir='ltr' id='par_1_69' title="bbox 2308 3097 3943 3179">
     <span class='ocr_line' id='line_1_69' title="bbox 2308 3097 3943 3179; baseline 0.001 -20"><span class='ocrx_word' id='word_1_486' title='bbox 2308 3110 2536 3179; x_wconf 80' lang='grc' dir='ltr'>πρᾶγμα</span> <span class='ocrx_word' id='word_1_487' title='bbox 2565 3097 3079 3176; x_wconf 84' lang='grc' dir='ltr'>θαυματουργοῦντα</span> <span class='ocrx_word' id='word_1_488' title='bbox 3111 3107 3168 3158; x_wconf 79' lang='grc' dir='ltr'>ἐν</span> <span class='ocrx_word' id='word_1_489' title='bbox 3199 3105 3276 3176; x_wconf 84' lang='grc' dir='ltr'>τῷ</span> <span class='ocrx_word' id='word_1_490' title='bbox 3309 3106 3550 3176; x_wconf 86' lang='grc' dir='ltr'>σώματι·</span> <span class='ocrx_word' id='word_1_491' title='bbox 3589 3108 3682 3160; x_wconf 77' lang='grc' dir='ltr'><strong>καὶ</strong></span> <span class='ocrx_word' id='word_1_492' title='bbox 3708 3107 3778 3160; x_wconf 78' lang='grc' dir='ltr'><strong>δι’</strong></span> <span class='ocrx_word' id='word_1_493' title='bbox 3797 3100 3876 3161; x_wconf 75' lang='grc' dir='ltr'>ὧν</span> <span class='ocrx_word' id='word_1_494' title='bbox 3941 3134 3943 3136; x_wconf 90' lang='grc'><strong>·</strong></span> 
     </span>
    </p>
   </div>
   <div class='ocr_carea' id='block_1_70' title="bbox 2308 3195 3876 3264">
    <p class='ocr_par' dir='ltr' id='par_1_70' title="bbox 2308 3195 3876 3264">
     <span class='ocr_line' id='line_1_70' title="bbox 2308 3195 3876 3264; baseline -0.001 -12"><span class='ocrx_word' id='word_1_495' title='bbox 2308 3198 2484 3252; x_wconf 85' lang='grc' dir='ltr'>ὅπλων</span> <span class='ocrx_word' id='word_1_496' title='bbox 2531 3200 2559 3250; x_wconf 98' lang='lat'><strong>6</strong></span> <span class='ocrx_word' id='word_1_497' title='bbox 2611 3195 2852 3259; x_wconf 74' lang='grc' dir='ltr'>διάϐολος</span> <span class='ocrx_word' id='word_1_498' title='bbox 2901 3195 3227 3264; x_wconf 76' lang='grc' dir='ltr'>ἠγωνίζετο,</span> <span class='ocrx_word' id='word_1_499' title='bbox 3297 3196 3386 3250; x_wconf 85' lang='grc' dir='ltr'>διὰ</span> <span class='ocrx_word' id='word_1_500' title='bbox 3453 3195 3563 3249; x_wconf 83' lang='grc' dir='ltr'><strong>τῶν</strong></span> <span class='ocrx_word' id='word_1_501' title='bbox 3615 3197 3876 3250; x_wconf 74' lang='grc' dir='ltr'>ἐναντίων</span> 
     </span>
    </p>
   </div>
   <div class='ocr_carea' id='block_1_71' title="bbox 2305 3286 3874 3359">
    <p class='ocr_par' dir='ltr' id='par_1_71' title="bbox 2305 3286 3874 3359">
     <span class='ocr_line' id='line_1_71' title="bbox 2305 3286 3874 3359; baseline -0.001 -17"><span class='ocrx_word' id='word_1_502' title='bbox 2305 3293 2333 3342; x_wconf 94' lang='lat'><strong>6</strong></span> <span class='ocrx_word' id='word_1_503' title='bbox 2360 3288 2592 3359; x_wconf 85' lang='grc' dir='ltr'>Χριστὸς</span> <span class='ocrx_word' id='word_1_504' title='bbox 2643 3289 2790 3356; x_wconf 70' lang='grc' dir='ltr'>ἡμᾶς</span> <span class='ocrx_word' id='word_1_505' title='bbox 2834 3286 3060 3359; x_wconf 73' lang='grc' dir='ltr'>ἔσωσεν,</span> <span class='ocrx_word' id='word_1_506' title='bbox 3109 3286 3390 3341; x_wconf 79' lang='grc' dir='ltr'>ἀναλαϐὼν</span> <span class='ocrx_word' id='word_1_507' title='bbox 3435 3289 3496 3341; x_wconf 82' lang='grc' dir='ltr'>τὸ</span> <span class='ocrx_word' id='word_1_508' title='bbox 3545 3288 3874 3359; x_wconf 74' lang='grc' dir='ltr'>ὁμοιοπαθὲς</span> 
     </span>
    </p>
   </div>
   <div class='ocr_carea' id='block_1_72' title="bbox 2304 3361 3875 3450">
    <p class='ocr_par' dir='ltr' id='par_1_72' title="bbox 2304 3361 3875 3450">
     <span class='ocr_line' id='line_1_72' title="bbox 2304 3361 3875 3450; baseline 0 -20"><span class='ocrx_word' id='word_1_509' title='bbox 2304 3382 2434 3450; x_wconf 76' lang='grc' dir='ltr'>ἡμῖν</span> <span class='ocrx_word' id='word_1_510' title='bbox 2465 3361 2765 3448; x_wconf 56' lang='grc' dir='ltr'>σῶμα,’ἴνα</span> <span class='ocrx_word' id='word_1_511' title='bbox 2790 3376 2867 3447; x_wconf 86' lang='grc' dir='ltr'>τῷ</span> <span class='ocrx_word' id='word_1_512' title='bbox 2897 3377 3132 3430; x_wconf 83' lang='grc' dir='ltr'>λείποντι</span> <span class='ocrx_word' id='word_1_513' title='bbox 3168 3378 3384 3447; x_wconf 78' lang='grc' dir='ltr'>μείζονα</span> <span class='ocrx_word' id='word_1_514' title='bbox 3424 3379 3581 3450; x_wconf 84' lang='grc' dir='ltr'>χάριν</span> <span class='ocrx_word' id='word_1_515' title='bbox 3776 3395 3875 3447; x_wconf 79' lang='grc' dir='ltr'><strong>χα-</strong></span> 
     </span>
    </p>
   </div>
   <div class='ocr_carea' id='block_1_73' title="bbox 2307 3457 3870 3541">
    <p class='ocr_par' dir='ltr' id='par_1_73' title="bbox 2307 3457 3870 3541">
     <span class='ocr_line' id='line_1_73' title="bbox 2307 3457 3870 3541; baseline 0.001 -24"><span class='ocrx_word' id='word_1_516' title='bbox 2307 3465 2784 3541; x_wconf 69' lang='grc' dir='ltr'>ράν]·δωρησηται.</span> <span class='ocrx_word' id='word_1_517' title='bbox 2835 3466 2943 3519; x_wconf 74' lang='lat' dir='ltr'><strong>Kal.</strong></span> <span class='ocrx_word' id='word_1_518' title='bbox 2987 3457 3120 3518; x_wconf 74' lang='grc' dir='ltr'>ὅπου</span> <span class='ocrx_word' id='word_1_519' title='bbox 3168 3467 3486 3519; x_wconf 80' lang='grc' dir='ltr'>ἐπλεόνασεν</span> <span class='ocrx_word' id='word_1_520' title='bbox 3519 3469 3552 3536; x_wconf 81' lang='grc' dir='ltr'>ἡ</span> <span class='ocrx_word' id='word_1_521' title='bbox 3586 3464 3870 3536; x_wconf 85' lang='grc' dir='ltr'>ἁμαρτία,</span> 
     </span>
    </p>
   </div>
   <div class='ocr_carea' id='block_1_74' title="bbox 2306 3555 3869 3632">
    <p class='ocr_par' dir='ltr' id='par_1_74' title="bbox 2306 3555 3869 3632">
     <span class='ocr_line' id='line_1_74' title="bbox 2306 3555 3869 3632; baseline -0.003 -21"><span class='ocrx_word' id='word_1_522' title='bbox 2306 3557 2829 3628; x_wconf 82' lang='grc' dir='ltr'>ὑπερεπερίσσευσεν·</span> <span class='ocrx_word' id='word_1_523' title='bbox 2844 3559 2876 3626; x_wconf 80' lang='grc' dir='ltr'><strong>ἡ</strong></span> <span class='ocrx_word' id='word_1_524' title='bbox 2890 3559 3063 3628; x_wconf 82' lang='grc' dir='ltr'>χάρις.</span> <span class='ocrx_word' id='word_1_525' title='bbox 3088 3558 3410 3628; x_wconf 87' lang='grc' dir='ltr'>Πρεπόντως</span> <span class='ocrx_word' id='word_1_526' title='bbox 3429 3557 3484 3609; x_wconf 80' lang='grc' dir='ltr'>δὲ</span> <span class='ocrx_word' id='word_1_527' title='bbox 3503 3558 3714 3632; x_wconf 28' lang='grc' dir='ltr'>ή1χάρις</span> <span class='ocrx_word' id='word_1_528' title='bbox 3728 3555 3869 3626; x_wconf 80' lang='grc' dir='ltr'>πρὸς</span> 
     </span>
    </p>
   </div>
   <div class='ocr_carea' id='block_1_75' title="bbox 2303 3645 3871 3722">
    <p class='ocr_par' dir='ltr' id='par_1_75' title="bbox 2303 3645 3871 3722">
     <span class='ocr_line' id='line_1_75' title="bbox 2303 3645 3871 3722; baseline -0.004 -19"><span class='ocrx_word' id='word_1_529' title='bbox 2303 3651 2397 3722; x_wconf 76' lang='grc' dir='ltr'>τὴν</span> <span class='ocrx_word' id='word_1_530' title='bbox 2456 3651 2610 3717; x_wconf 86' lang='grc' dir='ltr'>ἁγίαν</span> <span class='ocrx_word' id='word_1_531' title='bbox 2645 3648 2916 3719; x_wconf 76' lang='grc' dir='ltr'>Παρθένον</span> <span class='ocrx_word' id='word_1_532' title='bbox 2963 3649 3313 3701; x_wconf 83' lang='grc' dir='ltr'>ἀπέσταλται.</span> <span class='ocrx_word' id='word_1_533' title='bbox 3372 3648 3558 3711; x_wconf 78' lang='grc' dir='ltr'>Οὕτως</span> <span class='ocrx_word' id='word_1_534' title='bbox 3603 3649 3711 3718; x_wconf 85' lang='grc' dir='ltr'>γὰρ</span> <span class='ocrx_word' id='word_1_535' title='bbox 3775 3645 3871 3700; x_wconf 83' lang='grc' dir='ltr'><strong>καὶ</strong></span> 
     </span>
    </p>
   </div>
   <div class='ocr_carea' id='block_1_76' title="bbox 2305 3731 3870 3810">
    <p class='ocr_par' dir='ltr' id='par_1_76' title="bbox 2305 3731 3870 3810">
     <span class='ocr_line' id='line_1_76' title="bbox 2305 3731 3870 3810; baseline -0.003 -17"><span class='ocrx_word' id='word_1_536' title='bbox 2305 3741 2541 3810; x_wconf 85' lang='grc' dir='ltr'>περιέχει</span> <span class='ocrx_word' id='word_1_537' title='bbox 2582 3739 2680 3810; x_wconf 76' lang='grc' dir='ltr'>τῆς</span> <span class='ocrx_word' id='word_1_538' title='bbox 2725 3737 3080 3805; x_wconf 61' lang='grc' dir='ltr'>εὐαγγελικῖκ</span> <span class='ocrx_word' id='word_1_539' title='bbox 3129 3737 3368 3807; x_wconf 76' lang='grc' dir='ltr'>ἱστορίας</span> <span class='ocrx_word' id='word_1_540' title='bbox 3415 3737 3476 3788; x_wconf 83' lang='grc' dir='ltr'>τὸ</span> <span class='ocrx_word' id='word_1_541' title='bbox 3526 3731 3722 3804; x_wconf 77' lang='grc' dir='ltr'>λόγιόν·</span> <span class='ocrx_word' id='word_1_542' title='bbox 3785 3734 3870 3799; x_wconf 84' lang='grc' dir='ltr'>Τῷ</span> 
     </span>
    </p>
   </div>
   <div class='ocr_carea' id='block_1_77' title="bbox 654 3815 2204 3898">
    <p class='ocr_par' dir='ltr' id='par_1_77' title="bbox 654 3815 2201 3892">
     <span class='ocr_line' id='line_1_77' title="bbox 654 3815 2201 3892; baseline -0.002 -16"><span class='ocrx_word' id='word_1_543' title='bbox 654 3815 798 3892; x_wconf 83' lang='lat' dir='ltr'><strong>quod</strong></span> <span class='ocrx_word' id='word_1_544' title='bbox 828 3821 934 3891; x_wconf 88' lang='lat' dir='ltr'><strong>pati</strong></span> <span class='ocrx_word' id='word_1_545' title='bbox 961 3835 1158 3890; x_wconf 87' lang='lat' dir='ltr'><strong>posset,</strong></span> <span class='ocrx_word' id='word_1_546' title='bbox 1194 3835 1249 3878; x_wconf 88' lang='lat' dir='ltr'><strong>ut</strong></span> <span class='ocrx_word' id='word_1_547' title='bbox 1273 3835 1552 3888; x_wconf 87' lang='lat' dir='ltr'><strong>nostrum;</strong></span> <span class='ocrx_word' id='word_1_548' title='bbox 1578 3833 1637 3876; x_wconf 89' lang='lat' dir='ltr'><strong>ut</strong></span> <span class='ocrx_word' id='word_1_549' title='bbox 1667 3823 1932 3877; x_wconf 80' lang='lat' dir='ltr'><strong>deﬁcienti</strong></span> <span class='ocrx_word' id='word_1_550' title='bbox 1966 3823 2201 3874; x_wconf 84' lang='lat' dir='ltr'><strong>humano</strong></span> 
     </span>
    </p>
   </div>
   <div class='ocr_carea' id='block_1_78' title="bbox 2305 3815 3868 3898">
    <p class='ocr_par' dir='ltr' id='par_1_78' title="bbox 2305 3826 3868 3898">
     <span class='ocr_line' id='line_1_78' title="bbox 2305 3826 3868 3898; baseline -0.003 -16"><span class='ocrx_word' id='word_1_551' title='bbox 2305 3831 2444 3898; x_wconf 78' lang='grc' dir='ltr'>μηνὶ</span> <span class='ocrx_word' id='word_1_552' title='bbox 2479 3830 2545 3882; x_wconf 82' lang='grc' dir='ltr'>δὲ</span> <span class='ocrx_word' id='word_1_553' title='bbox 2581 3828 2662 3893; x_wconf 82' lang='grc' dir='ltr'>τῷ</span> <span class='ocrx_word' id='word_1_554' title='bbox 2685 3829 2860 3893; x_wconf 80' lang='grc' dir='ltr'>ἕκτῳ,</span> <span class='ocrx_word' id='word_1_555' title='bbox 2905 3826 3214 3892; x_wconf 75' lang='grc' dir='ltr'>ἀπεστάλη</span> <span class='ocrx_word' id='word_1_556' title='bbox 3249 3829 3281 3879; x_wconf 86' lang='grc' dir='ltr'><strong>ό</strong></span> <span class='ocrx_word' id='word_1_557' title='bbox 3313 3826 3562 3895; x_wconf 72' lang='grc' dir='ltr'>ἄγγελος</span> <span class='ocrx_word' id='word_1_558' title='bbox 3602 3826 3868 3892; x_wconf 62' lang='grc' dir='ltr'>Γαϐριὴλ</span> 
     </span>
    </p>
   </div>
   <div class='ocr_carea' id='block_1_79' title="bbox 655 3902 2199 3983">
    <p class='ocr_par' dir='ltr' id='par_1_79' title="bbox 655 3902 2199 3983">
     <span class='ocr_line' id='line_1_79' title="bbox 655 3902 2199 3983; baseline -0.004 -15"><span class='ocrx_word' id='word_1_559' title='bbox 655 3915 834 3981; x_wconf 79' lang='lat' dir='ltr'><strong>generi</strong></span> <span class='ocrx_word' id='word_1_560' title='bbox 889 3915 1143 3983; x_wconf 82' lang='lat' dir='ltr'><strong>majorem</strong></span> <span class='ocrx_word' id='word_1_561' title='bbox 1199 3902 1422 3982; x_wconf 79' lang='lat' dir='ltr'><strong>gratiam</strong></span> <span class='ocrx_word' id='word_1_562' title='bbox 1463 3912 1555 3982; x_wconf 74' lang='lat' dir='ltr'><strong>{aL</strong></span> <span class='ocrx_word' id='word_1_563' title='bbox 1600 3912 1876 3983; x_wconf 82' lang='lat' dir='ltr'><strong>gaudium]</strong></span> <span class='ocrx_word' id='word_1_564' title='bbox 1926 3912 2199 3965; x_wconf 85' lang='lat' dir='ltr'><strong>tribueret.</strong></span> 
     </span>
    </p>
   </div>
   <div class='ocr_carea' id='block_1_80' title="bbox 656 4003 2196 4073">
    <p class='ocr_par' dir='ltr' id='par_1_80' title="bbox 656 4003 2196 4073">
     <span class='ocr_line' id='line_1_80' title="bbox 656 4003 2196 4073; baseline -0.001 -18"><span class='ocrx_word' id='word_1_565' title='bbox 656 4005 718 4058; x_wconf 87' lang='grc' dir='ltr'>ι‹;ι</span> <span class='ocrx_word' id='word_1_566' title='bbox 752 4006 839 4059; x_wconf 93' lang='lat' dir='ltr'><strong>ubi</strong></span> <span class='ocrx_word' id='word_1_567' title='bbox 870 4005 1161 4059; x_wconf 84' lang='lat' dir='ltr'><strong>abundavit</strong></span> <span class='ocrx_word' id='word_1_568' title='bbox 1187 4015 1488 4072; x_wconf 87' lang='lat' dir='ltr'><strong>peccatum,</strong></span> <span class='ocrx_word' id='word_1_569' title='bbox 1530 4003 2196 4073; x_wconf 86' lang='lat' dir='ltr'><strong>superabundavitgratia.</strong></span> 
     </span>
    </p>
   </div>
   <div class='ocr_carea' id='block_1_81' title="bbox 654 4091 2205 4168">
    <p class='ocr_par' dir='ltr' id='par_1_81' title="bbox 654 4091 2205 4168">
     <span class='ocr_line' id='line_1_81' title="bbox 654 4091 2205 4168; baseline -0.003 -18"><span class='ocrx_word' id='word_1_570' title='bbox 654 4099 1044 4152; x_wconf 75' lang='lat' dir='ltr'><strong>Convenientcr</strong></span> <span class='ocrx_word' id='word_1_571' title='bbox 1073 4099 1232 4168; x_wconf 77' lang='lat' dir='ltr'><strong>igitur</strong></span> <span class='ocrx_word' id='word_1_572' title='bbox 1259 4098 1428 4167; x_wconf 88' lang='lat' dir='ltr'><strong>gratia</strong></span> <span class='ocrx_word' id='word_1_573' title='bbox 1454 4096 1518 4147; x_wconf 81' lang='lat' dir='ltr'><strong>ad</strong></span> <span class='ocrx_word' id='word_1_574' title='bbox 1545 4095 1944 4149; x_wconf 89' lang='lat' dir='ltr'><strong>sanctissimam</strong></span> <span class='ocrx_word' id='word_1_575' title='bbox 1973 4104 2055 4152; x_wconf 88' lang='lat' dir='ltr'><strong>est</strong></span> <span class='ocrx_word' id='word_1_576' title='bbox 2084 4091 2205 4146; x_wconf 86' lang='lat' dir='ltr'><strong>Vir-</strong></span> 
     </span>
    </p>
   </div>
   <div class='ocr_carea' id='block_1_82' title="bbox 655 4181 2202 4256">
    <p class='ocr_par' dir='ltr' id='par_1_82' title="bbox 655 4181 2202 4256">
     <span class='ocr_line' id='line_1_82' title="bbox 655 4181 2202 4256; baseline -0.001 -18"><span class='ocrx_word' id='word_1_577' title='bbox 655 4187 832 4256; x_wconf 81' lang='lat' dir='ltr'><strong>ginem</strong></span> <span class='ocrx_word' id='word_1_578' title='bbox 869 4188 1048 4241; x_wconf 89' lang='lat' dir='ltr'><strong>missa.</strong></span> <span class='ocrx_word' id='word_1_579' title='bbox 1084 4185 1178 4242; x_wconf 87' lang='lat' dir='ltr'><strong>Sic</strong></span> <span class='ocrx_word' id='word_1_580' title='bbox 1207 4189 1426 4241; x_wconf 87' lang='lat' dir='ltr'><strong>enimet</strong></span> <span class='ocrx_word' id='word_1_581' title='bbox 1459 4181 2048 4254; x_wconf 29' lang='lat' dir='ltr'><strong>evangelicm‘historite</strong></span> <span class='ocrx_word' id='word_1_582' title='bbox 2075 4199 2202 4238; x_wconf 84' lang='lat' dir='ltr'><strong>con-</strong></span> 
     </span>
    </p>
   </div>
   <div class='ocr_carea' id='block_1_83' title="bbox 657 4276 2202 4342">
    <p class='ocr_par' dir='ltr' id='par_1_83' title="bbox 657 4276 2202 4342">
     <span class='ocr_line' id='line_1_83' title="bbox 657 4276 2202 4342; baseline -0.001 -13"><span class='ocrx_word' id='word_1_583' title='bbox 657 4279 790 4330; x_wconf 85' lang='lat' dir='ltr'><strong>tinet</strong></span> <span class='ocrx_word' id='word_1_584' title='bbox 817 4278 1092 4342; x_wconf 85' lang='lat' dir='ltr'><strong>oraculum</strong></span> <span class='ocrx_word' id='word_1_585' title='bbox 1126 4279 1309 4333; x_wconf 86' lang='lat' dir='ltr'><strong>dicens</strong></span> <span class='ocrx_word' id='word_1_586' title='bbox 1346 4297 1357 4331; x_wconf 92' lang='lat'>:</span> <span class='ocrx_word' id='word_1_587' title='bbox 1392 4277 1566 4332; x_wconf 73' lang='lat' dir='ltr'><strong>Hense</strong></span> <span class='ocrx_word' id='word_1_588' title='bbox 1602 4288 1777 4330; x_wconf 82' lang='lat' dir='ltr'><strong>autem</strong></span> <span class='ocrx_word' id='word_1_589' title='bbox 1811 4285 1977 4337; x_wconf 71' lang='lat' dir='ltr'><strong>sexto,</strong></span> <span class='ocrx_word' id='word_1_590' title='bbox 2009 4276 2202 4328; x_wconf 79' lang='lat' dir='ltr'><strong>missus</strong></span> 
     </span>
    </p>
   </div>
   <div class='ocr_carea' id='block_1_84' title="bbox 651 4367 2200 4438">
    <p class='ocr_par' dir='ltr' id='par_1_84' title="bbox 651 4367 2200 4438">
     <span class='ocr_line' id='line_1_84' title="bbox 651 4367 2200 4438; baseline -0.001 -16"><span class='ocrx_word' id='word_1_591' title='bbox 651 4379 728 4422; x_wconf 78' lang='lat' dir='ltr'><strong>est</strong></span> <span class='ocrx_word' id='word_1_592' title='bbox 766 4367 975 4437; x_wconf 80' lang='lat' dir='ltr'><strong>angelus</strong></span> <span class='ocrx_word' id='word_1_593' title='bbox 1017 4367 1226 4420; x_wconf 75' lang='lat' dir='ltr'><strong>Gabriel</strong></span> <span class='ocrx_word' id='word_1_594' title='bbox 1272 4371 1337 4421; x_wconf 87' lang='lat' dir='ltr'><strong>ad</strong></span> <span class='ocrx_word' id='word_1_595' title='bbox 1371 4372 1621 4438; x_wconf 84' lang='lat' dir='ltr'><strong>virginem</strong></span> <span class='ocrx_word' id='word_1_596' title='bbox 1664 4370 2034 4436; x_wconf 76' lang='lat' dir='ltr'><strong>desponsatam</strong></span> <span class='ocrx_word' id='word_1_597' title='bbox 2068 4369 2200 4434; x_wconf 89' lang='lat' dir='ltr'><strong>viro,</strong></span> 
     </span>
    </p>
   </div>
   <div class='ocr_carea' id='block_1_85' title="bbox 654 4456 2199 4529">
    <p class='ocr_par' dir='ltr' id='par_1_85' title="bbox 654 4456 2199 4529">
     <span class='ocr_line' id='line_1_85' title="bbox 654 4456 2199 4529; baseline -0.003 -16"><span class='ocrx_word' id='word_1_598' title='bbox 654 4463 736 4513; x_wconf 86' lang='lat' dir='ltr'><strong>cui</strong></span> <span class='ocrx_word' id='word_1_599' title='bbox 766 4475 947 4512; x_wconf 84' lang='lat' dir='ltr'><strong>nomen</strong></span> <span class='ocrx_word' id='word_1_600' title='bbox 994 4468 1105 4510; x_wconf 86' lang='lat' dir='ltr'><strong>erat</strong></span> <span class='ocrx_word' id='word_1_601' title='bbox 1140 4456 1349 4526; x_wconf 69' lang='lat' dir='ltr'><strong>Ioseph,</strong></span> <span class='ocrx_word' id='word_1_602' title='bbox 1377 4474 1439 4510; x_wconf 76' lang='lat' dir='ltr'><strong>ex</strong></span> <span class='ocrx_word' id='word_1_603' title='bbox 1487 4463 1638 4512; x_wconf 81' lang='lat' dir='ltr'><strong>domo</strong></span> <span class='ocrx_word' id='word_1_604' title='bbox 1670 4474 1716 4513; x_wconf 88' lang='lat' dir='ltr'><strong>et</strong></span> <span class='ocrx_word' id='word_1_605' title='bbox 1751 4460 1956 4529; x_wconf 75' lang='lat' dir='ltr'><strong>fantilia</strong></span> <span class='ocrx_word' id='word_1_606' title='bbox 1991 4458 2199 4521; x_wconf 81' lang='lat' dir='ltr'><strong>David;</strong></span> 
     </span>
    </p>
   </div>
   <div class='ocr_carea' id='block_1_86' title="bbox 2303 3907 3872 3987">
    <p class='ocr_par' dir='ltr' id='par_1_86' title="bbox 2303 3907 3872 3987">
     <span class='ocr_line' id='line_1_86' title="bbox 2303 3907 3872 3987; baseline -0.003 -17"><span class='ocrx_word' id='word_1_607' title='bbox 2303 3920 2444 3987; x_wconf 82' lang='grc' dir='ltr'>πρὸς</span> <span class='ocrx_word' id='word_1_608' title='bbox 2482 3919 2775 3984; x_wconf 77' lang='grc' dir='ltr'>παρθένον</span> <span class='ocrx_word' id='word_1_609' title='bbox 2790 3914 3325 3986; x_wconf 61' lang='grc' dir='ltr'>μεμνηστευμένην</span> <span class='ocrx_word' id='word_1_610' title='bbox 3354 3915 3556 3983; x_wconf 79' lang='grc' dir='ltr'>ἀνδρί,</span> <span class='ocrx_word' id='word_1_611' title='bbox 3602 3907 3651 3979; x_wconf 79' lang='grc' dir='ltr'><strong><em>ᾧ</em></strong></span> <span class='ocrx_word' id='word_1_612' title='bbox 3679 3913 3872 3982; x_wconf 77' lang='grc' dir='ltr'>ὄνομα</span> 
     </span>
    </p>
   </div>
   <div class='ocr_carea' id='block_1_87' title="bbox 2316 4005 3865 4078">
    <p class='ocr_par' dir='ltr' id='par_1_87' title="bbox 2316 4005 3865 4078">
     <span class='ocr_line' id='line_1_87' title="bbox 2316 4005 3865 4078; baseline -0.004 -15"><span class='ocrx_word' id='word_1_613' title='bbox 2316 4009 2546 4078; x_wconf 63' lang='grc' dir='ltr'>Ἰωσὴφ,</span> <span class='ocrx_word' id='word_1_614' title='bbox 2595 4008 2662 4070; x_wconf 80' lang='grc' dir='ltr'><strong>ἐξ</strong></span> <span class='ocrx_word' id='word_1_615' title='bbox 2709 4007 2877 4061; x_wconf 78' lang='grc' dir='ltr'>οἴκου</span> <span class='ocrx_word' id='word_1_616' title='bbox 2935 4006 3034 4060; x_wconf 79' lang='grc' dir='ltr'><strong>καί</strong></span> <span class='ocrx_word' id='word_1_617' title='bbox 3085 4005 3330 4074; x_wconf 81' lang='grc' dir='ltr'>πατριᾶς</span> <span class='ocrx_word' id='word_1_618' title='bbox 3371 4005 3545 4059; x_wconf 78' lang='grc' dir='ltr'>Δασίδ</span> <span class='ocrx_word' id='word_1_619' title='bbox 3570 4022 3583 4034; x_wconf 93' lang='grc'><strong>·</strong></span> <span class='ocrx_word' id='word_1_620' title='bbox 3639 4007 3738 4058; x_wconf 80' lang='grc' dir='ltr'>καὶ</span> <span class='ocrx_word' id='word_1_621' title='bbox 3799 4006 3865 4058; x_wconf 79' lang='grc' dir='ltr'>τὸ</span> 
     </span>
    </p>
   </div>
   <div class='ocr_carea' id='block_1_88' title="bbox 2305 4094 3866 4169">
    <p class='ocr_par' dir='ltr' id='par_1_88' title="bbox 2305 4094 3866 4169">
     <span class='ocr_line' id='line_1_88' title="bbox 2305 4094 3866 4169; baseline -0.002 -18"><span class='ocrx_word' id='word_1_622' title='bbox 2305 4102 2488 4169; x_wconf 80' lang='grc' dir='ltr'>ὄνομα</span> <span class='ocrx_word' id='word_1_623' title='bbox 2513 4098 2622 4165; x_wconf 81' lang='grc' dir='ltr'>τῆς</span> <span class='ocrx_word' id='word_1_624' title='bbox 2646 4096 2962 4165; x_wconf 78' lang='grc' dir='ltr'>παρθένου,</span> <span class='ocrx_word' id='word_1_625' title='bbox 2994 4096 3248 4165; x_wconf 82' lang='grc' dir='ltr'>Μαριὰμ,</span> <span class='ocrx_word' id='word_1_626' title='bbox 3281 4097 3374 4149; x_wconf 72' lang='grc' dir='ltr'><strong>καὶ</strong></span> <span class='ocrx_word' id='word_1_627' title='bbox 3396 4095 3464 4148; x_wconf 89' lang='grc' dir='ltr'><strong>τά</strong></span> <span class='ocrx_word' id='word_1_628' title='bbox 3499 4094 3681 4148; x_wconf 87' lang='grc' dir='ltr'>λοιπά.</span> <span class='ocrx_word' id='word_1_629' title='bbox 3718 4095 3866 4165; x_wconf 82' lang='grc' dir='ltr'><strong>Πρῶ-</strong></span> 
     </span>
    </p>
   </div>
   <div class='ocr_carea' id='block_1_89' title="bbox 2303 4184 3868 4262">
    <p class='ocr_par' dir='ltr' id='par_1_89' title="bbox 2303 4184 3868 4262">
     <span class='ocr_line' id='line_1_89' title="bbox 2303 4184 3868 4262; baseline -0.002 -19"><span class='ocrx_word' id='word_1_630' title='bbox 2303 4209 2391 4254; x_wconf 86' lang='grc' dir='ltr'><strong>τος</strong></span> <span class='ocrx_word' id='word_1_631' title='bbox 2430 4192 2484 4243; x_wconf 84' lang='grc' dir='ltr'>δὲ</span> <span class='ocrx_word' id='word_1_632' title='bbox 2518 4191 2619 4262; x_wconf 85' lang='grc' dir='ltr'>μὴν</span> <span class='ocrx_word' id='word_1_633' title='bbox 2647 4185 2798 4257; x_wconf 70' lang='grc' dir='ltr'>οὗτος</span> <span class='ocrx_word' id='word_1_634' title='bbox 2829 4190 2966 4259; x_wconf 88' lang='grc' dir='ltr'>πρὸς</span> <span class='ocrx_word' id='word_1_635' title='bbox 3001 4188 3097 4259; x_wconf 80' lang='grc' dir='ltr'>τὴν</span> <span class='ocrx_word' id='word_1_636' title='bbox 3144 4189 3304 4256; x_wconf 84' lang='grc' dir='ltr'>ἁγίαν</span> <span class='ocrx_word' id='word_1_637' title='bbox 3353 4185 3641 4260; x_wconf 84' lang='grc' dir='ltr'>Παρθένον·</span> <span class='ocrx_word' id='word_1_638' title='bbox 3685 4184 3868 4250; x_wconf 77' lang='grc' dir='ltr'>καθώς</span> 
     </span>
    </p>
   </div>
   <div class='ocr_carea' id='block_1_90' title="bbox 2304 4271 3865 4352">
    <p class='ocr_par' dir='ltr' id='par_1_90' title="bbox 2304 4271 3865 4352">
     <span class='ocr_line' id='line_1_90' title="bbox 2304 4271 3865 4352; baseline -0.003 -20"><span class='ocrx_word' id='word_1_639' title='bbox 2304 4299 2464 4352; x_wconf 75' lang='grc' dir='ltr'>φησιν</span> <span class='ocrx_word' id='word_1_640' title='bbox 2497 4284 2563 4333; x_wconf 78' lang='grc' dir='ltr'>ἐν</span> <span class='ocrx_word' id='word_1_641' title='bbox 2596 4284 2658 4350; x_wconf 80' lang='grc' dir='ltr'>τῇ</span> <span class='ocrx_word' id='word_1_642' title='bbox 2707 4282 2899 4350; x_wconf 83' lang='grc' dir='ltr'>νομικῇ</span> <span class='ocrx_word' id='word_1_643' title='bbox 2950 4278 3142 4348; x_wconf 77' lang='grc' dir='ltr'>βίϐλῳ·</span> <span class='ocrx_word' id='word_1_644' title='bbox 3207 4281 3276 4329; x_wconf 87' lang='grc' dir='ltr'><em>Ὃ</em></span> <span class='ocrx_word' id='word_1_645' title='bbox 3315 4276 3440 4352; x_wconf 73' lang='grc' dir='ltr'><strong>μὴν</strong></span> <span class='ocrx_word' id='word_1_646' title='bbox 3479 4271 3655 4342; x_wconf 83' lang='grc' dir='ltr'>οὗτος</span> <span class='ocrx_word' id='word_1_647' title='bbox 3686 4275 3865 4348; x_wconf 68' lang='grc' dir='ltr'>ὑμῖν,</span> 
     </span>
    </p>
   </div>
   <div class='ocr_carea' id='block_1_91' title="bbox 2303 4363 3866 4441">
    <p class='ocr_par' dir='ltr' id='par_1_91' title="bbox 2303 4363 3866 4441">
     <span class='ocr_line' id='line_1_91' title="bbox 2303 4363 3866 4441; baseline -0.006 -15"><span class='ocrx_word' id='word_1_648' title='bbox 2303 4375 2374 4440; x_wconf 83' lang='grc' dir='ltr'><strong>ἀρ</strong></span> <span class='ocrx_word' id='word_1_649' title='bbox 2379 4371 2456 4441; x_wconf 64' lang='lat' dir='ltr'><strong>xi;</strong></span> <span class='ocrx_word' id='word_1_650' title='bbox 2476 4371 2702 4439; x_wconf 73' lang='grc' dir='ltr'>μηνῶν,</span> <span class='ocrx_word' id='word_1_651' title='bbox 2727 4369 2957 4438; x_wconf 79' lang='grc' dir='ltr'>πρῶτός</span> <span class='ocrx_word' id='word_1_652' title='bbox 2980 4369 3148 4422; x_wconf 85' lang='grc' dir='ltr'>ἐστιν</span> <span class='ocrx_word' id='word_1_653' title='bbox 3173 4367 3333 4436; x_wconf 78' lang='grc' dir='ltr'>ὑμῖν,</span> <span class='ocrx_word' id='word_1_654' title='bbox 3357 4367 3426 4419; x_wconf 79' lang='grc' dir='ltr'><strong>ἐν</strong></span> <span class='ocrx_word' id='word_1_655' title='bbox 3445 4365 3568 4431; x_wconf 82' lang='grc' dir='ltr'>τοῖς</span> <span class='ocrx_word' id='word_1_656' title='bbox 3580 4367 3731 4435; x_wconf 73' lang='grc' dir='ltr'>μησί</span> <span class='ocrx_word' id='word_1_657' title='bbox 3762 4363 3866 4418; x_wconf 78' lang='grc' dir='ltr'>τοῦ</span> 
     </span>
    </p>
   </div>
   <div class='ocr_carea' id='block_1_92' title="bbox 2301 4453 3864 4532">
    <p class='ocr_par' dir='ltr' id='par_1_92' title="bbox 2301 4453 3864 4532">
     <span class='ocr_line' id='line_1_92' title="bbox 2301 4453 3864 4532; baseline -0.007 -15"><span class='ocrx_word' id='word_1_658' title='bbox 2301 4465 2596 4518; x_wconf 77' lang='grc' dir='ltr'>ἐνιαυτοῦ.</span> <span class='ocrx_word' id='word_1_659' title='bbox 2640 4464 2830 4532; x_wconf 54' lang='grc' dir='ltr'>Πάσχα</span> <span class='ocrx_word' id='word_1_660' title='bbox 2877 4461 3030 4528; x_wconf 75' lang='grc' dir='ltr'>ἅγιον</span> <span class='ocrx_word' id='word_1_661' title='bbox 3067 4459 3360 4530; x_wconf 76' lang='grc' dir='ltr'>ἑορτάσατε</span> <span class='ocrx_word' id='word_1_662' title='bbox 3387 4457 3506 4528; x_wconf 70' lang='grc' dir='ltr'><strong>[ἀλ.</strong></span> <span class='ocrx_word' id='word_1_663' title='bbox 3554 4453 3864 4527; x_wconf 78' lang='grc' dir='ltr'>ἑορτάσετε]</span> 
     </span>
    </p>
   </div>
   <div class='ocr_carea' id='block_1_93' title="bbox 656 4539 2204 4627">
    <p class='ocr_par' dir='ltr' id='par_1_93' title="bbox 656 4548 2200 4622">
     <span class='ocr_line' id='line_1_93' title="bbox 656 4548 2200 4622; baseline 0.001 -22"><span class='ocrx_word' id='word_1_664' title='bbox 656 4561 703 4602; x_wconf 81' lang='lat' dir='ltr'><strong>ct</strong></span> <span class='ocrx_word' id='word_1_665' title='bbox 733 4566 913 4603; x_wconf 86' lang='lat' dir='ltr'><strong>nomen</strong></span> <span class='ocrx_word' id='word_1_666' title='bbox 935 4550 1174 4618; x_wconf 79' lang='lat' dir='ltr'><strong>virginis,</strong></span> <span class='ocrx_word' id='word_1_667' title='bbox 1201 4548 1376 4622; x_wconf 72' lang='lat' dir='ltr'><strong>Maria</strong></span> <span class='ocrx_word' id='word_1_668' title='bbox 1405 4549 1469 4610; x_wconf 74' lang='lat'><strong>“,</strong></span> <span class='ocrx_word' id='word_1_669' title='bbox 1501 4559 1553 4602; x_wconf 90' lang='lat' dir='ltr'><strong>et</strong></span> <span class='ocrx_word' id='word_1_670' title='bbox 1572 4551 1797 4617; x_wconf 87' lang='lat' dir='ltr'><strong>reliqua.</strong></span> <span class='ocrx_word' id='word_1_671' title='bbox 1835 4550 2051 4603; x_wconf 86' lang='lat' dir='ltr'><strong>Primus</strong></span> <span class='ocrx_word' id='word_1_672' title='bbox 2075 4565 2200 4603; x_wconf 79' lang='lat' dir='ltr'><strong>vero</strong></span> 
     </span>
    </p>
   </div>
   <div class='ocr_carea' id='block_1_94' title="bbox 2305 4539 3866 4627">
    <p class='ocr_par' dir='ltr' id='par_1_94' title="bbox 2305 4539 3866 4627">
     <span class='ocr_line' id='line_1_94' title="bbox 2305 4539 3866 4627; baseline -0.008 -18"><span class='ocrx_word' id='word_1_673' title='bbox 2305 4557 2379 4627; x_wconf 82' lang='grc' dir='ltr'>τῷ</span> <span class='ocrx_word' id='word_1_674' title='bbox 2411 4554 2597 4625; x_wconf 82' lang='grc' dir='ltr'>Κυρίῳ</span> <span class='ocrx_word' id='word_1_675' title='bbox 2645 4556 2723 4615; x_wconf 85' lang='grc' dir='ltr'><strong>εἰς</strong></span> <span class='ocrx_word' id='word_1_676' title='bbox 2765 4551 2943 4611; x_wconf 89' lang='grc' dir='ltr'>πάσας</span> <span class='ocrx_word' id='word_1_677' title='bbox 2975 4549 3071 4612; x_wconf 86' lang='grc' dir='ltr'><strong>τάς</strong></span> <span class='ocrx_word' id='word_1_678' title='bbox 3114 4539 3301 4616; x_wconf 78' lang='grc' dir='ltr'>γενεάς</span> <span class='ocrx_word' id='word_1_679' title='bbox 3345 4547 3516 4626; x_wconf 83' lang='grc' dir='ltr'>ὑμῶν.</span> <span class='ocrx_word' id='word_1_680' title='bbox 3564 4547 3759 4608; x_wconf 85' lang='grc' dir='ltr'>Ἕκτος</span> <span class='ocrx_word' id='word_1_681' title='bbox 3809 4544 3866 4596; x_wconf 74' lang='grc' dir='ltr'>δι</span> 
     </span>
    </p>
   </div>
   <div class='ocr_carea' id='block_1_95' title="bbox 658 4638 2195 4708">
    <p class='ocr_par' dir='ltr' id='par_1_95' title="bbox 658 4638 2195 4708">
     <span class='ocr_line' id='line_1_95' title="bbox 658 4638 2195 4708; baseline 0.002 -19"><span class='ocrx_word' id='word_1_682' title='bbox 658 4639 745 4690; x_wconf 91' lang='lat' dir='ltr'><strong>hic</strong></span> <span class='ocrx_word' id='word_1_683' title='bbox 777 4649 860 4692; x_wconf 85' lang='lat' dir='ltr'><strong>est</strong></span> <span class='ocrx_word' id='word_1_684' title='bbox 908 4640 1130 4704; x_wconf 91' lang='lat' dir='ltr'><strong>mensis,</strong></span> <span class='ocrx_word' id='word_1_685' title='bbox 1172 4652 1280 4708; x_wconf 89' lang='lat' dir='ltr'><strong>quo</strong></span> <span class='ocrx_word' id='word_1_686' title='bbox 1332 4639 1400 4692; x_wconf 79' lang='lat' dir='ltr'><strong>ad</strong></span> <span class='ocrx_word' id='word_1_687' title='bbox 1467 4639 1862 4692; x_wconf 87' lang='lat' dir='ltr'><strong>sanctissimam</strong></span> <span class='ocrx_word' id='word_1_688' title='bbox 1922 4638 2195 4707; x_wconf 84' lang='lat' dir='ltr'><strong>Virginem</strong></span> 
     </span>
    </p>
   </div>
   <div class='ocr_carea' id='block_1_96' title="bbox 657 4727 2199 4800">
    <p class='ocr_par' dir='ltr' id='par_1_96' title="bbox 657 4727 2199 4800">
     <span class='ocr_line' id='line_1_96' title="bbox 657 4727 2199 4800; baseline 0.001 -20"><span class='ocrx_word' id='word_1_689' title='bbox 657 4727 858 4782; x_wconf 87' lang='lat' dir='ltr'><strong>missus</strong></span> <span class='ocrx_word' id='word_1_690' title='bbox 878 4739 960 4783; x_wconf 86' lang='lat' dir='ltr'><strong>est</strong></span> <span class='ocrx_word' id='word_1_691' title='bbox 998 4729 1388 4800; x_wconf 83' lang='lat' dir='ltr'><strong>archangelus;</strong></span> <span class='ocrx_word' id='word_1_692' title='bbox 1431 4729 1568 4782; x_wconf 92' lang='lat' dir='ltr'><strong>sicut</strong></span> <span class='ocrx_word' id='word_1_693' title='bbox 1600 4739 1652 4782; x_wconf 91' lang='lat' dir='ltr'><strong>et</strong></span> <span class='ocrx_word' id='word_1_694' title='bbox 1684 4730 1736 4780; x_wconf 91' lang='lat' dir='ltr'><strong>in</strong></span> <span class='ocrx_word' id='word_1_695' title='bbox 1771 4729 1924 4798; x_wconf 90' lang='lat' dir='ltr'><strong>legali</strong></span> <span class='ocrx_word' id='word_1_696' title='bbox 1957 4729 2096 4784; x_wconf 88' lang='lat' dir='ltr'><strong>libro</strong></span> <span class='ocrx_word' id='word_1_697' title='bbox 2125 4730 2199 4782; x_wconf 89' lang='lat' dir='ltr'><strong>ait</strong></span> 
     </span>
    </p>
   </div>
   <div class='ocr_carea' id='block_1_97' title="bbox 659 4816 2197 4890">
    <p class='ocr_par' dir='ltr' id='par_1_97' title="bbox 659 4816 2197 4890">
     <span class='ocr_line' id='line_1_97' title="bbox 659 4816 2197 4890; baseline 0.001 -18"><span class='ocrx_word' id='word_1_698' title='bbox 659 4816 932 4885; x_wconf 85' lang='lat' dir='ltr'><strong>Scriptura</strong></span> <span class='ocrx_word' id='word_1_699' title='bbox 969 4839 980 4872; x_wconf 89' lang='lat'><strong>:</strong></span> <span class='ocrx_word' id='word_1_700' title='bbox 1014 4819 1205 4874; x_wconf 78' lang='lat' dir='ltr'><strong>Mensis</strong></span> <span class='ocrx_word' id='word_1_701' title='bbox 1256 4822 1352 4874; x_wconf 81' lang='lat' dir='ltr'><strong>iste</strong></span> <span class='ocrx_word' id='word_1_702' title='bbox 1386 4820 1524 4874; x_wconf 82' lang='lat' dir='ltr'><strong>vobis</strong></span> <span class='ocrx_word' id='word_1_703' title='bbox 1566 4822 1881 4890; x_wconf 80' lang='lat' dir='ltr'><strong>principium</strong></span> <span class='ocrx_word' id='word_1_704' title='bbox 1921 4823 2197 4883; x_wconf 83' lang='lat' dir='ltr'><strong>mensium,</strong></span> 
     </span>
    </p>
   </div>
   <div class='ocr_carea' id='block_1_98' title="bbox 657 4908 2197 4979">
    <p class='ocr_par' dir='ltr' id='par_1_98' title="bbox 657 4908 2197 4979">
     <span class='ocr_line' id='line_1_98' title="bbox 657 4908 2197 4979; baseline 0.003 -19"><span class='ocrx_word' id='word_1_705' title='bbox 657 4909 856 4979; x_wconf 81' lang='lat' dir='ltr'><strong>primus</strong></span> <span class='ocrx_word' id='word_1_706' title='bbox 883 4917 957 4959; x_wconf 83' lang='lat' dir='ltr'><strong>est</strong></span> <span class='ocrx_word' id='word_1_707' title='bbox 1000 4908 1138 4960; x_wconf 84' lang='lat' dir='ltr'><strong>vobis</strong></span> <span class='ocrx_word' id='word_1_708' title='bbox 1187 4911 1240 4960; x_wconf 87' lang='lat' dir='ltr'><strong>in</strong></span> <span class='ocrx_word' id='word_1_709' title='bbox 1282 4912 1539 4964; x_wconf 80' lang='lat' dir='ltr'><strong>mensibus</strong></span> <span class='ocrx_word' id='word_1_710' title='bbox 1578 4912 1787 4962; x_wconf 78' lang='lat' dir='ltr'><strong>anni&quot;.</strong></span> <span class='ocrx_word' id='word_1_711' title='bbox 1822 4909 2032 4964; x_wconf 87' lang='lat' dir='ltr'><strong>Pascha</strong></span> <span class='ocrx_word' id='word_1_712' title='bbox 2067 4927 2197 4964; x_wconf 79' lang='lat' dir='ltr'><strong>san-</strong></span> 
     </span>
    </p>
   </div>
   <div class='ocr_carea' id='block_1_99' title="bbox 658 4995 2198 5070">
    <p class='ocr_par' dir='ltr' id='par_1_99' title="bbox 658 4995 2198 5070">
     <span class='ocr_line' id='line_1_99' title="bbox 658 4995 2198 5070; baseline 0.004 -20"><span class='ocrx_word' id='word_1_713' title='bbox 658 5008 804 5052; x_wconf 84' lang='lat' dir='ltr'><strong>etum</strong></span> <span class='ocrx_word' id='word_1_714' title='bbox 825 4996 1087 5052; x_wconf 90' lang='lat' dir='ltr'><strong>celebrate</strong></span> <span class='ocrx_word' id='word_1_715' title='bbox 1117 4995 1210 5067; x_wconf 78' lang='lat' dir='ltr'><strong>[aL</strong></span> <span class='ocrx_word' id='word_1_716' title='bbox 1229 4999 1586 5070; x_wconf 86' lang='lat' dir='ltr'><strong>celebrabitis]</strong></span> <span class='ocrx_word' id='word_1_717' title='bbox 1621 4999 1870 5067; x_wconf 92' lang='lat' dir='ltr'><strong>Domino,</strong></span> <span class='ocrx_word' id='word_1_718' title='bbox 1901 5000 1954 5054; x_wconf 90' lang='lat' dir='ltr'><strong>in</strong></span> <span class='ocrx_word' id='word_1_719' title='bbox 1988 5002 2198 5056; x_wconf 89' lang='lat' dir='ltr'><strong>cunctis</strong></span> 
     </span>
    </p>
   </div>
   <div class='ocr_carea' id='block_1_100' title="bbox 660 5087 2198 5161">
    <p class='ocr_par' dir='ltr' id='par_1_100' title="bbox 660 5087 2198 5161">
     <span class='ocr_line' id='line_1_100' title="bbox 660 5087 2198 5161; baseline 0.001 -19"><span class='ocrx_word' id='word_1_720' title='bbox 660 5087 1094 5161; x_wconf 80' lang='lat' dir='ltr'><strong>generationibus</strong></span> <span class='ocrx_word' id='word_1_721' title='bbox 1133 5088 1343 5141; x_wconf 89' lang='lat' dir='ltr'><strong>vestris.</strong></span> <span class='ocrx_word' id='word_1_722' title='bbox 1388 5087 1580 5143; x_wconf 79' lang='lat' dir='ltr'><strong>Sextus</strong></span> <span class='ocrx_word' id='word_1_723' title='bbox 1633 5106 1759 5143; x_wconf 86' lang='lat' dir='ltr'><strong>vero</strong></span> <span class='ocrx_word' id='word_1_724' title='bbox 1813 5092 2017 5146; x_wconf 86' lang='lat' dir='ltr'><strong>mensis</strong></span> <span class='ocrx_word' id='word_1_725' title='bbox 2056 5095 2198 5160; x_wconf 87' lang='lat' dir='ltr'><strong>apud</strong></span> 
     </span>
    </p>
   </div>
   <div class='ocr_carea' id='block_1_101' title="bbox 661 5176 2198 5250">
    <p class='ocr_par' dir='ltr' id='par_1_101' title="bbox 661 5176 2198 5250">
     <span class='ocr_line' id='line_1_101' title="bbox 661 5176 2198 5250; baseline 0.003 -20"><span class='ocrx_word' id='word_1_726' title='bbox 661 5176 994 5233; x_wconf 73' lang='lat' dir='ltr'><strong>Zachariam.</strong></span> <span class='ocrx_word' id='word_1_727' title='bbox 1024 5177 1212 5231; x_wconf 78' lang='lat' dir='ltr'><strong>Merito</strong></span> <span class='ocrx_word' id='word_1_728' title='bbox 1243 5177 1402 5244; x_wconf 87' lang='lat' dir='ltr'><strong>igitur</strong></span> <span class='ocrx_word' id='word_1_729' title='bbox 1445 5180 1783 5234; x_wconf 83' lang='lat' dir='ltr'><strong>sanctissima</strong></span> <span class='ocrx_word' id='word_1_730' title='bbox 1811 5179 1974 5250; x_wconf 84' lang='lat' dir='ltr'><strong>Virgo</strong></span> <span class='ocrx_word' id='word_1_731' title='bbox 2008 5197 2072 5235; x_wconf 85' lang='lat' dir='ltr'><strong>ex</strong></span> <span class='ocrx_word' id='word_1_732' title='bbox 2108 5196 2198 5250; x_wconf 88' lang='lat' dir='ltr'><strong>ge-</strong></span> 
     </span>
    </p>
   </div>
   <div class='ocr_carea' id='block_1_102' title="bbox 663 5267 2200 5339">
    <p class='ocr_par' dir='ltr' id='par_1_102' title="bbox 663 5267 2200 5339">
     <span class='ocr_line' id='line_1_102' title="bbox 663 5267 2200 5339; baseline 0.003 -18"><span class='ocrx_word' id='word_1_733' title='bbox 663 5285 788 5326; x_wconf 87' lang='lat' dir='ltr'><strong>nere</strong></span> <span class='ocrx_word' id='word_1_734' title='bbox 813 5271 975 5324; x_wconf 83' lang='lat' dir='ltr'><strong>David</strong></span> <span class='ocrx_word' id='word_1_735' title='bbox 1014 5269 1134 5334; x_wconf 80' lang='lat' dir='ltr'><strong>fuit,</strong></span> <span class='ocrx_word' id='word_1_736' title='bbox 1162 5277 1214 5322; x_wconf 87' lang='lat' dir='ltr'><strong>et</strong></span> <span class='ocrx_word' id='word_1_737' title='bbox 1243 5267 1547 5320; x_wconf 88' lang='lat' dir='ltr'><strong>Bethlehem</strong></span> <span class='ocrx_word' id='word_1_738' title='bbox 1583 5271 1806 5334; x_wconf 83' lang='lat' dir='ltr'><strong>patriam</strong></span> <span class='ocrx_word' id='word_1_739' title='bbox 1843 5271 2106 5339; x_wconf 88' lang='lat' dir='ltr'><strong>possedit,</strong></span> <span class='ocrx_word' id='word_1_740' title='bbox 2136 5287 2200 5325; x_wconf 87' lang='lat' dir='ltr'><strong>ac</strong></span> 
     </span>
    </p>
   </div>
   <div class='ocr_carea' id='block_1_103' title="bbox 659 5350 2196 5431">
    <p class='ocr_par' dir='ltr' id='par_1_103' title="bbox 659 5350 2196 5431">
     <span class='ocr_line' id='line_1_103' title="bbox 659 5350 2196 5431; baseline -0.001 -15"><span class='ocrx_word' id='word_1_741' title='bbox 659 5360 853 5431; x_wconf 66' lang='lat' dir='ltr'><strong>Ioseph</strong></span> <span class='ocrx_word' id='word_1_742' title='bbox 883 5363 1176 5418; x_wconf 90' lang='lat' dir='ltr'><strong>secundum</strong></span> <span class='ocrx_word' id='word_1_743' title='bbox 1229 5358 1709 5426; x_wconf 88' lang='lat' dir='ltr'><strong>consanguinitatis</strong></span> <span class='ocrx_word' id='word_1_744' title='bbox 1752 5361 1893 5430; x_wconf 88' lang='lat' dir='ltr'><strong>leges</strong></span> <span class='ocrx_word' id='word_1_745' title='bbox 1935 5350 2059 5429; x_wconf 89' lang='lat' dir='ltr'><strong>jure</strong></span> <span class='ocrx_word' id='word_1_746' title='bbox 2103 5363 2196 5415; x_wconf 87' lang='lat' dir='ltr'><strong>de-</strong></span> 
     </span>
    </p>
   </div>
   <div class='ocr_carea' id='block_1_104' title="bbox 663 5443 2200 5520">
    <p class='ocr_par' dir='ltr' id='par_1_104' title="bbox 663 5443 2200 5520">
     <span class='ocr_line' id='line_1_104' title="bbox 663 5443 2200 5520; baseline -0.001 -16"><span class='ocrx_word' id='word_1_747' title='bbox 663 5463 934 5520; x_wconf 84' lang='lat' dir='ltr'><strong>sponsata.</strong></span> <span class='ocrx_word' id='word_1_748' title='bbox 973 5452 1036 5505; x_wconf 86' lang='lat' dir='ltr'><strong>Et</strong></span> <span class='ocrx_word' id='word_1_749' title='bbox 1073 5459 1258 5504; x_wconf 85' lang='lat' dir='ltr'><strong>custos</strong></span> <span class='ocrx_word' id='word_1_750' title='bbox 1280 5443 1397 5516; x_wconf 81' lang='lat' dir='ltr'><strong>ejus</strong></span> <span class='ocrx_word' id='word_1_751' title='bbox 1415 5456 1531 5500; x_wconf 83' lang='lat' dir='ltr'><strong>erat</strong></span> <span class='ocrx_word' id='word_1_752' title='bbox 1555 5461 1806 5514; x_wconf 86' lang='lat' dir='ltr'><strong>sponsus,</strong></span> <span class='ocrx_word' id='word_1_753' title='bbox 1839 5460 1998 5516; x_wconf 85' lang='lat' dir='ltr'><strong>atque</strong></span> <span class='ocrx_word' id='word_1_754' title='bbox 2027 5452 2200 5503; x_wconf 88' lang='lat' dir='ltr'><strong>incor-</strong></span> 
     </span>
    </p>
   </div>
   <div class='ocr_carea' id='block_1_105' title="bbox 661 5538 2200 5609">
    <p class='ocr_par' dir='ltr' id='par_1_105' title="bbox 661 5538 2200 5609">
     <span class='ocr_line' id='line_1_105' title="bbox 661 5538 2200 5609; baseline 0.001 -16"><span class='ocrx_word' id='word_1_755' title='bbox 661 5542 927 5609; x_wconf 85' lang='lat' dir='ltr'><strong>ruptionis</strong></span> <span class='ocrx_word' id='word_1_756' title='bbox 953 5543 1120 5609; x_wconf 88' lang='lat' dir='ltr'><strong>ipsius</strong></span> <span class='ocrx_word' id='word_1_757' title='bbox 1149 5542 1476 5593; x_wconf 68' lang='lat' dir='ltr'><strong>intemeratae</strong></span> <span class='ocrx_word' id='word_1_758' title='bbox 1501 5538 1854 5591; x_wconf 86' lang='lat' dir='ltr'><strong>cobabitator.</strong></span> <span class='ocrx_word' id='word_1_759' title='bbox 1883 5539 1946 5592; x_wconf 90' lang='lat' dir='ltr'><strong>Et</strong></span> <span class='ocrx_word' id='word_1_760' title='bbox 1975 5542 2200 5595; x_wconf 82' lang='lat' dir='ltr'><strong>sanctis-</strong></span> 
     </span>
    </p>
   </div>
   <div class='ocr_carea' id='block_1_106' title="bbox 661 5627 2198 5699">
    <p class='ocr_par' dir='ltr' id='par_1_106' title="bbox 661 5627 2198 5699">
     <span class='ocr_line' id='line_1_106' title="bbox 661 5627 2198 5699; baseline -0.001 -13"><span class='ocrx_word' id='word_1_761' title='bbox 661 5632 810 5686; x_wconf 71' lang='lat' dir='ltr'><strong>sima:</strong></span> <span class='ocrx_word' id='word_1_762' title='bbox 840 5629 1037 5699; x_wconf 81' lang='lat' dir='ltr'><strong>Virgini</strong></span> <span class='ocrx_word' id='word_1_763' title='bbox 1068 5631 1217 5685; x_wconf 89' lang='lat' dir='ltr'><strong>valde</strong></span> <span class='ocrx_word' id='word_1_764' title='bbox 1247 5646 1403 5685; x_wconf 85' lang='lat' dir='ltr'><strong>suum</strong></span> <span class='ocrx_word' id='word_1_765' title='bbox 1428 5627 1727 5697; x_wconf 85' lang='lat' dir='ltr'><strong>quadrabat</strong></span> <span class='ocrx_word' id='word_1_766' title='bbox 1754 5644 1946 5683; x_wconf 89' lang='lat' dir='ltr'><strong>nomen</strong></span> <span class='ocrx_word' id='word_1_767' title='bbox 1984 5648 1997 5683; x_wconf 91' lang='lat'>:</span> <span class='ocrx_word' id='word_1_768' title='bbox 2031 5630 2198 5686; x_wconf 80' lang='lat' dir='ltr'><strong>Maria</strong></span> 
     </span>
    </p>
   </div>
   <div class='ocr_carea' id='block_1_107' title="bbox 2313 4635 3866 4716">
    <p class='ocr_par' dir='ltr' id='par_1_107' title="bbox 2313 4635 3866 4716">
     <span class='ocr_line' id='line_1_107' title="bbox 2313 4635 3866 4716; baseline -0.009 -17"><span class='ocrx_word' id='word_1_769' title='bbox 2313 4646 2415 4716; x_wconf 82' lang='grc' dir='ltr'>μὴν</span> <span class='ocrx_word' id='word_1_770' title='bbox 2447 4646 2578 4716; x_wconf 80' lang='grc' dir='ltr'>πρὸς</span> <span class='ocrx_word' id='word_1_771' title='bbox 2611 4641 2898 4713; x_wconf 87' lang='grc' dir='ltr'>Ζαχαρίαν.</span> <span class='ocrx_word' id='word_1_772' title='bbox 2933 4639 3170 4700; x_wconf 86' lang='grc' dir='ltr'>Εἰκότως</span> <span class='ocrx_word' id='word_1_773' title='bbox 3198 4639 3254 4690; x_wconf 84' lang='grc' dir='ltr'>δὲ</span> <span class='ocrx_word' id='word_1_774' title='bbox 3285 4641 3323 4708; x_wconf 74' lang='grc' dir='ltr'><strong>ἡ</strong></span> <span class='ocrx_word' id='word_1_775' title='bbox 3345 4637 3472 4706; x_wconf 88' lang='grc' dir='ltr'>άγία</span> <span class='ocrx_word' id='word_1_776' title='bbox 3505 4635 3778 4706; x_wconf 81' lang='grc' dir='ltr'>Παρθένος</span> <span class='ocrx_word' id='word_1_777' title='bbox 3802 4636 3866 4686; x_wconf 73' lang='grc' dir='ltr'><strong>ὲκ</strong></span> 
     </span>
    </p>
   </div>
   <div class='ocr_carea' id='block_1_108' title="bbox 2309 4723 3867 4801">
    <p class='ocr_par' dir='ltr' id='par_1_108' title="bbox 2309 4723 3867 4801">
     <span class='ocr_line' id='line_1_108' title="bbox 2309 4723 3867 4801; baseline -0.007 -14"><span class='ocrx_word' id='word_1_778' title='bbox 2309 4736 2494 4801; x_wconf 89' lang='grc' dir='ltr'>γένους</span> <span class='ocrx_word' id='word_1_779' title='bbox 2541 4732 2702 4786; x_wconf 77' lang='grc' dir='ltr'>Δασὶδ</span> <span class='ocrx_word' id='word_1_780' title='bbox 2742 4730 3047 4799; x_wconf 80' lang='grc' dir='ltr'>ἐτύγχανεν,</span> <span class='ocrx_word' id='word_1_781' title='bbox 3090 4729 3182 4780; x_wconf 82' lang='grc' dir='ltr'><strong>καὶ</strong></span> <span class='ocrx_word' id='word_1_782' title='bbox 3213 4729 3310 4798; x_wconf 73' lang='grc' dir='ltr'><strong>τὴν</strong></span> <span class='ocrx_word' id='word_1_783' title='bbox 3341 4726 3587 4797; x_wconf 74' lang='grc' dir='ltr'>Βηθλεὲμ</span> <span class='ocrx_word' id='word_1_784' title='bbox 3630 4723 3867 4792; x_wconf 73' lang='grc' dir='ltr'>πατρίδι</span> 
     </span>
    </p>
   </div>
   <div class='ocr_carea' id='block_1_109' title="bbox 2309 4811 3863 4892">
    <p class='ocr_par' dir='ltr' id='par_1_109' title="bbox 2309 4811 3863 4892">
     <span class='ocr_line' id='line_1_109' title="bbox 2309 4811 3863 4892; baseline -0.008 -18"><span class='ocrx_word' id='word_1_785' title='bbox 2309 4823 2584 4892; x_wconf 77' lang='grc' dir='ltr'>ἐκέκτητο,</span> <span class='ocrx_word' id='word_1_786' title='bbox 2614 4821 2706 4890; x_wconf 80' lang='grc' dir='ltr'><strong>καὶ</strong></span> <span class='ocrx_word' id='word_1_787' title='bbox 2733 4819 2809 4888; x_wconf 78' lang='grc' dir='ltr'>τῷ</span> <span class='ocrx_word' id='word_1_788' title='bbox 2846 4817 3040 4888; x_wconf 82' lang='grc' dir='ltr'>Ἰωσὴφ</span> <span class='ocrx_word' id='word_1_789' title='bbox 3062 4819 3200 4870; x_wconf 85' lang='grc' dir='ltr'><strong>κατά</strong></span> <span class='ocrx_word' id='word_1_790' title='bbox 3225 4818 3419 4886; x_wconf 85' lang='grc' dir='ltr'>νόμους</span> <span class='ocrx_word' id='word_1_791' title='bbox 3440 4811 3759 4882; x_wconf 77' lang='grc' dir='ltr'>συγγενείας·</span> <span class='ocrx_word' id='word_1_792' title='bbox 3782 4811 3863 4863; x_wconf 75' lang='grc' dir='ltr'>διο</span> 
     </span>
    </p>
   </div>
   <div class='ocr_carea' id='block_1_110' title="bbox 2308 4900 3864 4979">
    <p class='ocr_par' dir='ltr' id='par_1_110' title="bbox 2308 4900 3864 4979">
     <span class='ocr_line' id='line_1_110' title="bbox 2308 4900 3864 4979; baseline -0.004 -17"><span class='ocrx_word' id='word_1_793' title='bbox 2308 4912 2474 4971; x_wconf 87' lang='grc' dir='ltr'>καίως</span> <span class='ocrx_word' id='word_1_794' title='bbox 2506 4910 2924 4979; x_wconf 81' lang='grc' dir='ltr'>ὲμεμνήστευτο.</span> <span class='ocrx_word' id='word_1_795' title='bbox 2961 4909 3068 4960; x_wconf 79' lang='grc' dir='ltr'><strong>Καὶ</strong></span> <span class='ocrx_word' id='word_1_796' title='bbox 3099 4907 3271 4977; x_wconf 76' lang='grc' dir='ltr'>φύλαξ</span> <span class='ocrx_word' id='word_1_797' title='bbox 3296 4900 3366 4976; x_wconf 84' lang='grc' dir='ltr'><strong>ἦν</strong></span> <span class='ocrx_word' id='word_1_798' title='bbox 3393 4905 3422 4955; x_wconf 91' lang='lat'><strong>6</strong></span> <span class='ocrx_word' id='word_1_799' title='bbox 3457 4904 3734 4974; x_wconf 87' lang='grc' dir='ltr'>μνήστωρ,</span> <span class='ocrx_word' id='word_1_800' title='bbox 3771 4904 3864 4960; x_wconf 64' lang='grc' dir='ltr'><strong>καὶ</strong></span> 
     </span>
    </p>
   </div>
   <div class='ocr_carea' id='block_1_111' title="bbox 2306 4992 3862 5070">
    <p class='ocr_par' dir='ltr' id='par_1_111' title="bbox 2306 4992 3862 5070">
     <span class='ocr_line' id='line_1_111' title="bbox 2306 4992 3862 5070; baseline -0.004 -18"><span class='ocrx_word' id='word_1_801' title='bbox 2306 5002 2333 5052; x_wconf 91' lang='lat'><strong>6</strong></span> <span class='ocrx_word' id='word_1_802' title='bbox 2365 4999 2665 5070; x_wconf 84' lang='grc' dir='ltr'>ἀφθαρσίας</span> <span class='ocrx_word' id='word_1_803' title='bbox 2697 4998 2971 5069; x_wconf 82' lang='grc' dir='ltr'>ἀκηράτου</span> <span class='ocrx_word' id='word_1_804' title='bbox 3008 4997 3273 5060; x_wconf 89' lang='grc' dir='ltr'>σύνοικος.</span> <span class='ocrx_word' id='word_1_805' title='bbox 3307 4994 3417 5047; x_wconf 79' lang='grc' dir='ltr'><strong>Καὶ</strong></span> <span class='ocrx_word' id='word_1_806' title='bbox 3447 4994 3512 5062; x_wconf 81' lang='grc' dir='ltr'>τῇ</span> <span class='ocrx_word' id='word_1_807' title='bbox 3557 4993 3689 5063; x_wconf 69' lang='grc' dir='ltr'>ἁγίᾳ</span> <span class='ocrx_word' id='word_1_808' title='bbox 3712 4992 3862 5062; x_wconf 86' lang='grc' dir='ltr'>Παρ-</span> 
     </span>
    </p>
   </div>
   <div class='ocr_carea' id='block_1_112' title="bbox 2270 5082 3862 5160">
    <p class='ocr_par' dir='ltr' id='par_1_112' title="bbox 2270 5082 3862 5160">
     <span class='ocr_line' id='line_1_112' title="bbox 2270 5082 3862 5160; baseline -0.003 -21"><span class='ocrx_word' id='word_1_809' title='bbox 2270 5135 2274 5139; x_wconf 89' lang='grc'>.</span> <span class='ocrx_word' id='word_1_810' title='bbox 2306 5091 2444 5160; x_wconf 84' lang='grc' dir='ltr'>θένῳ</span> <span class='ocrx_word' id='word_1_811' title='bbox 2468 5091 2586 5143; x_wconf 88' lang='grc' dir='ltr'>λίαν</span> <span class='ocrx_word' id='word_1_812' title='bbox 2616 5089 2819 5160; x_wconf 84' lang='grc' dir='ltr'>πρέπον</span> <span class='ocrx_word' id='word_1_813' title='bbox 2843 5089 3031 5159; x_wconf 71' lang='grc' dir='ltr'>ὄνομα.</span> <span class='ocrx_word' id='word_1_814' title='bbox 3067 5088 3254 5160; x_wconf 81' lang='grc' dir='ltr'>Μαρία</span> <span class='ocrx_word' id='word_1_815' title='bbox 3273 5084 3381 5155; x_wconf 83' lang='grc' dir='ltr'><strong>γὰρ</strong></span> <span class='ocrx_word' id='word_1_816' title='bbox 3405 5082 3670 5152; x_wconf 64' lang='grc' dir='ltr'>ἐκέκλητο</span> <span class='ocrx_word' id='word_1_817' title='bbox 3687 5099 3700 5112; x_wconf 94' lang='grc'><strong>·</strong></span> <span class='ocrx_word' id='word_1_818' title='bbox 3726 5084 3862 5152; x_wconf 78' lang='grc' dir='ltr'>ὅπερ</span> 
     </span>
    </p>
   </div>
   <div class='ocr_carea' id='block_1_113' title="bbox 2305 5173 3860 5252">
    <p class='ocr_par' dir='ltr' id='par_1_113' title="bbox 2305 5173 3860 5252">
     <span class='ocr_line' id='line_1_113' title="bbox 2305 5173 3860 5252; baseline -0.005 -18"><span class='ocrx_word' id='word_1_819' title='bbox 2305 5183 2368 5252; x_wconf 84' lang='grc' dir='ltr'>δὴ</span> <span class='ocrx_word' id='word_1_820' title='bbox 2412 5179 2708 5250; x_wconf 76' lang='grc' dir='ltr'>φωτισμὸς</span> <span class='ocrx_word' id='word_1_821' title='bbox 2740 5179 3112 5250; x_wconf 76' lang='grc' dir='ltr'>ἑρμηνεύεται.</span> <span class='ocrx_word' id='word_1_822' title='bbox 3151 5178 3216 5231; x_wconf 91' lang='grc' dir='ltr'>Τί</span> <span class='ocrx_word' id='word_1_823' title='bbox 3265 5175 3372 5244; x_wconf 83' lang='grc' dir='ltr'>γὰρ</span> <span class='ocrx_word' id='word_1_824' title='bbox 3417 5173 3510 5226; x_wconf 78' lang='grc' dir='ltr'>τοῦ</span> <span class='ocrx_word' id='word_1_825' title='bbox 3545 5173 3724 5240; x_wconf 81' lang='grc' dir='ltr'>φωτὸς</span> <span class='ocrx_word' id='word_1_826' title='bbox 3764 5173 3860 5240; x_wconf 78' lang='grc' dir='ltr'>τῆς</span> 
     </span>
    </p>
   </div>
   <div class='ocr_carea' id='block_1_114' title="bbox 2306 5262 3862 5343">
    <p class='ocr_par' dir='ltr' id='par_1_114' title="bbox 2306 5262 3862 5343">
     <span class='ocr_line' id='line_1_114' title="bbox 2306 5262 3862 5343; baseline -0.007 -18"><span class='ocrx_word' id='word_1_827' title='bbox 2306 5269 2596 5343; x_wconf 89' lang='grc' dir='ltr'>παρθενίας</span> <span class='ocrx_word' id='word_1_828' title='bbox 2613 5269 2980 5340; x_wconf 88' lang='grc' dir='ltr'>λαμπρότερον</span> <span class='ocrx_word' id='word_1_829' title='bbox 2998 5287 3013 5333; x_wconf 85' lang='grc'>;</span> <span class='ocrx_word' id='word_1_830' title='bbox 3032 5271 3189 5323; x_wconf 80' lang='grc' dir='ltr'>Ὅθεν</span> <span class='ocrx_word' id='word_1_831' title='bbox 3204 5267 3297 5319; x_wconf 76' lang='grc' dir='ltr'><strong>καὶ</strong></span> <span class='ocrx_word' id='word_1_832' title='bbox 3321 5264 3417 5326; x_wconf 81' lang='grc' dir='ltr'>τὰς</span> <span class='ocrx_word' id='word_1_833' title='bbox 3434 5263 3632 5334; x_wconf 80' lang='grc' dir='ltr'>ἀρετὰς</span> <span class='ocrx_word' id='word_1_834' title='bbox 3663 5262 3862 5334; x_wconf 68' lang='grc' dir='ltr'>παρθρ</span> 
     </span>
    </p>
   </div>
   <div class='ocr_carea' id='block_1_115' title="bbox 2305 5353 3862 5428">
    <p class='ocr_par' dir='ltr' id='par_1_115' title="bbox 2305 5353 3862 5428">
     <span class='ocr_line' id='line_1_115' title="bbox 2305 5353 3862 5428; baseline -0.004 -15"><span class='ocrx_word' id='word_1_835' title='bbox 2305 5377 2427 5422; x_wconf 86' lang='grc' dir='ltr'>νους</span> <span class='ocrx_word' id='word_1_836' title='bbox 2459 5357 2825 5428; x_wconf 76' lang='grc' dir='ltr'>ὀνομάζουσιν,</span> <span class='ocrx_word' id='word_1_837' title='bbox 2842 5362 2888 5411; x_wconf 77' lang='lat' dir='ltr'><strong>oi</strong></span> <span class='ocrx_word' id='word_1_838' title='bbox 2913 5358 3008 5421; x_wconf 87' lang='grc' dir='ltr'><strong>τάς</strong></span> <span class='ocrx_word' id='word_1_839' title='bbox 3021 5358 3204 5419; x_wconf 74' lang='grc' dir='ltr'>οὐσίας</span> <span class='ocrx_word' id='word_1_840' title='bbox 3230 5353 3408 5407; x_wconf 77' lang='grc' dir='ltr'>αὐτῶν</span> <span class='ocrx_word' id='word_1_841' title='bbox 3434 5353 3651 5420; x_wconf 81' lang='grc' dir='ltr'>ἀγαθῶς</span> <span class='ocrx_word' id='word_1_842' title='bbox 3680 5369 3862 5424; x_wconf 76' lang='grc' dir='ltr'>στοχο-</span> 
     </span>
    </p>
   </div>
   <div class='ocr_carea' id='block_1_116' title="bbox 2308 5444 3853 5520">
    <p class='ocr_par' dir='ltr' id='par_1_116' title="bbox 2308 5444 3853 5520">
     <span class='ocr_line' id='line_1_116' title="bbox 2308 5444 3853 5520; baseline -0.001 -18"><span class='ocrx_word' id='word_1_843' title='bbox 2308 5449 2539 5520; x_wconf 84' lang='grc' dir='ltr'>ζόμενοι.</span> <span class='ocrx_word' id='word_1_844' title='bbox 2575 5449 2636 5499; x_wconf 73' lang='lat' dir='ltr'><strong>Et</strong></span> <span class='ocrx_word' id='word_1_845' title='bbox 2667 5448 2720 5501; x_wconf 84' lang='grc' dir='ltr'>δὲ</span> <span class='ocrx_word' id='word_1_846' title='bbox 2753 5449 2997 5502; x_wconf 83' lang='grc' dir='ltr'>τοσοῦτον</span> <span class='ocrx_word' id='word_1_847' title='bbox 3018 5447 3236 5514; x_wconf 78' lang='grc' dir='ltr'>ἀγαθὸν,</span> <span class='ocrx_word' id='word_1_848' title='bbox 3266 5444 3545 5514; x_wconf 78' lang='grc' dir='ltr'>παρθένον,</span> <span class='ocrx_word' id='word_1_849' title='bbox 3563 5446 3706 5515; x_wconf 76' lang='grc' dir='ltr'>ἔχειν</span> <span class='ocrx_word' id='word_1_850' title='bbox 3725 5464 3853 5518; x_wconf 70' lang='grc' dir='ltr'>καρε</span> 
     </span>
    </p>
   </div>
   <div class='ocr_carea' id='block_1_117' title="bbox 2306 5536 3867 5621">
    <p class='ocr_par' dir='ltr' id='par_1_117' title="bbox 2306 5536 3867 5621">
     <span class='ocr_line' id='line_1_117' title="bbox 2306 5536 3867 5621; baseline -0.002 -28"><span class='ocrx_word' id='word_1_851' title='bbox 2306 5542 2444 5621; x_wconf 80' lang='grc' dir='ltr'>δίαν,</span> <span class='ocrx_word' id='word_1_852' title='bbox 2475 5539 2657 5609; x_wconf 83' lang='grc' dir='ltr'>ἡλίκον</span> <span class='ocrx_word' id='word_1_853' title='bbox 2692 5543 2723 5610; x_wconf 78' lang='grc' dir='ltr'>ὴ</span> <span class='ocrx_word' id='word_1_854' title='bbox 2755 5540 2888 5610; x_wconf 81' lang='grc' dir='ltr'>σὰρξ</span> <span class='ocrx_word' id='word_1_855' title='bbox 2917 5539 3052 5610; x_wconf 87' lang='grc' dir='ltr'><strong>μετά</strong></span> <span class='ocrx_word' id='word_1_856' title='bbox 3093 5538 3192 5606; x_wconf 83' lang='grc' dir='ltr'>τῆς</span> <span class='ocrx_word' id='word_1_857' title='bbox 3216 5536 3390 5606; x_wconf 78' lang='grc' dir='ltr'>ψυχῆς</span> <span class='ocrx_word' id='word_1_858' title='bbox 3429 5536 3528 5606; x_wconf 78' lang='grc' dir='ltr'><strong>τὴν</strong></span> <span class='ocrx_word' id='word_1_859' title='bbox 3566 5538 3867 5610; x_wconf 79' lang='grc' dir='ltr'>παρθενίαν</span> 
     </span>
    </p>
   </div>
   <div class='ocr_carea' id='block_1_118' title="bbox 2307 5626 3859 5701">
    <p class='ocr_par' dir='ltr' id='par_1_118' title="bbox 2307 5626 3859 5701">
     <span class='ocr_line' id='line_1_118' title="bbox 2307 5626 3859 5701; baseline -0.001 -16"><span class='ocrx_word' id='word_1_860' title='bbox 2307 5633 2623 5701; x_wconf 76' lang='grc' dir='ltr'>ἀσκήσασα;</span> <span class='ocrx_word' id='word_1_861' title='bbox 2657 5631 2835 5694; x_wconf 73' lang='grc' dir='ltr'>Οὕτως</span> <span class='ocrx_word' id='word_1_862' title='bbox 2865 5631 2956 5682; x_wconf 74' lang='grc' dir='ltr'><strong>καὶ</strong></span> <span class='ocrx_word' id='word_1_863' title='bbox 2988 5632 3019 5696; x_wconf 82' lang='grc' dir='ltr'>ὴ</span> <span class='ocrx_word' id='word_1_864' title='bbox 3047 5627 3175 5693; x_wconf 81' lang='grc' dir='ltr'>άγία</span> <span class='ocrx_word' id='word_1_865' title='bbox 3206 5627 3392 5697; x_wconf 74' lang='grc' dir='ltr'>Μαρία</span> <span class='ocrx_word' id='word_1_866' title='bbox 3418 5629 3475 5680; x_wconf 79' lang='grc' dir='ltr'><strong>ὲν</strong></span> <span class='ocrx_word' id='word_1_867' title='bbox 3509 5629 3671 5700; x_wconf 78' lang='grc' dir='ltr'>σαρκὶ</span> <span class='ocrx_word' id='word_1_868' title='bbox 3701 5626 3859 5696; x_wconf 78' lang='grc' dir='ltr'>οὖσα,</span> 
     </span>
    </p>
   </div>
   <div class='ocr_carea' id='block_1_119' title="bbox 732 5810 2204 5887">
    <p class='ocr_par' dir='ltr' id='par_1_119' title="bbox 732 5810 2203 5887">
     <span class='ocr_line' id='line_1_119' title="bbox 732 5810 2203 5887; baseline -0.001 -19"><span class='ocrx_word' id='word_1_869' title='bbox 732 5818 774 5847; x_wconf 77' lang='grc'><strong>⁸³</strong></span> <span class='ocrx_word' id='word_1_870' title='bbox 809 5815 961 5868; x_wconf 78' lang='lat' dir='ltr'><strong>Rom.</strong></span> <span class='ocrx_word' id='word_1_871' title='bbox 996 5832 1043 5879; x_wconf 85' lang='lat' dir='ltr'><strong>v,</strong></span> <span class='ocrx_word' id='word_1_872' title='bbox 1075 5816 1155 5887; x_wconf 72' lang='lat' dir='ltr'><strong>lt.</strong></span> <span class='ocrx_word' id='word_1_873' title='bbox 1232 5818 1273 5848; x_wconf 84' lang='lat'>&quot;</span> <span class='ocrx_word' id='word_1_874' title='bbox 1307 5817 1432 5870; x_wconf 86' lang='lat' dir='ltr'><strong>Luc.</strong></span> <span class='ocrx_word' id='word_1_875' title='bbox 1467 5831 1502 5868; x_wconf 86' lang='grc' dir='ltr'>ι.</span> <span class='ocrx_word' id='word_1_876' title='bbox 1584 5815 1624 5846; x_wconf 69' lang='grc'><strong>⁸⁵</strong></span> <span class='ocrx_word' id='word_1_877' title='bbox 1651 5812 1782 5868; x_wconf 86' lang='lat' dir='ltr'><strong>Luc.</strong></span> <span class='ocrx_word' id='word_1_878' title='bbox 1808 5827 1847 5876; x_wconf 90' lang='lat' dir='ltr'><strong>t,</strong></span> <span class='ocrx_word' id='word_1_879' title='bbox 1877 5810 1965 5880; x_wconf 85' lang='lat'><strong>26,</strong></span> <span class='ocrx_word' id='word_1_880' title='bbox 1995 5813 2084 5866; x_wconf 90' lang='lat'><strong>27.</strong></span> <span class='ocrx_word' id='word_1_881' title='bbox 2162 5816 2203 5867; x_wconf 68' lang='lat'><strong>‘9</strong></span> 
     </span>
    </p>
   </div>
   <div class='ocr_carea' id='block_1_120' title="bbox 2305 5810 2617 5887">
    <p class='ocr_par' dir='ltr' id='par_1_120' title="bbox 2308 5816 2617 5883">
     <span class='ocr_line' id='line_1_120' title="bbox 2308 5816 2617 5883; baseline -0.006 -13"><span class='ocrx_word' id='word_1_882' title='bbox 2308 5819 2394 5872; x_wconf 93' lang='lat' dir='ltr'><strong>od.</strong></span> <span class='ocrx_word' id='word_1_883' title='bbox 2416 5833 2530 5883; x_wconf 67' lang='grc' dir='ltr'>ιιι,</span> <span class='ocrx_word' id='word_1_884' title='bbox 2563 5816 2617 5869; x_wconf 88' lang='lat'><strong>2.</strong></span> 
     </span>
    </p>
   </div>
  </div>
