4094 6354
700 435 832 495 1167

1344 443 1399 527 δέ
1438 442 1759 524 GREGORII
1797 444 2153 501 THAUMAT.
2192 444 2339 499 OPP.
2380 444 2559 501 PARS
2595 442 2894 500 ALTERA.
2934 473 3003 485 -—
3042 445 3269 503 DUBIA.

3762 446 3875 501 “68

698 560 918 630 mystice
946 559 1159 631 signum
1193 561 1622 620 circumcisionis
1668 565 1957 636 accipiens,
1998 576 2052 622 et
2078 568 2240 637 pleni-

2342 585 2463 635 μου
2524 568 2630 621 τὸν
2680 569 2916 636 Κύριον.
2966 567 3074 622 Kal
3133 542 3505 637 ἠγαλλίασεν
3548 568 3616 623 τὸ
3668 567 3879 638 πνεῦμά

699 652 829 706 tudo
877 651 1009 719 legis
1051 667 1114 706 ac
1156 654 1541 723 prophetarum
1590 656 1832 712 eilectus.
1870 656 2043 725 Hujus
2084 660 2249 731 igitur

698 743 991 813 prophetia
1020 744 1287 799 canticum
1317 743 1413 815 [αι.
1445 745 1548 801 hoc
1574 747 1735 816 igitur
1758 749 2058 823 canticum]
2124 754 2253 807 san:

696 843 782 888 cta
798 833 889 915 Dei
902 834 1140 889 Genitrix
1157 834 1262 889 Deo
1282 838 1583 891 remittebat
1608 838 1703 909 [αί.
1722 841 2013 913 retribuit],
2029 843 2212 897 dicens
2233 862 2245 896 :

701 924 1011 996 Magniﬁcat
1051 926 1227 978 anima
1256 943 1369 979 mea
1402 925 1706 985 Dominum.
1733 929 1803 982 Et
1834 932 2113 985 exsultavit
2137 934 2241 1000 spi-

698 1019 833 1073 ritus
864 1036 1005 1072 meus
1032 1021 1085 1072 in
1124 1017 1231 1072 Deo
1256 1019 1485 1073 salutari
1516 1036 1645 1074 meo.
1678 1006 1817 1085 Quia
1842 1023 1963 1090 fecit
1993 1023 2120 1076 milii
2143 1040 2249 1076 ma-

697 1127 800 1181 gna
819 1112 907 1181 qui
928 1120 1107 1180 potens
1132 1121 1231 1175 est,
1266 1120 1315 1163 et
1340 1120 1577 1164 sanctum
1601 1128 1786 1165 nomen
1823 1115 1933 1181 ejus
1952 1116 2017 1167 ὀ.
2048 1114 2233 1183 Deipa-

696 1218 811 1258 ram
838 1204 1031 1273 quippe
1048 1218 1132 1257 me
1153 1202 1376 1267 faciens,
1392 1203 1626 1258 vicissim
1646 1220 1731 1259 me
1746 1205 2005 1275 virginem
2032 1220 2248 1260 conser-

695 1294 840 1348 vavit
861 1313 875 1361 ;
899 1308 953 1348 et
980 1310 1075 1363 per
1097 1309 1273 1348 meum
1309 1305 1570 1361 ventrem,
1597 1305 1913 1350 cunctarum
1948 1298 2249 1365 generatio-

698 1401 849 1451 num,
891 1386 944 1440 in
977 1387 1476 1453 sanctiﬁcationem,
1500 1390 1810 1442 summatim
1839 1388 2122 1457 colligatur
2142 1388 2250 1456 ple-

698 1478 907 1533 nitudo.
932 1476 1091 1533 Omni
1120 1479 1263 1532 enim
1298 1480 1441 1534 atati
1489 1479 1783 1541 benedixit,
1820 1479 2060 1533 virorum
2103 1482 2248 1549 pari-

697 1580 777 1624 ter
816 1584 882 1624 ac
915 1569 1200 1622 mulierum
1223 1610 1238 1635 ,
1278 1568 1803 1631 adolescentulorum
1851 1583 1916 1623 ac
1946 1569 2207 1637 juvenum
2229 1608 2245 1632 ,

694 1674 1010 1729 senumque.
1050 1658 1199 1713 Fecit
1227 1661 1515 1728 potentiam
1558 1660 1611 1711 in
1651 1659 1862 1712 brachio
1895 1676 1989 1712 suo
2026 1660 2069 1691 ²¹
2093 1700 2107 1722 ,
2150 1675 2248 1728 pro

694 1749 851 1804 nobis
876 1748 1139 1802 adversus
1172 1757 1399 1803 mortem
1428 1757 1481 1802 et
1504 1747 1802 1813 diabolum,
1831 1758 2250 1817 nostrorumque

694 1831 1033 1909 peccatorum
1060 1840 1402 1909 disrumpens
1435 1838 1771 1910 [al.dirupit]
1796 1841 2241 1911 chirographum.

693 1930 947 2000 Dispersit
978 1933 1220 1999 superbos
1248 1940 1412 1985 mente
1444 1932 1616 1985 cordis
1642 1934 1685 1963 ”
1707 1933 1938 2001 ipsorum
1966 1948 1983 1995 ,'
2031 1933 2242 2004 disper—
2276 1912 2319 1964 Β

693 2022 765 2077 sit
788 2024 963 2092 ipsum
992 2022 1283 2084 diabolum,
1312 2030 1366 2076 et
1392 2030 1624 2077 cunctos
1650 2023 2010 2077 eimilitantes
2040 2023 2242 2078 damo-

693 2129 811 2168 nes.
835 2112 925 2167 Ille
943 2114 1139 2183 quippe
1170 2114 1399 2183 proprie
1421 2115 1585 2169 corde
1612 2114 1876 2183 superbus
1919 2125 2056 2178 erat,
2102 2130 2241 2183 quo-

690 2205 836 2260 niam
872 2206 1050 2260 dicere
1072 2206 1337 2259 audebat:
1369 2204 1542 2273 Supra
1569 2206 1727 2259 nubes
1774 2205 1888 2258 cali
1939 2222 2131 2273 ponam
2155 2222 2233 2257 so-

690 2295 820 2348 lium
849 2311 1039 2356 meum,
1088 2304 1136 2347 et
1178 2310 1263 2347 ero
1320 2295 1508 2348 similis
1560 2295 1832 2348 Altissimo
1862 2294 1927 2348 “.
1960 2293 2242 2359 Quomodo

691 2399 819 2438 vero
846 2398 990 2437 nunc
1014 2383 1185 2451 ipsum
1217 2382 1513 2453 dissiparit,
1540 2391 1935 2451 consequenter
1982 2383 2240 2451 propheta

690 2461 1002 2540 declaravit,
1036 2476 1222 2530 dicens
1252 2491 1266 2528 :
1296 2474 1450 2528 Nunc
1478 2484 1651 2528 autem
1674 2476 1726 2527 in
1752 2475 2011 2543 infernum
2037 2473 2244 2526 descen-

689 2568 779 2621 des
810 2567 857 2599 "
884 2566 980 2638 [αι.
1008 2564 1369 2637 deprimeris],
1395 2574 1447 2620 et
1474 2566 1651 2621 cuncti
1686 2566 1955 2619 exercitus
1997 2565 2092 2617 tui.
2118 2563 2243 2618 Ubi-

690 2672 793 2727 que
825 2658 967 2712 enim
999 2673 1121 2713 aras
1144 2695 1158 2720 ,
1217 2664 1379 2726 atque
1410 2654 1652 2713 delubra
1686 2657 1838 2724 ejus,
1888 2656 2240 2724 inaniumque

690 2752 913 2803 deorum
953 2748 1130 2801 cultus
1158 2746 1431 2815 dispersit,
1479 2756 1531 2800 ct
1581 2762 1645 2801 ex
1682 2747 1931 2816 gentibus
1982 2747 2239 2815 populum

692 2838 793 2893 sibi
827 2838 1152 2907 peculiarem
1189 2845 1348 2905 atque
1393 2846 1674 2905 acceptum
1722 2837 2020 2890 constituit.
2070 2836 2240 2906 Depo-

689 2931 795 2982 suit
817 2938 1046 2998 potentes
1083 2928 1146 2980 de
1173 2926 1310 2990 sede,
1338 2914 1385 2978 et
1408 2927 1659 2979 exaltavit
1689 2926 1908 2979 humiles
1941 2928 2008 2981 "‘.
2033 2926 2239 2993 Quibus

690 3034 820 3073 sane
844 3019 1043 3081 verbis,
1070 3016 1377 3071 Judaorum
1426 3015 1738 3084 eiectionem
1790 3027 1844 3069 et
1874 3005 2111 3084 gentium
2153 3020 2240 3071 in-

690 3110 1081 3173 troductionem
1116 3109 1348 3162 breviter
1392 3106 1588 3161 innuit.
1629 3104 1933 3159 Judaorum
1980 3107 2121 3159 enim
2157 3122 2242 3160 se-

695 3200 896 3262 niores,
932 3213 995 3252 ac
1019 3199 1208 3253 scriba
1230 3199 1283 3251 in
1308 3200 1442 3267 lege,
1484 3206 1536 3251 et
1569 3197 1662 3266 qui
1691 3197 1743 3250 in
1778 3197 1998 3266 reliquis
2038 3212 2241 3267 praro-

694 3289 888 3359 gativis
921 3303 984 3342 ac
1012 3287 1306 3357 privilegiis
1328 3289 1519 3345 divites
1549 3296 1722 3353 erant,
1754 3288 1897 3357 quod
1929 3288 2068 3341 male
2122 3289 2239 3341 suis

689 3380 894 3435 divitiis
921 3388 974 3434 et
994 3378 1249 3448 potentiis
1275 3379 1358 3431 usi
1399 3387 1614 3444 essent,
1654 3380 1782 3433 hinc
1825 3395 1920 3433 eos
1965 3380 2035 3433 ab
2085 3380 2235 3433 omni

691 3472 818 3526 sede
840 3471 1109 3540 deposuit,
1140 3469 1428 3540 prophetia
1454 3469 1714 3531 nimirum
1747 3485 1809 3523 ac
1830 3470 2144 3535 sacerdotii,
2169 3470 2241 3523 le-

689 3564 959 3633 gislatura
997 3574 1158 3631 atque
1201 3562 1491 3625 doctrinae,
1536 3560 1820 3629 opulentia
1855 3560 2236 3621 haereditaria,

691 3652 1075 3706 sacriﬁciorum
1105 3668 1165 3705 ac
1204 3652 1555 3707 festivitatum
1593 3651 1797 3719 copia,
1850 3651 2238 3721 dignitatisque

690 3742 870 3814 regia.
897 3740 992 3795 His
1019 3744 1267 3796 Omnibus
1294 3741 1635 3813 illi‘spoliati,
1669 3739 1885 3810 profugi
1914 3756 1976 3793 ac
2023 3742 2153 3794 nudi
2183 3744 2234 3794 in

686 3832 1052 3903 captivitatem
1080 3833 1231 3900 ejecti
1262 3845 1421 3897 sunt;
1451 3844 1503 3888 et
1542 3835 1755 3887 illorum
1816 3834 1959 3894 loco.
2006 3834 2233 3887 humiles

690 3938 754 3977 ex
786 3923 1035 3994 gentibus
1066 3922 1269 3991 populi,
1303 3924 1396 3990 qui
1418 3923 1682 3991 justitiam
1715 3924 2027 3978 esuriebant
2047 3964 2061 3989 ,
2091 3924 2236 3976 exal-

686 4019 782 4087 tati
817 4026 976 4070 sunt:
1011 4017 1268 4084 quoniam
1312 4014 1666 4067 humilitatem
1721 4029 1896 4089 suam,
1946 4025 2000 4076 et
2042 4016 2237 4069 divina

666 4091 1010 4173 'cognitionis
1035 4104 1253 4167 famem,
1278 4118 1385 4173 qua
1420 4094 1817 4167 detinebantur,
1858 4107 2231 4177 ostendentes,

686 4194 926 4246 divinum
966 4193 1220 4259 Verbum,
1253 4195 1393 4250 sicut
1418 4192 1721 4249 Chananaa
1749 4195 1919 4248 micas
1944 4196 2015 4261 ",
2049 4197 2233 4265 depre-

688 4284 989 4349 cabantur;
1056 4292 1107 4338 et
1162 4294 1440 4352 propterea
1494 4285 1799 4339 divinorum
1848 4284 2231 4354 mysteriorum

685 4374 871 4445 repleti
901 4382 1027 4427 sunt
1051 4373 1273 4427 divitiis.
1302 4372 1433 4426 Nam
1461 4376 1767 4430 universam
1806 4375 2115 4431 divinorum
2143 4376 2235 4430 bo-

688 4480 881 4518 norum
912 4472 1134 4523 sortem,
1166 4465 1256 4532 qui
1302 4478 1367 4516 ex
1413 4463 1635 4533 Virgine
1658 4476 1817 4520 natus
1866 4476 1949 4521 est
1980 4468 2228 4523 Christus

2341 677 2493 727 μου,
2548 660 2645 713 ἐπὶ
2693 659 2773 724 τῷ
2825 657 2946 725 Θεῷ
2994 658 3213 728 σωτῆρί
3259 677 3397 730 μου.
3443 660 3569 713 Ὀτι
3616 660 3882 727 ἐποίησέν

2341 767 2444 819 μοι
2490 750 2774 819 μεγαλεῖα
2822 753 2856 805 ό
2915 750 3167 817 δυνατὸς
3194 790 3209 816 ,
3239 746 3354 805 ’καὶ
3424 751 3593 821 ἄτιον
3655 750 3720 803 τὸ
3772 750 3883 803 ὄνο-

2341 858 2426 908 μα
2446 841 2645 894 αὑτοῦ.
2666 842 2935 908 ,Θεοτόκον
2961 841 3071 914 γὰρ
3092 843 3323 912 ποιήσας
3344 858 3431 913 με,
3454 843 3614 895 πάλιν
3641 841 3883 913 παρθένοι

2346 930 2657 998 διεφύλαξεν
2671 946 2685 960 ·
2711 933 2803 984 καὶ
2824 931 2914 984 διὰ
2933 931 3031 1001 τῆς
3052 933 3198 1003 ,ἐμῆς
3217 932 3471 1003 γαστρὸς,
3495 931 3690 1003 πασῶνὲ
3705 931 3885 999 γενεῶν

2346 1020 2424 1079 εἰς
2457 1019 2721 1089 ἀγιασμὸν
2752 1020 3246 1088 ἀκακεφαλαιοῦται
3282 1022 3344 1074 τὸ
3388 1021 3680 1091 πλήρωμα.
3717 1022 3884 1074 Iliam

2346 1107 2451 1177 γὰρ
2499 1106 2706 1177 ἡλικίαν
2751 1106 3081 1179 ηὖλόγησεν,
3131 1109 3336 1181 ἀνδρῶν
3384 1128 3442 1163 τε
3475 1112 3570 1164 καὶ
3612 1112 3885 1179 γυναικῶν,

2345 1198 2636 1251 νεανίσκων
2678 1198 2770 1252 καὶ
2817 1199 3047 1265 παίδων,
3105 1202 3197 1255 καὶ
3253 1202 3537 1271 γερόντων.
3586 1203 3887 1269 Ἐποίησεν

2347 1287 2566 1355 κράτος
2595 1288 2665 1340 ἐν
2687 1289 2963 1356 βραχίονι
2992 1290 3201 1361 αὐτοῦ,
3247 1291 3385 1363 ὑπὲρ
3419 1293 3593 1362 ἡμῶν,
3638 1294 3777 1345 κατὰ
3807 1292 3885 1345 τοῦ

2347 1379 2596 1441 θανάτου,
2625 1380 2719 1432 καὶ
2760 1380 2897 1433 κατὰ
2935 1380 3027 1451 τοῦ
3059 1380 3324 1444 διαϐόλου,
3361 1384 3452 1436 καὶ
3482 1384 3591 1435 τῶν
3623 1386 3887 1455 ἡμετέρων

2344 1469 2624 1541 ἁμαρτιῶν
2650 1469 2941 1542 διαρρήξας
2974 1470 3095 1542 [ᾶλρ
3127 1472 3399 1544 διέρρηξε]
3432 1474 3490 1526 τὸ
3525 1477 3883 1546 χειρόγραφον.

2344 1562 2766 1629 Διεσκόρπισεν
2802 1562 3220 1631 ὑπερηφάνους
3258 1564 3355 1617 διὰ
3389 1565 3622 1631 ἐννοίας
3662 1565 3890 1634 καρδίας

2348 1647 2453 1719 [ἀλ.
2483 1647 2715 1716 διανοίᾳ
2732 1647 2839 1716 τῆς
2853 1651 3120 1723 καρδίας]
3143 1651 3359 1708 αὐτῶν·
3388 1654 3556 1706 αὐτόν
3582 1671 3641 1706 τε
3671 1655 3760 1707 τὸν
3790 1654 3892 1707 διά-

2348 1738 2497 1791 ϐολον
2541 1740 2935 1811 διεσκόρπισεν,
2970 1742 3060 1794 καὶ
3104 1742 3308 1805 πάντας
3342 1743 3466 1807 τοὺς
3512 1733 3706 1816 ὲκείνιρ
3747 1764 3893 1819 στρα-

2347 1827 2594 1891 τεύοντας
2642 1829 2913 1899 δαίμονας.
2956 1822 3188 1893 Ἐκεῖνος
3229 1832 3334 1904 γὰρ
3366 1837 3433 1905 τῇ
3474 1835 3669 1906 καρδίᾳ
3705 1837 3895 1907 κυρίως

2346 1915 2413 1988 ἦν
2456 1919 2822 1990 ὑπερήφανος,
2864 1921 3049 1991 ἐπειδὴ
3098 1922 3272 1991 λέγειν
3318 1924 3630 1996 ἐτόλμησεν·
3683 1927 3894 1982 Ἐπόνω

2348 2008 2465 2062 τῶν
2495 2009 2765 2079 νεφελῶν
2788 2011 2892 2064 τοῦ
2920 2013 3174 2078 οὐρανοῦ
3206 2012 3370 2079 θήσω
3402 2014 3507 2067 τὸν
3533 2018 3748 2092 θρόνιν
3759 2035 3893 2085 μου,

2348 2102 2441 2156 καὶ
2480 2105 2691 2171 ἔσομαι
2719 2102 2917 2180 ὅμοιος
2945 2104 3021 2168 τῷ
3063 2105 3332 2173 Ὑψίστῳ.
3367 2106 3492 2170 Πῶς
3520 2108 3594 2159 es»
3616 2109 3709 2161 νῦν
3741 2108 3893 2162 αὐτὸν

2345 2195 2652 2258 διέσπασεν,
2685 2194 2771 2248 διὰ
2812 2194 2918 2247 τῶν
2962 2195 3085 2266 ἑξῆς
3115 2197 3143 2247 ὁ
3182 2204 3464 2270 προφήτης
3500 2200 3795 2269 ἐδήλωσεν,
3828 2201 3895 2252 είς
3976 2236 3983 2241 ι

2346 2288 2482 2340 πώνο
2512 2288 2641 2341 Νῦν
2665 2287 2733 2340 δὲ
2761 2285 2844 2353 εἰς
2874 2287 3023 2355 ᾅδην
3048 2290 3353 2359 καταϐήσῃ
3381 2290 3488 2361 [ἄλ.
3515 2296 3602 2357 είς
3632 2291 3779 2358 ᾅδου
3804 2309 3894 2344 κα-

2347 2376 2797 2449 ταϐιϐασθήσῃ],
2850 2379 2944 2432 καὶ
2994 2379 3169 2432 πάντα
3223 2380 3289 2433 τὰ
3354 2383 3738 2453 στρατεύματα
3787 2401 3889 2436 σου.

2347 2468 2626 2537 Πανταχοῦ
2656 2468 2761 2540 γὰρ
2791 2470 2914 2531 τοὺς
2943 2469 3154 2540 βωμοὺς
3187 2472 3367 2535 αὐτοῦ,
3402 2474 3493 2525 καὶ
3531 2473 3630 2536 τάξ
3668 2476 3775 2527 τῶν
3810 2495 3894 2545 μα-

2346 2557 2509 2609 ταίων
2552 2557 2687 2610 θεῶν
2737 2546 2988 2629 λατρείας
3041 2562 3440 2634 διεσκόρπισεν·
3488 2567 3581 2618 καὶ
3625 2568 3686 2634 ἐξ
3734 2568 3894 2620 ἐθνῶν

2346 2648 2470 2701 λαὸν
2501 2648 2802 2719 περιούσιον
2831 2651 3007 2722 ἑαυτῷ
3051 2656 3462 2711 κατεσκεύασεν.
3493 2658 3779 2718 Καθεῖλεν
3801 2658 3895 2711 δικι-

2344 2737 2571 2803 νάστας
2597 2739 2712 2792 ἀπὸ
2738 2740 2983 2806 θρόνων,
3014 2742 3109 2795 καὶ
3139 2744 3383 2811 ῧψωσεν
3418 2750 3749 2811 ταπεινούς.
3783 2748 3895 2799 Τοι-

2345 2829 2544 2901 γαροῦν
2586 2831 2683 2900 τὴν
2725 2831 2828 2884 τῶν
2893 2832 3156 2887 Ἰουδαίων
3202 2834 3457 2906 ἐκϐολὴν,
3508 2838 3602 2889 καὶ
3634 2830 3741 2905 τὴν
3781 2837 3894 2889 τῶν

2347 2921 2513 2975 ἐθνῶν
2556 2909 2863 2992 εἰσαγωγὴν
2911 2925 2968 2975 ἐν
3015 2925 3257 2994 ὲπιτόμῳ
3293 2928 3577 2997 ἐμήνυσεν.
3638 2928 3893 2981 Ἰουδαίων

2345 3010 2451 3081 γὰρ
2501 3012 2824 3082 πρεσϐύται,
2876 3000 2978 3079 καὶ
3020 3018 3361 3083 γραμματεῖς
3409 3017 3465 3067 ὲν
3516 3017 3686 3085 νόμῳ,
3738 3018 3912 3070 καὶοί

2346 3105 2463 3163 ταῖς
2515 3102 2725 3164 λοιπαῖς
2788 3102 3098 3173 πρεσϐείαις
3166 3104 3514 3169 πλουτοῦντες
3588 3108 3891 3179 ἐτύγχανον,

2344 3192 2532 3262 ὅτιπερ
2559 3192 2743 3255 κακῶς
2776 3194 2853 3263 τῷ
2888 3194 3095 3264 πλούτῳ
3123 3196 3214 3248 καὶ
3240 3198 3306 3265 τῇ
3353 3196 3637 3269 δυναστείᾳ
3662 3200 3895 3264 παρανό-

2348 3300 2461 3350 μως
2494 3283 2803 3353 ἐκέχρηντο,
2840 3285 3085 3339 ἐντεῦθεν
3116 3287 3309 3351 αὐτοὺς
3344 3289 3451 3342 ἀπὸ
3484 3290 3892 3363 παντὸςθρόνου

2346 3372 2609 3439 καθεῖλεν,
2643 3372 2972 3447 προφητείας
3005 3395 3062 3430 τε
3099 3379 3189 3431 καὶ
3225 3379 3538 3450 ἱερωσύνης,
3585 3382 3894 3451 νομοθεσίας

2341 3480 2400 3514 τε
2456 3466 2548 3518 καὶ
2580 3467 2943 3537 διδασκαλίας,
2969 3469 3063 3522 καὶ
3084 3470 3332 3542 πατρῴου
3350 3473 3599 3537 πλούτου,
3623 3474 3818 3526 θυσιῶν
3840 3490 3894 3524 τε

2343 3557 2436 3609 καὶ
2466 3556 2699 3627 πλήθους
2726 3559 2944 3628 ἑορτῶν,
2972 3561 3064 3613 καὶ
3095 3561 3187 3614 τοῦ
3218 3562 3317 3632 τῆς
3350 3563 3624 3632 βασιλείας
3662 3564 3895 3633 ἀξιώμα·

2338 3664 2445 3709 τος.
2490 3646 2703 3733 Τούτων
2751 3650 3004 3701 ἁπάντων
3041 3652 3235 3703 ἐκεῖνοι
3280 3654 3460 3716 κενοὶ,
3510 3654 3603 3706 καὶ
3645 3653 3895 3729 φυγάδεςν

2339 3742 2431 3792 καὶ
2462 3741 2656 3811 γυμνοὶ
2696 3742 2775 3805 είς
2816 3742 3183 3812 αἰχμαλωσίαν
3211 3743 3670 3817 ὲξαπεστὰλησαψ
3708 3763 3891 3798 ταπει-

2339 3833 2417 3883 νοὶ
2459 3832 2536 3894 δὲ,
2572 3832 2684 3884 ἀντ’
2726 3831 2923 3896 αρτῶν,
2963 3835 3009 3884 οἱ
3059 3832 3116 3898 ἐξ
3160 3832 3325 3886 ἐθνῶν
3370 3836 3507 3899 λαοὶ,
3560 3837 3896 3907 δικαιοσύνην

2340 3922 2643 3984 πεινῶντες,
2678 3921 2984 3991 ύψὼθησαν·
3015 3922 3199 3993 ἐπειδὴ
3249 3924 3345 3993 τὴν
3390 3926 3598 3979 ἑαυτῶν
3638 3930 3897 3981 ταπείνω-

2344 4027 2446 4073 σιν,
2474 4013 2570 4063 καὶ
2598 4013 2685 4063 τὸν
2730 4013 3019 4084 συνέχοντα
3052 4013 3246 4077 αὐτοὺς
3273 4013 3373 4082 τῆς
3401 4014 3721 4082 θεογνωσίας
3745 4020 3897 4087 λιμὸν

2341 4100 2722 4164 ἐπιδείξαντες,
2757 4103 2849 4155 τοῦ
2890 4102 3029 4155 θείου
3074 4102 3251 4169 λόγου,
3294 4102 3447 4172 δίκην
3486 4104 3699 4174 ψιχίων,
3733 4106 3895 4157 καθάο

2339 4210 2445 4261 περ
2471 4193 2767 4257 Χαναναία,
2800 4195 3144 4266 ἐπρέσϐευον·
3174 4194 3267 4245 καὶ
3291 4193 3378 4246 διὰ
3410 4195 3584 4261 τοῦτο,
3621 4198 3711 4249 τοῦ
3740 4197 3898 4250 πλούι

2338 4300 2429 4334 του
2472 4284 2576 4337 τῶν
2622 4284 2777 4339 θείων
2835 4284 3143 4356 μυστηρίων
3195 4283 3567 4355 ἐπλήσθησαν·
3626 4289 3743 4340 ὅλον
3791 4287 3897 4354 γὰρ

2339 4375 2425 4426 τὸν
2460 4375 2658 4446 κλῆρον
2692 4378 2795 4430 τῶν
2822 4377 2979 4431 θείων
3004 4375 3222 4443 ἀγαθῶν
3246 4378 3273 4428 ὁ
3302 4377 3365 4428 ἐκ
3387 4377 3659 4447 Παρθένου
3691 4377 3897 4445 τεχθεὶς

2340 4467 2567 4536 Χριστὸς
2629 4471 2657 4520 ὁ
2702 4469 2831 4530 Θεὸς
2874 4467 3061 4536 ἡμῶν,
3108 4470 3186 4530 εἰς
3232 4468 3298 4521 τὰ
3345 4467 3471 4537 ἔθνη
3512 4469 3893 4538 μετατέοηκεν.

687 4549 822 4609 Deus
867 4564 1065 4620 noster,
1111 4554 1163 4607 in
1213 4564 1396 4625 gentes
1443 4556 1733 4611 transtulit.
1776 4557 2013 4627 Suscepit
2064 4560 2233 4615 Israel

2356 4558 2718 4611 Ἄντελάὸετο
2788 4558 3278 4623 ’1σραὴλ”παιὸὸς
3322 4560 3525 4612 αὐτοῦ’
3572 4561 3662 4611 καὶ
3698 4560 3761 4610 ού
3808 4556 3895 4609 τοῦ

683 4661 901 4713 puerum
930 4662 1080 4698 suum
1107 4647 1182 4707 ’⁷,
1236 4655 1289 4699 et
1345 4662 1450 4699 non
1505 4647 1749 4714 quemvis
1803 4646 2093 4715 lsraelem,
2146 4656 2237 4707 sed

2342 4650 2583 4718 τυχόντος
2627 4650 2859 4721 Ἰσραήλ’
2896 4649 3028 4702 ἀλλὰ
3074 4650 3165 4701 τοῦ
3202 4652 3385 4713 παιδὸς
3421 4651 3604 4712 αὑτοῦ,
3644 4652 3792 4710 ὅστις
3824 4649 3898 4715 τῷ

682 4750 913 4804 puerum
938 4750 1131 4799 suum;
1158 4735 1249 4803 qui
1297 4737 1467 4803 reipsa
1507 4734 1718 4791 lsraelis
1748 4737 2077 4791 nobilitatem
2112 4742 2202 4795 illu
2222 4772 2238 4782 -

683 4834 856 4879 strat:
891 4834 1047 4893 atque
1079 4828 1197 4880 ideo
1233 4827 1404 4893 ipsum
1433 4825 1596 4877 filium
1621 4834 1674 4878 et
1720 4828 1979 4879 baredem
2015 4827 2102 4880 Dei
2136 4830 2234 4883 Ge-

682 4915 846 4968 nitrix
879 4915 1163 4982 appellavit
1194 4916 1288 4986 [αι.
1315 4914 1650 4991 declaravit].
1678 4916 1814 4969 Cum
1857 4918 2001 4968 enim
2042 4919 2093 4969 in
2149 4920 2235 4971 lit-

682 5016 793 5058 tera
840 5012 894 5057 et
964 5005 1077 5072 lege
1141 5005 1286 5057 illum
1346 5007 1677 5058 laborantem
1744 5006 2075 5068 invenisset,
2139 5022 2234 5074 per

683 5088 907 5162 gratiam
938 5096 1166 5149 voravit.
1189 5093 1373 5147 Talem
1408 5097 1567 5163 igitur
1599 5095 1847 5149 lsraelem
1877 5112 2095 5155 vocans,
2121 5113 2237 5148 sus-

684 5188 835 5252 cepit,
861 5186 1161 5238 recordatus
1199 5185 1567 5237 misericordite
1592 5204 1718 5241 sum.
1748 5186 1894 5241 Sicut
1921 5187 2125 5239 locutus
2155 5197 2231 5239 est

685 5278 753 5327 ad
779 5286 951 5343 patres
978 5285 1199 5355 nostros,
1234 5275 1528 5337 Abraham,
1570 5288 1618 5329 et
1664 5281 1845 5331 semini
1883 5284 1993 5350 ejus
2027 5282 2082 5333 in
2127 5298 2231 5333 sm-

685 5367 887 5420 cula“.
923 5368 979 5421 In
1010 5369 1195 5437 paucis
1235 5369 1395 5437 igitur
1439 5369 1587 5421 hisce
1629 5370 1976 5438 dictionibus,
2017 5374 2233 5427 univer-

684 5473 805 5511 sum
858 5459 1271 5525 dispensationis
1314 5461 1690 5527 complectitur
1735 5466 2089 5532 tnystcriumr
2118 5462 2229 5516 Sal-

687 5562 809 5601 vare
846 5549 1040 5617 quippe
1066 5566 1233 5619 genus
1257 5552 1575 5613 humanum,
1602 5562 1654 5604 et
1691 5560 2069 5609 testamentum
2103 5570 2223 5607 cum

2338 4740 2481 4811 ἔργῳ
2528 4740 2850 4807 ὲξευγενίζει
2904 4741 2995 4792 τοῦ
3047 4741 3255 4811 Ἰσραὴλ
3298 4743 3394 4811 τὴν
3440 4743 3729 4809 εὐγένειαν.
3792 4741 3897 4791 Καὶ

2333 4831 2423 4882 διὰ
2461 4828 2634 4893 τοῦτο,
2672 4830 2833 4882 παῖδα
2885 4830 2975 4881 καὶ
3024 4830 3352 4901 κληρονόμον
3388 4830 3548 4881 αὑτὸν
3583 4830 3897 4899 ήΘευτόκος

2335 4924 2591 4975 ἐκάλεσεν
2633 4921 2753 4991 [ἀλ.
2802 4920 3103 4991 ὲδήλωσεν].
3146 4922 3433 4988 Κάμνοντα
3481 4920 3593 4991 γὰρ
3623 4919 3798 4988 εὑρὼν
3823 4917 3898 4986 τῷ

2340 5014 2644 5085 γράμματι,
2678 5010 2769 5063 καὶ
2797 5010 2871 5078 τῷ
2892 5012 3037 5080 νόμῳ
3068 5012 3357 5071 κοπιῶντα,
3404 5012 3468 5077 τῇ
3507 5009 3683 5077 χάριτι
3728 5023 3897 5075 παρε-

2340 5106 2582 5157 κάλεσεν·
2618 5100 2808 5152 οὐκοῦν
2834 5101 2921 5151 τὸν
2947 5100 3176 5153 τοιοῦτον
3216 5099 3425 5168 Ἰσραὴλ
3453 5099 3703 5157 καλέσας,
3733 5100 3899 5149 (Irre-

2338 5196 2551 5249 .ld6’eto
2579 5235 2592 5256 ,
2641 5193 2979 5260 μνησθῆναι
3036 5180 3276 5257 ἐλέους.
3339 5190 3541 5253 Καθὼς
3591 5190 3896 5256 ἐλάλησεν

2340 5288 2489 5353 πρὸς
2520 5284 2659 5348 τοὺς
2687 5283 2938 5350 πατέρας
2970 5284 3152 5352 ἡμῶν,
3180 5281 3260 5345 τῷ
3294 5280 3556 5347 Ἀϐραὰμ,
3587 5280 3681 5331 καὶ
3708 5282 3895 5347 astip-

2334 5393 2472 5444 ματι
2504 5374 2706 5435 αὑτοῦ,
2745 5374 2852 5439 ἕως
2899 5374 3127 5437 αἰῶνος.
3168 5372 3255 5423 Ἐν
3290 5372 3507 5433 ταύταις
3554 5371 3609 5423 δὲ
3633 5374 3756 5434 ταῖς
3797 5373 3896 5423 ὀλί-

2338 5486 2460 5534 γαις
2492 5467 2717 5530 λέξεσιν,
2765 5466 2881 5517 ὅλον
2924 5465 2985 5517 τὸ
3030 5464 3128 5531 τῆς
3176 5463 3482 5532 οἰκονομίας
3532 5464 3899 5534 ἀναλαμϐάνει

2340 5558 2651 5625 μυστήριον.
2697 5556 2967 5609 Διασῶσαι
3011 5553 3117 5621 γὰρ
3148 5551 3207 5602 τὸ
3239 5551 3389 5618 γένος
3432 5567 3540 5603 των
3574 5553 3898 5623 ἀνθρώπων,

757 5755 799 5826 ξθ
833 5752 959 5806 Luc.
996 5754 1123 5826 t,_46
1158 5774 1303 5824 seqq.
1375 5760 1413 5787 "
1441 5757 1575 5811 ibid.
1609 5759 1693 5811 5|.
1770 5760 1811 5786 "
1839 5760 1964 5813 Ibid.
2038 5760 2209 5813 ’³1δ2.

2342 5762 2464 5826 ,14.
2545 5761 2739 5814 “ibid.
2776 5762 2858 5814 15.
2937 5758 3129 5813 “Luc.
3170 5775 3206 5821 ι,
3238 5758 3323 5811 52.
3398 5760 3441 5788 ’⁸
3460 5758 3648 5813 Matth.
3687 5776 3783 5823 xv,
3815 5755 3901 5810 ΞἸ.

688 5822 730 5854 ⁸⁷
762 5822 885 5874 Luc.
928 5839 963 5887 ι,
994 5823 1077 5875 54.
1156 5822 1350 5880 "Ibid.
1380 5828 1445 5881 54
1494 5828 1559 5879 55
